2069 3207
243 191 297 222 ‘35

640 196 666 224 J.
688 196 872 225 PEARSONII
894 197 1057 225 VllVDlCM'S
1079 197 1290 226 ΙϐΝΑἸΊΑΝιΕ.
1317 214 1344 221 ν
1365 198 1454 226 PARS
1471 198 1503 226 ll.

1823 199 1875 228 454

248 262 258 278 ι
284 252 364 286 Quod
378 254 452 282 enim
468 262 524 283 non
539 256 693 291 periculum
707 261 830 285 metuere
844 258 977 286 debemus
1001 258 1028 285 de

1087 259 1217 292 haeretici,
1228 259 1259 286 τὸ
1272 259 1360 295 λέγειν
1375 259 1455 286 αὑτὸν
1471 259 1618 286 ἐπίσκοπον
1631 258 1676 286 καὶ
1690 260 1874 295 πρεσϐύτερον

243 298 348 338 cliensa
372 299 496 334 Domini,
511 303 623 337 quando
640 303 725 337 aliqui
739 304 773 331 de
792 304 972 339 presbyteris,
986 312 1036 332 nec

243 344 383 383 Evangelii
413 355 464 376 nec
490 348 542 375 loci
565 349 608 376 sui
635 356 782 382 memores,
807 350 854 377 sed
878 357 968 384 neque
993 349 1036 377 fu-

244 397 336 420 turum
356 393 462 421 Domini
475 394 621 429 judicium,
639 403 727 430 neque
743 403 817 422 nunc
833 394 886 423 sibi
903 396 1034 430 prteposi-

244 443 302 466 tum
317 440 478 475 episcopum
495 441 657 476 cogitantes,
670 441 745 476 quod
763 450 903 477 nunquam
921 443 1035 470 omnino

242 485 295 513 sub
320 487 542 514 antecessoribus
569 487 670 515 factum
699 492 751 521 est,
782 494 868 516 totum
898 489 950 516 sibi
976 490 1034 517 vin-

241 531 356 559 dicent?
366 541 375 558 ι

278 577 389 606 Scimus
404 584 496 607 autem
516 584 543 607 et
557 580 668 607 eosdem
689 588 742 608 non
759 581 850 608 minus
865 582 1032 610 commoveri

241 632 305 652 cum
319 626 434 654 audiunt
449 627 517 654 Illud
532 627 561 654 S.
577 627 654 654 Pauli
668 636 675 652 :
696 628 787 654 Omnis
809 629 899 654 ultima
914 634 1033 662 potesta-

243 671 318 698 tibus
335 672 537 699 sublimioribus
549 672 656 700 subdita
671 674 705 700 sit
718 673 751 705 δ’,
768 678 815 700 aut
831 673 896 701 illud
911 674 938 701 S.
949 674 1030 702 Petri:

242 714 350 744 Slbditi
375 722 458 744 estote
478 719 532 753 regi
560 719 637 754 quasi
653 718 814 753 pra’cellenti
829 720 868 753 5°;
888 728 941 747 non
959 721 1032 755 quod

241 763 369 797 ignorent
389 771 451 798 qua:
466 768 614 797 potestates
632 765 823 799 sublimioreS,
840 771 888 793 aut
907 768 969 802 quis
986 776 1030 795 rex

240 808 295 842 sit,
319 808 366 835 sed
389 809 462 843 quod
486 817 547 844 quae
567 809 604 837 sit
624 810 757 845 subjectio
779 811 944 845 Christiana,
972 821 1033 847 quae

240 853 396 882 obedientia
413 863 445 882 ex
463 855 602 890 Evangelii
623 856 729 891 legibus
750 857 852 891 debita,
879 859 966 886 nolint
989 860 1031 886 in-

240 899 372 936 telligere.
391 901 450 929 Alia
466 903 580 930 secundi
598 903 692 931 saeculi
703 903 925 933 Christianorum
942 914 1030 939 mens,

238 945 312 973 alius
327 946 439 974 animus
453 946 520 979 fuit;
537 947 570 974 ad
587 948 785 983 subjectionem
806 955 832 977 et
849 951 1031 978 obedientiam

239 993 424 1027 prastandam
451 993 620 1028 paratissimi
644 994 773 1028 fuerunt,
798 997 899 1031 quibus
924 1005 955 1024 ea
982 998 1032 1024 tri-

240 1038 349 1066 luenda
371 1043 443 1066 esset
468 1047 523 1066 non
548 1039 723 1074 ignorabant.
751 1041 847 1070 Miram
870 1043 953 1078 igitur
978 1044 1031 1072 illis

238 1085 392 1113 orationem
408 1085 553 1112 substituit
569 1086 697 1120 Dalleus,
719 1096 821 1123 eosque
838 1097 885 1124 per
900 1098 1032 1125 prosopo—

240 1132 333 1166 peiam
355 1131 396 1160 sic
414 1132 674 1160 submurmurantes
706 1140 884 1168 repraesentat
903 1145 909 1162 ε
933 1146 941 1162 ι
957 1137 1031 1170 Quos

238 1185 305 1207 vero
318 1178 369 1206 iste
381 1178 464 1206 nobis
480 1178 623 1214 (dicerent)
636 1189 646 1205 ι
675 1180 860 1216 presbyteros,
880 1192 890 1207 ‹
906 1187 933 1209 et
948 1191 1029 1217 quem

238 1227 355 1251 narrat»
380 1223 563 1258 episcopum?
580 1223 643 1251 Haec
671 1230 762 1252 autem
787 1230 817 1252 ut
840 1227 878 1254 illi
899 1228 1029 1260 dicerent,

238 1269 288 1304 qui
310 1269 434 1304 quotidie
455 1277 518 1296 cum
538 1271 709 1306 presbyteris
731 1276 758 1299 et
779 1273 908 1308 episcopo
931 1281 982 1301 suo
1003 1274 1029 1300 in

238 1322 325 1342 unum
346 1315 567 1343 conveniebant?
585 1317 633 1351 qui
651 1318 753 1352 optime
774 1324 877 1346 norunt
889 1320 1029 1355 presbyte-

235 1367 285 1388 ros
296 1367 362 1388 suos
375 1368 410 1388 eo
425 1361 537 1389 nomine
555 1361 661 1389 censeri
677 1366 741 1390 tunc
757 1363 867 1396 solitos,
894 1372 909 1391 a
922 1365 1030 1391 nemine

235 1409 330 1434 autem
345 1407 491 1442 episcopos
512 1408 585 1435 dici?
601 1408 665 1436 Haec
682 1413 711 1435 ut
729 1409 1029 1445 dicerent-presbyteri,

235 1450 285 1486 qui
310 1450 403 1479 locum
426 1460 510 1479 suum
532 1454 595 1487 jnon
620 1453 799 1488 ignorabant,
822 1459 850 1482 et
873 1463 958 1482 unum
976 1456 1029 1482 sibi

235 1497 413 1532 prmpositum
431 1499 617 1533 agnoscebant
634 1508 716 1535 quem
735 1505 762 1527 et
772 1501 932 1536 episcopum
948 1509 1030 1528 voca-

236 1543 314 1577 bant,
335 1543 387 1571 sibi
405 1544 472 1572 illud
491 1553 591 1572 nomen
610 1546 723 1573 minime
741 1547 930 1575 vindicantes?
948 1547 1029 1574 Blon-

234 1589 326 1618 dellls
351 1590 411 1625 ipse
434 1590 534 1618 fatetur
561 1591 649 1619 fuisse
680 1596 745 1619 tunc
772 1594 903 1628 temporis
932 1602 1028 1626 unum,
1043 1612 1066 1642 Ο

234 1643 318 1672 quem
336 1637 364 1664 in
385 1646 395 1663 ι
407 1645 575 1673 unoquoque
588 1645 659 1668 coetu
674 1641 808 1675 primatus
821 1640 1003 1675 contingebat,
1017 1650 1025 1665 ι

233 1682 282 1710 cui
303 1691 315 1708 «
332 1683 429 1718 prima!
444 1678 581 1713 cathedrae
595 1686 812 1721 praesidialisque
825 1686 969 1720 potestatis
983 1686 1029 1720 jus

234 1733 405 1756 reservatum
424 1734 476 1762 est,
494 1739 503 1756 ι
519 1731 567 1766 qui
590 1741 599 1757 ε
611 1732 719 1767 collegii
734 1732 853 1766 primum
875 1732 1028 1758 membrum

233 1779 264 1802 es
276 1774 455 1803 honorarium
471 1781 562 1812 caput,
574 1787 584 1802 ι
603 1777 649 1812 qui
669 1787 678 1803 ‹
690 1777 851 1812 presbyterii
866 1777 1029 1811 praepositus

233 1825 264 1850 ct
279 1821 406 1858 ιξαρχος,
425 1827 453 1849 et
469 1823 535 1850 cieri
551 1823 636 1851 totius
649 1829 732 1858 caput
745 1833 755 1849 ι
776 1823 837 1856 fuit,
852 1823 899 1858 qui
920 1832 929 1848 ι
947 1831 962 1850 a
976 1823 1029 1850 Do-

233 1868 312 1896 mino
327 1869 387 1904 ipso
401 1869 429 1896 in
440 1869 568 1897 Asiaticis
580 1869 708 1897 Ecclesiis
723 1879 732 1895 ι
743 1870 857 1905 angelus
865 1870 955 1897 dictus
969 1874 1026 1902 est;

233 1920 271 1940 an
283 1912 358 1940 hunc
371 1913 540 1949 presbyteri,
559 1914 607 1949 qui
622 1915 675 1942 sub
692 1915 739 1941 illo
759 1919 888 1949 tanquam
914 1914 966 1942 sub
981 1922 1028 1941 ca-

233 1958 291 1994 pite
309 1959 456 1992 vivebant,
485 1966 683 1994 recognoscere
706 1968 762 1987 non
781 1964 940 1994 potuerunt,
963 1968 1026 1987 cum

234 2013 298 2033 eum
313 2005 472 2041 episcopum
489 2006 654 2041 appellatum
667 2006 804 2033 audirent.
819 2005 898 2033 Certe
912 2005 1028 2033 Ambro-

234 2051 346 2084 sisster,
361 2052 441 2086 cujus
459 2052 618 2080 testimonio
638 2052 765 2079 innititur
777 2051 909 2079 Blondelli
923 2056 950 2079 et
967 2051 1027 2079 Sal-

234 2097 316 2125 masii
332 2097 367 2125 de
380 2097 471 2132 primo
490 2097 649 2133 presbytero
661 2098 820 2131 _sententia,
835 2098 947 2125 nomina
970 2098 1027 2133 epi-

234 2143 313 2178 scopi
332 2146 360 2170 et
377 2142 529 2177 presbyteri
549 2142 639 2170 divisa
660 2148 688 2170 et
702 2143 830 2170 distincta
854 2143 941 2171 fuiSse
963 2148 1027 2171 ante

234 2195 338 2217 annum
359 2187 472 2223 Trajani
490 2189 628 2216 decimum
651 2194 769 2217 testatur
792 2197 798 2215 :
827 2199 836 2215 ι
857 2189 946 2217 Beatis
962 2198 1026 2216 vero

235 2233 370 2268 apostolis
390 2233 602 2267 decedentibus,
625 2234 664 2262 illi
678 2234 726 2269 qui
744 2239 807 2269 post
822 2235 885 2262 illos
906 2235 1025 2262 ordinati

1087 303 1144 332 ἴσον
1160 303 1239 337 εἶναι,
1255 310 1282 332 et
1302 315 1307 332 :
1325 306 1357 332 Τί
1374 307 1447 332 ἐστιν
1466 306 1615 338 ἐπίσκοπος
1633 306 1701 340 πρὸς
1720 306 1873 342 πρεσϐύτε-

1088 359 1150 387 ρον;
1169 352 1244 378 οὐδὲν
1260 351 1412 378 διαλλάττει
1428 348 1505 383 οὗτος
1522 352 1626 379 τούτου.
1648 351 1712 379 Haec
1734 357 1799 380 sunt
1820 352 1873 380 Ao-

1086 400 1169 426 rianze
1184 400 1318 427 hzercseos
1342 399 1433 431 effata,
1455 403 1517 426 ante
1538 404 1667 434 quartum
1691 399 1822 426 saeculum
1845 398 1872 426 in

1086 444 1207 472 Ecclesia
1222 445 1353 472 inaudita.
1370 443 1430 471 Non
1447 444 1526 471 aliter
1540 452 1591 471 nos
1606 444 1632 470 in
1645 443 1696 470 hac
1710 451 1739 470 re
1754 443 1872 470 instituti

1086 497 1192 522 sumus,
1207 498 1260 517 non
1280 490 1334 517 alio
1349 490 1445 516 horum
1456 489 1652 516 vocabulorum
1665 496 1747 516 sensu
1762 488 1871 521 imbuti,

1085 544 1166 571 quam
1182 535 1293 563 fuerunt
1313 535 1425 563 secundi
1443 535 1535 562 saeculi
1555 534 1658 562 fideles.
1673 533 1776 561 Eorum
1790 538 1872 561 aetate

1084 589 1169 609 unum
1183 582 1258 608 illum
1272 581 1319 615 qui
1334 581 1362 608 in
1377 580 1510 615 cujusque
1526 579 1647 606 ecclesia:
1659 579 1732 606 clero
1746 586 1872 606 summus

1083 632 1159 659 erat,
1180 628 1355 662 episcopum;
1375 630 1487 653 caeteros
1508 625 1624 660 proximi
1647 625 1682 652 ab
1700 625 1753 652 hoc
1769 625 1871 660 gradus

1084 672 1258 707 presbyteros
1287 679 1341 698 non
1366 670 1510 705 episcopos
1536 670 1624 697 dictos
1652 677 1713 697 esse
1732 669 1870 702 novimus,

1083 724 1109 746 et
1121 719 1178 753 jam
1194 722 1256 745 ante
1271 717 1500 750 monstravimus;
1516 716 1582 744 satis
1597 716 1679 751 igitur
1692 716 1760 743 bene
1775 723 1869 742 eorum

1085 769 1237 799 temporum
1271 764 1363 791 fideles
1392 767 1418 790 et
1444 762 1598 797 presbyteri
1631 763 1683 789 hoc
1706 766 1869 796 praeceptum

1084 812 1113 839 S.
1125 811 1221 847 lgnatii
1238 810 1433 845 intelligebant,
1453 817 1504 836 nec
1521 810 1554 837 ad
1573 809 1721 837 cavendam
1738 808 1870 835 offensio-

1083 865 1144 884 nem
1164 856 1297 884 monitore
1319 856 1485 890 indigebant.
1510 854 1644 888 Quoniam
1658 861 1723 881 vero
1738 861 1792 880 non
1809 858 1870 880 tan-

1084 909 1141 932 tum
1161 903 1235 930 illius
1249 903 1336 930 relatis
1355 910 1446 935 usum,
1465 902 1512 929 sed
1528 905 1555 928 et
1567 901 1752 936 apostolorum
1779 900 1870 926 imita-

1046 940 1070 969 Β
1086 949 1186 976 tionem
1207 949 1233 975 in
1248 947 1411 975 confusione
1427 947 1569 978 nominum
1592 938 1679 981 urget,
1695 945 1870 980 scriptorem-

1083 1003 1136 1030 que
1150 994 1329 1029 epistolarum
1362 1003 1371 1018 ι
1386 992 1488 1020 diversi
1514 993 1548 1019 ab
1577 992 1708 1027 apostolis
1734 991 1870 1019 sermonis

1082 1041 1234 1071 hominem,
1250 1049 1259 1065 ›
1285 1039 1340 1066 imo
1358 1049 1366 1065 ι
1379 1039 1521 1074 apostolici
1535 1038 1671 1066 sermonis
1686 1043 1867 1065 correctorem

1081 1090 1109 1113 et
1120 1086 1323 1114 emendatorem
1337 1095 1346 1110 ι
1364 1085 1490 1120 appellat,
1515 1084 1631 1118 ideoque
1650 1091 1713 1111 eum
1736 1084 1867 1112 charissi-

1082 1140 1156 1160 mum
1176 1137 1259 1167 atque
1283 1131 1559 1159 observantissimum
1584 1130 1771 1165 apostolorum
1785 1130 1868 1158 disci-

1081 1181 1175 1215 pulum
1197 1179 1332 1215 lgnatium
1358 1186 1419 1206 esse
1447 1182 1543 1212 negat;
1565 1184 1654 1212 opera:
1677 1176 1793 1211 pretium
1826 1184 1869 1203 me

1081 1226 1218 1254 facturum
1244 1226 1348 1261 putavi,
1373 1224 1396 1252 si
1416 1224 1586 1252 ostenderem
1614 1231 1696 1258 porro
1719 1223 1778 1250 haec
1799 1223 1867 1250 nihil

1081 1272 1210 1308 ponderis
1221 1276 1383 1308 argumento
1399 1271 1509 1302 addere,
1525 1278 1614 1306 neque
1630 1278 1806 1305 quemquam,
1820 1270 1867 1305 qui

1082 1318 1195 1346 secundi
1211 1318 1302 1345 saeculi
1317 1321 1345 1344 et
1359 1324 1449 1344 mores
1468 1321 1496 1344 et
1508 1317 1637 1351 loquendi
1658 1316 1768 1343 modum
1785 1322 1869 1342 nove-

1080 1365 1126 1397 rit,
1141 1364 1182 1391 vel
1197 1363 1290 1390 leviter
1303 1370 1410 1390 movere
1425 1370 1515 1397 posse.

1115 1409 1323 1437 Observandum
1350 1409 1423 1436 enim
1445 1413 1486 1436 est
1507 1408 1596 1443 primo
1626 1408 1730 1434 nullum
1756 1407 1868 1435 secundi

1080 1456 1121 1483 vel
1140 1455 1222 1483 etiam
1239 1456 1310 1483 tertii
1327 1456 1419 1483 saeculi
1447 1455 1608 1489 scriptorem
1628 1454 1655 1480 in
1676 1453 1785 1488 scriptis
1801 1461 1868 1487 apo-

1080 1503 1184 1530 stolicis
1200 1502 1315 1530 confusa
1331 1509 1393 1529 esse
1408 1502 1517 1528 nomina
1539 1501 1661 1535 episcopi
1675 1504 1702 1526 et
1717 1499 1866 1534 presbyteri

1080 1549 1253 1576 observasse.
1270 1548 1346 1582 Quod
1368 1548 1390 1575 si
1406 1555 1500 1575 verum
1520 1548 1566 1579 sit,
1586 1546 1665 1574 fateri
1684 1554 1795 1573 necesse
1814 1551 1867 1577 est,

1080 1603 1128 1623 eos
1142 1595 1323 1630 apostolicum
1341 1602 1498 1622 sermonem
1519 1594 1620 1620 imitari
1632 1601 1686 1620 non
1702 1593 1824 1627 potuisse
1839 1593 1866 1619 in

1080 1648 1112 1669 ea
1127 1649 1166 1674 re,
1181 1648 1264 1676 quam
1280 1640 1331 1675 ipsi
1354 1648 1408 1667 non
1423 1639 1560 1667 viderunt.
1581 1638 1679 1665 Verum
1701 1645 1791 1665 autem
1807 1645 1868 1665 esse

1079 1691 1109 1714 ut
1121 1687 1242 1718 credam,
1257 1687 1342 1713 multa
1355 1686 1531 1721 persuadent.
1550 1685 1640 1719 Atque
1653 1683 1720 1710 illud
1733 1683 1868 1718 imprimis

1080 1733 1226 1760 observatu
1252 1732 1375 1767 dignum,
1402 1732 1472 1758 inter
1495 1731 1605 1758 Graecos
1631 1729 1725 1756 Patres
1747 1730 1866 1764 primum

1081 1778 1109 1806 S.
1126 1779 1367 1814 Chrysostomum,
1394 1777 1466 1804 inter
1494 1776 1606 1803 Latinos
1632 1780 1678 1802 aut
1706 1775 1866 1802 Ambrosia-

1079 1828 1178 1856 strum,
1194 1827 1241 1850 aut
1254 1822 1448 1857 Hieronymum
1462 1822 1563 1849 diserte
1581 1821 1736 1853 tradidisse,
1751 1820 1866 1848 confusa

1078 1877 1140 1896 esse
1154 1869 1265 1896 nomina
1279 1868 1398 1903 episcopi
1418 1872 1445 1894 et
1459 1867 1610 1902 presbyteri
1633 1866 1659 1893 in
1675 1866 1784 1900 scriptis
1800 1874 1868 1900 apo—

1079 1916 1194 1943 stolicis.
1209 1913 1303 1949 Neque
1312 1914 1385 1942 enim
1401 1921 1568 1948 quemquam
1585 1920 1637 1939 nos
1650 1912 1764 1944 scimus,
1777 1919 1867 1946 neque

1077 1962 1130 1989 viri
1142 1962 1213 1989 docti
1227 1961 1273 1996 qui
1288 1969 1303 1987 a
1316 1960 1394 1988 nobis
1407 1960 1583 1992 dissentiunt,
1598 1958 1688 1986 adhuc
1699 1965 1866 1993 quemquam

1078 2008 1266 2040 nominarunt,
1280 2007 1327 2042 qui
1347 2006 1418 2033 idem
1434 2010 1497 2033 ante
1519 2013 1567 2032 eos
1580 2004 1765 2032 aﬂirmaverit.
1787 2004 1822 2030 At
1838 2004 1866 2031 hi

1077 2058 1206 2089 vergente
1226 2053 1282 2088 jam
1304 2052 1337 2079 ad
1362 2053 1442 2079 finem
1468 2055 1568 2086 quarto
1593 2051 1693 2078 saeculo
1715 2050 1864 2085 scripsere;

1077 2104 1105 2127 et
1130 2104 1193 2127 ante
1219 2106 1267 2126 eos
1299 2098 1410 2133 scripsit
1436 2097 1627 2132 Epiphanius,
1652 2097 1698 2131 qui
1727 2097 1865 2123 contraria

1076 2146 1171 2173 omnia
1186 2145 1291 2173 docuit.
1313 2144 1382 2172 Cum
1404 2144 1477 2171 enim
1493 2144 1592 2171 Aerius
1607 2151 1640 2170 ex
1657 2151 1783 2170 sermone
1798 2150 1865 2178 apo-

1077 2192 1174 2219 stolico
1197 2191 1352 2224 doeuisset,
1377 2188 1446 2217 εῐναι
1474 2189 1518 2216 τὸν
1542 2189 1623 2215 αὑτὸν
1644 2188 1803 2220 ἐπίσκοπον,
1820 2187 1866 2214 τὸν

1076 2237 1155 2263 αὑτὸν
1172 2236 1368 2272 πρεσϐύτερον,
1386 2236 1438 2262 hoc
1451 2243 1484 2262 ex
1499 2234 1619 2262 haeretici
1634 2233 1788 2270 ignorantia
1802 2241 1866 2267 pro-

234 2284 300 2308 sunt
320 2284 352 2308 ut
371 2286 522 2315 praeessent
538 2279 680 2314 Ecclesiis,
701 2281 755 2309 iliis
769 2281 866 2316 primis
887 2281 1024 2316 exaequari
1041 2281 1063 2308 D
1077 2282 1178 2309 fectum
1203 2282 1312 2314 asserit,
1334 2283 1381 2316 qui
1399 2288 1455 2308 non
1476 2281 1669 2308 observaverat
1689 2287 1723 2307 ex
1743 2279 1865 2314 antiquis

235 2333 291 2353 non
315 2330 460 2361 poterant,
490 2334 580 2361 neque
605 2327 802 2354 miraculorum
837 2327 1024 2354 testimonium

234 2371 347 2406 habere,
359 2370 407 2400 sed
425 2372 454 2400 in
469 2372 565 2400 multis
577 2372 640 2400 aliis
652 2372 798 2400 inferiores
807 2372 862 2399 illis
875 2380 937 2399 esse
949 2372 1026 2410 vide-

234 2417 336 2445 bantur
359 2426 366 2445 :
391 2425 476 2453 grave
503 2418 732 2446 existimaverunt
759 2418 948 2452 apostolorum
971 2418 1024 2445 sibi

233 2462 377 2491 vindicare
394 2457 639 2499 ntincupationem.
663 2463 822 2491 Diviserunt
834 2471 899 2499 ergo
912 2464 1024 2491 nomina

233 2509 304 2545 ipsa,
316 2513 346 2537 et
359 2509 425 2542 illis,
439 2509 466 2537 id
482 2513 525 2536 est
538 2509 707 2545 presbyteris
720 2516 821 2537 nomen
837 2510 1022 2544 reliquerunt:

235 2552 282 2580 alii
301 2560 368 2581 vero
387 2553 508 2588 episcopi
526 2557 592 2581 sunt
611 2553 772 2588 nuncupati,
796 2554 880 2589 hique
900 2559 928 2582 et
948 2555 1019 2582 ordi-

234 2598 358 2626 nationis
373 2599 480 2634 pmditi
499 2603 644 2634 potestate,
665 2599 702 2627 ita
720 2605 750 2627 ut
763 2600 921 2635 plenissime
941 2600 1023 2628 iidem

233 2648 443 2679 moment.
466 2644 548 2680 Atqui
564 2652 591 2674 et
608 2646 755 2681 episcopus
773 2646 914 2681 presbyter
927 2651 980 2679 est,
996 2651 1024 2674 et

233 2691 376 2727 praber
392 2691 550 2727 episcopus.
566 2693 608 2719 An
627 2700 714 2719 unum
733 2693 915 2728 eumdemque
933 2694 1024 2721 homi-

233 2744 296 2765 nem
308 2737 356 2766 hic
374 2737 428 2766 sibi
441 2742 470 2765 et
484 2738 584 2774 subjici
600 2742 628 2765 et
638 2746 756 2774 praeesse
776 2739 852 2766 vult?
864 2749 874 2766 ι
909 2739 1022 2773 Qualem

232 2783 385 2812 orationem
410 2783 614 2819 primitivon
642 2784 758 2812 fratrum
782 2789 829 2812 aut
850 2786 1022 2822 presbytero-

232 2836 295 2858 ηιι
306 2829 538 2865 ηοωίιιθιρτοπιὶι
548 2829 595 2858 hic
611 2837 707 2857 eorum
720 2821 872 2859 Tertullus!
891 2821 950 2858 Non
966 2831 1023 2859 haec

231 2883 329 2905 comm
357 2879 513 2912 temporum
536 2881 584 2904 aut
603 2876 746 2905 hominum
775 2881 859 2912 sunt,
884 2878 930 2906 sed
949 2878 1022 2905 Acrii

268 2933 292 2950 "
308 2931 391 2963 Rom.
409 2940 470 2969 xm,
485 2933 512 2961 1.
549 2933 573 2950 ⁸⁸
592 2932 686 2962 lPetr.
705 2941 736 2969 ιι,
752 2934 794 2962 15.

1076 2327 1216 2360 historiis,
1241 2327 1269 2354 in
1291 2326 1428 2361 aliquibus
1452 2325 1576 2353 ecclesiis
1598 2325 1632 2352 ab
1651 2324 1758 2359 origine
1779 2324 1865 2351 fuisse

1075 2374 1263 2409 presbyteros,
1289 2373 1412 2401 nondum
1429 2371 1587 2400 constitutis
1602 2370 1748 2405 episcopis,
1774 2370 1802 2396 in
1818 2370 1865 2396 ali-

1075 2421 1176 2455 quibus
1189 2420 1341 2454 episcopos,
1354 2419 1476 2446 nondum
1492 2417 1592 2445 additis
1606 2415 1773 2451 presbyteris
1787 2424 1794 2442 :
1809 2422 1864 2449 qua

1075 2466 1156 2493 unica
1172 2465 1362 2493 observatione
1378 2464 1436 2491 tolli
1458 2463 1563 2497 putavit
1582 2462 1769 2497 promiscuam
1789 2461 1863 2488 illaut

1075 2513 1217 2541 nominum
1233 2511 1449 2546 usurpationem.
1464 2509 1526 2537 Haec
1543 2513 1635 2536 autem
1650 2513 1745 2536 contra
1759 2508 1865 2535 haereti—

1075 2566 1137 2587 cum
1153 2558 1268 2593 protulit
1281 2556 1462 2592 Epiphanius,
1478 2559 1508 2582 ut
1523 2555 1550 2581 in
1567 2553 1736 2589 exponendis
1751 2555 1863 2588 aposto-

1074 2605 1108 2632 lis
1123 2604 1194 2632 fcede
1207 2603 1363 2637 deceptum,
1379 2606 1406 2629 et
1422 2602 1601 2635 antiquorum
1620 2603 1862 2627 monumentorum

1074 2651 1212 2686 ignarum.
1228 2647 1350 2676 Credidit
1370 2648 1464 2682 itaque
1476 2646 1647 2681 Epiphanius
1661 2649 1768 2672 veteres
1780 2644 1862 2673 Chri-

1074 2696 1178 2723 stianos
1197 2695 1276 2723 aliter
1295 2693 1448 2729 apostolum
1470 2692 1648 2720 intellexisse.
1667 2691 1794 2718 Nondum
1812 2690 1863 2725 igi-

1074 2746 1118 2769 tur
1141 2741 1187 2768 illa
1207 2740 1357 2775 apostolica
1379 2738 1521 2766 nominum
1544 2737 1671 2765 confusio
1693 2737 1720 2764 in
1740 2735 1861 2763 Ecclesia

1074 2787 1165 2823 agnita
1179 2791 1233 2819 est,
1250 2790 1319 2814 teste
1334 2785 1498 2820 Epiphanio.
1520 2783 1614 2819 Neque
1628 2791 1692 2811 vero
1712 2783 1787 2810 illius
1799 2790 1862 2810 sen-

1074 2834 1165 2862 tentiae
1186 2832 1240 2860 ulla
1264 2831 1379 2866 vesrigia
1404 2835 1512 2859 exstare
1535 2834 1602 2866 puto
1626 2830 1698 2864 apud
1714 2829 1861 2864 scriptores

1073 2879 1274 2908 ecclesiasticos
1289 2877 1441 2913 Epiphanio
1456 2877 1597 2913 aliquanto
1608 2876 1787 2912 antiquiores.
1803 2874 1864 2902 Iaso
