4138 6412
446 367 547 423 (.37

1220 366 1268 422 .I.
1296 366 1663 423 PEARSONII
1707 364 2034 423 VINDICUE
2069 364 2490 425 IGNATIANJE.
2530 398 2598 409 --
2628 367 2808 423 PARS
2846 366 2909 421 II.

3601 363 3723 417 £58“

442 487 513 542 ab
535 484 656 556 ipso
697 492 1111 557 peragerentur,
1157 484 1455 556 aliquando
1487 487 1684 541 abillo
1712 488 2028 560 presbytero
2056 490 2104 545 A
2130 487 2197 542 de
2246 486 2519 558 episcopis
2556 487 2716 557 quasi
2767 487 2834 540 de
2883 483 3214 556 presbyteris
3268 492 3354 539 est
3401 484 3636 540 locutus.
3683 504 3703 534 ι

440 579 925 645 demandarentur,
960 578 1082 633 ideo
1114 579 1455 651 προεστῶτος
1495 583 1745 651 generale
1786 583 2027 636 vocabu-

444 674 558 728 lum
596 673 883 741 adhibuit;
919 675 1185 730 diaconos
1219 685 1401 730 autem
1450 675 1670 744 proprie
1700 676 2025 742 enuntiavit,

442 768 575 838 quia
608 782 801 822 eorum
848 776 1033 837 partes
1078 768 1147 822 ab
1179 768 1316 839 ipsis
1357 784 1574 839 semper
1607 770 2024 840 peragebantur.

445 856 687 915 Irenaaus
714 860 896 915 locum
941 862 1268 930 palmarium
1304 862 1462 917 aliter
1491 862 1715 918 omnino
1763 862 2030 918 intellexit

442 960 503 1006 et
543 953 821 1021 exposuit,
879 952 1089 1024 reliqua
1141 953 1199 1008 S.
1230 952 1528 1023 Scriptura:
1572 957 1712 1016 loca.
1767 972 1889 1025 quae
1931 971 2028 1025 pro

447 1041 891 1098 adversariorum
921 1045 1192 1100 sententia
1216 1045 1541 1112 ali'cruntur,
1560 1062 1628 1101 ne
1655 1047 1876 1117 quidem
1902 1049 2027 1102 teti-

444 1134 542 1203 git.
583 1133 839 1191 Clemens
869 1136 1277 1194 Alexandrinus
1318 1140 1437 1194 loca
1466 1140 1533 1195 de
1564 1139 1756 1195 olIiciis
1785 1141 2028 1211 episcopi

442 1233 501 1279 et
536 1226 841 1296 presbyteri
889 1228 964 1282 ita
1009 1229 1311 1284 secundum
1364 1231 1587 1285 nomina
1638 1232 1692 1286 in
1731 1230 2030 1302 Scripturis

448 1317 703 1373 distincta
769 1319 1056 1385 intellexit,
1092 1329 1154 1375 ut
1198 1331 1466 1391 praecepta
1509 1323 1603 1378 illa
1635 1324 1871 1394 plurima
1918 1342 2029 1381 non

447 1410 631 1465 minus
662 1411 733 1465 de
761 1413 1035 1482 episcopis
1062 1421 1118 1467 et
1146 1414 1501 1486 presbyteris,
1550 1432 1715 1485 quam
1746 1419 1813 1473 de
1839 1419 2027 1475 diaco-

448 1502 536 1557 nis
573 1511 629 1557 et
657 1503 842 1559 viduis
870 1504 1086 1560 diversa
1126 1506 1519 1575 pronuntiarit.
1576 1507 1943 1564 Tertullianus
1974 1518 2030 1563 et

444 1593 712 1665 Origenes
746 1596 1152 1652 distinctionem
1200 1599 1486 1653 nominum
1535 1600 1678 1669 apud
1708 1600 2027 1670 Apostolum

446 1687 584 1742 adeo
626 1698 882 1743 accurate
923 1689 1319 1755 observabant,
1354 1700 1412 1745 ut
1446 1707 1547 1747 sua
1577 1693 1761 1747 omnia
1804 1694 1872 1748 ad
1906 1710 2028 1749 eam

444 1779 768 1849 dirigerent.
819 1779 939 1835 Non
970 1781 1136 1852 igitur
1164 1791 1388 1851 apparet
1440 1785 1613 1838 ullum
1672 1785 1816 1840 intra
1844 1786 1948 1839 100
1976 1794 2030 1841 et

446 1873 620 1928 multo
664 1875 850 1943 plures
903 1890 1080 1929 annos
1122 1886 1243 1944 post
1282 1876 1557 1948 S.Ignatii
1600 1879 1920 1951 martyrium
1974 1881 2029 1935 in
2066 1861 2105 1914 Β

444 1964 818 2033 apostolorum
851 1966 1070 2034 scriptis
1101 1968 1241 2021 hanc
1268 1970 1553 2023 nominum
1583 1971 2026 2025 communionem

441 2056 791 2113 observasse.
854 2058 1266 2129 Iniquissimum
1330 2070 1512 2116 autem
1570 2070 1686 2125 est,
1748 2078 2028 2118 sermones

444 2150 673 2203 secundi
698 2150 886 2205 saeculi
909 2151 977 2205 ad
1009 2168 1257 2208 normam
1285 2154 1563 2223 opinionis
1589 2165 1787 2226 quarto
1809 2156 2028 2211 demum

444 2240 648 2294 saeculo
673 2249 808 2295 ortae
845 2240 1084 2311 exigere.

519 2328 795 2385 Secundo.
844 2330 1019 2387 Nemo
1060 2348 1254 2388 eorum
1302 2335 1551 2390 omnium
1587 2335 1681 2405 qui
1716 2335 2027 2391 communia

441 2421 687 2491 episcOpi
735 2434 792 2477 et
839 2424 1144 2495 presbyteri
1200 2426 1424 2482 nomina
1494 2428 1549 2480 in
1600 2426 1703 2481 SS.
1729 2427 2028 2496 Scripturis

444 2514 615 2569 fuisse
658 2516 956 2585 putabant,
1001 2518 1055 2571 in
1099 2533 1166 2572 eo
1208 2520 1483 2575 sermonis
1518 2534 1716 2589 genere
1746 2521 2027 2589 apostolos

442 2615 668 2662 secutus
712 2617 818 2672 est,
869 2620 965 2663 aut
1013 2610 1181 2665 alium
1228 2626 1564 2681 quemquam
1609 2622 1856 2667 secutum
1906 2629 2029 2668 esse

440 2697 602 2752 dixit.
644 2696 746 2754 llic
785 2700 1052 2756 habemus
1090 2702 1469 2757 adversarium
1509 2705 1669 2759 nobis
1705 2705 1863 2773 plane
1895 2722 2028 2761 con-

441 2790 792 2845 sentientem.
823 2790 1220 2861 Epistolarum,
1253 2794 1450 2863 inquit,
1485 2796 1721 2864 scriptor
1755 2815 1774 2846 ‹
1796 2796 1905 2849 duo
1936 2796 2027 2850 illa

444 2883 669 2939 nomina
709 2882 871 2956 plane
915 2886 1108 2941 eodem
1157 2902 1323 2942 sensu
1371 2888 1606 2957 accipit,
1655 2904 1764 2958 quo
1807 2904 1838 2942 a
1882 2889 2026 2942 tertii

442 2981 631 3035 saeculi
684 2990 739 3035 et
792 2983 1138 3051 sequentium
1184 2983 1514 3038 Christianis
1567 2983 1637 3037 ad
1690 2984 1806 3038 haec
1853 2999 2028 3053 usque

444 3082 695 3140 tempora
727 3082 949 3142 accepta
997 3072 1171 3130 fuisse
1207 3082 1262 3129 et
1306 3074 1512 3129 scimus
1540 3084 1595 3129 et
1635 3075 1867 3129 libenter
1897 3090 2027 3129 con-

2132 576 2313 634 Secuti
2360 588 2487 634 sunt
2526 580 2691 650 igitur
2724 579 2957 649 apostoli
2990 594 3195 635 morem
3238 577 3494 648 loquendi
3545 592 3573 630 a
3609 593 3707 646 po-

2130 672 2257 742 pulo
2299 670 2614 727 Christiano
2675 680 3022 741 usurpatum,
3073 686 3139 725 ex
3195 671 3466 725 sententia
3515 668 3710 723 llieroo

2129 763 2316 835 nymi;
2361 774 2420 818 ut
2467 765 2744 834 apostolos
2790 763 2993 818 imitari
3042 762 3097 817 in
3141 763 3242 816 hac
3293 778 3351 816 rc
3380 762 3518 816 nihil
3557 760 3706 814 aliud

2131 856 2222 920 sit,
2249 872 2414 928 quam
2460 858 2761 912 secundum
2793 858 3073 927 vulgatum
3109 856 3164 909 in
3196 855 3443 911 Ecclesia
3496 869 3705 938 morem

2129 947 2393 1017 loquendi
2430 950 2689 1005 scribere.
2726 949 2807 1004 Illi
2853 951 3018 1018 igitur
3048 948 3287 1004 maxime
3332 948 3533 1002 imitati
3575 962 3709 1017 apo-

2128 1042 2302 1096 stolos
2349 1050 2496 1105 sunt,
2542 1043 2636 1113 qui
2681 1043 2981 1097 secundum
3027 1057 3140 1097 suae
3163 1042 3340 1097 aetatis
3369 1054 3703 1105 sermonem,

2131 1148 2239 1187 non
2280 1134 2627 1203 apostolicae,
2672 1136 3032 1205 scripserunt.
3080 1134 3183 1201 Qui
3222 1134 3707 1205 Hieronymianam

2131 1229 2458 1283 sententiam
2508 1245 2655 1284 nunc
2717 1238 3033 1300 exponunt,
3092 1246 3323 1300 eamque
3366 1231 3526 1287 nobis
3569 1231 3709 1300 obji-

2133 1320 2307 1383 ciunt,
2360 1321 2549 1375 volunt
2596 1337 2663 1375 ex
2711 1322 2857 1377 illius
2896 1331 3079 1377 mente
3112 1323 3292 1377 nullos
3336 1324 3713 1393 apostolorum

2132 1419 2377 1481 tempore
2420 1423 2616 1482 praeter
2658 1429 2754 1469 seu
2789 1430 2952 1483 supra
2992 1415 3342 1486 presbyteros
3375 1413 3546 1469 fuisse
3578 1430 3709 1469 con-

2132 1506 2396 1571 Stitutos,
2451 1515 2713 1576 tanquam
2771 1508 3050 1579 legitimos
3101 1517 3156 1563 et
3205 1507 3450 1564 distincti
3496 1507 3710 1563 ordinis

2130 1605 2227 1651 aut
2253 1599 2455 1667 gradus
2484 1599 2803 1669 episcopos;
2862 1608 3053 1670 postea
3106 1601 3293 1671 igitur,
3359 1619 3379 1652 ι
3416 1616 3541 1656 cum
3596 1608 3709 1655 toto

2131 1690 2263 1744 orbe
2299 1690 2578 1745 decretum
2615 1700 2727 1757 est,
2764 1700 2823 1746 ut
2852 1708 2997 1748 unus
3028 1691 3096 1747 de
3125 1693 3461 1765 presbyteris
3503 1694 3712 1749 electus

2133 1790 2593 1851 superponeretur
2622 1782 2857 1850 earteris,
2910 1783 2977 1838 ad
3028 1801 3188 1855 quem
3242 1786 3422 1841 omnis
3456 1786 3713 1841 Ecclesiae

2133 1890 2267 1929 cura
2308 1875 2621 1944 pertineret,
2655 1895 2674 1927 ›
2714 1877 2994 1946 postulare
3042 1893 3152 1933 non
3195 1887 3426 1947 possunt
3471 1888 3527 1934 ut
3575 1878 3713 1934 scri-

2132 1976 2316 2037 ptores
2358 1967 2758 2035 ecclesiastici,
2820 1977 2971 2024 tanta
3020 1970 3074 2024 in
3129 1986 3188 2024 re
3238 1970 3357 2040 ipsa
3406 1971 3712 2027 mutatione

2133 2060 2313 2126 facta,
2378 2061 2818 2116 communionem
2887 2062 3175 2116 nominum
3225 2061 3538 2117 retinerent.
3591 2060 3713 2132 Ipse

2134 2153 2438 2209 Salmasius
2490 2154 2544 2208 in
2574 2154 2893 2224 Ap‘paratu:
2930 2174 2947 2205 ‹
2973 2154 3056 2208 Ab
3095 2169 3163 2209 eo
3212 2163 3456 2222 tempore
3496 2169 3608 2223 quo
3643 2169 3713 2208 ex

2132 2262 2243 2302 uno
2307 2246 2500 2301 ordine
2568 2246 2925 2317 presbyterali
2975 2253 3030 2301 et
3062 2245 3360 2316 episcopali
3416 2245 3525 2301 duo
3576 2243 3711 2299 facti

2131 2347 2301 2405 sunt,
2364 2354 2563 2393 nomen
2615 2338 2915 2409 presbyteri
2975 2337 3094 2391 dari
3153 2338 3391 2392 desitum
3450 2344 3536 2391 est
3588 2335 3711 2405 epi-

2131 2445 2320 2500 scopo.
2381 2429 2440 2484 Si
2475 2428 2757 2484 distinctio
2815 2428 3102 2483 nominum
3163 2426 3330 2483 simul
3392 2441 3715 2481 munerum-

2130 2536 2237 2593 que
2266 2530 2319 2576 et
2344 2520 2575 2591 proinde
2629 2520 2794 2575 etiam
2847 2517 3105 2574 ordinum
3157 2517 3300 2571 inter
3335 2516 3713 2586 presbyterum

2131 2624 2185 2670 et
2212 2614 2532 2683 episcOpum
2579 2611 2723 2667 facta
2747 2619 2850 2677 est,
2889 2630 2907 2662 ι
2957 2619 3017 2665 ut
3052 2610 3211 2665 docet
3247 2608 3571 2673 Salmasius,
3601 2623 3713 2664 non

2129 2705 2198 2760 de
2225 2704 2529 2759 imitatione
2558 2703 2830 2760 sermonis
2860 2699 3170 2771 apostolici,
3197 2700 3294 2755 sed
3322 2699 3390 2755 de
3415 2699 3495 2754 rei
3522 2710 3704 2757 muta-

2130 2797 2281 2851 tione
2303 2797 2657 2867 quaarendum
2691 2807 2807 2864 est;
2848 2814 2958 2868 qua
2987 2809 3217 2866 mutata,
3237 2800 3537 2856 secundum
3565 2799 3713 2854 illius

2129 2889 2453 2943 sententiam
2475 2930 2491 2953 ,
2532 2888 2768 2943 imitatio
2805 2890 3181 2958 apostolorum
3219 2883 3341 2946 esse
3362 2904 3470 2943 non
3503 2888 3704 2959 potuit.

2201 2978 2511 3044 Quinetiam
2537 2981 2697 3035 tertio
2739 2981 3144 3037 observandum
3175 2991 3261 3038 est
3299 2982 3542 3037 nondum
3579 2996 3715 3037 cen-

2130 3078 2277 3125 stare
2322 3071 2543 3124 nomina
2595 3072 2836 3142 episcopi
2873 3084 2924 3127 et
2957 3074 3259 3145 presbyteri
3292 3075 3348 3128 in
3398 3074 3715 3144 apostolicis

441 3163 718 3219 cedimus.
741 3184 760 3217 ι
815 3166 884 3219 At
911 3166 1005 3236 qui
1037 3166 1481 3221 communionem
1516 3167 1713 3221 horum
1741 3165 2023 3220 nominum
2055 3200 2101 3262 Ο
2132 3163 2384 3231 scriptis,
2419 3164 2514 3217 ubi
2542 3163 2609 3219 de
2637 3164 2829 3219 olIiciis
2874 3166 3264 3223 ecclesiasticis
3307 3167 3506 3237 agitur,
3544 3182 3712 3237 syno-

442 3256 501 3311 in
552 3257 712 3313 libris
767 3259 1087 3328 apostolicis
1139 3259 1407 3328 reperisse
1458 3275 1516 3314 se
1564 3258 1860 3329 putabant,
1907 3268 2029 3313 ante

442 3353 704 3413 quartum
766 3347 1028 3405 saeculum
1084 3361 1193 3401 non
1254 3349 1585 3409 exstiterunt
1642 3364 1653 3397 :
1698 3349 1763 3403 ad
1818 3364 2027 3403 morem

442 3435 639 3510 Ignatii
678 3438 846 3508 igitur
886 3438 1056 3494 locuti
1097 3448 1258 3504 sunt;
1306 3446 1359 3493 et
1390 3455 1491 3494 nec
1530 3440 1634 3508 ipsi
1676 3439 2030 3494 imitabantur

441 3529 728 3597 apostolos
772 3530 826 3584 in
868 3531 972 3585 hoc
1014 3530 1273 3601 loquendi
1320 3531 1519 3599 modo;
1560 3547 1661 3587 nec
1698 3547 2027 3602 quemquam

441 3637 639 3677 eorum
680 3623 927 3679 omnium
962 3630 1057 3694 qul
1091 3634 1217 3680 ante
1249 3640 1308 3680 se
1338 3626 1700 3695 scripserunt,
1750 3627 2030 3696 apostolos

441 3732 513 3771 eo
551 3731 717 3773 sensu
770 3726 1028 3787 acceptos
1074 3718 1347 3773 imitatum
1414 3718 1586 3774 fuisse
1642 3699 2027 3785 observabant,

443 3816 541 3862 aut
570 3809 832 3880 neglecta:
871 3809 1195 3864 imitationis
1240 3809 1595 3865 accusabant.
1629 3809 1689 3862 Β.
1711 3809 2028 3864 Theodore-

444 3907 558 3964 tus,
582 3900 676 3967 qui
702 3899 1035 3954 existimavit
1057 3900 1336 3969 apostolos
1359 3899 1531 3970 ipsos,
1557 3915 1656 3954 eos
1682 3899 1776 3969 qui
1801 3898 2029 3954 secundi

443 3991 658 4049 ordinis
707 4001 922 4057 essent,
958 4008 1106 4046 nunc
1155 3992 1523 4063 presbyteros,
1556 4008 1703 4047 nunc
1746 3992 2030 4061 episcOpos

444 4086 780 4157 appellasse,
827 4100 923 4140 eos
976 4093 1162 4139 autem
1205 4084 1301 4153 qui
1347 4084 1511 4153 primi
1566 4084 1777 4138 ordinis
1822 4093 2027 4147 essent,

444 4177 727 4249 apostolos
753 4177 996 4241 dixisse;
1030 4191 1131 4229 nec
1168 4175 1286 4245 ipse
1329 4175 1610 4245 apostolos
1643 4175 1887 4231 imitatus
1915 4184 2027 4240 est;

444 4285 627 4340 neque
653 4283 988 4338 quemquam
1034 4266 1358 4334 scriptorem
1412 4267 1846 4323 ecclesiasticum
1900 4282 2032 4337 apo-

445 4362 703 4416 stolicum
752 4374 1063 4415 sermonem
1117 4367 1367 4414 secutum
1403 4373 1526 4414 esse
1569 4350 1869 4413 arbitratus
1914 4367 2027 4424 est;

445 4455 543 4509 sed
597 4468 792 4507 omnes
851 4453 1087 4522 apostoli
1147 4466 1349 4507 nomen
1411 4452 1548 4522 ipsis
1602 4451 1821 4521 proprie
1871 4451 2033 4507 dictis

2132 3270 2295 3326 nyma
2326 3270 2465 3309 esse.
2502 3254 2658 3311 Certe
2688 3268 3009 3326 argumenta
3039 3276 3161 3329 quae
3187 3261 3452 3315 hactenus
3479 3258 3714 3314 adducta

2132 3354 2279 3412 sunt,
2307 3362 2419 3400 non
2446 3347 2496 3401 id
2527 3349 2747 3403 credere
2774 3366 2874 3405 nos
2905 3352 3219 3407 necessario
3253 3360 3492 3421 cogunt;
3524 3359 3579 3406 et
3618 3366 3715 3417 po-

2130 3438 2241 3491 tius
2279 3438 2561 3506 probabile
2592 3449 2677 3494 est
2704 3441 2863 3495 talem
2908 3442 3103 3497 harum
3133 3458 3333 3497 vocum
3366 3442 3715 3497 eommunio«

2133 3545 2255 3583 nem
2281 3530 2333 3583 in
2366 3532 2735 3599 apostolorum
2761 3533 2983 3603 scriptis
3008 3535 3235 3588 minime
3261 3550 3385 3590 esse
3411 3534 3713 3591 admitten-

2131 3622 2278 3678 dam.
2314 3621 2521 3690 Primo,
2540 3624 2669 3693 quia
2694 3625 2738 3680 si
2760 3625 3024 3696 originem
3052 3626 3217 3695 hujus
3240 3626 3713 3696 interpretationis

2132 3731 2477 3785 quaeramus,
2520 3718 2759 3788 primum
2806 3720 3052 3774 omnium
3102 3722 3198 3791 qui
3241 3722 3390 3775 illam
3441 3722 3509 3776 ad
3553 3736 3711 3776 suam

2134 3809 2459 3863 sententiam
2491 3810 2922 3866 conﬁrmandam
2953 3813 3198 3882 protulit,
3232 3814 3455 3867 Aerium
3490 3813 3714 3868 hazreti-

2134 3914 2258 3953 cum
2289 3897 2460 3953 fuisse
2485 3901 2918 3969 comperiemus;
2945 3903 3106 3973 cujus
3136 3904 3404 3959 sententia
3432 3906 3716 3975 quampri-

2132 4008 2284 4048 mum
2324 3993 2596 4062 publieata
2629 4003 2734 4059 est,
2765 4010 2796 4048 a
2837 3993 2897 4049 S.
2926 3994 3233 4066 Epiphanio
3271 3998 3455 4053 statim
3487 3998 3714 4068 explosa

2132 4096 2235 4140 est.
2271 4084 2545 4152 Secundo,
2581 4085 2656 4139 illi
2688 4087 2969 4152 catholici,
3009 4088 3104 4158 qui
3130 4088 3381 4144 eamdem
3406 4098 3598 4159 postea
3622 4090 3713 4145 in-

2133 4179 2614 4250 terpretationem,
2644 4181 2739 4236 sed
2770 4181 2824 4233 in
2859 4180 3027 4235 alium
3060 4181 3221 4235 linem
3241 4222 3257 4247 ,
3283 4181 3518 4251 amplexi
3561 4190 3713 4248 sunt,

2134 4271 2250 4325 sive
2282 4280 2493 4326 veteres
2513 4312 2528 4338 ,
2561 4272 2676 4326 sive
2722 4272 3018 4327 modernos
3059 4273 3399 4337 consideres,
3431 4289 3713 4344 nunquam

2135 4364 2187 4417 in
2215 4378 2277 4418 ea
2307 4362 2624 4432 explicanda
2650 4363 2960 4418 consentire
2983 4371 3299 4431 petuerunt.
3329 4360 3385 4417 Si
3415 4363 3562 4419 modi
3591 4380 3715 4419 om-

2135 4471 2234 4510 nes
2254 4454 2624 4518 excutiantur,
2650 4456 2744 4524 qui
2774 4455 2842 4510 ad
2874 4456 3318 4509 communionem
3348 4455 3583 4510 duorum
3615 4470 3717 4510 no-

446 4548 712 4617 apostolis
744 4562 1075 4612 reservasse,
1126 4545 1370 4617 episcopi
1408 4553 1591 4599 autem
1636 4560 1835 4599 nomen
1869 4545 2030 4614 primi
2062 4542 2107 4598 D
2138 4546 2349 4600 minum
2377 4546 2754 4615 explicandam
2783 4546 2867 4600 vel
2889 4546 3186 4615 excogitari
3210 4546 3294 4600 vel
3323 4546 3451 4615 tingi
3480 4546 3713 4615 possint,

445 4636 660 4691 ordinis
691 4635 1076 4691 sacerdotibus
1103 4636 1418 4705 assignasse
1445 4635 1744 4704 perhibuit.
1779 4633 1835 4689 S.
1860 4634 2034 4706 Chry-

448 4741 750 4793 sostomus,
775 4729 1216 4799 TheOphylactus
1234 4739 1289 4782 et
1305 4728 1676 4784 OEcumenius
1697 4742 1790 4783 eos
1809 4730 1902 4798 qui
1919 4731 2034 4800 epi-

446 4823 602 4893 scOpi
638 4835 824 4887 erant,
857 4822 927 4875 ab
956 4822 1221 4891 apostolis
1256 4836 1363 4875 non
1402 4830 1613 4876 tantum
1657 4823 2029 4893 presbyteros,

448 4914 544 4970 sed
576 4923 629 4969 et
655 4914 919 4969 diaconos
964 4913 1141 4968 dictos
1190 4912 1365 4968 fuisse
1402 4914 1705 4983 putabant;
1756 4915 2030 4969 neminem

446 5016 631 5063 tamen
663 5007 1059 5062 existinmbant
1107 5007 1256 5062 hunc
1302 5021 1611 5061 sermonem
1664 5008 2030 5077 apostolicum

449 5110 703 5157 secutum
758 5116 901 5155 esse.
931 5099 1067 5166 Quis
1116 5100 1262 5154 enim
1316 5115 1560 5171 unquam
1610 5100 1773 5168 primi
1821 5100 2033 5156 ordinis

446 5194 802 5265 praepositum
828 5194 1122 5247 diaconum
1155 5191 1486 5261 appellavit?
1521 5190 1886 5263 Hieronymus
1917 5196 2033 5261 ipse

449 5286 722 5340 neminem
780 5292 904 5354 post
964 5284 1246 5353 apostolos
1313 5297 1621 5337 sermonem
1670 5284 2030 5353 apostolicum

449 5378 722 5433 imitatum
774 5392 897 5433 esse
939 5376 1297 5437 existimavit,
1326 5375 1421 5431 sed
1464 5389 1913 5444 unumquemque
1945 5375 2032 5431 sui

449 5471 714 5541 temporis
760 5471 817 5525 in
863 5470 1142 5540 loquendo
1196 5483 1408 5523 morem
1455 5478 1765 5537 spectasse;
1800 5483 1867 5520 ne
1901 5483 2033 5537 apo-

447 5566 624 5621 stolos
654 5565 876 5636 quidem
912 5566 1063 5635 ipsos
1096 5564 1263 5618 aliter‘
1282 5563 1497 5617 locutos
1524 5576 1647 5617 esse
1676 5562 1905 5631 putavit.
1951 5561 2030 5617 Ita

448 5654 595 5708 cnim
648 5655 703 5708 in
736 5653 1150 5709 Commentario
1200 5652 1253 5706 in
1286 5651 1587 5721 Epistolam
1630 5651 1698 5706 ad
1725 5651 1908 5706 Titum
1950 5653 2034 5707 Io-

447 5748 639 5817 quitur
671 5763 683 5797 :
718 5765 736 5798 ‹
766 5744 905 5812 Quia
948 5746 1172 5801 eosdem
1201 5744 1488 5816 episcopos
1520 5760 1585 5800 eo
1613 5753 1855 5814 tempore
1892 5759 2031 5815 quos

449 5847 504 5894 et
527 5839 878 5909 presbyteros
912 5838 1275 5909 appellabant,
1316 5846 1604 5909 propterea
1657 5835 2032 5895 indiﬂ‘erenter

2136 4641 2225 4693 vix
2256 4655 2427 4694 unum
2457 4648 2553 4694 aut
2578 4640 2810 4693 alterum
2834 4640 3099 4703 invenies,
3130 4654 3294 4708 quem
3323 4656 3489 4696 nemo
3515 4641 3716 4710 ample-

2135 4749 2238 4788 xus
2267 4741 2369 4797 est,
2417 4732 2627 4787 nullum
2659 4746 2791 4786 sane
2832 4731 2887 4784 in
2923 4746 3033 4801 quo
3066 4739 3201 4797 tres,
3228 4732 3313 4786 vel
3343 4732 3451 4786 duo
3480 4732 3721 4788 fortasse

2135 4836 2528 4893 convenerunt,
2570 4828 2617 4882 si
2669 4828 2792 4882 illos
2825 4826 3087 4895 excipias,
3129 4824 3224 4893 qui
3277 4823 3461 4879 omnia
3492 4825 3562 4878 ab
3592 4824 3716 4879 aliis

2134 4938 2200 4977 ex
2227 4920 2472 4991 professo
2499 4919 2991 4991 transcripserunt.
3021 4916 3347 4984 Quicunque
3369 4916 3713 4979 communio-

2134 5029 2259 5067 nem
2310 5013 2507 5067 horum
2556 4988 3115 5065 duorum‘nominum
3150 5016 3332 5063 mente
3370 5008 3710 5077 concipiunt,

2135 5119 2357 5159 necesse
2385 5112 2469 5159 est
2499 5112 2560 5157 ut
2593 5111 2690 5157 aut
2716 5117 2883 5156 unum
2913 5100 3165 5156 ordinem
3208 5109 3419 5157 tantum
3450 5100 3504 5154 in
3536 5101 3713 5157 eccle-

2135 5196 2233 5251 siis
2266 5196 2637 5266 apostolorum
2686 5194 2923 5263 primum
2975 5209 3105 5247 cura
3145 5202 3200 5247 et
3228 5192 3554 5248 auctoritate
3594 5192 3715 5269 fun-

2134 5288 2296 5352 datis,
2334 5296 2429 5341 aut
2475 5286 2614 5341 duos
2666 5284 2945 5340 exstitisse
2989 5290 3323 5352 supponant.
3377 5281 3445 5337 Et
3489 5283 3711 5352 quidem

2134 5379 2229 5449 qui
2261 5379 2404 5433 hanc
2431 5377 2880 5433 communionem
2925 5374 3210 5429 nominum
3255 5381 3511 5437 tuentur,
3546 5373 3600 5426 in
3628 5371 3715 5426 di-

2134 5485 2323 5526 versas
2349 5470 2416 5524 de
2440 5484 2670 5523 numero
2705 5466 2958 5522 ordinum
2991 5474 3123 5520 tunc
3152 5464 3415 5534 temporis
3441 5465 3715 5520 exsisten-

2133 5560 2270 5613 tium
2304 5558 2602 5613 sententias
2621 5558 2782 5613 divisi
2811 5565 2958 5613 sunt.
2980 5554 3185 5609 Omnes
3205 5562 3535 5623 agnoscunt.
3560 5562 3713 5624 post-

2134 5666 2298 5720 quam
2337 5648 2470 5703 Novi
2512 5647 2758 5705 Frederis
2785 5649 2908 5703 libri
2941 5648 3151 5703 exarati
3182 5657 3331 5714 sunt,
3364 5647 3548 5716 aliquo
3574 5656 3714 5702 tem-

2136 5744 2283 5812 poris
2307 5742 2618 5807 intervallo,
2650 5743 2790 5797 duos
2821 5742 3044 5797 ordines
3082 5756 3178 5797 seu
3224 5740 3424 5811 gradus
3453 5739 3711 5795 ecclesia-

2137 5835 2303 5891 sticus
2352 5842 2405 5891 ct
2440 5834 2640 5905 ollicio,
2686 5844 2738 5892 et
2781 5834 3043 5907 dignitate
3090 5833 3413 5905 distinctos,
3446 5832 3563 5891 sive
3594 5832 3710 5903 iure
