4138 6396
474 355 580 410 459

1502 351 1559 406 S.
1606 347 1956 406 ICNATlUS.
1996 378 2065 389 -—
2105 343 2634 402 PROLECOMENA.

3636 348 3741 403 ιῖο

472 477 589 532 sive
618 476 842 547 injuria,
872 472 1201 537 obtinuisse,
1232 486 1469 542 quorum
1504 470 1775 540 superiori
1798 468 2062 540 episcopi,
2094 474 2142 530 Α
2170 467 2535 537 Hieronymus
2562 464 2784 533 aliique.
2818 466 2885 517 At
2915 465 3018 518 hoc
3047 477 3141 517 aut
3166 478 3377 529 verum,
3408 472 3500 518 aut
3530 476 3739 521 certqu

470 567 717 624 inferiori
758 566 1060 639 presbyteri
1100 580 1297 620 nomen
1340 564 1588 619 adhaesit.
1622 562 1726 629 Qui
1772 578 1943 616 unum
1985 578 2054 616 ex

467 659 539 716 iis
573 660 952 715 tantummodo
998 668 1114 712 tum
1164 672 1290 712 cum
1340 656 1486 711 sacri
1518 656 1645 709 libri
1684 655 2055 711 scriberentur

465 752 743 807 exstitisse
782 758 998 821 putant,
1031 750 1263 804 alterum
1293 758 1472 804 autem
1519 758 1709 819 postea
1743 749 2050 818 adjectum;

464 845 549 898 vel
601 842 913 897 inferiorem
964 842 1212 896 ordinem
1274 849 1612 911 agnoscunt,
1660 841 1751 895 cui
1803 841 2052 910 superior

465 942 652 1005 postea
686 932 1168 1003 superimpositus,
1195 933 1280 987 vel
1308 934 1676 1003 superiorem,
1706 933 1795 987 cui
1824 932 2052 987 inferior

463 1024 813 1094 postmodum
843 1022 1105 1080 suﬂectus
1130 1033 1233 1081 est.
1262 1023 1401 1080 Hinc
1430 1034 1721 1096 emergunt
1754 1026 1865 1080 duo
1897 1028 2047 1082 modi

460 1117 901 1172 communionem
949 1116 1236 1171 nominum
1284 1116 1625 1184 explicandi,
1660 1130 1805 1169 unus
1840 1124 1901 1170 ut
1945 1132 2047 1171 no-

460 1212 611 1265 mina
640 1209 882 1280 episcopi
925 1217 979 1263 et
1015 1209 1320 1279 presbyteri
1354 1210 1520 1265 unius
1550 1211 1765 1264 ordinis
1791 1212 2048 1265 sacerdo-

460 1302 607 1357 tibus
637 1302 947 1371 promiscue
971 1300 1367 1366 tribuerentur,
1398 1302 1494 1370 qui
1532 1300 1808 1357 inferioris
1834 1302 2047 1357 ordinis

461 1393 775 1448 sacerdotes
795 1435 808 1456 ,
842 1392 958 1447 sive
998 1392 1299 1463 presbyteri
1351 1392 1679 1448 dicebantur
1706 1436 1720 1459 ,
1753 1404 2043 1464 postquam

457 1484 711 1555 superior
752 1487 889 1542 ordo
934 1487 1279 1543 introductus
1314 1497 1370 1543 et
1414 1489 1874 1559 superimpositus
1918 1499 2042 1557 est;

456 1590 622 1643 quam
674 1576 865 1631 volunt
912 1592 1035 1633 esse
1088 1580 1415 1634 sententiam
1468 1579 1525 1634 S.
1569 1579 1912 1651 Hieronymi,
1958 1597 2046 1636 me

456 1668 601 1725 haud
648 1684 1012 1742 repugnante;
1051 1674 1209 1740 alter,
1260 1682 1319 1728 ut
1365 1675 1558 1731 eadem
1608 1677 1834 1731 nomina
1881 1678 2044 1733 unius

454 1760 665 1817 ordinis
712 1765 1092 1821 sacerdotibus
1142 1768 1457 1836 promiscue
1504 1768 1900 1834 tribuerentur,
1944 1771 2037 1839 qui

2167 577 2277 615 non
2307 570 2411 614 est.
2443 558 2591 613 Duas
2632 557 2778 611 enim
2807 555 2860 609 in
2888 555 3213 625 quibusdam
3264 556 3579 611 civitatibus
3605 569 3743 612 tem-

2160 652 2387 723 poribus
2443 650 2820 721 apostolorum
2885 648 3184 713 ecclesias,
3252 649 3391 703 duos
3445 650 3739 719 cpiscOpos

2156 745 2347 810 fuisse,
2377 743 2550 797 donec
2579 742 2810 812 gentiles
2840 756 2963 794 cum
3004 738 3205 794 Judaeis
3244 740 3297 794 in
3336 756 3506 794 unum
3538 757 3739 811 corpus

2155 830 2544 893 coalescerent,
2575 828 3078 899 probabilissimum
3106 843 3169 882 ex
3202 828 3336 897 ipsis
3361 829 3582 898 scriptis
3605 846 3740 900 apo-

2155 924 2368 979 stolicis
2420 921 2552 977 facit
2600 922 2982 978 Hammondus
3015 932 3222 977 noster.
3256 922 3593 993 Epiphanius
3620 926 3736 980 hae-

2152 1016 2261 1071 resi
2304 1016 2374 1070 68
2403 1034 2416 1070 :
2442 1016 2515 1070 Οὐ
2569 1017 2678 1088 γάρ
2710 1017 2907 1088 ποτεή
2955 1016 3332 1087 ’Δλεξὰνδρεια
3378 1017 3471 1071 δύο
3517 1020 3740 1074 ἐπισκό-

2151 1125 2287 1172 πους
2318 1103 2484 1178 εἶχεν,
2518 1107 2592 1171 ὡς
2626 1110 2682 1162 αἱ
2713 1108 2867 1162 ἄλλαι
2898 1107 3205 1179 ἐκκλησίαι.
3236 1127 3253 1159 ι
3272 1106 3562 1179 Nunquam
3586 1111 3735 1166 enim

2148 1202 2477 1256 Alexandria
2520 1201 2659 1257 duos
2700 1202 2989 1271 episcOpos
3038 1202 3249 1268 habuit,
3285 1211 3342 1255 ut
3388 1203 3510 1257 aliae
3547 1202 3735 1259 Eccle-

2150 1294 2265 1349 siae.
2294 1312 2312 1346 ι
2343 1292 2477 1361 Quae
2509 1294 2826 1349 observatio
2858 1295 2924 1348 ad
2955 1296 3253 1364 apostolica
3294 1297 3458 1351 etiam
3487 1306 3731 1369 tempora

2145 1386 2365 1442 extendi
2396 1387 2515 1442 sine
2560 1387 2729 1442 dubio
2771 1387 2965 1443 debet:
2996 1389 3145 1459 quod
3178 1388 3397 1445 Marcus
3423 1406 3548 1445 cum
3577 1392 3731 1448 solus

2146 1479 2222 1534 ibi
2269 1479 2665 1549 praedicaverit,
2717 1480 2941 1535 unicum
2988 1481 3306 1550 episcopum
3351 1497 3729 1539 successorem

2145 1572 2388 1641 reliquit,
2428 1572 2484 1625 in
2519 1571 2641 1625 aliis
2682 1582 2867 1627 autem
2917 1573 3233 1627 civitatibus
3275 1574 3573 1643 aliquando
3617 1577 3730 1631 duo

2145 1663 2380 1733 apostoli
2419 1662 2690 1719 Ecclesias
2735 1664 3161 1734 congregabant,
3197 1674 3252 1720 et
3292 1666 3414 1720 loco
3444 1682 3547 1721 suo
3575 1669 3729 1737 quis-

2143 1768 2253 1822 que
2283 1753 2599 1823 episcopum
2649 1754 2892 1823 reliquit.
2929 1753 3085 1820 Quod
3119 1755 3235 1825 ipse
3289 1756 3631 1825 Epiphanius
3661 1759 3730 1813 de

451 1853 753 1921 superioris
783 1855 990 1911 ordinis
1025 1858 1339 1914 sacerdotes
1369 1860 1486 1914 sive
1522 1860 1762 1929 episcopi
1795 1862 2032 1930 appella-

2142 1846 2382 1902 Ecelesia
2414 1844 2685 1910 Romana,
2709 1846 2897 1900 haeresi
2929 1846 3019 1910 Ξῖ,
3052 1846 3309 1901 observat
3350 1866 3362 1901 :
3406 1848 3496 1901 Ἐν
3542 1848 3729 1922 Ῥώμῃ

452 1941 672 2009 bantur,
705 1955 995 2015 postquam
1025 1946 1253 2003 inferior
1286 1950 1421 2005 ordo
1455 1950 1824 2016 introductus,
1857 1962 1912 2006 et
1939 1968 2032 2007 su~

450 2034 653 2105 periori
680 2038 1009 2109 subiunctus
1037 2050 1150 2107 est;
1184 2059 1349 2112 quam
1395 2046 1723 2099 sententiain
1770 2054 2031 2115 tanquam

449 2127 690 2183 maxime
721 2131 1060 2199 probabilem
1105 2134 1352 2190 defendit
1398 2133 1780 2192 Hammondus
1823 2146 2033 2203 noster,

448 2234 560 2289 quo
590 2236 751 2276 nemo
777 2226 1093 2280 accuratius
1118 2226 1233 2281 haec
1263 2230 1542 2283 tractavit.
1577 2228 1682 2295 Qui
1711 2229 1853 2284 duos
1885 2230 2035 2283 ordi—

448 2327 548 2367 ncs
572 2322 626 2367 et
670 2314 849 2371 otlicio
893 2327 945 2371 et
977 2318 1245 2387 dignitate
1290 2320 1584 2376 distinctos
1631 2321 1735 2376 sub
1769 2322 2035 2391 apostolis

446 2405 637 2473 fuisse,
667 2418 723 2463 et
753 2409 822 2463 ab
845 2409 955 2464 illis
986 2410 1273 2466 institutos
1310 2427 1422 2466 non
1452 2412 1801 2479 dubitabant,
1829 2413 1884 2467 in
1913 2413 2035 2482 plu-

444 2510 534 2552 res
581 2498 649 2553 de
700 2500 1093 2555 communione
1160 2503 1448 2556 nominum
1502 2504 1807 2559 sententias
1868 2504 2032 2559 divisi

444 2594 594 2640 sunt.
619 2586 865 2653 Quarum
895 2589 1071 2658 prima
1091 2590 1207 2645 haec
1229 2590 1352 2655 fuit,
1378 2593 1597 2662 utrique
1619 2594 1799 2649 ordini
1824 2603 2034 2648 utrum-

443 2688 552 2743 que
589 2689 789 2730 nomen
834 2691 1130 2732 commune
1174 2694 1239 2733 ea
1275 2688 1601 2749 tempestate
1643 2680 1845 2748 fuisse,
1874 2691 1934 2736 ut
1962 2681 2030 2736 ad

444 2767 787 2837 superiorem
822 2769 1073 2824 ordinem
1120 2774 1361 2840 promotl
1402 2788 1552 2829 nunc
1583 2774 1850 2845 episcopi,
1885 2788 2031 2829 nunc

444 2856 743 2929 presbyteri
762 2859 1191 2928 appellarentur,
1208 2870 1263 2917 et
1284 2862 1486 2932 pariter
1508 2862 1563 2917 iu
1586 2862 1831 2918 inferiori
1857 2865 2031 2935 gradu

444 2950 733 3005 constituti
760 2965 909 3006 nunc
933 2953 1261 3025 presbyteri,
1296 2970 1443 3010 nunc
1485 2956 1731 3025 episcopi
1773 2957 2029 3012 nomina-

444 3051 666 3107 rentur;
699 3057 823 3112 quae
859 3042 964 3098 fuit
1008 3047 1280 3101 sententia
1311 3046 1689 3119 Chrysostomi
1725 3057 1780 3103 et
1826 3064 2021 3118 sequa-

2141 1938 2251 2010 γὰρ
2282 1939 2536 2007 γεγόνασι
2572 1938 2778 2010 πρῶτοι
2812 1933 3019 2009 Πέτρος
3053 1938 3147 1991 καὶ
3181 1937 3395 2003 Παῦλος
3415 1942 3465 1992 οἱ
3492 1941 3729 1993 ἀπόστο-

2140 2033 2222 2084 λοι
2254 2032 2407 2085 αὐτοὶ
2442 2033 2533 2085 καὶ
2556 2032 2865 2084 ἐπίσκοποι.
2909 2049 2927 2082 t
2952 2029 3141 2086 Romae
3169 2032 3480 2102 enimprimi
3503 2032 3728 2091 fuerth

2137 2126 2332 2185 Petrus
2361 2138 2414 2183 et
2435 2126 2659 2194 Paulus,
2688 2126 2851 2182 iidem
2882 2127 3115 2196 apostoli
3144 2137 3198 2182 et
3222 2128 3487 2198 episcopi.
3519 2148 3539 2181 ι
3570 2128 3725 2185 Unde

2136 2220 2352 2275 dubitat
2386 2236 2457 2274 an
2504 2221 2666 2275 etiam
2703 2236 2830 2275 cum
2862 2220 2931 2274 iis
2958 2220 3050 2275 alii
3097 2221 3208 2275 duo
3243 2222 3485 2292 episcopi
3513 2234 3720 2287 essent,

2136 2313 2229 2383 qui
2256 2327 2451 2367 eorum
2487 2313 2655 2379 vices,
2685 2328 2809 2367 cum
2852 2313 3130 2378 abessent,
3156 2314 3494 2382 supplerent.
3527 2313 3724 2371 Hiero-

2136 2420 2334 2475 nymus
2367 2405 2483 2475 ipse
2529 2406 2673 2461 hanc
2716 2405 3049 2460 solutionem
3099 2407 3371 2476 praevidit,
3403 2406 3634 2478 ideoque
3664 2409 3721 2465 in

2134 2496 2363 2566 epistola
2380 2498 2446 2553 ad
2461 2496 2753 2567 Evagrium
2772 2538 2786 2561 ,
2803 2512 2927 2551 cum
2944 2496 3143 2567 Philip.
3170 2514 3210 2561 ι,
3245 2499 3297 2564 1,
3316 2510 3372 2552 et
3391 2499 3514 2553 Act.
3532 2514 3625 2565 xx,
3649 2498 3723 2553 23

2133 2592 2391 2644 citasset:
2425 2608 2444 2641 ‹
2473 2590 2552 2645 Ac
2598 2604 2667 2645 ne
2710 2590 2873 2659 quis,
2903 2589 3101 2658 inquit,
3148 2591 3490 2645 contentiose
3523 2591 3577 2644 in
3612 2605 3721 2647 una

2132 2679 2377 2737 Ecclesia
2408 2680 2599 2751 plures
2622 2683 2911 2752 episcopos
2950 2680 3123 2737 fuisse
3155 2684 3475 2750 contendat,
3504 2683 3635 2739 audi
3664 2692 3721 2738 et

2132 2771 2282 2825 aliud
2312 2773 2711 2839 testimonium,
2748 2773 2805 2827 in
2836 2788 2948 2842 quo
2980 2772 3431 2830 manifestissime
3458 2791 3724 2847 compro-o

2133 2862 2294 2915 batur
2328 2861 2581 2917 eumdem
2630 2877 2752 2917 esse
2802 2864 3119 2934 episcopum
3165 2874 3221 2920 et
3257 2866 3663 2937 presbyterum.
3690 2885 3717 2921 ι

2131 2949 2338 3008 Horum
2363 2952 2599 3007 duorum
2624 2954 2874 3009 locorum
2912 2956 3309 3025 expositionem
3343 2958 3397 3011 in
3422 2958 3717 3014 Commen-

2131 3043 2273 3096 tario
2299 3042 2367 3097 ad
2396 3041 2579 3097 Titum
2608 3044 2663 3097 in
2693 3044 2785 3099 illa
2820 3045 2982 3100 unica
3015 3048 3327 3102 assertione
3367 3047 3712 3115 fundaverat,

444 3132 615 3187 cium.
636 3131 886 3189 Secunda
910 3145 1092 3190 autem
1121 3138 1390 3193 sententia
1419 3137 1543 3205 fuit,
1558 3154 1755 3193 nomen
1786 3139 2026 3209 episcopi
2056 3166 2098 3223 α
2132 3133 2277 3203 quod
2311 3134 2363 3188 in
2408 3150 2515 3190 una
2545 3135 2770 3191 civitate
2802 3137 2988 3207 plures
3020 3139 3263 3209 episcopi
3294 3155 3415 3196 esse
3444 3157 3553 3196 non
3587 3157 3715 3211 pos-

446 3230 502 3278 et
522 3224 826 3295 presbyteri
853 3225 1133 3283 inferioris
1168 3228 1380 3283 ordinis
1407 3229 1785 3285 sacerdotibus
1815 3230 2029 3285 indiffe-

446 3325 627 3371 renter
646 3325 701 3371 et
720 3318 1033 3387 promiscue
1052 3319 1373 3374 attributum
1398 3336 1540 3387 esse,
1562 3330 1817 3376 neutrum
1844 3335 2025 3377 autem

445 3407 605 3475 primi
638 3408 871 3475 ordinis,
904 3425 999 3464 seu
1036 3410 1342 3481 episcopis;
1394 3412 1541 3481 quod
1586 3421 1715 3468 tunc
1765 3414 2027 3483 temporis

444 3500 608 3569 primi
638 3501 858 3557 ordines
907 3503 1222 3558 sacerdotes
1262 3505 1496 3573 apostoli
1526 3505 1843 3560 dicerentur
1867 3523 1883 3559 :
1906 3521 2030 3576 quat

442 3588 548 3647 luit
574 3593 763 3662 Opinio
783 3592 846 3646 B.
881 3592 1229 3650 Theodoreti.
1266 3593 1469 3651 Praeter
1503 3596 1603 3652 has
1637 3596 1765 3667 ilngi
1796 3602 2030 3667 possunt

442 3694 500 3740 et
540 3686 661 3742 alia:
692 3686 834 3754 dum,
882 3688 1192 3757 superioris
1242 3690 1457 3745 ordinis
1497 3690 1833 3756 sacerdotes,
1880 3704 2029 3744 nunc

443 3779 753 3849 episcopos,
791 3794 939 3834 nunc
967 3780 1338 3851 presbyteros,
1368 3780 1645 3837 inferioris
1685 3790 1867 3837 autem
1902 3792 2027 3838 tan-

445 3878 559 3924 tum
590 3871 940 3941 presbyteros
973 3873 1274 3942 appellatos
1303 3888 1447 3938 esse,
1480 3888 1647 3943 quam
1678 3881 1738 3926 ut
1763 3874 2027 3943 probabi-

446 3965 553 4018 lem
597 3963 838 4018 admittit
886 3962 1301 4030 Hammondus;
1356 3965 1441 4019 vel
1493 3964 1769 4021 inferioris
1815 3966 2028 4021 ordinis

445 4055 761 4111 sacerdotes
807 4071 956 4110 nunc
998 4058 1370 4129 presbyteros,
1413 4074 1561 4112 nunc
1590 4060 1899 4130 episcopos,
1932 4076 2027 4115 su-

448 4146 680 4216 perioris
701 4162 835 4201 vero
856 4148 1147 4218 episcopos
1170 4158 1381 4204 tantum
1404 4159 1626 4205 vocatos
1652 4150 1840 4213 fuisse,
1859 4168 2027 4222 quam

442 4237 731 4307 amplexus
756 4247 842 4293 est
863 4254 1046 4295 nemo.
1077 4238 1216 4294 Cum
1248 4251 1398 4296 tanta
1424 4243 1496 4295 sit
1521 4242 1664 4297 inter
1686 4258 1900 4307 omnes,
1931 4244 2026 4313 qui

444 4331 888 4386 communionem
940 4332 1137 4387 horum
1186 4334 1473 4388 nominum
1516 4334 1570 4387 in
1623 4334 1923 4404 Scripturis
1967 4352 2029 4393 se

442 4422 870 4493 deprehendisse
897 4425 1183 4495 putabant,
1201 4425 1494 4489 dissensio,
1524 4425 1799 4496 variaeque
1832 4442 2023 4482 eorum

2131 3234 2287 3291 sent;
2319 3241 2445 3280 cum
2477 3236 2660 3282 autem
2691 3229 2744 3282 id
2770 3237 2866 3283 aut
2890 3245 3078 3284 verum
3100 3240 3195 3285 aut
3222 3241 3432 3287 certum
3461 3248 3570 3288 non
3591 3248 3719 3290 esse

2129 3316 2215 3370 vel
2248 3316 2364 3386 ipse
2393 3319 2745 3389 perspiceret,
2786 3320 2872 3374 vel
2905 3320 2975 3375 ab
3019 3321 3142 3376 aliis
3186 3324 3503 3380 admonitus
3534 3334 3713 3392 esset;

2132 3407 2297 3461 alium
2328 3408 2416 3463 hic
2443 3407 2623 3463 locum
2653 3410 2924 3478 adhibuit,
2958 3427 3069 3480 quo
3103 3429 3221 3467 rem
3253 3416 3504 3470 eamdem
3538 3414 3717 3470 mani-

2129 3496 2325 3553 festius
2357 3499 2577 3568 probari
2623 3502 2855 3570 putavit.
2899 3500 3213 3568 Quinetiam
3246 3505 3293 3560 si
3325 3520 3513 3560 verum
3546 3515 3715 3573 esset,

2130 3590 2294 3645 unius
2325 3592 2561 3647 civitatis
2613 3608 2783 3648 unum
2829 3597 3212 3651 tantummodo
3246 3607 3375 3651 tunc
3405 3597 3575 3654 fuisse
3599 3601 3713 3669 epi-

2129 3697 2384 3753 scopum,
2416 3698 2525 3741 non
2560 3694 2741 3739 tamen
2782 3686 2906 3741 inde
2937 3688 3121 3741 statim
3167 3699 3492 3757 sequeretur
3521 3706 3712 3746 vocem

2128 3775 2450 3839 ἐπισκόποις
2476 3777 2544 3831 ad
2574 3778 2867 3847 episcopos
2906 3779 3124 3848 proprie
3173 3780 3352 3836 dictos
3399 3797 3509 3836 non
3541 3784 3711 3851 perti-

2130 3880 2293 3932 nere;
2326 3882 2436 3920 non
2465 3867 2611 3921 enim
2641 3883 2737 3923 eos
2760 3868 3128 3939 Philippensis
3155 3872 3401 3927 ecclesiae
3422 3874 3714 3944 episcopos

2132 3967 2289 4012 vocat
2334 3969 2429 4014 aut
2472 3960 2731 4029 civitatis,
2760 3962 2853 4017 sed
2886 3972 3099 4017 tantum
3130 3977 3229 4018 eos
3270 3971 3404 4020 tunc
3444 3964 3715 4035 Philippis

2129 4049 2301 4105 fuisse
2340 4052 2552 4111 innuit:
2584 4053 2824 4108 scribere
2859 4064 3041 4108 autem
3074 4054 3143 4109 ad
3175 4055 3299 4111 illos
3338 4058 3535 4125 potuit,
3569 4072 3713 4125 quos

2129 4152 2261 4196 tunc
2289 4140 2555 4212 Philippis
2599 4159 2723 4199 esse
2763 4154 3126 4216 cognoverat,
3161 4146 3287 4201 licet
3313 4147 3542 4201 aliarum
3571 4148 3708 4200 civi-

2128 4241 2304 4289 tatum
2352 4237 2595 4306 episcopi
2645 4246 2850 4293 essent.
2897 4237 3278 4295 Theodoretus
3335 4239 3500 4309 igitur
3542 4232 3709 4292 aliam

2127 4329 2394 4383 rationem
2426 4329 2599 4397 addit,
2629 4331 2777 4399 quod
2800 4346 2867 4385 eo
2888 4331 2995 4387 loci
3024 4331 3327 4403 presbyteri
3364 4330 3498 4384 nulli
3528 4330 3711 4383 nomi-

2127 4428 2327 4474 nentur
2382 4420 2525 4475 inter
2573 4421 2865 4492 episcopos
2905 4431 2962 4477 et
3015 4424 3279 4479 diaconos
3312 4441 3325 4477 :
3357 4438 3485 4477 cum
3540 4422 3708 4493 igitur

442 4516 749 4583 sententiae,
776 4532 899 4587 qua;
930 4524 1013 4572 ίοι
1054 4515 1167 4571 fere
1195 4526 1334 4587 quot
1378 4518 1630 4574 homines
1659 4528 1809 4585 sum,
1840 4522 2024 4576 ροηρί-
2055 4507 2099 4562 D
2127 4512 2428 4583 presbyteri
2477 4512 2724 4569 diaconis
2769 4515 3006 4584 proximi
3055 4516 3199 4580 sint,
3251 4529 3474 4569 necesse
3520 4522 3604 4568 est
3649 4524 3711 4567 ut

442 4608 564 4663 liari
609 4609 760 4664 nullo
807 4609 971 4664 modo
1023 4610 1257 4679 possint,
1295 4609 1471 4681 magis
1522 4610 1703 4666 adhuc
1744 4613 2025 4681 probabile

442 4697 688 4754 redditur
729 4700 893 4755 talem
936 4699 1382 4754 communionem
1414 4700 1697 4755 nominum
1733 4717 1923 4757 revera
1966 4702 2022 4757 in

442 4788 743 4861 Scripturis
777 4807 887 4847 non
914 4789 1161 4862 reperiri.

512 4879 719 4937 Tertio.
754 4881 1017 4937 Rationes
1043 4881 1177 4952 ipsa:
1204 4880 1372 4950 hujus
1400 4881 1702 4949 sententiae,
1730 4897 1871 4952 quas
1891 4881 2023 4938 aﬂ‘e—

440 4983 572 5030 runt
601 4975 1013 5031 communionis
1040 4975 1239 5029 horum
1266 4972 1554 5028 nominum
1579 4982 1903 5043 assertores,
1929 4989 2025 5031 aut

440 5063 611 5131 false,
645 5074 740 5120 aut
771 5066 994 5120 incertae
1028 5073 1179 5131 sunt,
1217 5074 1313 5119 aut
1352 5065 1406 5120 id
1452 5081 1562 5121 non
1605 5067 1846 5123 eﬂiciunt
1873 5068 2023 5138 quod

440 5157 541 5227 ipsi
582 5158 787 5213 volunt.
817 5155 1053 5227 Philipp.
1086 5171 1127 5219 ι,
1151 5156 1205 5221 1,
1237 5157 1468 5228 legimus
1494 5176 1508 5211 :
1536 5157 1740 5214 Paulus
1761 5168 1811 5213 et
1846 5159 2023 5215 Timo-

439 5247 588 5301 theus
615 5264 795 5302 servus
825 5245 956 5301 Iesu
990 5244 1193 5301 Christi
1224 5248 1468 5302 omnibus
1509 5250 1710 5304 sanctis
1735 5250 1786 5302 in
1810 5248 2022 5304 Christo

438 5336 590 5401 less,
629 5354 752 5392 cum
798 5339 1055 5409 episcopis
1086 5348 1135 5395 et
1162 5340 1425 5398 diaconis.
1475 5338 1635 5396 Hunc
1679 5342 1862 5396 locum
1898 5360 1916 5393 ι
1954 5343 2022 5398 de

438 5433 782 5488 secundariis
844 5434 1223 5491 sacerdotibus
1284 5450 1393 5491 non
1448 5435 1609 5504 pauci
1661 5451 1841 5506 neque
1888 5451 2023 5492 con-

441 5524 718 5579 temnendi
749 5533 865 5579 tum
898 5525 1096 5581 veteris
1125 5534 1240 5581 tum
1274 5528 1511 5584 recentis
1536 5527 1815 5581 memoria:
1849 5527 2021 5583 inter-

440 5625 624 5685 pretes
672 5617 1013 5687 accipiunt,»
1075 5619 1253 5688 inquit
1294 5620 1549 5676 Dallaeus.
1603 5618 1709 5675 Sed
1749 5620 2019 5676 rationem

440 5707 586 5761 hanc
610 5720 821 5762 tantum
860 5709 1096 5765 all'erunt
1132 5718 1361 5774 veteres,
1397 5712 1545 5780 quod
1576 5712 1631 5765 in
1666 5727 1773 5766 una
1802 5712 2021 5767 civitate

440 5812 584 5853 uitus
613 5807 824 5856 tantum
852 5809 998 5857 esset
1025 5799 1339 5873 episcopus.
1370 5799 1453 5857 Ita
1479 5798 1538 5856 S.
1567 5801 2021 5875 Chrysostomus,

2123 4603 2365 4673 episcopi
2405 4618 2503 4672 pro
2543 4604 2861 4675 presbyteris
2900 4607 3263 4677 accipiantur.
3310 4605 3416 4660 Sed
3462 4606 3709 4660 nondum

2126 4696 2345 4765 probari
2388 4696 2565 4765 potuit
2606 4698 2747 4753 ullos
2776 4699 3004 4753 secundi
3030 4700 3247 4755 ordinis
3277 4699 3587 4754 sacerdOtes
3611 4715 3709 4752 seu

2125 4789 2471 4859 presbyteros
2518 4798 2649 4843 tunc
2695 4789 2965 4861 Philippis
3009 4793 3324 4859 exstitisse;
3359 4791 3507 4845 nulla
3557 4794 3707 4845 enim

2122 4896 2313 4935 eorum
2353 4890 2530 4934 exstat
2574 4880 2861 4937 memoria.
2892 4882 3232 4953 Epiphanius
3267 4895 3445 4939 autem
3476 4899 3542 4937 ex
3569 4883 3712 4936 anti-

2124 4972 2408 5042 quissimis
2451 4970 2711 5028 Ecclesiae
2739 4976 3112 5030 monumentis
3141 4974 3302 5030 docet
3343 4974 3623 5045 apostolos
3653 4974 3709 5027 in

2123 5064 2401 5133 aliquibus
2430 5064 2749 5121 civitatibus
2783 5068 3075 5137 episcopos
3103 5067 3393 5122 ordinasse
3437 5082 3562 5121 cum
3595 5068 3710 5122 suis

2122 5157 2371 5211 diaconis
2392 5197 2407 5224 ,
2442 5158 2609 5214 nullis
2642 5159 2870 5214 omnino
2902 5158 3239 5230 presbyteris
3274 5158 3477 5211 ibidem
3512 5158 3715 5212 consti-

2125 5249 2274 5303 tutis.
2310 5248 2555 5320 Denique
2598 5260 2808 5307 certum
2843 5267 2952 5305 non
2999 5261 3085 5306 est
3119 5250 3235 5305 haec
3268 5249 3352 5303 vel
3382 5249 3449 5304 ad
3497 5250 3709 5319 episco-

2122 5356 2243 5411 pos,
2284 5342 2367 5397 vel
2403 5343 2471 5398 ad
2509 5345 2854 5416 presbyteros
2884 5342 3268 5413 Philippenses
3308 5342 3516 5411 scripta
3550 5355 3706 5405 esse;

2122 5451 2248 5489 nam
2280 5436 2577 5505 Apostolus
2608 5453 2889 5508 nunquam
2919 5438 2973 5491 in
3002 5437 3253 5507 epistolis
3282 5436 3367 5491 vel
3394 5436 3706 5505 episcopos,

2122 5527 2207 5581 vel
2258 5529 2624 5599 presbyteros,
2656 5530 2738 5585 vel
2786 5530 3051 5585 diaconos
3098 5529 3353 5585 ﬁdelibus
3402 5527 3705 5598 subjunxit,

2122 5634 2405 5688 nunquam
2440 5620 2509 5676 ad
2536 5622 2769 5693 alicujus
2792 5621 3053 5677 Ecclesiae
3078 5624 3429 5694 presbyteros
3461 5620 3705 5690 scripsit,

2121 5713 2268 5781 quod
2290 5728 2321 5767 a
2344 5715 2621 5771 veteribus
2650 5716 2969 5771 adnotatum
2992 5726 3098 5771 est.
3133 5714 3296 5769 Ratio
3327 5724 3509 5769 autem
3537 5723 3705 5783 quam

2123 5805 2376 5875 alterunt,
2405 5822 2505 5864 cur
2528 5808 2618 5865 hic
2652 5809 2717 5865 ad
2744 5809 3093 5883 presbyteros
3121 5818 3176 5865 et
3208 5808 3476 5865 diaconos
3499 5806 3707 5862 scribe-
