4138 6412
434 376 531 431 Ml

1191 374 1244 430 J.
1285 371 1656 430 PEARSONII
1698 370 2028 427 VINDICIAS
2056 370 2481 428 ΙΕΝΑΤῙΑΝᾸΞ.
2512 399 2580 412 --—
2620 370 2801 425 PARS
2837 369 2901 424 ll.

3604 364 3712 422 H2

438 504 536 557 ret,
561 492 933 548 incertissima
956 504 1040 550 est
1069 504 1122 549 et
1152 493 1571 549 invalidissima.
1601 491 1659 548 S.
1693 491 2022 563 Chrysosto-
2050 507 2098 565 Α
2123 493 2480 549 doctissimus
2533 493 2691 547 ﬁnxit
2751 501 2804 547 et
2854 488 3098 546 omnium
3153 487 3365 559 primus
3418 485 3710 550 formavit;

436 603 558 643 mus
585 607 597 641 :
626 585 897 640 Ἐνταῦοα
930 586 1218 657 ζητήσειεν
1249 587 1314 641 ἄν
1344 602 1429 649 τις
1460 585 1717 649 εἰκότως,
1743 584 1797 636 τί
1821 582 2020 653 δήποτε

433 680 672 752 οὐδαμοῦ
705 680 785 751 τῷ
816 680 1002 752 κλήρῳ
1031 680 1260 752 γράφων
1292 677 1549 748 ἀλλαχοῦ,
1584 676 1684 729 οὐκ
1714 679 1773 730 ὲν
1811 677 2019 745 Ῥώμη,

435 774 535 827 οὐκ
568 776 625 826 ὲν
657 772 937 847 Κορίνθῳ,
972 771 1072 824 οὐκ
1120 771 1180 824 ὲν
1212 769 1424 839 Ἐφέσῳ
1445 810 1459 832 ,
1496 767 1629 821 ἀλλὰ
1683 769 1834 837 κοινῇ
1888 767 2023 819 πᾶσι

436 867 549 927 τοῖς
580 865 776 934 ἁγίοις,
810 864 843 935 ἢ
878 866 991 926 τοῖς
1022 866 1261 926 πιστοῖς,
1297 860 1467 931 ἣτοῖς
1494 858 1894 930 ἠγαπημένοις,
1930 861 2021 913 ὲν-

436 957 611 1011 ταῦθα
642 957 722 1027 τῷ
768 956 956 1029 κλήρῳ
1004 956 1205 1027 γράφει
1234 970 1249 1019 ;
1284 972 1300 1004 ι
1334 950 1435 1006 Hic
1478 952 1603 1022 jure
1635 951 1761 1021 quis
1791 960 2021 1021 quaerat,

438 1049 569 1117 quid
618 1049 839 1103 demum
891 1049 990 1114 sit,
1020 1049 1330 1118 quodcum
1378 1061 1661 1116 nunquam
1708 1044 1774 1098 ad
1814 1043 2021 1097 clerum

440 1140 567 1195 alibi
617 1141 921 1211 scripserit,
954 1156 1061 1195 non
1107 1141 1173 1194 ad
1210 1139 1540 1203 Romanum,
1574 1154 1683 1193 non
1723 1137 1791 1191 ad
1831 1134 2024 1189 Corin-

438 1234 706 1298 thiacum,
740 1250 848 1288 non
892 1232 959 1287 ad
1003 1231 1365 1303 Ephesinum,
1397 1233 1490 1288 sed
1540 1228 1907 1286 communiter
1955 1229 2023 1282 ad

440 1342 635 1384 omnes
662 1336 908 1389 sanctos,
936 1327 1020 1380 vel
1051 1325 1257 1388 ﬁdeles,
1276 1325 1361 1379 vel
1389 1324 1642 1390 dilectos,
1673 1323 1788 1376 haec
1814 1320 1879 1374 ad
1913 1320 2026 1374 cle-

441 1438 563 1476 rum
594 1421 819 1476 scribit?
841 1440 857 1471 ι
892 1418 1018 1475 [late
1055 1420 1349 1475 difﬁcultas
1379 1431 1485 1484 est,
1510 1433 1675 1488 quam
1726 1416 1807 1471 sic
1837 1415 2027 1470 tollere

442 1523 671 1569 conatur
700 1531 712 1567 :
739 1514 860 1566 Ὅτι
893 1513 1046 1566 αὐτοὶ⁴
1076 1514 1170 1566 καὶ
1203 1510 1553 1575 ἀπέστειλαν,
1590 1509 1685 1563 καὶ
1718 1507 2029 1583 ἐκαρποφό-

443 1620 637 1677 ρησαν,
671 1602 763 1657 καὶ
796 1603 948 1656 αὐτοὶ
981 1601 1232 1673 ἔπεμψαν
1266 1602 1403 1673 πρὸς
1434 1601 1597 1653 αὐτὸν
1626 1599 1719 1653 τὸν
1756 1599 2031 1669 Ἐπαφρό-

442 1696 604 1749 διτον.
648 1714 666 1745 ι
696 1693 856 1761 Quod
903 1693 980 1748 illi
1029 1693 1287 1748 collectas
1333 1690 1593 1755 fecerint,
1641 1699 1694 1745 et
1735 1690 1801 1745 ad
1848 1690 2025 1759 ipsum

446 1786 878 1857 Epaphroditum
926 1783 1237 1838 miserint.)
1293 1783 1364 1837 At
1411 1782 1519 1837 hoc
1568 1782 1869 1847 incertum;
1918 1780 2029 1833 imo

2130 586 2281 640 nulla
2312 602 2415 639 vox
2447 594 2531 640 est
2564 585 2620 639 in
2664 582 2936 654 epistolis,
2969 596 3092 652 qua:
3121 580 3215 635 illo
3246 579 3511 649 temporis
3538 579 3714 633 inter--

2125 677 2269 731 vallo
2300 686 2425 731 nata
2458 675 2649 739 fuisse,
2673 674 2879 729 nullius
2905 673 3056 728 vocis
3080 686 3275 726 sensus
3297 670 3391 740 qui
3420 678 3551 725 tunc
3579 677 3718 724 ten.-

2132 768 2285 841 poris
2315 769 2553 839 primum
2582 767 2831 837 erupisse
2858 765 3105 832 dicatur,
3137 762 3286 818 nulla
3314 761 3572 832 loquendi
3602 760 3717 814 for-

2128 863 2276 917 mula
2308 877 2430 931 quae
2462 875 2571 915 non
2604 860 2661 914 S.
2696 858 2886 930 lguatii
2933 865 3147 911 aetatem
3192 855 3351 909 ferat.
3397 852 3608 907 Nomen
3637 853 3719 909 el-

2128 954 2404 1027 ρεσιωτῶν
2449 952 2589 1006 male
2617 951 2877 1020 exagitat,
2902 949 3047 1018 quod
3079 959 3261 1003 tamen
3302 947 3482 1001 nostri
3515 944 3711 1016 lgnatii

2127 1057 2379 1113 nonest;
2416 1046 2609 1100 Latina
2639 1060 2746 1098 non
2784 1051 2959 1113 urget,
2996 1039 3323 1095 Hammondi
3363 1036 3714 1107 responsioni

2128 1145 2518 1210 acquiescens;
2550 1137 2845 1206 etquidem
2879 1136 3172 1204 sapienter.
3198 1129 3334 1185 Nam
3362 1141 3417 1185 et
3445 1129 3503 1185 S.
3534 1128 3714 1201 Chry-

2130 1241 2409 1289 sostomus
2442 1231 2497 1283 in
2527 1244 2635 1284 una
2666 1228 2897 1299 epistola
2923 1227 3011 1292 l5,
3045 1226 3097 1278 in
3130 1239 3237 1294 qua
3273 1234 3531 1292 tanquam
3575 1220 3716 1275 alter

2130 1322 2373 1395 lgnatius
2398 1319 2770 1392 μακροτέρους
2800 1318 2909 1372 τῶν
2938 1317 3156 1389 δρόμων
3182 1316 3308 1378 τοὺς
3340 1312 3588 1376 διαύλους
3621 1312 3718 1365 de-

2130 1413 2343 1479 scribit,
2376 1414 2477 1466 has
2506 1411 2779 1481 ejusmodi
2814 1424 2979 1463 voces
3009 1407 3190 1472 habet,
3217 1404 3502 1477 δρουγγὸς,
3542 1403 3715 1474 μίλια,

2128 1505 2429 1569 λεκτίκιον,
2467 1502 2735 1575 βούρδων,
2772 1500 3085 1567 κάστελλον,
3124 1497 3377 1570 βικαρία,
3410 1494 3718 1568 τριϐοὓνος,

2131 1597 2272 1671 ρήξ,
2318 1611 2459 1667 quas
2519 1595 2663 1665 apud
2713 1593 3185 1665 elegantissimum
3240 1588 3721 1656 tersissimumque

2132 1692 2459 1760 scriptorem
2507 1702 2618 1743 non
2672 1686 2926 1758 qumsivit
2982 1683 3281 1739 Meursius.
3333 1679 3439 1735 Sed
3498 1686 3724 1734 movent

2131 1798 2256 1839 eum
2291 1802 2309 1835 ι
2341 1782 2565 1836 nomina
2594 1780 2741 1834 varie
2770 1777 3108 1847 composita;
3134 1783 3188 1829 et
3214 1773 3465 1832 miriﬁca.
3492 1772 3717 1841 quibus,

443 1879 629 1950 potius
657 1877 996 1932 contrarium
1028 1886 1237 1930 certum
1268 1881 1387 1941 est;
1418 1890 1542 1929 cum
1572 1872 1859 1943 apostolus
1888 1887 2032 1941 saepe
2064 1870 2104 1923 Β
2136 1882 2197 1929 ut
2242 1873 2340 1938 ait,
2381 1871 2628 1942 epistolae
2673 1869 2740 1923 ad
2794 1866 3078 1923 fastidium
3132 1874 3364 1921 scatent.
3390 1883 3408 1915 ι
3459 1862 3723 1917 Producit

443 1980 732 2036 agnoscat,
764 1970 819 2023 in
870 1969 975 2023 hac
1016 1982 1075 2023 re
1111 1968 1434 2023 charitatem
1471 1968 1718 2021 omnium
1774 1963 1842 2018 ad
1889 1979 2030 2033 quos

442 2062 658 2125 scribit,
684 2075 864 2131 neque
891 2059 1057 2113 ullam
1091 2060 1234 2113 inter
1265 2057 1488 2122 fratres,
1521 2073 1616 2112 seu
1642 2054 2030 2125 Philippesios,

444 2162 501 2207 et
532 2167 725 2207 eorum
764 2152 974 2206 clerum
1015 2148 1403 2213 diﬁ‘erentiam,
1455 2148 1509 2202 in
1564 2147 1898 2202 necessariis
1932 2145 2034 2198 mi-

446 2245 749 2302 nistrandis
772 2254 865 2299 aut
890 2242 1155 2297 mittendo
1178 2240 1547 2311 Epaphrodito
1574 2239 1849 2294 observet.
1876 2235 2032 2290 Nulla

445 2340 729 2395 enimvero
775 2352 944 2392 causa
976 2345 1062 2390 est
1111 2334 1245 2389 satis
1274 2333 1423 2403 justa
1465 2347 1565 2386 cur
1594 2331 1684 2385 hic
1728 2329 2033 2399 apostolum

446 2428 514 2484 ad
565 2429 776 2484 clerum
822 2426 1113 2497 scripsisse
1162 2424 1480 2480 necessario
1527 2432 1873 2485 statuamus,
1909 2436 2034 2474 cum

448 2521 557 2577 hoc
583 2523 654 2576 ab
684 2538 751 2576 eo
778 2535 1062 2590 nunquam
1114 2517 1250 2573 alias
1297 2516 1502 2571 factum
1555 2516 1658 2581 sit;
1696 2529 1821 2568 nam
1868 2512 2036 2567 verba

368 2619 375 2625 '
448 2614 542 2668 illa
592 2614 689 2667 σὺν
739 2612 1057 2674 ἐπισκόποις
1109 2611 1202 2663 καὶ
1250 2608 1518 2671 διακόνοις
1567 2623 1676 2661 non
1726 2605 2039 2661 necessario

447 2722 574 2762 cum
606 2706 812 2761 sanctis
852 2704 947 2776 qui
976 2712 1134 2758 erant
1166 2701 1436 2772 Philippis
1469 2701 1905 2771 conjunguutur,
1943 2698 2037 2753 sed

449 2819 576 2860 cum
614 2802 786 2858 Paulo
807 2811 862 2856 et
887 2800 1178 2856 Timotheo
1207 2800 1466 2871 conjungi
1496 2806 1748 2869 possunt.
1778 2798 1958 2868 Atque
1985 2796 2039 2851 in

447 2912 577 2952 eum
614 2896 837 2951 modum
872 2895 987 2950 haec
1018 2894 1181 2949 verba
1210 2892 1409 2962 accipit
1443 2891 1875 2957 Ambrosiaster,
1905 2888 2042 2944 scri-

450 3000 577 3059 ptor
597 2988 732 3043 satis
764 2997 960 3042 acutus
984 3005 997 3041 :
1030 3004 1050 3039 ι
1076 2984 1191 3051 Qui
1211 2994 1333 3039 sunt
1362 2983 1651 3054 Philippis,
1678 2982 1881 3052 quibus
1903 2980 2043 3036 scri-

451 3081 533 3136 bit
559 3081 834 3152 signillcat
854 3122 870 3145 ,
900 3095 1020 3133 cum
1065 3079 1325 3148 episcopis
1366 3085 1416 3131 et
1458 3076 1795 3139 diaconibus,
1826 3074 1932 3129 hoc
1958 3081 2044 3128 est

451 3186 581 3227 cum
609 3170 782 3226 Paulo
817 3180 872 3225 et
900 3168 1214 3235 Timotheo,
1242 3169 1336 3238 qui
1369 3168 1558 3237 utique
1586 3164 1831 3236 episcopi
1860 3172 2038 3229 erant,

452 3263 622 3343 simul
655 3272 711 3318 et
754 3262 1085 3334 signiﬁcavit
1124 3270 1178 3316 et
1208 3261 1475 3316 diaconos
1520 3258 1615 3330 qui
1652 3256 2043 3312 ministrabant

451 3356 529 3411 ei.
556 3355 638 3410 Ad
666 3355 878 3425 plebem
911 3355 1058 3409 enim
1091 3354 1305 3409 scribit.
1338 3350 1474 3406 Nam
1520 3351 1566 3406 si
1596 3350 1870 3421 episcopis
1900 3349 2041 3405 scri-

455 3449 630 3515 beret,
655 3456 710 3502 et
741 3448 847 3502 loci
886 3446 1060 3517 ipsius
1090 3446 1350 3516 episcopo
1377 3443 1732 3498 scribendum
1761 3450 1901 3506 erat,
1934 3454 2046 3495 non

455 3540 674 3595 duobus
697 3540 781 3594 vel
806 3538 1006 3603 tribus,
1027 3536 1236 3593 sicutet
1260 3536 1330 3591 ad
1353 3533 1531 3589 Titum
1550 3543 1602 3589 et
1625 3532 1997 3587 Timotheum.
2020 3548 2042 3586 ι

532 3631 661 3688 11ωο
687 3648 815 3688 cum
848 3632 959 3686 sint
993 3640 1239 3685 veterum
1270 3627 1629 3682 fundamenta
1661 3626 1865 3696 quibus
1896 3640 2049 3679 com-

457 3720 780 3776 munionem
798 3719 1086 3773 nominum
1114 3716 1471 3787 apostolicam
1499 3723 2051 3785 superstruunt,quae

460 3812 670 3868 nullam
700 3811 928 3865 omnino
970 3809 1353 3865 certitudinem
1386 3823 1498 3877 pra:
1524 3821 1583 3861 se
1608 3805 1814 3870 ferunt,
1839 3813 1892 3859 et
1923 3820 2048 3860 cum

459 3906 577 3960 sint
603 3921 670 3960 ex
701 3904 855 3974 praxi
884 3913 938 3958 et
973 3902 1372 3958 consuetudine
1421 3898 1702 3953 inferioris
1732 3897 1909 3952 artatis
1952 3897 2052 3951 de-

459 3996 654 4063 ducta,
682 3995 750 4049 ad
784 3996 960 4064 prima
990 3992 1251 4049 Ecclesia:
1280 4002 1524 4062 tempora
1562 4007 1671 4045 non
1706 3990 2051 4060 pertingant;

460 4088 591 4158 quis
621 4101 732 4140 non
764 4084 911 4139 videt
941 4082 1264 4137 imitationis
1284 4078 1604 4149 apostolica
1635 4078 1691 4131 in
1721 4091 1823 4131 usu
1852 4075 2053 4129 horum

462 4179 761 4233 verborum
796 4176 1177 4230 necessitatem
1208 4187 1437 4242 prorsus
1464 4168 1830 4225 evanescere?
1861 4176 1917 4221 et
1948 4165 2059 4236 pal-

467 4272 706 4326 marium
743 4277 1126 4339 argumentum
1158 4265 1374 4320 tandem
1410 4264 1465 4318 in
1498 4262 1728 4317 nihilum
1758 4269 1944 4330 aperte
1974 4274 2061 4313 re-

465 4361 614 4432 digi,
645 4360 789 4430 quod
835 4359 1002 4413 etiam
1035 4357 1127 4410 illa
1156 4355 1547 4411 communione
1592 4352 1897 4423 apostolica
1928 4366 2060 4406 con-

467 4470 626 4512 cessa
661 4468 850 4509 revera
881 4452 1033 4507 nulla
1062 4451 1114 4505 vi
1145 4449 1346 4520 pollet?

1056 4562 1290 4619 CAPUT
1332 4560 1470 4617 XIV.

475 4659 649 4716 Nulla
691 4658 946 4713 vocabula
987 4657 1273 4712 ostendunt
1304 4656 1441 4718 hunc
1474 4654 1785 4722 scriptorem
1816 4651 1908 4703 diu
1944 4658 2066 4718 post

547 4732 824 4792 lanatium
840 4730 1052 4783 vixisse.
1082 4727 1245 4782 Voces
1269 4726 1572 4792 compositae
1591 4726 1941 4792 imposturam
1966 4736 2069 4773 non

545 4790 709 4855 olent.
763 4799 1024 4867 Exempla
1068 4814 1133 4853 ea:
1189 4796 1339 4850 Novo
1386 4790 1757 4867 Testamento,
1803 4790 2069 4845 Clemente

550 4873 808 4935 Romano,
828 4861 1099 4924 Cicerone.
1131 4868 1359 4922 Poeticw
1385 4883 1490 4921 non
1522 4874 1667 4919 sunt.
1692 4861 1753 4917 Si
1782 4877 2069 4935 quierant:

550 4946 654 4997 sint
686 4929 982 5003 aut'novaz,
1012 4940 1208 5009 optime
1242 4938 1456 5009 Ignatio
1486 4929 1821 5009 conueniunt.
1867 4929 2070 5009 N_ume-

552 5030 641 5068 rus
693 5028 880 5067 vocum
930 5002 994 5065 ab
1045 5002 1243 5075 ἄξιος,
1276 5002 1528 5074 νεπεηιριο
1585 5002 1987 5075 Xenopltontis,
2039 5017 2073 5053 a

551 5083 709 5167 φέρω
737 5083 1011 5167 communi
1034 5072 1289 5167 enituit—tut~
1302 5096 1400 5159 usu
1424 5072 2075 5167 defenditupyerbortn‘rt

552 5142 890 5211 int-modestia
924 5150 1208 5221 refellitur.
1249 5142 1655 5221 conjecturagde
1684 5146 1867 5221 ﬁctore
1901 5142 2077 5221 rejici-

555 5237 658 5278 tur.
699 5212 993 5291 Usurpatio
1018 5237 1200 5275 verum
1233 5212 1439 5289 φύσίς,
1467 5228 1518 5291 et
1552 5212 1720 5291 ᾅδειν
1749 5212 2071 5282 defenditur.

556 5296 787 5349 Phrases
812 5287 1011 5364 aliqua:
1038 5287 1376 5361 explicantur
1397 5305 1460 5342 ac
1485 5287 1859 5357 defenduntur.

558 5390 748 5460 Capite
780 5388 851 5442 27
883 5387 1054 5442 multa
1103 5385 1211 5440 alia
1253 5384 1404 5439 hunc
1453 5381 1779 5451 scriptorem
1808 5376 2077 5432 vocabula

486 5485 581 5539 diu
611 5492 733 5554 post
761 5482 1031 5553 lgnatium
1073 5480 1283 5536 vixisse
1314 5477 1513 5532 docere
1543 5487 1703 5544 posse
1738 5471 2075 5537 arbitratur;

486 5592 587 5648 ego
617 5592 748 5632 vero
776 5574 1135 5631 asserendum
1173 5587 1295 5627 esse
1336 5583 1446 5623 non
1478 5566 1669 5622 dubito
1698 5565 1754 5617 in
1794 5560 2081 5630 scriptoris

490 5685 748 5725 sermone
791 5668 930 5724 nihil
980 5666 1208 5721 omnino
1259 5660 1552 5727 contineri,
1593 5657 1740 5729 quod
1774 5669 1890 5710 aevo
1922 5651 2080 5724 lgna-

490 5768 643 5821 tiano
703 5764 889 5819 minus
941 5776 1105 5833 quam
1156 5756 1470 5813 Eusebiano
1517 5758 1808 5824 congruat.
1853 5744 2113 5804 Ducenti-

493 5859 623 5914 anni
654 5864 784 5915 sunt
810 5872 840 5912 a
873 5853 930 5910 S.
962 5851 1170 5927 lgnatio
1193 5850 1262 5907 ad
1286 5848 1607 5921 scriptorem
1637 5859 1789 5915 eum,
1811 5857 1973 5916 quem
1998 5839 2083 5896 vir

2134 1967 2319 2036 itaque
2340 1963 2767 2035 quamplurima,
2791 1960 3105 2031 colligitque
3125 1968 3388 2027 tanquam
3421 1954 3589 2025 ἐσμὸν
3608 1953 3728 2009 ἀτό-

2134 2074 2252 2111 πων
2302 2057 2395 2110 καὶ
2439 2054 2781 2127 διαστρόφων
2824 2050 3126 2123 ὀνομάτων,
3164 2057 3260 2103 aut
3301 2047 3557 2101 τοσοῦτον
3601 2047 3727 2119 βόρ-

2135 2149 2295 2222 ϐορον
2331 2146 2707 2218 συνερανίσας,
2750 2152 2809 2199 ut
2837 2142 3082 2212 loquitur
3106 2140 3406 2195 Lucianus.
3442 2137 3516 2193 Ut
3540 2147 3724 2192 autem

2135 2240 2398 2311 epistolas
2432 2238 2517 2292 his
2561 2246 2777 2291 scatere
2806 2234 3082 2300 ostendat,
3115 2232 3285 2286 multa
3315 2231 3727 2300 interpolators

2137 2342 2233 2389 aut
2282 2332 2491 2387 ﬁctoris
2544 2329 2810 2385 vocabula
2860 2327 2928 2381 iis
2974 2341 3100 2395 quae
3149 2325 3220 2379 ab
3261 2332 3487 2378 auctore
3533 2330 3729 2377 nostro

2139 2434 2402 2496 usurpata
2428 2432 2576 2487 sunt,
2605 2422 2901 2486 admiscet;
2928 2419 3112 2489 qualia
3156 2425 3319 2473 sunt:
3343 2413 3728 2485 πνευματοφό-

2141 2535 2254 2590 ρος,
2306 2514 2824 2586 ἁξιομνημόνευτος,
2876 2509 3272 2574 ἀξιεπαίνετος,
3312 2504 3728 2578 χριστόληπτος,

2140 2608 2587 2683 ἁνθρωπομίμος,
2636 2602 3172 2677 χρηματολαίλαπες,
3205 2608 3259 2655 et
3302 2607 3494 2667 postea
3527 2611 3727 2649 κακεν-

2140 2703 2360 2777 τρεχὴς,
2410 2696 2980 2773 μεγαλορρημοσύναι.
3027 2692 3169 2761 Quid
3231 2690 3376 2761 quod
3426 2685 3731 2758 ἀνυστὲρη-

2139 2814 2233 2860 τος
2266 2797 2410 2850 inter
2437 2809 2604 2850 voces
2646 2791 2875 2846 miriﬁce
2918 2787 3255 2857 compositas
3302 2790 3647 2839 numeretur.
3677 2788 3734 2834 ει

2143 2890 2286 2944 inter
2303 2886 2524 2942 nomina
2550 2882 2893 2941 substantiva
2926 2876 3257 2949 ὰκαυχησία,
3278 2890 3400 2946 quae
3422 2872 3562 2928 nihil
3591 2873 3736 2927 aliud

2143 2981 2347 3036 habent
2378 2993 2544 3050 quam
2570 2979 2605 3033 ἀ
2643 2975 2959 3049 στερητικὸν
2986 2972 3306 3043 praeﬁxum;
3337 2982 3462 3022 cum
3498 2966 3551 3019 in
3584 2962 3737 3017 Novo

2145 3072 2498 3130 Testamento
2535 3070 2725 3127 eadem
2755 3067 3023 3140 particula
3052 3064 3281 3120 vocibus
3312 3060 3535 3119 aliunde
3564 3058 3730 3113 etiam

2146 3177 2200 3222 et
2233 3166 2383 3237 prius
2412 3164 2735 3234 compositis
2763 3159 3070 3232 szepissime
3100 3157 3354 3221 addatur,
3384 3153 3576 3225 quales
3608 3157 3739 3204 sunt

2146 3256 2597 3328 ἀγενεαλόγητος,
2620 3251 2964 3325 ἀδιαφθορία,
2990 3245 3395 3310 ἀκαταστασία,
3419 3241 3742 3311 ἀκατάγνω-

2148 3364 2303 3411 στος,
2355 3344 2757 3417 ἀμετανόητος,
2820 3340 3247 3410 ἀνεκδιήγητος,
3300 3334 3742 3406 ἀνεξιχνίαστος,

2148 3436 2590 3512 ἀνεξερεύνητος,
2622 3430 3155 3504 ἀπροσωπολήπτης,
3194 3429 3422 3499 aliaeque
3448 3426 3741 3496 quamplu-

2148 3530 2341 3586 rirnw?
2372 3527 2516 3595 Quin
2556 3535 2612 3581 et
2658 3526 2800 3580 inter
2827 3523 2943 3577 hac
2978 3519 3337 3593 βεδαιοσύνην
3377 3517 3557 3571 attulit
3581 3517 3743 3585 quasi

2152 3621 2361 3694 grande
2401 3618 2747 3683 vocabulum,
2781 3614 2927 3685 quod
2969 3613 3216 3683 ejusdem
3261 3609 3453 3664 formae
3494 3616 3580 3663 est
3614 3623 3741 3662 cum

2154 3714 2441 3770 tritissima
2495 3725 2631 3765 voce
2681 3705 3030 3777 δικαιοσύνη,
3079 3718 3257 3773 neque
3311 3702 3487 3772 magis
3538 3699 3747 3769 grande

2154 3821 2321 3876 quam
2350 3802 2482 3858 illud
2513 3818 2544 3854 a
2580 3799 2637 3855 S.
2668 3798 2841 3853 Paulo
2872 3812 2980 3850 non
3016 3794 3185 3850 semel
3221 3800 3569 3862 usurpatum,
3603 3791 3743 3857 ἀγα·-

2157 3896 2395 3967 θωσύνη.
2445 3893 2543 3949 His
2590 3892 2755 3964 igitur
2797 3887 3088 3958 expunctis
3135 3899 3398 3939 numerus
3441 3882 3746 3948 decrescit,

2159 3993 2370 4062 reliqua
2410 4004 2543 4045 sane
2574 3996 2635 4041 ut
2667 3983 2821 4039 varie
2854 3979 3162 4050 composita
3193 3977 3321 4040 sint,
3353 3988 3463 4028 non
3500 3984 3628 4028 sunt
3658 3980 3747 4025 ta—

2158 4102 2282 4141 meu
2313 4083 2449 4139 adeo
2480 4080 2735 4135 miriﬁca.
2772 4074 2909 4142 Quis
2937 4072 3083 4126 enim
3114 4083 3357 4139 unquam
3392 4064 3754 4134 compositio-

2160 4195 2258 4235 nes
2292 4177 2347 4232 in
2381 4175 2570 4230 Graeca
2602 4171 2787 4242 lingua
2819 4167 3053 4222 miratus
3084 4171 3188 4227 est,
3220 4175 3386 4231 quam
3421 4172 3616 4212 omnes
3645 4171 3749 4210 no.-

2162 4274 2293 4321 runt
2312 4263 2541 4319 vocibus
2570 4257 2893 4329 compositis
2913 4254 3149 4309 maxime
3178 4248 3494 4305 abundare?
3514 4247 3760 4316 Indeque

2162 4374 2284 4413 eam
2314 4353 2589 4427 praecipue
2618 4352 2860 4421 linguam
2884 4348 2955 4403 ob
2984 4352 3353 4408 venustatem,
3393 4339 3755 4411 elegantiam,

2166 4462 2221 4507 et
2257 4449 2632 4506 felicissimam
2677 4444 2973 4499 verborum
3015 4439 3230 4509 c0piam
3273 4433 3556 4506 pmdicari
3590 4445 3765 4487 nemo

2098 4570 2143 4625 D
2171 4544 2401 4614 ignorat.
2436 4539 2558 4610 Ipse
2595 4537 2789 4592 Cicero
2836 4532 3234 4604 elegantiarum
3281 4526 3524 4597 optimus
3560 4525 3764 4594 judex,

2169 4645 2224 4691 et
2252 4635 2307 4688 in
2335 4633 2486 4689 omni
2516 4629 2775 4701 loquendi
2817 4641 3017 4699 genere
3051 4624 3210 4680 facile
3260 4624 3489 4694 primus,
3519 4636 3643 4675 cum
3688 4620 3765 4674 ad

2168 4725 2411 4780 Atticum
2447 4722 2732 4782 scriberet,
2765 4718 2859 4788 qui
2893 4716 3080 4772 Graeca
3109 4714 3358 4770 doctrina
3390 4711 3630 4767 maxime
3662 4710 3771 4765 de-

2171 4818 2496 4882 lectabatur,
2538 4830 2603 4869 ex
2639 4826 2702 4867 ea
2748 4812 2936 4882 lingua
2966 4810 3067 4864 has
3101 4823 3263 4863 voces
3312 4804 3523 4876 selegit,
3555 4804 3775 4872 quibus

2171 4910 2433 4981 epistolas
2471 4923 2602 4963 suas
2631 4912 2950 4967 exornaret,
2979 4909 3033 4956 et
3066 4901 3187 4953 viro
3232 4898 3473 4953 maximo
3510 4895 3777 4963 gratissi--

2173 5017 2294 5057 mas
2343 4999 2606 5065 efﬁceret,
2662 4995 2977 5061 ὀξύπεινος,
3029 4992 3335 5063 καχὼιτης,
3384 4987 3773 5059 ἀδικαίαρχοιν

2175 5093 2559 5167 ἡμερόλεγδον,
2612 5087 2930 5161 νομανδρία,
2981 5081 3516 5155 ὑπομεμψιμοίρους,
3565 5079 3771 5132 νεόκτι-

2178 5205 2303 5251 στα,
2328 5183 2731 5257 ψευδησιόδειον
2753 5220 2769 5246 ,
2819 5178 3324 5250 φαινοπροσωπεῖν,
3369 5171 3767 5241 πειθαναγκην,

2176 5277 2590 5350 ἀνηθοποίητον,
2625 5270 2978 5335 κοιλιολυσία,
3013 5265 3465 5340 ἀπεραντολογία,
3500 5261 3770 5333 ἀνεμοφό-

2182 5389 2340 5445 ρητα,
2367 5363 2828 5438 ἁναντιφωνησὶα,
2863 5360 3244 5435 ρωπογραφία,
3279 5352 3682 5426 πεπλογραφία,
3716 5359 3771 5405 et

2181 5467 2248 5522 ad
2276 5465 2538 5532 Quintum
2568 5462 2815 5525 fratrem,
2851 5454 3323 5528 μουσοπάτακτος,
3359 5447 3662 5503 ἀντίεκτον.

2254 5556 2504 5628 Optimus
2554 5550 2937 5609 Hammondus
2982 5547 3289 5603 adduxerat
3337 5559 3405 5599 ex
3457 5538 3559 5595 SS.
3599 5536 3771 5603 Lucr,

2182 5651 2375 5715 Paulo,
2407 5646 2571 5703 Petro
2598 5636 2667 5700 et
2706 5641 2923 5698 Joanne
2951 5655 3119 5695 voces
3164 5652 3275 5693 non
3326 5635 3511 5690 minus
3536 5631 3686 5686 varie
3719 5638 3772 5685 et

2184 5741 2416 5799 miriﬁce
2447 5737 2818 5809 compositas;
2850 5735 2945 5791 sed
2976 5732 3272 5803 respondet
3295 5727 3637 5783 Dallaeuseas
3650 5737 3775 5779 esse

2187 5833 2577 5909 paucissimas.
2603 5829 2763 5888 Certe
2800 5826 3113 5886 Blondellus
3139 5823 3210 5880 Υ]
3241 5822 3577 5892 adduxerat,
3606 5815 3774 5873 ﬂatu-
