4138 6402
487 332 594 386 H3

1482 333 1541 389 S.
1587 333 1941 392 lGNATlL'S.
1982 366 2049 379 —-
2082 336 2610 394 PROLEGOMENA.

3635 344 3737 399 ΔΗ

487 451 725 507 mundus
764 449 827 504 10
855 458 1089 518 tantum,
1126 450 1220 506 sed
1252 451 1489 519 addidit,
1520 463 1627 508 etc.
1649 496 1665 520 ,
1700 457 1847 526 quod
1880 457 2068 527 plures
2096 466 2144 519 Α
2171 458 2383 513 ratione
2416 459 2701 514 asseritur.
2743 456 2820 513 Ne
2854 473 2962 513 una
2998 458 3215 529 quidem
3242 472 3351 512 vox
3383 472 3411 511 a
3447 457 3642 512 Dallzeo
3670 476 3737 516 ex

484 542 730 611 ejusdem
766 543 1058 598 commatis
1112 544 1167 598 in
1226 542 1378 600 Novo
1437 546 1788 603 Testamento
1844 548 2067 604 cuilibet

485 635 659 689 obvia:
690 644 891 689 essent.
919 633 1189 700 Quoniam
1225 652 1354 692 vero
1394 638 1460 692 de
1506 638 1778 708 paucitate
1825 655 2067 710 conque-

486 727 665 792 ritur;
697 726 780 781 hae
808 727 973 780 etiam
1006 744 1170 783 voces
1200 728 1267 782 ad
1303 732 1585 785 cumulum
1619 731 1901 796 accedant,
1930 733 2065 802 ἀγα-

487 818 719 882 Θοποιία,
748 821 1169 890 αἱματεκχυσία,
1206 822 1638 903 ἀλεκτοροφωνία
1658 864 1672 886 ,
1701 823 2066 893 άλλοτριοεπί-

487 927 708 973 σκοπος,
748 912 1218 983 ἀνθρωποκτόνος,
1253 915 1682 987 ἀποκαραδοκία,
1719 916 2066 984 ἀποσυνάγω-

484 1018 596 1069 γος,
626 1003 1022 1075 ἀργυροκόπος,
1054 1006 1455 1078 ἀρσενοκοίτης,
1481 1006 1803 1072 δεξιολάϐος,
1825 1006 2067 1076 δευτερό-

484 1112 724 1165 πρωτος,
759 1096 1141 1167 δικαιοκρισία,
1179 1098 1627 1169 ἐθελοθρησκεία,
1654 1099 2061 1169 εύπερίστατος,

483 1184 842 1250 καλλιέλαιος,
877 1187 1207 1257 κωμόπολις,
1246 1188 1549 1258 μογιλάλος,
1575 1187 1885 1257 οἰνοφλυγία
1906 1227 1919 1251 ,
1958 1188 2065 1241 ὁλο-

484 1276 683 1347 κληρία
701 1317 715 1339 ,
752 1278 1096 1349 σητόϐρωτος
1120 1320 1133 1342 ,
1165 1280 1623 1350 σκωληκόϐρωτος
1643 1320 1657 1341 ,
1690 1280 2061 1351 τροποφορέω,

484 1371 859 1440 φρεναπάτης,
896 1371 1397 1443 ὑπερεκπερισσῶς,
1431 1370 1812 1441 ψευδάδελφος,
1852 1390 2062 1443 καρπο-

486 1458 649 1528 φόρος
669 1499 683 1520 ,
710 1461 1229 1531 καρποφορούμενον
1248 1503 1262 1525 ,
1294 1462 1667 1533 Θανατηφόρος
1688 1504 1701 1526 ,
1737 1462 1853 1517 Jac.
1886 1480 1980 1529 ιιι,
2006 1465 2059 1531 8,

486 1548 672 1617 (quam
701 1566 888 1603 vocem
922 1552 976 1604 in
1024 1552 1230 1621 lgnatio
1268 1563 1458 1606 nostro
1487 1570 1627 1623 aegre
1675 1554 1779 1607 fert
1812 1555 2062 1610 Blondel-

482 1638 590 1709 lus)
626 1641 1066 1713 παραδιατριϐαί,
1086 1644 1167 1697 vel
1187 1644 1633 1715 διαπαρατριϐαί,
1658 1655 1891 1717 utroque
1915 1648 2059 1701 enim

481 1732 644 1784 modo
681 1733 878 1801 legitur
913 1734 931 1787 Ι
971 1734 1110 1788 Tim.
1149 1751 1224 1800 vt,
1256 1736 1310 1797 5,
1341 1751 1465 1789 cum
1499 1736 1766 1808 διατριϐή,
1804 1748 1857 1791 et
1887 1755 2062 1812 παρα-

2171 549 2380 619 lgnatio
2414 559 2602 604 nostro
2641 550 2904 615 adducta,
2938 551 3081 620 apud
3110 551 3278 604 ullum
3301 592 3315 617 ,
3348 551 3562 620 Opinor,
3595 561 3737 605 vete-

2166 656 2282 695 rem
2325 652 2537 710 poetam
2566 650 2774 708 exstat;
2826 642 2936 696 imo
2974 657 3039 695 ex
3076 641 3144 696 iis
3177 643 3447 711 pleraeque
3486 642 3558 695 ita
3611 651 3739 697 sunt

2166 733 2510 801 compositae,
2552 742 2612 787 ut
2653 748 2682 786 a
2725 734 2873 804 poesi
2915 734 3074 803 plane
3122 735 3470 789 abhorreant.
3511 734 3741 801 ’Δξιονό-

2170 841 2405 893 μαστος,
2460 824 2733 889 ἀξιόθεος,
2790 825 3282 895 ἀξιομακάριστος,
3343 825 3736 899 θεομακάριος,

2167 914 2722 985 θεομακαριστότατος
2740 958 2753 979 ,
2783 916 3087 987 ἁγιοφόρος,
3120 916 3547 982 ἀξιεπίτευκτος,
3577 917 3737 972 πολυ-

2165 1005 2447 1076 αγάπητος
2480 1015 2535 1060 et
2566 1006 2764 1060 similia
2802 1006 2942 1075 apud
2982 1023 3143 1076 quem
3188 1016 3402 1077 poetam
3461 1010 3737 1080 reperien-

2167 1096 2293 1149 tur?
2334 1094 2510 1150 Poeue
2537 1097 2681 1149 enim
2734 1095 2786 1149 in
2819 1097 3311 1165 compositionibus
3351 1099 3594 1154 brevium
3626 1100 3738 1172 syl—

2165 1188 2413 1241 labarum
2447 1188 2648 1241 coitum
2677 1188 2903 1253 evitant,
2940 1189 3183 1257 adeoque
3210 1190 3400 1244 breves
3448 1190 3501 1243 in
3540 1191 3736 1261 longas

2164 1287 2398 1332 mutant.
2434 1276 2705 1332 Castorum
2742 1278 2795 1331 in
2833 1277 2983 1333 Novo
3021 1279 3373 1335 Testamento
3402 1297 3509 1335 non
3537 1283 3736 1338 desunt

2162 1369 2426 1423 vocabula
2480 1368 2707 1438 poeticae
2758 1370 3006 1439 originis.
3063 1370 3120 1424 S.
3166 1370 3361 1426 Petrus
3402 1372 3468 1426 de
3500 1389 3634 1427 cane
3667 1375 3757 1435 ad,

2162 1460 2426 1515 vomitum
2452 1460 2713 1514 redeunte
2747 1460 2981 1529 loquens
3013 1475 3137 1514 cum
3165 1460 3355 1532 ἔμετον
3378 1478 3441 1516 ex
3476 1462 3616 1515 LXX
3652 1465 3736 1516 di-

2163 1567 2287 1606 cere
2318 1553 2577 1622 potucrit,
2601 1551 2737 1605 dixit
2767 1550 3027 1622 ἐξέραμα,
3064 1551 3209 1621 quod
3238 1567 3303 1606 ex
3339 1554 3606 1607 versiculo
3635 1555 3735 1608 ali-

2162 1661 2271 1716 quo
2288 1645 2619 1713 partemiaco
2640 1644 2889 1698 hausisse
2906 1645 3137 1707 videtur,
3164 1653 3223 1698 ut
3252 1652 3305 1699 et
3331 1644 3459 1697 illud
3496 1644 3736 1716 κύλισμα

2166 1734 2448 1809 βορϐόρου.
2482 1734 2623 1789 Idem
2645 1731 3097 1803 ὲγκομΰώσασθαι
3125 1733 3296 1800 dixit;
3336 1736 3481 1804 quod
3506 1735 3731 1789 verbum

479 1821 639 1892 τριϐή
675 1798 877 1877 Graecis
905 1825 1038 1879 satis
1067 1798 1217 1879 notae
1236 1826 1366 1892 sint,
1403 1798 1801 1899 παραδιάτριέή
1832 1828 1913 1881 vel
1944 1798 2050 1883 δια-

2162 1798 2303 1896 apud
2332 1798 2537 1897 'poetas
2584 1798 2931 1880 solummodo
2980 1826 3223 1880 invenire
3273 1828 3447 1896 potuit
3484 1825 3731 1893 Photius,

480 1914 793 1985 παρατριϐή
829 1930 936 1968 ιιοη
970 1915 1119 1969 item.
1148 1917 1584 1989 Διαπαρατριϐαί
1614 1928 1795 1973 autem
1821 1921 2058 1991 antiqui-

482 2010 569 2056 tus
588 2007 848 2073 scriptum
885 2003 1053 2059 fuisse
1072 2021 1179 2059 non
1214 2016 1424 2061 tantum
1449 2009 1617 2063 codex
1649 2012 2056 2068 vetustissimus

476 2098 906 2163 Alexandrinus,
943 2108 997 2153 et
1028 2098 1342 2169 Stephanici
1375 2118 1597 2170 omnes,
1632 2113 1683 2158 ct
1726 2105 2054 2176 Chrysosto—

477 2190 553 2242 mi
582 2200 635 2243 et
667 2190 996 2246 Theodoreti
1031 2193 1301 2249 editiones
1330 2196 1609 2259 evincunt,
1639 2198 1731 2250 sed
1771 2199 1935 2251 etiam
1964 2216 2057 2254 ex-

474 2282 779 2351 positiones
810 2284 929 2352 ejus
960 2285 1112 2340 vocis
1171 2303 1292 2356 qua:
1345 2304 1490 2343 nunc
1541 2291 1682 2359 apud
1726 2290 2053 2362 Hesychium

475 2382 712 2437 exstant,
745 2384 797 2427 et
830 2374 1076 2429 Sttidam.
1113 2374 1415 2449 Hesychius
1440 2398 1451 2432 :
1478 2381 1912 2452 Διαπεριτριϐαί,
1942 2384 2055 2452 lege

475 2477 537 2515 ex
570 2462 875 2516 litterarum
905 2466 1066 2528 serie,
1088 2467 1538 2539 Διαπαρατριϐαὶ,
1572 2470 1953 2541 ἐνδελεχισμοὶ,
1973 2473 2055 2524 ὲν-

473 2551 753 2622 δελέχειαι.
775 2553 975 2609 Suidas
996 2574 1008 2610 :
1031 2558 1485 2629 Διαπαρατριϐαὶ,
1509 2560 1851 2631 ἐνδελέχειαι.
1871 2563 2056 2614 Aliun-

473 2643 543 2698 de
580 2655 759 2699 autem
795 2646 869 2699 illi
904 2663 1012 2701 non
1045 2648 1357 2704 habuerunt
1387 2667 1551 2720 quam
1586 2668 1652 2706 ex
1687 2654 1791 2707 hoc
1837 2654 1957 2707 loco
1992 2654 2049 2707 S.

471 2733 651 2790 Pauli.
689 2736 829 2801 Quid
850 2740 993 2808 quod
1010 2738 1385 2795 Andronicum
1411 2751 1465 2796 et
1495 2742 1717 2805 Iunium
1753 2755 1905 2799 vocet
1930 2763 2055 2797 συν-

474 2826 855 2898 αιχμαλώτους
894 2845 1063 2894 suos,
1113 2845 1236 2884 cum
1288 2831 1403 2901 ipse
1453 2841 1656 2899 tamen,
1710 2842 1769 2887 ut
1802 2833 2056 2888 observat

473 2917 926 2990 Chrysostomus,
956 2920 1299 2991 αἰχμάλωτος
1332 2938 1437 2975 non
1474 2921 1673 2977 fuerit?
1701 2922 1755 2976 Si
1781 2924 1861 2978 ha:
1890 2940 2052 2980 voces

474 3012 629 3068 varie
680 3014 999 3083 composita!
1032 3015 1139 3069 illis
1172 3016 1441 3069 addantur
1486 3032 1625 3087 quas
1654 3016 2050 3084 Hammondius,

2158 1917 2544 1987 Epicharmum
2602 1917 2809 1972 scilicet
2863 1926 2917 1971 et
2963 1918 3349 1987 Apollodorum
3399 1918 3731 1991 Carystium.

2157 2010 2298 2077 Quid
2331 2019 2514 2063 autem
2548 2009 2634 2063 illc
2657 2009 2721 2063 dc
2748 2007 2805 2061 S.
2838 2007 3001 2063 Petro
3031 2008 3376 2078 judicaverit,
3397 2010 3557 2064 velim
3582 2010 3734 2063 intel-

2157 2102 2325 2171 ligant
2369 2100 2445 2153 illi
2485 2100 2576 2169 qui
2620 2097 2888 2168 lgnatium
2935 2109 3181 2152 nostrum
3215 2099 3349 2153 adeo
3400 2115 3588 2155 severe
3620 2111 3733 2154 tra-

2157 2200 2340 2247 ctant:
2373 2193 2429 2244 Ὀ
2465 2192 2562 2263 μὲν
2596 2190 2705 2262 γὰρ
2744 2190 3011 2261 μακάριος
3041 2191 3132 2242 καὶ
3167 2193 3459 2261 κορυφαῖος
3502 2193 3731 2265 Πέτρος,

2155 2285 2304 2337 οὐδὲν
2349 2284 2476 2355 περὶ
2514 2282 2611 2354 τὴν
2648 2281 2875 2352 ἐκλογὴν
2929 2280 3035 2333 τῶν
3086 2280 3407 2353 Ἑλληνικῶν
3453 2284 3732 2353 ὀνομάτων

2158 2374 2489 2439 σπουδάζων,
2522 2374 2722 2443 ταύτην
2764 2376 2875 2435 τοῖς
2904 2371 3096 2425 ἐαυτοῦ
3132 2373 3435 2443 παρείληφε
3473 2375 3733 2445 γράμμα-

2158 2483 2259 2517 σιν·
2297 2466 2356 2518 οὐ
2400 2465 2508 2536 γὰρ
2547 2463 2663 2535 ἠχώ
2704 2481 2823 2517 τινα
2852 2464 2944 2516 καὶ
2965 2462 3157 2533 τέχνην
3190 2463 3468 2535 ῥημάτων,
3496 2464 3616 2517 οὐδὲ
3646 2466 3732 2517 λε-

2157 2554 2333 2622 ξιδίων
2375 2556 2544 2626 ψόφον
2593 2556 2686 2608 καὶ
2730 2556 2998 2608 κτύπον...
3040 2554 3177 2608 ἀλλά
3227 2555 3411 2625 ψυχῶν
3459 2558 3730 2627 σωτηρίας
3818 2608 3829 2619 ,

2154 2651 2265 2711 τοῖς
2312 2648 2603 2719 ἀκροαταῖς
2638 2645 2866 2700 ἐνθεῖναι
2910 2644 3164 2717 φροντίδα
3208 2645 3433 2699 ἐτίθετο.
3474 2665 3492 2696 ι
3531 2646 3729 2702 Beatus

2154 2742 2300 2794 enim
2334 2750 2389 2794 et
2426 2739 2746 2809 coryphazus
2788 2736 3002 2803 Petrus,
3057 2738 3273 2791 nullum
3320 2739 3375 2792 in
3411 2738 3726 2795 Graecorum

2155 2834 2439 2886 nominum
2481 2830 2747 2885 electione
2800 2829 3043 2884 studium
3088 2845 3317 2899 ponens,
3372 2831 3511 2886 hanc
3536 2846 3725 2885 vocem

2154 2922 2606 2993 ἐγκομϐώσασοαι
2624 2921 2739 2975 suis
2763 2923 2979 2991 scriptis
3002 2922 3249 2975 inseruit.
3283 2919 3399 2976 Non
3424 2924 3568 2977 enim
3588 2923 3727 2977 echo

2156 3024 2249 3068 aut
2277 3014 2569 3068 artificium
2602 3013 2916 3077 verborum,
2950 3027 3126 3082 neque
3160 3013 3550 3067 vocabulorum
3577 3015 3727 3068 soni-

475 3113 571 3158 aut
606 3120 707 3158 n05
744 3113 869 3159 ante
898 3107 1333 3170 numeravimus,
1360 3123 1547 3177 paucae
1574 3126 1682 3163 non
1718 3119 1907 3176 erunt;
1941 3110 2052 3163 imo
2080 3142 2122 3200 Ο
2157 3117 2303 3168 tum,
2354 3103 2448 3157 sed
2495 3104 2799 3158 animarum
2846 3103 3077 3158 salutem
3108 3102 3452 3158 auditoribus
3484 3103 3727 3159 inserere

475 3196 897 3265 qnamplurimae
958 3207 1162 3263 essent,
1196 3200 1241 3254 si
1266 3216 1457 3255 omnes
1490 3218 1555 3255 cx
1593 3202 1814 3271 scriptis
1834 3212 2052 3272 aposto—

474 3287 593 3343 licis
627 3299 1069 3359 echrpcrentur.
1106 3292 1301 3347 Mirum
1337 3295 1503 3363 igitur
1528 3295 1696 3349 videri
1730 3311 1838 3349 non
1869 3296 2047 3362 debet,

473 3378 520 3433 si
553 3378 656 3432 viri
688 3381 974 3449 apostolici
1002 3392 1097 3436 aut
1134 3382 1325 3437 iisdem
1351 3393 1445 3437 aut
1469 3384 1740 3439 similibus
1773 3386 2047 3452 composi-

474 3468 717 3525 tionibus
764 3480 1081 3539 uterentur;
1122 3475 1420 3542 praesertim
1453 3491 1577 3529 cum
1611 3474 1812 3531 Graacae
1850 3477 2050 3547 linguae

472 3560 608 3615 adeo
629 3572 813 3617 essent
845 3561 1146 3619 familiares
1177 3574 1271 3619 aut
1299 3567 1499 3620 eadem
1529 3576 1624 3621 aut
1651 3568 1857 3624 similes
1902 3586 2050 3625 com-

471 3654 791 3721 positiones.
822 3653 989 3709 Unica
1024 3657 1111 3710 illa
1144 3657 1439 3711 Clementis
1459 3656 1690 3713 Romani
1719 3660 1970 3729 epistola,
1990 3669 2049 3715 ut

472 3760 619 3799 nunc
656 3755 855 3813 exstat,
904 3748 951 3802 si
1003 3748 1120 3803 loca
1152 3764 1216 3803 ex
1257 3747 1555 3817 Scripturis
1598 3761 1852 3822 excerpta
1887 3768 2047 3822 sepo-

473 3854 594 3904 nas,
619 3841 908 3909 epistolico
947 3856 1110 3909 opere
1142 3841 1333 3913 lgnatii
1372 3846 1545 3899 multo
1575 3845 1808 3911 brevior,
1846 3846 2047 3901 talibus

472 3933 967 4000 compositionibus
998 3935 1172 4006 magis
1206 3946 1397 3989 scatet.
1435 3936 1633 4002 Quales
1673 3946 1839 3992 sunt:
1883 3939 2045 4005 Ἀγα-

473 4021 707 4086 θοποιία,
740 4026 1129 4098 άγιοπρεπεῖς,
1170 4026 1588 4096 ἁδελφοκτονία,
1625 4028 2044 4099 ἀμϐλυωπῆσαι,

472 4114 976 4187 ἀναζωπυρησάτω,
1001 4117 1375 4188 ἀξιαγαπητός
1398 4120 1581 4188 (quam
1613 4135 1800 4173 vocem
1824 4121 1874 4173 in
1896 4119 2048 4189 lgna-

473 4207 548 4260 tio
572 4207 850 4276 culpant),
881 4208 1265 4279 ἀντοφθαλμεῖ,
1295 4210 1678 4280 ἀπροσκόπως,
1718 4210 2044 4281 ἀπροσωπο-

468 4297 707 4370 λήπτως,
734 4300 1139 4365 αὑτεπαίνετος,
1163 4301 1607 4373 αὑτομολοῦντες,
1636 4302 2042 4372 δικαιοπραγία,

468 4389 988 4462 δωδεκάσκηπτρον,
1022 4393 1467 4465 ὲργοπαρέκτης,
1504 4392 1881 4463 ἐτεροκλινεῖς,
1929 4396 2044 4446 ἐτε-

2155 3211 2343 3251 curam
2376 3196 2585 3251 habuit.
2616 3216 2635 3249 ι

2221 3287 2291 3340 At
2322 3286 2367 3341 si
2401 3288 2608 3355 poetica
2649 3302 2756 3341 non
2802 3288 2945 3354 sint,
2993 3304 3119 3343 rara
3155 3298 3339 3343 tamen
3369 3298 3495 3344 sunt
3533 3296 3587 3343 et
3636 3289 3720 3342 in-

2152 3377 2373 3431 usitata.
2406 3377 2681 3431 Fortasse.
2718 3377 2881 3432 Multa
2907 3380 3127 3448 quidem
3158 3380 3421 3433 vocabula
3453 3378 3723 3449 ejusmodi

2150 3477 2297 3531 sunt,
2334 3478 2394 3522 ut
2416 3469 2519 3523 sub
2546 3469 2703 3522 initio
2734 3470 3137 3525 Christianismi
3170 3486 3278 3524 non
3312 3472 3587 3540 potuerint
3615 3486 3721 3523 non

2148 3574 2270 3614 esse
2302 3560 2592 3625 inusitata,
2622 3576 2743 3629 qua:
2787 3577 2853 3615 ex
2904 3562 3169 3631 religione
3199 3561 3513 3617 Christiana
3559 3563 3724 3631 origi-

2150 3666 2273 3705 nem
2309 3661 2682 3721 sumpscrunt,
2717 3662 2775 3707 ut
2806 3655 3157 3725 σαρκοφόρος,
3190 3653 3474 3724 Θεοφόρος,
3508 3670 3722 3725 χριστο-

2149 3741 2333 3813 φόρος,
2369 3743 2651 3814 ναοφόρος,
2686 3743 3082 3816 χριστώνυμος.
3135 3743 3287 3799 Talia
3317 3745 3718 3814 quamplurima

2149 3834 2202 3887 in
2230 3833 2382 3889 Novo
2416 3833 2768 3891 Testamento
2803 3846 3039 3903 exstant,
3073 3853 3193 3907 qua:
3228 3852 3351 3891 cum
3388 3838 3561 3907 prima
3591 3852 3723 3905 apo-

2148 3927 2413 3981 stolorum
2444 3928 2829 3995 praedicatione
2859 3938 2985 3983 nata
3019 3940 3167 3992 sunt,
3212 3936 3273 3983 ut
3313 3928 3719 3999 ψευδόχριστος,

2148 4020 2507 4091 ἀντίχριστος,
2553 4019 2941 4090 ψευδάδελφος,
2986 4021 3360 4092 κατανάθεμα.
3413 4019 3526 4075 Hoc
3562 4030 3613 4074 ct
3664 4021 3719 4073 in

2147 4110 2313 4175 sectis.
2335 4110 2788 4180 pltilOSOphorum
2822 4126 3037 4181 semper
3065 4113 3413 4166 observatum
3443 4120 3544 4165 est.
3569 4129 3586 4161 ι
3621 4109 3723 4166 Ze-

2145 4215 2217 4253 no
2249 4201 2501 4269 plurimis
2540 4202 2698 4257 novis
2730 4203 2911 4258 verbis
2947 4220 3080 4259 usus
3113 4212 3227 4267 est;
3264 4219 3402 4258 nova
3448 4205 3593 4258 enim
3630 4204 3718 4258 di-

2145 4293 2322 4347 cebat.
2354 4312 2372 4344 ι
2410 4292 2564 4363 Apud
2589 4294 2849 4349 Arianum
2879 4296 3198 4365 scriptorem
3231 4297 3365 4351 satis
3391 4296 3717 4366 castigatum

2144 4401 2306 4440 voces
2340 4385 2475 4439 mire
2508 4387 2840 4457 compositas
2886 4388 3134 4443 invenies
3162 4430 3177 4453 ,
3208 4404 3328 4458 qua:
3370 4404 3399 4441 a
3432 4388 3620 4442 stoicis
3649 4404 3716 4443 ex

471 4478 797 4550 ρογνώμων,
854 4481 1261 4553 εὐπρόσδεκτα,
1324 4482 1645 4551 θεοστυγία,
1699 4484 2038 4552 κοινωφελές,

2151 4477 2391 4547 ipsorum
2421 4479 2669 4533 doctrina
2699 4489 2828 4535 sunt
2860 4482 3198 4552 excogitatae,
3240 4490 3301 4535 ut
3346 4480 3712 4551 μικρόδουλον,

467 4566 828 4639 κυοφοροῦσα,
864 4568 1256 4636 λειποτακτεῖν,
1292 4572 1663 4642 ματαιοπονία,
1702 4573 2041 4646 μεγαλορρη-

470 4661 687 4727 μονεῖν,
758 4662 1221 4733 μωμοσκοπηθέν,
1298 4665 1635 4735 οἰκουργεῖν,
1715 4670 2037 4738 πτεροφυεῖ,

466 4750 1051 4822 προοδοιπορήσαντες,
1093 4752 1497 4823 ῥιψοκινδύνως,
1533 4757 2037 4828 χρησμοδοτεῖσθαι,

463 4840 813 4913 φυλλορροεῖ,
848 4842 1165 4913 φιλαδελφία
1185 4886 1199 4911 ,
1230 4857 1284 4900 et
1310 4862 1340 4899 a
1372 4848 1478 4899 πᾶν
1508 4851 1808 4918 composita
1850 4868 2041 4920 qnam-

462 4935 721 5006 plurima,
759 4934 825 4989 de
857 4936 1058 5005 quibus
1093 4940 1360 5008 agendum
1393 4950 1599 5010 postea.
1634 4942 1708 4997 De
1738 4945 2041 4999 multitudi-

467 5043 534 5081 ne
574 5043 769 5081 vocum
810 5029 961 5082 varie
1015 5032 1445 5100 compositarum
1498 5034 1692 5089 frivola
1742 5037 1901 5106 plane
1954 5047 2038 5092 est

462 5121 709 5189 exceptio
742 5129 791 5173 et
850 5122 1059 5178 criticis
1111 5126 1316 5181 nostris
1370 5127 1592 5198 indigna
1618 5169 1633 5195 ,
1670 5130 1738 5185 de
1772 5132 2035 5201 qualitate

462 5209 635 5263 multo
666 5212 858 5280 magis.

532 5304 734 5372 Objicit
778 5305 920 5359 enim
957 5308 1196 5363 secundo
1244 5308 1472 5365 Dallaeus
1499 5312 1765 5366 vocabula
1799 5313 1914 5367 haec
1934 5314 2037 5368 mi-

460 5391 615 5447 rifice
647 5396 950 5462 composita
990 5412 1111 5451 esse
1151 5399 1386 5467 poetica,
1419 5400 1564 5469 quod
1595 5412 1780 5471 aperte
1831 5401 2032 5457 falsum

457 5491 565 5538 cst.
590 5482 843 5539 Veterum
876 5486 1093 5555 quidem
1126 5491 1602 5558 grammaticorum
1634 5493 1898 5545 sententia
1919 5501 2030 5546 est:

458 5575 615 5628 Ξέναι
644 5576 917 5641 συνθέσεις
960 5579 1199 5651 ποιητῶν
1228 5581 1580 5652 τολμήματα,
1629 5590 1682 5635 et
1722 5582 1789 5636 ad
1823 5583 2031 5637 oratio-

459 5667 545 5721 nis
574 5668 704 5738 ὖψος
734 5686 895 5725 voces
927 5672 1171 5741 poeticas
1203 5670 1499 5743 aliquando
1532 5682 1823 5742 usurpatas
1856 5673 2033 5729 facere

462 5767 715 5814 notarunt
729 5760 902 5817 critici
917 5770 1155 5829 veteres;
1172 5763 1264 5819 sed
1282 5763 1415 5819 tales
1428 5778 1547 5820 esse
1560 5764 1870 5836 lgnatianas
1884 5766 2030 5823 nulla

2142 4581 2197 4625 et
2234 4571 2641 4641 μεγαλόδουλον,
2677 4572 3024 4643 θεοχόλωτοι,
3072 4573 3466 4644 ὑπληῷείδιον,
3513 4574 3716 4626 ἀναπο-

2141 4662 2494 4734 τευκτότερον
2520 4702 2533 4725 ,
2574 4664 3033 4735 ἀπεκλεγόμενον,
3088 4665 3624 4735 ἀπεριπτωτότερον,
3660 4674 3717 4719 et

2142 4756 2365 4810 similia.
2406 4754 2676 4824 Loquitur
2718 4755 2960 4826 lguatius
3005 4764 3064 4811 ut
3114 4757 3494 4822 Christianus;
3550 4757 3715 4811 verba

2138 4847 2304 4901 habet
2330 4864 2444 4901 sua:
2480 4848 2731 4917 religioni
2758 4849 3000 4918 propria,
3032 4859 3087 4904 et
3107 4866 3136 4903 a
3162 4850 3459 4921 gentilibus
3492 4850 3716 4903 minime

2140 4948 2432 5008 usurpata;
2471 4941 2616 5008 quod
2651 4940 2727 4994 illi
2756 4940 2887 4995 vitio
2912 4942 3050 4995 verti
3090 4958 3197 4995 non
3248 4943 3428 4996 debet.
3464 4941 3714 4995 Demodi-

2139 5046 2236 5085 cus
2268 5030 2410 5099 apud
2450 5029 2732 5085 Platonem
2774 5035 2931 5101 quasi
2962 5033 3201 5101 agricola
3234 5034 3477 5103 loquitur
3512 5052 3525 5086 :
3562 5033 3715 5103 Ἐμοὶ

2142 5121 2260 5191 μὲν,
2291 5114 2336 5173 ὦ
2366 5118 2671 5191 Σώκρατες,
2703 5122 2735 5191 ἢ
2764 5122 2954 5174 τούτου
2988 5120 3082 5176 τοῦ
3113 5122 3300 5185 παιδὸς
3333 5122 3442 5175 εἴτε
3490 5121 3715 5190 φυτείαν

2137 5212 2249 5266 εἴτε
2282 5214 2624 5267 παιδοποιίαν
2671 5214 2775 5285 χρὴ
2823 5214 3005 5283 φάναι.
3045 5214 3127 5268 Ad
3167 5232 3288 5285 qua:
3311 5216 3475 5269 verba
3521 5213 3714 5286 Diony-

2136 5305 2251 5359 sius
2298 5303 2749 5360 Halicarnasseus
2795 5306 2983 5359 critice
3023 5305 3316 5359 observat:
3353 5304 3524 5358 Τοῦτο
3553 5306 3609 5358 δὲ
3650 5305 3712 5356 οὐ

2134 5396 2240 5468 χρὴ
2264 5394 2521 5467 νομίζειν,
2548 5397 2630 5449 ὅτι
2667 5396 2873 5467 μεγάλῃ
2911 5399 2976 5467 τῇ
3000 5399 3150 5467 φωνῇ
3178 5397 3377 5469 χρῆται
3404 5399 3433 5449 ό
3463 5396 3710 5460 Πλάτων,

2134 5489 2248 5542 ἀλλ’
2279 5489 2498 5541 ἐπειδάν
2530 5490 2557 5540 ό
2585 5488 2883 5559 Δημόδικος
2912 5489 3201 5561 ὲργατικὸς
3231 5489 3324 5542 καὶ
3344 5489 3583 5558 γεωργὸς
3608 5504 3715 5557 φω-

2133 5580 2230 5643 νὰς
2272 5580 2465 5651 ἀφίησι
2509 5580 2609 5649 τῆς
2659 5580 2873 5651 τέχνης.
2917 5600 2935 5631 ι
2973 5579 3092 5634 Non
3139 5582 3456 5635 existimare
3496 5589 3712 5652 oportet

2134 5675 2323 5745 grandi
2357 5690 2489 5729 voce
2526 5676 2606 5729 uti
2644 5674 2957 5739 Platonem,
2992 5675 3085 5730 sed
3131 5673 3490 5742 Demodicus,
3525 5682 3713 5742 utpote

2134 5767 2413 5839 agricola,
2444 5769 2608 5823 verba
2651 5782 2765 5823 suae
2806 5767 2941 5823 artis
2972 5767 3190 5824 emittit.
3250 5785 3270 5819 ι
3314 5768 3430 5821 lmo
3475 5774 3529 5821 et
3574 5762 3711 5820 Novi
