4138 6430
443 406 548 460 4-15

1203 406 1255 462 J.
1297 407 1671 464 PEARSONII
1711 406 2036 463 VINDICIA‘J
2077 405 2497 463 lGNATlANAﬂ.
2537 438 2606 449 —
2641 406 2821 462 PARS
2856 407 2921 461 ll.

3602 407 3710 461 ΜΒ

446 524 693 579 Fcederis
708 525 1007 596 scriptores
1025 542 1163 581 nova
1187 528 1352 581 etiam
1376 527 1551 583 obiter
1577 529 1839 583 vocabula
1865 545 2027 582 usur-
2056 536 2101 593 Α
2133 542 2253 580 rum
2292 525 2706 581 similitudinem
2740 538 2904 579 voces
2937 523 3128 579 eodem
3180 522 3344 578 modo
3375 521 3709 591 compositas

443 630 604 685 passe
629 632 658 670 a
692 618 967 672 veteribus
1001 633 1144 687 saepe
1175 618 1527 674 observatum
1557 628 1659 674 est.
1693 618 1856 673 Notat
1893 618 2028 673 Gre-

446 710 636 780 gorius
666 708 946 779 Nyssenus
980 708 1037 764 S.
1069 709 1406 777 Matthreum,
1437 711 1529 765 ubi
1557 712 1635 766 ait
1662 710 1735 782 μὴ
1779 710 2029 781 βαττολο-

444 803 650 871 γήσητε
674 840 688 863 ,
725 799 823 872 τὴν
857 800 1014 873 ξένην
1052 803 1256 871 ταύτην
1295 803 1397 873 τῆς
1439 803 1635 867 λέξεως
1677 801 2027 872 καινοτομίαν

447 891 832 963 ἐξευρηκέναι,
877 913 896 944 ο
936 894 1276 963 peregrinam
1318 904 1372 949 et
1411 910 1607 949 novam
1656 894 1798 948 hanc
1827 895 2025 948 dictio-

448 1001 571 1039 nem
606 987 970 1056 excogitasse.
1010 1006 1026 1038 ι
1062 986 1204 1041 ldem
1231 991 1297 1041 de
1326 1003 1458 1042 voce
1480 986 1753 1051 ὲπιούσιος
1774 989 2026 1043 observat

448 1076 710 1149 Origenes
742 1079 796 1132 in
824 1079 963 1133 libro
992 1078 1065 1132 De
1088 1080 1331 1133 oratione
1375 1082 1618 1134 nondum
1644 1081 1792 1135 edito
1823 1099 1836 1134 :
1868 1082 2027 1151 Πρῶ-

447 1185 537 1221 τον
578 1163 668 1221 οὖν
717 1169 913 1233 ἰστέον,
956 1169 1097 1238 ὄτιή
1134 1166 1331 1238 λέξιςή
1359 1168 1671 1233 ἐπιούσιος
1690 1169 1818 1238 παρ’
1852 1168 2026 1221 οὐδενὶ

447 1258 553 1313 τῶν
594 1259 857 1331 Ἑλλήνων
889 1260 1008 1312 οὐδὲ
1036 1259 1142 1312 τῶν
1168 1259 1347 1329 σοφῶν
1379 1258 1710 1329 ὠνόμασται,
1740 1257 1857 1311 οὐδὲ
1884 1262 1939 1311 ὲν
1959 1262 2022 1331 τῇ

448 1348 555 1402 τῶν
591 1348 813 1401 ἰδιωτῶν
843 1349 1101 1419 συνηθείᾳ
1136 1349 1437 1420 τέτριπται,
1484 1348 1599 1401 ἀλλ’
1642 1348 1783 1402 ἔοικε
1822 1349 2029 1402 πεπλά-

451 1440 575 1497 σθαι
607 1440 712 1494 ὑπὸ
734 1441 843 1494 τῶν
866 1441 1287 1508 εὐαγγελιστῶν.
1326 1459 1345 1492 ‹
1379 1440 1623 1495 Primum
1659 1441 1824 1511 igitur
1850 1442 2028 1497 scien-

449 1535 578 1588 dum
604 1575 620 1600 ,
654 1534 802 1604 quod
854 1534 1183 1588 vocabulum
1219 1534 1532 1600 ἐπιούσιος
1576 1533 1718 1603 apud
1752 1536 2025 1589 neminem

449 1624 767 1681 Graecorum
813 1636 909 1680 aut
956 1626 1286 1696 sapientium
1337 1627 1706 1694 nominatum,
1761 1644 1938 1698 neque
1972 1628 2026 1683 in

447 1718 593 1788 vulgi
622 1733 879 1773 sermone
908 1720 1189 1773 communi
1227 1721 1488 1775 usitatum
1519 1731 1639 1787 est;
1688 1723 1780 1777 sed
1818 1724 2029 1777 videtur

447 1811 518 1865 ab
539 1810 889 1879 evangelistis
917 1810 1209 1864 conﬁctum
1242 1826 1380 1867 csse.
1419 1830 1439 1863 ι
1471 1812 1618 1867 Idem
1649 1814 1715 1868 de
1747 1829 1878 1868 voce
1901 1831 2029 1885 περ-

450 1900 741 1971 περεύεται
773 1910 1019 1955 veterum
1039 1901 1306 1970 judicium
1344 1901 1463 1957 t‘uit.
1496 1902 1562 1958 Et
1590 1905 1734 1974 quod
1767 1905 2025 1974 objicitur
2056 1889 2098 1943 Β

447 1991 658 2057 lgnatio
691 2000 921 2059 nostro,
968 1993 1340 2048 celeberrimis
1375 1994 1509 2050 viris
1554 1998 2026 2067 seriptoribusque

446 2083 670 2152 optimis
699 2082 976 2151 objectum
1002 2082 1174 2138 fuisse
1208 2084 1459 2154 legimus.
1489 2084 1564 2140 lta
1598 2086 1947 2142 Marcellinus
1972 2091 2023 2143 in

448 2172 569 2228 Vita
591 2173 928 2245 Thucydidis
958 2196 969 2229 :
1007 2175 1182 2239 ’Όλως
1220 2178 1517 2248 ὲφευρετής
1547 2179 1664 2230 ἐστι
1686 2178 1886 2232 καινῶν
1912 2181 2028 2232 ὀνο-

451 2267 654 2336 μάτων.
700 2284 719 2316 (
751 2264 855 2319 Per
882 2276 1056 2319 totum
1082 2267 1334 2320 inventor
1359 2277 1441 2322 est
1464 2284 1660 2322 vocum
1697 2285 2018 2323 novarum.»

446 2356 522 2411 De
548 2357 907 2427 Xenophonte
933 2356 1154 2422 Suidas,
1183 2357 1244 2414 V.
1281 2360 1531 2429 Ἀγυιάνε
1560 2360 1734 2425 Ὂλως
1767 2360 1933 2414 πολλὰ
1960 2361 2026 2415 τὰ

445 2449 879 2522 γλωσσηματικὰ
914 2452 1048 2521 παρ’
1079 2450 1246 2521 αὐτῷ.
1274 2449 1513 2505 Galenus
1544 2451 1637 2505 lib.
1674 2468 1689 2505 ι
1726 2453 1780 2504 in
1826 2451 2027 2522 Hippo-

447 2554 643 2596 cratem
670 2542 734 2597 de
766 2543 1040 2608 articulis,
1074 2542 1141 2597 de
1172 2543 1364 2596 eodem
1396 2561 1411 2598 :
1452 2544 1561 2596 Καὶ
1581 2543 1688 2617 γὰρ
1717 2546 1921 2607 ἐκεῖνος
1953 2545 2028 2597 εἴ-

447 2651 552 2705 περ
598 2652 681 2698 τις
712 2635 805 2687 καὶ
851 2633 1009 2696 ἄλλος
1039 2632 1357 2704 ἑρμηνεύων
1390 2633 1682 2697 πολιτικῶς
1715 2635 1865 2706 ὅμως
1889 2652 2029 2706 παρ-

445 2725 703 2796 εμϐάλλει
777 2724 1038 2788 πολλάκις
1111 2725 1564 2796 γλωσσηματικά.
1632 2726 2027 2782 Glossematica

443 2828 628 2873 autem
662 2826 791 2874 sunt
822 2833 966 2884 rara,
998 2818 1257 2872 inusitata
1292 2826 1345 2871 et
1365 2819 1672 2889 peregrina.

516 2910 793 2977 Quaeritur
820 2913 969 2981 quod
1000 2923 1109 2967 tam
1158 2912 1330 2966 multa
1378 2911 1447 2964 ab
1479 2926 1589 2965 uno
1624 2909 1893 2964 vocabulo
1926 2910 2025 2964 lia-

442 3003 588 3065 beat,
621 3012 680 3056 ut
712 3019 742 3057 a
775 3004 926 3074 φέρω
961 3014 1015 3059 et
1059 3004 1128 3058 ab
1171 3002 1338 3068 ἄξιος,
1366 3017 1489 3056 cum
1528 3001 1676 3055 nulla
1706 3001 2028 3071 compositio

445 3095 784 3165 frequentior
819 3105 873 3150 et
913 3096 1095 3150 tritior
1134 3096 1205 3151 sit
1249 3094 1389 3164 apud
1420 3095 1656 3164 optimos
1682 3104 1736 3149 et
1774 3095 2026 3164 vulgares

442 3188 668 3242 Gracia:
724 3188 1039 3256 scriptores.
1089 3188 1485 3257 Ἀξιαγάπητος
1534 3186 1765 3255 lgnatii,
1826 3188 1920 3241 sed
1972 3195 2026 3241 et

448 3279 748 3334 Clementis
785 3278 1050 3346 Romani;
1097 3279 1551 3350 ἀξιοθαύμαστος,
1602 3278 2027 3349 ἀξιομνημόνευ-

443 3389 553 3436 τος,
589 3371 1107 3444 ἀξιοπρεπέστατος,
1134 3371 1751 3443 ἀξιομακςιριστότατος,
1783 3370 2027 3434 ἀξιέπαι-

442 3477 531 3524 νος
552 3461 696 3530 apud
728 3470 1001 3529 nostrum,
1036 3462 1129 3516 sed
1154 3472 1206 3515 et
1233 3462 1375 3531 apud
1396 3460 1809 3530 Xenophontem
1835 3461 2026 3531 legun-

442 3561 566 3619 tur;
601 3555 743 3623 apud
778 3570 940 3623 quem
973 3562 1027 3608 et
1057 3554 1171 3609 haec
1201 3564 1463 3624 praeterea
1514 3554 1767 3623 legimus,
1793 3553 2025 3621 ἀξιάγα-

443 3662 588 3709 στος,
631 3644 1006 3710 άξιάκουστος,
1053 3646 1432 3719 ἀξιακρόατος,
1464 3644 1856 3708 άξιεπαίνετος,
1890 3643 2028 3710 ἀξιέ-

445 3752 642 3807 ραστος
664 3776 679 3800 ,
710 3736 1046 3802 ἀξιοὸίωτος,
1079 3735 1380 3808 ἀξιόεργος,
1418 3736 1756 3802 ἀξιοθέατος,
1780 3737 2027 3806 ἀξιόκτη-

441 3843 550 3890 τος,
574 3824 996 3897 ἀξιολογώτερος
1019 3867 1033 3890 ,
1070 3825 1369 3893 ἀξιόνικος,
1404 3826 1736 3891 ἀξιόπιστος,
1779 3826 2027 3892 ἀξιόσκε-

441 3934 595 3982 πτος,
645 3917 1121 3985 ἀξιοσπούδαστος,
1171 3919 1617 3991 ἀξιοτέκμαρτος,
1660 3917 2022 3991 ἀξιοφίλητος,

440 4008 890 4081 ἀξιοχρεώτατος.
927 4010 1231 4080 Xenophon
1278 4021 1457 4065 tamen
1485 4052 1498 4076 ,
1536 4010 1695 4079 cujus
1737 4025 1903 4080 opera
1940 4012 2025 4066 his

440 4103 727 4157 vocabulis
755 4112 990 4169 scatent,
1023 4119 1053 4158 a
1082 4104 1360 4158 veteribus
1400 4104 1607 4159 criticis
1638 4102 1879 4175 καθαρὸς
1913 4107 2025 4169 τοῖς

440 4194 690 4265 ὀνόμασι,
729 4196 824 4248 καὶ
854 4195 1053 4265 σαφὴς,
1092 4196 1185 4248 καὶ
1212 4196 1473 4267 ἐναργής,
1513 4213 1532 4245 α
1566 4211 1739 4266 purus
1775 4204 1828 4249 et
1870 4212 2024 4265 pers-

442 4287 639 4357 picuus
675 4305 693 4337 ι
718 4287 997 4356 judicatus
1028 4296 1113 4342 est
1140 4306 1153 4342 :
1183 4288 1342 4358 cujus
1375 4302 1683 4343 sermonem
1720 4289 1850 4358 ipsae
1884 4288 2024 4343 Gra-

441 4377 532 4429 tiae
555 4375 897 4441 Quintiliano
923 4377 1149 4432 tinxisse
1183 4379 1545 4441 videbantur;
1571 4379 1625 4433 in
1662 4395 1772 4449 quo
1799 4390 1851 4434 et
1876 4399 1894 4431 ι
1928 4382 2023 4449 ju-

439 4471 777 4526 cunditatem
826 4470 1190 4526 inaﬂ'ectatam
1245 4492 1263 4523 ι
1306 4472 1579 4527 observat.
1628 4471 1941 4542 Composita
1992 4488 2023 4526 a

2129 617 2195 673 ad
2225 633 2412 671 veram
2458 618 2804 672 sanctitatem
2834 633 2897 672 ac
2937 617 3098 686 plane
3122 616 3392 669 internam
3423 613 3706 681 excogita-

2126 708 2206 764 vit
2237 718 2289 763 et
2316 709 2600 779 usurpavit
2622 707 2881 778 lgnatins.
2912 708 3086 773 Quam
3128 707 3299 761 multa
3330 714 3454 761 sunt
3481 720 3605 773 quae
3638 717 3706 756 ex

2128 817 2237 856 una
2271 817 2408 856 voce
2446 804 2555 855 πᾶν
2602 802 2656 855 in
2702 802 2863 856 unica
2897 800 3126 869 epistola
3167 798 3399 853 arcessit
3451 796 3708 851 Clemens

2128 895 2439 950 Romanus!
2472 894 2861 966 παμμεγέθης,
2881 890 3421 963 παμμεγεθέστατος,
3448 888 3635 960 παμπ)
3646 894 3710 951 ἠσ-

2127 987 2247 1058 θης,
2283 988 2564 1055 πανάγιος,
2594 987 2917 1058 πανάρετος,
2948 985 3361 1055 παντοκράτωρ,
3399 996 3709 1054 παντοκρω-

2126 1079 2362 1152 τορικός,
2396 1080 2816 1151 παντοποιητής,
2853 1078 3256 1149 παντεπόπτης.

2198 1171 2362 1226 Plura
2394 1173 2561 1242 igitur
2590 1169 2907 1240 hujusmodi
2942 1185 3105 1239 quam
3131 1184 3298 1222 unum
3324 1174 3416 1221 aut
3447 1167 3705 1230 alterum,

2129 1264 2198 1319 ab
2230 1263 2452 1334 optimis
2482 1262 2847 1332 scriptoribus
2881 1269 2935 1314 et
2970 1261 3024 1313 in
3059 1274 3223 1329 opere
3252 1257 3513 1312 laudabili
3544 1270 3707 1309 usur-

2126 1366 2254 1427 pata
2292 1356 2461 1411 fuisse
2493 1365 2553 1410 ut
2578 1355 2905 1410 concederet
2927 1351 3161 1406 Dallzeus
3192 1364 3417 1404 necesse
3452 1346 3587 1413 fuit;
3611 1345 3707 1402 sed

2128 1458 2261 1505 sunt
2298 1448 2389 1502 illa
2418 1447 2722 1517 epistolicis
2763 1445 2960 1509 multo,
2998 1452 3057 1497 ut
3092 1443 3207 1513 ipse
3236 1442 3481 1511 judicat,
3518 1440 3710 1493 mode-

2129 1541 2321 1597 stiora.
2357 1538 2601 1594 Modesta
2637 1538 2918 1592 enimvero
2967 1544 3094 1591 sunt
3146 1534 3235 1588 illa
3272 1532 3536 1588 vocabula
3586 1545 3709 1600 qua:

2129 1634 2221 1689 alii
2258 1640 2612 1701 usurparunt,
2643 1630 2977 1685 immodesta
3020 1643 3143 1698 quae
3187 1626 3424 1695 scriptor
3464 1623 3712 1694 epistoli-

2129 1740 2248 1780 cus.
2282 1724 2352 1777 At
2379 1722 2581 1785 multa,
2631 1729 2693 1774 ut
2732 1718 3102 1781 ostendimus,
3156 1715 3347 1769 eadem
3397 1721 3570 1768 sunt:
3612 1725 3712 1779 par

2130 1817 2358 1889 proinde
2392 1815 2445 1868 in
2490 1814 2558 1868 iis
2614 1810 2902 1866 modestia.
2943 1809 3075 1875 Quae
3111 1808 3180 1862 ab
3226 1806 3351 1861 aliis
3399 1813 3524 1859 ante
3580 1815 3709 1857 eum

2128 1909 2332 1977 scripta
2367 1920 2475 1959 non
2519 1904 2808 1971 videntur,
2847 1909 2995 1955 certe
3044 1899 3369 1953 immodesta
3403 1910 3510 1949 non
3556 1904 3707 1948 sunt.

2126 1998 2263 2053 Nam
2297 1998 2444 2051 illam
2478 1994 2881 2050 immodestiam
2915 1992 3001 2046 vel
3034 1992 3089 2044 in
3122 1988 3519 2059 compositione
3544 1986 3629 2040 vel
3653 1987 3711 2039 in

2127 2089 2527 2160 signiﬁcatione
2564 2086 2865 2142 consistere
2899 2083 3191 2138 dicendum
3233 2089 3336 2135 est.
3373 2079 3430 2133 ιη
3480 2092 3708 2147 compo-

2127 2186 2325 2241 sitione
2354 2183 2716 2237 immodestus
2738 2181 2847 2235 dici
2870 2194 2980 2232 non
3008 2185 3186 2248 potest
3213 2175 3570 2245 epistolarum
3610 2190 3711 2227 au-

2128 2285 2247 2331 ctor
2283 2294 2295 2329 :
2324 2290 2449 2330 cum
2486 2283 2580 2329 aut
2618 2274 2807 2328 eadem
2842 2281 2937 2325 aut
2965 2272 3125 2341 plane
3154 2269 3351 2324 similis
3381 2266 3710 2335 compositio

2128 2371 2183 2422 in
2225 2368 2348 2422 aliis
2380 2368 2556 2436 iisque
2587 2366 2809 2435 optimis
2842 2363 3208 2434 scriptoribus
3243 2362 3589 2415 observetur.
3619 2356 3711 2411 Si-

2127 2459 2405 2532 gniﬁcatio
2453 2468 2634 2513 autem
2677 2474 2911 2523 vocum,
2952 2457 2998 2512 si
3037 2471 3160 2526 qua:
3199 2454 3338 2509 forte
3362 2453 3431 2507 ab
3461 2452 3582 2521 ipso
3604 2465 3711 2518 pu-

2128 2561 2311 2606 tentur
2336 2551 2679 2620 excogitatae,
2712 2548 3036 2602 immodesta
3066 2545 3281 2601 censeri
3309 2558 3423 2597 non
3449 2542 3632 2606 debet,
3658 2538 3709 2594 si

2127 2658 2216 2696 res
2256 2642 2375 2711 ipsa
2405 2641 2493 2695 his
2519 2640 2837 2695 nominibus
2862 2639 3121 2694 denotata
3138 2636 3301 2691 fuerit
3323 2651 3353 2689 a
3383 2632 3558 2690 sacris
3582 2632 3712 2687 scri-

2127 2734 2383 2806 ptoribus
2410 2732 2632 2799 tradita.
2664 2729 2834 2785 Docet
2859 2728 2915 2784 S.
2951 2728 3154 2782 Paulus
3183 2727 3465 2781 Christum
3502 2723 3558 2777 in
3584 2737 3712 2776 sana

2129 2828 2233 2882 ctis
2262 2825 2569 2880 habitare“
2612 2843 2625 2879 :
2669 2823 2889 2879 eosdem
2926 2823 3091 2892 igitur
3136 2820 3378 2890 lgnatius
3422 2814 3713 2889 χριστοφό-

2130 2935 2258 2992 ρους
2286 2926 2342 2972 et
2388 2917 2579 2971 eodem
2617 2931 2781 2970 sensu
2810 2914 3122 2985 appellavit.
3164 2912 3355 2967 Tradit
3398 2912 3541 2965 idem
3578 2923 3714 2979 apo-

2129 3008 2306 3062 stolus
2356 3022 2589 3076 corpora
2654 3013 2970 3062 sanctorum
3032 3019 3157 3059 esse
3209 3002 3409 3072 templa
3474 2999 3712 3071 Spiritus

2130 3100 2306 3154 sancti
2334 3100 2380 3131 "
2405 3117 2417 3152 :
2448 3114 2619 3167 quare
2657 3098 2878 3153 eosdem
2908 3106 3095 3152 noster
3140 3097 3358 3151 vocavit
3388 3094 3709 3164 ναοφόρους.

2129 3189 2380 3246 Ostendit
2436 3190 2732 3260 Apostolus
2782 3189 3001 3258 impios,
3032 3187 3164 3242 dum
3212 3187 3425 3253 vivunt,
3465 3194 3715 3239 mortuos

2127 3300 2253 3340 esse
2268 3284 2351 3338 ⁸³ε
2398 3299 2495 3338 eos
2539 3284 2630 3338 ille
2668 3282 3033 3355 νεκροφόρους
3073 3280 3320 3335 nominat
3355 3293 3520 3334 sensu
3553 3275 3715 3331 Chri-

2130 3377 2334 3442 stiano,
2365 3390 2491 3430 eum
2532 3372 2705 3428 Graeci
2756 3389 2820 3429 ea
2864 3389 3002 3429 voce
3041 3372 3378 3427 libitinarios
3425 3368 3710 3422 intellexe-

2128 3470 2259 3523 rint.
2290 3468 2502 3522 Monuit
2529 3466 2807 3522 S.Paulus
2833 3465 3178 3521 Christianos
3201 3472 3259 3519 ut
3276 3464 3521 3516 viverent
3544 3458 3711 3524 ἀξίως

2126 3561 2221 3615 τοῦ
2256 3559 2392 3614 Θεοῦ
2413 3559 2479 3626 ³³,
2511 3574 2606 3615 eos
2635 3559 2731 3629 qui
2761 3560 2835 3612 ita
2865 3558 3117 3612 vixerant
3156 3553 3396 3626 lgnatius
3433 3549 3712 3615 ἁξιοθέους

2126 3663 2308 3709 vocat.
2338 3652 2600 3719 Quaenam
2622 3691 2636 3717 ,
2665 3651 2863 3705 amabo
2883 3691 2899 3717 ,
2947 3650 2999 3703 in
3029 3648 3116 3702 his
3155 3643 3472 3709 vocabulis,
3510 3642 3558 3697 si
3592 3655 3710 3695 rem

2129 3745 2303 3816 ipsam
2336 3724 2391 3798 et
2412 3744 2866 3815 signiﬁcationem
2899 3749 3133 3810 spectes,
3172 3735 3558 3792 immodestia?
3584 3747 3710 3787 om-

2127 3835 2260 3889 nino
2283 3834 2452 3887 nulla.
2479 3833 2718 3902 Apparet
2751 3830 2970 3885 tandem
3005 3844 3071 3883 ex
3100 3827 3187 3881 his
3213 3825 3497 3880 vocabulis
3525 3830 3708 3877 tanto-

2128 3941 2255 3997 pere
2285 3924 2588 3995 deturpatis
2610 3923 2822 3993 poetica
2851 3935 2974 3974 esse
2991 3918 3160 3983 nulla,
3194 3915 3518 3971 immodesta
3537 3913 3711 3979 nulla,

2126 4029 2251 4069 rara
2291 4014 2513 4084 quidem
2556 4020 2612 4066 et
2655 4011 2913 4065 inusitata
2956 4006 3420 4079 perpaucissima;
3478 4017 3713 4072 eamque

2126 4107 2533 4162 accusationem
2562 4118 2670 4157 non
2705 4103 2758 4156 in
2790 4111 3093 4167 auctorem,
3134 4099 3228 4156 sed
3258 4099 3312 4153 in
3336 4098 3709 4154 Christianum

2127 4200 2410 4265 recidere,
2452 4198 2547 4268 qui
2597 4211 2722 4251 cum
2767 4195 2959 4264 lgnatii
3006 4208 3221 4260 novus,
3261 4202 3317 4247 et
3361 4200 3423 4247 ut
3467 4192 3712 4261 loquitur

2128 4290 2532 4357 Tertullianus,
2562 4289 2856 4344 hesternus
2891 4285 3030 4355 fuit,
3059 4301 3199 4341 nova
3235 4284 3503 4340 vocabula
3549 4300 3714 4355 pepe-

2125 4384 2220 4437 rit.

2200 4472 2337 4527 Cum
2363 4471 2431 4527 de
2454 4470 2688 4542 singulis
2715 4479 2828 4524 tam
2864 4469 3028 4533 male,
3060 4467 3347 4524 videamus
3372 4484 3439 4523 an
3475 4469 3542 4523 de
3575 4483 3712 4523 con-

439 4564 592 4637 φέρω
625 4565 767 4634 apud
803 4563 1023 4620 Graecos
1051 4581 1188 4635 pene
1222 4566 1431 4619 inlinita
1479 4573 1636 4627 sunt,
1680 4575 1735 4619 et
1778 4565 1832 4619 in
1875 4566 2024 4620 omni
2056 4564 2103 4623 D
2124 4564 2334 4635 junctis
2364 4565 2560 4619 melius
2590 4562 2973 4633 disputaverit.
3006 4560 3255 4626 Quatuor
3288 4561 3409 4630 ejus
3436 4560 3713 4629 composi-

438 4671 623 4710 rerum
657 4671 854 4725 genere
891 4657 1131 4711 maxime
1164 4657 1383 4711 usitata.
1418 4655 1657 4727 lgnatius
1689 4672 1811 4726 quae
1837 4656 2019 4721 habet,

440 4749 552 4805 fere
590 4750 909 4821 religionem
959 4758 1016 4806 et
1053 4750 1493 4805 Christianorum
1525 4751 1869 4805 sanctitatem
1898 4767 2022 4821 spe-

438 4851 622 4909 ctant;
653 4857 829 4912 eaque
862 4842 1167 4911 compluria
1198 4844 1575 4912 composuisse
1605 4857 1715 4897 non
1747 4843 2021 4897 immerito

437 4933 648 4988 censeri
672 4934 854 4999 debet,
885 4934 1030 5004 quod
1073 4935 1127 4988 in
1159 4934 1443 5005 gentilium
1481 4934 1654 4989 sacris
1690 4950 1769 4988 ea:
1800 4950 2023 5004 compo-

436 5024 667 5079 sitiones
722 5022 1168 5093 frequentissime
1221 5025 1653 5092 usurpabantur.
1708 5025 1766 5078 In
1824 5024 2019 5079 ritibus

434 5130 628 5170 eorum
659 5115 1063 5184 superstitiosis
1095 5115 1299 5185 ubique
1318 5124 1639 5181 occurrunt,
1672 5115 2016 5188 ἀνθεσφόροι,

435 5208 760 5278 ἀρρηφόροι,
802 5208 1158 5279 δαφνηφόροι,
1208 5208 1587 5279 δειπνοφόροι,
1636 5209 2016 5279 διονυσιφόροι,

432 5301 772 5373 διφροφόροι,
809 5301 1107 5373 ὲρῤηφόροι
1137 5311 1191 5356 et
1219 5302 1519 5372 ὲρσιφόροι,
1554 5301 1858 5373 ὀσχοφόροι,
1893 5302 2021 5355 θαλ-

433 5392 671 5464 λοφόροι,
709 5391 1062 5464 θεσμοφόροι,
1088 5393 1378 5465 ἱεροφόροι,
1417 5394 1737 5464 κανηφόροι,
1768 5394 2020 5464 κιστοφὸ-

437 5504 539 5557 ροι.
576 5487 909 5557 λικνοφόροι,
945 5485 1319 5557 λουτροφόροι,
1356 5465 1774 5559 ναρθηκοφόροι,
1818 5485 2020 5538 πεπλο-

433 5576 611 5650 φόροι,
647 5577 939 5648 πυρφόροι,
970 5577 1335 5647 σκαφηφόροι,
1375 5576 1717 5649 σκιροφόροι,
1748 5592 2018 5646 στεφανη-

434 5671 611 5742 φόροι,
646 5669 965 5740 ὑδριαφόροι
987 5709 1001 5734 ,
1033 5677 1089 5724 et
1118 5669 1427 5741 ὑδροφόροι,
1461 5669 1756 5740 φωσφόροι.
1801 5668 1881 5723 Ad
1928 5684 2023 5723 eu-

505 5834 784 5907 "Ephes.
821 5852 906 5891 ιιι.
946 5835 1030 5889 l'l.
1108 5836 1152 5868 ⁸³
1188 5834 1343 5893 [Cor
1398 5853 1478 5905 vi,
1512 5837 1596 5894 l9.
1676 5838 1720 5870 ⁸³
1755 5837 1915 5895 Rom.
1946 5852 2024 5905 vt,
2067 5838 2127 5892 2.

2128 4659 2296 4715 tionis
2325 4673 2487 4713 voces
2510 4657 2566 4710 in
2601 4671 2710 4710 una
2740 4657 3007 4711 sententia
3042 4653 3389 4718 observavit,
3437 4652 3708 4725 θεοφόρα,

2127 4754 2222 4807 καὶ
2249 4752 2524 4823 ναοφόροι,
2551 4749 2934 4820 χριστοφόροι,
2968 4748 3258 4819 ἁγνοφόροι
3281 4786 3296 4810 ,
3324 4760 3527 4815 easque
3574 4761 3711 4801 nau-

2126 4858 2275 4899 seam
2304 4842 2584 4896 excituras
2607 4839 2852 4909 putavit,
2888 4840 2973 4891 vir
3016 4846 3286 4891 emunctae
3320 4838 3469 4889 naris
3494 4876 3507 4900 ,
3542 4843 3602 4888 ut
3630 4836 3710 4888 vi-

2127 4936 2307 4999 detur,
2361 4943 2495 5005 quot
2542 4941 2625 4987 tot
2674 4931 2918 5001 ejusdem
2975 4927 3389 4998 compositionis
3444 4924 3709 4979 vocabula

2128 5028 2292 5082 simul
2325 5026 2706 5081 enuntientur.
2741 5022 2813 5076 At
2847 5023 2957 5077 duo
2992 5020 3286 5090 Apostolus
3317 5018 3483 5073 simul
3522 5020 3710 5086 posuit

2125 5119 2410 5182 ὃλοτελεῖς,
2448 5118 2541 5171 καὶ
2573 5115 2886 5187 ὁλόκληρον,
2924 5113 2941 5166 Ι
2968 5112 3164 5167 Thess.
3197 5127 3263 5178 ν,
3292 5109 3400 5175 25;
3449 5110 3552 5163 tria
3598 5107 3708 5163 Χου-

2126 5210 2371 5279 nophon,
2398 5207 2931 5279 φιλανθρωπότατος,
2969 5206 3062 5259 καὶ
3096 5202 3576 5274 φιλομαθέστατος,
3614 5202 3707 5254 καὶ

2128 5303 2558 5373 φιλοτιμότατος.
2600 5300 2849 5356 Justinus
2898 5309 3104 5370 martyr
3148 5296 3410 5367 Apologia
3464 5296 3487 5348 1
3538 5293 3708 5349 εΚᾶν

2126 5394 2232 5448 ὑπὸ
2264 5393 2599 5465 Κρίσκεντος
2636 5391 2729 5445 τοῦ
2764 5390 3059 5462 φιλοψόφου
3092 5389 3185 5443 καὶ
3218 5387 3554 5458 φιλοκόμπου
3576 5402 3588 5415 ·
3640 5385 3705 5439 οὐ

2126 5485 2234 5558 γὰρ
2284 5484 2570 5552 φιλόσοφον
2609 5485 2783 5536 εἰπεῖν
2827 5481 2973 5546 ἄξιον
2996 5482 3083 5536 τὸν
3123 5480 3309 5550 ἄνδρα.
3360 5478 3425 5533 Ει
3469 5479 3701 5535 statim:

2139 5578 2225 5640 Ὠς
2259 5574 2523 5647 προέφην,
2551 5575 2611 5627 οὐ
2648 5574 2935 5643 φιλόσοφος
2964 5572 3095 5626 ἀλλὰ
3121 5569 3391 5641 φιλόδοξος
3424 5569 3563 5641 ἀνὴρ
3597 5568 3709 5624 565--

2130 5685 2340 5733 κνυται,
2370 5667 2428 5730 ὃς
2460 5684 2524 5736 γε
2560 5666 2696 5739 μηδὲ
2727 5666 2787 5721 τὸ
2815 5665 3161 5739 Σωκρατικὸν
3193 5662 3509 5737 ἀξιέραστον
3533 5660 3594 5716 ὃν
3626 5678 3712 5717 ἰν-

2218 5836 2263 5869 “
2308 5834 2431 5893 Col.
2464 5851 2506 5901 ι,
2537 5833 2622 5889 l0.
