4138 6446
473 401 577 457 ιιτ

1464 397 1520 451 S.
1556 394 1903 453 lCNA’I'tUS.
1962 424 2029 434 —
2067 391 2599 448 PROLEGOMENA.

3628 397 3734 453 MS

476 521 573 590 μᾷ.
608 518 800 588 Gregol
818 518 903 571 ius
930 514 1340 573 Nazianzenus:
1370 516 1481 589 Τὴν
1510 518 1790 588 ὁμότιμον,
1817 517 1912 568 καὶ
1934 515 2057 584 ὁμό-

2164 513 2264 568 bus
2292 514 2494 583 passim
2527 523 2783 582 usurpata
2832 514 2949 583 ipse
2998 527 3137 566 nove
3162 520 3428 581 usurpat,
3453 519 3507 565 et
3536 522 3734 582 prmter

474 626 645 681 φρονα
671 650 685 673 ,
722 614 816 662 καὶ
849 608 1141 678 όμόψυχον.
1194 609 1335 662 Alibi
1364 625 1375 659 :
1404 609 1514 661 Καὶ
1543 608 1749 678 ιιιιτιιυχοι¹
1790 606 1882 661 τὸν
1911 607 2058 675 φιλό-

474 718 687 770 πτωχον
720 702 815 753 καὶ
846 700 936 753 τὸν
969 700 1240 769 φιλόξενον
1280 701 1329 751 οἱ
1375 698 1551 763 ξένοι,
1589 699 1682 752 καὶ
1726 696 1944 766 ἀδελφοὶ
1969 696 2057 752 τὸν

473 796 814 866 φιλάδελφον.
875 795 1088 851 Rursus
1132 814 1144 849 :
1194 795 1515 859 Φιλόπαιδες
1553 794 1723 865 ἄμφω
1768 794 1860 847 καὶ
1911 793 2059 861 φιλό-

471 903 699 961 χριστοι,
743 890 803 943 τὸ
845 888 1302 961 παραδοξότατον,
1358 888 1555 959 μᾶλλον
1605 889 1664 942 δὲ
1725 888 2058 957 φιλόχριστοι

471 980 504 1051 ἦ
541 983 879 1051 φιλόπαιδες.
918 981 1167 1047 Quatuor
1194 982 1357 1036 simul
1393 981 1709 1050 Simplicius
1740 980 1792 1033 in
1840 979 2057 1047 Epicte-

471 1078 587 1123 tum
617 1088 630 1124 :
671 1071 795 1122 Ὅδε
835 1071 932 1140 μὲν
964 1070 1242 1140 φιλήδονος
1272 1068 1442 1122 ἔσται’
1468 1069 1555 1121 ὅδε
1586 1067 1681 1121 καὶ
1720 1067 2060 1137 φιλοχρήμα-

469 1180 582 1227 τος,
619 1164 714 1216 καὶ¹
757 1162 915 1225 ἄλλος
953 1161 1281 1232 φιλόμουσος
1315 1162 1410 1215 καὶ
1444 1161 1752 1229 φιλόσοφος.
1805 1158 2059 1212 Clemens

472 1253 760 1308 Romanus
792 1272 805 1308 :
837 1254 911 1307 Ού
941 1254 1143 1315 πάντες
1173 1254 1311 1305 εἰσιν
1335 1252 1587 1323 ἔπαρχοι,
1617 1250 1738 1303 οὐδὲ
1769 1248 2055 1319 χιλίαρχοι,

471 1345 592 1399 οὐδὲ
624 1346 1043 1415 ἑκατόνταρχοι,
1091 1343 1211 1396 οὐδὲ
1252 1343 1733 1413 πεντηκόνταρχοι.
1780 1338 2059 1409 Epictetus

474 1439 591 1508 ipse
626 1437 771 1507 apud
822 1438 1097 1491 Stobaeum
1131 1436 1396 1503 quinque.
1442 1435 1619 1497 οὐδεὶς
1657 1433 2060 1504 φιλοχρήματος

474 1526 570 1579 καὶ
604 1524 903 1596 φιλήδονος,
940 1526 1035 1578 καὶ
1064 1524 1339 1593 φιλόδοξος
1371 1523 1770 1594 φιλάνθρωπος,
1805 1521 1940 1575 ἀλλὰ
1967 1522 2061 1593 μό-

476 1635 564 1681 νος
593 1620 623 1670 ὁ
648 1617 956 1686 φιλόκαλος.

548 1705 843 1777 llucusque
871 1706 1209 1777 argumentis
1230 1706 1365 1760 nihil
1395 1705 1667 1775 promovit
1693 1705 1779 1758 vir
1806 1704 2059 1759 doctissi-

476 1815 637 1867 mus;
675 1800 962 1853 videamus
995 1799 1126 1869 quid
1165 1799 1501 1867 coniecturis
1543 1797 1740 1867 possit.
1796 1816 1814 1849 ι
1874 1796 2053 1863 Ratio,

2161 608 2394 662 aliorum
2428 622 2657 662 morem.
2690 625 2709 658 ι
2740 605 2953 675 Ergone
2977 606 3218 675 lgnatius
3238 621 3362 661 esse
3389 620 3499 660 non
3526 608 3737 676 potuit?

2157 701 2239 754 An
2284 699 2387 753 soli
2445 699 2590 769 plani
2638 711 2694 754 et
2726 699 2943 753 lictores
2980 698 3248 753 vocabula
3276 713 3417 753 nove
3454 706 3510 753 et
3539 707 3736 768 praeter

2158 793 2391 847 aliorum
2436 806 2646 845 morem
2681 792 2993 860 usurpant?
3023 790 3227 845 Planus
3258 791 3424 860 igitur
3452 790 3590 855 fuit,
3626 807 3734 845 non

2158 883 2505 954 Thucydides
2525 925 2540 948 ,
2568 882 2660 952 qui
2686 882 3063 952 ἁποσίμωσιν,
3093 893 3147 936 ει
3176 881 3468 953 κωλύμην,
3515 890 3570 937 ει
3596 883 3738 935 ἀπο-

2157 976 2385 1044 τείχισιν
2425 989 2533 1027 ηοιι
2568 973 2867 1027 secundum
2912 973 3144 1027 aliorum
3179 988 3387 1028 morem
3423 975 3732 1045 usurpavit.

2158 1070 2306 1134 Quot
2347 1067 2645 1137 scriptores
2695 1066 2871 1121 Graeci
2901 1075 3061 1126 sunt.
3093 1066 3184 1136 qui
3211 1066 3369 1120 aliter
3397 1082 3563 1123 voces
3592 1082 3733 1119 non-

2157 1162 2341 1216 nullas
2364 1169 2695 1230 acceperunt
2729 1174 2894 1229 quam
2926 1159 2995 1212 ab
3024 1158 3145 1213 aliis
3172 1169 3406 1228 acceptae
3436 1160 3599 1213 sunt?
3629 1159 3733 1213 Vix

2159 1255 2395 1323 aliquem
2443 1254 2583 1308 inter
2629 1260 2838 1307 veteres
2887 1252 3053 1306 etiam
3101 1251 3443 1306 clarissimos
3477 1260 3733 1306 auctores

2158 1344 2493 1409 nominabis,
2518 1358 2680 1413 quem
2715 1358 2825 1395 non
2851 1342 3214 1397 observarunt
3248 1342 3592 1411 grammatici
3638 1357 3733 1411 pc-

2156 1435 2355 1491 culiari
2411 1436 2597 1504 aliquo
2645 1448 2807 1488 sensu
2851 1434 3036 1504 aliqua
3081 1433 3349 1488 voeabula
3410 1449 3731 1503 usurpasse.

2158 1531 2421 1597 Quaenam
2487 1537 2702 1594 autem,
2745 1536 2839 1581 aut
2866 1537 3001 1596 quot
3043 1526 3134 1580 illa
3168 1535 3296 1580 sunt
3328 1527 3534 1595 passim
3572 1542 3735 1581 usur-

2158 1634 2305 1695 pata,
2327 1638 2449 1691 qua:
2465 1629 2651 1674 noster
2664 1635 2803 1675 nove
2817 1619 3132 1689 usurpavit?
3150 1618 3266 1673 Duo
3287 1628 3496 1674 tantum
3516 1662 3530 1685 ,
3546 1619 3733 1689 φύσις,

2160 1723 2215 1769 ει
2271 1714 2410 1785 ᾷόωι
2467 1712 2687 1767 tertium
2761 1713 2907 1765 enim
2964 1712 3173 1783 ἄρχειν,
3227 1711 3434 1767 lictoris
3485 1722 3589 1767 est.
3663 1710 3736 1766 At

2162 1807 2324 1876 φύσις
2350 1814 2410 1860 ιιι
2435 1814 2518 1859 est
2548 1820 2653 1859 vox
2682 1803 2987 1869 tritissima,
3032 1804 3103 1857 ita
3127 1804 3279 1858 vario
3314 1818 3532 1873 semper
3564 1803 3734 1874 signi-

477 1892 679 1961 inquit,
705 1909 806 1947 cur
842 1892 944 1946 ista
984 1900 1094 1945 tam
1133 1890 1292 1945 avide
1339 1899 1561 1959 tamque
1594 1890 1839 1945 studiose
1865 1904 2060 1943 conse-
2090 1880 2131 1934 Β
2162 1899 2325 1952 ﬁcatu
2377 1896 2522 1966 apud
2576 1896 2815 1965 optimos
2882 1896 3180 1965 scriptores
3236 1895 3475 1949 sumitur
3502 1935 3516 1959 ,
3568 1895 3733 1949 etiam

475 1990 656 2037 elatus
680 1984 769 2048 sit,
803 1998 911 2036 non
957 1990 1040 2035 est
1064 1982 1323 2037 obscura.
1354 1978 1627 2033 Nimirum
1660 1979 1756 2047 qui
1798 1994 2059 2048 magnum

476 2080 653 2133 virum
688 2079 1061 2133 simulandum
1100 2078 1258 2132 ﬁnxit
1289 2079 1357 2147 (si
1388 2077 1436 2132 ei
1470 2076 1763 2130 credamus
1786 2075 1883 2144 qui
1915 2076 2062 2129 ficto-

475 2187 590 2225 rem
625 2172 802 2241 ipsum
822 2171 1251 2241 ﬂrixit),putavit
1277 2171 1521 2240 aliquam
1544 2168 1841 2239 Ignatiana’
1859 2167 2063 2238 magni-

474 2262 682 2317 tudinis
704 2264 942 2332 speciem
968 2263 1325 2332 praebiturum
1356 2276 1665 2317 sermonem
1688 2277 1752 2315 ex
1774 2260 2062 2329 hujusmo-

473 2354 528 2407 di
569 2354 651 2407 vel
692 2356 910 2423 priscis,
939 2356 1022 2409 vel
1056 2355 1198 2409 raris
1231 2355 1316 2409 vel
1349 2354 1671 2425 grandibus,
1707 2353 1791 2407 vel
1838 2353 2061 2407 audaci-

474 2446 579 2502 bus
610 2447 790 2502 verbis
814 2457 1103 2502 structum.
1126 2466 1145 2500 ι
1172 2447 1501 2503 Praeclarum
1539 2462 1670 2502 sane
1686 2455 2059 2502 commentum

472 2546 531 2590 et
577 2536 911 2592 bariolatore
962 2537 1229 2607 dignum!
1281 2536 1422 2602 Quid
1453 2536 1637 2591 enim?
1665 2552 1733 2591 an
1781 2535 2060 2607 lgnatiana

475 2629 798 2698 magnitudo
827 2644 893 2683 ex
918 2628 1107 2699 grandi
1136 2643 1390 2683 sermone
1415 2628 1651 2683 conﬂata
1670 2669 1683 2691 ,
1716 2636 1772 2683 et
1799 2629 2061 2683 fortitudo

475 2720 811 2778 sanctissimi
838 2720 1093 2791 martyris
1121 2734 1188 2773 ex
1222 2718 1401 2774 verbis
1430 2719 1732 2774 audacibus
1758 2719 2060 2789 composita

475 2813 714 2883 cuipiam
738 2812 911 2866 videri
946 2811 1158 2881 potuit?
1179 2811 1257 2864 An
1292 2812 1415 2867 ideo
1444 2812 1739 2883 quisquam
1772 2828 1897 2867 eum
1935 2813 2061 2868 forti

477 2912 534 2957 et
567 2902 735 2957 alacri
770 2903 957 2957 animo
999 2902 1068 2955 ad
1123 2900 1593 2957 ferocissimarum
1626 2903 1923 2958 bestiarum
1964 2918 2062 2957 ora

477 3009 805 3065 properasse
836 2993 1070 3063 pumret,
1099 2993 1245 3063 quod
1274 2992 1621 3049 Christianos
1655 3002 1750 3049 aut
1769 2992 2062 3066 θεοφόρους

476 3096 575 3141 aut
594 3086 1007 3157 χριστοφόρους,
1036 3095 1130 3140 aut
1177 3088 1476 3158 ναοφόρους
1508 3086 1881 3149 nominasset,
1914 3086 2062 3155 quod

2160 1986 2511 2043 Christianus
2557 1994 2611 2041 et
2668 2000 2878 2041 sacros.
2930 1984 3086 2041 Unde
3140 1985 3400 2056 anonymi
3448 1985 3734 2054 cujusdam

2160 2079 2648 2136 commentariolus
2694 2077 2967 2133 conﬂatus
3025 2085 3129 2139 est,
3162 2078 3256 2148 qui
3312 2078 3366 2131 in
3397 2077 3735 2132 Bibliotheca

2163 2172 2595 2227 Vindoboniensi
2620 2213 2636 2237 ,
2672 2182 2808 2227 teste
2866 2171 3162 2227 Lambecio
3188 2213 3203 2234 ,
3241 2188 3343 2226 ms.
3378 2181 3580 2235 exstat,
3609 2187 3735 2225 cum

2162 2263 2267 2317 hoc
2305 2264 2461 2318 titulo
2494 2282 2506 2316 :
2554 2264 2621 2316 Ἡ
2648 2262 2809 2332 φύσις
2848 2261 3087 2330 ὁσαχῶς
3129 2262 3206 2331 τῇ
3247 2265 3375 2330 θείᾳ
3411 2263 3740 2331 παρείληπο

2162 2355 2502 2426 ταιΓραερῇ.
2530 2357 2670 2421 Quot
2700 2356 2872 2411 modis
2929 2356 3090 2425 φύσις
3128 2357 3180 2410 in
3226 2355 3283 2411 S.
3325 2355 3605 2424 Scriptura
3647 2372 3740 2409 ac-

2162 2453 2412 2523 cipiatur.
2440 2450 2614 2517 Quid.
2664 2464 2872 2520 quaeso,
2906 2450 3177 2520 signiﬁcat
3213 2450 3377 2518 φύσις
3430 2449 3573 2518 apud
3606 2448 3747 2523 Epi-|

2161 2545 2425 2615 phanium
2466 2542 2657 2597 haeresi
2700 2542 2763 2596 51
2829 2542 2919 2595 ubi
2978 2542 3055 2596 ait
3087 2560 3100 2595 :
3132 2543 3227 2605 Εἰς
3249 2541 3476 2613 Κύπρον
3505 2541 3564 2594 δὲ
3609 2532 3747 2611 ὲλη-’

2161 2634 2340 2698 λυθὼς
2369 2636 2445 2698 ὡς
2488 2635 2745 2702 ναυάγιον
2794 2632 3034 2696 ὑποστὰς
3074 2634 3234 2701 φύσει
3284 2631 3611 2703 σωματικῶς
3642 2631 3742 2701 τῆς

2163 2728 2402 2791 πίστεως
2435 2726 2662 2797 ὲξέστη;
2695 2725 2853 2785 Certe
2873 2725 3132 2780 Petavius
3162 2740 3271 2778 non
3307 2724 3475 2788 vidit,
3505 2740 3628 2778 eum
3663 2724 3740 2780 ita

2162 2820 2365 2874 vertit:
2406 2839 2423 2870 ι
2465 2817 2570 2873 Sed
2616 2818 2683 2872 ad
2720 2816 2959 2888 Cyprum
2991 2815 3340 2871 delatuslidei
3365 2815 3737 2886 naufragium,

2162 2912 2310 2966 velut
2339 2911 2590 2980 corporis
2616 2909 2857 2975 fecisset,
2884 2908 3084 2971 ibidem
3113 2924 3330 2978 passus.
3358 2927 3377 2959 ι
3406 2908 3548 2975 Quid
3580 2908 3742 2977 paulo

2162 3002 2487 3073 ροςιῗῈγὼ
2538 3001 2595 3055 δὲ
2629 3001 2787 3056 ἅτινα
2835 3000 2992 3069 φύσει
3018 3002 3315 3067 ἀναγκαῖον
3347 2995 3485 3053 εἶναι
3534 2999 3745 3071 ἡγησά-

2168 3117 2275 3171 μην
2319 3100 2399 3162 εῐς
2434 3097 2743 3169 τούμφανὲς
2769 3096 2961 3161 ἐλθεῖν,
2989 3095 3142 3149 ταῦθ’
3175 3096 3546 3168 ὐπηγόρευσα.
3574 3095 3741 3150 Peta-

478 3180 885 3250 πραῡπάθειαν,
917 3190 1009 3233 aut
1036 3179 1425 3253 βεϐαιοσύνην,
1461 3188 1556 3234 aut
1598 3180 1944 3251 ἀκαυχησίαν
1979 3180 2063 3233 in-

2165 3193 2289 3246 vius
2326 3190 2474 3245 enim
2522 3205 2716 3245 rursus
2744 3188 2967 3245 omisit:
3002 3206 3021 3239 ι
3056 3187 3171 3257 Ego
3220 3202 3352 3242 vero
3380 3202 3444 3241 ea
3479 3187 3747 3241 duntaxat

479 3273 723 3328 credibili
760 3273 986 3328 audacia
1026 3273 1080 3327 in
1126 3273 1372 3343 epistolis
1424 3272 1743 3342 scripserit?
1797 3271 2065 3343 Pleraque

480 3366 597 3422 hmo
634 3366 856 3437 quidem
889 3382 918 3420 a
951 3366 1233 3421 Blondello
1266 3374 1453 3421 notata
1486 3375 1645 3433 sunt;
1694 3366 1790 3421 sed
1817 3374 1877 3419 ut
1904 3374 2065 3435 putre

478 3458 806 3515 fermentum
836 3460 904 3513 ab
931 3458 1139 3529 lgnatio
1165 3458 1519 3523 amoliretur;
1548 3473 1724 3527 neque
1751 3458 1894 3512 enim
1929 3458 2065 3512 adeo

479 3550 763 3617 lnsanivit,
792 3560 854 3605 ut
868 3550 934 3605 ad
953 3550 1245 3621 lgnatianre
1262 3549 1653 3617 magnitudinis
1675 3551 1908 3620 speciem
1927 3565 2067 3620 prze-

479 3641 715 3697 bendam
750 3640 866 3695 haec
894 3641 1202 3711 excogitata
1251 3654 1374 3694 esse
1396 3639 1621 3694 diceret.
1665 3639 1905 3695 Grandia
1948 3642 2063 3696 haec

480 3748 589 3789 non
615 3749 737 3789 esse
765 3732 1029 3788 vocabula
1073 3742 1168 3787 aut
1196 3731 1425 3787 audacia
1475 3748 1642 3801 supra
1675 3733 1973 3799 evicimus;
2011 3740 2066 3787 et

480 3823 744 3894 frequens
785 3823 1175 3894 plerorumque
1204 3838 1341 3877 usus
1373 3822 1517 3891 apud
1559 3822 1857 3892 scriptores
1895 3824 2063 3877 casti-

481 3916 799 3987 gatissimos
848 3915 990 3969 idem
1033 3922 1287 3970 testatur.
1339 3914 1611 3971 Fictorem
1646 3924 1828 3970 autem
1879 3914 2066 3969 nescio

481 4024 645 4079 quem
685 4022 750 4062 ea
776 4008 1118 4073 adhibuisse,
1150 4008 1297 4077 quod
1322 4009 1501 4078 prisca
1538 4017 1775 4077 putaret,
1816 4016 1871 4062 et
1911 4016 2069 4063 aetate

482 4116 583 4155 sua
606 4115 754 4165 rara,
780 4115 997 4154 omnem
1025 4109 1304 4169 stuporem
1349 4106 1591 4168 superat.
1643 4100 1725 4152 An
1762 4098 1877 4153 haec
1903 4113 2070 4153 exco-

483 4193 658 4263 gitare
690 4191 848 4245 lictor
878 4190 965 4245 vel
1006 4190 1209 4259 fungus
1255 4191 1459 4260 potuit,
1488 4196 1551 4243 ut
1585 4186 1828 4259 lgnatius
1848 4228 1863 4252 ,
1905 4202 2067 4258 quem

484 4282 746 4337 simulare
780 4281 992 4347 voluit,
1041 4295 1186 4335 unus
1236 4280 1303 4335 de
1355 4280 1535 4335 cascis
1574 4278 1886 4334 videretur?
1927 4277 2065 4332 Cum

490 4391 512 4426 ι
547 4372 726 4443 prisca
762 4371 947 4436 audio,
980 4370 1115 4424 mihi
1146 4378 1436 4423 versantur
1465 4378 1591 4423 ante
1614 4368 1804 4422 oculos
1845 4364 2070 4437 Ulysses

483 4472 540 4519 et
574 4461 794 4529 Nestor,
825 4476 1058 4533 quorum
1090 4471 1222 4515 aetas
1247 4460 1394 4515 mille
1415 4459 1529 4514 fere
1557 4459 1665 4513 200
1702 4459 1864 4515 annis
1892 4473 2069 4514 saecu-

2168 3280 2431 3351 proposui
2484 3295 2607 3350 qua:
2655 3279 2710 3333 in
2739 3278 2979 3333 medium
3012 3278 3242 3348 proferri
3276 3287 3529 3347 oportere
3553 3276 3740 3332 duxiu

2167 3371 2310 3439 Quid
2370 3372 2609 3441 denique
2660 3370 2853 3439 hieresi
2900 3371 2962 3425 51
2989 3371 3014 3423 'l
3083 3370 3277 3423 Ὁπότε
3311 3368 3369 3421 δὲ
3398 3369 3459 3422 ού
3499 3367 3745 3439 δέχονται

2167 3468 2327 3535 φύσει
2360 3464 2429 3519 τὰ
2459 3463 2637 3536 βιϐλία
2689 3463 2757 3517 τὰ
2795 3464 2903 3517 ἀπὸ
2932 3462 3025 3518 τοῦ
3070 3462 3228 3531 ἁγίου
3280 3462 3530 3516 Ἰωάννου
3580 3477 3747 3532 κεκη-

2169 3558 2434 3631 ρυγμὲνα.
2466 3575 2485 3607 ι
2524 3555 2630 3611 Sed
2658 3571 2782 3611 cum
2808 3555 3099 3610 universos
3137 3552 3367 3609 Joannis
3397 3554 3569 3609 libros
3612 3568 3745 3623 pro-

2168 3652 2285 3722 prie
2312 3650 2585 3721 rejiciant.
2616 3673 2633 3700 ο
2665 3648 2744 3703 Ita
2777 3647 2998 3701 tandem
3016 3646 3293 3710 Petavius,
3319 3661 3391 3701 an
3425 3646 3611 3700 recte?
3640 3644 3745 3699 Sed

2167 3740 2412 3812 lgnatius
2466 3748 2672 3805 noster,
2706 3747 2915 3793 natura;
2946 3754 2965 3789 ι
2998 3736 3223 3791 nomine
3272 3735 3358 3790 bis
3391 3735 3598 3791 abusus
3630 3743 3746 3800 est;

2167 3848 2390 3889 sensum
2415 3831 2465 3887 ei
2490 3831 2677 3886 nescio
2715 3844 2904 3900 quem,
2926 3827 3125 3897 inquit,
3157 3826 3472 3882 abstrusum
3496 3836 3551 3881 et
3576 3842 3605 3880 a
3632 3826 3748 3879 vul-

2169 3924 2285 3995 gari
2340 3938 2443 3977 usu
2476 3929 2746 3977 remotum
2778 3918 3060 3988 attingens.
3090 3935 3108 3967 ι
3142 3915 3351 3970 Locum
3395 3932 3462 3970 ex
3506 3913 3748 3984 Epistula

2168 4014 2237 4069 ad
2267 4012 2533 4082 Ephesios
2558 4009 2798 4074 adducit,
2829 4009 2885 4063 in
2907 4022 3037 4077 quo,
3078 4006 3340 4061 nimirum
3369 4045 3385 4068 ,
3421 4024 3440 4056 ‹
3474 4004 3751 4060 extrican-

2167 4104 2240 4159 do
2273 4104 2473 4159 sudant
2504 4102 2850 4170 interpretes.
2882 4118 2900 4151 ι
2932 4098 3155 4153 Possem
3177 4097 3385 4168 pariter
3399 4113 3467 4151 ex
3497 4094 3552 4150 S.
3578 4094 3750 4149 Paulo

2167 4196 2349 4251 locum
2377 4192 2713 4259 adducere,l
2750 4192 2879 4246 Cor.
2908 4207 2990 4256 ιι,
3018 4190 3108 4255 ll,
3139 4190 3208 4244 de
3235 4204 3347 4259 quo
3396 4203 3505 4243 non
3547 4187 3750 4242 sudant

2168 4298 2381 4347 tantum
2410 4287 2503 4342 sed
2529 4294 2585 4339 et
2607 4283 2979 4355 digladiantur
3005 4281 3109 4337 viri
3138 4282 3468 4337 doctissimi.
3500 4277 3606 4333 Sed
3637 4295 3749 4334 non

2168 4398 2310 4453 opus
2333 4389 2418 4436 est
2445 4398 2456 4433 :
2485 4378 2833 4448 apertissima
2865 4376 3012 4431 enim
3057 4374 3275 4430 fallacia
3300 4374 3390 4428 hic
3423 4374 3596 4427 utitur
3625 4372 3750 4427 Dal-

2168 4476 2306 4530 Iasus
2352 4492 2365 4528 :
2416 4470 2839 4539 πλυαγάπητον
2898 4468 3073 4537 ὄνομα
3130 4464 3400 4535 κέκτησθε
3457 4462 3617 4532 φύσει
3664 4463 3747 4516 δι-

484 4554 599 4610 lnm
635 4555 977 4624 lgnatianum
1010 4551 1381 4618 antecedebat,
1425 4570 1444 4604 ι
1475 4560 1537 4606 ιιι
1563 4552 1692 4606 olim
1718 4552 1828 4606 ille.
1857 4552 1940 4605 An
1962 4552 2063 4624 πρὸ

2174 4564 2306 4637 καίᾳ
2328 4604 2341 4628 ,
2373 4577 2496 4633 qua:
2518 4560 2710 4616 recitat
2737 4558 2900 4613 verba
2927 4557 3100 4612 nostri
3126 4556 3343 4627 quidem
3384 4562 3546 4619 sunt,
3572 4554 3667 4609 sed
3693 4555 3749 4609 in

485 4648 673 4720 χιλίων
702 4646 841 4701 ἐτῶν
867 4646 1195 4715 διαλέγεται,
1226 4651 1289 4698 ιιι
1312 4644 1388 4697 ait
1417 4642 1732 4698 Lueianus?
1756 4642 1839 4697 An
1873 4662 1891 4695 ι
1928 4643 2067 4698 duo-

485 4742 661 4796 decim
687 4741 902 4796 tabulas
927 4740 1193 4811 loquitur,
1230 4757 1247 4789 ι
1288 4747 1347 4791 ιιι
1377 4735 1625 4791 Seneca?
1661 4754 1679 4787 ι
1717 4734 1919 4792 Sordes
1947 4752 2067 4791 ver-

487 4832 682 4887 borum
707 4870 722 4896 ,
775 4842 829 4887 et
867 4832 1027 4885 hians
1060 4828 1421 4899 compositio,
1461 4836 1517 4882 et
1557 4826 1822 4883 inconditi
1870 4843 2067 4884 sensus

484 4925 733 4980 redolent
755 4923 1169 4993 antiquitatem;
1194 4940 1213 4974 ι
1238 4921 1330 4976 sed
1348 4935 1513 4990 quam
1530 4918 1554 4972 ?
1576 4934 1684 4975 non
1708 4925 1924 4974 aetatem
1940 4918 2070 4974 Tra-

481 5017 621 5087 jani.
655 5016 761 5070 Sed
789 5031 967 5084 neque
996 5015 1176 5084 prisca
1205 5014 1295 5068 illa
1326 5012 1505 5068 lictori
1528 5012 1702 5067 videri
1743 5022 2062 5082 potuerunt.

487 5109 685 5179 Aliqua
714 5124 781 5162 ex
816 5107 924 5163 illis
971 5098 1208 5162 fortasse
1238 5122 1380 5162 nova
1423 5114 1552 5161 tunc
1592 5105 1699 5160 dici
1748 5114 2065 5172 potuerunt,

488 5209 677 5271 utpote
699 5199 1319 5269 postChristianismum
1346 5196 1682 5268 orta,prisea
1708 5197 1868 5266 plane
1891 5197 2061 5252 nulla.

487 5293 783 5348 Accusavit
825 5292 940 5347 haec
982 5292 1097 5362 ipsa
1133 5293 1287 5363 prius
1329 5301 1388 5347 ut
1411 5307 1574 5358 nova,
1598 5306 1746 5346 nunc
1792 5299 1852 5345 ut
1884 5290 2069 5361 prisca

487 5385 767 5456 exagitat;
812 5400 987 5454 neque
1016 5400 1084 5439 ex
1136 5384 1204 5439 iis
1247 5400 1369 5455 qua:
1411 5399 1586 5451 nova,
1619 5384 1703 5438 vel
1732 5399 1854 5454 quae
1887 5383 2069 5453 prisca

489 5476 782 5531 videantur
816 5476 1076 5531 ostendit.
1106 5475 1292 5531 Fictor
1313 5492 1447 5531 sane
1476 5486 1536 5532 ut
1564 5475 1789 5546 antiqua
1810 5483 1866 5530 et
1897 5475 2070 5531 inusi-

490 5578 635 5635 tata,
669 5570 961 5643 θεοφόρον,
1002 5571 1361 5645 χριστοφόρον
1389 5580 1443 5625 ει
1472 5569 1671 5626 similia
1705 5567 1912 5639 lgnatio
1942 5582 2073 5637 sup-

492 5678 698 5734 ponere
732 5680 842 5719 non
870 5666 1081 5734 potuit,
1114 5679 1239 5719 cum
1273 5663 1569 5733 scriptores
1600 5671 1725 5733 post
1764 5660 2032 5733 lgnatium
2054 5699 2070 5727 ,

492 5765 619 5811 ante
648 5755 969 5822 Eusebium,
1001 5772 1064 5812 ea
1100 5756 1507 5826 usurpaverint.

569 5848 675 5905 Sed
706 5868 729 5904 ι
754 5856 810 5907 ει
842 5849 1088 5920 quaedam
1116 5849 1279 5906 verba
1308 5864 1401 5913 per
1452 5864 1510 5906 se
1555 5847 1761 5921 optima
1795 5856 1848 5907 et
1893 5847 2074 5905 omni-

2167 4656 2248 4712 eis
2274 4651 2610 4709 extricandis
2646 4666 2753 4705 non
2788 4650 2988 4705 sudant
3046 4650 3391 4719 interpretes.
3450 4646 3752 4717 lnterpola-

2168 4757 2255 4803 tor
2305 4760 2407 4815 pro
2431 4743 2854 4813 πολυαγάπητον
2891 4740 3177 4797 substituit
3222 4754 3324 4809 pro
3370 4754 3472 4795 suo
3521 4738 3754 4794 arbitrio

2169 4834 2567 4903 πολυπόθητον·
2598 4831 2744 4887 unde
2782 4828 3041 4886 Usserius
3070 4839 3124 4885 et
3147 4827 3374 4895 Junius,
3399 4844 3524 4884 cum
3563 4844 3751 4884 veram

2169 4928 2459 4984 lectionem
2490 4940 2600 4979 non
2641 4924 2928 4989 vidissent,
2962 4929 3155 4993 argute
3183 4922 3351 4975 nimis
3385 4921 3455 4975 de
3485 4922 3755 4993 etymolo-

2169 5021 2257 5090 gia
2314 5015 2581 5086 Ἐφεσίων
2652 5013 3029 5079 disserebant;
3085 5027 3210 5081 quae
3277 5011 3497 5081 quidem
3568 5009 3756 5066 Isaaco

2169 5110 2368 5166 Vossio
2405 5109 2606 5164 merito
2658 5107 2841 5161 minus
2903 5105 3215 5177 placebant.
3275 5103 3417 5170 Quid
3469 5102 3633 5173 φύσει
3676 5104 3752 5157 διο

2170 5204 2305 5276 καίᾳ
2329 5211 2507 5267 esset,
2550 5211 2743 5255 neutra
2777 5214 2907 5270 pars
2949 5198 3271 5263 dubitabat;
3319 5205 3550 5266 uterque
3600 5194 3755 5248 Lati-

2171 5310 2279 5350 nus
2304 5294 2572 5362 interpres
2597 5300 2794 5345 natura
2815 5291 2960 5360 iusta
2991 5288 3257 5353 reddidit;
3291 5288 3428 5342 adeo
3464 5287 3652 5340 omnis
3685 5300 3754 5340 ex

2171 5386 2441 5443 vocabulo
2467 5384 2630 5455 φύσις
2667 5384 2836 5439 sudor
2866 5383 3147 5437 abstersus
3190 5390 3296 5435 est.
3333 5379 3416 5434 Ad
3441 5377 3754 5433 Trallenses

2171 5494 2237 5533 ea
2260 5491 2392 5533 voce
2449 5477 2646 5532 iterum
2701 5475 2898 5539 utitur,
2930 5474 2992 5526 οὐ
3024 5472 3168 5527 κατὰ
3194 5472 3421 5543 χρῆσιν,
3454 5469 3593 5524 ἀλλὰ
3613 5468 3756 5522 κατὰ

2172 5568 2336 5639 φύσιν
2361 5608 2377 5633 ,
2411 5567 2465 5622 id
2495 5577 2614 5629 est,
2643 5564 2767 5619 καθ’
2799 5565 2939 5631 ἕξιν·
2976 5580 3104 5618 nam
3137 5561 3426 5631 φυσιοῦται
3462 5559 3655 5634 ἠέξις,
3695 5566 3756 5613 ut

2173 5661 2419 5732 loquitur
2449 5658 2706 5715 Clemens
2751 5657 3178 5712 Alexandrinus.
3213 5654 3361 5710 Satis
3405 5663 3593 5724 aperte
3636 5652 3756 5705 hac

2172 5763 2228 5808 et
2250 5753 2528 5823 eleganter
2578 5750 2722 5806 dicta
2754 5758 2912 5817 sunt;
2958 5764 3081 5819 quae
3110 5758 3291 5803 tamen
3331 5747 3588 5802 archaica
3628 5760 3756 5801 esse

2173 5847 2291 5903 vult
2327 5859 2523 5904 censor
2566 5853 2622 5902 et
2669 5842 2923 5913 miriﬁca,
2956 5858 3092 5922 lcum
3130 5842 3242 5902 sint
3286 5841 3448 5921 plane
3502 5838 3752 5912 vulgaria
