4138 6454
423 395 525 449 H9

1161 401 1211 458 .l.
1254 401 1619 458 PEARSONII
1664 401 1982 459 VINDICUE
2025 402 2449 461 IGNATIANAS.
2481 435 2549 447 --
2578 406 2762 463 PARS
2798 407 2866 463 ll.
2906 414 2911 421 '

3585 412 3692 468 lin)

420 530 474 577 et
510 520 733 577 usitata.
759 519 818 576 In
849 521 1231 592 antiquissima
1261 522 1526 578 Barnabas
1554 522 1817 593 epistola:
1849 542 1868 576 ι
1903 522 2002 578 Su-
2033 529 2075 584 Α
2176 523 2286 580 Det
2316 540 2491 583 nexus
2513 527 2807 582 verborum
2832 526 3067 586 miriﬁca
3082 529 3292 585 ratione
3314 548 3334 583 ι
3362 529 3472 587 late
3500 532 3692 602 dispu-

419 629 517 685 pra
558 615 782 670 modum
818 614 1095 670 exhilaror
1119 615 1295 670 beatis
1318 623 1373 670 et
1413 617 1692 685 praeclaris
1714 618 2001 686 spiritibus

418 709 617 764 vestris
640 709 790 779 quod
816 709 895 765 sic
937 709 1241 764 naturalem
1270 715 1501 781 gratiam
1533 711 1857 781 accepistis;
1893 731 1912 765 ι
1946 722 2003 768 et

418 811 600 854 tamen
647 801 833 854 statim
882 801 1052 862 addit,
1092 822 1110 853 ‹
1148 802 1277 873 quia
1308 818 1435 858 vere
1458 803 1617 859 video
1641 804 1696 857 in
1723 805 1885 860 vobis
1916 805 2002 859 in-

420 888 600 942 fusum
629 890 885 959 spiritum
939 892 1006 945 ab
1036 893 1270 948 honesto
1310 892 1463 949 fonte
1494 893 1604 949 Dei.
1640 914 1658 947 ι
1699 893 2001 967 Gregorius

417 977 798 1034 Nazianzenus
820 982 1073 1036 oratione
1105 983 1172 1037 l5
1202 1001 1214 1036 :
1249 982 1445 1055 Χρόνῳ
1465 984 1559 1036 καὶ
1585 984 1732 1055 λόγῳ
1769 984 2002 1054 βεϐαιω-

417 1070 506 1125 Θὶν
530 1070 677 1124 ἅπαν
709 1071 875 1125 καλὸν
899 1072 1059 1141 φύσις
1082 1072 1437 1139 καθίσταται,
1470 1073 1724 1146 καθάπερ
1755 1074 1849 1128 καὶ
1873 1076 1906 1146 ἡ
1942 1076 2000 1127 ὲν

413 1168 546 1237 ἡμῖν
570 1166 781 1236 ἀγάπη.
824 1185 843 1217 ι
879 1166 1093 1222 Bonum
1146 1182 1315 1221 omne
1363 1176 1611 1236 tempore
1660 1182 1727 1222 ac
1787 1170 2000 1222 ratione

414 1259 804 1314 conﬁrmatum
856 1259 909 1313 in
938 1267 1191 1314 naturam
1230 1260 1464 1325 transit,
1497 1268 1557 1314 ut
1589 1266 1644 1314 et
1679 1274 1743 1313 ea
1774 1275 1898 1329 quae
1940 1260 1997 1313 in

415 1351 574 1405 nobis
606 1359 693 1404 est
748 1350 1009 1405 charitas.
1044 1367 1064 1403 ι
1104 1350 1342 1404 Verbum
1376 1350 1543 1404 etiam
1578 1348 1726 1420 ᾅδειν
1759 1358 1997 1413 cantare,

415 1457 524 1495 non
559 1440 769 1511 vulgari
825 1449 880 1495 et
914 1440 1191 1511 legitimo,
1226 1440 1323 1496 sed
1358 1440 1574 1509 poetico
1607 1455 1773 1496 sensu
1810 1439 2000 1510 posuit

416 1546 513 1600 pro
564 1530 848 1586 celebrare.
923 1531 1198 1600 Duplicem
1257 1531 1480 1600 quidem
1562 1530 1708 1585 hunc
1772 1545 1996 1585 sensum

413 1632 726 1692 agnoscunt
772 1622 1149 1692 grammatici,
1212 1630 1273 1675 ut
1329 1621 1658 1675 Ammonius
1694 1638 1708 1675 :
1746 1620 1821 1673 Τὸ
1847 1620 1998 1692 ᾄδειν

414 1716 546 1770 ποτὲ
572 1715 672 1787 μὲν
695 1714 755 1769 τὸ
782 1714 1006 1785 ψάλλειν
1032 1712 1200 1785 δηλοῖ,
1228 1712 1399 1766 ἐνίοτε
1428 1712 1485 1765 δὲ
1513 1712 1573 1765 τὸ
1590 1711 1866 1783 φημίζειν⁸
1902 1714 1995 1769 sed

412 1822 581 1861 unam
631 1806 1090 1877 signiﬁcationem
1155 1804 1417 1874 poeticae,
1463 1804 1691 1859 alteram
1752 1803 1995 1873 pedestri

2104 624 2183 670 tat
2216 617 2298 671 vir
2317 617 2702 679 doctissimus.
2727 634 2959 689 eamque
2992 640 3010 671 ι
3034 621 3100 676 ad
3133 622 3278 676 illam
3302 638 3466 691 quam
3492 642 3511 675 ι
3546 626 3688 680 scri-

2104 719 2229 778 ptor
2268 728 2286 760 ι
2312 720 2620 765 assectatur
2652 727 2903 781 pompam
2943 715 3175 769 multum
3202 714 3380 770 facere
3406 735 3426 767 ι
3450 717 3688 773 arbitra-

2105 799 2521 857 tur.Videamus
2533 813 2714 857 autem
2729 820 2978 873 quaenam
3002 806 3090 860 illa
3104 806 3211 859 sint
3224 824 3345 877 qua:
3368 809 3505 863 adeo
3524 824 3688 879 pom-

2102 891 2283 961 patice
2314 892 2560 962 loquitur
2590 892 2833 964 lgnatius
2868 905 3076 952 noster.
3108 917 3126 948 ι
3151 897 3505 969 Evangelium
3549 902 3691 958 dixit

2100 981 2309 1037 Christi
2362 1000 2607 1040 carnem.
2643 1005 2662 1036 ι
2718 985 2895 1052 Quam
2952 988 3298 1058 pompatice!
3352 991 3689 1062 προσφυγὼν

2100 1072 2447 1148 Εὐαγογελίῳ’
2472 1078 2548 1141 ὡς
2613 1080 2779 1150 σαρκὶ
2809 1079 3070 1150 Χριστοῦ.
3112 1080 3229 1136 Non
3268 1082 3354 1135 his
3384 1084 3565 1139 verbis
3603 1084 3689 1139 (li-

2101 1176 2247 1221 serte
2278 1166 2630 1239 Evangelium
2662 1170 2865 1225 Christi
2901 1186 3121 1226 carnem
3155 1173 3312 1238 dixit,
3350 1174 3443 1229 sed
3476 1174 3686 1247 fugien-

2098 1258 2228 1313 dum
2265 1268 2452 1315 monet
2498 1260 2567 1314 ad
2624 1259 2981 1329 Evangelium
3027 1272 3286 1332 tanquam
3339 1266 3408 1320 ad
3458 1281 3683 1321 carnem

2099 1347 2325 1405 Christi.
2366 1350 2448 1405 An
2497 1352 2752 1408 Christus
2791 1368 2851 1408 se
2888 1351 3062 1407 furem
3108 1355 3274 1421 dixit,
3301 1372 3426 1412 cum
3460 1357 3573 1413 haec
3605 1359 3687 1413 lo-

2098 1448 2281 1503 cutus,
2311 1449 2394 1495 est
2422 1441 2541 1511 ἥκω
2574 1442 2668 1495 ἐπὶ
2694 1442 2755 1495 σὲ
2787 1442 2864 1506 ὡς
2893 1442 3151 1515 κλέπτης,
3181 1463 3198 1495 ι
3235 1445 3396 1499 venio
3417 1446 3484 1499 ad
3516 1454 3587 1509 te.
3617 1462 3684 1501 eo

2099 1530 2382 1600 modoquo
2414 1530 2503 1586 fur
2534 1532 2722 1587 venire
2764 1533 2938 1587 solet?
2973 1552 2991 1585 ι
3028 1534 3110 1587 An
3148 1535 3333 1589 lunam
3362 1536 3682 1606 sanguinem

2098 1621 2237 1675 dixit
2265 1620 2323 1676 S.
2371 1621 2634 1688 Joannes,
2693 1638 2817 1679 cum
2865 1624 2958 1678 illa
2994 1626 3238 1696 scripsit,
3269 1628 3302 1698 ἡ
3340 1627 3540 1699 σελήνη
3560 1627 3683 1697 ἐγέ-

2097 1727 2220 1764 νετο
2256 1710 2334 1774 ὡς
2361 1705 2523 1782 αἷμα,
2565 1731 2583 1764 ι
2634 1710 2788 1767 Luna
2822 1711 2965 1769 facta
2995 1725 3079 1769 est
3096 1725 3356 1786 tanquam
3389 1719 3679 1788 sanguis?»

2097 1801 2179 1856 An
2214 1817 2338 1857 cum
2378 1802 2756 1873 Philippenses
2804 1804 3143 1877 Polycarpus
3186 1808 3343 1877 jubet
3401 1810 3683 1880 subjectos

412 1898 654 1953 orationi
688 1906 1022 1967 competere,
1055 1911 1239 1961 nemo,
1275 1897 1495 1967 Opinor,
1528 1897 1711 1952 adhuc
1756 1896 1991 1953 monuit.
2028 1893 2069 1951 Β
2098 1908 2219 1949 esse
2272 1894 2605 1966 presbyteris
2648 1906 2704 1950 et
2755 1896 3028 1961 diaconis,
3056 1898 3133 1963 ὡς
3157 1899 3277 1971 Θεῷ
3296 1901 3391 1953 καὶ
3418 1900 3679 1975 Χριστῷ,

411 1989 480 2045 Et
511 1989 648 2044 adeo
682 1990 848 2044 tritus
879 1998 965 2043 est
1018 1986 1113 2040 τοῦ
1164 1986 1311 2058 ᾅδειν
1343 2002 1443 2056 pro
1504 1986 1781 2054 celebrare,
1848 1987 1994 2056 apud

410 2081 595 2136 omnis
628 2081 846 2150 generis
896 2081 1199 2150 scriptores
1243 2094 1410 2145 usus,
1446 2086 1508 2133 ut
1555 2077 1808 2148 exempla
1842 2078 1899 2132 i-n
1934 2093 1995 2133 re

410 2183 524 2228 tam
560 2185 688 2228 nota
723 2172 971 2245 proferre
1005 2174 1226 2244 pudeat.
1273 2171 1451 2228 Verba
1495 2172 1760 2226 inusitata
1794 2179 1850 2225 et
1896 2170 1998 2225 ob-

409 2282 569 2323 scura
602 2266 839 2322 Dallreus
870 2274 981 2321 tam
1017 2265 1333 2336 frequenter
1369 2264 1580 2336 lgnatio
1622 2272 1819 2320 nostro
1851 2263 1994 2334 obji-

408 2358 505 2423 cit,
541 2366 601 2413 ut
630 2358 829 2413 credas
864 2357 1016 2413 illum
1053 2373 1162 2411 non
1196 2356 1359 2411 aliter
1392 2356 1685 2426 scripsisse
1704 2356 1989 2426 epistolas,

407 2465 573 2520 quam
608 2450 739 2504 olim
796 2449 1139 2504 Alexarchus
1170 2447 1470 2505 Cassandri
1513 2447 1684 2503 frater
1733 2448 1989 2518 scripsit,

406 2543 571 2611 cuius
601 2542 831 2613 epistola
859 2542 1001 2612 apud
1025 2541 1349 2597 Athenaeum
1376 2541 1471 2596 lib.
1500 2556 1558 2595 ιιι
1592 2549 1795 2608 exstat,
1824 2556 1990 2610 quam

405 2648 477 2687 ne
506 2632 763 2706 Pythium
799 2634 1020 2704 quidem
1072 2632 1412 2688 intellexisse
1462 2632 1639 2688 critici
1690 2634 1988 2702 putabant,

405 2735 468 2778 ut
481 2722 711 2781 Dallzeus
747 2723 1058 2795 lgnatianas
1089 2723 1352 2793 epiStolas
1387 2724 1569 2793 prisca
1602 2723 1789 2779 Loxiaa
1817 2722 1991 2793 Apol.-

402 2816 534 2871 linis
566 2818 789 2872 oracula
825 2818 1083 2887 appellat.
1115 2814 1267 2871 illius
1298 2816 1544 2885 epistol-.2
1587 2815 1872 2886 inscriptio
1911 2817 1992 2871 sic

402 2911 546 2978 apud
582 2910 905 2965 Athenaaum
948 2909 1291 2979 concipitur:
1327 2907 1653 2979 Ἀλέξαρχος
1681 2910 1711 2962 ὁ
1756 2908 1991 2981 μὰρμων

401 3004 640 3075 πρόμοις
688 3004 896 3073 γαθεῖν.
937 3002 1302 3060 Casaubonus
1348 3003 1607 3058 observat
1640 3004 1693 3056 in
1730 3018 1838 3059 ms.
1886 3019 1988 3074 pro

406 3097 642 3169 μάρμων
668 3097 773 3167 legi
812 3098 1060 3169 μάρκων,
1088 3103 1243 3166 putat
1274 3094 1504 3168 μάρκων
1536 3096 1851 3166 signiﬁcare
1884 3097 1989 3151 im-

400 3197 732 3258 peratorem,
768 3203 987 3259 regem;
1027 3186 1403 3256 conjecturam
1439 3186 1623 3241 ﬁrmat
1666 3186 1848 3242 verbis
1881 3186 1984 3244 He-

402 3280 581 3350 sychii
617 3299 633 3335 :
670 3280 930 3351 Μάρκος,
978 3278 1187 3350 ἐντολή.
1220 3278 1601 3335 Infelicissime
1644 3281 1847 3335 omnia.
1880 3280 1985 3337 Ne—

399 3384 510 3439 que
542 3368 689 3424 enim
728 3370 1070 3425 Alexarchus
1104 3370 1403 3449 imperator
1437 3379 1533 3424 aut
1565 3385 1661 3425 rex
1694 3370 1831 3437 fuit;
1888 3386 1986 3427 ne-

398 3476 510 3533 que
545 3460 756 3533 μάρκος
788 3460 974 3517 Graece
998 3460 1327 3525 mandatum,
1360 3461 1652 3531 signiﬁcat.
1689 3460 1783 3516 Illa
1817 3462 1983 3518 verba

413 3553 696 3625 Hesychii,
737 3562 796 3609 ut
828 3554 937 3608 alia
969 3553 1296 3623 compluria,
1328 3568 1396 3608 ex
1421 3554 1590 3609 veteri
1625 3554 1804 3610 lexico
1830 3564 1983 3609 tran-

410 3649 615 3717 scripta
651 3657 817 3712 sunt,
866 3663 977 3717 quo
1024 3648 1451 3703 continebantur
1486 3649 1710 3703 nomina
1758 3650 1981 3719 propria

398 3737 538 3793 Novi
575 3739 912 3795 Testamenti
938 3740 1004 3794 ad
1038 3738 1342 3795 chraicas
1374 3740 1618 3810 origines
1641 3742 1776 3796 satis
1801 3740 1983 3810 inepte

398 3833 591 3887 relata.
628 3830 775 3887 Inter
809 3832 900 3886 illa
934 3832 1076 3901 apud
1111 3830 1529 3902 Hieronymum,
1564 3847 1689 3901 qum
1731 3847 1795 3886 ex
1830 3833 1982 3889 Actis

398 3928 764 3992 colliguntur,
802 3938 820 3970 ι
878 3923 1128 3985 Marcus,
1175 3928 1509 3975 mandatum.
1569 3939 1588 3973 ι
1626 3923 1777 3976 'laha
1821 3930 1988 3990 sunt,

399 4012 545 4081 apud
594 4009 956 4081 Hesychium,
992 4010 1234 4082 Πέτρος,
1278 4008 1545 4075 ἐπιλύων,
1592 4011 1989 4081 ἐπιγινώσκων,

399 4104 547 4174 apud
600 4103 988 4173 Hieronymum
1011 4145 1025 4167 ,
1073 4120 1091 4152 ι
1130 4100 1357 4168 Petrus,
1385 4117 1691 4172 agnoscens,
1734 4122 1754 4155 ι
1786 4112 1840 4159 et
1868 4121 1991 4158 rur-

398 4213 523 4252 sum
558 4216 572 4251 :
613 4215 632 4247 ι
667 4194 862 4251 Petrus
886 4235 900 4258 ,
928 4210 1245 4265 agnoscens,
1279 4195 1394 4249 sive
1435 4195 1745 4250 dissolvens.
1782 4214 1801 4248 ι
1830 4196 1985 4266 Apud

398 4305 564 4358 quem
599 4290 762 4343 etiam
784 4329 799 4354 ,
839 4307 858 4339 ι
903 4286 1151 4342 Priscilla
1174 4324 1189 4350 ,
1216 4302 1533 4357 agnoscens,
1568 4285 1841 4357 Pyrrhus,
1877 4286 1988 4340 dis-

395 4382 624 4437 solvens.
667 4400 687 4433 ι
721 4380 879 4437 Unde
906 4388 1033 4447 post
1056 4380 1223 4434 multa
1252 4388 1399 4435 recte
1425 4380 1704 4435 concludit
1742 4399 1756 4435 :
1800 4400 1818 4432 ι
1858 4379 1987 4436 Ηιιιο

393 4469 583 4523 omnia
616 4468 807 4524 Graeca
858 4469 1083 4524 nomina
1135 4469 1217 4524 vel
1253 4469 1450 4526 Latina
1496 4487 1663 4542 quam
1709 4473 1975 4530 violenter

2094 1985 2472 2058 presbyterum
2538 1986 2711 2044 Deum
2761 1989 2939 2054 dixit,
3009 2000 3104 2045 aut
3162 1992 3457 2049 diaconum
3514 1995 3680 2051 Chri-

2095 2080 2283 2134 stum?
2334 2078 2497 2135 Nullo
2559 2081 2741 2137 modo.
2794 2082 2883 2146 Ὠς
2944 2083 3361 2141 similitudinem
3434 2087 3677 2157 aliquam

2094 2173 2335 2229 denotat.
2365 2173 2448 2230 Ad
2480 2173 2836 2245 Evangelium
2884 2175 3044 2249 fugit,
3098 2194 3163 2233 ac
3190 2179 3237 2233 si
3277 2181 3346 2235 ad
3393 2179 3677 2239 Christum

2094 2262 2445 2319 incarnatum
2537 2262 2787 2345 fugeret;
2848 2269 2903 2322 in
2966 2266 3061 2324 illo
3134 2270 3283 2324 enim
3356 2270 3679 2342 depingitur

2094 2356 2446 2425 incarnatio,
2505 2357 2635 2424 vita,
2696 2360 2882 2429 passio
2934 2358 3162 2417 Christi.
3223 2362 3413 2418 Fidem
3452 2364 3676 2434 quidem

2093 2463 2319 2503 carnem
2349 2447 2579 2516 Christi,
2614 2458 2670 2504 et
2701 2449 3023 2507 charitatcm
3072 2455 3394 2525 sanguinem
3444 2456 3676 2527 Christi,

2092 2538 2366 2607 appellat,
2422 2554 2531 2596 non
2586 2540 2963 2611 singulariter,
3014 2560 3125 2600 non
3171 2546 3676 2615 mirabiliter,non

2091 2627 2431 2701 prodigiose;
2472 2632 2579 2687 hoc
2615 2633 2764 2687 enim
2801 2635 2937 2688 nihil
2968 2635 3116 2691 aliud
3145 2645 3258 2702 est,
3296 2653 3463 2709 quam
3499 2648 3672 2697 totam

2092 2721 2370 2791 religionis
2427 2722 2757 2780 Christianae
2813 2726 2923 2780 vim
2980 2736 3035 2783 et
3063 2727 3360 2785 ellicaciam
3404 2732 3459 2784 in
3487 2731 3593 2786 ﬁde
3622 2741 3678 2787 et

2090 2812 2358 2868 charitate
2387 2815 2683 2871 collocare.
2713 2814 2975 2871 Hortatur
3014 2827 3071 2874 ut
3098 2820 3357 2890 episcopo
3391 2822 3673 2892 obediant,

2088 2921 2200 2975 quo
2231 2906 2364 2962 unio
2418 2922 2611 2964 eorum
2663 2909 2737 2964 sit
2762 2911 3000 2966 carnalis
3020 2920 3076 2966 et
3107 2913 3445 2982 spiritualis;
3476 2914 3529 2971 id
3562 2925 3671 2982 est,

2089 3005 2151 3051 ut
2184 3010 2290 3050 non
2326 3005 2537 3052 tantum
2568 3013 2801 3070 corpore
2843 3001 2898 3055 in
2932 3002 3181 3057 eamdem
3211 3001 3513 3062 Ecclesiam
3538 3022 3674 3062 con-

2088 3090 2329 3153 veniant,
2354 3092 2449 3146 sed
2467 3092 2630 3147 etiam
2654 3093 2856 3149 animis
2879 3102 3047 3164 atque
3078 3096 3369 3152 Sententiis
3400 3098 3668 3156 unitatem

2088 3181 2295 3237 colant.
2349 3182 2534 3239 Monet
2564 3182 2930 3256 Polycarpum
2974 3195 3035 3241 ut
3070 3187 3250 3243 locum
3285 3205 3447 3247 suum
3475 3189 3671 3246 defen-

2086 3272 2198 3338 dat,
2221 3273 2328 3329 hoc
2359 3283 2472 3341 est,
2510 3276 2892 3331 auctoritatem
2934 3292 3101 3347 quam
3133 3277 3419 3333 obtinebat
3467 3279 3525 3334 in
3565 3279 3671 3337 Ec—

2086 3363 2251 3418 clesia
2283 3372 2519 3432 tueatur,
2543 3365 2695 3420 omni
2730 3381 2863 3421 cura
2887 3367 3093 3421 carnali
3116 3376 3171 3421 et
3190 3368 3461 3438 spirituali
3482 3387 3497 3436 ;
3521 3371 3672 3440 quod

2085 3454 2286 3509 mirum
2323 3454 2527 3509 nemini
2559 3454 2730 3509 videri
2760 3456 2940 3521 debet,
2972 3455 3067 3524 qui
3095 3454 3224 3525 legit
3255 3455 3359 3511 ista
3386 3455 3449 3510 S.
3473 3455 3666 3515 Pauli:

2097 3544 2433 3609 ’Υπωπιάςω
2489 3562 2591 3617 μου
2647 3546 2708 3599 τὸ
2769 3546 2947 3617 σῶμα.
3013 3545 3220 3601 Moneri
3265 3547 3380 3601 vult
3404 3548 3668 3605 mulieres

2083 3635 2456 3702 Christianas,
2494 3646 2556 3692 ut
2584 3639 2798 3693 maritis
2823 3646 3098 3692 contentae
3129 3638 3241 3693 sint
3268 3654 3435 3693 carne
3462 3648 3517 3693 et
3548 3640 3666 3709 spi-

2083 3726 2214 3791 ritu,
2250 3726 2354 3781 hoc
2376 3734 2481 3792 est,
2512 3745 2530 3777 ι
2558 3734 2618 3780 ut
2640 3739 2747 3779 non
2774 3725 3069 3780 carnaliter
3098 3734 3334 3787 tantum.
3360 3724 3459 3779 sed
3487 3739 3666 3794 neque

2082 3817 2267 3870 animo
2295 3816 2691 3885 concupiscant
2725 3814 2866 3869 alios
2898 3814 3069 3879 viros,
3098 3832 3117 3865 ι
3152 3821 3212 3869 ιιι
3249 3821 3397 3868 recte
3440 3811 3664 3870 lsaacus

2082 3905 2331 3963 Vossius.
2356 3905 2416 3960 in
2464 3906 2712 3961 eamdem
2763 3904 3095 3960 sententiam
3151 3904 3368 3959 locutus
3417 3902 3663 3975 lgnatius

2080 4009 2267 4055 noster
2296 4000 2351 4054 iu
2380 3999 2612 4070 epistola
2648 3998 2717 4053 ad
2746 3996 3035 4068 Ephesios,
3062 3996 3157 4051 sed
3182 3996 3346 4051 verba
3378 3997 3660 4051 truncavit

2079 4093 2347 4160 Dallaaus,
2399 4100 2459 4146 ut
2502 4091 2677 4162 magis
2725 4091 2960 4146 obscura
2990 4090 3308 4144 viderentur
3331 4128 3346 4154 ,
3380 4089 3573 4160 μένετε
3598 4091 3659 4144 ὲν

2075 4180 2297 4253 Χριστῷ
2324 4179 2600 4252 σαρκικῶς
2629 4181 2724 4234 καὶ
2754 4178 3160 4250 πνευματικῶς.
3184 4181 3259 4234 Ita
3293 4179 3472 4234 locum
3505 4180 3658 4249 citat,

2077 4282 2200 4328 uta
2247 4273 2597 4329 dolosissimo
2648 4271 2931 4327 Blondello
2966 4272 3246 4327 laudatum
3294 4273 3516 4342 reperit.
3551 4272 3658 4329 Sed

2077 4361 2285 4434 integra
2325 4362 2595 4418 sententia
2646 4370 2724 4417 est
2758 4362 2884 4415 εἘν
2917 4361 3065 4433 πάσῃ
3100 4362 3292 4434 ἁγνείᾳ
3325 4363 3418 4415 καὶ
3446 4379 3659 4437 σωφρο-

2077 4455 2211 4529 σύνῃ
2249 4455 2437 4526 μένετε
2463 4457 2523 4510 ὲν
2546 4453 2721 4527 Ἰησοῦ
2746 4454 2967 4527 Χριστῷ
2997 4455 3274 4527 σαρκικῶς
3300 4455 3394 4509 καὶ
3420 4472 3657 4528 πνευμαο

392 4561 697 4615 secundum
745 4560 988 4629 linguam
1032 4558 1355 4617 Hebraicam
1419 4563 1772 4633 interpretata
1827 4567 1968 4633 sint,
2003 4574 2049 4633 υ
2074 4547 2263 4612 τικῶς·
2298 4546 2466 4611 vel“
2493 4547 2810 4617 interpres:
2844 4565 2862 4600 ί
2885 4545 2943 4600 In
2968 4549 3119 4601 οηιηί
3148 4548 3399 4603 casula“?
3428 4556 3483 4602 ει
3512 4557 3655 4603 “3m-

390 4652 743 4721 ρθτερίειιυιη
779 4666 902 4707 esse
934 4661 1069 4721 ρυιο
1102 4652 1317 4707 lectori,
1362 4672 1381 4704 ι
1421 4650 1543 4708 Non
1578 4654 1747 4724 igitur
1775 4658 1804 4709 ὁ
1837 4656 1971 4728 μάρ.
2072 4640 2325 4709 perantia
2379 4641 2649 4696 maneatis
2697 4640 2753 4695 in
2795 4638 2926 4694 Jesu
2979 4638 3238 4705 Christo,
3275 4640 3570 4696 carnaliter
3599 4649 3655 4698 et

392 4760 534 4814 μων,
568 4745 789 4813 nequeo
816 4743 1042 4815 μάρκων
1070 4744 1137 4797 ad
1159 4743 1524 4799 Alexarchum
1545 4784 1559 4809 ,
1592 4745 1816 4815 opinor,
1845 4762 1968 4816 per-

389 4828 543 4884 tinet.
566 4828 669 4884 Sed
694 4830 982 4900 legendum
1008 4831 1221 4886 videtur
1237 4847 1346 4887 una
1380 4848 1512 4887 voce
1542 4833 1817 4906 ὁμαίμων.
1836 4834 1967 4891 Data

383 4931 475 4978 est
503 4922 761 4993 epistola,
795 4932 857 4978 ut
925 4923 1182 4979 observat
1240 4924 1559 4992 Athenaus,
1595 4928 1662 4981 ad
1710 4928 1968 4981 Κασσανο

381 5016 556 5086 ερέων
582 5018 875 5089 ἄρχοντας,
916 5037 933 5069 ι
971 5016 1466 5073 Cassandrensium
1507 5020 1861 5090 magistratus
1885 5060 1901 5086 ,
1939 5038 1959 5072 ι

383 5110 487 5165 hos
538 5118 698 5165 vocat
753 5109 1007 5181 ὁμαίμων
1047 5112 1313 5183 πρόμους,
1367 5130 1387 5163 ι
1426 5112 1962 5183 consanguineorum

382 5201 774 5270 magistratus,
813 5218 909 5256 seu
954 5205 1298 5274 praepositos,
1342 5224 1361 5256 ι
1400 5213 1531 5262 sunt
1574 5206 1725 5260 enim
1759 5206 1961 5278 πρόμοι

378 5292 432 5345 οι
454 5293 837 5364 προεστῶτες;
871 5296 1312 5366 οοιιειιιιειιίιιωε
1344 5304 1528 5352 autem
1561 5299 1797 5367 appellat
1829 5298 1963 5355 Cas-

379 5385 731 5452 sandrenses,
765 5387 911 5456 quod
946 5386 1063 5455 ipse
1094 5387 1392 5442 Cassandri
1425 5388 1572 5459 regis
1590 5387 1760 5443 frater
1788 5396 1957 5453 esset,

378 5480 471 5548 qui
518 5478 907 5535 Cassandriam
959 5479 1225 5535 condidit.
1272 5479 1577 5550 .lnscriptio
1633 5480 1799 5551 igitur
1844 5482 1960 5537 haec

375 5582 535 5628 sonat
571 5591 587 5629 :
628 5592 649 5625 ι
687 5573 1028 5629 Alexarchus
1056 5572 1593 5644 consanguineorum
1621 5573 1960 5643 magistrati-

372 5662 478 5719 bus
510 5667 775 5736 gaudere,
815 5684 835 5718 ι
872 5666 1063 5735 γαθεῖν
1125 5664 1273 5721 enim
1335 5665 1478 5720 idem
1530 5673 1617 5720 est
1649 5664 1796 5735 quod
1830 5664 1955 5735 χαί-

372 5772 507 5826 ρειν.
542 5758 702 5824 Quod
755 5758 965 5828 vulgari
1021 5758 1205 5828 lingua
1239 5755 1426 5812 Graeca
1478 5757 1551 5813 ita
1600 5756 1950 5827 exprimitur,

369 5846 694 5921 Ἀλέξαρχος
718 5850 1112 5921 Κασσανδρέων
1132 5850 1356 5919 ἄρχουσι
1386 5848 1615 5919 χαίρειν.

2071 4733 2447 4802 spiritualiter.
2481 4751 2501 4785 ι
2537 4731 2681 4799 Quid
2735 4741 2917 4786 autem
2970 4731 3120 4785 aliud
3151 4732 3239 4786 his
3264 4733 3443 4787 verbis
3477 4731 3649 4799 dixit,

2068 4842 2235 4897 quam
2285 4826 2433 4897 quod
2479 4824 2541 4880 S.
2596 4823 2801 4881 Paulus
2848 4823 2893 4877 ll
2926 4823 3052 4879 Cor.
3083 4840 3189 4889 vn,
3228 4825 3253 4878 1
3286 4843 3299 4878 :
3332 4822 3649 4880 Mundemus

2066 4935 2162 4974 nos
2191 4920 2256 4973 ab
2284 4920 2427 4974 omni
2462 4919 2863 4989 inquinamento
2910 4918 3087 4970 carnis
3135 4924 3185 4969 et
3221 4916 3466 4986 spiritus,
3495 4918 3651 4985 perﬁ-

2065 5013 2258 5067 cientes
2287 5013 2766 5081 sanctiﬁcationem
2806 5012 2862 5065 in
2904 5010 3092 5065 timore
3144 5008 3282 5063 Dei?
3324 5006 3442 5062 Non
3480 5007 3644 5078 igitur

2067 5104 2183 5161 haec
2212 5106 2439 5161 obscura
2470 5113 2620 5172 sunt,
2661 5105 2755 5159 sed
2796 5104 3085 5175 perspicua
3141 5102 3307 5167 satis,
3351 5114 3529 5171 neque
3564 5100 3643 5153 lo-

2063 5198 2301 5254 cutionis
2322 5198 2570 5267 exempla
2607 5196 2828 5253 aliunde
2849 5195 3142 5267 quaerenda
3172 5202 3324 5261 sunt,
3362 5194 3454 5249 ubi
3475 5194 3640 5248 verba

2062 5305 2187 5346 cum
2222 5290 2281 5343 S.
2320 5288 2477 5345 Pauli
2523 5290 2765 5345 dictione
2799 5297 2854 5344 et
2889 5286 3160 5345 sententia
3202 5295 3311 5341 tam
3346 5286 3485 5342 bene
3510 5301 3643 5342 con-

2060 5384 2310 5438 veniunt.
2360 5382 2692 5452 Quanquam
2724 5382 2859 5453 quid
2885 5382 3046 5439 estin
3077 5379 3166 5436 his
3187 5378 3381 5451 lgnatii
3407 5378 3643 5435 locutio-

2060 5475 2222 5531 nihus
2270 5476 2445 5546 magis
2494 5475 2697 5530 mirum
2760 5484 2855 5530 aut
2889 5474 3187 5529 obscurum
3236 5486 3404 5542 quam
3442 5471 3497 5526 in
3532 5470 3640 5525 illis

2058 5568 2240 5624 verbis
2271 5565 2624 5632 Tertulliani,
2670 5565 2749 5621 De
2788 5565 2937 5620 cultu
2972 5565 3295 5635 feminarum
3330 5578 3393 5628 ιι,
3416 5578 3536 5632 cap.
3562 5562 3639 5620 9:

2063 5680 2081 5713 ι
2116 5659 2229 5716 Nos
2262 5675 2456 5715 sumus
2481 5658 2833 5714 circumcisio
2859 5657 3130 5723 omnium,
3163 5655 3426 5727 spiritalis
3447 5664 3501 5710 et
3516 5670 3634 5711 car-

2057 5753 2199 5807 nalis
2229 5774 2240 5806 :
2272 5766 2400 5805 nam
2445 5760 2501 5806 et
2544 5752 2597 5805 in
2654 5751 2850 5821 spiritu
2884 5758 2939 5804 et
2990 5750 3045 5804 in
3082 5764 3250 5804 carne
3294 5745 3495 5802 saeculo
3528 5746 3638 5802 cir-

2056 5843 2459 5901 cumcidimur?
2496 5862 2517 5895 ι
2541 5841 2660 5898 Non
2705 5842 2828 5919 dico
2877 5842 3145 5898 Dallazum
3180 5840 3532 5911 episcopatus
3582 5849 3639 5896 ot
