4138 6386
520 351 618 407 εει

1507 346 1564 401 8.
1603 344 1954 402 ΙΟΝΑΤ108.
1984 377 2051 387 -—
2084 343 2628 402 PBDLEGORENA.

3680 346 3786 400 432

517 466 842 522 hierarchiaa
876 466 1062 522 odium
1092 480 1416 530 excaecasse,
1449 481 1560 536 quo
1595 467 1780 521 minus
1839 466 1956 521 haec
2000 468 2092 522 vi-
2127 471 2174 526 Α
2201 465 2581 537 λαμπρότερος
2610 464 2880 536 suam.
2914 484 2935 517 σ
2978 461 3085 521 Sed
3131 464 3236 521 hac
3278 479 3485 520 corona
3517 464 3787 520 illustrior

519 560 709 624 deret;
742 558 847 612 hoc
882 558 1006 612 dico
1027 599 1039 620 ,
1089 565 1525 627 praeconceptam
1574 558 1643 612 de
1672 558 1867 614 fictore
1910 560 2097 614 nescio

518 667 630 721 quo
652 652 831 720 inepto
859 650 1183 705 sententiam
1210 650 1701 720 impedivisse,quo
1729 651 1912 705 minus
1944 665 2097 704 men-

518 751 626 796 tem
664 742 905 797 auctoris
925 744 1267 811 exquireret,
1296 752 1391 797 aut
1422 744 1691 812 optimum
1744 744 1864 812 ejus
1912 743 2096 798 verbis

519 849 740 887 sensum
775 842 829 887 et
858 835 951 887 tali
975 834 1093 888 viro
1142 834 1366 905 dignum
1406 836 1585 889 inesse
1609 834 2093 889 animadverteret.

590 923 696 979 Sed
725 934 780 980 et
810 927 1025 979 vincula
1070 941 1169 981 sua
1204 927 1516 995 spirituales
1550 926 1876 996 margaritas
1927 925 2095 992 dicit;

518 1018 622 1073 hoc
665 1018 730 1071 ad
781 1017 945 1085 ὄγκον
980 1020 1254 1086 pertinet:
1287 1018 1339 1071 in
1374 1019 1441 1072 iis
1467 1027 1947 1087 Optatresurgere;
1992 1016 2097 1071 hoc

517 1110 787 1164 audacius
821 1119 874 1163 et
914 1109 1169 1179 frigidius
1210 1118 1313 1165 est.
1344 1110 1423 1162 Ad
1449 1109 1580 1179 quid
1616 1108 1786 1177 igitur
1817 1108 2094 1176 pertinent

517 1203 607 1256 illa
645 1202 702 1256 8.
735 1201 1021 1273 Polycarpi
1057 1202 1112 1256 in
1162 1203 1282 1271 ipso
1314 1203 1472 1255 initio
1497 1202 1748 1271 epistola:
1782 1202 1849 1255 ad
1883 1200 2099 1269 Philip-

514 1311 735 1366 penses,
762 1296 828 1349 de
858 1297 1047 1350 eadem
1081 1296 1241 1364 plane
1274 1311 1353 1358 re,
1378 1296 1688 1364 iisdemque
1712 1293 1949 1348 vinculis
1978 1334 1994 1358 ,
2038 1301 2097 1347 ut

513 1386 750 1447 videtur,
785 1393 842 1438 et
874 1400 938 1438 ex
985 1384 1289 1439 imitatione
1316 1383 1374 1438 S.
1431 1382 1622 1453 lgnatii
1644 1424 1657 1445 ,
1684 1383 1780 1436 ubi
1825 1391 2095 1453 martyres

513 1476 811 1531 describit:
838 1477 976 1539 Τοὺς
1006 1476 1379 1547 ἐνειλημένους
1413 1474 1804 1546 ἁγιοπρεπέσιν
1852 1474 2091 1544 δεσμοῖς,

512 1568 670 1623 ἅτινά
703 1569 820 1621 ὲστι
847 1568 1151 1639 διαδήματα
1178 1567 1284 1620 τῶν
1308 1566 1522 1636 ἀληθῶς
1564 1567 1669 1619 ὑπὸ
1703 1563 1839 1618 Θεοῦ
1881 1564 2090 1619 καὶτοῦ

510 1660 719 1731 Κυρίου
748 1662 780 1729 ἡ
792 1658 906 1729 μῶν
933 1657 1354 1727 ὲκλελεγμένων.
1377 1676 1393 1705 ι
1426 1655 1658 1711 lnnexos
1689 1655 1923 1711 vinculis
1948 1654 2094 1711 viros

510 1758 732 1801 sanctos
759 1748 1164 1808 decorantibus,
1198 1762 1318 1816 qua:
1363 1756 1495 1801 sunt
1526 1748 1833 1801 diademata
1875 1762 2091 1811 eorum,

509 1840 603 1908 qui
640 1855 669 1893 a
708 1838 818 1893 Deo
864 1848 920 1893 et
961 1839 1193 1891 Domino
1246 1847 1435 1893 nostro
1482 1840 1639 1893 electi
1693 1839 1855 1893 sunt?
1886 1858 1903 1889 ι
1958 1838 2090 1903 Quae

508 1930 755 1985 imitatus
790 1939 876 1984 est
912 1928 969 1983 S.
1015 1930 1462 2001 Chrysostomns,
1498 1931 1565 1985 de
1600 1929 1658 1985 S.
1697 1930 1871 1985 Paulo
1904 1932 2092 1987 vincto

505 2022 786 2077 disserens
802 2041 813 2076 :
829 2023 1037 2086 Παντὸς
1055 2023 1258 2095 χρυσοῦ
1275 2024 1660 2094 λαμπροτέρας
1673 2024 1853 2087 αὐτοῖς
1877 2024 2090 2078 ἐδείκνυ

504 2114 604 2177 τὰς
641 2116 851 2184 χεῖρας,
895 2113 1100 2178 παντὸς
1153 2114 1485 2185 διαδήματος
1538 2113 1842 2185 βασιλικοῦ.
1883 2134 1901 2166 ι
1928 2113 2089 2170 Omni

505 2221 644 2261 auro
669 2206 1075 2276 splendidiores
1106 2207 1343 2261 ostendit
1375 2207 1482 2261 illis
1518 2222 1735 2273 manus,
1759 2207 1910 2262 omni
1938 2208 2089 2278 regio

502 2297 829 2353 diademate.
868 2317 887 2350 ›
947 2297 1217 2368 lgnatium
1270 2307 1454 2353 autem
1514 2299 1761 2354 imitatus
1818 2308 1901 2354 est
1928 2298 2085 2370 Poly-

500 2405 701 2461 carpns
733 2409 746 2445 :
780 2406 909 2444 nam
942 2391 1251 2445 diademata
1279 2392 1595 2461 margaritis
1628 2392 1870 2446 maxime
1901 2391 2087 2446 ornari

502 2480 777 2537 colebant.
818 2480 1250 2552 Chrysostomus
1296 2483 1546 2538 oratione
1576 2484 1631 2537 in
1671 2482 1731 2538 S.
1762 2483 2038 2538 ueletiam
2067 2499 2085 2538 :

501 2572 771 2643 Καθάπερ
784 2590 868 2635 τις
885 2572 1146 2641 στέφανον
1160 2573 1375 2627 πλέκων
1390 2575 1647 2646 χρυσοῦν,
1665 2571 1784 2631 εἷτα
1812 2577 2088 2649 μαργαρί-

498 2678 599 2726 τας
623 2663 872 2727 ἐντιθεὶς,
908 2666 972 2733 τῇ
1011 2664 1309 2734 πυκνότητι
1354 2665 1463 2720 τῶν
1510 2666 1671 2723 λίθων
1703 2668 2085 2743 λαμπρότερον

500 2755 797 2824 ἂργάξεται
852 2755 1112 2826 διάδημα.
1168 2775 1187 2807 ι
1230 2755 1303 2810 Ut
1354 2757 1628 2827 quispiam
1680 2775 1943 2815 coronam
1985 2778 2083 2815 au-

502 2861 651 2900 ream
684 2856 903 2913 texens,
966 2848 1091 2903 dein
1158 2850 1486 2920 margaritas
1559 2852 1878 2922 imponens,
1944 2868 2083 2909 con-

498 2938 746 2992 densatis
770 2938 1045 3008 lapidibus
1097 2940 1436 3012 splendidius
1465 2943 1717 2999 diadema
1742 2944 1924 3001 edicit.
1958 2966 1977 2999 ι
2001 2948 2083 3003 Ad

496 3029 647 3101 quod
714 3031 993 3101 pertinent
1069 3032 1159 3088 illa
1236 3033 1618 3106 Lugdunensis
1691 3037 1951 3094 Ecclesia
2015 3039 2082 3095 de

498 3122 841 3192 martyribus
902 3124 1020 3179 suis
1066 3143 1079 3180 :

497 3213 757 3285 ἐμπρεπῆ
790 3216 1136 3287 περικεῖσθαι
1167 3219 1385 3284 αὐτοῖς,
1429 3219 1506 3283 ὡς
1558 3220 1744 3292 νύμφη
1802 3240 2078 3295 κεκοσμη-

496 3301 634 3373 μένη
711 3306 771 3358 ὲν
862 3310 1195 3377 κροσσωτοῖς
1288 3313 1512 3380 χρυσοῖς
1606 3312 2072 3383 πεποικιλμένοις.

496 3409 517 3444 ι
558 3392 713 3449 Adeo
759 3406 818 3450 ut
873 3397 1091 3452 vincula
1159 3398 1217 3453 in
1289 3399 1550 3456 decorum
1618 3401 1752 3471 ipsis
1820 3413 2075 3458 ornatum

490 3486 675 3541 addita
744 3488 1001 3543 habuisse
1054 3490 1403 3557 viderentur,
1442 3493 1616 3547 instar
1680 3510 1898 3564 sponsae
1953 3497 2077 3551 tim-

492 3577 628 3632 briis
650 3578 835 3633 aureis
868 3579 1161 3651 variegatis
1212 3581 1458 3636 ornata?
1493 3601 1511 3634 ι
1549 3581 1626 3637 Ita
1664 3582 1721 3639 S.
1758 3584 2068 3655 Cyprianus

490 3668 652 3738 epist.
679 3669 785 3722 77:
830 3690 848 3721 ι
884 3670 1087 3727 Dicatis
1116 3670 1230 3727 Deo
1270 3673 1587 3731 hominibus
1626 3684 1681 3730 et
1713 3676 1871 3732 fidem
1916 3695 2071 3735 suam

490 3760 743 3831 religiosa
781 3762 981 3817 virtute
1033 3765 1363 3821 testantibus
1416 3778 1740 3824 ornamenta
1775 3780 1903 3826 sunt
1933 3774 2070 3839 ista,

490 3865 598 3903 non
621 3850 839 3905 vincula
871 3868 1008 3907 :nec
1028 3853 1469 3910 Christianorum
1495 3857 1659 3927 pedes
1682 3859 1750 3913 ad
1783 3860 2068 3916 infamiam

486 3942 770 4009 copulant,
801 3943 894 3998 sed
923 3944 1228 3999 clariﬁcant
1254 3946 1322 4001 ad
1345 3962 1635 4016 coronam;
1667 3967 1686 4001 ι
1720 3965 1829 4004 non
1851 3961 2071 4022 tempo-

487 4029 683 4096 ralem,
729 4040 791 4084 ut
841 4032 1075 4101 opinor,
1129 4035 1224 4090 sed
1271 4036 1611 4104 spiritualem
1674 4051 1727 4095 et
1777 4052 2063 4099 aeternam.

485 4119 704 4188 Optime
740 4122 1023 4189 respondit
1054 4123 1334 4180 Blondello
1366 4126 1588 4185 lsaacus
1616 4128 1868 4198 Vossius,
1905 4135 2071 4203 spiri-

496 4212 676 4267 tuales
720 4216 1029 4283 nuncupari
1062 4219 1433 4287 margaritas,
1482 4222 1745 4290 quoniam
1806 4224 2069 4293 spiritua-

488 4302 591 4356 lem
622 4309 677 4355 et
695 4304 858 4356 vitam
881 4313 1139 4359 aaternam
1167 4309 1528 4377 promittunt;
1566 4327 1691 4365 nam
1727 4321 1781 4367 et
1815 4314 2069 4382 pretiosa:

487 4395 797 4465 margaritae
850 4396 1175 4454 assimilavit
1218 4416 1446 4470 regnum
1501 4405 1767 4460 cmlorum
1804 4405 2061 4464 Christus

1138 3126 1302 3179 Ὥστε
1366 3128 1460 3180 καὶ
1515 3128 1584 3181 τὰ
1652 3130 1829 3200 δεσμὰ
1873 3131 2150 3206 κόσμονο

2204 564 2415 609 catena.
2450 574 2468 606 ι
2499 552 2690 610 Nonne
2731 556 2835 610 hoc
2868 555 3068 611 falsum
3098 556 3350 611 videtur?
3383 572 3454 611 an
3481 556 3785 627 quidquam

2203 652 2383 713 potest
2414 660 2537 699 esse
2571 660 2777 699 corona
2797 646 3029 714 justitiae
3060 646 3371 701 illustrius?
3409 656 3506 701 aut
3534 648 3584 702 si
3617 647 3782 716 quid-

2201 752 2367 806 quam
2393 752 2515 791 esse
2545 738 2743 806 possit,
2785 754 2854 793 an
2896 740 3133 793 eatena?
3166 738 3311 793 Idem
3350 738 3785 810 Chrysostomus

2200 827 2268 881 de
2297 826 2354 881 S.
2380 826 2536 881 Pauli
2566 828 2825 893 vinculis,
2858 846 2980 899 qua:
3027 847 3124 885 sua
3167 840 3326 885 mlate
3356 833 3634 887 exstitisse
3676 849 3783 902 pu-

2201 920 2352 973 tabat
2388 920 2759 992 εἘϐουλόμην
2797 923 2924 975 ἰδεῖν
2958 924 3056 988 τὰς
3086 924 3323 989 ἁλύσεις,
3370 924 3435 989 ἃς
3478 926 3782 981 δεδοίκασιν

2203 1010 2301 1080 μὲν
2346 1010 2597 1080 δαίμονες
2641 1012 2733 1064 καὶ
2766 1012 3066 1083 φρίττουσι,
3106 1013 3380 1068 αἰδοῦνται
3429 1015 3486 1067 δὲ
3533 1016 3773 1084 ἄγγελοι.

2206 1120 2225 1153 ε
2265 1101 2466 1157 Vellem
2501 1104 2691 1159 videre
2731 1114 2954 1160 catenas
2988 1123 3129 1176 quas
3160 1109 3477 1163 metuebant
3498 1151 3512 1175 ,
3538 1110 3604 1162 ad
3639 1124 3780 1179 quas

2199 1194 2632 1250 contremiscunt
2656 1195 2956 1263 demones,
2997 1212 3138 1266 quas
3164 1198 3341 1267 angeli
3374 1209 3723 1254 venerantur.
3751 1221 3771 1253 ι

2200 1280 2307 1336 Sed
2364 1284 2417 1337 in
2454 1284 2539 1339 his
2562 1285 2797 1341 vinculis
2827 1297 2979 1356 optat
3009 1288 3281 1357 refugere,
3318 1290 3454 1358 prob
3493 1290 3773 1346 hominem

2198 1376 2502 1430 audacem!
2564 1378 2703 1446 prob
2760 1378 3021 1449 frigidum
3084 1381 3417 1450 sophistam!
3480 1381 3596 1436 lmo
3654 1383 3773 1438 haec

2197 1468 2299 1521 viri
2381 1480 2545 1534 sunt,
2598 1480 2655 1523 et
2723 1471 3040 1538 passionem
3123 1487 3223 1540 pro
3278 1472 3484 1528 Christi
3549 1474 3775 1530 nomine

2196 1560 2421 1615 maximi
2466 1561 2813 1627 aastimantis,
2854 1570 2909 1616 et
2960 1564 3206 1634 martyrii
3234 1565 3602 1620 certissimum
3634 1582 3776 1635 prae-

2197 1651 2367 1705 mium
2431 1651 2749 1707 firmissime
2800 1654 3190 1723 exspectantis.
3241 1654 3381 1721 Quid
3420 1656 3567 1712 enim
3618 1658 3767 1712 aliud

2195 1754 2279 1799 est
2314 1744 2368 1797 in
2402 1744 2637 1800 vinculis
2684 1742 2955 1815 refugere,
2988 1762 3152 1816 quam
3205 1763 3392 1803 coram
3447 1748 3558 1805 Deo
3597 1751 3651 1805 in
3682 1752 3771 1807 die

2189 1834 2379 1903 judicii
2418 1843 2677 1905 tanquam
2706 1844 2999 1905 martyrem
3024 1854 3122 1906 pro
3149 1838 3369 1895 Christo
3399 1856 3679 1910 apparere,
3718 1853 3775 1898 et

2194 1941 2377 1980 coram
2426 1926 2635 1995 angelis
2670 1935 2725 1981 et
2779 1928 3093 1984 hominibus
3142 1931 3417 1999 passionis
3455 1934 3771 1991 testimonia

2192 2016 2490 2072 exhibere?
2515 2016 2773 2089 Legimus
2805 2016 3063 2090 Babylam
3093 2019 3148 2073 S.
3181 2019 3372 2090 lgnatii
3406 2023 3461 2077 in
3485 2026 3772 2097 episcopa-

2193 2118 2250 2161 tu
2276 2108 2634 2162 Antiochensi
2681 2122 3056 2163 successorem
3081 2150 3096 2174 ,
3136 2120 3197 2163 ut
3253 2112 3388 2166 illud
3428 2114 3550 2183 ejus
3583 2126 3766 2170 votum

2192 2200 2311 2255 sine
2350 2200 2516 2255 dubio
2540 2203 2761 2273 assequi
2788 2212 3006 2273 posset,
3044 2204 3099 2259 in
3151 2208 3426 2263 mandatis
3464 2210 3679 2266 dedisse
3713 2223 3772 2268 ut

2192 2292 2410 2346 vincula
2460 2308 2559 2347 sua
2612 2293 2778 2348 simul
2825 2310 2951 2349 cum
3002 2311 3235 2366 corpore
3272 2302 3652 2369 sepelirentur.
3687 2304 3769 2360 ita

2192 2380 2391 2438 Surdas
2453 2398 2518 2437 cx
2567 2384 2753 2453 aliquo
2784 2386 2954 2441 veteri
2991 2388 3297 2457 scriptore:
3333 2392 3563 2446 Ἔπειτα
3607 2395 3771 2461 αὐτὸς

2189 2474 2471 2547 προύτεινε
2501 2477 2591 2530 τὸν
2624 2478 2825 2548 αὐχένα
2854 2478 2931 2549 τῷ
2972 2478 3133 2549 ξίφει,
3162 2483 3535 2554 ἐντειλάμενος
3564 2490 3677 2551 τοῖς
3710 2488 3771 2542 τὸ

2190 2568 2349 2639 σῶμα
2380 2568 2542 2621 αὐτοῦ
2576 2570 3003 2641 συλλεξομένοις,
3037 2572 3135 2636 τὰς
3163 2573 3381 2640 ἁλύσεις
3417 2578 3509 2631 καὶ¹
3542 2578 3640 2643 τὰς
3673 2581 3770 2635 πέ-

2186 2657 2282 2721 δας
2305 2659 2453 2729 αύτῷ
2483 2660 2769 2730 συνθάψαι,
2810 2662 2902 2715 ”Ιν’
2991 2682 3079 2733 μοι
3105 2664 3298 2731 ταῦτα,
3332 2668 3465 2738 φησὶ
3487 2710 3501 2734 ,
3532 2674 3767 2747 κειμένῳ

2187 2750 2413 2821 κόσμος.
2448 2771 2465 2802 ι
2505 2750 2751 2807 Tandem
2790 2754 2905 2824 ipse
2928 2754 3161 2826 Babylas
3194 2760 3463 2816 cervicem
3486 2766 3605 2821 ensi
3640 2782 3769 2835 pro-

2187 2842 2383 2907 tendit,
2420 2860 2545 2898 cum
2582 2845 2688 2900 illis
2739 2847 2833 2916 qui
2868 2847 3148 2903 collecturi
3198 2860 3375 2917 erant,
3412 2856 3765 2928 mandasset},

2186 2934 2477 2988 utvincula
2498 2944 2551 2989 et
2578 2937 2867 3005 compedes
2899 2953 3023 2993 cum
3051 2939 3176 3009 ipso
3204 2946 3521 3014 sepelirent,
3550 2948 3656 3015 Ut,
3681 2951 3767 3003 in-

2184 3026 2329 3095 quit,
2385 3027 2503 3082 haec
2546 3028 2903 3095 mihijacenti
2932 3044 3257 3091 ornamento
3292 3038 3422 3093 sint.
3461 3060 3479 3091 ι
3527 3040 3643 3097 Hoc
3672 3060 3765 3099 au-

2185 3126 2292 3171 tem
2321 3134 2509 3173 verum
2541 3135 2664 3175 esse
2701 3129 2929 3177 testatur
2957 3124 3385 3197 Chrysostomns
3410 3132 3765 3193 Antiochena

2183 3208 2441 3265 Ecclesiae
2488 3213 2769 3283 presbyter
2802 3213 3060 3272 Oratione
3093 3219 3151 3273 in
3203 3219 3499 3293 Babylam:
3537 3226 3764 3283 Μέλλων

2177 3299 2355 3353 τοίνυν
2380 3303 2408 3353 ὁ
2452 3302 2721 3374 μακάριος
2756 3306 3201 3376 ἀποσφάττεσθαι
3246 3316 3473 3381 ἐκεῖνος,
3507 3318 3646 3388 μετὰ
3669 3320 3762 3374 τοῦ

2180 3392 2399 3463 σιδήρου
2425 3394 2483 3447 τὸ
2531 3397 2689 3466 σῶμα
2725 3401 2963 3471 ταφῆναι
3010 3403 3308 3475 ἐπέσκηψε.
3340 3426 3358 3459 ι
3390 3408 3529 3465 Cum
3569 3413 3763 3470 beatus

2178 3486 2269 3540 ille
2296 3488 2409 3555 jam
2438 3490 2795 3549 trucidandus
2852 3505 3019 3563 esset,
3053 3501 3333 3556 mandavit
3360 3512 3419 3557 ut
3456 3521 3581 3560 cum
3616 3507 3761 3563 ferro

2177 3592 2380 3647 corpus
2415 3580 2764 3650 sepeliretur.
2798 3604 2816 3636 ι
2873 3586 2937 3641 Et
2988 3605 3183 3645 rursus
3229 3594 3419 3648 εΑὺτὰ
3450 3597 3557 3651 τῶν
3584 3599 3760 3654 ἄθλων

2177 3670 2420 3741 σύμϐολα
2456 3675 2795 3745 συνταφῆναι
2825 3677 3034 3731 κελεύει
3064 3680 3141 3751 τῷ
3175 3683 3406 3754 σώματι.
3439 3707 3455 3737 ι
3488 3685 3609 3757 Ipsa
3641 3706 3761 3745 cer—

2176 3765 2443 3818 taminum
2476 3766 2723 3837 symbola
2757 3784 2881 3824 cum
2911 3786 3142 3842 corpore
3180 3779 3506 3847 cansepcliri
3529 3780 3704 3849 jubet.
3733 3801 3752 3834 ι

2173 3856 2252 3910 Ac
2283 3858 2519 3927 denique
2553 3876 2567 3913 :
2602 3861 2712 3914 Καὶ
2762 3866 2967 3917 κεῖνται
2992 3865 3087 3919 νῦν
3117 3867 3256 3938 μετὰ
3304 3869 3404 3940 τῆς
3461 3872 3667 3944 τέφρας
3702 3875 3758 3927 αἱ

2174 3948 2355 4012 πέδαι,
2389 3969 2407 4001 ι
2444 3959 2498 4005 et
2544 3969 2692 4008 nunc
2736 3970 2861 4010 cum
2917 3958 3103 4015 cinere
3154 3965 3445 4031 compedes
3488 3966 3695 4035 jacent.
3730 3986 3750 4021 ι

2171 4037 2251 4093 lta
2282 4050 2337 4095 et
2364 4042 2590 4099 homilia
2624 4047 2678 4111 9,
2715 4047 2783 4101 ad
2810 4046 3097 4117 Ephesios.
3133 4051 3276 4118 Quin
3311 4064 3365 4109 et
3398 4055 3542 4111 idem
3581 4059 3757 4131 Chry-

2172 4140 2450 4186 sostomus
2504 4132 2656 4189 hom.
2712 4136 2768 4199 8,
2830 4137 3113 4207 lgnatiano
3170 4157 3324 4198 more
3358 4144 3411 4198 in
3446 4144 3563 4201 haec
3588 4148 3755 4201 verba

2171 4224 2481 4293 prorumpit
2506 4225 2683 4293 ιἘγὼ
2700 4227 2806 4282 τῶν
2822 4229 3039 4301 δεσμῶν
3063 4232 3292 4306 ὀναίμην
3321 4237 3563 4292 ἐκείνων.
3589 4258 3607 4291 ι
3638 4239 3753 4295 Uli—

2169 4326 2296 4366 nam
2328 4328 2428 4384 ego
2463 4314 2583 4369 istis
2608 4316 2842 4374 vinculis
2874 4319 3061 4375 fruar!
3105 4341 3124 4373 ι

2241 4403 2347 4460 Sed
2398 4418 2553 4463 vocat
2598 4406 2865 4477 Ephesios
2924 4412 3131 4482 lapides
3176 4416 3390 4485 templi,
3442 4417 3645 4475 relatos
3694 4421 3749 4476 in

485 4487 623 4555 ipse.
677 4484 783 4541 Sed
817 4486 1016 4543 falsum
1047 4498 1200 4559 putat
1232 4500 1353 4548 esse
1396 4493 1711 4553 Blondellus
1734 4538 1749 4565 ,
1780 4514 1903 4554 cum
1944 4501 2066 4556 vin-
2095 4497 2141 4555 D
2169 4498 2404 4563 excelsa,
2439 4500 2536 4564 ait,
2571 4516 2667 4571 per
2700 4518 2917 4557 crucem
2954 4504 3177 4574 Christi,
3212 4484 3369 4579 quasi
3404 4525 3501 4579 per
3534 4514 3749 4569 machi-

485 4578 612 4632 cula
652 4578 957 4648 spiritualia
989 4580 1278 4648 dicuntur;
1314 4586 1503 4640 eodem
1540 4596 1686 4643 certe
1721 4590 1919 4658 modo,
1950 4606 2060 4662 quo

486 4667 685 4723 falsum
739 4678 855 4738 est,
887 4685 1166 4727 carcerem
1220 4688 1342 4730 esse
1386 4676 1603 4731 beatum
1636 4697 1648 4732 :
1681 4689 1735 4733 et
1768 4690 1948 4737 tamen
1986 4685 2059 4740 ita

486 4761 728 4831 loquitur
750 4762 992 4833 optimus
1021 4773 1075 4818 et
1113 4765 1453 4824 tersissimus
1483 4773 1718 4840 scriptor
1751 4772 1807 4827 S.
1835 4776 2060 4846 Cypria-

486 4869 610 4921 nus,
660 4855 820 4923 epist.
866 4855 935 4910 ad
980 4856 1308 4928 Seagrium:
1337 4880 1356 4911 ι
1390 4860 1434 4915 Ο
1485 4862 1702 4919 beatum
1749 4882 2055 4936 carcerem,

483 4962 647 5017 quem
681 4947 975 5004 illustravit
1022 4959 1207 5006 vestra
1243 4956 1564 5022 praesentia!
1610 4956 1653 5011 Ο
1688 4958 1903 5015 beatum
1936 4979 2059 5018 car-

482 5051 685 5102 cerem,
720 5038 831 5106 qui.
854 5037 1105 5095 homines
1138 5038 1235 5096 Dei
1265 5043 1426 5097 mittit
1446 5043 1517 5099 ad
1543 5046 1773 5102 calum!
1805 5069 1824 5103 ι
1860 5049 2056 5110 Nonne

481 5143 757 5183 carcerem
791 5128 915 5185 ideo
940 5130 1079 5186 dixit
1102 5133 1345 5201 beatum,
1366 5139 1495 5207 quia
1524 5142 1733 5198 sanctis
1756 5144 2062 5202 beatitudi-

483 5234 608 5275 nem
640 5221 948 5289 promittit?
976 5222 1052 5278 De
1078 5226 1298 5281 vinculo
1333 5228 1391 5284 S.
1436 5228 1591 5286 Pauli
1633 5233 1770 5288 dixit
1796 5235 1852 5290 S.
1880 5235 2056 5310 Chry-

482 5318 759 5397 sostomus
796 5310 985 5365 homil.
1018 5314 1086 5368 ad
1132 5314 1329 5385 Ephes.
1360 5334 1411 5372 tv
1446 5338 1461 5374 :
1496 5321 1632 5376 Οὐδὲ
1674 5324 1772 5397 τῆς
1794 5326 2056 5393 ⁵ἁλύσεως

482 5396 697 5467 ἐκείνης
722 5399 1153 5475 μακαριώτερον,
1186 5423 1205 5456 ι
1225 5404 1373 5461 Nihil
1392 5409 1482 5464 illo
1510 5396 1733 5468 vinculo
1760 5414 1993 5472 beatius.
2029 5436 2048 5470 ι

480 5486 551 5541 Et
583 5486 781 5543 falsum
808 5493 972 5547 etiam
1000 5493 1104 5551 hoc
1121 5497 1211 5563 ,,si
1238 5495 1613 5556 Blondelliano
1646 5518 1801 5559 more
1828 5516 2051 5561 senten-

483 5579 587 5633 tias
638 5582 1003 5641 maximorum
1052 5587 1295 5643 virorum
1352 5591 1733 5650 discutiamus.
1811 5594 1960 5651 Dixit
1992 5596 2049 5652 8.

481 5666 730 5727 Paulus:
773 5691 791 5724 ι
849 5672 905 5728 In
940 5676 1157 5746 reliquo
1229 5680 1471 5749 reposita
1520 5692 1605 5738 est
1659 5685 1790 5739 mihi
1845 5702 2051 5746 corona

442 5804 445 5809 η
481 5759 720 5819 iustitiae.
744 5783 763 5817 ι
780 5763 1206 5837 Chrysostomus
1224 5787 1237 5822 :
1258 5769 1420 5824 Ἀλλὰ
1442 5772 1534 5826 τοῦ
1566 5776 1830 5843 στεφάνου
1856 5776 2045 5834 τούτου

2164 4606 2289 4644 nam
2320 4593 2639 4659 quamdam,
2678 4593 2883 4664 Spiritu
2923 4594 2980 4650 S.
3017 4600 3176 4668 quasi
3211 4600 3342 4657 fune
3377 4611 3610 4671 utentes,
3644 4606 3750 4662 fide

2162 4690 2421 4751 tanquam
2477 4685 2821 4743 subvectore.
2870 4687 3041 4757 Nova,
3096 4693 3325 4760 scilicet,
3376 4696 3490 4751 haec
3537 4707 3665 4753 sunt
3697 4710 3752 4755 et

2160 4773 2417 4829 absurda.
2451 4773 2600 4830 Nova
2621 4777 2851 4835 fortasse
2881 4782 2996 4837 haec
3014 4784 3126 4838 visa
3149 4794 3279 4840 sunt
3310 4803 3433 4843 cum
3458 4806 3522 4844 ea
3543 4794 3749 4849 scribe-

2160 4876 2244 4921 ret
2258 4865 2517 4936 lgnatius,
2535 4886 2659 4925 cum
2676 4873 2789 4942 jam
2808 4876 2996 4946 religio
3010 4877 3323 4938 Christiana
3340 4900 3530 4941 recens
3544 4887 3751 4944 videre-

2159 4968 2277 5026 tur;
2297 4963 2571 5030 quomodo
2586 4980 2731 5019 nunc
2745 4982 2883 5021 nova
2903 4968 3175 5037 dicantur,
3189 4976 3467 5043 quomodo
3485 4978 3745 5047 absurda,

2158 5065 2268 5105 non
2298 5053 2476 5109 video.
2498 5053 2729 5112 Sanctos
2751 5073 2874 5114 esse
2901 5064 3088 5133 templi
3116 5062 3211 5120 Dei
3236 5066 3443 5137 lapides
3473 5072 3599 5141 quis
3633 5088 3743 5128 non

2157 5142 2296 5235 dixit
2314 5154 2438 5213 post
2454 5144 2512 5201 S.
2534 5146 2776 5215 Petrum,
2796 5149 2815 5203 Ι
2834 5150 2933 5221 Ep.
2956 5170 3017 5220 ιι,
3035 5156 3069 5209 5
3088 5173 3102 5209 ε
3123 5155 3193 5209 Ει
3211 5158 3311 5226 ipsi
3333 5170 3586 5232 tanquam
3609 5167 3745 5235 lapi-

2157 5234 2249 5289 des
2282 5236 2384 5289 vivi
2412 5241 2920 5311 supermdiﬁcamiui
2960 5246 3149 5303 domus
3178 5251 3478 5317 spiritualis
3498 5258 3523 5310 .9
3554 5234 3743 5329 Neque

2158 5326 2262 5382 hoc
2281 5338 2441 5399 negat
2466 5329 2729 5400 Dallaeus;
2761 5337 2854 5391 sed
2878 5353 3079 5394 novum
3096 5351 3151 5397 et
3166 5345 3467 5402 absurdum
3490 5360 3573 5405 est
3597 5326 3668 5406 uti
3685 5354 3740 5407 hi

2157 5417 2212 5472 in
2255 5420 2471 5477 excelsa
2531 5423 2841 5482 referantur
2892 5445 2990 5499 per
3038 5436 3375 5494 machinam.
3432 5440 3593 5497 Certe
3643 5460 3741 5515 per

2156 5511 2466 5567 machinam
2522 5514 2577 5569 in
2615 5519 2830 5574 excelsa
2874 5520 3005 5576 ferri
3033 5526 3241 5596 lapides
3264 5545 3465 5587 novum
3493 5550 3601 5589 non
3631 5511 3732 5602 est,

2157 5602 2252 5655 sed
2288 5603 2429 5677 locis
2474 5608 2731 5664 omnibus
2783 5616 3231 5690 temporibusque
3287 5625 3569 5680 usitatum.
3629 5627 3735 5683 Sed
