4138 6424
408 385 517 440 ,ιγςδ

1148 381 1197 437 J.
1229 382 1598 439 PEARSONII
1632 380 1950 439 VlNDlClE
1992 376 2412 435 IGNATIANJ‘J.
2457 409 2527 420 -
2562 376 2741 433 PARS
2781 376 2844 431 ll.

3572 383 3679 439 4M

411 515 520 558 tur.
552 500 714 557 Certe
741 498 1137 575 Chrysostomo
1160 520 1272 558 non
1302 504 1610 571 videbatur,
1637 506 1733 574 qui
1765 503 1831 558 ad
1853 502 1989 558 tales
2020 506 2062 563 Α
2092 509 2302 571 ptorem
2352 499 2411 555 8.
2460 498 2613 553 Pauli
2645 499 2903 568 epistolas
2949 498 3221 555 imitatum
3253 516 3399 566 esse,
3435 501 3680 572 Apostoli

410 594 701 650 machinas
749 595 1023 665 pertinere
1078 594 1227 665 ipsas
1270 607 1493 651 catenas
1529 606 1845 651 sanctorum
1879 597 1997 649 exi-

410 687 678 744 stimavit.
724 687 800 743 De
851 697 1041 741 catena
1075 688 1132 741 8.
1173 686 1350 749 Pauli,
1385 690 1532 743 hom.
1564 688 1598 742 8
1630 689 1696 743 ad
1730 686 1993 756 Ephesios

411 776 487 829 ita
542 774 766 832 scribit:
820 774 968 846 Αὕτη
1026 777 1151 839 τοὺς
1207 777 1543 848 δεδεμένους,
1608 776 1862 848 καθάπερ
1905 777 1993 830 διά

408 883 552 931 τινος
605 868 850 938 μηχανῆς
897 868 1044 922 ἕλκει
1086 870 1224 940 πρὸς
1262 871 1352 923 τὸν
1398 872 1645 943 οὐρανὸν,
1673 871 1766 925 καὶ
1804 870 1992 944 ὥσπερ

407 959 587 1030 χρυσῆ
643 959 801 1030 σειρὰ
854 959 1214 1032 ἐξαρτηθεῖσα
1259 962 1472 1016 ἀνέλκει
1528 964 1664 1034 πρὸς
1696 963 1858 1016 αὐτὸν
1899 963 1991 1016 τὸν

407 1049 656 1121 οὖρανόν.
696 1069 715 1102 ι
759 1050 884 1105 Haec
930 1052 1145 1107 vinctos
1198 1062 1460 1124 tanquam
1526 1070 1622 1124 per
1677 1054 1988 1109 machinam

408 1143 576 1196 t'rahit
603 1142 671 1196 ad
703 1143 895 1211 caelos,
920 1153 974 1197 et
996 1152 1257 1212 tanquam
1285 1161 1487 1209 aureus
1507 1144 1654 1202 funis
1679 1147 1990 1216 dependens

404 1250 629 1290 sursum
684 1236 854 1290 trahit
906 1237 972 1290 ad
1024 1238 1191 1293 caelos
1236 1238 1405 1309 ipsos.
1439 1259 1458 1291 ι
1495 1240 1579 1293 Αη
1633 1249 1814 1294 autem
1854 1256 1988 1295 crux

404 1328 531 1383 talis
568 1329 823 1383 machina
851 1329 959 1383 dici
988 1345 1099 1384 non
1131 1330 1346 1400 potest?
1382 1331 1751 1388 Tertullianus
1778 1334 1860 1387 Ad
1893 1350 1990 1388 na—

406 1423 572 1477 tiones
598 1423 692 1477 lib.
722 1440 759 1482 l.
796 1440 846 1479 c.
881 1424 950 1479 18
984 1443 997 1478 :
1031 1443 1050 1476 ι
1096 1424 1154 1479 Si
1187 1442 1403 1481 erucem
1449 1427 1753 1495 conligendi
1792 1443 1988 1497 corpo-

402 1516 485 1570 ris
514 1516 822 1571 machinam
857 1518 1041 1573 nullus
1070 1518 1250 1574 adhuc
1278 1535 1343 1574 ex
1375 1520 1532 1575 vobis
1562 1519 1803 1590 Regulus
1834 1522 1987 1591 pepi-

403 1608 499 1677 git.
536 1627 554 1658 ι
586 1606 780 1663 Nonne
809 1609 914 1664 hoc
947 1611 1122 1666 cuivis
1156 1612 1377 1666 obvium
1415 1612 1538 1679 fuit,
1567 1614 1660 1682 qui
1688 1628 1751 1668 ea
1784 1613 1989 1684 legerat

402 1715 525 1768 quae
542 1698 799 1755 Christus
828 1701 966 1756 dixit
1000 1722 1012 1755 :
1066 1701 1179 1772 Ego
1208 1705 1255 1757 si
1280 1704 1548 1759 exaltatus
1579 1706 1732 1776 fuero
1760 1724 1787 1761 e
1818 1715 1982 1771 terra,

404 1795 507 1848 hoc
546 1804 649 1859 est,
683 1795 729 1850 si
761 1795 942 1850 erucis
970 1796 1283 1851 machinam
1317 1796 1637 1861 ascendere,
1665 1800 1841 1852 omnia
1873 1808 1983 1852 tra-

2096 592 2342 663 vestigiis
2391 607 2582 663 presse
2643 592 2952 657 inluesisse,
2978 594 3124 662 quod
3155 595 3208 647 in
3250 594 3402 648 caelis
3430 598 3592 649 etiam
3622 604 3683 652 ut

2096 685 2196 739 sibi
2238 686 2581 756 contingeret
2608 686 2836 754 optavit,
2886 686 3112 755 epistola
3156 687 3223 741 ad
3260 686 3526 756 Ephesios
3557 705 3571 743 :
3604 682 3680 744 Οὗ

2094 777 2302 845 γένοιτό
2339 796 2428 849 μοι
2456 779 2561 832 ὑπὸ
2606 780 2675 833 τὰ
2716 780 2834 850 ἴχνη
2870 778 3160 849 εὑρεθῆναι
3192 778 3268 833 ὅτ’
3301 778 3368 833 ἂν
3392 780 3528 834 Θεοῦ
3555 783 3679 836 ἐπι-

2094 869 2260 941 τύχω,
2317 890 2335 923 ι
2394 870 2565 940 Cujus
2614 872 2709 926 ﬁat
2760 872 2896 925 mihi
2950 872 3053 926 sub
3118 874 3366 942 vestigiis
3420 873 3677 941 inveniri,

2094 964 2315 1033 quando
2346 963 2458 1019 Deo
2508 965 2679 1019 fruar.
2713 983 2731 1015 ι
2762 963 2895 1030 Quae
2926 964 3092 1019 verba
3132 964 3324 1035 lgnatii
3352 968 3527 1021 nostri
3559 968 3679 1023 sine

2097 1058 2369 1113 cacozelia
2434 1058 2632 1112 imitati
2679 1066 2809 1113 sunt
2871 1056 3234 1128 Smyrnenses
3286 1060 3339 1113 in
3416 1059 3677 1132 Martyrio

2096 1150 2153 1203 S.
2178 1148 2487 1221 Polycarpi.
2529 1146 2602 1205 Οὗ
2630 1150 2837 1219 γένοιτο
2868 1153 2925 1203 ὲν
2956 1154 3020 1222 τῇ
3061 1150 3305 1223 βασιλείᾳ
3340 1151 3514 1224 Ἰησοῦ
3537 1154 3675 1224 Χρι-

2095 1242 2221 1296 στοῦ
2269 1244 2407 1316 πρὸς
2436 1244 2503 1298 τὰ
2534 1244 2651 1315 ἴχνη
2697 1242 2985 1315 εὑρεθῆναι
3015 1246 3183 1315 ἡμᾶς.
3220 1264 3237 1296 ι
3277 1245 3447 1315 Cujus
3483 1247 3577 1301 li‘at
3605 1248 3673 1302 ad

2091 1337 2320 1406 vestigia
2351 1345 2409 1389 ut
2442 1352 2540 1390 nos
2569 1337 2623 1390 in
2654 1351 2821 1406 regno
2850 1338 2979 1391 .lesu
3014 1337 3215 1392 Christi
3252 1337 3616 1394 inveniamur.
3646 1357 3669 1393 ι

2091 1427 2346 1498 Agnosco
2398 1427 2666 1499 lgnatium
2713 1438 2967 1483 nostrum
3015 1444 3239 1483 sensum
3273 1428 3329 1485 S.
3374 1430 3528 1484 Pauli
3554 1432 3675 1485 ani-

2092 1535 2354 1590 mumque
2381 1520 2434 1573 in
2467 1536 2691 1576 succum
2719 1530 2773 1575 et
2802 1521 3126 1591 sanguinem
3161 1522 3520 1589 convertisse,
3544 1539 3673 1579 eum

2092 1611 2146 1665 in
2193 1621 2481 1667 numerato
2521 1612 2687 1666 etiam
2727 1611 2781 1665 in
2809 1627 3030 1667 carcere
3060 1612 3319 1667 habuisse
3345 1653 3360 1678 ,
3415 1628 3673 1669 sermone

2090 1713 2143 1757 et
2175 1712 2354 1758 mente
2384 1703 2587 1773 ubique
2613 1704 2984 1774 expressisse;
3014 1706 3108 1759 sed
3132 1714 3187 1759 et
3213 1706 3319 1761 hoc
3347 1706 3521 1760 multo
3554 1723 3672 1762 ma-

2091 1795 2175 1864 gis
2208 1795 2328 1847 viro
2373 1804 2562 1849 sancto
2601 1805 2655 1848 et
2686 1795 2934 1865 martyri,
2960 1794 3144 1863 qualis
3184 1795 3299 1865 ipse
3350 1796 3670 1864 apostolus,

398 1885 525 1939 ham
569 1887 638 1940 ad
670 1888 948 1956 meipsum,
994 1886 1152 1942 Joan.
1213 1905 1313 1953 χιι,
1347 1889 1436 1943 '52.
1481 1888 1768 1956 Quomodo
1800 1900 1981 1946 autem
2015 1891 2056 1946 B
2087 1901 2253 1955 quam
2301 1885 2476 1941 lictori
2507 1886 2763 1955 cuiquam
2802 1895 2897 1940 aut
2928 1886 3215 1955 impostori
3256 1888 3547 1942 convenire
3582 1904 3673 1942 ar-

397 1978 570 2032 trahit
622 1977 791 2042 Deus,
830 1980 939 2034 nisi
988 1979 1247 2036 funiculis
1287 1981 1483 2048 Adam,
1507 1991 1562 2037 et
1594 1982 1828 2039 vinculis
1852 1984 1979 2039 cha-

398 2070 616 2125 ritatis?
652 2069 758 2126 Sed
810 2072 1035 2142 quinam
1091 2074 1146 2127 hi
1190 2072 1421 2129 funiculi
1456 2076 1622 2130 sunt?
1650 2075 1811 2132 Certe
1836 2076 1983 2132 Deus

396 2180 496 2234 per
537 2162 805 2234 Spiritum
834 2166 1087 2221 homines
1117 2166 1184 2221 ad
1218 2182 1278 2223 se
1307 2167 1495 2222 trahit.
1524 2167 1667 2235 Quid
1697 2169 1786 2224 hic
1816 2170 1983 2241 igitur

398 2256 648 2320 ahsurdi,
675 2257 805 2326 quid
830 2258 993 2313 novi?
1012 2256 1208 2315 Nonne
1230 2259 1428 2316 melius
1454 2260 1657 2317 dicitur
1684 2262 1853 2317 Deum
1880 2278 1982 2319 nos

394 2362 495 2417 per
538 2346 827 2418 Spiritum,
856 2365 1023 2419 quam
1054 2365 1158 2405 nos
1186 2366 1284 2422 per
1317 2350 1580 2422 Spiritum
1610 2352 1707 2408 Dei
1740 2355 1979 2411 trahere.

396 2437 465 2493 Et
506 2450 687 2494 tamen
739 2440 1035 2511 Gregorius
1066 2440 1450 2499 Nazianzenus
1488 2459 1600 2500 non
1649 2446 1854 2503 veritus
1896 2457 1981 2503 est

394 2532 578 2587 dicere
620 2532 945 2605 εΠνεύματι
1001 2533 1359 2605 στοιχοῦντες,
1411 2536 1582 2608 τούτῳ
1635 2538 1735 2609 τὴν
1782 2539 1981 2608 γνῶσιν

395 2625 673 2689 ἕλκοντες·
714 2644 732 2678 ι
769 2624 829 2680 In
871 2626 1075 2695 Spiritu
1106 2627 1473 2696 ambulantes,
1504 2644 1679 2699 eoque
1704 2631 1979 2701 cognitio-

394 2733 521 2771 nem
552 2718 858 2774 trahentes.
900 2738 918 2771 ι
960 2718 1112 2773 Dona
1145 2719 1351 2788 gratim,
1382 2735 1480 2776 seu
1522 2722 1748 2791 spiritus
1772 2722 1829 2777 S.
1859 2722 1982 2793 Spi-

395 2813 537 2864 ritus
576 2826 717 2881 sazpe
745 2811 1006 2865 dicuntur
1034 2830 1046 2865 :
1074 2811 1164 2866 illa
1196 2820 1377 2867 autem
1414 2812 1555 2867 inter
1586 2813 1850 2869 beneﬁcia
1886 2831 1981 2869 nu-

397 2904 601 2957 merari
630 2903 828 2957 debent
861 2912 916 2958 et
943 2903 1105 2959 simul
1139 2903 1400 2960 funiculis
1423 2907 1751 2975 comparari,
1777 2908 1977 2978 quibus

393 2994 772 3051 efﬁcacissime
800 2996 869 3051 ad
898 2995 1071 3051 Deum
1092 2998 1389 3052 trahimur.
1416 2997 1491 3053 De
1516 2999 1745 3053 miriﬁca
1771 3001 1979 3055 saluta—

394 3089 540 3144 tione
572 3105 683 3144 non
712 3106 853 3159 opus
889 3099 973 3145 est
1009 3098 1069 3145 ut
1099 3091 1483 3161 respondeam.
1518 3090 1638 3146 Non
1669 3093 1814 3147 enim
1845 3108 1979 3149 con-

393 3191 500 3235 stat
526 3181 884 3249 posteriorem
919 3192 1131 3251 partem
1188 3182 1469 3235 sententiae
1494 3181 1560 3236 ad
1589 3182 1973 3238 salutationem

392 3287 513 3325 eam
564 3273 862 3342 pertinere,
892 3288 1016 3327 eum
1060 3274 1238 3343 possit
1283 3274 1445 3328 etiam
1479 3274 1545 3327 ad
1572 3274 1856 3342 sequentia
1892 3289 1978 3328 rc-

391 3363 545 3418 l‘erri.
597 3363 656 3419 Si
706 3365 832 3435 quis
868 3374 1050 3419 autem
1082 3380 1205 3419 eam
1237 3366 1303 3420 ad
1345 3367 1529 3436 priora
1560 3367 1741 3436 potius
1769 3365 1979 3421 referre

388 3457 539 3522 velit,
554 3473 622 3511 ne
649 3458 731 3512 sic
751 3458 970 3527 quidem
998 3458 1237 3514 absurda
1266 3458 1539 3513 videbitur
1560 3460 1837 3514 salutatio.
1858 3457 1975 3513 Non

389 3553 535 3609 enim
585 3553 640 3606 in
677 3552 898 3606 nomine
927 3561 1136 3606 tantum
1158 3550 1387 3617 Christi,
1431 3552 1523 3608 sed
1567 3560 1622 3606 et
1648 3552 1702 3606 in
1729 3552 1972 3619 Christo,

388 3646 473 3700 vel
514 3646 567 3700 in
606 3644 841 3699 Domino
894 3644 1192 3713 Apostolus
1231 3643 1467 3709 salutat;
1500 3642 1757 3698 Christus
1791 3654 1974 3698 autem

389 3752 488 3807 per
518 3746 770 3790 naturam
797 3751 1001 3805 perque
1036 3750 1100 3789 ea
1132 3750 1254 3803 qua:
1285 3736 1339 3788 in
1363 3750 1529 3789 carne
1558 3736 1668 3805 egit
1696 3743 1751 3789 et
1778 3749 1975 3805 passus

388 3840 491 3897 est,
545 3832 751 3899 optime
794 3830 1117 3899 explicatur.
1165 3827 1377 3895 Quibus
1427 3827 1579 3883 addit
1629 3832 1686 3882 ὲν
1736 3830 1970 3901 ἐνὸτητι.

387 3921 523 3977 Nam
564 3932 624 3977 ut
673 3922 878 3991 optime
900 3922 967 3976 de
995 3921 1053 3975 S.
1084 3920 1255 3975 Paulo
1287 3938 1316 3975 a
1349 3920 1746 3991 Chrysostomo
1785 3922 1976 3976 obser-

386 4026 571 4069 vatum
626 4024 741 4069 est:
786 4013 895 4065 Ἀεὶ
932 4012 1154 4080 συνάγει
1185 4014 1278 4065 καὶ
1311 4012 1581 4084 συγκολλᾷ
1624 4012 1693 4066 τὰ
1726 4013 1859 4085 μέλη
1885 4012 1974 4067 διὰ

386 4108 481 4161 τοῦ
513 4106 828 4179 ἀσπασμοῦ.
864 4126 882 4158 ι
931 4105 1160 4175 Semper
1207 4106 1495 4176 conjungit
1533 4114 1587 4160 et
1630 4107 1974 4176 conglutinet

388 4201 633 4255 membra
686 4216 782 4269 per
832 4199 1242 4255 salutationem.
1301 4216 1319 4250 ι
1365 4195 1552 4267 Neque
1610 4198 1748 4252 mira
1799 4199 1971 4253 videri

388 4294 547 4347 debet
579 4293 632 4346 in
663 4291 1069 4346 resurrectione
1094 4288 1235 4344 facta
1259 4290 1535 4355 salutatio,
1569 4304 1692 4344 cum
1717 4289 1972 4345 vetustis-

386 4385 512 4441 simi
565 4384 864 4439 Christiani
906 4383 993 4438 his
1036 4383 1216 4437 verbis
1250 4400 1269 4433 ‹
1306 4380 1562 4437 Christus
1612 4382 1914 4438 resurrexit
1944 4400 1963 4434 ι

386 4492 446 4532 se
476 4485 670 4530 mutuo
702 4476 940 4531 solerent
976 4474 1234 4530 salutare.

976 4629 1210 4686 CAPUT
1253 4629 1369 4685 XV.

385 4766 633 4826 Imitatio
685 4769 925 4837 Apostoli
986 4766 1275 4837 lgnatiana
1334 4764 1635 4836 κακοζηλία
1698 4783 1803 4820 ηοη
1865 4777 1964 4822 est.

470 4840 729 4911 Ὀναίμην
773 4854 873 4893 vox
916 4837 1114 4893 Graecis
1166 4837 1472 4911 familiaris,
1506 4838 1585 4889 ita
1634 4837 1714 4911 ab_
1749 4837 1966 4911 Ignotio

455 4907 735 4980 aliquoties
783 4919 1064 4977 usurpata,
1108 4918 1233 4961 uta
1281 4907 1655 4980 Chrysostonto
1696 4908 1963 4980 laudetur.

454 4976 693 5035 Censura
714 4976 956 5033 Arruntii
987 4980 1251 5049 rejicitur.
1281 4976 1492 5049 Inrvoce
1529 4976 1783 5047 ἰσόψυχον
1815 4978 1965 5049 nulla

457 5050 679 5119 apostoli
719 5051 972 5106 imitatio.
1006 5048 1147 5115 Quid
1182 5049 1252 5102 sit
1284 5048 1557 5119 ἰσόψυχος,
1584 5049 1709 5119 quid
1739 5048 1965 5117 ἀντίψυ-

454 5118 567 5191 xcv,
600 5122 838 5185 docetur,
874 5130 930 5173 ut
959 5130 1008 5174 et
1032 5118 1591 5191 7cspl¢qpa._Phr_ases
1634 5118 1836 5191 aliquot
1864 5135 1967 5191 δωτ-

457 5186 573 5258 jiius
620 5202 893 5260 usurpata:
920 5186 1297 5259 defenduntur.
1332 5186 1517 5241 Ironiu
1562 5186 1856 5257 apostolica
1895 5189 1962 5243 ab

458 5260 670 5331 lgnatio
697 5262 912 5315 minime
936 5277 1206 5332 expressa.

455 5399 642 5469 Capite
682 5398 753 5453 ‘28
790 5398 1025 5468 probare
1070 5398 1265 5451 nititur
1294 5406 1574 5451 auctorem
1601 5393 1961 5464 epistolarum

389 5494 737 5563 impostorem
792 5492 983 5561 fuisse,
1021 5508 1089 5548 ex
1132 5491 1435 5547 imitatione
1487 5486 1546 5542 S.
1585 5486 1761 5553 Pauli,
1797 5503 1964 5557 quam

386 5586 715 5659 κακηζηλίαν
743 5594 928 5652 vocat;
973 5600 1144 5655 quare
1201 5592 1383 5638 autem
1431 5582 1516 5635 vir
1543 5579 1879 5650 apostolicus
1912 5588 1967 5635 et

385 5690 591 5751 martyr
632 5680 835 5734 imitari
869 5680 921 5734 8.
963 5679 1216 5741 Paulum,
1242 5690 1412 5747 quare
1442 5675 1536 5744 qui
1585 5689 1709 5727 eum
1748 5675 1880 5738 vita,
1913 5681 1966 5727 et

385 5783 559 5837 morte
594 5781 816 5828 secutus
844 5781 947 5845 est,
982 5785 1235 5825 sermone
1263 5768 1427 5823 etiam
1456 5768 1609 5837 sequi
1644 5780 1750 5819 non
1780 5776 1968 5835 potuc-

386 5868 474 5934 rit,
504 5865 649 5923 haud
706 5852 1119 5921 νίιιεοζιῖιιιυοι·
1155 5862 1408 5934 equidem
1439 5861 1795 5932 epistularum
1824 5859 1961 5913 scri-

2086 1980 2279 2034 bitror.
2310 1978 2385 2033 De
2407 1979 2572 2032 modo
2603 1977 2929 2031 imitationis
2963 1985 3075 2031 tota
3108 1978 3174 2033 lis
3201 1988 3305 2045 est,
3330 1995 3399 2033 an
3434 1980 3506 2034 ita
3532 1981 3671 2035 scri-

2084 2080 2206 2143 ptor
2248 2070 2573 2141 Apostolum
2623 2070 2869 2125 imitatus
2913 2070 3004 2135 sit,
3041 2080 3099 2125 ut
3138 2070 3380 2143 lgnatius
3414 2072 3504 2126 ille
3548 2088 3671 2129 esse

2084 2179 2192 2218 non
2220 2163 2416 2233 possit,
2451 2162 2545 2216 sed
2572 2161 2756 2231 potius
2794 2176 2855 2216 se
2889 2175 3071 2230 prava:
3119 2162 3443 2217 imitationis
3485 2163 3673 2218 studio

2084 2257 2401 2327 imposturze
2450 2272 2602 2313 reum
2647 2258 2967 2329 prodiderit.
3022 2257 3136 2331 Ego
3184 2269 3293 2313 tam
3343 2259 3484 2314 bene
3539 2274 3669 2315 eum

2083 2349 2415 2420 apostolicas
2466 2349 2728 2419 epistolas
2776 2350 3050 2405 imitatum
3099 2365 3223 2406 esse
3270 2351 3575 2417 contendo,
3610 2366 3669 2406 ut

2083 2442 2281 2497 merito
2318 2443 2496 2497 virum
2534 2458 2662 2497 eum
2693 2444 3075 2513 apostolicum,
3105 2443 3193 2499 cui
3245 2442 3492 2513 Apostoli
3531 2445 3669 2500 scri-

2082 2545 2172 2605 pta
2207 2543 2321 2589 tam
2348 2534 2540 2589 intime
2564 2544 2619 2589 et
2653 2534 2975 2590 medullitus
3010 2536 3276 2605 impressa
3303 2534 3547 2601 fuerunt,
3575 2536 3667 2605 ju-

2081 2628 2360 2694 dicemus;
2394 2636 2503 2681 tam
2531 2627 2697 2693 male,
2731 2637 2844 2682 tam
2871 2628 3129 2693 absurde,
3157 2636 3216 2681 ut
3248 2627 3374 2682 inde
3407 2637 3668 2697 appareat

2081 2735 2208 2776 eum
2254 2721 2606 2789 impostorem
2666 2718 2858 2783 fuisse,
2892 2720 3037 2789 quod
3089 2719 3282 2773 volunt
3339 2720 3664 2785 adversarii,

2080 2828 2309 2884 prorsus
2335 2828 2494 2883 nego.
2519 2812 2860 2868 Assertionis
2879 2822 3081 2868 nostrae
3106 2813 3390 2866 veritatem
3417 2810 3666 2866 ostendet

2080 2906 2530 2970 commentarius,
2576 2920 2687 2975 quo
2720 2904 2909 2959 omnia
2947 2902 3007 2957 S.
3058 2901 3254 2973 lgnatii
3296 2903 3365 2957 ad
3397 2919 3530 2958 suae
3552 2904 3661 2958 ori-

2080 2996 2233 3066 gines
2275 2993 2606 3061 referantur,
2643 3002 2697 3049 et
2730 3010 2855 3050 cum
2881 2993 2938 3048 8.
2976 2991 3130 3047 Pauli
3155 2994 3336 3050 verbis
3367 3005 3420 3049 et
3446 3004 3666 3049 senten-

2079 3088 2172 3143 tiis
2198 3088 2469 3159 praecipue
2514 3086 2913 3155 conferantur;
2956 3089 3003 3143 si
3051 3102 3292 3158 unquam
3319 3087 3467 3143 illius
3494 3086 3663 3157 perti-

2075 3185 2249 3239 ciendi
2292 3192 2347 3238 et
2392 3182 2585 3238 edendi
2618 3181 2838 3237 occasio
2881 3195 2941 3235 se
2991 3179 3267 3234 obtulerit.
3300 3179 3663 3248 Conjectures

2074 3277 2292 3331 interim
2342 3275 2667 3337 Daliazanas,
2697 3282 2758 3327 ut
2796 3288 2856 3328 se
2889 3271 3126 3327 oﬂ'erunt
3147 3310 3162 3336 ,
3194 3271 3544 3340 examinabo,
3568 3287 3660 3328 ea-

2074 3382 2306 3429 rumque
2334 3366 2761 3421 imbecillitatem
2788 3364 3036 3434 prodam.

2149 3453 2354 3508 Primo.
2373 3453 2731 3524 lmpostorem
2757 3457 2863 3510 olet
2888 3456 3121 3528 ὀναίμην
3147 3456 3307 3510 toties
3328 3456 3396 3510 ab
3417 3471 3483 3511 eo
3505 3470 3664 3511 usur-

2078 3555 2285 3616 patum.
2335 3545 2512 3601 Semel
2565 3556 2747 3602 autem
2787 3546 2845 3600 8.
2891 3546 3097 3603 Paulus
3126 3563 3191 3602 ea
3226 3563 3360 3602 voce
3386 3546 3581 3613 utitur,
3608 3555 3665 3602 et

2077 3635 2295 3705 quidem
2329 3637 2385 3689 in
2409 3637 2650 3706 Epistola
2684 3639 2751 3692 ad
2789 3637 3190 3702 Philemonem,
3224 3636 3316 3691 ubi
3362 3639 3429 3691 de
3466 3636 3663 3691 Onesi-

2078 3743 2172 3782 mo
2225 3729 2424 3800 agitur.
2471 3729 2653 3796 Quare
2712 3746 2839 3786 cum
2876 3730 3205 3786 Theodorus
3235 3729 3374 3785 Beza
3412 3748 3431 3781 ι
3466 3730 3660 3785 scitam

2074 3821 2284 3877 Perroti
2315 3823 2536 3895 collegae
2560 3823 2647 3879 sui
2674 3825 3049 3893 conjecturam
3083 3842 3102 3875 ι
3144 3823 3282 3878 adeo
3308 3823 3663 3878 commenda--

2074 3928 2244 3985 verit,
2278 3918 2371 3988 qui
2427 3934 2447 3969 ι
2503 3916 2733 3972 Paulum
2777 3917 2881 3971 hac
2922 3931 3058 3970 voce
3097 3915 3340 3969 alludere
3373 3916 3443 3969 ad
3477 3915 3659 3984 ipsum

2074 4008 2319 4064 Onesimi
2370 4024 2569 4064 nomen
2630 4009 3013 4063 existimavit:
3058 4027 3077 4059 ι
3114 4007 3315 4061 mirum
3366 4015 3451 4061 est
3500 4007 3660 4075 Igna-

2073 4106 2209 4159 tiutn
2246 4115 2495 4159 nostrum
2530 4118 2639 4158 non
2672 4112 2885 4157 tantum
2926 4104 2981 4157 in
3018 4104 3245 4172 epistola
3277 4102 3344 4157 ad
3368 4100 3657 4172 Ephesios,

2074 4198 2167 4251 ubi
2214 4194 2460 4252 Onesimi
2499 4212 2692 4251 eorum
2736 4196 2979 4266 episcopi
3017 4196 3351 4251 mentionem
3382 4184 3657 4262 facio-sed

2071 4291 2236 4346 etiam
2271 4292 2471 4359 sarpius
2503 4290 2630 4345 alibi
2679 4304 2743 4343 ea
2793 4304 2927 4344 voce
2965 4289 3063 4343 uti.
3102 4288 3209 4343 Sed
3246 4303 3352 4342 vox
3384 4288 3473 4341 illa
3512 4287 3660 4341 ὀναί-

2075 4403 2184 4457 μην
2236 4387 2371 4441 satis
2425 4386 2568 4455 apud
2623 4383 2843 4439 Graecos
2893 4397 3108 4452 semper
3166 4383 3295 4436 trita
3330 4381 3456 4437 fuit.
3496 4380 3655 4451 Apud

2074 4477 2403 4551 Hesychium
2445 4479 2643 4549 legitur
2677 4496 2690 4532 :
2738 4478 3048 4549 Ὀνήμονος,
3074 4475 3223 4541 ἄξιος
3244 4476 3507 4546 ὀνήσεως.
3550 4475 3655 4530 So-

1998 4566 2290 4645 Dpingius
2346 4572 2633 4644 legendum
2687 4582 2842 4644 putat
2873 4572 3183 4643 ὐνήσιμος,
3234 4577 3289 4624 et
3353 4568 3654 4639 Epistolam

2074 4666 2207 4721 citat
2231 4664 2289 4720 S.
2314 4663 2471 4720 Pauli
2495 4665 2560 4720 ad
2591 4663 2961 4719 Timotheum.
2994 4661 3099 4717 Sed
3123 4664 3228 4717 hoc
3260 4663 3424 4717 modo
3444 4670 3655 4716 veteres

2073 4757 2407 4829 intelligendi
2464 4772 2573 4811 non
2626 4764 2777 4811 sunt.
2833 4753 2970 4820 Quis
3012 4752 3158 4807 enim
3210 4768 3319 4807 non
3369 4752 3515 4806 videt
3557 4768 3655 4821 pro

2084 4849 2208 4922 Ὀνή
2219 4866 2376 4920 μονος
2403 4847 2692 4919 legendum
2720 4861 2863 4909 esse,
2906 4844 3029 4916 Ὀνή
3039 4861 3218 4915 μενος,
3239 4843 3433 4914 Odyss.
3452 4843 3517 4913 Β,
3540 4844 3609 4899 55
3634 4862 3650 4900 :

2261 4983 2516 5049 Ἐσθλός
2537 4999 2640 5052 μοι
2660 4979 2827 5036 δοκεῖ
2845 4980 3047 5050 ἔμμεν*
3079 4978 3372 5049 ὀνήμενος
3386 5018 3403 5044 ,

2070 5141 2195 5182 cum
2226 5122 2517 5193 explicatio
2546 5118 2825 5191 Hesychii,
2858 5117 3043 5190 ὄνησιν
3072 5116 3268 5171 ἑαυτοῦ
3300 5115 3473 5183 λάϐοι,
3503 5115 3647 5185 apud

2069 5229 2306 5274 veterem
2343 5215 2686 5271 Scholiasten
2720 5227 2784 5267 eo
2823 5213 2943 5266 loco
2971 5210 3188 5264 exstet?
3214 5209 3293 5263 Ad
3324 5208 3648 5263 Onesimum

2069 5320 2239 5375 certe,
2275 5318 2370 5364 aut
2413 5307 2480 5361 ad
2531 5304 2588 5359 8.
2624 5302 2779 5359 Pauli
2834 5303 3015 5357 locum
3070 5317 3177 5355 non
3222 5316 3435 5371 semper
3477 5301 3650 5371 respi-

2069 5402 2326 5458 ciendum
2371 5397 2588 5469 quoties
2618 5396 2684 5451 de
2719 5410 2783 5450 ea
2826 5407 2961 5447 voce
2991 5392 3193 5461 agitur.
3231 5389 3330 5444 Diu
3377 5399 3503 5445 ante
3532 5389 3648 5446 Ett-

2068 5494 2272 5566 ripides
2317 5491 2371 5546 in
2406 5490 2589 5545 Oreste
2625 5504 2643 5542 :

2248 5633 2456 5685 Ὀναιο
2483 5628 2579 5683 καὶ
2608 5627 2713 5692 σὺ,
2743 5626 2840 5680 καὶ
2877 5626 2910 5680 ὀ
2942 5623 3145 5691 διδοὺς
3177 5620 3312 5693 ἐγώ.

2074 5767 2227 5824 Unde
2269 5763 2444 5821 Aulus
2485 5761 2690 5817 Cellius
2743 5760 2839 5815 lib.
2893 5774 3005 5823 xtv,
3055 5774 3174 5828 cap.
3213 5757 3246 5811 6
3281 5775 3295 5811 :
3328 5756 3514 5809 Ὀναιο
3558 5754 3645 5821 σὺ,

2071 5851 2656 5927 inquam,doctissiu.e
2696 5851 2963 5917 virorum,
3006 5848 3208 5919 ταύτης
3258 5847 3355 5919 τῆς
3400 5844 3643 5911 πολυμα-
