4138 6390
494 315 601 369 455

1488 326 1547 381 8.
1584 326 1929 384 IGNATIUS.
1968 357 2041 369 —
2084 326 2623 384 PROLEGOMENA.

3659 337 3764 396 658

499 443 673 507 θείας,
703 460 812 500 non
855 442 1006 500 ὅναιό
1051 462 1168 512 σου,
1205 456 1265 503 ut
1300 461 1450 502 nunc
1491 448 1632 504 male
1659 448 1942 505 scribitur.
1974 446 2071 503 Eu-

2188 445 2441 519 ὀναίμην,
2469 448 2618 518 quod
2667 448 2737 503 ab
2775 462 2843 504 eo
2887 448 3121 507 Dallzeus
3168 450 3309 508 mira
3338 451 3558 510 licentia
3587 472 3606 506 ι
3638 472 3766 512 sex-

503 536 709 607 ripides
738 539 790 591 in
824 536 1114 608 Hippolyto
1142 553 1161 592 :

776 674 1088 737 Ὀνασθαι,
1120 674 1205 745 μὴ
1238 674 1453 746 μαθεῖν
1473 674 1726 739 βούλου.

501 810 543 866 ll
560 812 656 867 :xde
686 811 1022 884 Hesychius:

864 951 1177 1013 Ὀνασθαι,
1210 950 1367 1019 regal
1376 949 1575 1019 ἧσθαι.

499 1079 696 1135 Suinlas
722 1080 783 1135 ν.
827 1082 1105 1153 Ὀναίμην,
1138 1084 1270 1137 citat
1300 1084 1446 1137 hunc
1476 1083 1837 1138 versiculum:

495 1216 697 1283 Καὺτὴ
728 1217 836 1284 γὰρ
1033 1218 1220 1283 οὕτως
1245 1218 1501 1287 ὀναίμην
1539 1218 1657 1271 τῶν
1691 1219 1934 1271 τέκνων.

499 1346 606 1401 Sed
637 1348 778 1417 apud
813 1348 1259 1418 Aristophanem,
1293 1349 1435 1403 unde
1474 1350 1838 1420 transcripsit,
1884 1351 2081 1423 legitur

496 1438 738 1510 ὀνοίμην,
772 1438 1331 1509 Thesmophoriazusis
1362 1456 1382 1493 :

499 1577 701 1649 Κίιὺζὴ
744 1580 869 1649 γὰρ
902 1579 1091 1649 ἔγωγ’,
1126 1579 1315 1649 οὕτως
1350 1580 1620 1649 ’όνοΙμην
1661 1582 1780 1635 τῶν
1812 1583 2040 1637 τέκνων
2061 1624 2076 1648 ,

496 1646 665 1701 Μισῶ
698 1646 805 1701 τὸν
833 1648 999 1716 ἄνδρ’
1028 1648 1282 1713 ἐκεῖνον,
1314 1652 1366 1703 el
1390 1649 1475 1718 μὴ
1495 1646 1815 1721 Ῐμαίνομαι.

676 1782 799 1856 Ipso
829 1784 965 1856 enim
989 1800 1103 1856 ego,
1139 1785 1220 1837 ita
1254 1784 1408 1853 fruar
1447 1785 1628 1842 liberis
1664 1790 1823 1856 meis,

676 1850 779 1907 Odi
815 1850 984 1907 viritm
1017 1850 1193 1917 illum,
1222 1850 1327 1908 nisi
1362 1856 1594 1911 insanio.

568 1985 721 2041 Unde
777 1988 1002 2058 intelligi
1043 1998 1226 2059 potest
1284 1988 1538 2061 Hesychii
1586 1992 1767 2046 locum
1822 1992 2075 2048 mutilum

492 2092 635 2141 esse,
690 2078 779 2131 ubi
837 2079 999 2134 habet
1049 2082 1280 2148 'Uvono,
1320 2083 1543 2153 ὁμοίως.
1575 2082 1734 2139 Deest
1779 2084 1925 2139 enim
1970 2099 2076 2138 vox

490 2170 712 2242 ὀνοίμην
745 2187 869 2224 cum
902 2172 1265 2241 explicatione
1300 2190 1419 2228 sua.

564 2260 658 2315 Sic
696 2261 961 2317 Admetus
1015 2261 1159 2332 apud
1212 2262 1525 2334 Euripidem
1572 2264 1874 2335 alloquitur
1916 2266 2076 2322 Alce-

563 2481 843 2558 'A.}tc_6e
874 2483 1136 2558 avertatur-
1173 2483 1348 2558 τῶζᾶ
1374 2486 1605 2558 Δὄνησιν·
1632 2488 1885 2558 εὔχομαι

634 2552 800 2617 Θεοῖς
831 2551 1139 2622 γενέσθαι·
1176 2554 1292 2609 σοῦ
1323 2555 1433 2625 γὰρ
1474 2551 1585 2611 οὐκ
1619 2551 1913 2625 ὼνόξιὶεθα.

497 2704 645 2782 Salis
678 2707 963 2782 liberarunt
988 2726 1006 2773 ;
1034 2710 1222 2762 horum
1256 2711 1560 2779 fruitionem
1585 2730 1769 2782 precor

489 2775 629 2829 Deos
660 2780 793 2832 mihi
818 2780 1152 2850 contingere;
1182 2790 1230 2834 te
1256 2775 1397 2834 enim
1424 2798 1527 2835 non
1546 2775 1787 2853 amplius
1818 2786 2073 2855 fruimur.

496 2926 660 2984 Vetus
707 2945 841 2986 sane
886 2940 941 2986 et
968 2933 1132 3004 vulgo
1164 2937 1291 2991 trita
1322 2936 1582 3007 loquendi
1622 2936 2073 3007 formula,ob-rw.;

488 3019 721 3091 ὀναίμην
766 3023 931 3086 τινός.
986 3023 1252 3095 Synesius
1305 3031 1763 3086 accuratissimus
1823 3042 2070 3088 veterum

2184 539 2388 594 centies
2426 548 2748 610 usurpatum
2786 561 2805 593 ι
2844 541 3004 597 dixit.

2252 627 2441 699 Neque
2499 646 2631 686 vero
2696 647 2928 689 censura
2985 635 3231 691 Arruntii
3292 637 3438 706 apud
3498 636 3761 693 Senecam

2185 722 2481 792 quidquam
2534 723 2784 794 dignitati
2826 728 3113 797 scriptoris
3140 731 3312 785 nostri
3340 731 3584 801 derOgat.
3631 731 3760 785 lmi-

2186 821 2331 867 tatus
2366 814 2456 868 ille
2492 813 2812 870 Sallustium
2846 828 2950 883 est,
2979 828 3032 872 et
3074 820 3235 875 male.
3270 818 3374 875 Sed
3407 823 3604 891 primo,
3623 824 3762 878 male

2183 915 2312 960 ante
2333 921 2459 960 eum
2484 907 2779 977 scripserat
2804 907 3098 966 Sallustius
3119 926 3187 966 ex
3217 913 3489 967 sententia
3518 914 3758 982 Seneca),

2184 998 2417 1069 ideoque
2457 1014 2564 1053 non
2608 1000 2747 1055 bene
2784 1000 2915 1056 fecit
2954 1003 3269 1068 Arruntius,
3305 1005 3399 1075 qui
3440 1006 3531 1060 illa
3569 1022 3693 1076 qua:
3727 1024 3759 1065 a

2185 1089 2445 1146 Sallustio
2478 1091 2620 1145 male
2643 1092 2787 1147 dicta
2816 1102 2945 1148 sunt
2969 1094 3108 1149 adeo
3134 1096 3378 1151 studiose
3400 1107 3621 1154 secutus
3648 1108 3755 1155 est.

2181 1182 2359 1239 Verba
2387 1193 2524 1239 sunt
2556 1183 2779 1240 Seneca:
2807 1204 2821 1241 :
2857 1205 2875 1237 ι
2906 1185 3073 1244 Vides
3104 1197 3283 1243 autem
3314 1190 3446 1259 quid
3473 1199 3757 1261 sequatur,

2184 1276 2273 1330 ubi
2321 1276 2487 1330 alicui
2530 1277 2724 1330 vitium
2771 1294 2872 1348 pro
2902 1281 3151 1349 exemplo
3180 1290 3284 1335 est.
3326 1301 3344 1333 ι
3376 1279 3452 1335 lta
3477 1281 3756 1339 Helladius

2188 1370 2335 1439 apud
2412 1368 2668 1423 Photium
2748 1378 2905 1425 notat
2983 1369 3351 1440 Euphorionis
3420 1373 3756 1446 κακοζήλους

2182 1460 2377 1527 λέξεις,
2406 1476 2515 1515 non
2542 1462 2761 1531 quidem
2790 1479 2811 1514 ι
2846 1477 2955 1517 non
2983 1464 3297 1530 imitandas,
3326 1484 3347 1519 ι
3378 1474 3436 1520 ut
3464 1470 3756 1536 interpres.

2181 1556 2276 1605 sed
2305 1570 2324 1601 ι
2354 1568 2422 1606 ex
2472 1552 2615 1605 mala
2645 1551 2992 1607 affectatione
3032 1571 3050 1604 ι
3086 1553 3390 1623 profectas;
3423 1572 3549 1611 nam
3594 1575 3758 1629 παρε-

2181 1639 2393 1713 ζήλωσε
2425 1641 2515 1695 τὸν
2553 1640 2769 1711 πρῶτον
2802 1642 3075 1696 Διονύσιον
3093 1644 3183 1698 τὸν
3205 1645 3455 1711 Σικελίας
3474 1648 3753 1720 τύραννον,

2189 1754 2207 1787 ι
2244 1735 2565 1806 Dionysium
2612 1735 2852 1803 primum
2908 1734 3107 1790 Siciliae
3161 1746 3453 1807 tyrannum
3512 1739 3757 1797 imitatus

2107 1804 2154 1863 Β
2181 1837 2284 1895 est,
2324 1848 2343 1880 ι
2380 1804 2474 1899 qui
2505 1827 2673 1881 multa
2710 1827 2972 1881 vocabula
3009 1804 3408 1894 καταγέλαστα,
3432 1830 3591 1899 plane
3621 1832 3758 1887 ridi-

2182 1922 2304 1976 cula
2335 1918 2683 1990 excogitavit.
2708 1917 2780 1973 At
2804 1919 3008 1989 Optime
3037 1918 3095 1974 S.
3133 1920 3335 1977 Paulus
3359 1938 3492 1978 voce
3526 1924 3757 1996 ὀναίμην

2182 2012 2459 2077 utebatur,
2488 2012 2691 2081 optime
2740 2011 3018 2081 vulgatum
3069 2021 3124 2066 et
3174 2012 3381 2068 Graecis
3427 2012 3753 2071 familiarem

2180 2117 2492 2159 sermonem
2518 2100 2767 2171 religioni
2784 2100 3111 2157 Christiana:
3133 2105 3536 2173 attemperavit,
3554 2106 3756 2176 optime

2179 2197 2422 2251 ostendit
2470 2197 2749 2267 quomodo
2807 2196 2915 2251 illis
2969 2197 3064 2266 qui
3124 2197 3285 2252 nobis
3325 2197 3562 2253 maxime
3602 2199 3755 2254 chari

2178 2297 2327 2352 sunt,
2372 2288 2478 2343 frui
2505 2298 2771 2359 oporteat,
2807 2305 3001 2360 nempe
3033 2292 3087 2344 in
3114 2287 3367 2355 Domino,
3394 2293 3478 2343 vel
3510 2301 3570 2345 ut
3596 2290 3757 2360 lgna-

2177 2383 2288 2438 tius
2324 2391 2530 2446 noster,
2563 2400 2584 2434 ι
2617 2382 2672 2436 in
2708 2382 2842 2438 Deo.
2882 2402 2901 2434 ι
2936 2381 3122 2454 Neque
3154 2381 3320 2453 igitur
3341 2383 3430 2439 hic
3458 2380 3516 2436 8.
3551 2381 3756 2438 Paulus

2176 2489 2278 2545 pro
2310 2474 2590 2542 Sallustio,
2626 2491 2727 2531 nec
2753 2476 3105 2545 epistolarum
3137 2476 3372 2546 scriptor
3403 2491 3504 2546 pro
3539 2476 3754 2531 Arrun-

2176 2567 2255 2620 tio
2276 2566 2466 2621 haberi
2495 2567 2701 2623 debuit.
2723 2567 2998 2633 Secundo,
3022 2568 3069 2623 si
3098 2570 3331 2637 scriptor
3361 2570 3503 2623 male
3525 2568 3584 2624 S.
3611 2568 3755 2624 Pau-

2175 2658 2291 2712 lum
2326 2658 2570 2716 imitatus
2595 2658 2810 2725 fuisset,
2839 2660 2993 2715 nullo
3024 2661 3185 2715 modo
3216 2661 3463 2731 sequitur
3491 2676 3616 2716 eum
3645 2676 3753 2715 non

2177 2748 2348 2805 fuisse
2381 2751 2559 2805 virum
2591 2762 2647 2806 et
2676 2753 2849 2821 pium,
2882 2762 2938 2807 et
2963 2766 3204 2823 gravem,
3234 2761 3289 2807 et
3317 2752 3543 2807 omnino
3590 2752 3750 2807 talem

2175 2844 2392 2913 qualem
2428 2843 2486 2899 S.
2510 2842 2777 2914 lgnatium
2807 2844 2980 2900 fuisse
3002 2860 3196 2899 omnes
3220 2846 3469 2901 credunt.
3494 2844 3586 2903 Sic
3603 2845 3750 2901 enim

2186 2934 2395 2990 Seneca
2441 2935 2509 2991 de
2549 2952 2653 2991 suo
2695 2936 2960 2991 Arruntio
2995 2954 3009 2991 :
3053 2954 3075 2989 ι
3108 2934 3236 2995 Haec
3284 2938 3453 3009 igitur
3475 2949 3529 2995 et
3552 2940 3750 3011 hujus-

2178 3025 2325 3079 modi
2353 3026 2506 3091 vitia,
2542 3042 2665 3095 quae
2695 3025 2861 3080 alicui
2891 3025 3171 3095 impressit
3203 3026 3458 3089 imitatio,
3486 3044 3595 3084 non
3622 3036 3752 3084 sunt

489 3112 800 3168 Atticorum
835 3114 1079 3171 imitator
1116 3119 1279 3187 epist.
1308 3120 1378 3174 44
1412 3138 1426 3175 :
1458 3120 1615 3175 Οὕτω
1638 3122 1737 3193 τῆς
1761 3124 1912 3197 ἱερᾶς
1936 3121 2071 3193 φιλο-

2179 3114 2378 3170 indicia
2420 3115 2670 3179 luxuriae,
2704 3132 2805 3172 nec
2849 3116 3020 3171 animi
3053 3116 3313 3186 corrupti.
3346 3114 3572 3187 Propria
3600 3119 3749 3173 enim

490 3204 682 3273 σοφίας
706 3206 960 3278 ὀναίμην,
993 3208 1085 3261 καὶ
1111 3210 1339 3280 προσέτι
1364 3210 1472 3265 τῶν
1509 3211 1734 3268 παιδίων
1769 3214 1875 3266 τῶν
1903 3214 2073 3283 ἐμαυ-

488 3295 604 3361 τοῦ,
632 3297 707 3360 ὡς
752 3298 851 3351 οὐκ
878 3298 943 3352 ἂν
986 3299 1061 3372 μὴ
1103 3300 1342 3373 φιλτάτῳ
1364 3302 1446 3356 σοὶ
1475 3304 1793 3375 τυγχάνοντι
1819 3305 2075 3359 συνεϐού-

486 3389 655 3443 λευσά
691 3410 743 3445 τι
785 3391 1045 3459 τοιοῦτον,
1075 3395 1170 3463 ὅγε
1198 3396 1512 3468 ἀπεύχομαι
1554 3400 1666 3461 τοῖς
1713 3398 1927 3469 ἐχθροῖς
1964 3402 2075 3463 τοῖς

488 3484 665 3553 ἐμοῖς.
718 3503 738 3536 ι
796 3486 874 3540 Ita
924 3501 1079 3542 sacra
1140 3488 1520 3559 philosophia,
1584 3489 1882 3561 liberisque
1934 3492 2075 3547 meis

488 3576 717 3647 insuper
760 3576 937 3646 fruar,
972 3590 1033 3634 ut
1071 3580 1170 3635 tibi
1216 3596 1349 3644 non,
1384 3581 1491 3638 nisi
1526 3582 1902 3639 amicissimus
1929 3584 2067 3638 mihi

482 3684 661 3736 esses,
692 3671 901 3741 aliquid
958 3673 1230 3743 ejusmodi
1276 3672 1479 3730 fuerim
1530 3676 2074 3745 consulturus,un

486 3760 731 3816 inimicis
787 3762 927 3818 meis
996 3763 1281 3833 deprecor.
1337 3782 1357 3817 ι
1420 3763 1497 3819 De
1549 3765 1737 3821 liberis
1801 3767 2074 3837 przecipue

486 3852 765 3921 rebusque
816 3855 1163 3910 charissimis
1210 3864 1308 3909 aut
1354 3856 1605 3925 personis
1636 3858 1779 3913 hanc
1815 3858 2071 3928 loquendi

489 3941 783 3998 formulam
832 3948 1175 4015 usurpabant
1212 3960 1425 4002 veteres
1453 3947 1650 4015 (ἓνκαὶ,
1677 3957 1738 4004 ut
1767 3958 1985 4006 constat
2004 3964 2071 4005 ex

489 4030 768 4102 Euripide,
786 4035 1173 4104 Aristophane,
1196 4037 1454 4109 Synesio,
1474 4053 1688 4093 necnon
1717 4054 1784 4094 ex
1804 4038 2069 4108 Luciano,

485 4125 582 4193 qui
620 4125 674 4179 in
718 4128 1074 4196 Φιλοψευδεῖ
1102 4131 1219 4186 haec
1251 4131 1443 4186 habet:
1471 4131 1579 4185 Kal.
1603 4133 1631 4185 ὀ
1650 4132 1938 4203 Εὐκράτης
1964 4131 2070 4185 ὥσ-

490 4233 596 4287 περ
627 4216 995 4290 ἀναμνησθεὶς
1046 4221 1184 4294 πρὸς
1230 4222 1325 4294 τὴν
1371 4222 1493 4293 ὄψιν
1519 4222 1627 4275 τῶν
1666 4222 1851 4286 υἱέων,
1882 4222 2071 4286 Οὕτως

486 4305 739 4377 ὀναίμην,
769 4308 893 4381 ἔφη,
916 4311 1140 4377 τούτων,
1168 4312 1440 4367 ἐπιϐαλὼν
1469 4313 1651 4377 αὐτοῖς
1672 4313 1769 4385 τὴν
1795 4318 1969 4389 χεῖρα,
1992 4315 2069 4378 ὡς

488 4398 684 4471 ἀληθῆ,
736 4393 781 4452 ὦ
824 4402 1082 4475 Τυχιάδη,
1137 4403 1274 4476 πρὸς
1332 4403 1395 4457 at
1446 4403 1576 4476 ἐρῶ.
1612 4424 1631 4457 ι
1674 4404 1741 4458 Ει
1780 4405 2063 4474 Eucrates,

487 4493 649 4563 quasi
711 4508 780 4547 ex
834 4504 1135 4565 conspectu
1189 4496 1425 4551 filiorum
1481 4497 1598 4551 haec
1644 4496 1700 4551 in
1746 4498 2065 4552 memoriam
2096 4525 2143 4582 Β

489 4591 799 4639 revocasset
832 4603 846 4640 :
880 4584 958 4641 lta
989 4586 1161 4654 fruar,
1187 4586 1487 4657 inquiebat,
1510 4585 1684 4653 hisce,
1707 4586 1814 4642 illis
1843 4602 2090 4643 manum'

499 4671 781 4743 injiciens,
824 4683 883 4729 ut
915 4689 1045 4730 vera
1072 4675 1192 4742 tibi,
1238 4690 1271 4728 ο
1318 4672 1620 4746 Tychiada,
1650 4674 1863 4745 loquor.
1902 4695 1921 4728 ι
1956 4675 2068 4733 Re-

486 4765 802 4833 ceptissima
841 4766 947 4821 hac
975 4765 1237 4834 loquendi
1269 4764 1504 4821 formula
1529 4781 1665 4822 usus
1686 4775 1770 4822 est
1792 4766 1849 4821 S.
1864 4766 2067 4824 Paulus

488 4857 557 4911 ad
592 4855 988 4923 Philemonem,
1017 4874 1249 4929 eamque
1303 4859 1464 4928 quasi
1508 4858 1923 4915 Christianitate
1963 4861 2065 4915 do-

488 4947 671 5001 navit:
702 4947 843 5016 Ἐγώ
871 4965 965 5002 σου
1009 4948 1245 5021 ὀναίμην
1282 4951 1341 5003 ἐν
1379 4950 1590 5021 Κυρίῳ.
1627 4969 1649 5002 ι
1687 4949 1801 5021 Ego
1826 4960 1879 5006 te
1912 4950 2067 5007 fruar

488 5035 543 5089 in
583 5033 835 5091 Domino.
874 5056 894 5089 ι
925 5036 985 5092 In
1015 5054 1123 5108 qua
1152 5040 1432 5096 locutione
1461 5060 1480 5092 ‹
1514 5041 1663 5096 aliud
1697 5043 1873 5097 multo
1907 5042 2067 5098 intel-

488 5126 674 5193 ligitur
716 5143 882 5198 quam
925 5139 1167 5199 putatur,
1206 5150 1225 5184 ι
1267 5141 1325 5187 ut
1376 5132 1633 5187 observat
1673 5131 2061 5205 Hieronymus.

490 5218 565 5272 Ea
596 5219 761 5288 igitur
797 5237 930 5276 usus
961 5233 1045 5278 est
1073 5222 1314 5294 lgnatius
1340 5234 1401 5279 ut
1442 5224 1578 5280 satis
1600 5223 1880 5291 familiari,
1904 5236 2066 5296 atque

490 5310 714 5380 insuper
734 5327 765 5365 a
795 5312 853 5367 S.
882 5312 1053 5368 Paulo
1076 5326 1358 5386 usurpata.
1388 5315 1494 5371 Sed
1520 5330 1692 5385 quare
1722 5317 1882 5370 toties
1904 5332 2065 5371 usur-

488 5401 655 5470 pavit,
686 5417 810 5460 cum
844 5402 903 5459 S.
940 5402 1143 5461 Paulus
1175 5406 1344 5463 semel
1388 5406 1644 5460 tantum?
1680 5402 1861 5460 Semel
1895 5406 2065 5459 utitur

490 5490 633 5546 idem
656 5495 936 5563 apostolus
965 5512 1096 5553 voce
1124 5496 1476 5567 ἀγαθοποιία,
1504 5496 1759 5551 Clemens
1780 5494 2063 5551 Romanus

489 5582 544 5637 iu
597 5600 706 5640 una
758 5588 985 5657 epistola
1035 5598 1266 5660 quater;
1302 5589 1473 5646 semel
1527 5586 1587 5643 S.
1628 5586 1828 5642 Petrus
1870 5603 2061 5643 vocem

491 5678 941 5754 μιταλοπρεπής,
985 5684 1041 5737 in
1081 5684 1271 5738 eadem
1314 5682 1543 5752 epistola
1579 5679 1837 5735 Clemens
1884 5681 2063 5737 sexies

491 5775 799 5842 usurpavit;
835 5775 997 5830 toties
1064 5776 1291 5840 scilicet,
1335 5782 1551 5846 quottes
1582 5772 1826 5841 Ignatius
1868 5782 2055 5829 noster

2178 3222 2300 3263 esse
2328 3208 2527 3264 debent
2553 3218 2606 3263 et
2640 3225 2709 3264 ex
2746 3210 2864 3280 ipso
2902 3216 3053 3276 nata,
3091 3224 3157 3264 ex
3194 3208 3395 3279 quibus
3429 3218 3487 3264 tu
3514 3211 3750 3268 azstimes

2177 3298 2409 3369 alicujus
2465 3297 2710 3353 affectus.
2777 3317 2797 3350 ι
2853 3297 3013 3353 Cavit
3061 3298 3205 3352 enim
3246 3297 3475 3353 sollicite
3517 3313 3587 3353 ne
3628 3299 3749 3369 quis

2177 3394 2319 3449 male
2346 3395 2413 3449 de
2442 3393 2740 3447 virtutibus
2769 3398 2864 3446 aut
2894 3391 3142 3446 moribus
3174 3390 3419 3445 Arruntii
3447 3390 3749 3461 judicaret;

2175 3501 2339 3557 quem
2399 3485 2517 3555 ipse
2569 3483 2801 3554 appellat
2845 3482 3020 3537 virum
3078 3499 3216 3538 rara:
3263 3482 3615 3554 frugalitatis,
3656 3484 3751 3554 qui

2176 3594 2341 3634 verus
2368 3586 2561 3632 auctor
2588 3575 2849 3632 Historia:
2892 3577 2954 3629 de
2985 3575 3117 3629 bello
3149 3574 3354 3629 Punico
3393 3574 3519 3643 fuit,
3548 3593 3614 3631 ex
3642 3592 3750 3647 qua

2177 3686 2237 3726 se
2292 3668 2591 3740 profecisse
2645 3667 2845 3723 fatetur
2899 3666 3129 3733 Plinius,
3164 3683 3327 3737 quem
3381 3677 3442 3722 ut
3484 3668 3751 3737 optimum

2174 3771 2451 3819 oratorem
2514 3760 2643 3818 Piso
2692 3761 2745 3815 in
2801 3761 3042 3830 periculo
3092 3761 3269 3830 petiit,
3310 3776 3473 3830 quem
3525 3759 3751 3816 Tacitus

2172 3862 2303 3908 ante
2355 3852 2605 3908 Asinium
2664 3851 2901 3919 Gallum,
2933 3861 2989 3906 et
3045 3850 3361 3905 Marcellum
3418 3853 3749 3907 Aserninum

2175 3944 2499 4011 nominavit,
2532 3958 2695 4013 quem
2727 3944 3005 4013 Augustus
3036 3942 3103 3997 de
3140 3958 3460 3998 successore
3486 3942 3751 3999 sollicitus

2175 4052 2284 4091 non
2327 4036 2609 4107 indignum
2640 4035 2870 4105 imperio
2896 4033 3194 4103 judicavit;
3228 4034 3323 4104 qui
3348 4035 3432 4087 vir
3466 4035 3589 4089 talis
3611 4036 3752 4090 inter

2174 4126 2477 4191 Romanos,
2518 4130 2639 4196 gnon
2690 4125 2868 4196 qualis
2940 4127 3207 4194 impostor
3260 4125 3598 4192 Dallazanus,
3653 4128 3748 4182 sed

2172 4219 2354 4289 potius
2377 4218 2557 4288 qualis
2583 4228 2806 4274 sanctus
2834 4217 3073 4287 lgnatius
3098 4218 3242 4287 apud
3266 4228 3505 4284 nostros,
3527 4207 3748 4275 habitus

2172 4318 2272 4364 est.
2305 4307 2511 4373 Tertio,
2548 4309 2642 4377 qui
2690 4308 2764 4362 ita
2810 4310 2891 4363 vel
2927 4308 3370 4373 Sallustium,vel
3420 4310 3745 4364 Arruntium

2172 4413 2359 4473 postea
2386 4403 2629 4458 imitatus
2667 4403 2758 4469 sit,
2789 4404 3060 4456 neminem
3102 4403 3353 4457 novimus
3381 4420 3394 4455 :
3423 4402 3746 4471 scriptorem

2174 4502 2355 4548 autem
2405 4501 2654 4547 nostrum
2713 4502 2975 4563 tanquam
3026 4493 3292 4562 optimum
3333 4492 3495 4546 etiam
3539 4492 3593 4544 in
3644 4492 3749 4547 hac

2153 4586 2289 4655 .ipsa
2341 4599 2403 4639 re
2454 4584 2649 4637 imitati
2687 4592 2817 4638 sunt
2846 4583 2947 4638 viri
2990 4584 3238 4638 maximi.
3267 4583 3595 4650 Alexander,
3625 4584 3746 4653 epi-

2171 4690 2370 4742 scopus
2389 4672 2811 4739 Alexandrinus,
2854 4673 3084 4741 epistola
3110 4673 3177 4727 ad
3201 4673 3570 4727 Alexandrum
3600 4674 3748 4729 Cou-

2169 4766 2713 4835 stantinOpolitanum
2747 4784 2761 4820 :
2795 4765 3057 4838 Ὀναίμην
3091 4765 3245 4837 ὑμῶν
3273 4766 3371 4836 τῆς
3402 4764 3746 4837 φιλοχρίστου

2168 4858 2365 4928 ψυχῆς.
2410 4856 2468 4912 8.
2519 4857 2944 4929 Chrysostomus
3004 4860 3057 4912 in
3112 4857 3370 4915 Oratione
3421 4863 3746 4931 panegyrica

2168 4950 2285 5005 haec
2313 4949 2507 5019 lgnatii
2552 4950 2718 5004 verba
2749 4950 2987 5005 maxime
3035 4960 3294 5019 tanquam
3326 4953 3591 5022 praeclara
3624 4954 3746 5009 lau-

2166 5045 2289 5099 dat:
2335 5042 2474 5112 Ἐγὼ
2494 5044 2601 5096 τῶν
2633 5043 2837 5116 θηρίων
2861 5043 3082 5097 ἐκείνων
3113 5044 3366 5115 ὀναίμην,
3394 5053 3449 5098 et
3480 5062 3604 5101 cum
3630 5046 3747 5117 ipse

2169 5134 2393 5189 minime
2447 5133 2609 5189 fuerit
2660 5132 2981 5203 κακόζηλος,
3016 5148 3078 5188 ea
3136 5133 3338 5187 imitari
3378 5147 3610 5190 conatus
3638 5145 3743 5200 est,

2166 5224 2347 5279 verbis
2380 5240 2501 5294 qua!
2554 5225 2716 5295 paulo
2771 5233 2897 5277 ante
2940 5224 3290 5294 protulimus,
3333 5222 3475 5290 Ἐγὼ
3507 5225 3613 5277 τῶν
3635 5225 3747 5280 δεαε

2166 5316 2285 5389 μῶν
2312 5317 2543 5389 ὀναίμην
2584 5316 2824 5370 ἐκείνων.

2237 5404 2309 5460 Ut
2346 5407 2492 5461 aliud
2536 5404 2861 5479 κακοζηλίας
2902 5406 3213 5475 exemplum
3246 5405 3533 5471 extundat,
3573 5407 3742 5462 multa

2165 5500 2620 5554 comminiscitur.
2689 5516 2709 5549 ι
2745 5496 2967 5551 Dixerat
3036 5498 3334 5567 Apostolus
3388 5497 3735 5551 Timotheum

2165 5608 2326 5648 suum
2378 5608 2436 5648 se
2488 5592 2689 5647 habere
2744 5590 2995 5661 ίσόψυχον
3057 5591 3396 5646 unanimem.
3421 5590 3461 5660 [ι
3507 5589 3586 5646 Ne
3635 5591 3740 5645 hoc

2164 5685 2383 5754 quidem
2426 5699 2611 5739 verum
2642 5691 2743 5739 est.
2775 5682 3000 5748 Οὐδένα,
3035 5682 3211 5753 inquit
3253 5682 3311 5737 S.
3362 5681 3589 5745 Paulus,
3633 5681 3742 5751 ἔχω

2170 5773 2441 5844 ισόψυχον.
2489 5775 2569 5827 An
2622 5783 2801 5828 autem
2836 5774 2930 5843 qui
2980 5774 3253 5829 neminem
3305 5788 3364 5830 se
3413 5772 3612 5829 habere
3640 5771 3742 5826 ίσὸ
