4138 6398
320 360 424 414 457
1155 342 1519 404 PEARSONII
1554 337 1879 398 VlNDlClrE
1917 334 2335 394 IGNATIANZE.
2372 364 2439 373 —-
2472 332 2652 388 PARS
2690 333 2755 388 il.
3481 333 3580 387 438

317 477 491 546 ψυχον
523 473 681 536 dixit.
710 473 913 528 habere
942 484 1001 525 se
1026 467 1374 523 Timotheum
1406 463 1663 532 ίσόψυχον
1691 458 1896 515 dixisse
1928 465 1951 520 Α

1949 465 1972 520 λ
2002 456 2077 520 ὡς
2097 456 2125 507 ὁ
2142 454 2342 525 Κύριος
2367 454 2456 506 τὸν
2478 453 2619 523 ὑπὲρ
2633 451 2790 522 ἡμῶν
2811 469 2822 480 ·
2852 451 2990 522 ὑπὲρ
3009 452 3100 504 σοῦ
3128 450 3222 522 τὴν
3245 449 3420 522 ψυχὴν
3441 450 3583 506 ἀντι-

321 543 601 636 putandus
640 564 762 618 est?
803 561 908 616 Sed
949 560 1064 616 sive
1100 557 1351 612 habuerit
1391 553 1448 608 S.
1488 551 1692 606 Paulus
1724 548 1907 616 ίσόψυ-

2009 546 2165 599 δώσω
2191 545 2284 616 τὴν
2311 546 2468 615 ἐμήν.
2509 562 2526 594 ι
2562 543 2735 597 Tuam
2766 553 2994 599 mortem
3019 543 3248 598 libenter
3276 545 3583 608 sustinebo,

320 675 436 730 χον,
455 657 572 712 sive
600 670 710 710 ηοη
742 653 1013 718 habuerit,
1038 651 1170 721 quid
1199 651 1302 703 hoc
1320 648 1386 702 ad
1410 644 1677 717 lgnatium
1700 641 1906 710 epislo-
2014 651 2074 694 ut
2104 639 2368 693 Dominus
2400 653 2497 708 pro
2530 636 2689 692 nobis
2721 645 2954 692 mortem
3000 637 3257 692 sustinuit
3284 656 3297 691 :
3342 639 3581 692 animam

323 725 528 802 iicum?
561 744 767 814 Nempe
788 744 899 808 ille,
929 738 1388 810 «compositionis
1412 734 1589 790 forma
1606 741 1819 800 captus,
1843 729 1910 784 ad
2014 743 2189 781 meam
2240 741 2339 796 pro
2389 736 2441 780 te
2488 725 2748 779 vicariam
2802 726 2963 780 dabo.
3014 744 3032 776 ›
3081 726 3236 781 Certe
3264 727 3586 784 ἀντιδιδόναι

323 839 468 894 idem
496 836 810 905 exemplum
841 833 1098 889 formavit
1127 829 1436 900 ἀντίψυχος,
1467 835 1522 881 et
1541 823 1849 892 ἀντίψυχον.
1885 840 1903 872 ι

2012 821 2108 893 τὴν
2152 821 2329 892 ψυχήν
2377 819 2519 874 idem
2566 828 2737 874 estac
2777 819 3064 890 ἀντίψυχον
3115 817 3270 875 εἶναι.
3298 821 3454 888 Quod
3505 833 3588 875 est

324 931 411 986 An
440 946 568 984 vero
595 929 684 982 ille
702 942 826 982 eam
850 941 1038 980 vocem
1064 921 1341 984 formavit,
1375 933 1496 989 qua:
1526 914 1909 984 antiquissima

2015 914 2264 985 Lycurgo
2305 913 2513 968 rhetori
2547 912 2680 965 ἰδίαν
2725 911 2899 991 ψυχὴν
2940 913 3060 966 ἀντὶ
3099 914 3282 984 κοινῆς
3317 914 3587 986 σωτηρίας

327 1026 464 1080 fuit?
494 1025 577 1078 An
609 1025 676 1079 ad
701 1023 844 1078 idem
872 1019 1181 1088 exemplum
1209 1016 1438 1070 formata
1472 1026 1598 1074 vox,
1622 1025 1743 1079 qua:
1770 1022 1909 1076 prte-

2015 1003 2626 1060 ἁντικαταλλάσσεσθαι.
2674 1003 2844 1069 Quale
2912 1005 3201 1075 ἁντίψυχον
3263 1006 3589 1061 describitur

328 1118 661 1188 positionem
725 1117 848 1170 loco
900 1111 1138 1166 nominis
1190 1105 1385 1162 habet?
1430 1105 1513 1157 An
1568 1101 1699 1155 illud
1744 1097 1913 1158 Pauli
2015 1095 2184 1149 fuisse
2209 1095 2462 1158 Alcestis,
2501 1109 2640 1147 uxor
2668 1093 2902 1160 Admeti,
2934 1095 3076 1164 apud
3115 1095 3444 1166 Euripidem,
3470 1110 3592 1164 quae

331 1184 587 1280 ἰσόψυχος
638 1206 959 1276 simpliciter
1006 1203 1294 1258 aemulatus
1326 1207 1408 1252 est
1431 1239 1444 1263 ,
1478 1210 1602 1249 cum
1637 1208 1744 1246 vox
1772 1189 1913 1245 ἀντί·
2013 1186 2115 1239 viri
2139 1186 2260 1240 loco
2287 1194 2516 1240 mortem
2542 1184 2727 1239 subiit.
2747 1185 2900 1252 Quod
2931 1187 3146 1242 duobus
3174 1188 3352 1243 modis
3375 1204 3404 1243 a
3431 1197 3588 1256 poeta

325 1277 774 1373 deice-alterius
826 1298 986 1367 plane
1043 1290 1460 1364 signiﬁcationis
1498 1287 1601 1342 sit?
1645 1283 1715 1340 Ut
1766 1285 1908 1339 idem
2015 1277 2355 1346 exprimitur.

330 1397 432 1450 has
481 1396 620 1448 duas
675 1407 839 1446 V0083
899 1387 1209 1459 εἰεηίῦοθτθ
1262 1381 1535 1446 οεῑθηάδῑν
1599 1377 1715 1432 Wh-
1766 1373 1926 1460 θρυάί
2088 1391 2222 1446 Nam
2251 1392 2430 1461 primo
2458 1393 2530 1446 ita
2557 1394 2785 1450 Alcestis
2815 1393 3013 1447 affatur
3041 1393 3370 1451 Admetum:

340 1486 400 1541 S.
445 1484 702 1548 Paulum,
745 1479 997 1550 ἰσόψυχον
1045 1492 1166 1532 esse
1215 1473 1550 1537 unanimem,
1580 1480 1633 1524 et
1658 1468 1914 1523 observat

1712 1475 1914 1572 ξξθηδι
2135 1503 2280 1572 Ἐγώ
2312 1519 2386 1556 σε
2420 1505 2857 1571 πρεσϐεύουσα,
2892 1506 3065 1559 aedi-tl
3099 1505 3207 1572 τῆς
3235 1506 3346 1572 ἐμῆ

341 1525 400 1541 υ.
445 1525 702 1548 ...........,
745 1525 824 1534 η-
875 1525 896 1532 -
942 1525 990 1532 --
1049 1525 1165 1532 η--
1538 1525 1550 1537 ,

329 1587 568 1631 veterem
615 1525 968 1642 interpretetur
1014 1569 1207 1640 lgnatii
1249 1567 1320 1622 ita
1350 1563 1575 1619 reddere
1597 1559 1909 1629 ἁντίψυχον.

2149 1525 2386 1584 mynias
2420 1525 2857 1571 πρεσοευουσα,
2892 1525 3061 1559 καφ-τι
3099 1525 3207 1573 της
3235 1525 3383 1575 eum;

1767 1575 1909 1629 υχον-
2127 1577 2340 1642 Ψυχης
2368 1573 2804 1640 καταστήσασα
2833 1575 2958 1644 θοῶς
2987 1575 3104 1628 τόδ’
3133 1575 3401 1644 εὶσορᾷν,

329 1667 638 1736 Utrumque
665 1664 891 1719 frustra.
911 1661 1097 1731 Neque
1123 1660 1267 1715 enim
1291 1657 1542 1727 ίσόψυχος
1568 1653 1710 1724 apud
1737 1653 1911 1718 illum,

757 1677 891 1719 stra.
911 1661 1097 1731 Neque
1123 1660 1267 1715 enim
1291 1657 1542 1727 ἰσόψυχος
1568 1653 1710 1724 apud
1737 1653 1911 1718 illum,
2124 1644 2391 1710 Θνήσκω.

332 1776 509 1830 neque
548 1758 846 1829 ἁντίψυχος
883 1757 1028 1827 apud
1079 1756 1225 1809 hunc
1279 1751 1590 1807 unanimem
1619 1748 1908 1818 signiticet.
1947 1823 1984 1830 _
2126 1754 2238 1830 ξςο
2270 1766 2317 1810 te
2347 1756 2541 1830 honore
2573 1757 2820 1825 afﬁciens,
2843 1767 2892 1811 et
2915 1757 3029 1811 loco
3055 1774 3180 1812 mea:

334 1823 502 1906 Vetus
550 1847 606 1902 S.
657 1823 814 1902 Pauli
850 1823 1152 1916 interpres,
1199 1863 1217 1893 ι
1257 1851 1364 1897 tam
1395 1841 1709 1894 unanimem
1738 1847 1917 1892 trans-
1947 1823 1968 1878 Ῑ

1436 1841 1709 1893 "animam
1738 1847 1917 1892 trans-
1947 1823 1990 1878 B
2133 1823 2268 1916 gito;
2299 1837 2346 1880 te
2375 1823 2756 1896 efﬁciensluce
2790 1829 2888 1882 hac
2918 1828 3061 1896 frui,

331 1944 474 2008 tulit,
516 1940 661 2012 quod
705 1941 852 1994 aliud
893 1895 1086 2002 est,ret
1111 1936 1250 1990 Beza
1289 1933 1459 1987 multo
1488 1932 1703 1994 melius,
1741 1949 1758 1981 ι
1797 1929 1916 1998 pari
2124 1895 2353 1950 Μονίθν·

328 2035 518 2088 animo
547 2033 824 2097 affectum,
866 2048 884 2081 ι
919 2031 1012 2100 qui
1048 2048 1066 2080 ι
1110 2034 1266 2096 putat
1295 2026 1433 2080 alios
1463 2039 1586 2079 cum
1629 2022 1917 2076 Timotheo

1629 2022 1917 2076 Τίηιοιιιεο
2086 2005 2221 2062 Dein
2251 2007 2516 2063 Admetus
2547 2009 2618 2063 ita
2645 2009 2884 2065 Alcestin
2917 2010 3247 2079 alloquitur:

329 2129 660 2198 comparari,
684 2146 702 2178 ι
734 2125 882 2196 quod
923 2122 1197 2176 immerito
1220 2119 1438 2189 sugillat
1467 2116 1743 2171 Heinsius.
1792 2115 1917 2170 Sive

1719 2134 1743 2169 ι.
1792 2115 1917 2170 Sive
2239 2119 2306 2198 6:
2327 2121 2657 2198 ἀκτιδοῦσα
2683 2121 2793 2189 τῆς
2824 2121 2971 2192 ἐμῆς
2996 2127 3067 2176 τὰ
3099 2126 3353 2192 φίλτατα

338 2190 485 2278 enim
526 2190 838 2282 Timotheo,
864 2217 978 2272 sive
1003 2215 1107 2270 sibi
1137 2213 1386 2283 ἰσόψυχον
1418 2211 1546 2265 velit
1589 2209 1646 2263 S.
1693 2209 1916 2275 Paulus,

1003 2215 1107 2270 sibi
1137 2213 1386 2283 ἰσόψυχον
1418 2211 1546 2265 velit
1589 2209 1646 2263 S.
1693 2209 1916 2275 Paulus,
2130 2190 2344 2259 Ψυχῆς
2379 2190 2635 2257 ἔσωσας·

331 2318 448 2371 sive
477 2314 701 2384 utrique
730 2313 814 2381 (ut
843 2309 1122 2380 accepisse
1155 2307 1374 2361 videtur
1398 2304 1652 2358 Clemens
1675 2302 1914 2355 Alexan-
2139 2321 2257 2358 vero
2287 2305 2424 2386 dans
2463 2321 2525 2360 ea
2557 2320 2679 2375 quae
2711 2306 2946 2361 habuisti
2988 2306 3304 2360 charissima
3335 2323 3435 2377 pro
3479 2325 3597 2364 mra

329 2408 548 2473 drinus,
604 2371 832 2468 Stroim,
864 2371 1071 2457 1ἱί).ἰν
1128 2419 1140 2454 :
1197 2398 1429 2469 Ὁμοίως
1476 2395 1568 2448 καὶ
1607 2394 1734 2466 περὶ
1761 2394 1920 2462 Τιμο-

920 2371 1071 2457 1..”
1128 2419 1140 2454 :
1197 2398 1429 2469 Ὁμοίως
1476 2395 1568 2448 καὶ
1607 2394 1734 2466 περὶ
1761 2394 1920 2462 Τιμο-
2035 2371 2172 2442 Vim.
2204 2378 2424 2430 εενυαειὶ
2450 2391 2554 2431 me.

330 2499 457 2553 οὲου
507 2499 602 2552 καὶ
645 2494 841 2552 ἑαυτοῦ
888 2495 1147 2566 γράφων·
1192 2487 1423 2544 Οὐδένα
1454 2487 1563 2557 γὰρ
1587 2487 1725 2556 ἔχω,
1761 2485 1916 2555 φησὶ,

2093 2487 2338 2559 Utroque
2395 2501 2576 2544 autem
2627 2488 2792 2543 modo
2827 2488 3118 2558 ἁντίψυχον
3166 2500 3352 2558 aperte
3393 2491 3599 2547 descri-

331 2597 659 2662 ίσόψυχον,
701 2608 721 2641 ι
774 2587 1036 2643 Similiter
1084 2592 1140 2638 et
1187 2584 1254 2638 de
1295 2581 1586 2636 Timotheo
1633 2589 1688 2634 et
1738 2577 1918 2647 seipse
2022 2580 2188 2635 hitur.
2222 2581 2296 2635 De
2331 2581 2547 2636 Christo
2572 2583 2691 2650 ipso
2718 2580 2776 2634 S.
2818 2581 3151 2634 Athanasius
3182 2582 3277 2636 lih.
3310 2583 3384 2637 De
3418 2583 3602 2637 Incur-

330 2687 604 2749 scribens,
631 2680 907 2736 Neminem
933 2677 1117 2742 habeo,
1145 2674 1342 2745 inquit,
1364 2669 1712 2742 ἰσόψυχον),
1741 2669 1916 2723 virum

2021 2674 2231 2726 natione
2260 2671 2441 2725 Verbi:
2472 2671 2644 2744 ’Υπὲρ
2661 2673 2869 2735 πάντας
2886 2671 2993 2743 γὰρ
3014 2672 3088 2726 ὢν
3103 2674 3131 2724 ό
3147 2674 3316 2742 Λόγος
3331 2675 3424 2728 τοῦ
3442 2676 3598 2740 Θεοῦ,

330 2777 588 2834 similiter
631 2789 760 2843 erga
810 2771 1190 2840 Philippenscs
1238 2765 1516 2832 affectum,
1545 2772 1599 2818 et
1639 2761 1756 2832 pari
1787 2775 1919 2815 cura

2022 2764 2246 2827 εἰκότως
2296 2763 2385 2817 τὸν
2440 2762 2632 2817 ἑαυτοῦ
2667 2763 2792 2816 ναὸν
2835 2765 2928 2816 καὶ
2966 2763 3026 2815 τὸ
3076 2766 3384 2835 σωματικὸν
3437 2767 3602 2838 ὂργα-

329 2886 524 2926 eorum
561 2878 764 2924 statum
798 2873 1220 2936 prosequentem
1246 2861 1521 2932 intelligit,
1550 2866 1612 2913 ut
1633 2855 1916 2926 sequentia

2022 2868 2110 2904 νον
2138 2850 2427 2922 προσάγων
2467 2852 2758 2923 ἀντίψυχον
2796 2853 2935 2922 ὑπὲρ
2965 2853 3212 2917 πάντων,
3263 2857 3502 2928 ἐπλήρου
3543 2861 3601 2912 τὸ

330 2964 733 3018 demonstrant.
780 2958 947 3014 Recte
992 2956 1234 3025 Optimus
1279 2954 1547 3022 interpres
1589 2949 1919 3018 Cbrysosto-

2021 2943 2372 3014 ὀφειλόμενον
2404 2945 2462 2996 ὲν
2479 2942 2557 3014 τῷ
2581 2941 2818 3013 θανάτῳ.
2844 2962 2860 2993 ι
2883 2945 3019 2997 Cum
3043 2954 3190 3000 esset
3219 2961 3383 3016 super
3411 2963 3602 3004 omnes

331 3071 461 3111 mus
495 3073 509 3109 :
541 3053 746 3108 Οὐδένα
778 3051 888 3124 γὰρ
914 3050 1022 3121 ἔχω
1061 3047 1336 3116 ίσόψυχον,
1367 3043 1609 3098 τουτέστι
1639 3039 1746 3093 τῶν
1777 3037 1920 3111 ὁμοί-

2029 3033 2262 3092 Verbum
2290 3035 2414 3103 Dei,
2453 3037 2577 3106 jure
2605 3052 2767 3092 suum
2795 3039 3054 3107 templum
3095 3047 3151 3093 et
3195 3043 3482 3110 corporale
3521 3044 3604 3097 in-

332 3167 410 3214 ως
468 3165 558 3220 μοι
617 3145 1027 3221 μεριμνώντων,
1054 3150 1107 3196 et
1131 3155 1325 3195 rursus
1359 3157 1372 3192 :
1414 3136 1558 3190 Ἀντὶ
1591 3132 1685 3188 τοῦ
1717 3132 1918 3204 ὁμοίως
1942 3171 1966 3230 ί

1972 3173 1989 3229 ³
2022 3135 2390 3230 strumentum
2409 3130 2607 3185 sistens
2633 3129 2924 3200 ἀντίψυχον
2941 3145 3040 3200 pro
3068 3133 3345 3198 omnibus,
3373 3135 3606 3203 explevit

334 3239 459 3311 ἐμοὶ
486 3238 782 3310 κηδόμενον
833 3233 987 3305 ὑμῶι
1035 3231 1128 3285 καὶ
1174 3228 1544 3302 φροντίζοντα.
1574 3225 1726 3281 Licet
1754 3223 1920 3295 igitur
1949 3221 1968 3230 “

1965 3221 1988 3230 ”
2021 3221 2263 3277 debitum
2295 3223 2350 3277 in
2379 3231 2572 3277 morte.
2604 3241 2623 3273 ι
2655 3221 2812 3288 Quod
2854 3224 2976 3279 aliis
3028 3225 3209 3280 verbis
3259 3234 3383 3294 post
3422 3226 3599 3280 dixit:

335 3331 396 3385 S.
421 3329 629 3384 Paulus
675 3327 947 3397 psalmum
991 3341 1078 3388 Lv,
1112 3323 1180 3377 14
1212 3319 1518 3390 respexisse
1551 3325 1794 3388 putetur,
1827 3315 1920 3371 ubi

2037 3316 2182 3368 Ἀντὶ
2215 3315 2432 3370 πάντων
2475 3317 2568 3369 τὸν
2601 3314 2796 3369 ἑαυτοῦ
2831 3317 2957 3370 ναὸν
2990 3319 3070 3382 εἰς
3104 3317 3329 3372 θάνατον
3374 3320 3604 3391 παραδι-

335 3429 493 3476 vetus
533 3419 824 3487 interpres,
859 3414 1112 3486 ἄνθρωπε
1158 3411 1382 3482 ἰσόψυχε
1413 3408 1665 3474 reddidit,
1698 3426 1716 3459 ι
1753 3408 1922 3462 homo

2023 3409 2170 3474 δούς·
2208 3429 2227 3460 ε
2272 3425 2371 3480 pro
2402 3409 2659 3464 omnibus
2691 3410 2951 3479 templum
2995 3425 3157 3465 suum
3195 3411 3357 3465 morti
3391 3411 3550 3480 dans,
3580 3431 3600 3465 ν

335 3511 636 3576 unanimis,
682 3529 701 3562 ›
739 3524 902 3579 quem
951 3505 1220 3562 Glossarii
1267 3512 1463 3558 auctor
1493 3509 1739 3558 secutus.
1770 3499 1920 3569 Apo-

2025 3509 2088 3554 ut
2113 3512 2167 3555 et
2195 3510 2320 3555 ante
2349 3516 2362 3550 :
2397 3501 2544 3552 .Ἀντὶ
2578 3499 2796 3554 πάντων
2821 3501 2982 3554 αὐτὸν
3005 3499 3222 3572 Θανάτῳ
3256 3503 3601 3574 παραδιδούς,

336 3605 516 3660 stolus
560 3612 767 3668 tamen,
789 3601 884 3670 qui
924 3597 1152 3654 Hebraea
1187 3610 1296 3651 non
1341 3596 1527 3649 minus
1551 3608 1717 3663 quam
1735 3591 1924 3648 (ἔναιρε

2027 3590 2173 3644 Idem
2205 3604 2400 3644 rursus
2427 3605 2551 3660 pag.
2595 3590 2656 3644 9i
2687 3608 2698 3642 :
2734 3585 2902 3653 Οὗτός
2944 3589 3091 3644 ἐστιν
3125 3594 3158 3662 ἠ
3216 3594 3432 3647 πάντων
3469 3594 3602 3665 ζωὴ,

337 3698 512 3763 novit,
576 3710 705 3751 eum
766 3691 940 3748 Graeci
995 3689 1247 3746 vocabuli
1305 3703 1468 3744 usum
1505 3684 1778 3756 probavit,
1828 3681 1925 3752 qui

2027 3679 2171 3734 καὶὸ
2203 3680 2280 3743 ὠς
2304 3680 2576 3750 πρόϐατον
2611 3681 2750 3752 ὑπὲρ
2775 3682 2875 3751 τῆς
2910 3683 3126 3736 πάντων
3163 3685 3433 3755 σωτηρίας
3458 3689 3605 3740 ἀντί-

337 3787 569 3844 liebrmo
618 3787 855 3842 maxime
888 3783 1190 3840 conformis
1241 3779 1368 3847 fuit,
1394 3795 1471 3836 sc.
1513 3787 1682 3844 73w:
1724 3795 1742 3828 ‹
1769 3775 1924 3845 juxta

2025 3772 2194 3843 ψυχον
2217 3772 2278 3824 τὸ
2313 3771 2506 3824 ἑαυτοῦ
2533 3771 2692 3842 σῶμα
2724 3774 2804 3836 εἰς
2848 3772 3079 3827 Θάνατον
3127 3777 3421 3845 παραδούς.
3453 3796 3471 3828 ι
3509 3778 3606 3834 Hic

337 3883 750 3957 proportionem
820 3894 1032 3944 meam,
1098 3875 1400 3933 secundum
1459 3871 1924 3943 comparationem
2027 3873 2112 3918 est
2141 3863 2387 3917 omnium
2417 3863 2558 3929 vita,
2589 3863 2682 3933 qui
2721 3873 2784 3918 ut
2816 3865 2935 3920 ovis
2985 3879 3085 3934 pro
3130 3867 3377 3921 omnium
3430 3871 3606 3926 salute

337 3952 554 4042 meam,
600 3975 761 4045 juxta
819 3969 1244 4027 aestimationem
1309 3966 1440 4033 mei,
1493 3983 1513 4018 ι
1566 3964 1658 4020 cui
1717 3961 1925 4016 notioni
2027 3952 2320 4023 ἀντίψυχον
2346 3968 2548 4023 corpus
2587 3969 2750 4008 suum
2801 3956 2855 4009 in
2893 3965 3124 4011 mortem
3171 3959 3410 4014 tradidit.
3439 3980 3458 4011 ο
3491 3960 3606 4018 Hoc

337 4069 546 4139 opﬁme
604 4044 901 4135 “spondet
944 4063 1035 4118 hic
1085 4061 1336 4130 ἰσόψυχος
1375 4077 1396 4112 ε
1450 4057 1570 4129 pari
1629 4055 1814 4110 animo
1845 4054 1926 4108 vel
2031 4045 2197 4139 igitur
2249 4053 2333 4100 est
2377 4044 2526 4114 quod
2573 4046 2829 4102 Christus
2879 4047 3057 4116 dixit,
3105 4050 3347 4106 animam
3399 4069 3458 4108 se
3507 4071 3606 4124 pro

341 4137 542 4214 aii‘ectu
596 4155 880 4226 praeditus.
925 4172 943 4205 ι
1001 4150 1107 4207 Sed
1157 4150 1204 4205 si
1256 4148 1508 4219 ἰσόψυχος
1539 4162 1639 4218 pro
1679 4144 1926 4200 unanimi

2031 4137 2229 4192 ovibus
2257 4138 2602 4206 positurum;
2641 4140 2790 4195 dedit
2819 4149 2876 4194 ut
2902 4141 3237 4214 ἀντίλυτρον,
3269 4145 3345 4200 ita
3378 4156 3432 4201 et
3455 4149 3603 4201 ἀντί-

342 4259 616 4315 sumatur,
644 4255 790 4302 certe
839 4245 983 4316 apud
1029 4243 1297 4314 lgnatium
1347 4247 1596 4296 nostrum
1634 4236 1926 4307 ἀντίψυχον

2027 4227 2340 4299 ψυχον.Ηοο
2371 4240 2555 4290 autem
2580 4243 2639 4285 ut
2662 4232 2881 4302 proprie
2907 4244 2964 4288 et
2984 4234 3266 4305 signanter
3290 4238 3357 4292 de
3385 4238 3605 4296 Christo

343 4343 419 4396 ita
454 4340 597 4395 sumi
627 4353 738 4392 non
770 4336 952 4392 debet.
986 4333 1257 4404 Loquitur
1286 4331 1376 4386 ille
1399 4339 1661 4400 tanquam
1697 4334 1923 4397 martyr,
2029 4320 2238 4375 dictum
2273 4330 2379 4387 est,
2407 4321 2481 4376 ita
2512 4322 2680 4376 etiam
2706 4338 2809 4378 suo
2826 4324 2989 4379 modo
3011 4325 3078 4380 de
3097 4325 3222 4382 aliis
3245 4342 3308 4382 ac
3332 4331 3606 4400 praecipue

342 4444 396 4488 et
443 4432 612 4508 vitam
664 4445 723 4486 se
773 4443 968 4484 eorum
1009 4427 1133 4481 loco
1176 4423 1484 4495 positurum
1513 4421 1667 4487 dicit,
1697 4417 1843 4474 unde
1874 4427 1930 4472 et
2030 4412 3608 4489 martyribususurparisolebat.Certe0rigenes,tomono-

344 4502 562 4579 vincula
615 4522 782 4577 etiam
841 4519 1053 4590 adjicit.
1091 4517 1174 4571 Ad
1214 4517 1568 4587 Smyrnaaos:
1610 4510 1925 4581 Ἀντίψυχον
1960 4524 1978 4578 ι

1973 4524 2002 4577 D
2032 4518 2104 4558 no
2128 4505 2185 4556 in
2197 4502 2479 4568 Joannem,
2497 4504 2748 4559 sacrificii
2765 4505 2967 4561 Christi
2983 4508 3045 4560 τὸ
3063 4509 3337 4584 ἐξαίρετον
3358 4514 3607 4568 conside—

344 4611 500 4682 ὑμῶν
537 4610 597 4664 τὸ
625 4608 847 4679 πνεῦμά
877 4624 1000 4678 μου,
1045 4605 1138 4660 καὶ
1175 4605 1243 4660 τὰ
1276 4603 1453 4674 δεσμά
1489 4619 1611 4674 μου.
1645 4602 1724 4657 Ad
1759 4600 1925 4669 Poly-

2032 4606 2182 4682 raus,
2205 4592 2411 4682 inquit:
2439 4594 2638 4647 Aema‘t
2660 4593 2717 4647 δὲ
2741 4595 2834 4646 καί⁹
2857 4601 3139 4664 συγγενεῖς
3158 4599 3330 4672 ταύτῃ
3353 4605 3418 4672 τῇ
3445 4603 3605 4675 Θυσία.

345 4679 570 4767 cal-pum
604 4715 618 4750 :
660 4695 819 4748 Κατὰ
849 4697 1025 4750 πάντα
1067 4693 1160 4748 σοῦ
1205 4693 1494 4763 ἀντίψυχον
1535 4690 1666 4760 ἐγὼ,
1708 4691 1802 4745 καὶ
1857 4688 1927 4743 τὰ
2031 4681 2282 4752 ἐκχύσεις
2308 4679 2445 4738 εἷναί
2473 4701 2562 4755 μοι
2591 4685 2869 4754 φαίνονται
2903 4687 2998 4738 τοῦ
3036 4688 3143 4740 τῶν
3175 4692 3434 4756 γενναίων
3461 4711 3604 4765 μαρ-

343 4789 523 4861 δεσμά
545 4794 646 4860 μου
685 4789 723 4842 ἃ.
750 4788 1066 4857 ἠγάπησας.
1098 4785 1276 4840 Priori
1311 4786 1432 4839 loco
1469 4803 1486 4834 ε
1509 4781 1868 4846 conformem,
1904 4801 1921 4832 ι

2029 4775 2208 4846 τύρων
2253 4775 2499 4846 αἵματος.
2541 4795 2558 4827 ι
2597 4775 2818 4830 Caetera:
2869 4787 3048 4832 autem
3099 4789 3153 4834 et
3200 4781 3328 4836 huic
3357 4795 3603 4854 cognatae

348 4882 642 4954 posteriori
677 4900 694 4932 ι
741 4879 1085 4950 refrigerium
1119 4897 1137 4930 ι
1176 4879 1318 4933 male
1369 4876 1601 4932 reddidit
1657 4877 1926 4945 interpres
2033 4867 2271 4922 victimae
2306 4867 2600 4923 effusiones
2645 4868 2928 4937 sanguinis
2960 4886 3350 4939 generosorum
3398 4889 3605 4949 many-

348 4974 702 5032 Usserianus.
744 4973 826 5028 Ad
875 4971 1185 5042 Ephesios:
1239 4970 1549 5040 Ἀντίψυχον
1591 4969 1746 5040 ὑμῶν
1794 4968 1924 5035 ἐγώ,

2033 4975 2154 5012 rum
2203 4973 2326 5013 esse
2375 4958 2508 5013 mihi
2548 4958 2818 5013 videntur.
2852 4977 2869 5010 ι
2910 4959 3012 5014 Ubi
3057 4977 3151 5016 eos
3187 4977 3468 5034 comparat
3499 4969 3599 5034 iis,

346 5066 494 5122 male
515 5067 714 5120 iterum
736 5064 1078 5134 interpresu
1115 5061 1422 5117 Unanimus
1446 5061 1729 5116 vobiscum
1754 5075 1873 5129 ego.
1902 5078 1920 5110 ι
2032 5052 2126 5120 qui
2170 5052 2311 5105 inter
2345 5051 2574 5121 gentiles
2619 5066 2719 5120 pro
2771 5053 3051 5106 communi
3099 5054 3380 5110 hominum
3431 5061 3607 5116 salute

343 5158 488 5217 Cum
536 5163 734 5210 neutro
770 5170 968 5228 genere
1012 5163 1266 5225 ponatur,
1299 5153 1445 5208 aliud
1493 5150 1700 5221 aliquid
1746 5157 1930 5219 aperte
2034 5144 2244 5212 seipsos
2291 5143 2457 5197 morti
2489 5141 2862 5208 tradiderunt,
2894 5160 3018 5198 cum
3069 5148 3385 5214 pestilentes
3426 5155 3605 5207 morm

349 5259 533 5314 sonat,
565 5259 628 5304 ut
671 5249 816 5304 idem
862 5261 1059 5316 nempe
1088 5245 1161 5301 sit
1186 5244 1333 5314 quod
1368 5241 1701 5313 ἀντίλυτρον.
1737 5237 1814 5294 ita
1860 5239 1930 5293 ad

2035 5237 2268 5306 patriam
2310 5249 2467 5290 suam
2515 5233 2862 5289 invasissent.
2890 5237 3001 5289 Καὶ
3045 5238 3408 5309 παραδέχεται
3452 5244 3605 5297 ταῦθ’

350 5343 713 5414 Polycarpum
743 5359 756 5393 :
805 5337 1121 5408 Ἀντίψυχον
1177 5334 1287 5404 ἐγὼ
1326 5333 1433 5387 τῶν
1475 5330 1930 5402 ὑποτασσομένων
2033 5327 2205 5392 οὕτως
2228 5327 2508 5396 γεγονέναι
2532 5327 2632 5379 οὐκ
2654 5324 2863 5393 ἀλόγως
2885 5327 3180 5392 πιστεύσας
3203 5333 3321 5394 ταῖς
3346 5333 3606 5404 ἱστορίαις

349 5433 432 5501 τῷ
459 5433 766 5502 ὲπισκόπῳ,
807 5429 1220 5501 πρεσϐυτέροις,
1263 5425 1547 5488 διακόνοις.
1583 5422 1790 5478 Neutro
1834 5437 1928 5493 gc-
2033 5423 2061 5475 ὁ
2094 5420 2284 5484 πιστὸς
2323 5419 2554 5490 Κλήμης
2589 5419 2695 5471 ὑπὸ
2727 5417 2942 5471 Παύλου
2992 5422 3456 5492 μαρτυρούμενος.
3489 5445 3507 5477 ι
3543 5428 3610 5481 Er,

351 5542 485 5582 nere
533 5539 750 5594 semper
791 5531 1021 5592 usurpat
1054 5529 1263 5587 noster,
1298 5518 1605 5573 masculino
1633 5513 1930 5585 aliquando
2035 5515 2152 5569 han:
2176 5514 2425 5568 evenisse
2451 5511 2692 5566 admittit
2716 5525 2824 5564 non
2857 5512 2974 5566 sine
3001 5528 3170 5567 causa
3194 5513 3440 5570 historiis
3465 5518 3605 5583 (non

351 5619 712 5688 interpolator
759 5625 856 5671 aut
887 5615 1065 5670 fictor.
1093 5613 1236 5680 Quid
1273 5613 1376 5667 hac
1416 5626 1548 5666 voce
1575 5609 1929 5680 intelligatur,
2037 5605 2357 5676 Scripturis,
2385 5611 2445 5657 ut
2469 5602 2611 5656 male
2632 5602 2922 5673 interpres)
2951 5604 3177 5658 credens
3202 5604 3456 5661 Clemens
3478 5608 3609 5662 fide-

351 5712 560 5781 optime
593 5709 920 5779 exprimitur
951 5707 1134 5762 verbis
1165 5705 1223 5760 S.
1249 5705 1477 5763 Joannis
1513 5705 1656 5773 apud
1681 5702 1933 5757 Clemen—
2035 5699 2122 5753 lis.
2156 5716 2174 5749 ι
2215 5695 2394 5752 Locus
2417 5693 2714 5750 Clementis
2741 5709 2901 5763 quem
2929 5695 3168 5763 rcSpexit
3197 5692 3479 5765 Origenes,
3522 5699 3610 5753 hic

356 5814 463 5859 tem
488 5800 915 5855 Alexandrinum
941 5817 952 5852 :
977 5798 1080 5850 Τὸν
1109 5798 1198 5852 σὺν
1237 5797 1462 5854 θάνατον
1490 5793 1630 5850 ἑκὼν
1655 5792 1929 5866 ὑπομενῶ,

2035 5799 2119 5848 est
2164 5805 2174 5842 :
2232 5790 2348 5843 Ἵνα
2391 5786 2446 5841 δὲ
2495 5786 2588 5841 καὶ
2629 5785 3000 5856 ὑποδείγματα
3046 5785 3218 5841 ἐθνῶν
3264 5786 3600 5858 ὲνέγκωμεν·

523 5901 804 5962 Ριτιιοι..
853 5895 968 5958 Gn.
1023 5903 1098 5966 ν,
3299 5881 3374 5943 15
