4138 6398
548 373 652 428 459

1604 362 1659 416 5.
1703 355 2049 416 IGNATIUS.
2090 389 2152 398 —-
2191 355 2723 412 PROLEGOMENA.

3696 357 3799 414 46“-

547 492 738 546 Πολλοὶ⁵
786 488 1019 560 βασιλεῖς
1071 485 1161 539 καὶ
1210 485 1497 556 ἡγούμενοι
1552 480 1799 553 λοιμικοῦ
1846 498 1988 543 τινος
2044 482 2116 531 ea

2229 477 2528 533 Suetonius
2550 477 2618 531 de
2639 476 2918 546 Caligula:
2950 493 2969 526 ι
3002 474 3071 530 Ut
3099 489 3221 531 vero
3249 474 3304 529 in
3334 475 3622 532 adversam
3647 477 3801 533 vale-

549 584 767 645 στάντος
786 578 999 650 καιροῦ,
1016 576 1540 650 χρησμοδοτηθέντες
1559 573 1877 644 παρέδωκαν
1900 572 2121 635 ἑαυτοὺς

548 676 627 739 είς
677 674 903 727 θάνατον
939 671 1026 724 ἵνα
1072 670 1341 741 ρύσωνται
1374 666 1462 719 διά
1506 664 1599 718 τοῦ
1643 662 1851 717 ἑαυτῶν
1896 663 2123 732 αἵματος

547 769 673 831 τοὺς
710 766 949 828 πολίτας.
986 782 1005 814 ι
1032 761 1105 817 Ut
1148 771 1328 817 autem
1359 758 1605 830 exempla
1638 758 1875 828 gentium
1906 756 1959 809 in
2004 770 2120 809 me-

549 857 698 909 dium
749 853 1130 925 proferamus,
1185 850 1342 905 multi
1386 865 1539 919 reges
1597 858 1650 903 et
1686 847 2120 916 gubernatores,

547 954 835 1014 grassante
858 941 1113 1013 pestifera
1136 942 1224 996 lue
1245 941 1471 995 oraculo
1494 937 1708 1003 moniti,
1725 938 1885 992 morti
1913 936 2124 1006 seipsos

548 1036 931 1101 tradiderunt,
983 1044 1043 1089 ut
1080 1050 1180 1089 suo
1247 1033 1513 1103 sanguine
1557 1033 1705 1087 cives
1751 1032 2061 1084 liberarent.
2098 1049 2117 1081 ι

550 1127 672 1182 llrec
716 1128 888 1181 obiter
924 1126 1149 1189 adduxi,
1194 1126 1339 1194 quod
1364 1140 1427 1178 ea
1474 1139 1573 1178 nec
1607 1138 1635 1176 a
1680 1122 1975 1177 Clementis
2023 1136 2123 1175 nec

546 1221 615 1273 ab
643 1218 895 1287 Origenis
939 1217 1245 1273 editoribus
1278 1218 1541 1271 hactenus
1566 1215 1852 1269 observata
1887 1227 2009 1267 esse
2040 1212 2121 1265 vi-

546 1313 744 1367 derim.
792 1310 1143 1381 Progreditur
1186 1318 1367 1363 autem
1414 1306 1718 1377 Origenes:
1750 1306 1813 1358 Et
1844 1303 1955 1375 γὰρ
1996 1305 2121 1357 τάδε

550 1405 648 1473 μὲν
675 1402 777 1455 ὑπὸ
814 1402 1081 1470 Ἑλλήνων
1122 1400 1181 1451 οὐ
1223 1399 1399 1469 μάτην
1425 1398 1723 1467 ἱστόρηται,
1762 1394 1829 1447 τά
1862 1393 1918 1447 δὲ
1945 1393 2121 1455 καλῶς

547 1497 673 1566 περὶ
717 1493 824 1546 τῶν
863 1491 1155 1563 μαρτύρων
1199 1490 1448 1560 εἴρηται,
1485 1486 1981 1559 περικαθαρμάτων
2026 1484 2120 1537 τοῦ

543 1588 749 1657 κόσμου
784 1585 1089 1656 γενομένων
1131 1583 1224 1635 καὶ
1258 1582 1474 1635 πάντων
1497 1580 1781 1651 περίψημα
1818 1579 2121 1649 λεγομένων

541 1677 630 1730 διὰ
676 1675 848 1728 ταῦτα
887 1672 1198 1727 ἀποστόλων
1227 1711 1241 1733 ,
1281 1671 1335 1723 τί
1371 1670 1706 1741 ὑποληπτέον
1753 1671 1844 1722 καὶ
1894 1670 2121 1740 πηλίκον

543 1770 671 1840 περὶ
719 1768 812 1820 τοῦ
858 1766 1030 1837 ἀμνοῦ
1079 1764 1173 1817 τοῦ
1222 1764 1357 1817 Θεοῦ
1404 1763 1492 1816 διὰ
1539 1764 1698 1816 τοῦτο
1740 1762 1999 1833 θυομένου
2034 1762 2121 1814 ἵνα

2227 570 2468 625 tudinem
2502 568 2713 635 incidit,
2749 568 3200 638 pernoctantibus
3222 567 3439 624 eunetis
3476 569 3623 624 circa
3652 570 3808 639 pala-

2224 662 2384 725 tium,
2418 676 2525 713 non
2555 658 2845 713 defuerunt
2872 658 2966 728 qui
2991 658 3399 728 depugnaturos
3424 674 3485 715 se
3514 660 3687 715 amis
3704 676 3808 729 pro

2226 751 2401 806 salute
2448 750 2577 821 aegri
2606 789 2621 813 ,
2673 750 2878 818 quique
2942 750 3119 818 capita
3164 764 3263 804 sua
3310 750 3473 805 titulo
3521 752 3808 820 proposito

2226 857 2513 901 voverunt.
2542 865 2560 897 ι
2588 844 2651 899 Hi
2700 861 2730 899 a
2764 846 2969 901 Grmcis
3004 845 3287 916 ἀντίψυχοι
3317 846 3657 901 dicebantur.
3704 844 3809 901 Dio

2225 941 2443 995 lib.th:
2470 940 2737 1003 Πούπλιος
2766 939 2821 992 δὲ
2860 938 3146 1010 Ἀφράνιος
3188 940 3431 1003 Ποτῖτος,
3475 940 3718 1010 δημότης
3741 955 3804 994 τι

2226 1032 2301 1084 ὢν
2319 1073 2333 1095 ,
2358 1034 2450 1086 καὶ
2484 1032 2589 1085 ὑπὸ
2634 1034 2823 1104 μωρᾶς
2865 1032 3152 1096 κολακείας
3171 1070 3186 1095 ,
3214 1033 3275 1085 οὐ
3304 1031 3461 1103 μόνον
3501 1031 3801 1104 ἐθελοντὴς,

2225 1126 2361 1181 ἀλλά
2408 1127 2500 1179 καὶ
2541 1125 2779 1198 ἔνορκος,
2824 1124 2890 1179 ἀν
2911 1142 2974 1193 γε
3000 1126 3028 1177 ὁ
3052 1125 3212 1188 Γάϊος
3246 1124 3424 1195 σωθῇ,
3458 1125 3806 1195 τελευτήσειν

2226 1218 2614 1289 ὑποσχόμενος,
2654 1216 2893 1280 Ἀτάνιός
2925 1216 2986 1268 τέ
3028 1233 3115 1279 τις
3153 1216 3470 1280 Σεκοῦνδος,
3508 1218 3706 1282 ίππεύς
3740 1236 3803 1273 τε

2224 1308 2330 1373 ὢν,
2390 1311 2483 1363 καὶ
2534 1310 2933 1381 μονομαχήσειν
2978 1310 3445 1380 ἐπαγγειλάμενος
3469 1351 3484 1373 ,
3528 1312 3649 1365 ἀντὶ
3693 1311 3807 1367 τῶν

2224 1402 2520 1473 χρημάτων
2563 1400 2599 1454 ἃ
2634 1401 2859 1471 ἢλπιζον
2890 1404 3021 1473 παρ’
3047 1402 3211 1455 αὐτοῦ
3234 1441 3247 1463 ,
3276 1403 3351 1465 ὡς
3382 1402 3475 1455 καὶ
3521 1403 3802 1474 ἀντίψυχοι

2223 1494 2271 1545 οἱ
2299 1492 2588 1546 ἀποθανεῖν
2611 1492 2961 1563 ἐθελήσαντες
2985 1533 2999 1556 ,
3024 1493 3289 1565 λήψεσθαι
3316 1534 3330 1557 ,
3366 1494 3658 1549 ἀποδοῦναι
3702 1497 3807 1568 τὴν

2224 1585 2515 1655 ὑπόσχεσιν
2576 1584 3002 1656 ἡναγκάσθησαν
3028 1627 3042 1649 ,
3107 1586 3194 1639 ἴνα
3254 1589 3327 1659 μὴ
3406 1589 3798 1661 ἐπιορκήσωσι.

2229 1694 2251 1727 ς
2284 1675 2346 1730 P.
2379 1675 2640 1731 Afranius
2667 1675 2879 1731 Potitus
2905 1718 2920 1743 ,
2961 1677 3205 1747 plebeius
3248 1680 3448 1745 homo,
3489 1681 3584 1748 qui
3634 1680 3800 1735 stulta

2226 1767 2538 1825 adulatione
2586 1767 2874 1834 inductus,
2906 1783 3014 1823 non
3063 1770 3228 1825 modo
3264 1770 3473 1835 volens,
3505 1771 3600 1827 sed
3633 1773 3798 1827 etiam

540 1863 649 1933 ἄρῃ
669 1859 965 1931 ἁμαρτίαν,
988 1859 1086 1911 οὐκ
1105 1856 1317 1924 ὀλίγων,
1338 1855 1450 1909 ἀλλ’
1476 1854 1596 1908 ὅλου
1620 1854 1713 1907 τοῦ
1734 1855 1958 1925 κόσμου,
1981 1850 2116 1925 ὑπὲρ

2217 1859 2579 1929 jurejurando
2612 1874 2671 1915 se
2701 1860 3091 1927 obstrinxerat,
3111 1862 3219 1915 vita
3248 1877 3534 1919 cessurum
3559 1863 3604 1920 si
3630 1864 3799 1921 Caius

540 1953 600 2009 οὗ
636 1958 727 2008 καὶ
774 1952 1044 2010 πέπονθε;
1096 1970 1112 2001 ι
1151 1950 1208 2005 Si
1255 1951 1401 2003 enim
1435 1950 1552 2003 haec
1608 1964 1637 2002 a
1674 1948 1927 2018 gentibus
1973 1948 2120 2002 baud

542 2046 745 2101 frustra
779 2043 1026 2098 historiis
1054 2041 1309 2097 mandata
1350 2049 1498 2104 sunt,
1533 2040 1624 2094 illa
1656 2048 1835 2094 autem
1866 2050 2014 2095 recte
2052 2040 2120 2094 de

540 2136 876 2207 martyribus
901 2135 1049 2191 dicta
1077 2142 1227 2199 sunt,
1258 2149 1383 2189 cum
1418 2134 1650 2203 apostoli
1693 2132 1901 2189 fuerint
1932 2132 2121 2188 mundi

538 2238 898 2300 purgamenta
952 2236 1007 2282 et
1053 2228 1123 2282 ob
1173 2227 1314 2281 hanc
1363 2242 1587 2281 causam
1633 2226 1766 2281 dicti
1809 2226 1915 2281 sint
1966 2228 2120 2299 περί-

536 2322 727 2391 ψημα,
762 2318 895 2391 quid
936 2328 991 2373 et
1036 2328 1301 2389 quantum
1346 2318 1691 2373 sentiendum
1734 2327 1819 2374 est
1864 2318 1931 2372 de
1964 2320 2121 2391 Agno

538 2412 651 2474 Dei,
683 2413 775 2482 qui
800 2412 871 2465 oh
900 2411 1041 2465 hanc
1065 2424 1291 2464 causam
1324 2408 1667 2465 sacrificatus
1693 2418 1798 2474 est,
1825 2416 1884 2463 ut
1908 2410 2121 2463 tolleret

537 2512 845 2571 peccatum,
880 2516 987 2555 non
1024 2515 1323 2569 paucorum
1346 2541 1360 2567 ,
1402 2501 1493 2554 sed
1540 2502 1707 2558 totius
1758 2500 1986 2575 mundi,
2018 2515 2118 2570 pro

539 2608 649 2665 quo
700 2603 752 2647 et
780 2608 977 2662 passus
1024 2593 1146 2647 est?
1175 2611 1193 2645 ι
1230 2590 1335 2646 Ubi
1384 2591 1672 2662 περίψημα
1721 2591 1911 2645 eodem
1955 2592 2120 2645 modo

538 2688 742 2753 sumit,
776 2701 887 2756 quo
920 2685 1010 2739 alii
1049 2686 1359 2755 ἀντίψυχον.
1396 2684 1465 2739 Ut
1510 2684 1844 2755 Hesychius,
1873 2682 2115 2755 Περίψη-

541 2796 638 2850 μα,
665 2778 1163 2849 περικατάμαγμα,
1200 2776 1512 2849 ἀντίλυτρα,
1553 2776 1839 2846 ἀντίψυχα.
1868 2775 1941 2831 lta
1983 2776 2117 2830 Dio-

538 2871 728 2941 nysius
778 2870 1185 2923 Alexandrinus
1239 2868 1563 2940 episcopus,
1609 2869 1677 2923 de
1724 2867 1872 2939 gravi
1925 2878 2115 2937 peste:

536 2966 648 3017 Καὶ
701 2962 886 3015 πολλοὶ
918 2964 1387 3033 νοσοκομήσαντες
1440 2964 1532 3016 καὶ
1575 2962 1846 3034 ρώσαντες
1901 2962 2116 3033 ἐτέρους

537 3054 893 3125 ἐτελεύτησαν
928 3056 1099 3118 αὐτοὶ,
1134 3055 1225 3109 τὸν
1259 3055 1481 3109 ἐκείνων
1517 3054 1746 3107 θάνατον
1779 3056 1859 3118 είς
1892 3055 2116 3119 ἑαυτοὺς

541 3148 1044 3219 μεταστησάμενοι,
1084 3148 1178 3201 καὶ
1210 3146 1272 3199 τὸ
1319 3145 1565 3218 δημῶδες
1592 3146 1741 3218 ῥῆμα
1763 3185 1777 3209 ,
1831 3146 1997 3217 μόνης
2028 3147 2115 3199 ἀεὶ

2220 1952 2617 2018 revalesceret;
2644 1960 2697 2006 et
2728 1952 2959 2007 Atanius
2996 1951 3282 2009 Secundus
3314 1970 3503 2024 eques,
3542 1956 3634 2025 qui
3669 1970 3771 2026 pro

2222 2041 2447 2096 miserat
2475 2056 2533 2095 se
2578 2040 2918 2111 gladiatoriis
2945 2040 3089 2095 ludis
3132 2042 3607 2114 depugnaturum,
3637 2046 3799 2101 ambo

2221 2147 2317 2202 spe
2346 2134 2595 2202 pecunia:
2625 2148 2655 2187 a
2703 2131 2840 2186 Caio
2884 2134 3257 2204 accipiendae,
3306 2134 3454 2204 quod
3505 2138 3608 2206 (ut
3649 2138 3769 2191 ἀντί

2218 2222 2415 2292 ψυχοι)
2442 2223 2603 2277 vitam
2633 2238 2731 2293 pro
2752 2222 2873 2291 ejus
2907 2224 3091 2278 anima
3122 2224 3255 2279 dare
3284 2225 3575 2291 voluerint,
3622 2238 3777 2282 coact

2220 2321 2349 2367 sunt
2380 2314 2713 2382 promissum
2745 2315 3075 2383 persolvere,
3107 2328 3177 2368 ne
3203 2315 3428 2385 perjurii
3454 2317 3532 2371 rei
3554 2329 3758 2373 essent.

2220 2408 2300 2459 ita
2364 2404 2421 2459 S.
2475 2404 2905 2475 Chrysostomus
2961 2406 3187 2462 homilia
3219 2407 3253 2461 6
3296 2409 3365 2461 ad
3420 2407 3795 2467 Colossemes.

2220 2512 2501 2568 opponens
2545 2498 2821 2553 hominem
2871 2500 3142 2568 baptismo
3183 2509 3505 2555 renovatum
3555 2503 3783 2572 primurn

2221 2601 2445 2647 creato:
2478 2591 2776 2646 Πλάττεται
2821 2591 2880 2644 ἐν
2923 2590 3000 2661 τῷ
3027 2590 3213 2655 ὕδατι,
3255 2591 3518 2662 λαμϐάνει
3547 2593 3604 2646 δέ
3650 2594 3771 2648 ἀντί

2218 2683 2387 2754 ψυχον
2414 2683 2651 2755 πνεῦμα.
2704 2704 2722 2734 ι
2752 2682 3042 2738 Formatur
3075 2685 3129 2737 in
3161 2699 3302 2755 aqua
3322 2724 3338 2747 ,
3385 2686 3583 2756 accipit
3612 2698 3780 2741 auten

2217 2788 2319 2843 pro
2366 2775 2551 2829 anima
2598 2776 2871 2845 spiritum.
2904 2794 2923 2827 ι
2972 2774 3119 2830 idem
3166 2786 3351 2831 contra
3404 2776 3623 2832 ludens
3670 2794 3771 2833 ora

2220 2867 2366 2921 tione
2416 2866 2485 2921 5:
2538 2866 2768 2921 Δύναται
2814 2866 3073 2931 πολλάκις
3121 2868 3218 2939 μία
3270 2869 3594 2941 κερδηθεῖσα
3646 2871 3782 2942 ψυχαί

2222 2958 2432 3030 μυρίων
2471 2958 2634 3027 ὄγκον
2660 2960 3070 3032 ἁμαρτημάτων
3112 2961 3392 3030 ἀφανίσαι,
3419 2962 3517 3014 καὶ
3543 2963 3788 3030 γενέσθω.

2217 3052 2349 3121 ἡμῖν
2375 3049 2671 3120 ἀντίψυχον
2710 3052 2768 3103 ἐν
2805 3050 2991 3122 ἐκείνῃ
3040 3052 3106 3122 τῇ
3148 3051 3354 3124 ἡμέρᾳ.
3394 3069 3415 3104 ι
3452 3050 3569 3107 Una
3610 3053 3761 3107 anim

2218 3138 2504 3195 lucrifacta
2530 3149 2711 3209 potest
2729 3140 3026 3194 multorum
3045 3155 3185 3196 onus
3209 3149 3558 3211 peccatorum
3581 3142 3793 3209 tollere,

534 3211 725 3293 ὧκοῦν
736 3211 1128 3310 φιλοξρροσύνης
1140 3211 1380 3309 ἔχεσθαι,
1391 3211 1539 3311 ἐργῳ
1552 3211 1613 3309 δη
1630 3211 1749 3290 τοτε
1766 3211 2115 3309 πλίηροῧντες,

2222 3240 2276 3286 et
2306 3232 2465 3287 nobis
2511 3233 2567 3285 in
2600 3233 2697 3285 illo
2740 3232 2828 3287 die
2875 3247 2975 3302 pro
3021 3233 3333 3303 expiatione
3385 3248 3528 3291 esse.
3562 3250 3585 3288 ι
3631 3233 3795 3289 Aliud

535 3332 787 3395 ἀπιόντες
854 3331 1029 3384 αὐτῶν
1082 3330 1389 3403 περίψημα.
1434 3349 1454 3383 ι
1506 3330 1765 3400 Multique
1835 3330 1927 3399 qui
1980 3330 2117 3385 alios

536 3431 859 3494 aegrotantes
890 3428 1235 3487 curaverant,
1265 3429 1320 3476 et
1349 3421 1403 3475 in
1430 3420 1719 3491 pristinam
1749 3421 2115 3475 valetudinem

534 3514 921 3579 restituerant,
963 3512 1066 3582 ipsi
1115 3511 1473 3578 interierunt,
1524 3519 1753 3565 mortem
1794 3510 2012 3565 illorum
2061 3512 2115 3564 in

536 3605 751 3673 seipsos
799 3603 1257 3669 transducentes,
1295 3601 1618 3673 dictumque
1674 3602 1807 3656 illud
1852 3602 2114 3672 vulgare,

532 3696 680 3766 quod
710 3694 962 3750 officiosa)
1005 3696 1277 3749 duntaxat
1312 3696 1587 3749 comitatis
1631 3696 1894 3749 hactenus
1936 3694 2117 3748 visum

534 3789 735 3853 fuerat,
775 3788 951 3857 reipsa
981 3796 1111 3841 tunc
1145 3786 1505 3856 adimplentes
1535 3802 1659 3841 cum
1707 3786 1925 3840 illorum
1967 3786 2112 3856 peri-

534 3896 721 3951 psema
792 3880 919 3934 facti
971 3895 1037 3934 ex
1094 3882 1195 3933 hac
1243 3882 1351 3935 vita
1398 3881 1712 3949 migrarent.
1746 3900 1763 3931 ι
1808 3878 1925 3934 Non
1970 3878 2116 3949 quod

532 3974 831 4028 Christiani
856 3974 1017 4042 vulgo
1054 3990 1084 4026 a
1123 3974 1418 4044 gentilibus
1466 3974 1571 4027 hoc
1602 3973 1823 4027 nomine
1850 3987 2117 4027 vocaren-

537 4076 646 4131 tur,
681 4074 740 4118 ut
770 4064 989 4119 Valcsio
1016 4064 1226 4134 placet:
1256 4065 1387 4118 illud
1420 4064 1563 4118 enim
1589 4065 1773 4134 probri
1801 4072 1966 4129 esset,
1989 4078 2114 4118 cum

538 4159 642 4211 hoc
682 4156 1073 4210 benevolentiae
1100 4172 1194 4209 seu
1230 4155 1507 4210 comitatis
1542 4156 1767 4209 verhum
1801 4169 1925 4209 esse
1962 4156 2113 4209 dica-

536 4258 663 4302 tur:
700 4261 807 4301 non
832 4247 977 4317 quod
1007 4248 1170 4316 vulgo
1202 4247 1270 4301 ab
1291 4246 1678 4301 Alexandrinis
1705 4255 1915 4299 tantum
1948 4262 2115 4301 usur-

534 4349 723 4411 patum
756 4338 827 4394 sit
858 4382 871 4405 ,
912 4340 1005 4393 scd
1038 4339 1183 4409 quod
1205 4341 1485 4410 vulgatum
1516 4347 1571 4393 et
1605 4339 1866 4408 populare
1888 4354 2114 4409 prover-

534 4432 685 4485 bium
718 4429 903 4494 fuerit,
934 4440 988 4483 ut
1016 4439 1164 4500 patet
1185 4446 1251 4484 cx
1278 4430 1442 4484 Suida
1468 4440 1520 4485 et
1551 4430 1814 4485 Michaele
1842 4431 2107 4501 apostolo.

2220 3325 2384 3396 igitur
2416 3324 2687 3395 ἰσόψυχον,
2713 3326 2857 3395 quod
2879 3340 2944 3380 ex
2970 3324 3113 3379 LXX
3138 3326 3529 3396 lnterpretibus
3558 3329 3800 3397 sumpsit

2220 3418 2278 3473 S.
2308 3418 2512 3473 Paulus
2540 3438 2553 3471 :
2586 3418 2733 3473 aliud
2780 3418 3097 3489 ἀντίψυχον,
3129 3419 3277 3488 quod
3309 3420 3606 3490 Apostolus
3652 3435 3799 3473 nun-

2218 3525 2383 3579 quam
2416 3512 2721 3579 usurpavit,
2748 3526 2778 3565 a
2809 3510 3014 3567 Graecis
3055 3520 3238 3567 autem
3267 3513 3431 3583 vulgo
3470 3520 3797 3582 usurpatum

2217 3612 2301 3658 est
2328 3621 2342 3666 ;
2372 3604 2522 3657 nulla
2556 3604 2723 3673 igitur
2759 3605 2849 3659 hic
2882 3602 3215 3675 κακοζηλία,
3250 3620 3319 3659 ne
3351 3603 3579 3675 quidem
3606 3604 3795 3657 imita-

2218 3697 2314 3751 tio.
2347 3694 2575 3765 Reliqua
2601 3712 2723 3766 qua:
2742 3712 2807 3751 ex
2828 3697 3085 3766 Apostolo
3114 3698 3167 3751 in
3196 3697 3449 3751 eamdem
3470 3696 3641 3751 ferme
3667 3712 3799 3751 sen—

2219 3790 2443 3842 tentiam
2478 3788 2809 3854 afferuntur,
2838 3789 2905 3843 ad
2958 3788 3288 3859 κακοζηλίαν
3329 3789 3496 3855 nihil,
3543 3789 3609 3843 ad
3642 3789 3797 3844 loeu—

2218 3881 2423 3934 tionem
2456 3880 2792 3950 lgnatianam
2821 3880 3253 3935 conﬁrmandam
3276 3881 3487 3950 aliquid
3512 3882 3715 3937 valent.

2287 3972 2477 4041 Capite
2505 3973 2577 4027 29
2595 4015 2610 4039 ,
2652 3973 2981 4045 κακοζηλίας
3011 3983 3398 4043 argumentum
3422 3974 3793 4044 persequitur,

2216 4074 2297 4131 et,
2348 4065 2396 4119 si
2445 4065 2561 4119 fieri
2591 4067 2800 4135 possit,
2858 4065 3152 4122 infelicius.
3190 4084 3208 4117 ι
3260 4065 3521 4130 Dixerat,
3576 4068 3795 4137 inquit,

2218 4156 2276 4212 S.
2309 4156 2511 4212 Paulus
2542 4173 2602 4213 se
2628 4158 2907 4227 ἐλάχιστον
2929 4157 3045 4213 τῶν
3060 4157 3393 4222 ἀποστόλων,
3428 4168 3481 4213 et
3512 4158 3794 4230 ἐλαχιστο-

2214 4268 2373 4322 τερον
2405 4252 2625 4304 πάντων
2656 4253 2847 4320 ἁγίων,
2886 4253 3051 4307 semel
3116 4254 3325 4309 scilicet
3366 4262 3531 4324 atque
3567 4253 3793 4309 iterum.

2214 4343 2413 4398 Noster
2443 4360 2583 4413 pene
2615 4360 2805 4399 omnes
2836 4345 3096 4414 epistolas
3135 4345 3223 4400 his
3257 4353 3312 4399 et
3347 4345 3617 4401 similibus
3640 4347 3793 4400 voci-

2213 4434 2316 4489 bus
2359 4436 2603 4504 replevit.
2638 4454 2656 4487 »
2692 4436 2761 4489 At
2813 4436 2919 4490 hoe
2957 4446 3142 4506 aperte
3190 4437 3385 4492 falsum
3443 4447 3547 4493 est.
3601 4437 3795 4508 Neque

534 4522 656 4579 Non
697 4521 869 4594 magis
898 4522 1064 4593 igitur
1099 4522 1394 4579 unanincm
1421 4539 1479 4578 se
1515 4523 1651 4577 dixit
1680 4521 1944 4592 lgnatius,
1986 4538 2107 4577 cum
2143 4549 2186 4604 ι)
2214 4526 2363 4580 enim
2399 4527 2503 4594 his,
2538 4542 2714 4598 neque
2743 4528 3015 4584 similibus
3052 4530 3279 4585 vocibus
3309 4531 3570 4599 epistolas
3598 4532 3791 4601 imple-

532 4614 844 4684 ἀντίψυχον,
870 4630 1033 4684 quam
1064 4630 1187 4669 cum
1221 4614 1506 4686 περίψημα
1535 4629 1592 4669 se
1622 4613 1777 4670 dixit.
1806 4613 1967 4670 Aliud
1994 4629 2110 4669 om-

534 4708 669 4761 nino
703 4705 908 4760 Graacis
958 4706 1072 4759 haec
1112 4722 1213 4759 vox
1251 4716 1429 4761 sonat.
1462 4705 1618 4761 Certe
1663 4707 1951 4762 unanimes
2001 4722 2108 4761 non

532 4797 757 4854 fuerunt
783 4797 1089 4852 Memnonis
1114 4812 1261 4862 aves,
1285 4797 1352 4851 de
1375 4797 1573 4867 quibus
1588 4796 1920 4867 Hesychius:
1941 4799 2110 4851 Ἀντί-

528 4893 723 4965 ψυχοι,
758 4891 898 4943 οὕτω
945 4889 1231 4943 καλοῦνται
1264 4891 1312 4942 oi
1356 4891 1635 4959 Μέμνονος
1686 4890 1928 4961 ὄρνιθες·
1982 4878 2105 4956 illae,

532 4983 759 5047 scilicet,
793 4982 860 5035 de
891 4981 1093 5051 quibus
1128 4979 1353 5036 Ovidius
1388 4981 1604 5035 Metam.
1642 4982 1737 5036 lib.
1773 5000 1908 5036 xui:

607 5135 741 5188 Tum
768 5136 871 5188 duo
896 5138 1103 5190 diversa
1129 5137 1307 5205 populi
1331 5137 1395 5189 de
1416 5146 1564 5206 parte
1592 5138 1787 5205 feroces

602 5206 756 5277 l_3_ella
777 5216 984 5275 gerunt,
1008 5208 1295 5276 rostrisque
1315 5217 1363 5260 et
1392 5208 1615 5261 aduncis
1641 5209 1901 5277 unguibus
1925 5210 2034 5262 iras

602 5275 883 5347 Exercent,
915 5277 1131 5345 alasque
1162 5275 1483 5347 adversaque
1508 5275 1730 5346 pectora'
1751 5278 1997 5343 lassant;

603 5344 921 5470 {Inferiarque
952 5344 1147 5401 cadunt
1183 5348 1346 5401 cineri
1375 5344 1599 5416 cognata
1631 5348 1835 5415 sepulto

649 5432 860 5470 oraora.

649 5432 860 5484 crpore.

604 5546 681 5603 Ita
752 5549 896 5620 apud
960 5548 1260 5607 Lucianum
1321 5553 1577 5622 χρήματα
1631 5553 1897 5625 ἀντίψυχα
1970 5553 2106 5605 διδό-

531 5658 619 5697 ναι
652 5653 733 5696 est
759 5644 1043 5713 pecuniam
1082 5660 1180 5713 pro
1226 5645 1405 5698 anima
1432 5683 1446 5707 ,
1489 5643 1541 5696 id
1571 5653 1654 5697 est
1680 5659 1779 5713 pro
1819 5646 1924 5697 vita
1956 5644 2104 5698 redi-

530 5734 728 5791 menda
781 5733 929 5789 dare.
977 5732 1092 5789 Mos
1143 5734 1306 5787 etiam
1338 5741 1455 5785 erat
1512 5733 1655 5801 apud
1708 5730 2009 5795 Romanos,
2046 5740 2105 5785 ut

522 5826 701 5903 Laliqui
721 5840 821 5898 pro
852 5826 1025 5883 salute
1060 5823 1404 5897 imperatoris
1436 5823 1599 5881 morti
1639 5839 1699 5885 se
1746 5824 2096 5882 devoverent.

2214 4619 2311 4674 vit.
2362 4617 2459 4675 His
2510 4621 2739 4677 vocibus
2773 4620 3083 4691 ἐλάχιστος,
3120 4630 3173 4677 et
3212 4621 3621 4693 ἐλαχιστότερος
3649 4638 3777 4678 nus-

2211 4726 2379 4780 quam
2436 4726 2571 4767 usus
2622 4720 2706 4767 cst
2754 4710 3035 4782 lgnatius;
3088 4729 3155 4767 ne
3216 4713 3384 4769 semel
3436 4713 3654 4783 quidem
3712 4713 3788 4767 ita

2212 4802 2474 4871 loquitur.
2504 4801 2680 4857 Simili
2735 4818 2902 4868 voce,
2937 4804 2983 4859 si
3032 4813 3088 4858 et
3113 4804 3205 4859 illa
3255 4805 3451 4860 similis
3482 4807 3571 4871 sit,
3620 4808 3791 4861 semel

2214 4905 2423 4951 tantum
2471 4898 2679 4961 utitur,
2724 4900 2799 4961 ὡς
2848 4899 3167 4971 μικρότερος
3214 4898 3403 4968 ὑμῶν,
3438 4899 3663 4967 epistola
3719 4899 3789 4953 ad

2210 4989 2552 5060 Maguesios,
2607 5006 2838 5059 eamque
2885 5006 3073 5046 vocem
3109 5008 3217 5045 non
3258 5008 3325 5046 ex
3355 4990 3414 5045 S.
3446 4991 3653 5059 Paulo,
3691 4994 3789 5048 sed

2209 5084 2292 5137 vel
2320 5082 2379 5139 S.
2410 5082 2685 5149 Matthazo,
2712 5086 2793 5138 vel
2826 5082 2884 5137 S.
2906 5083 3052 5139 Luca
3083 5085 3305 5139 haurire
3335 5086 3530 5155 potuit.
3558 5084 3789 5157 Reliqua

2210 5174 2393 5227 omnia
2418 5189 2543 5243 quae
2568 5189 2633 5228 ex
2672 5173 2883 5244 lgnatio
2910 5175 3063 5241 citat,
3096 5176 3162 5230 ad
3197 5175 3304 5231 alia
3335 5177 3569 5246 apostoli
3597 5182 3788 5245 verba,

2210 5275 2303 5318 aut
2334 5266 2440 5320 alia
2473 5267 2635 5321 etiam
2670 5268 2787 5321 loca
2818 5269 3113 5337 pertinent,
3140 5278 3235 5323 aut
3280 5269 3347 5323 ad
3385 5269 3633 5325 Paulina:
3669 5286 3790 5325 mo-

2207 5355 2395 5409 destiae
2421 5356 2780 5410 imitationem
2806 5358 2997 5413 referri
3024 5360 3250 5414 omnino
3275 5375 3385 5414 non
3408 5370 3657 5430 possunt.
3674 5361 3791 5414 Οὐκ

2207 5447 2354 5513 ἄξιον
2390 5449 2669 5502 καλεῖσθαι
2697 5459 2750 5503 et
2796 5449 3049 5518 λέγεσθαι
3084 5467 3141 5506 se
3170 5452 3338 5518 dixit,
3370 5461 3432 5506 ut
3467 5453 3786 5522 Apostolus,

2206 5541 2304 5593 οὐκ
2354 5542 2535 5603 ἱκανὸς
2587 5542 2867 5595 καλεῖσθαι
2925 5543 3261 5607 Ἀπόστολος.
3316 5544 3422 5600 Sed
3466 5546 3638 5599 multo
3698 5544 3792 5599 hic

2208 5631 2439 5687 Daliaeus
2470 5633 2860 5703 interpolatorc
2906 5637 3154 5706 sagacior
3178 5679 3192 5703 ,
3227 5636 3321 5707 qui
3376 5637 3513 5690 nihil
3541 5636 3792 5689 animad-

2206 5729 2368 5783 vertit
2402 5728 2531 5782 binc
2557 5728 2767 5797 lgnatio
2812 5731 3062 5798 periculi,
3101 5731 3335 5800 ideoque
3375 5745 3497 5799 pro,
3531 5728 3655 5782 ὅθεν
3688 5729 3789 5781 οὐκ

2206 5822 2356 5891 ἄξιός
2406 5823 2521 5894 ειμι
2555 5821 2872 5893 καλεῖσθαι,
2907 5824 3011 5881 ista
3064 5825 3338 5897 reposuit,
3376 5819 3444 5895 ἧς
3493 5822 3593 5876 οὐκ
3638 5820 3789 5888 ἄξιός
