4138 6406
316 353 420 407 461

315 566 564 622 Paulinis
588 568 916 639 respondere
938 568 1272 623 viderentur.
1291 569 1402 639 ῦὺχ
1421 570 1496 632 ὡς
1518 567 1592 621 ὢν
1613 581 1716 631 τις,
1734 566 1903 623 semei

313 675 350 714 a
374 669 566 713 nostro
600 668 1016 730 usurpatum,et
1041 660 1259 729 quidem
1290 660 1343 714 in
1374 660 1603 729 epistola
1633 659 1700 713 ad
1725 658 1904 729 Epho—

315 750 434 805 sies
468 752 635 819 (nam
668 750 761 805 illa
809 765 875 805 ex
909 751 1137 821 epistola
1179 751 1247 805 ad
1272 750 1574 806 Tarsenses
1608 759 1662 805 et
1690 748 1900 819 Philip-

315 855 519 911 penses
576 840 816 896 adducta
869 840 939 895 ad
992 842 1236 896 lictorem
1285 844 1609 912 spectant),
1662 841 1898 909 apostoli

317 932 527 991 nuliam
563 932 927 987 imitationem
956 934 1197 988 continet
1222 951 1237 997 ;
1272 934 1365 988 sed
1388 934 1571 1003 potius
1600 934 1899 1003 discipulos

318 1021 566 1078 Simonis
612 1024 964 1103 perstringit,
1018 1026 1112 1095 qui
1157 1025 1298 1080 dixit
1351 1022 1489 1079 εἶναι
1540 1044 1661 1079 τινα
1707 1026 1896 1080 ἑαυτὸν

318 1114 518 1184 μέγαν,
571 1114 691 1169 Act.
722 1130 841 1178 vm,
872 1116 926 1180 9,
961 1125 1020 1171 ut
1071 1126 1197 1171 ante
1237 1114 1490 1173 Theudas
1538 1118 1711 1187 λέγων
1754 1115 1895 1172 εἶναι

310 1222 441 1259 τινα
470 1207 695 1272 ἑαυτὸν,
744 1209 867 1264 Act.
899 1225 954 1273 v,
994 1210 1084 1265 55.
1130 1207 1267 1264 lllud
1315 1220 1496 1266 autem
1545 1212 1775 1281 epistola
1827 1212 1897 1267 ad

314 1296 598 1354 Romanos
631 1300 869 1373 ὴλέημαί
894 1320 979 1367 τις
1010 1299 1149 1357 εἶναι
1171 1303 1281 1357 alio
1310 1311 1539 1372 spectat,
1572 1303 1639 1357 ad
1668 1304 1895 1372 gloriam

312 1400 517 1458 nempe
542 1387 786 1444 futuram
808 1406 873 1446 ex
902 1394 1187 1463 martyrio,
1222 1401 1283 1447 ut
1312 1409 1377 1447 ex
1405 1394 1590 1448 verbis
1620 1394 1896 1464 adiunctis

313 1488 507 1549 patet,
544 1479 638 1533 ἐὰν
681 1481 819 1535 Θεοῦ
866 1484 1125 1553 ἐπιτύχω.
1176 1483 1255 1537 Eo
1281 1486 1501 1553 quidem
1544 1485 1664 1539 loco
1712 1494 1898 1554 aperte

311 1570 644 1641 Apostolum
673 1572 939 1639 imitatur,
975 1576 1035 1629 οὐ
1069 1576 1178 1649 γάρ
1214 1578 1328 1647 εἰμι
1361 1577 1530 1644 ἄξιος,
1564 1576 1639 1630 ὢν
1670 1577 1896 1649 ἔσχατος

313 1660 503 1715 αὐτῶν
537 1661 629 1714 καὶ
672 1661 931 1734 εκτρωμα
952 1704 968 1729 ,
1006 1664 1102 1719 sed
1135 1664 1302 1721 verba
1344 1667 1465 1736 eius
1498 1676 1707 1722 tantum
1736 1683 1898 1724 usur-

315 1762 453 1824 pat,
490 1753 599 1808 alio
646 1769 812 1810 sensu
849 1755 917 1809 de
950 1770 1009 1810 se
1041 1757 1273 1826 accipit,
1308 1758 1402 1828 qui
1436 1774 1548 1813 suae
1597 1760 1894 1813 conditioni

318 1843 885 1899 convenientissimus
913 1842 1038 1899 fuit.
1075 1844 1376 1915 Apostolus
1406 1848 1474 1901 de
1523 1855 1768 1917 tempore
1799 1860 1897 1902 vo-

317 1932 563 1987 cationis
593 1933 869 2002 loquitur,
901 1933 1189 1990 Christum
1239 1936 1341 1990 sibi
1377 1936 1635 2008 ἔσχατον,
1671 1952 1767 1992 seu
1800 1952 1899 2008 po-

317 2031 532 2078 stremo
564 2022 688 2077 loco
719 2032 845 2092 post
876 2038 1069 2079 omnes
1096 2025 1377 2093 apostolos
1403 2036 1567 2097 atque
1594 2028 1757 2083 etiam
1783 2027 1899 2083 fra-

317 2120 440 2169 tres
471 2114 828 2184 apparuisse,
862 2130 922 2171 se
952 2115 1100 2171 enim
1133 2126 1288 2172 extra
1330 2126 1548 2188 tempus
1596 2119 1897 2191 legitimum

317 2205 580 2261 obortum
606 2222 749 2273 esse,
776 2207 1009 2278 ideoque
1028 2209 1251 2264 nomine
1271 2208 1518 2280 Apostoli
1542 2210 1630 2265 vix
1650 2211 1897 2282 dignum,

315 2298 475 2367 quod
516 2297 817 2355 Ecclesiam
852 2310 1174 2370 persecutus
1207 2302 1299 2357 sit.
1332 2300 1533 2357 Noster
1563 2317 1671 2358 non
1702 2303 1770 2359 de
1803 2318 1900 2358 vo-

318 2391 564 2457 catione,
598 2392 694 2448 sed
735 2393 804 2448 de
834 2394 1294 2450 condemnatione
1335 2412 1434 2452 sua
1467 2397 1739 2468 loquitur,
1791 2413 1898 2468 qua

318 2482 396 2537 de
442 2484 642 2554 populo
692 2485 1041 2541 Antiocheno
1096 2488 1319 2544 excisus
1385 2487 1527 2556 fuit,
1574 2497 1628 2544 et
1677 2489 1899 2546 inﬁmus

316 2586 520 2628 eorum
555 2573 753 2641 factus,
782 2576 853 2630 ab
881 2575 1125 2634 Ecclesia
1158 2587 1435 2634 extractus
1455 2618 1471 2643 ,
1509 2587 1564 2634 et
1594 2580 1662 2634 ad
1694 2582 1902 2651 suppli-

317 2665 479 2720 cium
508 2666 706 2723 ductus
739 2682 917 2737 neque
950 2668 1384 2725 misericordiam
1417 2670 1583 2725 aliam
1636 2686 1901 2728 consecu‘

320 2766 439 2825 tus,
474 2774 638 2829 quam
673 2769 733 2815 ut
754 2776 851 2830 per
878 2761 1201 2833 martyrium
1235 2759 1347 2817 Deo
1378 2761 1483 2816 frui
1518 2771 1723 2832 posset.

400 2850 479 2906 De
524 2853 745 2908 arcanus
789 2863 845 2909 et
878 2854 946 2908 de
974 2855 1161 2925 pueris
1190 2854 1303 2924 iam
1337 2862 1463 2908 ante
1494 2855 1755 2910 diximus.
1792 2855 1899 2910 Sed

318 2946 476 3015 quod
513 2946 645 3001 illud
680 2946 927 3016 Apostoli
953 2986 969 3011 ,
1012 2946 1220 3000 Donate
1258 2947 1388 2999 mihi
1432 2946 1566 3000 hanc
1606 2946 1898 3015 injuriam,

320 3047 525 3094 nostro
568 3042 815 3111 obiiciat,
867 3042 1032 3111 idque
1081 3050 1345 3112 tanquam
1376 3040 1710 3106 aifectatum,
1745 3051 1799 3097 et
1832 3044 1899 3097 ad

1137 352 1501 410 PEARSONII
1534 351 1853 409 VINDICL‘E
1891 351 2310 410 lGNATlAN/E.
2362 382 2429 393 —-
2464 351 2644 407 PARS
2682 347 2747 404 ll.

316 471 436 541 ειμι
468 468 749 524 καλεῖσθαι
782 469 1098 535 ἒπίσκοπος,
1133 481 1194 527 ut
1220 472 1381 527 verba
1403 470 1684 542 lgnatiana
1721 472 1892 542 magis
1921 475 1969 533 Α

3471 352 3570 407 ιεε

2064 481 2208 526 sunt.
2251 470 2325 523 De
2354 470 2692 538 inscriptione
2706 468 2939 539 epistolae
2973 468 3042 539 ad
3076 466 3354 539 Romanos
3382 467 3571 539 dispu-

2076 551 2261 604 tatur,
2315 542 2462 594 etde
2507 536 2605 592 illa
2657 536 2741 592 ad
2782 536 3264 605 Philadelphenses.
3327 536 3571 593 Aliorum

2071 611 2309 678 exempla
2337 622 2514 662 nostro
2547 626 2649 662 non
2681 608 2944 678 ofﬁciunt.
2986 606 3305 675 Conjectura
3328 608 3392 662 de
3424 609 3572 663 mala

2072 682 2372 735 imitatione
2410 681 2577 749 ipsius
2630 678 2833 749 Ignatii
2875 679 2940 731 ab
3000 679 3281 749 imipostore
3324 679 3571 733 instituta

2071 751 2395 819 exploditur.
2429 747 2810 820 Argumentum
2832 765 2883 820 αα
2913 747 3307 815 repetitionibus
3352 748 3569 802 ductum

2070 818 2226 891 plane
2250 820 2497 890 frivolum
2511 818 2636 873 'esse
2656 818 2972 872 ostenditur.

2071 933 2262 1005 Capite
2285 933 2355 989 30
2374 933 2754 1001 inscriptiones
2772 931 3124 1001 epistolarum
3149 932 3387 1002 exagitat
3409 931 3568 1003 quasi

1998 1025 2392 1097 longiusculas,
2418 1024 2547 1079 etin
2581 1023 2666 1079 bis
2696 1021 3027 1093 κακοζηλίαν
3048 1022 3415 1092 reprehendit.
3442 1020 3571 1075 lmi-

2001 1117 2102 1171 tari
2123 1114 2387 1185 lgnatium
2422 1121 2671 1168 nostrum
2706 1112 2767 1167 S.
2798 1111 2954 1165 Pauli
2984 1110 3369 1180 inscriptiones
3389 1148 3405 1173 ,
3455 1124 3568 1164 non

1998 1207 2184 1262 minus
2210 1221 2374 1275 quam
2399 1204 2638 1274 reliquas
2660 1203 3017 1273 epistolarum
3042 1200 3562 1271 particulasfateor;

1997 1298 2308 1367 exemplum
2331 1296 2479 1351 enim
2515 1296 2696 1364 aptius
2736 1303 2832 1347 aut
2860 1293 3178 1363 praeclarius
3218 1292 3324 1346 sibi
3364 1307 3569 1361 propc-

1997 1404 2131 1443 nere
2159 1403 2267 1442 non
2292 1385 2506 1456 potuit;
2536 1384 2628 1440 sed
2654 1399 2906 1453 perverse
2929 1392 3024 1437 aut
3062 1382 3357 1437 infeliciter
3402 1382 3454 1437 id
3498 1386 3568 1437 ab

1997 1498 2064 1538 eo
2096 1482 2297 1536 factum
2348 1493 2473 1535 esse
2512 1492 2672 1547 nego.
2720 1495 2739 1528 ι
2772 1475 3089 1545 Apostolus,
3142 1474 3343 1544 inquit,
3399 1474 3569 1530 semel

1997 1582 2164 1643 atque
2190 1572 2386 1627 iterum
2419 1569 2475 1625 id
2512 1567 2735 1633 fecerat,
2754 1570 2992 1637 scriptor
3022 1574 3211 1621 noster
3232 1566 3286 1621 in
3310 1566 3568 1622 omnibus

1995 1681 2134 1735 pene
2169 1663 2437 1734 epistolis.
2460 1681 2478 1715 ι
2513 1662 2629 1718 lloc
2673 1662 2851 1731 primo
2879 1660 3079 1715 falsum
3108 1668 3212 1723 est,
3242 1667 3299 1714 et
3342 1658 3566 1728 quidem

1996 1773 2064 1810 ex
2109 1766 2339 1825 utraque
2367 1764 2540 1826 parte.
2594 1752 2739 1807 lnter
2790 1752 2859 1806 M
2885 1752 3145 1821 epistolas
3175 1750 3436 1805 Paulinas
3472 1764 3566 1805 eas

2002 1847 2149 1902 solas
2178 1846 2379 1901 fatetur
2401 1861 2524 1901 esse
2547 1844 2942 1914 longiusculas,
2967 1858 3090 1913 quae
3114 1842 3330 1911 scriptae
3348 1849 3476 1897 sunt
3498 1840 3565 1896 ad

2000 1936 2279 1992 Romanos
2305 1946 2359 1991 et
2402 1938 2471 1992 ad
2504 1936 2712 1990 Titum.
2754 1936 2824 1989 At
2877 1934 3161 2003 inscriptio
3198 1932 3454 2003 Epistolas
3495 1932 3564 1986 ad

1997 2030 2216 2085 Galatas
2248 2029 2489 2100 quinque
2509 2028 2795 2083 versiculis
2825 2035 3107 2091 constans,
3155 2041 3277 2081 eam
3326 2040 3449 2094 qua:
3496 2024 3564 2078 ad

1999 2122 2182 2178 Titum
2209 2133 2311 2188 est,
2349 2123 2533 2192 potius
2559 2128 2803 2190 superat.
2842 2116 3031 2187 Neque
3063 2132 3192 2171 vero
3222 2116 3395 2170 multo
3439 2116 3563 2169 bre—

1999 2216 2117 2271 vior
2145 2214 2317 2285 prima
2350 2213 2417 2267 ad
2444 2211 2761 2268 Corinthios
2786 2228 2804 2266 :
2831 2220 2978 2265 certe
3016 2208 3231 2278 longior
3261 2205 3563 2277 lgnatiaua,

1998 2309 2082 2363 vel
2120 2306 2187 2361 ad
2221 2304 2554 2376 Smyrnaos,
2603 2302 2691 2356 vel
2724 2301 2792 2356 ad
2816 2299 3198 2370 Polycarpum,
3226 2298 3309 2353 vel
3338 2298 3405 2352 ad
3453 2297 3565 2351 Ma—

1985 2398 2229 2471 gneslos,
2254 2394 2341 2451 vel
2368 2395 2433 2449 ad
2468 2392 2805 2455 Tralleslos;
2832 2391 3058 2462 aequalis
3087 2390 3164 2445 illi
3188 2389 3254 2445 ad
3278 2388 3564 2460 Ephesios,

1985 2504 2110 2562 quae
2132 2487 2365 2543 fortasse
2388 2485 2633 2541 omnium
2671 2485 2812 2555 apud
2842 2492 3087 2538 nostrum
3116 2481 3435 2552 longissima
3460 2490 3565 2535 est.

2059 2582 2167 2638 Sed
2194 2594 2452 2652 perverse
2499 2586 2683 2633 tamen
2710 2583 2765 2629 et
2784 2572 3077 2627 infeliciter
3124 2568 3358 2623 imitatio
3393 2568 3560 2621 insti-

1987 2684 2102 2730 tuta
2127 2684 2245 2739 est;
2278 2672 2406 2742 quia
2434 2666 2820 2738 inscriptiones
2842 2677 3058 2728 omnes,
3076 2675 3215 2730 quas
3242 2673 3345 2715 nos
3370 2655 3560 2712 defen-

1986 2767 2191 2833 dimus,
2220 2780 2327 2819 una
2354 2763 2422 2817 ad
2451 2756 2814 2831 Poiycarpum
2836 2764 3082 2822 excepta,
3110 2760 3164 2807 et
3201 2749 3479 2806 laciniosa:
3505 2756 3561 2803 ct

1986 2857 2421 2928 impeditissima:
2462 2859 2613 2917 sunt,
2644 2848 2888 2919 quaedam
2944 2844 3110 2899 etiam
3162 2842 3325 2912 plane
3370 2838 3559 2909 prodi-

1990 2951 2177 3020 giosae.
2204 2947 2309 3000 Ain
2338 2960 2466 3000 vero
2524 2941 2933 3011 inscriptiones,
2981 2946 3176 3007 praeter
3227 2933 3446 2988 unicam
3491 2930 3561 2984 ad

1990 3042 2373 3112 Polycarpum,
2390 3036 2684 3091 laciuiosas
2698 3042 2750 3087 et
2764 3030 3211 3101 impeditissimas
3228 3025 3382 3081 esse?
3401 3020 3559 3079 Certe

320 3137 600 3193 orationis
630 3151 911 3208 pompam,
945 3137 1138 3191 miror.
1172 3136 1465 3207 Gregorius
1496 3136 1891 3207 Nazianzenus.
1925 3149 1970 3211 ο
1993 3132 2279 3202 inscriptio
2306 3131 2373 3186 ad
2411 3130 2721 3200 Smyrnaeos
2742 3125 2878 3182 satis
2900 3123 3153 3193 expedita
3175 3128 3260 3175 est
3280 3137 3293 3173 :
3313 3118 3383 3173 ab
3406 3116 3563 3171 initio

320 3230 660 3300 purissimus
686 3229 941 3298 scriptor,
969 3228 1171 3298 saepius
1200 3229 1388 3283 eadem
1423 3228 1597 3283 forma
1626 3244 1763 3284 usus
1795 3236 1897 3284 est.

320 3318 591 3374 Oratione
618 3320 691 3374 25
717 3338 730 3373 :
766 3320 829 3372 Ei
861 3320 919 3373 δὲ
951 3320 1031 3373 ὅτι
1063 3319 1490 3392 τυραννούμενος
1523 3319 1673 3391 φέρω
1696 3359 1710 3383 ,
1744 3316 1903 3372 τοῦτο

317 3411 503 3468 ἀδικῶ
526 3452 541 3477 ,
576 3411 872 3484 χαρίσασθέ
926 3430 1014 3482 μοι
1064 3412 1163 3483 τὴν
1194 3410 1403 3465 ἀδικίαν
1434 3410 1653 3481 ταύτην.
1695 3428 1713 3461 ι
1744 3408 1902 3476 Quod

322 3505 376 3559 si
408 3512 693 3573 propterea
724 3504 979 3572 iniuriam
1018 3502 1177 3570 facio,
1203 3503 1331 3572 quia
1366 3501 1650 3574 tyrannide
1681 3516 1903 3570 pressus

320 3608 491 3664 aequo
538 3596 724 3648 animo
770 3592 925 3659 fero,
969 3594 1171 3648 donate
1214 3591 1349 3646 mihi
1394 3592 1534 3645 hanc
1570 3589 1847 3659 iniuriam.
1876 3607 1897 3641 ι

323 3684 532 3740 lterum
575 3686 823 3740 oratione
866 3685 971 3739 ἶνες
1006 3685 1070 3737 Et
1102 3682 1273 3738 ταῦτα.
1320 3681 1469 3735 δεινὰ
1501 3681 1724 3749 γέγονε,
1760 3697 1902 3752 παρ-

321 3775 588 3847 ελήλυθε·
643 3776 939 3848 χαρίσασθέ
992 3792 1080 3847 μοι
1124 3775 1222 3846 τὴν
1270 3772 1484 3827 ἀδικίαν
1514 3770 1735 3841 ταύτην.
1777 3787 1796 3821 ι
1845 3770 1901 3825 Si

322 3868 453 3923 haec
479 3867 667 3937 gravia
691 3866 913 3930 fuerint,
933 3866 1348 3936 praeterierunt,
1375 3864 1577 3917 donate
1605 3862 1739 3916 mihi
1763 3862 1904 3917 hanc

321 3956 614 4026 iniuriam.
646 3975 665 4007 ι
707 3958 772 4011 At
817 3965 1005 4011 noster
1055 3971 1123 4010 ne
1161 3956 1268 4010 hac
1306 3953 1525 4023 quidem
1564 3950 1737 4006 forma
1771 3968 1904 4009 usus

320 4057 441 4112 est,
479 4058 576 4103 aut
604 4048 903 4119 quidquam
938 4049 1015 4103 illi
1042 4049 1222 4103 simile
1251 4048 1409 4102 dixit.
1446 4045 1626 4102 ironia
1650 4057 1732 4102 est
1758 4046 1903 4116 apud

320 4142 681 4211 Apostolum,
725 4150 780 4195 et
810 4141 1029 4211 quidem
1084 4139 1373 4194 manifesta
1409 4141 1508 4210 (ut
1537 4147 1593 4193 et
1623 4138 1763 4209 apud
1798 4134 1904 4191 Na-

322 4233 686 4303 aianzeuum)
714 4247 821 4302 qua
860 4231 1097 4301 graviter
1122 4228 1438 4284 Corinthios
1470 4229 1740 4299 obiurgat,
1767 4227 1905 4298 μετὰ

323 4321 537 4392 πολλῆς
586 4322 887 4394 βαρύτητος
948 4321 1112 4393 ἔθηκε
1158 4322 1257 4392 τὴν
1307 4322 1655 4392 ἐπιτίμησιν,
1708 4321 1801 4374 καὶ
1844 4321 1906 4375 τὸ

1991 3225 2059 3280 ad
2089 3224 2254 3278 linem
2281 3220 2565 3292 aequaliter
2580 3218 2732 3281 ﬂuit;
2765 3215 2916 3269 nullo
2946 3212 3108 3267 modo
3133 3209 3315 3264 hiulca
3353 3217 3449 3263 aut
3478 3207 3562 3258 in-

1990 3324 2236 3386 terrupta
2266 3322 2381 3379 est;
2407 3312 2621 3383 singula
2645 3317 2827 3364 autem
2858 3307 3063 3375 optime
3086 3304 3382 3358 cohaerent.
3407 3297 3559 3365 Quo-

1992 3410 2139 3467 circa
2172 3422 2281 3461 non
2305 3407 2487 3460 minus
2526 3404 2630 3458 ista
2654 3415 2817 3470 quam
2858 3398 3033 3468 ipsius
3083 3408 3269 3449 comes
3297 3393 3365 3445 ad
3398 3389 3561 3459 Poly—

1992 3516 2241 3571 carpum,
2268 3497 2589 3567 excipienda
2621 3494 2743 3548 fuit.
2786 3492 2932 3545 idem
2962 3487 3253 3543 dicendum
3274 3484 3340 3537 de
3371 3481 3463 3535 illa
3492 3487 3562 3534 ad

1994 3593 2283 3665 Ephesios,
2314 3591 2381 3646 de
2405 3590 2499 3643 illa
2529 3586 2691 3641 etiam
2722 3584 2790 3639 ad
2819 3581 3154 3644 Trallesios;
3198 3593 3374 3646 neque
3413 3575 3560 3631 enim

1993 3697 2184 3743 contra
2208 3685 2311 3740 bas
2335 3683 2419 3739 vel
2461 3697 2569 3735 una
2616 3676 2933 3746 exceptione
2962 3674 3133 3729 utitur
3178 3671 3262 3725 vir
3312 3669 3540 3726 doctissi

1995 3796 2139 3836 mus.
2170 3777 2308 3832 Tres
2338 3776 2505 3846 igitur
2558 3768 2938 3825 tantummodo
2980 3772 3305 3835 supersunt,
3358 3763 3563 3833 quibus

1994 3871 2125 3943 quid
2156 3871 2320 3924 habet
2347 3867 2493 3936 quod
2526 3862 2750 3933 obiiciat
2778 3859 3081 3913 videamus.

2066 3963 2260 4017 Totam
2292 3961 2443 4014 illam
2488 3959 2554 4012 ad
2614 3955 2893 4010 Romanos
2936 3959 2995 4004 et
3019 3948 3206 4003 Graece
3258 3954 3315 4000 et
3374 3944 3568 3999 Latine

1995 4054 2362 4124 transcripsit,
2387 4060 2442 4107 et
2456 4050 2641 4106 Graeca
2667 4047 2887 4116 quidem
2917 4059 3028 4097 uno
3060 4049 3271 4095 tantum
3302 4037 3569 4093 vocabulo

1994 4148 2131 4204 Θεοῦ
2186 4146 2455 4201 auctiora.
2502 4140 2878 4196 Prolixitatem
2933 4141 3187 4197 accusat;
3221 4129 3464 4186 defendit
3504 4126 3564 4182 S.

1994 4243 2218 4307 Paulus,
2245 4237 2338 4309 qui
2363 4234 2607 4306 epistolae
2633 4247 2746 4289 suae
2781 4231 2847 4284 ad
2869 4228 3115 4284 eamdem
3148 4222 3450 4279 Ecclesiam
3484 4221 3570 4273 in-

1999 4335 2353 4403 scriptionem
2408 4326 2641 4397 praefixit
2690 4321 2917 4391 aequalis
2949 4318 3139 4373 saltem
3188 4311 3567 4383 longitudinis.

324 4415 462 4485 ἑξῆς
504 4415 943 4486 φορτικώτερον,
1004 4415 1182 4485 inquit
1239 4416 1687 4487 Chrysostomus.
1745 4412 1902 4470 Nulla

1997 4424 2210 4480 Meliora
2257 4419 2481 4489 scripsit
2514 4412 2839 4486 Apostolus,
2878 4425 2987 4464 non
3037 4405 3307 4463 breviora.
3335 4402 3570 4457 Coacer-

324 4505 477 4574 apud
515 4504 782 4577 ῐεηθιίιιηι
828 4506 1073 4561 beneﬁt?“
1118 4508 1602 4572 commemoratio.
1636 4505 1783 4560 "una
1815 4507 1873 4561 ίη
1935 4506 2108 4572 Dvata
2157 4520 2211 4567 et
2257 4524 2516 4581 spumosa
2564 4506 2802 4576 epitheta
2845 4503 3103 4565 damnat;
3139 4504 3367 4553 excusat
3392 4495 3573 4567 gentis

320 4593 490 4663 iuriae
520 4597 746 4663 mentio,
782 4596 920 4650 forte
956 4612 1024 4651 ne
1058 4596 1477 4652 condonatiouis
1500 4596 1741 4667 quidem.
1765 4597 1905 4666 Συγ-

324 4692 660 4757 γνωμονεῖτε
696 4698 810 4743 tum
858 4690 925 4743 ad
972 4689 1314 4756 Trallenses,
1350 4698 1464 4745 tum
1499 4690 1568 4744 ad
1625 4689 1906 4744 Romanos

325 4786 517 4855 potius
555 4805 573 4837 ι
613 4788 983 4857 acquiescite,
1023 4791 1076 4842 in
1118 4803 1297 4842 meam
1340 4788 1664 4843 sententiam
1715 4802 1908 4842 conce-

322 4876 479 4938 dite,
519 4897 538 4928 ι
570 4876 952 4948 συγγνώμονές
1005 4896 1095 4949 μοι
1147 4878 1271 4930 ἕστε
1295 4919 1308 4941 ,
1344 4878 1410 4932 ad
1454 4876 1729 4930 Romanos
1767 4891 1907 4945 prato

326 4970 521 5024 sertim
543 5011 556 5035 ,
595 4970 1027 5041 συγγνωμονεῖτέ
1063 4987 1188 5040 μοι,
1226 4968 1299 5040 μὴ
1333 4966 1657 5039 ὲμποδίσητέ
1694 4983 1781 5037 μοι
1811 4964 1911 5036 ξῆ-

328 5079 446 5115 σαι.
484 5080 504 5113 ‹
524 5062 895 5119 Consentiatis
916 5062 1077 5129 mihi,
1100 5078 1169 5115 ne
1204 5061 1591 5129 impedimento
1622 5058 1741 5113 sitis
1773 5072 1912 5127 quo-

326 5153 515 5207 minus
551 5154 752 5207 vivam.
777 5172 795 5205 r
830 5151 888 5207 Si
925 5152 1358 5221 συγγνωμονεῖτε
1393 5157 1687 5212 vertamus,
1715 5148 1913 5218 «igno-

326 5247 490 5311 scite,
522 5264 539 5296 ι
572 5264 640 5302 ne
673 5247 754 5302 sic
786 5246 1006 5315 quidem
1025 5244 1258 5298 Paulino
1276 5241 1593 5316 χαρίζεσθαι
1621 5240 1915 5310 respondet

328 5348 432 5394 aut
452 5339 597 5394 illius
622 5339 816 5393 ironia:
844 5337 1170 5407 elegantiam
1200 5335 1478 5405 exprimit,
1497 5342 1588 5388 aut
1614 5333 1913 5402 quidquam

325 5445 460 5485 cum
496 5430 585 5485 illo‘
618 5431 685 5485 ad
709 5429 1027 5484 Corinthios
1059 5429 1182 5483 loco
1214 5439 1506 5482 commune
1532 5424 1717 5487 habet,
1741 5422 1913 5477 multo

329 5521 517 5577 minus
558 5523 830 5577 orationis
860 5535 1139 5591 pompam.

925 5634 1154 5691 CAPUT
1184 5631 1328 5688 XVI.

330 5729 579 5801 Ignatius
602 5741 781 5785 noster
809 5727 1121 5801 Apostolum
1146 5728 1201 5780 in
1230 5721 1663 5801 inscriptionibus
1719 5722 1911 5791 episto-

398 5802 579 5869 ‘tarum
621 5793 887 5855 imitatur.
939 5796 1070 5862 Qua:
1138 5796 1444 5866 apostolicis
1496 5793 1754 5863 longiores
1806 5808 1912 5846 non

1988 4603 2252 4678 Syrorum
2299 4603 2356 4657 in
2389 4597 2681 4656 scribendo
2724 4609 2879 4658 mos,
2915 4600 2969 4647 et
3009 4588 3295 4644 familiaris
3334 4600 3571 4641 consue-

1990 4696 2140 4759 tudo,
2167 4709 2289 4765 qum
2335 4693 2452 4747 haec
2496 4688 2557 4744 S.
2591 4686 2800 4759 lgnatio
2842 4682 3026 4754 potius
3059 4693 3361 4751 congruere
3388 4686 3576 4731 osten-

1999 4791 2097 4844 dit.
2126 4786 2427 4840 Asiaticum
2459 4778 2716 4849 ioqueudi
2759 4790 2932 4847 genus
2962 4770 3435 4842 reprehendebant
3462 4768 3572 4821 cri-

2002 4881 2093 4937 tici
2124 4887 2375 4941 veteres;
2420 4874 2511 4929 sed
2555 4871 2693 4925 nihil
2739 4868 2887 4923 aliud
2941 4863 3334 4934 exspectabant
3392 4859 3460 4912 ab
3504 4859 3575 4912 iis

2001 4971 2094 5041 qui
2132 4970 2187 5023 in
2212 4967 2342 5022 Asia
2377 4978 2592 5033 semper
2623 4961 2899 5016 vixerunt.
2951 4957 3144 5012 Cicero
3173 4954 3245 5007 De
3268 4952 3429 5006 claris
3452 4966 3575 5003 ora-

2007 5062 2205 5116 toribus
2225 5076 2248 5112 :
2283 5077 2303 5110 ‹
2325 5056 2465 5111 Hine
2493 5054 2719 5108 Asiatici
2762 5060 3010 5106 oratores
3039 5063 3149 5102 non
3187 5041 3576 5101 contemnendi

2007 5152 2224 5223 quidem
2249 5164 2350 5204 nec
2379 5147 2657 5203 celeritate
2680 5158 2781 5198 nec
2809 5140 3001 5211 copia,
3035 5140 3130 5194 sed
3176 5152 3370 5207 parum
3398 5133 3575 5204 pressi

2007 5254 2057 5298 et
2082 5240 2246 5296 nimis
2278 5238 2673 5294 redundantes.
2705 5253 2727 5286 ι
2769 5232 2825 5287 Si
2856 5230 3226 5286 redundantes
3270 5223 3577 5281 et'tumidze

2008 5334 2292 5388 videantur
2316 5327 2699 5399 inscriptiones
2720 5323 3039 5393 lgnatiaum,
3070 5331 3235 5373 nemo
3261 5315 3576 5379 mirabitur,

2012 5423 2103 5493 qui
2130 5429 2408 5477 auctorem
2440 5434 2507 5474 ex
2527 5417 2656 5472 Asia
2683 5416 2768 5469 vel
2797 5414 2952 5485 Syria
2977 5410 3279 5481 profectum
3324 5420 3449 5461 esse
3480 5418 3578 5458 no—

2012 5514 2104 5567 vit.
2137 5513 2295 5567 Alius
2325 5510 2545 5579 quidem
2573 5509 2857 5562 character
2890 5502 3136 5572 epistolis
3166 5494 3576 5554 convenientior

2012 5605 2190 5674 putari
2219 5603 2375 5667 solet,
2408 5602 2500 5655 sed
2537 5597 2919 5652 fa:niliaribus.
2971 5594 3076 5649 Ubi
3105 5593 3173 5647 ad
3199 5590 3471 5644 maximas
3497 5588 3578 5641 ei-

2008 5696 2205 5749 vitates
2267 5693 2544 5754 scribitur,
2610 5688 2811 5761 aliquid
2866 5687 3067 5741 elatius
3113 5682 3448 5739 conceditur.
3500 5677 3582 5731 lla

2007 5796 2164 5843 vetus
2191 5785 2426 5853 scriptor
2448 5782 2574 5852 περὶ
2608 5778 2904 5853 ἑρμηνείας
2940 5776 3043 5833 sub
3065 5773 3323 5830 Demetrii
3344 5768 3580 5825 Pbalcrii
