4138 6390
617 339 727 396 ιίόὖ

1787 338 2138 393 IGNATIUS.
2178 370 2245 379 —-
2275 338 2812 395 PROLEGOMENA.

3779 344 3879 398 ωδ

615 460 853 513 nomine.
892 457 1041 507 Ἐπεὶ
1076 456 1129 507 δὲ
1165 457 1254 507 καὶ
1294 456 1474 506 mils-3i
1496 471 1622 507 ποτε
1645 457 1734 507 καὶ
1759 455 2033 524 βασιλεῦσι
2053 456 2182 525 γρά-

2290 454 2349 508 tii
2380 471 2505 509 cum
2548 457 2650 511 hac
2684 456 2911 527 epistola
2944 458 3295 525 continebat;
3343 460 3490 514 unde
3538 460 3733 516 titulus
3785 462 3876 517 hic

615 568 804 619 φημεν,
843 549 1082 599 ἔστωσαν
1118 547 1357 599 τοιαῦται
1391 548 1444 599 αἱ
1491 548 1766 599 ἐπιστολαὶ
1804 549 1995 619 μικρὸν
2029 547 2191 619 ἐξηρ-

619 644 773 712 μέναι
812 657 945 703 πως.
988 661 1003 689 ι
1031 640 1165 693 Cum
1192 648 1367 693 autem
1408 639 1473 692 ad
1509 639 1755 693 civitates
1796 640 2091 693 scribimus
2140 648 2194 693 et

616 750 787 804 reges,
821 734 927 787 sint
963 734 1097 785 tales
1132 731 1373 800 epistolae
1418 730 1577 799 paulo
1609 729 2016 799 quodammodo
2072 731 2190 785 ela-

616 829 799 880 tiores.
831 844 847 874 ι
883 827 1017 878 Cum
1056 825 1218 894 igitur
1253 824 1364 876 hzec
1397 823 1624 890 epistola
1657 822 1721 875 ad
1756 820 2032 875 Romanos
2055 822 2190 876 scri-

616 928 701 987 pta
746 917 836 981 sit,
870 926 923 969 et
956 916 1023 969 ab
1069 915 1288 968 homine
1318 913 1580 975 Asiatico,
1616 927 1721 965 non
1771 913 1966 965 mirum
2011 912 2056 967 si
2103 912 2188 966 in-

612 1009 840 1077 scriptio
878 1018 931 1061 et
960 1007 1271 1060 redundans
1300 1015 1353 1059 et
1382 1006 1521 1059 elata
1559 1006 1649 1058 sit.
1688 1004 1995 1058 Recolenda
2024 1006 2187 1058 etiam

614 1105 701 1157 hic
728 1111 855 1157 sunt
883 1116 1004 1169 qua:
1035 1100 1100 1153 de
1124 1114 1354 1153 numero
1388 1099 1748 1166 epithetorum
1773 1107 1896 1153 ante
1924 1097 2184 1152 diximus.

614 1195 794 1263 Neque
840 1195 905 1247 de
954 1193 1040 1247 his
1086 1191 1410 1244 sententiam
1462 1189 1715 1243 llalloixii
1760 1205 1961 1254 moror,
1993 1191 2046 1243 in
2080 1206 2189 1259 quo

612 1289 731 1340 viro
758 1284 1021 1354 judicium
1067 1299 1173 1336 non
1217 1291 1427 1335 tantum
1469 1297 1497 1335 a
1530 1282 1755 1345 nostris,
1780 1281 1872 1335 sed
1906 1290 1960 1336 et
1991 1296 2019 1335 a
2050 1282 2187 1346 suis,

612 1390 663 1432 et
690 1395 718 1432 a
750 1378 949 1430 Dallaao
976 1375 1237 1437 maxime,
1270 1374 1589 1442 requiritur.
1627 1372 1821 1439 liejicit
1846 1373 1931 1425 ille
1954 1373 2185 1441 epitheta

617 1485 871 1539 umquam
916 1468 1056 1521 male
1094 1475 1370 1536 congesta,
1422 1481 1544 1534 quae
1592 1480 1714 1518 cum
1756 1464 1884 1518 alibi
1931 1465 2185 1527 admittit,

617 1561 891 1629 rejiciemli
948 1561 1079 1616 satis
1128 1574 1345 1628 gravem
1378 1572 1597 1610 causam
1646 1572 1752 1609 non
1786 1556 1993 1610 habuit.
2029 1555 2183 1621 Quod

616 1666 791 1708 autem
822 1655 1051 1721 vulgata:
1085 1650 1426 1719 inscriptioni
1460 1649 1605 1701 illam
1643 1647 2023 1716 Metaphrastze
2048 1663 2185 1715 pra:-

614 1748 797 1802 tnlerit
846 1746 1171 1807 lialloixius,
1204 1746 1256 1796 in
1289 1758 1352 1796 ea
1385 1758 1443 1796 re
1479 1750 1624 1796 certe
1660 1757 1766 1793 non
1816 1740 1951 1794 adeo
1996 1740 2183 1809 exagi-

615 1840 809 1894 tandus
839 1847 977 1903 crat,
1011 1838 1055 1892 si
1094 1851 1204 1889 rem
1246 1836 1439 1903 ipsam,
1474 1850 1579 1886 non
1611 1833 1729 1901 ejus
1763 1833 2023 1897 rationes,
2052 1847 2184 1887 con-

615 1932 937 1984 sideremus.
985 1925 1293 1994 Inscriptio,
1342 1940 1504 1991 quam
1538 1924 1753 1976 unicam
1784 1923 1871 1975 ille
1909 1921 2062 1987 vidit,
2097 1922 2185 1974 in-

613 2022 956 2089 terpolatoris
1005 2034 1167 2072 manu
1215 2026 1269 2071 et
1319 2023 1521 2069 mutata
1577 2025 1630 2068 et
1664 2024 1820 2068 aucta
1857 2013 1979 2079 fuit,
2013 2028 2187 2082 neque

612 2129 709 2181 pro
743 2115 954 2166 sincera
982 2110 1168 2164 haberi
1197 2109 1402 2162 debuit.
1434 2108 1523 2161 Illa
1548 2118 1752 2169 autem,
1779 2122 1941 2175 quam
1968 2106 2188 2161 exhibet

613 2205 1022 2273 Metaphrastcs,
1066 2202 1110 2255 si
1149 2216 1245 2270 pro
1284 2201 1517 2268 genuina
1560 2200 1868 2263 haberetur,
1901 2214 1929 2251 a
1970 2200 2187 2253 nemine

612 2296 783 2349 refelli
836 2304 1036 2363 posset.
1088 2291 1321 2360 Ideoque
1368 2291 1457 2345 hic
1503 2289 1774 2344 Halloixio
1811 2305 2071 2345 assensus
2101 2296 2185 2345 est

614 2388 894 2451 Usserius;
951 2400 1125 2454 neque
1165 2385 1358 2437 horum
1401 2384 1723 2437 sententiam
1780 2383 1981 2435 Dallaei.
2016 2398 2183 2452 argu-

612 2489 790 2531 menta
826 2478 936 2530 ullo
970 2476 1129 2527 modo
1176 2473 1523 2527 labefactant.
1565 2471 1768 2538 Primo,
1810 2474 2005 2542 inquit,
2040 2491 2059 2524 (
2094 2488 2183 2526 re-

611 2582 815 2640 pugnat
838 2569 1082 2621 omnium
1111 2567 1371 2619 librorum
1403 2565 1555 2629 fides,
1580 2573 1634 2617 et
1655 2564 1966 2617 Graecorum
1995 2574 2049 2617 et
2081 2562 2185 2617 La-

611 2663 872 2724 tinorum,
907 2660 998 2728 qui
1050 2661 1230 2719 istam,
1268 2671 1428 2724 quam
1461 2655 1833 2719 recitavimus,
1871 2655 2185 2724 inscriptio-

612 2770 729 2807 nem
760 2752 1033 2806 exhibent.
1062 2768 1079 2799 ι
1109 2748 1176 2801 At
1204 2762 1394 2801 omnes
1415 2747 1467 2799 hi
1493 2746 1663 2800 Graeci
1692 2747 1813 2799 libri
1836 2748 1943 2800 duo
1976 2755 2183 2800 tantum

610 2854 755 2907 sunt,
782 2842 1227 2913 Nydprnccianus
1255 2849 1307 2893 et
1330 2839 1712 2907 Augustanus;
1753 2847 1981 2907 uterque
2004 2847 2184 2892 autem

609 2940 676 2991 ab
730 2937 930 2991 infelici
977 2932 1381 3002 interpolatoris
1423 2946 1611 2984 manu.
1654 2929 1788 2983 Nam
1821 2930 1991 2985 codex
2019 2930 2186 2985 Medi-

608 3047 736 3085 ceus
770 3031 855 3083 hic
885 3045 983 3083 nos
1008 3027 1273 3091 destituit,
1310 3027 1397 3079 cui
1442 3025 1582 3079 hanc
1611 3025 1893 3093 epistolam
1938 3025 2182 3079 defuisse

2298 544 2350 598 in
2394 561 2499 599 ms.
2531 545 2755 601 Caiensi
2808 546 3064 616 praefixus
3106 559 3357 619 apparet:
3392 550 3714 621 Martyrium
3747 550 3880 607 San-

2294 640 2364 691 cti
2410 638 2611 709 Ignatii
2659 641 2890 709 episcopi
2938 640 3257 706 Antiochia,
3303 645 3409 697 sive
3465 645 3691 713 epistola
3732 645 3876 701 XII.

2291 729 2411 799 Ipsa
2443 738 2623 784 autem
2654 729 2788 784 Acta
2817 732 3139 801 interpolata
3167 744 3318 798 sunt,
3345 744 3398 789 et
3422 750 3486 789 eo
3509 738 3731 805 quidem
3756 739 3879 793 loco

2291 822 2381 876 ubi
2425 822 2655 891 epistola
2709 822 2824 877 haec
2880 823 3173 891 inseritur;
3231 836 3291 880 ut
3330 842 3362 881 a
3399 830 3879 898 perspicacissimo

2291 914 2638 968 Armacbano
2673 914 3023 968 observatum
3057 926 3161 970 est.
3211 919 3389 988 Atque
3428 922 3542 974 hinc
3573 922 3640 975 de
3670 922 3879 977 codici-

2290 1005 2393 1059 bus
2419 1003 2621 1059 Graecis
2647 1012 2699 1058 et
2730 1002 2961 1059 Latinis.
2998 1005 3275 1069 Secundo,
3314 1010 3359 1062 si
3393 1010 3508 1065 hazc
3533 1020 3871 1080 reputemus,

2291 1096 2477 1151 nescio
2527 1096 2802 1165 quomodo
2849 1099 3191 1167 inscriptioni
3226 1100 3608 1171 Metaphrastze
3654 1118 3874 1157 omnem

2298 1189 2479 1242 locum
2503 1188 2918 1258 denegabimus.
2952 1190 3071 1260 Ipse
3092 1191 3370 1261 professus
3404 1202 3487 1247 est
3516 1210 3574 1248 se
3593 1195 3875 1263 epistolam

2292 1279 2432 1333 hanc
2483 1280 2547 1333 ad
2602 1279 2878 1335 Romanos
2924 1283 3015 1335 ἐπὶ
3049 1280 3265 1346 λέξεως,
3324 1284 3390 1337 ad
3438 1284 3665 1338 verbum
3726 1294 3869 1339 tran-

2296 1371 2605 1441 scripsisse,
2634 1381 2689 1427 et
2733 1373 2954 1442 scriptis
2985 1375 3099 1428 suis
3127 1374 3444 1430 inseruisse.
3478 1376 3559 1428 An
3584 1376 3687 1431 hoc
3717 1392 3875 1431 men-

2289 1463 2506 1518 dacium
2549 1478 2671 1519 esse
2715 1465 2983 1528 dicemus,
3030 1467 3329 1535 praesertim
3373 1483 3497 1522 eum
3534 1470 3875 1523 contrarium

2288 1570 2475 1608 verum
2503 1570 2623 1609 esse
2653 1556 2805 1610 nullo
2851 1556 3014 1611 modo
3039 1558 3270 1627 probare
3310 1548 3624 1627 possimus?
3662 1559 3869 1616 Demus

2292 1644 2599 1701 Simeonem
2642 1646 2793 1701 illum
2836 1648 3007 1702 multa
3055 1648 3191 1703 falsa
3244 1652 3561 1719 scripsisse;
3596 1660 3651 1705 at
3678 1652 3872 1708 eadem

2290 1735 2357 1788 ab
2386 1736 2511 1790 aliis
2543 1750 2667 1789 eum
2702 1738 2979 1807 accepisse
3005 1742 3232 1793 omnino
3262 1741 3615 1795 credendum.
3650 1741 3871 1799 Scimus

2289 1831 2458 1883 multa
2492 1845 2615 1899 quae
2646 1831 2885 1900 scripsit,
2919 1832 2986 1885 ab
3018 1832 3259 1887 historia:
3296 1833 3399 1888 ﬁde
3425 1833 3623 1900 aliena,
3658 1836 3726 1889 ab
3750 1836 3874 1891 aliis

2288 1929 2411 1974 ante
2444 1922 2663 1985 tradita,
2697 1932 2751 1975 et
2783 1922 2863 1976 vel
2886 1937 2980 1976 ore
3004 1924 3250 1977 omnium
3276 1925 3586 1991 decantata,
3622 1927 3707 1980 vel
3735 1927 3872 1981 scri—

2288 2011 2395 2079 ptis
2426 2011 2591 2065 ctiam
2628 2015 2884 2067 mandata
2921 2013 3113 2080 fuisse,
3143 2029 3201 2068 ut
3231 2016 3299 2070 iis
3332 2016 3470 2070 nihil
3504 2018 3591 2072 ille
3622 2018 3724 2073 nisi
3755 2035 3871 2073 me-

2286 2102 2516 2157 thodnm
2570 2114 2623 2158 et
2676 2114 2930 2159 ornatum
2973 2107 3283 2163 contulerit.
3324 2106 3524 2163 Habuit
3573 2110 3737 2180 igitur
3782 2111 3871 2165 ille

2285 2196 2572 2264 epistolam
2602 2197 2669 2251 ad
2703 2196 2979 2253 Romanos
3011 2200 3063 2251 in
3100 2199 3250 2255 Actis
3279 2200 3470 2270 lgnatii
3514 2201 3865 2270 descriptam,

2285 2287 2418 2340 Acta
2446 2288 2812 2357 interpolavit,
2837 2290 3021 2343 omnia
3045 2305 3165 2359 qua:
3192 2290 3258 2345 de
3286 2300 3523 2360 martyre
3540 2301 3635 2344 aut
3665 2292 3871 2362 legerat

2288 2388 2384 2433 aut
2415 2378 2725 2443 audiverat,
2746 2381 2800 2434 in
2834 2381 3169 2436 luculentum
3196 2382 3445 2438 ordinem
3486 2384 3723 2453 redegit;
3750 2386 3868 2456 θρί-

2287 2472 2504 2537 stolam,
2550 2481 2608 2526 ut
2654 2474 2954 2537 invenerat,
3000 2474 3223 2529 totidem
3264 2476 3443 2529 verbis
3493 2477 3865 2546 transcripsit.

2285 2562 2361 2617 lta
2384 2564 2599 2619 tandem
2621 2581 2707 2619 res
2729 2566 2836 2620 huc
2858 2566 3013 2630 redit,
3030 2567 3296 2621 utmerito
3314 2583 3555 2636 quaerere
3572 2570 3865 2637 possimus,

2286 2672 2353 2709 an
2397 2657 2484 2710 illa
2527 2657 2817 2725 inscriptio
2844 2673 3007 2727 quam
3048 2658 3102 2711 in
3139 2658 3289 2713 Actis
3318 2657 3510 2729 lgnatii
3550 2661 3754 2715 invenit
3782 2663 3868 2715 in-

2286 2757 2496 2817 terpres
2532 2746 2897 2812 Usserianus;
2930 2764 2999 2801 an
3034 2748 3123 2802 illa
3152 2764 3314 2818 quam
3349 2750 3402 2802 in
3435 2750 3679 2819 ejusdem
3714 2750 3868 2805 Actis

2284 2839 2485 2907 reperit
2510 2837 2731 2893 Simeon
2754 2838 3165 2909 Metaphrastes.
3192 2839 3444 2895 .ludicent
3468 2844 3697 2909 eruditi;
3732 2844 3868 2897 mihi

2286 2930 2501 2985 interim
2546 2942 2740 2986 neutra
2784 2940 2974 2985 nostro
3003 2932 3222 3002 indigna
3262 2933 3495 2989 videtur.
3537 2934 3663 2990 Haec
3702 2936 3869 3007 igitur

2284 3024 2388 3075 erit
2436 3022 2673 3092 legitima
2726 3024 3033 3095 inscriptio,
3082 3024 3129 3079 si
3175 3025 3558 3096 Metaphrasta:
3611 3029 3863 3084 codicem

609 3124 659 3177 et
705 3124 862 3178 docet
916 3130 969 3176 ct
1030 3120 1277 3190 queritur
1328 3117 1683 3172 doctissimus
1736 3116 1983 3173 Vossius.
2042 3117 2182 3183 Quid
2212 3146 2254 3204 ρ
2294 3128 2609 3181 sequamur,
2638 3122 2692 3168 et
2717 3129 2780 3167 ex
2816 3116 3226 3184 comparatione
3259 3132 3380 3171 cum
3415 3118 3662 3187 reliquis,
3697 3135 3863 3177 unam

608 3214 751 3283 quod
782 3228 879 3266 nec
908 3212 961 3265 hi
997 3212 1105 3264 duo
1144 3208 1316 3263 Graeci
1349 3208 1585 3273 codices,
1620 3224 1793 3276 neque
1824 3209 2073 3278 vulgatus
2101 3211 2185 3262 in-

608 3312 815 3369 terpres
865 3298 1092 3353 Latinus
1140 3313 1257 3351 eam
1302 3298 1537 3361 exhibet,
1572 3312 1735 3365 quam
1779 3300 2024 3351 recitavit
2056 3298 2182 3353 Dal-

608 3392 775 3446 laus?
807 3390 903 3443 llic
932 3391 1075 3443 enim
1104 3403 1223 3441 eam
1257 3389 1357 3439 hoc
1390 3388 1509 3440 loco
1541 3386 1728 3450 edidit,
1762 3404 1925 3456 quam
1967 3389 2185 3444 lsaacus

612 3481 837 3537 Vossius
889 3498 951 3535 ex
1015 3480 1267 3535 versione
1328 3476 1621 3531 Usseriana
1674 3478 1928 3543 confecit,
1967 3488 2021 3533 et
2063 3486 2187 3549 post

606 3585 767 3629 notas
796 3576 872 3633 :in
928 3574 1209 3642 epistolam
1263 3573 1327 3625 ad
1380 3572 1653 3625 Romanos
1680 3571 1763 3625 edi
1795 3571 2035 3635 curavit;
2075 3586 2183 3625 non

605 3665 750 3734 quod
792 3664 844 3717 in
877 3665 988 3717 ullo
1037 3664 1224 3717 codice
1257 3663 1328 3715 ita
1365 3664 1651 3732 legeretur.
1683 3662 1775 3717 sed
1816 3662 1963 3731 quod
2002 3662 2076 3715 ita
2111 3662 2187 3715 le-

606 3758 833 3825 gendam
874 3771 993 3810 esse
1032 3772 1095 3808 ex
1144 3755 1307 3808 reteri
1358 3756 1649 3823 interprete
1704 3755 1818 3821 ipse
1864 3754 2178 3822 conjiceret.

608 3848 730 3900 Hac
761 3857 937 3901 autem
968 3845 1247 3901 Usseriani
1284 3847 1593 3914 interpretis
1638 3862 1761 3898 cum
1797 3844 2001 3900 Graecis
2034 3847 2181 3899 codi-

605 3941 761 3994 cibus
793 3956 898 3992 non
928 3940 1062 3993 bene
1098 3940 1451 3992 conveniunt.
1489 3937 1757 3989 Nonnulla
1808 3937 1896 3991 ille
1930 3938 2087 3992 aliter
2127 3939 2182 3991 in

606 4039 707 4084 s'uo
739 4030 924 4083 codice
963 4030 1110 4096 legit,
1143 4039 1202 4081 ut
1238 4043 1337 4096 pro
1372 4028 2064 4100 ήγιασμένῃ,ὴγαπημένῃ,
2086 4043 2185 4097 pro

606 4124 949 4192 ποιήσαντος,
986 4119 1328 4188 θελήσαντος,
1365 4135 1463 4186 pro
1490 4120 1632 4187 ἥτις,
1670 4120 1791 4187 ἥτις
1825 4118 1928 4183 καί,
1968 4134 2068 4187 pro
2086 4136 2205 4188 χω·-

610 4214 746 4283 ρίου,
784 4212 867 4277 (ιιι
901 4212 1132 4277 videtur)
1164 4209 1345 4278 χοροῦ,
1382 4224 1481 4276 pro
1515 4206 1974 4270 ἀξιοεπίτευκτος,
2013 4205 2186 4269 ἀξιοε-

607 4304 865 4363 πίτακτος
889 4342 902 4364 ,
940 4318 1034 4369 pro
1068 4301 1305 4369 ἀγάπης,
1342 4302 1399 4367 ἐν
1432 4299 1621 4369 ἀγάπῃ
1642 4339 1654 4360 ,
1705 4312 1802 4366 pro
1844 4297 2038 4361 αὐτοῦ,
2074 4298 2185 4349 Πα-

606 4397 751 4465 τρός,
789 4410 887 4464 pro
921 4397 975 4446 ὲν
1008 4394 1125 4463 Θεῷ
1159 4394 1251 4446 καὶ
1285 4392 1473 4461 Κυρίῳ
1506 4389 1664 4459 ἡμῶν
1687 4429 1700 4451 ,
1737 4393 1793 4441 ἐν
1844 4388 2031 4459 Κυρίῳ
2062 4387 2182 4458 Θεῷ

2286 3214 2381 3258 aut
2424 3206 2644 3259 alteram
2693 3205 3035 3260 manifestam
3069 3207 3543 3276 interpolationem
3583 3211 3863 3266 tollamus.

2298 3297 2575 3364 Ἰγνάτιος,
2610 3298 2638 3349 ὁ
2671 3297 2763 3350 καὶ
2796 3298 3099 3367 Θεοφόρος,
3148 3302 3213 3369 τῇ
3263 3300 3539 3374 ὴλεημένῃ
3588 3306 3645 3355 ὲν
3697 3322 3866 3373 μεγα-

2285 3386 2519 3457 λειότητι
2562 3388 2776 3460 Πατρὸς
2828 3389 3056 3457 ὑψίστου
3103 3390 3195 3444 καὶ
3260 3392 3432 3462 Ἰησοῦ
3483 3395 3719 3465 Χριστοῦ
3769 3396 3863 3449 τοῦ

2289 3480 2607 3549 μονογενοῦς
2640 3480 2769 3533 Υἱοῦ
2802 3480 2996 3545 αὐτοῦ,
3046 3483 3339 3554 Ἐκκλησία
3391 3487 3722 3561 ἠγαπημένη
3770 3490 3865 3542 καὶ

2286 3570 2671 3643 πεφωτισμένῃ
2704 3574 2762 3625 ὲν
2797 3573 3059 3644 θελήματι
3094 3574 3187 3627 τοῦ
3222 3575 3550 3646 θελήσαντος
3582 3578 3648 3631 τὰ
3685 3579 3865 3633 πάντα

2286 3660 2320 3713 ἆ
2354 3662 2469 3713 ἐστι
2504 3663 2622 3713 κατ’
2655 3662 2875 3733 ἀγάπην
2922 3662 3092 3732 Ἰησοῦ
3126 3665 3363 3735 Χριστοῦ
3385 3667 3477 3720 τοῦ
3512 3668 3645 3721 Θεοῦ
3683 3670 3860 3739 ἡμῶν,

2283 3753 2405 3822 ἥτις
2437 3753 2527 3805 καὶ
2563 3754 2899 3825 προκάθηται
2932 3758 2990 3809 ὲν
3024 3757 3173 3826 τόπῳ
3206 3759 3407 3829 χωρίου
3454 3759 3773 3830 Ῥωμαίων(
3798 3762 3866 3831 ἣν

2285 3845 2377 3897 καὶ
2418 3846 2729 3915 ἀσπάζομαι
2780 3849 2837 3899 ὲν
2896 3848 3119 3917 ὀνόματι
3185 3849 3359 3919 Ἰησοῦ
3426 3851 3661 3922 Χριστοῦ
3723 3853 3865 3905 κατὰ

2287 3938 2465 4008 σάρκα
2503 3938 2593 3990 καὶ
2628 3937 2843 4008 πνεῦμα
2893 3940 3178 4011 ἡνωμένην
3221 3943 3371 4015 πάσῃ
3422 3942 3609 4013 ἐντολῇ
3673 3941 3861 4008 αὐτοῦ,

2286 4029 2717 4101 πεπληρωμένην
2772 4030 2989 4102 χάριτος
3039 4032 3253 4103 Θεοῦ),
3300 4037 3358 4087 ὲν
3403 4033 3621 4106 Χριστῷ
3685 4033 3861 4104 Ἰησοῦ

2284 4119 2359 4189 τῷ
2391 4120 2506 4190 Θεῷ
2542 4120 2770 4192 χαίρειν.
2834 4120 3140 4190 «lgnatius,
3200 4124 3293 4194 qui
3356 4135 3408 4179 et
3472 4124 3858 4192 Theophorus,

2284 4207 2715 4262 misericordiam
2746 4219 3054 4264 consecutae
3082 4211 3135 4264 in
3172 4211 3457 4280 majestate
3494 4212 3673 4268 Patris
3702 4216 3861 4270 altis-

2284 4300 2408 4354 simi
2449 4309 2502 4353 et
2537 4298 2665 4354 Jesu
2698 4300 2905 4356 Christi
2953 4303 3126 4357 solius
3160 4304 3279 4372 ejus
3308 4303 3454 4367 Filii,
3490 4304 3748 4362 Ecclesiae
3776 4311 3863 4363 di-

2283 4392 2454 4455 lectae,
2491 4401 2546 4458 et
2582 4392 2900 4447 illuminata:
2943 4395 3223 4449 voluntate
3252 4395 3481 4449 volentis
3522 4399 3705 4452 omnia
3738 4416 3864 4469 quae

606 4486 781 4557 ἡμῶν,
818 4502 883 4540 ac
909 4486 1161 4553 denique,
1192 4491 1248 4536 ut
1272 4481 1470 4536 Dallteo
1496 4482 1691 4550 placet,
1731 4496 1827 4548 pro
1877 4480 2175 4551 χριστώνυ-
2210 4492 2255 4549 υ
2282 4492 2411 4538 sunt
2434 4484 2733 4537 secundum
2761 4485 3107 4540 dilectionem
3148 4485 3273 4541 Jesu
3300 4486 3501 4543 Christi
3533 4488 3626 4543 Dei
3662 4495 3861 4560 nostri,

609 4594 727 4648 μος,
764 4578 1114 4647 χριστόνομος
1138 4592 1149 4603 ·
1190 4575 1341 4641 plura
1369 4574 1419 4625 in
1448 4588 1513 4627 eo
1546 4588 1653 4625 non
1686 4572 1837 4631 vidit,
1864 4581 1923 4625 ut
1943 4572 2097 4636 Θεοῦ,
2123 4581 2178 4626 et

604 4685 798 4723 rursus
820 4668 975 4730 Θεοῦ,
1012 4668 1191 4719 πίστιν
1225 4666 1338 4727 καὶ,
1362 4664 1453 4716 καὶ
1491 4663 1765 4734 σωτῆρος,
1802 4664 2176 4733 πνευματοφό-

608 4781 737 4835 ρος,
786 4762 919 4816 Θεοῦ
970 4759 1403 4829 παντοκράτορος
1449 4758 1540 4810 καὶ
1565 4798 1578 4820 ,
1627 4757 1842 4826 πάσης,
1878 4758 1969 4810 καὶ
2002 4758 2176 4829 Πατρὶ

605 4855 720 4908 καί.
747 4854 863 4906 Alia
887 4852 1053 4921 igitur
1074 4860 1157 4904 est
1188 4850 1473 4917 inscriptio
1500 4864 1663 4917 quam
1693 4848 1826 4903 vidit
1850 4847 2173 4912 Halloixius,

604 4946 711 5001 alia
759 4960 922 5013 quam
971 4958 1037 4996 ex
1075 4940 1271 4994 Latino
1323 4940 1615 5007 interprete
1662 4938 1899 4994 confecit
1924 4938 2173 5005 Vossius,

604 5036 853 5089 recitavit
881 5032 1133 5087 Dallzeus.
1164 5032 1323 5085 Solus
1358 5031 1521 5100 igitur
1550 5030 1813 5097 interpres
1850 5027 2176 5084 Usserianus

604 5126 831 5179 relictus
858 5134 961 5188 est,
985 5124 1077 5191 qui
1104 5121 1440 5190 inscriptioni
1469 5135 1500 5173 a
1526 5118 1724 5172 Dallaeo
1750 5120 1990 5173 recitatae
2013 5118 2171 5172 fidem

606 5216 802 5281 faciat;
831 5214 975 5283 quod
1004 5214 1223 5283 quidem
1253 5227 1349 5281 per
1376 5226 1461 5265 me
1490 5210 1635 5265 licet.
1671 5208 1817 5263 Nihil
1843 5210 1990 5264 enim
2020 5211 2075 5265 in
2109 5225 2172 5264 ea

602 5307 843 5371 invenio,
870 5306 1013 5374 quod
1057 5304 1112 5358 S.
1146 5304 1355 5375 lgnatio
1382 5304 1543 5358 tribui
1592 5320 1701 5356 non
1749 5303 1944 5357 merito
1977 5303 2171 5372 possit.

604 5395 676 5453 Ut
705 5406 881 5450 tamen
921 5398 1066 5465 quod
1108 5412 1295 5451 verum
1344 5412 1464 5451 esse
1513 5397 1672 5450 video
1720 5395 1898 5448 dicam
1934 5413 1946 5447 :
1987 5410 2173 5464 parem

606 5492 766 5544 fidem
794 5492 1059 5559 interpres
1082 5489 1411 5546 Usserianus
1442 5492 1494 5543 in
1526 5489 1752 5559 epistola
1775 5488 1840 5541 ad
1878 5486 2172 5550 Romanos,

597 5588 647 5640 ci
678 5600 840 5654 quam
874 5588 926 5638 in
960 5586 1081 5639 aliis
1112 5585 1337 5646 obtinet,
1368 5582 1561 5635 mereri
1593 5579 1827 5634 fortasse
1856 5593 1964 5632 non
1995 5578 2178 5632 videa-

596 5690 706 5733 tur.
736 5677 852 5731 Non
880 5679 1021 5732 enim
1050 5694 1168 5730 eam
1202 5692 1267 5731 ex
1303 5674 1533 5743 simplici
1556 5672 1793 5727 editione
1816 5670 2176 5741 genuinarum

596 5771 950 5830 wistolarum
978 5769 1276 5833 transtulit,
1295 5766 1385 5821 sed
1412 5782 1476 5821 ex
1504 5764 1613 5827 illa,
1638 5777 1758 5832 quae
1782 5762 1912 5839 Acta
1943 5760 1998 5815 S.
2022 5758 2175 5829 lgna-

2279 4591 2401 4645 qnze
2427 4585 2479 4629 et
2504 4577 2755 4643 praesidet
2786 4577 2839 4631 in
2869 4579 2989 4633 loco
3010 4579 3247 4647 regionis
3274 4578 3647 4636 Romanorum
3672 4584 3863 4654 (quam

2279 4666 2441 4719 etiam
2496 4665 2673 4720 saluto
2723 4667 2776 4719 in
2817 4669 3040 4723 nomine
3094 4667 3225 4724 Jesu
3280 4671 3507 4734 Christi,
3557 4677 3862 4731 secundum

2277 4771 2496 4809 carnem
2555 4766 2609 4809 et
2664 4757 2915 4825 spiritum
2972 4759 3181 4812 unitam
3235 4759 3384 4813 omni
3427 4762 3685 4816 mandato
3713 4766 3863 4831 ejus,

2277 4848 2489 4917 plenam
2523 4847 2708 4915 gratia:
2729 4846 2858 4916 Dei)
2894 4848 2948 4901 in
2988 4848 3208 4904 Christo
3244 4849 3372 4905 Jesu
3406 4849 3518 4906 Deo
3547 4853 3804 4920 gaudere.
3839 4875 3861 4907 ι

2354 4939 2423 4992 At
2461 4957 2478 4988 ι
2511 4938 2756 5007 epistolae
2790 4940 2856 4993 ad
2891 4937 3394 5010 Philadelphienses
3432 4944 3739 5012 inscriptio,
3778 4945 3867 4997 in-

2276 5030 2414 5099 quit,
2442 5028 2605 5082 etiam
2637 5043 2803 5097 quam
2842 5028 2955 5082 haec
2977 5028 3190 5098 longior
3210 5039 3359 5095 est»
3394 5032 3541 5100 quod
3572 5033 3745 5087 cuivis
3776 5032 3866 5087 vel

2277 5130 2567 5189 utramque
2594 5120 2754 5175 simul
2787 5122 3099 5189 inspicienti
3139 5122 3313 5189 prima
3345 5121 3484 5176 facie
3530 5122 3725 5176 falsum
3767 5124 3858 5178 de-

2276 5212 2649 5282 prehenditur.
2684 5211 2787 5266 nisi
2822 5212 3238 5281 interpolatoris
3287 5214 3574 5282 inscriptio
3607 5229 3729 5267 cum
3763 5231 3862 5285 ge-

2275 5305 2442 5358 nuina
2472 5304 2807 5359 conferatur.
2840 5304 3036 5374 Aliqua
3071 5321 3136 5358 ex
3167 5321 3230 5359 ea
3260 5306 3410 5369 libat,
3441 5316 3499 5359 ut
3522 5315 3576 5359 et
3600 5322 3661 5359 ex
3692 5306 3855 5362 altera

2274 5396 2344 5451 ad
2367 5394 2681 5466 Smyrnaaos
2702 5399 2718 5465 (
2739 5413 2863 5450 nam
2885 5397 2975 5450 illa
3007 5397 3074 5451 ad
3093 5397 3391 5453 Tarsenses
3424 5408 3476 5452 et
3507 5398 3772 5452 Heronem
3793 5416 3849 5454 at

2279 5504 2383 5542 nos
2416 5504 2525 5543 non
2557 5489 2888 5559 pertinent),
2910 5498 2970 5542 ut
3006 5490 3084 5542 illi
3116 5490 3351 5555 videtur,
3374 5490 3583 5558 putida,
3614 5499 3672 5543 ut
3701 5491 3856 5546 mihi.

2274 5580 2531 5648 prazclara
2580 5588 2634 5633 et
2681 5581 3013 5647 apostolica;
3041 5580 3293 5654 judicent
3330 5580 3551 5633 eruditi.
3590 5598 3609 5631 ι
3639 5578 3696 5631 In
3731 5580 3859 5634 aliis

2274 5668 2721 5737 inscriptionibus
2746 5670 3019 5738 quaedam,
3050 5670 3249 5737 inquit,
3281 5669 3459 5723 hiulca
3475 5677 3628 5732 sunt;
3655 5688 3671 5719 ι
3691 5684 3859 5723 unan.

2276 5771 2489 5817 tantum
2525 5762 2590 5817 ad
2614 5760 2923 5832 Magnesios
2944 5762 3226 5829 nominat;
3260 5779 3380 5833 qua:
3409 5778 3533 5818 cnm
3567 5764 3699 5818 satis
3728 5762 3828 5817 bre
