4138 6398
296 434 408 489 465

1156 422 1519 482 ΡΕΑΒ8ΟΝΠ
1572 416 2369 479 ῩῙΝΠῙΟῘᾸΞῚΕΝΑΤΙΑΝᾸΕ.
2410 446 2480 455 —-
2515 414 2697 470 PARS
2730 413 2797 468 lI.

3470 413 3577 467 456

295 552 383 605 vis
404 559 458 605 et
486 565 516 604 ι
541 564 745 620 pompa
770 534 1009 604 maxime
1036 546 1235 613 aliena,
1263 556 1317 602 et
1348 548 1417 602 ab
1441 546 1698 601 omnibus
1721 544 1891 610 vitiis,
1924 553 1973 607 Α
2000 540 2507 595 Philomeliensium
2542 532 2817 594 non'adeo
2843 537 3181 606 przeclaram,
3217 536 3308 590 sed
3349 544 3402 588 et
3432 551 3571 604 prat-

293 643 503 711 quibus
531 642 669 697 alias
697 652 911 709 onerat,
941 642 1112 696 libera
1140 641 1233 705 sit,
1268 651 1529 709 tanquam
1562 638 1745 692 hiulca
1769 651 1896 691 con-

292 737 610 791 demnatur.
662 734 821 803 Quod
851 745 1033 790 tamen
1079 736 1279 789 mirum
1322 741 1409 787 est
1444 730 1893 800 interpolatorem

294 842 413 883 non
446 830 813 898 perspexisse.
840 844 1002 898 quem
1046 827 1256 882 ﬁctoris
1286 826 1371 881 sui
1397 833 1579 881 errata
1604 833 1658 879 et
1686 823 1882 893 prazci-

292 931 410 986 pue
446 918 783 972 elocutionis
816 918 960 972 mala
1000 932 1215 986 semper
1247 916 1609 986 corrigentem
1643 912 1893 966 introdu-

298 1008 383 1062 cit
449 1007 700 1064 Dallaaus.
777 1007 963 1079 Neque
991 1009 1192 1063 mirum
1221 1016 1337 1072 est,
1366 1022 1490 1061 cum
1521 1004 1718 1060 similis
1743 1003 1893 1057 cnal-

298 1101 427 1170 lage
456 1100 511 1153 in
539 1101 954 1156 constructione
987 1099 1129 1169 apud
1154 1099 1393 1169 optimos
1423 1096 1719 1165 scriptorcs
1750 1108 1892 1163 smpe

297 1193 646 1247 observetur.
696 1193 836 1247 Cum
892 1203 1014 1261 post
1042 1206 1231 1247 vocem
1264 1178 1606 1259 εὑλογημένῂ
1647 1185 1891 1241 Ecclesia

296 1294 588 1355 sequatur,
615 1286 871 1355 quamvis
902 1287 1011 1340 alio
1043 1299 1199 1349 casu,
1230 1282 1483 1336 dubitare
1507 1294 1668 1333 nemo
1693 1279 1890 1348 potuit,

294 1379 437 1447 quin
480 1378 547 1432 ad
588 1394 709 1433 eam
745 1378 1028 1434 referenda
1072 1384 1239 1433 esset.
1270 1374 1328 1429 Si
1355 1374 1587 1429 dixisset
1611 1372 1677 1443 ἥν
1712 1372 1891 1425 ἀσπά-

296 1471 465 1540 {opm
492 1471 838 1541 Ἐκκλησίαν,
875 1472 1017 1525 idem
1067 1470 1296 1525 dixisset
1340 1467 1487 1537 quod
1530 1465 1647 1521 fere
1698 1480 1891 1519 omnes

297 1572 431 1615 ante
462 1578 587 1616 eum
618 1562 892 1616 dixerant.
927 1560 1083 1616 Nunc
1109 1576 1234 1616 cum
1266 1560 1656 1613 intercesserat
1690 1572 1890 1609 nomen

293 1654 613 1719 Christi,év
674 1644 757 1719 ᾧ,
816 1666 914 1720 pro
970 1652 1096 1723 ἢνὲν
1150 1653 1300 1723 αὑτῷ
1328 1648 1892 1718 breviterdixit,quod

295 1746 447 1799 idem
477 1753 580 1799 est.

374 1836 443 1888 At
480 1852 498 1885 ι
524 1848 683 1889 nemo
722 1849 788 1887 ex
822 1832 972 1887 omni
1005 1829 1412 1888 Christianismi
1445 1839 1569 1900 post
1608 1828 1889 1899 apostolos

294 1928 567 1982 memoria
616 1928 929 1996 reperitur,
974 1925 1069 1995 qui
1124 1924 1447 1993 hujusmodi
1501 1922 1889 1992 inscriptiones

292 2019 492 2088 quales
518 2019 679 2072 istius
706 2026 857 2083 sunt,
884 2016 1001 2072 suis
1022 2016 1271 2086 epistolis
1294 2014 1543 2085 praeﬁxit.
1564 2035 1583 2067 ι
1611 2013 1884 2069 Fortasse.

293 2112 443 2177 Quid
496 2120 679 2165 autem
738 2110 785 2166 si
844 2124 1005 2163 nemo
1059 2116 1186 2177 post
1237 2108 1520 2177 apostolos
1563 2106 1617 2161 id
1661 2104 1890 2161 fecerit?

295 2202 493 2257 Nonne
528 2203 662 2257 satis
696 2212 800 2269 est,
834 2203 981 2271 quod
1002 2196 1299 2272 Apostolus
1330 2202 1448 2271 ipse
1477 2199 1623 2253 idem
1660 2197 1883 2253 fecerit?

294 2294 505 2351 Habuit
552 2294 607 2349 8.
640 2294 873 2349 Paulum
936 2294 993 2349 8.
1024 2296 1270 2365 lgnatius
1318 2309 1481 2364 quem
1531 2302 1885 2363 sequeretur;

294 2388 583 2441 meliorem
638 2389 793 2457 sequi
829 2403 937 2442 non
982 2387 1179 2457 potuit.
1219 2385 1377 2452 Quod
1411 2388 1466 2440 in
1505 2398 1737 2454 corpore
1777 2384 1890 2451 epi-

294 2480 563 2534 stolarum
596 2495 811 2549 semper
836 2479 985 2545 facit,
1008 2496 1107 2535 cur
1131 2496 1241 2534 non
1267 2488 1321 2533 et
1350 2481 1403 2532 in
1438 2477 1890 2547 inscriptionibus

293 2568 539 2624 faceret?
592 2570 703 2626 Cur
750 2570 1024 2626 Ecclesias
1081 2569 1428 2640 ἀποστολικῷ
1466 2569 1795 2641 χαρακτῆρι,
1833 2577 1891 2622 ut

296 2662 417 2728 ipse
448 2664 733 2731 profitetur
768 2663 834 2717 ad
873 2661 1195 2730 Trallesios,
1231 2677 1339 2717 non
1382 2661 1682 2717 salutaret?
1714 2659 1888 2717 Unica

294 2763 512 2808 tantum
552 2756 784 2825 epistola
839 2764 1034 2825 praeter
1086 2755 1420 2826 apostolicas
1448 2754 1515 2808 ad
1557 2754 1889 2825 singularem

295 2847 540 2916 aliquam
576 2846 878 2901 Ecclesiam
927 2856 1039 2899 tum
1075 2847 1279 2915 scripta
1331 2847 1624 2917 reperitur,
1647 2845 1893 2900 Clemen-

295 2940 369 2992 tis
410 2939 620 2993 scilicet
658 2938 725 2993 ad
754 2938 1095 2993 Corinthios.
1142 2939 1225 2992 An
1258 2954 1420 3009 coges
1466 2938 1737 3008 lgnatium
1767 2936 1887 2992 Cle-

296 3040 538 3084 mentem
577 3030 814 3096 imitari,
861 3029 918 3084 S.
946 3029 1175 3085 P-anlunt
1209 3030 1496 3085 deserere?
1526 3030 1608 3083 An
1638 3028 1889 3084 Clemen—

298 3130 409 3173 tem
443 3121 625 3188 potius
681 3136 847 3189 quam
899 3118 957 3174 8.
987 3119 1219 3175 Paulum
1252 3119 1465 3173 itineris
1498 3120 1753 3173 comitem
1793 3119 1891 3172 ha-

1994 641 2143 687 terea
2174 632 2241 685 ad
2276 647 2466 685 omnes
2491 631 2811 695 catholicos,
2847 629 2961 683 haec
2993 630 3059 683 ad
3112 628 3309 681 fratres
3358 629 3409 680 in
3444 630 3571 681 Asia

1993 733 2049 779 et
2078 723 2313 794 Phrygia
2339 724 2539 792 ubique
2564 722 2913 785 constitutos,
2942 721 3289 791 quibustalia
3321 722 3571 775 encomia

1994 831 2104 870 non
2132 816 2551 879 conveniebant,
2582 814 2885 883 prmsertim
2918 814 2971 867 in
3001 813 3247 881 epistolis
3276 830 3397 881 quae
3438 811 3574 865 nihil

1993 908 2142 961 aliud
2192 923 2358 977 quam
2408 908 2753 961 narrationes
2803 908 3069 975 quasdam
3130 906 3196 960 de
3239 906 3354 959 suis
3410 904 3571 959 rebus

1994 998 2366 1053 continebant.
2403 997 2459 1051 8.
2487 996 2745 1068 Cypriani
2772 1007 2827 1052 et
2880 996 3185 1050 Firmiliani
3228 996 3472 1064 epistola:
3503 996 3567 1047 ad

1992 1104 2257 1159 personas
2282 1090 2586 1159 singulares
2610 1092 2951 1160 plerumque,
2980 1100 3073 1144 aut
3116 1091 3182 1144 de
3226 1090 3441 1158 negotio
3474 1088 3575 1141 ali-

1991 1196 2101 1251 quo
2151 1181 2433 1250 peculiari,
2470 1182 2687 1251 scripta:
2732 1189 2906 1237 sunt:
2949 1191 3003 1236 et
3047 1182 3237 1253 lgnatii
3286 1182 3457 1250 ipsius
3484 1181 3571 1233 iu-

1993 1272 2223 1341 scriptio
2277 1274 2342 1326 ad
2404 1273 2624 1327 unicum
2686 1273 3044 1344 Polycarpum
3081 1275 3216 1328 satis
3273 1274 3455 1327 brevis
3491 1281 3576 1325 est

1992 1375 2156 1434 atque
2185 1364 2427 1420 concisa.
2481 1363 2752 1418 Praeterea
2814 1366 3134 1434 posterioris
3176 1367 3273 1419 zevi
3332 1367 3575 1435 epistolae

1994 1455 2202 1510 similes
2233 1454 2532 1523 lgnatianis
2559 1454 2949 1522 inscriptiones
2992 1454 3194 1508 habere
3222 1454 3373 1507 nullo
3410 1454 3573 1507 modo

1978 1547 2318 1602 debuerunt.
2350 1546 2660 1617 Smyrnaws
2688 1545 2780 1600 ille
2810 1546 2995 1600 laudat
3033 1557 3092 1600 ut
3137 1547 3471 1618 ἠλεημένους
3517 1549 3576 1600 ἐν

1995 1640 2157 1693 παντὶ
2209 1640 2531 1711 χαρίσματι,
2555 1648 2607 1693 et
2641 1640 3037 1709 ἀνυστερήτους
3074 1640 3271 1703 παντὸς
3307 1642 3577 1711 χαρίσμα-

1993 1752 2103 1797 τος,
2154 1748 2275 1803 quaa
2303 1732 2635 1786 charismata
2669 1741 2799 1784 tunc
2827 1731 3091 1801 temporis
3115 1732 3351 1801 plurima
3398 1733 3575 1785 mani-

1997 1825 2131 1881 feste
2158 1825 2213 1878 in
2243 1823 2492 1878 ecclesiis
2524 1823 2883 1892 apparebant,
2927 1823 3192 1891 paulatim
3240 1840 3368 1878 vero
3426 1824 3575 1879 defe-

1991 1926 2202 1971 cerunt.
2235 1916 2393 1971 Certe
2440 1915 2613 1968 multo
2637 1913 2989 1967 verisimilius
3024 1923 3081 1967 ut
3132 1914 3190 1968 8.
3220 1914 3459 1985 lgnatius
3492 1917 3575 1970 vir

1992 2010 2331 2079 apostolicus
2386 2022 2575 2061 revera
2620 2006 2677 2061 S.
2727 2006 2958 2061 Paulum
3013 2008 3066 2061 in
3119 2008 3574 2078 inscriptionibus

1992 2105 2323 2168 imitaretur,
2355 2120 2519 2173 quam
2551 2111 2610 2156 ut
2651 2084 2939 2170 impostor,
2988 2105 3133 2157 circa
3184 2103 3344 2159 tinent
3404 2106 3572 2169 tertii,

1991 2206 2085 2251 aut
2112 2197 2327 2250 initium
2351 2196 2535 2265 quarti
2568 2194 2775 2257 swculi,
2806 2194 3083 2248 hominem
3110 2206 3299 2249 contra
3323 2212 3575 2250 commu-

1990 2304 2114 2343 nem
2140 2290 2305 2343 totius
2336 2288 2595 2343 Ecclesia:
2626 2293 3078 2348 consuetudinem
3099 2293 3167 2345 ab
3198 2292 3570 2360 apostolorum

1992 2387 2234 2448 tempore
2264 2378 2591 2433 scribentem
2633 2380 2877 2449 lingeret.

2067 2469 2182 2526 Sub
2232 2471 2390 2525 titulo
2446 2470 2612 2539 hujus
2664 2475 2972 2542 argumenti
3022 2476 3089 2528 ab
3120 2474 3575 2543 inscriptionibus

1991 2564 2167 2634 petiti,
2195 2564 2262 2619 de
2292 2565 2510 2634 scriptis
2534 2572 2589 2617 et
2612 2565 2773 2620 dictis
2805 2566 2861 2621 S.
2902 2566 3092 2636 lgnatii
3125 2567 3573 2623 dissertationem

1992 2656 2129 2711 mire
2159 2657 2492 2724 introducit;
2522 2660 2614 2713 sed
2640 2661 2884 2713 lictorem
2916 2674 3075 2713 suum
3113 2660 3421 2724 ostendere,
3454 2659 3573 2729 opi-

1992 2764 2118 2817 nor,
2149 2750 2360 2815 voluit,
2393 2764 2501 2803 non
2536 2759 2745 2805 tantum
2802 2747 2861 2803 S.
2917 2748 3091 2817 Pauli,
3148 2753 3241 2808 sed
3292 2761 3345 2806 et
3382 2751 3574 2821 lgnatii

1992 2843 2197 2897 malum
2236 2844 2585 2909 imitatorem,
2612 2844 2727 2897 sive
2754 2844 2970 2899 simiam
3006 2845 3195 2901 fuisse.
3230 2844 3415 2899 Primo
3437 2860 3575 2899 con-

1986 2931 2257 3000 jecturam
2283 2934 2504 3003 promit,
2538 2948 2661 3001 qua:
2688 2948 2756 2985 an
2788 2950 2915 2988 vera
2962 2936 3065 3000 sit,
3094 2952 3161 2989 ne
3198 2936 3334 3005 ipse,
3371 2936 3573 3004 inquit,

1992 3025 2300 3095 perspicere
2323 3027 2521 3094 potuit.
2564 3047 2581 3077 ί
2607 3027 2661 3081 Si
2699 3029 2883 3097 aliqua
2906 3030 3149 3098 lgnatius
3183 3028 3424 3097 scripsit,
3451 3028 3579 3097 ejus

1994 3116 2366 3172 characterem
2420 3118 2487 3171 ad
2522 3118 2707 3173 vivum
2740 3122 3047 3189 exprimere
3082 3120 3269 3174 voluit.
3321 3119 3427 3173 Sed
3470 3121 3576 3174 hoc

299 3215 489 3267 bnisse
538 3214 816 3281 putandus
866 3223 970 3277 est,
1015 3222 1109 3267 aut
1156 3214 1202 3269 si
1254 3222 1510 3267 neutrum
1543 3211 1797 3265 habuerit
1834 3210 1887 3264 in
1918 3241 1962 3301 ο
1995 3224 2064 3263 an
2098 3225 2287 3265 verum
2322 3210 2414 3277 sit,
2461 3212 2751 3281 explorare
2785 3230 2847 3268 ac
2888 3214 3206 3283 perspicere
3243 3228 3348 3267 non
3378 3228 3575 3282 possu-

299 3308 547 3375 scriptis,
576 3321 761 3360 nonne
789 3306 934 3361 hunc
964 3306 1147 3375 potius
1170 3321 1335 3375 quam
1366 3306 1520 3359 illum
1552 3305 1803 3361 intimum
1834 3312 1889 3358 et

300 3399 359 3453 in
390 3398 559 3452 animi
593 3414 815 3453 recessu
856 3398 1089 3452 habuit?
1137 3398 1279 3465 Quid
1316 3398 1464 3468 quod
1494 3396 1748 3453 Clemens
1775 3398 1891 3467 ipse

301 3506 413 3545 non
445 3506 547 3544 suo
581 3492 803 3544 nomine
835 3491 1056 3559 scripsit
1101 3491 1169 3545 ad
1219 3490 1561 3556 Corinthios,
1590 3490 1684 3545 sed
1712 3488 1893 3544 Eccle-

299 3583 385 3637 sia
438 3584 685 3637 Romana
733 3584 822 3636 διὰ
857 3584 1174 3654 Κλήμεντος
1226 3584 1293 3637 ad
1344 3582 1647 3639 Ecclesiam
1691 3582 1891 3637 Corin-

303 3674 567 3741 thiaeam,
589 3691 820 3744 eamque
844 3676 1085 3744 pessima
1109 3676 1427 3731 schismatis
1452 3684 1603 3747 peste
1628 3676 1890 3730 amatam?

298 3764 385 3819 An
419 3775 768 3834 exspectaret
801 3768 1095 3837 quisquam
1128 3776 1186 3821 ut
1207 3766 1453 3823 Ecclesia
1509 3767 1777 3834 Romana,
1811 3777 1890 3823 tot

299 3858 569 3911 cncomiis
592 3858 662 3911 ab
678 3860 941 3928 Apostolo
964 3875 1135 3929 nuper
1150 3868 1365 3925 ornata,
1387 3875 1731 3915 summorum
1755 3875 1889 3929 apo-

300 3951 572 4005 stolorum
616 3951 881 4021 martyrio
905 3951 1068 4006 modo
1101 3960 1385 4019 coronata,
1403 3950 1720 4008 Corinthios
1741 3969 1887 4009 acer-

300 4043 443 4097 rime
478 4044 856 4114 objurgatura,
878 4044 1292 4113 inscriptionem
1316 4044 1729 4100 Corinthiorum
1762 4047 1888 4101 lau-

303 4135 468 4189 dibus
497 4137 711 4204 plenam
743 4136 1059 4190 adhiberet?
1083 4135 1204 4190 Alia
1233 4136 1417 4193 omnia
1444 4137 1657 4206 lgnatio
1688 4152 1888 4193 conve-

306 4228 549 4281 niebant.
569 4226 1009 4281 Florentissimas
1026 4226 1301 4283 Ecclesias
1312 4229 1511 4284 salutat
1524 4229 1637 4299 ipse
1654 4231 1886 4299 unicus;

304 4320 541 4375 vinculis
594 4321 858 4383 innexus,
921 4321 987 4375 ad
1045 4322 1253 4377 bestias
1323 4323 1646 4391 damnatus,
1707 4327 1889 4395 quoti-

303 4414 471 4468 diatva
503 4410 877 4468 Ecclesiarum
898 4414 1301 4469 ministratione
1321 4424 1681 4484 sustentatus,
1714 4418 1890 4488 iisque

305 4508 498 4561 multis
532 4507 852 4561 nominibus
877 4507 1187 4575 devinctus,
1219 4508 1350 4578 quid
1405 4510 1589 4565 minus
1648 4510 1889 4566 scribere

1998 3317 2137 3357 mus.
2162 3322 2180 3354 ›
2213 3302 2380 3370 Quasi
2414 3319 2543 3359 vero
2567 3305 2821 3359 dubitare
2854 3322 2999 3360 nunc
3031 3317 3300 3375 oporteat,
3344 3321 3413 3359 an
3473 3306 3575 3357 ali-

1993 3409 2101 3464 qua
2130 3397 2410 3465 scripserit
2432 3396 2691 3466 lgnatius,
2710 3398 2775 3451 de
2797 3414 2905 3467 qua
2938 3413 2995 3453 re
3022 3399 3295 3452 neminem
3325 3414 3577 3466 unquam

1993 3487 2273 3543 dubitasse
2304 3497 2430 3543 ante
2466 3489 2569 3542 hoc
2621 3487 2808 3542 infelix
2838 3491 3099 3545 saeculum
3154 3492 3437 3554 novimus,
3504 3491 3572 3543 de

1992 3582 2152 3651 cujus
2184 3583 2403 3652 scriptis
2430 3586 2739 3653 complures
2765 3584 2915 3638 omni
2942 3584 3145 3638 sa'culo
3183 3582 3397 3638 locutos
3424 3599 3571 3647 esse,

1993 3674 2061 3727 ab
2085 3674 2205 3742 ipso
2233 3689 2344 3743 quo
2376 3674 2599 3745 scripsit
2637 3690 2782 3729 anno
2831 3676 3057 3729 scimus.
3110 3675 3213 3729 Sel
3238 3676 3421 3744 aliqua
3456 3675 3571 3729 for-

1992 3773 2140 3820 tasse
2168 3765 2273 3819 alia
2304 3766 2507 3833 voluit,
2557 3782 2682 3821 cum
2716 3786 2824 3822 non
2853 3770 2966 3824 haac
3001 3770 3272 3823 admittat.
3332 3770 3401 3821 At
3445 3769 3572 3837 quis

1993 3874 2236 3928 unquam
2264 3856 2398 3913 feret
2428 3860 2696 3925 lictorem,
2733 3862 2821 3916 cui
2852 3862 3242 3916 obstetricatus
3268 3878 3390 3916 esse
3432 3862 3572 3915 dici-

1993 3959 2082 4003 tur
2103 3950 2391 4018 Eusebius,
2428 3968 2491 4005 ea
2514 3951 2703 4021 lgnatii
2737 3953 2938 4021 scripta
2970 3954 3189 4017 vidisse,
3227 3969 3349 4021 quae
3398 3952 3569 4007 Euse-

1990 4042 2115 4097 bius
2138 4042 2251 4111 ipse
2274 4058 2378 4097 non
2412 4044 2562 4109 vidit,
2588 4061 2709 4113 quae
2738 4061 2897 4098 nemo
2930 4056 3078 4108 ante,
3114 4061 3273 4099 neruo
3298 4055 3418 4114 post
3443 4062 3569 4099 eum

1992 4133 2165 4188 oculis
2198 4136 2523 4203 usurpavit?
2555 4134 2829 4201 Quorsum
2864 4136 3026 4205 igitur
3058 4137 3171 4190 haec
3196 4136 3430 4191 scribit?
3463 4138 3571 4190 sei-

1993 4224 2140 4292 licet,
2169 4235 2229 4279 ut
2254 4228 2506 4282 ostendat
2531 4229 2714 4297 aliqua
2738 4228 2929 4297 lgnatii
2955 4238 3139 4282 tenere
3168 4245 3289 4295 nos,
3308 4244 3431 4297 quae
3455 4239 3573 4281 tur-

1995 4334 2116 4387 pem
2139 4319 2458 4388 impostoris
2491 4321 2852 4375 imitationem
2886 4322 3152 4389 produnt;
3194 4322 3288 4375 sed
3335 4322 3481 4376 dicta
3506 4340 3570 4375 ea

1992 4412 2107 4465 vult
2132 4427 2162 4465 a
2190 4411 2247 4466 8.
2277 4422 2535 4483 martyre,
2564 4430 2842 4483 nunquam
2884 4423 3063 4469 autem
3096 4416 3318 4484 scripta.
3348 4414 3403 4483 ⁸Ο
3434 4431 3572 4483 pra:-

1992 4505 2202 4559 clarum
2228 4509 2633 4561 commentum!
2674 4507 2931 4577 Legimus
2966 4508 3107 4576 apud
3156 4506 3444 4576 Origenem
3488 4510 3571 4561 di-

303 4600 486 4667 potuit
513 4614 680 4669 quam
705 4601 854 4669 quod
877 4602 1128 4670 exemplo
1166 4600 1223 4656 S.
1255 4601 1409 4656 Pauli
1435 4603 1690 4673 scripsit?
1720 4602 1882 4675 Poly-

1991 4598 2136 4652 xisse
2179 4596 2479 4667 lgnatium:
2535 4598 2591 4651 '0
2619 4598 2761 4670 ἔρως
2809 4602 2838 4653 ὁ
2870 4600 3000 4669 ἐμὸς
3059 4600 3418 4668 ἐσταύρωται.
3484 4603 3571 4656 An

304 4693 476 4760 carpi,
499 4691 938 4763 Smyrnensium,
957 4693 1422 4765 Lugdunensium,
1441 4695 1695 4767 Cypriani
1725 4698 1886 4751 etiam

302 4793 358 4839 et
388 4782 689 4839 Firmiliani
716 4785 1099 4855 inscriptiones
1131 4786 1334 4841 frustra
1358 4787 1725 4856 adducuntur,
1749 4804 1888 4858 quos

303 4877 508 4931 imitari
546 4876 788 4948 lgnatius
820 4895 930 4933 non
969 4880 1172 4949 potuit,
1208 4889 1397 4951 utpote
1420 4897 1657 4951 quorum
1682 4882 1887 4952 episto-

301 4973 388 5029 las
410 4973 589 5027 serius
618 4974 855 5041 scriptas
874 4990 1155 5044 nunquam
1178 4975 1392 5029 viderit.
1426 4976 1493 5029 At
1516 4975 1615 5040 illi,
1646 4975 1886 5044 inquies,

302 5062 575 5135 lgnatium
611 5066 815 5119 imitari
841 5066 1183 5134 potuissent;
1216 5074 1515 5135 potuerunt
1559 5067 1802 5137 quidem,
1834 5077 1890 5122 et

303 5156 349 5209 si
387 5157 575 5211 eadem
619 5158 839 5211 occasio
871 5173 929 5211 se
955 5158 1261 5225 obtulisset,
1296 5158 1400 5213 sub
1422 5158 1613 5213 iisdem
1649 5158 1890 5213 circum-

303 5250 525 5303 stantiis
557 5249 698 5303 forte
723 5252 865 5304 idem
895 5249 1174 5305 fecissent.
1203 5250 1272 5306 At
1308 5248 1366 5304 S.
1397 5248 1753 5321 Polycarpus,
1788 5266 1889 5304 ne-

303 5356 413 5409 que
432 5341 605 5407 solus,
636 5352 698 5396 ut
730 5341 995 5411 lgnatius,
1019 5358 1195 5412 neque
1217 5358 1281 5397 ea
1313 5342 1627 5397 conditione
1650 5343 1885 5411 positus,

303 5448 482 5501 neque
530 5433 667 5486 adeo
732 5432 1179 5503 Philippensibus
1231 5433 1555 5499 obstrictus,
1616 5433 1710 5487 sed
1758 5448 1883 5487 cum

304 5525 644 5595 presbyteris
669 5527 899 5595 etquasi
931 5525 1193 5582 Ecclesia:
1229 5542 1342 5581 suae
1389 5527 1632 5588 nomine,
1661 5528 1727 5580 ad
1759 5525 1891 5579 Phi-.

304 5617 581 5686 lippcnses
608 5618 721 5672 fere
756 5619 949 5673 eodem
981 5620 1145 5674 modo
1170 5635 1281 5688 quo
1310 5618 1562 5673 Clemens
1592 5618 1659 5672 ad
1689 5618 1885 5673 Corin-

304 5710 449 5765 thios
499 5709 743 5778 scripsit,
780 5711 1015 5780 ideoque
1066 5727 1190 5765 eum
1252 5712 1437 5780 potius
1478 5710 1724 5764 imitatus
1779 5720 1882 5763 est.

309 5797 729 5872 Smyrnensium
756 5803 921 5857 etiam
963 5810 1016 5858 et
1050 5802 1495 5874 Lugdunensium
1524 5803 1768 5873 epistolae
1817 5805 1887 5861 ab

290 5892 557 5951 Ecclesiis
584 5896 771 5952 missa:
803 5903 953 5965 sunt,
987 5906 1039 5952 et
1062 5895 1154 5951 illa
1205 5897 1425 5967 quidem
1476 5896 1543 5952 ad
1586 5894 1883 5953 Ecclesiam

1992 4704 2234 4758 unquam
2276 4687 2515 4759 lgnatius
2543 4691 2670 4743 alibi
2697 4706 2761 4745 ea
2795 4692 2958 4745 verba
2981 4692 3142 4758 dixit,
3168 4707 3334 4760 quam
3372 4694 3425 4746 in
3451 4696 3569 4761 epi:

1992 4781 2173 4835 stola?
2214 4780 2408 4835 Annon
2436 4782 2717 4852 Origenes,
2763 4798 2923 4851 quem
2963 4784 3225 4852 epistolas
3269 4785 3433 4839 hasce
3484 4787 3569 4836 vi-

1989 4875 2138 4930 disse
2167 4890 2266 4944 pro
2289 4884 2439 4930 certo
2461 4874 2749 4940 evicimus,
2783 4890 2847 4928 ex
2902 4876 2990 4928 illa
3046 4877 3112 4931 ad
3144 4876 3422 4931 Romanos
3454 4878 3568 4932 haec

1990 4968 2407 5038 transcripsisse
2436 4968 2709 5038 putandus
2746 4976 2850 5033 est,
2874 4982 2998 5022 cum
3054 4969 3195 5022 hanc
3239 4970 3567 5022 sententiam

1989 5058 2142 5113 alteri
2167 5060 2383 5128 scriptae
2402 5058 2703 5128 adjungat?
2756 5058 2911 5127 Apud
2963 5060 3215 5113 eumdem
3275 5060 3571 5130 Origenem

1989 5151 2189 5207 iterum
2215 5152 2446 5222 legimus
2485 5170 2497 5205 :
2536 5171 2555 5203 ι
2589 5150 2877 5221 Eleganter
2907 5152 2959 5205 in
2991 5152 3279 5221 cujusdam
3309 5156 3567 5222 martyris

1988 5244 2219 5314 epistola
2244 5245 2508 5313 scriptum
2539 5245 2713 5313 reperi
2748 5242 3050 5313 (lgnatium
3075 5244 3220 5307 dico,
3247 5248 3563 5313 episcopum

1988 5319 2292 5392 Antiochiae
2324 5346 2445 5406 post
2467 5335 2683 5390 Petrum
2712 5336 3045 5403 secundum)
3078 5336 3173 5405 qui
3204 5336 3256 5389 in
3306 5352 3563 5404 persecu-

1988 5431 2133 5484 tione
2156 5430 2417 5501 pugnavit
2446 5430 2510 5482 ad
2550 5427 2785 5482 bestias:
2810 5447 2827 5477 ι
2858 5426 3166 5495 Principem
3190 5428 3374 5482 saeculi
3397 5428 3563 5497 hujus

1988 5521 2150 5576 latuit
2171 5522 2456 5592 virginitas
2480 5521 2680 5575 Mariae.
2709 5519 2899 5574 Nonne
2926 5524 3040 5574 haec
3067 5521 3335 5574 sententia
3360 5522 3562 5589 scripta

1986 5614 2206 5677 dicitur,
2239 5623 2291 5668 et
2320 5613 2537 5683 quidem
2574 5614 2624 5665 in
2660 5612 2912 5681 epistola,
2961 5622 3123 5680 atque
3158 5611 3324 5663 etiam
3360 5625 3564 5681 marty-

1986 5708 2098 5763 ris?
2129 5706 2320 5763 Nonne
2366 5717 2569 5776 martyr
2630 5707 2718 5760 ille
2768 5706 2970 5759 diserte
3018 5704 3260 5774 lgnatius
3310 5715 3567 5771 vocatur,

1985 5802 2149 5856 etiam
2180 5802 2467 5869 episcomts
2495 5800 2817 5863 Antiochize,
2850 5814 3030 5853 nonne
3064 5798 3204 5853 idem
3231 5799 3323 5866 qui
3350 5814 3561 5868 pugna-

1989 5896 2064 5950 vit
2095 5895 2159 5951 ad
2187 5894 2426 5951 bestias?
2460 5893 2649 5951 Nonne
2682 5896 2795 5950 hare
2839 5894 3096 5963 praeclara
3130 5894 3423 5960 sententia,
3485 5904 3565 5947 tot
