4138 6418
604 387 707 443 467
1661 394 1717 448 S.
1760 394 2107 451 lGNATlUS.
2146 428 2215 437 ——
2252 396 2783 457 PROLEGOMENA.
3736 402 3846 460 M38

603 511 858 568 Patribus
881 512 1165 569 decantata
1189 528 1256 569 ex
1281 513 1509 585 epistola
1533 513 1722 586 lgnatii
1759 519 1927 572 nostri
1953 520 2021 573 ab
2047 517 2169 573 Ori-
2194 523 2243 580 Α
2269 518 2475 573 dictum
2509 535 2647 574 seex
2677 519 2906 589 epistola
2936 519 3126 593 lgnatii
3144 520 3211 576 ad
3245 520 3525 579 Romanos
3545 520 3852 593 sumpsisse

603 623 759 677 gene,
787 616 839 662 et
872 608 941 663 ab
982 608 1075 662 illo
1122 608 1288 664 etiam
1316 610 1409 680 qui
1458 608 1514 665 S.
1550 609 1751 665 Basilio
1783 612 2005 683 ἀρχαῖος
2032 613 2165 684 ἀνήρ

2269 625 2337 665 ex
2393 609 2575 665 verbis
2620 610 2978 679 sequentibus
3008 651 3023 675 ,
3070 611 3302 665 τοιοῦτοι
3360 612 3469 684 γὰρ
3502 613 3551 666 oi
3612 611 3851 684 ἐρῶντες

602 697 933 767 appellatur,
965 699 1239 769 descripta
1270 710 1373 767 est,
1402 702 1496 756 diu
1548 710 1841 772 antequam
1890 718 1921 758 a
1970 702 2165 759 Dallteo

2269 697 2407 768 ὅπερ
2439 697 2504 751 ἂν
2540 698 2821 769 πάσχωσιν
2855 700 2961 754 ὑπὸ
3010 700 3118 753 τῶν
3152 702 3445 773 ἐρωμένων
3500 702 3619 773 μεθ’
3654 704 3848 775 ἡδονῆς

544 791 551 803 '
601 788 868 857 impostor
890 799 1053 845 natus
1082 806 1204 847 esse
1233 793 1490 863 ﬁngitur?

671 878 869 933 Fateor
905 881 1156 951 equidem
1200 880 1591 954 Hieronymum
1632 885 1923 955 scripsisse
1948 925 1963 947 ,
2008 882 2168 955 lgna-

598 968 735 1023 tium
767 971 934 1025 verba
963 988 1086 1041 quae
1108 974 1252 1042 apud
1276 972 1539 1030 Irenaeum
1568 985 1805 1040 exstant,
1844 985 1974 1029 tunc
2020 976 2172 1030 locu-

599 1069 714 1113 tum
746 1060 937 1127 fuisse,
966 1078 1090 1116 cum
1140 1064 1415 1133 rugientes
1442 1066 1654 1120 audiret
1681 1066 1905 1132 leones;
1934 1066 2027 1121 sed
2064 1067 2169 1121 hoc

598 1151 668 1205 ab
696 1152 787 1207 illo
809 1154 1011 1208 dictum
1038 1154 1156 1210 sine
1179 1155 1286 1209 ulla
1315 1157 1640 1210 auctoritate
1665 1157 1826 1211 etiam
1856 1166 1914 1211 ut
1958 1156 2167 1212 fatean-

598 1254 689 1298 tur
712 1245 1012 1301 adversarii
1038 1262 1259 1302 necesse
1297 1256 1395 1302 est.
1431 1247 1627 1302 Omnia
1682 1265 1803 1319 qua}
1847 1250 1914 1304 de
1960 1248 2168 1317 lgnatio

599 1334 764 1389 habet
786 1335 840 1388 in
864 1335 1148 1407 Catalogo,
1179 1353 1242 1391 ex
1284 1337 1505 1393 Eusebii
1541 1337 1784 1393 Historia
1810 1340 2073 1411 sumpsit;
2099 1354 2167 1394 ex

597 1426 692 1479 illa
717 1426 1062 1496 transcripsit
1115 1426 1479 1499 Hieronymus
1534 1431 1857 1485 sententiam
1917 1431 2058 1485 hanc
2099 1430 2169 1485 ab

599 1514 801 1571 Irenaeo
846 1516 1158 1585 laudatam;
1206 1520 1344 1573 nihil
1372 1521 1479 1575 tale
1516 1519 1806 1585 Eusebius,
1867 1519 2005 1574 nihil
2058 1519 2169 1574 lre-

599 1623 768 1674 naeus,
789 1610 929 1679 apud
952 1626 1113 1680 quem
1154 1620 1361 1682 martyr
1402 1614 1755 1685 κατακριθεὶς
1795 1613 1933 1685 πρὸς
1979 1613 2163 1683 θηρία,

604 1719 622 1747 ι
648 1717 770 1755 cum
789 1702 903 1772 jam
938 1702 1228 1758 damnatus
1250 1714 1395 1760 esset
1422 1705 1489 1760 ad
1518 1706 1718 1759 bestias
1752 1724 1769 1756 ι
1810 1721 1871 1760 ea
1894 1706 2056 1760 verba
2080 1706 2165 1761 lo-

597 1803 757 1847 cutus
803 1808 924 1847 esse
971 1794 1205 1862 dicitur;
1258 1795 1325 1848 de
1380 1811 1480 1849 suo
1518 1796 1679 1850 verba
1710 1802 1902 1853 caetera
1955 1797 2161 1852 addidit

2266 790 2510 860 δέχονται
2536 808 2549 821 -
2593 811 2610 844 ι
2638 792 2741 859 Qui
2764 793 2906 848 enim
2940 792 3021 849 sic
3060 802 3271 859 amant,
3304 794 3573 864 quidquid
3602 794 3671 850 ab
3696 811 3847 849 ama-

2268 880 2367 935 siis
2419 882 2721 948 patiuntur,
2774 898 2899 936 cum
2930 883 3208 953 voluptate
3245 884 3543 954 accipiunt.
3578 904 3597 936 ι
3637 886 3847 939 Alludit

2266 970 2411 1025 enim
2449 969 2739 1026 manifeste
2766 972 2831 1024 ad
2862 971 3122 1042 praeclara
3155 972 3247 1025 illa
3281 972 3471 1043 lgnatii
3494 974 3661 1031 verba
3699 974 3846 1029 etab

2267 1062 2524 1117 omnibus
2568 1062 2855 1119 decantata
2884 1104 2900 1128 ,
2949 1066 2978 1118 6
3011 1063 3152 1135 ἔρως
3200 1066 3228 1116 ὀ
3273 1065 3406 1135 ἐμὸς
3458 1064 3842 1139 ὲσταύρωται;

2274 1170 2292 1202 ι
2323 1156 2489 1206 Amor
2518 1168 2672 1208 meus
2704 1153 2999 1209 cruciﬁxus
3025 1162 3128 1219 est,
3155 1173 3174 1207 ›
3220 1170 3343 1225 quae
3384 1155 3441 1211 in
3486 1157 3674 1211 eadem
3722 1157 3844 1227 epi—

2268 1244 2404 1298 stola
2437 1245 2812 1299 continentur.
2847 1243 3149 1301 Levissima
3197 1246 3362 1316 igitur
3399 1247 3714 1317 conjectura
3750 1254 3839 1303 est

2267 1334 2649 1403 impostorem,
2669 1334 2818 1403 quod
2853 1336 2967 1389 haec
2995 1336 3064 1389 ab
3090 1336 3298 1408 lgnatio
3326 1336 3472 1391 dicta
3502 1353 3611 1393 non
3639 1337 3841 1406 scripta

2265 1428 2582 1495 audivisset,
2616 1427 2739 1481 ideo
2768 1427 2884 1481 suis
2908 1427 3154 1497 epistolis
3184 1428 3512 1495 inseruisse,
3560 1444 3685 1483 cum
3711 1427 3840 1483 Ori-

2266 1532 2428 1586 genes
2470 1532 2577 1571 non
2604 1524 2815 1570 tantum
2844 1515 2977 1570 dicti
3003 1517 3346 1583 meminerit,
3377 1517 3471 1572 sed
3495 1526 3550 1571 et
3570 1518 3837 1587 epistolae,

2264 1607 2631 1679 Hieronymus
2662 1609 2948 1679 epistolam
2998 1610 3206 1664 diserte
3232 1609 3598 1665 nominaverit
3659 1611 3844 1683 Chry—

2264 1712 2541 1757 sostomus
2587 1710 2773 1770 aperte
2799 1701 3060 1756 innuerit.

2332 1794 2518 1864 Capite
2541 1793 2602 1847 51
2632 1793 2879 1847 ultimum
2899 1802 3277 1863 argumentum
3293 1803 3347 1848 et
3365 1795 3416 1849 vi
3435 1803 3489 1849 et
3521 1795 3711 1850 ordine
3741 1796 3842 1850 ad-

597 1882 962 1955 Hieronymus
990 1885 1230 1948 incaute,
1261 1884 1595 1953 utpleraque
1624 1884 1730 1938 alia
1754 1900 1819 1939 ex
1846 1883 2080 1939 Eusebio
2108 1885 2163 1939 in
2194 1863 2237 1919 Β
2264 1863 2435 1950 ducit,
2471 1903 2489 1937 ι
2511 1884 2777 1954 lgnatium
2819 1885 3050 1951 scilicet,
3076 1885 3269 1940 decere
3293 1901 3400 1940 non
3428 1886 3665 1953 videtur,
3690 1887 3839 1957 quod

598 1976 691 2029 illo
719 1974 983 2045 Catalogo
1013 1976 1196 2031 minus
1218 1984 1366 2033 recte
1405 1976 1868 2032 transcribuntnr.
1923 1975 2166 2049 Ignatius

596 2066 744 2119 enim
776 2082 885 2121 non
914 2065 1123 2132 Romae,
1155 2067 1251 2122 sed
1300 2068 1605 2123 Antiochia:
1643 2069 1935 2125 damnatus
1983 2078 2067 2124 est
2096 2070 2165 2125 ad

596 2155 820 2220 bestias,
846 2163 1041 2226 etpost
1066 2156 1215 2210 illam
1239 2156 1749 2211 condemnationem
1769 2172 1892 2211 cum
1921 2156 2167 2229 Smyrna:

593 2259 655 2300 ea
702 2247 865 2301 verba
902 2247 1225 2316 scripserit,
1258 2245 1611 2319 κατακριθεὶς
1652 2246 1789 2317 πρὸς
1822 2246 1986 2318 θηρία
2030 2248 2167 2303 scri-

592 2338 722 2408 psit.
786 2338 1169 2394 Certissimum
1219 2346 1304 2393 est
1350 2338 1740 2410 Hieronymum
1809 2340 2163 2410 epistolarum

591 2428 787 2500 lgnatii
812 2431 1152 2497 meminisse,
1182 2437 1235 2484 et
1253 2429 1401 2483 illius
1415 2431 1685 2499 praecipue
1707 2430 1970 2499 epistolae,
1998 2447 2162 2502 quam

599 2522 667 2575 ad
701 2521 981 2576 Romanos
1005 2521 1267 2590 scripsit,
1325 2520 1381 2575 in
1416 2536 1525 2591 qua
1572 2538 1717 2575 nunc
1747 2523 1860 2577 haec
1892 2522 2165 2591 ipsissima

598 2613 854 2682 leguntur
871 2612 1055 2677 verba,
1072 2621 1128 2666 et
1150 2624 1276 2666 ante
1300 2613 1421 2682 ejus
1436 2622 1646 2667 aetatem
1667 2614 2003 2683 legebantur.
2029 2613 2165 2669 Nam

591 2706 737 2774 quod
759 2703 826 2758 de
850 2704 1102 2773 praesenti
1126 2704 1398 2776 ἁλήθομαι
1420 2705 1590 2758 motor
1620 2714 1925 2775 argntatur,
1958 2706 2163 2761 nuilam

592 2797 705 2850 vim
733 2796 967 2851 obtinet.
994 2795 1121 2850 Sive
1150 2797 1293 2851 enim
1319 2797 1478 2860 dixit,
1503 2798 1616 2852 sive
1646 2799 1883 2867 scripsit,
1910 2814 2016 2852 non
2036 2814 2165 2855 cum

588 2890 701 2959 jam
736 2888 1055 2953 laniaretur,
1091 2888 1143 2941 id
1174 2886 1376 2941 factum
1413 2896 1519 2953 est,
1547 2888 1642 2942 sed
1693 2904 1815 2942 cum
1867 2890 2047 2945 adhuc
2080 2892 2163 2945 la-

595 2980 833 3035 niandus
863 2988 1030 3035 esset.
1061 2979 1130 3032 Et
1162 2980 1419 3035 omnibus
1444 2980 1497 3033 in
1527 2995 1681 3035 more
1706 2982 1943 3050 positum
1989 2992 2074 3036 est
2099 2985 2165 3037 de

593 3088 653 3127 re
668 3081 815 3128 certe
834 3071 1016 3127 futura
1034 3073 1284 3141 praesenti
1304 3083 1544 3143 tempore
1560 3074 1659 3127 uti.
1678 3073 1786 3128 Nec
1802 3074 1917 3129 bzec
1930 3075 2165 3146 objectio

595 3161 988 3234 Hieronymum
1048 3165 1260 3234 tangit,
1307 3165 1402 3234 qui
1464 3180 1572 3219 non
1605 3166 1801 3232 molor,
1847 3166 1943 3221 sed
1992 3169 2164 3222 molar

595 3257 908 3323 transtulit;
936 3257 1077 3311 unde
1110 3256 1447 3325 Sophronius
1470 3257 1542 3312 ita
1566 3259 1760 3312 vertit:
1789 3259 1898 3311 Καὶ
1932 3258 2163 3331 εὔχομαι

593 3350 707 3412 τοῖς
738 3347 917 3401 ὀδοῦσι
950 3347 1056 3401 τῶν
1090 3347 1293 3419 θηρίων
1325 3348 1635 3419 άλεσθῆναι,
1676 3367 1694 3400 ι
1720 3359 1773 3404 et
1792 3360 1921 3420 opto
1958 3360 2017 3405 ut
2037 3353 2171 3407 den-

598 3438 742 3495 tibus
788 3439 1088 3494 bestiarum
1134 3440 1331 3494 molar.
1360 3459 1379 3491 ι
1419 3440 1488 3493 At
1510 3439 1679 3493 illud:
1716 3458 1734 3491 ι
1762 3438 1983 3495 Utinam
2017 3440 2169 3497 fruar

594 3533 784 3589 bestiis
799 3533 1173 3603 mihiparatis,
1192 3534 1389 3602 inquit,
1415 3549 1479 3588 ex
1505 3534 1899 3605 Chrysostomo
1919 3534 2053 3589 certi
2075 3550 2169 3591 su-

592 3640 717 3679 mus
739 3622 1200 3687 Romaelgnatium
1224 3625 1290 3678 ad
1308 3624 1588 3680 Romanos
1601 3634 1891 3694 praesentes
1908 3626 2164 3693 dixisse;s

594 3730 718 3769 cum
758 3714 1185 3785 Chrysostomus
1209 3716 1432 3769 minime
1461 3724 1666 3779 narret,
1698 3731 1821 3769 eum
1849 3724 1943 3769 aut
1964 3717 2029 3771 ad
2055 3715 2168 3773 Κο-

592 3820 789 3861 manos
814 3817 1132 3876 praesentes,
1165 3816 1259 3861 aut
1288 3806 1475 3862 Romae
1528 3822 1593 3861 ea
1632 3810 1799 3861 verba
1846 3809 2163 3878 protulisse.

592 3898 839 3954 Allia-mat
885 3899 1154 3969 lgnatium
1196 3900 1414 3954 lubente
1453 3900 1640 3954 animo
1691 3901 1894 3957 bestias
1942 3901 2162 3957 vidisse.

594 3987 767 4040 Πόθεν
799 3987 958 4041 τοῦτο
989 3988 1179 4059 δῆλον;
1222 4006 1240 4039 ι
1261 3987 1416 4043 Unde
1442 3990 1546 4043 hoc
1577 3990 1846 4060 apparet?
1883 4008 1902 4041 ι
1965 3992 2164 4059 inquit,

591 4076 703 4130 ἀπὸ
734 4076 844 4129 τῶν
895 4077 1155 4147 ῥημάτων
1186 4070 1263 4130 ὧν
1295 4077 1660 4147 ἀποθνήσκειν
1714 4078 1921 4148 μέλλων
1970 4079 2166 4147 ἐφθέγ-

597 4166 743 4232 ξατο.
784 4185 806 4217 ‹
841 4168 923 4221 Ah
956 4168 1062 4221 illis
1089 4168 1292 4234 verbis,
1339 4184 1462 4237 quae
1501 4184 1626 4223 cum
1664 4170 1966 4224 moriturus
1998 4179 2162 4235 esset,

594 4262 812 4314 locutus
832 4266 935 4313 est.
965 4278 984 4310 ι
1011 4260 1081 4313 At
1099 4268 1218 4314 erat
1239 4260 1599 4330 ἀποθνήσκειν
1620 4259 1825 4330 μέλλων
1857 4260 1925 4314 ab
1946 4276 2011 4315 eo
2029 4272 2167 4315 tem-

594 4366 748 4421 pore,
777 4366 887 4421 quo
918 4352 984 4404 ad
1011 4359 1238 4406 mortem
1264 4352 1660 4406 condemnatus
1681 4362 1795 4406 est:
1821 4366 1997 4421 neque
2018 4354 2164 4407 enim

600 4438 815 4511 μέλλειν
847 4454 960 4493 rem
994 4448 1337 4509 prasentem,
1368 4448 1463 4494 aut
1508 4441 1693 4493 statim
1720 4440 1958 4495 futuram
1992 4443 2163 4514 signi-

2262 1978 2424 2033 toties
2468 1978 2659 2033 eadem
2710 1977 2926 2045 repetit.
2964 1996 2982 2029 ι
3015 1977 3085 2031 At
3110 1976 3302 2047 quidni
3325 1975 3593 2049 lgnatium
3628 1979 3839 2045 deceat,

2259 2070 2408 2140 quod
2446 2070 2538 2124 alii
2566 2070 2618 2123 in
2649 2069 2801 2123 omni
2826 2084 3023 2138 genere
3054 2069 3355 2139 scriptores
3406 2086 3465 2125 se
3508 2069 3703 2126 decere
3730 2087 3838 2140 pu-

2262 2161 2487 2218 terunt?
2541 2161 2810 2225 Πολλάκις
2857 2160 2917 2214 τὸ
2955 2160 3088 2214 αὐτὸ
3126 2160 3256 2231 ἐρῶ,
3329 2161 3506 2231 inquit
3538 2160 3837 2216 Lucianus.

2266 2248 2324 2305 S.
2357 2251 2690 2306 Athanasius
2733 2251 2800 2305 de
2844 2251 3224 2305 incarnatione
3262 2248 3426 2305 Verbi
3460 2252 3590 2305 Dei:
3641 2252 3729 2322 Μή
3784 2268 3839 2305 τι

2264 2340 2569 2413 θαυμάσῃς,
2605 2343 2652 2393 εί
2680 2340 2937 2407 πολλάκις
2968 2341 3036 2395 τὰ
3071 2341 3208 2394 αὐτὰ
3242 2342 3371 2412 περὶ
3402 2341 3508 2395 τῶν
3541 2340 3719 2395 αὐτῶν
3752 2342 3839 2395 λέ-

2264 2445 2467 2500 γομεντ
2508 2428 2627 2484 «Ne
2669 2429 2910 2494 mireris,
2950 2431 2996 2485 si
3046 2430 3245 2501 saepius
3295 2430 3486 2484 eadem
3523 2430 3591 2484 de
3642 2430 3837 2485 iisdem

2264 2519 2519 2574 dicimus.
2560 2538 2580 2570 ι
2635 2518 2937 2589 Xenophon
2988 2520 3172 2591 plures
3215 2520 3516 2575 sententias
3566 2518 3731 2572 habet
3781 2518 3838 2573 in

2265 2609 2543 2677 Historia,
2598 2626 2737 2681 quas
2789 2611 2984 2683 repetit
3016 2612 3069 2665 in
3119 2610 3240 2665 Vita
3295 2611 3555 2683 Agesilai.
3591 2610 3837 2666 Plurima

2264 2703 2406 2773 apud
2430 2700 2750 2771 Gregorium
2774 2700 3178 2756 Nazianzenum
3204 2702 3257 2754 in
3296 2718 3406 2755 una
3446 2703 3695 2757 oratione
3738 2702 3839 2756 ha-

2264 2795 2486 2858 bentur,
2519 2810 2642 2863 quaa
2668 2794 2723 2847 in
2752 2794 2859 2848 alia
2891 2809 3019 2848 mox
3049 2802 3389 2863 repetuntur.
3441 2795 3546 2849 Sed
3580 2795 3681 2848 hoc
3725 2810 3836 2849 non

2264 2884 2421 2940 decet
2442 2884 2711 2955 lgnatium
2745 2904 2765 2935 ι
2787 2886 2963 2939 aetatis
2984 2884 3097 2955 jam
3128 2894 3425 2954 provecta;
3454 2905 3472 2937 ι
3495 2885 3652 2954 quasi
3675 2901 3836 2941 senes

2266 2979 2685 3047 repetitionibus
2720 2979 2905 3034 minus
2928 2977 3123 3049 ‘dediti
3159 2979 3309 3043 sint,
3367 2994 3531 3048 quam
3576 2979 3829 3047 juvenes.

2263 3068 2383 3126 Non
2414 3070 2569 3125 decet
2596 3070 2872 3124 hominem
2914 3088 2932 3123 ι
2960 3071 3420 3141 εριιάβροειοιοε
3456 3068 3783 3135 educatum;
3809 3089 3829 3121 ι

2264 3163 2424 3234 quasi
2451 3178 2560 3215 non
2579 3162 2768 3216 deceat
2794 3162 3180 3232 apostolicum,
3210 3162 3353 3233 quod
3379 3162 3563 3216 decuit
3593 3161 3837 3230 Aposto-

2221 3251 2235 3271 ⁹
2267 3256 2402 3311 lum.
2437 3253 2517 3309 Τὰ
2547 3253 2686 3307 αὐτὰ
2717 3254 2945 3326 γράφειν
2979 3255 3125 3325 ὑμῖν,
3163 3254 3285 3324 ἐμοὶ
3321 3253 3418 3324 μὲν
3450 3254 3551 3307 οὐκ
3580 3253 3835 3325 ὀκνηρὸν,

2269 3346 2398 3417 ὑμῖν
2445 3346 2501 3399 δὲ
2533 3345 2789 3414 ἀσφαλές.
2836 3364 2854 3395 ι
2882 3343 3083 3399 Eadem
3119 3345 3272 3400 vobis
3296 3346 3565 3412 scribere,
3596 3360 3684 3400 me
3712 3346 3835 3416 qui-

2266 3439 2388 3494 dem
2418 3453 2525 3492 non
2559 3437 2722 3506 piget,
2752 3437 2906 3491 vobis
2941 3445 3122 3491 autem
3170 3443 3344 3491 tutum
3374 3447 3476 3503 est,
3503 3456 3523 3489 ι
3567 3438 3745 3507 inquit
3771 3435 3833 3492 S.

2266 3529 2472 3586 Paulus
2498 3528 2731 3599 Philipp.
2767 3544 2850 3595 ιιι,
2878 3530 2930 3583 1.

2337 3622 2477 3690 Quid
2508 3637 2657 3687 vero,
2684 3636 2751 3675 an
2775 3621 2878 3676 hoc
2911 3631 2995 3677 est
3025 3620 3215 3675 eadem
3245 3628 3507 3690 repetere,
3542 3620 3683 3675 idem
3732 3636 3834 3676 vo-

2266 3716 2522 3773 cabulum
2551 3714 2841 3783 aliquoties
2873 3712 3169 3783 usurpare?
3193 3710 3341 3765 Dixit
3370 3711 3429 3766 S.
3454 3711 3659 3768 Paulus
3712 3713 3836 3768 loco

2262 3810 2375 3879 jam
2397 3808 2649 3861 laudato:
2681 3805 2915 3859 Βλέπετε
2948 3805 3073 3867 τοὺς
3107 3805 3292 3869 κύνας,
3324 3803 3547 3874 βλέπετε
3581 3806 3703 3867 τοὺς
3736 3822 3836 3857 κα-

2266 3900 2395 3962 κοὺς
2428 3898 2685 3969 ἐργάτας,
2722 3896 2947 3967 βλέπετε
2980 3896 3075 3967 τὴν
3109 3898 3438 3966 κατατομήν.
3486 3894 3604 3950 Νοιι
3655 3904 3834 3950 tamen

2266 3991 2372 4045 hoc
2394 3999 2499 4049 est,
2523 3989 2667 4058 quod
2699 3998 2823 4042 ante
2845 3988 3003 4054 dixit,
3032 3987 3097 4041 τὰ
3119 3988 3257 4041 αὐτὰ
3288 3988 3536 4059 γράφειν.
3563 3986 3667 4042 Sed
3689 3988 3836 4041 ὀναί-

2268 4096 2375 4150 μην
2407 4089 2460 4132 et
2491 4077 2783 4146 ὰντίψυχον
2809 4096 2827 4128 ‹
2854 4078 3057 4146 ubique
3080 4077 3222 4146 apud
3265 4078 3411 4132 hunc
3459 4086 3775 4133 occurrunt.
3810 4097 3830 4129 ι

2265 4171 2421 4240 Apud
2458 4171 2605 4223 hunc
2629 4178 2808 4223 autem
2842 4169 3077 4238 ubique?
3108 4168 3342 4238 Scripsit
3382 4185 3526 4224 unus
3581 4168 3839 4238 idemque

2266 4269 2472 4329 septem
2497 4260 2777 4329 epistolas,
2800 4268 2862 4313 ut
2889 4260 3158 4325 arbitror;
3192 4271 3252 4313 ut
3291 4268 3348 4313 tu
3381 4260 3684 4325 existimas,
3739 4276 3838 4316 sex

2266 4360 2476 4406 tantum
2517 4353 2784 4421 impostor
2804 4361 2951 4406 tuus.
2988 4350 3135 4423 Lego
3188 4352 3382 4405 harum
3433 4360 3690 4421 quatuor,
3726 4370 3838 4410 vox

2269 4444 2557 4514 ἀντίψυχον
2590 4445 2644 4497 in
2669 4460 2859 4499 earum
2887 4443 3035 4497 nulla
3080 4442 3322 4497 occurrit
3352 4458 3363 4489 :
3400 4458 3468 4495 an
3516 4443 3680 4513 igitur
3713 4445 3840 4498 ubi-

594 4534 741 4586 ﬁcat.
778 4530 894 4586 Hoc
922 4546 1118 4586 rursus
1162 4532 1397 4601 probat:
1443 4531 1705 4595 Ἀκούσας
1737 4533 1846 4603 γὰρ
1890 4534 1973 4586 ὅτι
2014 4530 2165 4598 οὗτος

2270 4536 2409 4606 que?
2435 4534 2580 4604 Lego
2604 4536 2798 4589 iterum
2826 4542 3082 4602 quatuor,
3116 4549 3220 4587 nec
3254 4534 3494 4587 occurrit
3521 4548 3624 4588 vox
3668 4534 3838 4587 ὀναί-

594 4623 755 4680 αὐτὸν
788 4623 889 4695 τῆς
919 4624 1233 4697 τιμωρίαςὸ
1261 4624 1461 4694 τρόπος
1490 4623 1662 4695 μένει,
1686 4623 1796 4693 ἐγὼ
1827 4624 1934 4677 τῶν
1966 4625 2168 4697 Θηρίων

596 4723 823 4774 ἐκείνων
880 4718 1119 4792 ὀναίμην
1171 4716 1347 4784 ἔλεγε.
1406 4736 1427 4770 σ
1493 4718 1631 4770 Cum
1686 4718 1830 4772 enim
1873 4720 2170 4776 audivisset

598 4814 705 4869 hoc
765 4827 891 4867 eum
940 4809 1195 4882 supplicii
1245 4825 1417 4880 genus
1473 4825 1739 4865 manere:
1790 4808 2007 4867 Utinam
2064 4828 2167 4884 ego

598 4905 719 4961 istis
763 4904 955 4960 bestiis
995 4901 1179 4957 fruar?
1220 4902 1516 4972 inquiebat.
1560 4917 1580 4951 σ
1642 4902 1939 4959 Audiverat
1983 4914 2164 4960 autem

600 4996 659 5050 ὃ.
688 4993 931 5066 lgnatius
960 4993 1054 5047 diu
1088 4998 1379 5061 antequam
1416 4989 1645 5044 Romam
1698 4993 2033 5061 perveniret,
2061 4993 2167 5049 hoc

598 5084 702 5141 sibi
725 5084 919 5139 mortis
948 5096 1119 5152 genus
1140 5088 1393 5151 paratum
1427 5078 1619 5145 fuisse,
1666 5082 1735 5135 ad
1779 5082 1925 5151 quod
1971 5083 2168 5139 Antio-

596 5176 735 5233 chiae
756 5175 1149 5230 condemnatus
1185 5172 1377 5227 fuerat.
1414 5170 1482 5227 Et
1509 5172 1726 5242 quidem
1751 5174 1818 5228 ad
1841 5173 2164 5228 sententiam

602 5269 671 5324 ab
697 5268 1026 5339 imperatore
1048 5266 1215 5320 latam
1244 5265 1553 5336 respexisse
1584 5267 2035 5337 Ubrysostomum
2067 5282 2164 5336 pa-

599 5373 691 5415 tet.
720 5358 822 5415 Διὰ
850 5357 1007 5413 τοῦτο
1028 5357 1134 5410 τῶν
1166 5357 1392 5429 Θηρίων,
1425 5358 1629 5426 ελεγεν,
1663 5357 1892 5428 ὀναίμην
1911 5398 1926 5421 ,
1969 5378 1988 5408 ι
2018 5357 2157 5411 Pro-

599 5459 820 5520 pterea,
842 5448 1033 5503 bestiis
1061 5446 1245 5515 fruar,
1286 5449 1519 5514 dicebat,
1551 5468 1571 5500 ι
1628 5448 1720 5501 καὶ
1754 5448 1930 5520 πολλῷ
1960 5450 2165 5503 τούτων

598 5539 921 5611 ἡμερώτερα
952 5540 1020 5594 τὰ
1053 5542 1295 5611 στόματα
1327 5541 1574 5611 ἐνόμιζεν
1607 5536 1745 5594 εῖναι
1777 5541 1876 5610 τῆς
1924 5542 2018 5594 τοῦ
2069 5560 2164 5595 τυ-

600 5632 793 5702 ράννου
822 5629 1088 5703 γλώττης.
1124 5651 1144 5683 ι
1167 5630 1233 5685 Et
1257 5632 1428 5687 multo
1453 5633 1538 5687 his
1562 5633 1931 5688 mansuetiora
1960 5634 2161 5689 bestia—

600 5738 720 5775 r-um
767 5736 863 5776 ora
918 5722 1128 5793 putavit
1181 5738 1341 5789 esse,
1375 5739 1540 5794 quam
1577 5725 1816 5789 linguam
1858 5727 2099 5795 tyranni.
2137 5744 2156 5777 ι

602 5813 863 5873 Praeterea
904 5816 962 5870 S.
997 5815 1420 5886 Chrysostomus
1450 5816 1583 5872 satis
1606 5817 1753 5873 clare
1790 5817 2032 5874 ostendit
2052 5818 2155 5875 hoc

2264 4642 2417 4694 μην·
2462 4640 2638 4694 neque
2690 4624 2780 4678 illa
2828 4624 2992 4693 igitur
3022 4623 3242 4693 ubique.
3303 4624 3413 4677 Cur
3460 4623 3671 4678 veritati
3721 4633 3837 4679 tam

2266 4726 2452 4787 aperte
2488 4716 2864 4771 contradicis?
2889 4715 3088 4785 Objicit
3112 4725 3167 4770 et
3188 4716 3323 4781 haec,
3347 4730 3405 4769 se
3432 4716 3698 4770 minorem
3715 4730 3839 4771 esse

2266 4810 2411 4874 aliis,
2434 4808 2717 4879 indignum
2750 4823 2892 4873 esse,
2924 4823 3032 4861 non
3057 4823 3180 4863 esse
3209 4807 3439 4877 aliquid,
3471 4822 3579 4861 non
3613 4816 3671 4861 ut
3699 4822 3841 4877 apo-

2267 4899 2469 4955 stolum
2503 4899 2829 4968 praecipere:
2856 4898 3057 4967 quibus
3091 4912 3223 4953 suos
3254 4896 3585 4969 Smyrnrcos,
3618 4898 3841 4969 Magne—

2264 4991 2475 5053 sianos,
2515 4989 2843 5056 Trallianos,
2868 4989 3166 5055 Romanos,
3192 4988 3479 5059 Ephesios,
3512 4989 3840 5058 Tarsenses,

2265 5082 2789 5152 Philadelphienses,
2821 5081 3197 5136 Antiochenos
3235 5088 3289 5135 et
3329 5079 3709 5151 Philippenses
3736 5082 3839 5138 ob-

2264 5174 2464 5228 tundit.
2499 5173 2643 5228 Proh
2685 5174 2919 5227 miseros
2944 5170 3232 5237 homines,
3283 5172 3351 5226 ad
3396 5188 3537 5242 quos
3593 5172 3838 5245 lgnatius

2265 5270 2518 5338 scripsit!
2555 5267 2669 5322 lmo
2694 5283 2825 5322 vero
2853 5267 2928 5320 illi
2959 5266 3093 5320 satis
3120 5264 3339 5332 felices;
3375 5281 3478 5319 nos
3508 5268 3690 5335 potius
3717 5266 3841 5320 Dal-

2265 5360 2396 5414 iaaus
2420 5358 2693 5424 obtundit,
2721 5357 2818 5428 qui
2848 5355 3347 5426 saepiusbaecnobis
3377 5355 3639 5420 inculcat,
3668 5371 3836 5425 quam

2264 5451 2382 5505 suis
2408 5450 2684 5520 lgnatius;
2713 5450 2921 5519 quique
2950 5452 3153 5517 optime
3211 5447 3363 5503 novit
3400 5448 3654 5501 eumdem
3696 5448 3838 5502 scri—

2262 5551 2475 5610 ptorem
2523 5542 2619 5611 qui
2671 5539 2984 5611 Smyrnasos
3036 5539 3307 5593 allocutus
3342 5549 3464 5607 est,
3507 5538 3834 5603 Tarsenses,

2264 5633 2633 5687 Antiochcnos
2681 5641 2737 5687 et
2799 5630 3177 5702 Philippenses
3231 5648 3340 5688 non
3385 5632 3702 5696 obtudisse,
3766 5647 3837 5685 ne

2265 5726 2560 5779 allocutum
2600 5724 2821 5793 quidem
2846 5740 2941 5794 per
2966 5726 3255 5795 epistolam
3283 5740 3426 5781 esse.
3458 5724 3530 5779 Se
3559 5723 3833 5778 minorem

2268 5834 2386 5875 csse
2411 5819 2532 5875 aliis
2554 5819 2723 5875 semel
2753 5827 2966 5875 tantum
2990 5820 3148 5886 dixit,
3184 5833 3378 5889 nempe
3401 5818 3470 5875 ad
3498 5816 3832 5889 Magnesios;
