4138 6416
384 408 492 466 M9

1212 401 1581 459 PEARSONH
1613 398 1935 457 VlNDlCUE
1974 398 2390 455 IGNATIANIE.
2420 426 2491 440 ι-
2528 400 2706 454 PARS
2736 399 2799 456 ll.

3533 408 3639 459 470

389 526 518 581 illos
546 524 720 596 igitur
745 539 809 581 ea
832 522 1113 582 locutione
1142 525 1373 579 minime
1398 526 1633 589 obtudit,
1661 524 1859 578 nedum
1887 538 1971 578 re-
2001 527 2045 582 Α
2073 520 2193 575 dem
2229 520 2630 591 Magnesianos,
2664 540 2683 574 ι
2721 522 2876 591 quasi
2904 537 3011 577 non
3041 522 3174 578 satis
3219 523 3632 589 intellexissent,

391 617 604 685 liquos:
637 631 698 673 se
724 632 833 672 non
851 631 977 671 esse
998 616 1260 686 aliquem,
1281 618 1453 672 semel
1479 626 1691 671 tantum
1713 657 1727 681 ,
1758 615 1966 670 scilicet

390 707 462 762 ad
488 707 793 777 Ephesios;
820 723 928 762 non
959 716 1018 762 ut
1041 710 1349 778 apostolum
1374 708 1692 779 prmeipere,
1724 707 1811 762 bis
1846 715 1966 761 tan-

392 810 533 865 tum,
560 808 614 853 et
634 798 856 869 quidem
890 799 958 853 ad
1005 799 1288 864 diversos;
1329 800 1531 868 saepius
1576 813 1636 853 se
1680 797 1964 868 indignum

390 892 629 954 vocavit,
664 907 789 961 quae
814 906 919 946 vox
944 892 1017 947 ita
1048 891 1286 961 posteris
1314 892 1540 961 placuit,
1597 900 1657 945 ut
1709 889 1966 945 omnibus

392 983 503 1054 piis
522 983 793 1053 episcOpis
818 984 977 1053 quasi
1003 983 1323 1038 adhaereret.
1364 983 1516 1038 Adeo
1555 997 1675 1036 rara
1701 996 1812 1035 non
1838 990 1967 1037 sunt

392 1089 517 1142 quae
537 1074 707 1130 semel
730 1074 881 1139 dicit,
916 1084 974 1128 ut
994 1090 1059 1128 ex
1088 1074 1173 1128 his
1196 1082 1433 1144 quatuor
1450 1089 1573 1143 qua:
1598 1075 1758 1129 toties
1785 1074 1965 1130 incul-

392 1165 509 1220 cari
542 1165 679 1229 vult,
709 1164 820 1220 duo
850 1166 1018 1220 semel
1048 1174 1256 1220 tantum
1281 1165 1499 1219 dixerit.
1528 1163 1586 1219 Si
1614 1165 1733 1220 haec
1751 1180 1970 1234 θροειο-

393 1258 564 1313 licum
593 1257 774 1313 virum
831 1257 1048 1324 feriant,
1109 1258 1239 1329 quid
1270 1258 1337 1313 de
1378 1257 1435 1313 S.
1467 1258 1640 1314 Paulo
1676 1260 1969 1316 dicemus?

392 1347 736 1406 Vocabulum
765 1351 841 1405 illi
866 1352 1073 1420 placuit
1101 1352 1510 1423 κατενάρκησα,
1539 1353 1685 1423 quod
1710 1353 1805 1423 qui
1843 1363 1970 1411 ante

389 1464 522 1503 eum
545 1450 913 1519 usurpaverit,
965 1449 1239 1503 neminem
1302 1449 1529 1503 scimus.
1593 1447 1709 1504 Hoc
1761 1460 1966 1516 autem,

389 1541 539 1611 quod
558 1542 840 1610 proposito
873 1556 972 1597 suo
1009 1540 1212 1610 optime
1248 1542 1542 1595 convenire
1590 1548 1825 1609 putaret,
1859 1557 1966 1595 non

390 1633 565 1687 semel
599 1648 733 1688 usus
758 1642 860 1698 est,
885 1641 940 1687 et
963 1633 1182 1702 quidem
1212 1632 1277 1686 ad
1300 1631 1545 1698 eosdem,
1575 1630 1618 1684 ll
1649 1631 1775 1687 Cor.
1809 1649 1884 1699 xi,
1910 1633 1962 1687 8:

395 1724 482 1777 οὐ
514 1722 934 1791 κατενάρκησα
979 1723 1244 1790 οὐδενός.
1281 1721 1496 1778 Rursus
1519 1738 1638 1792 cap.
1701 1740 1816 1789 xu,
1865 1725 1963 1779 15:

388 1816 589 1883 Αὐτὸς
617 1816 733 1886 ἐγὼ
748 1818 819 1870 οὐ
847 1817 1265 1885 κατενάρκησα
1279 1814 1465 1886 ὑμῶν,
1485 1825 1538 1871 et
1557 1816 1829 1872 versiculo
1846 1832 1969 1887 pro-

2067 615 2151 668 bis
2180 616 2338 669 dixit.
2378 635 2395 666 ›
2428 614 2615 685 Neque
2644 616 2880 670 mirum:
2922 632 3045 671 cum
3106 617 3223 686 ipse
3249 616 3440 672 Cicero
3466 659 3481 683 ,
3523 618 3637 686 epi-

2068 706 2206 761 stola
2230 708 2296 761 ad
2323 706 2577 770 Marium,
2611 723 2735 763 cum
2766 709 2937 764 semel
2968 709 3103 763 belle
3144 709 3405 765 dixisset:
3443 728 3462 761 ι
3502 707 3636 763 Veni

2065 798 2312 865 domum,
2344 799 2390 854 si
2413 808 2557 855 esset
2580 800 2760 870 aliqua
2791 799 2967 855 forma
3011 800 3322 869 reipublicae
3372 810 3635 870 tanquam

2066 887 2118 940 in
2143 888 2315 957 patria
2346 897 2405 943 ut
2432 905 2608 945 essem
2642 908 2655 943 :
2693 891 2738 944 si
2765 890 2933 953 nulla,
2962 899 3227 960 tanquam
3250 891 3306 945 in
3352 892 3581 955 exsilio;
3610 911 3629 943 ο

2066 994 2174 1033 non
2193 980 2294 1034 sibi
2317 984 2696 1050 temperaverit
2719 984 2853 1053 quin
2878 984 3043 1053 paulo
3060 984 3397 1054 postdiceret
3411 1002 3423 1037 :
3437 1003 3455 1035 ι
3480 983 3635 1038 Νυηο

2066 1078 2245 1124 autem
2275 1072 2321 1126 si
2350 1072 2465 1127 haec
2490 1073 2683 1128 civitas
2710 1084 2811 1139 est,
2846 1076 3019 1131 civem
3076 1089 3199 1131 esse
3227 1090 3341 1141 me;
3399 1076 3443 1131 si
3501 1092 3631 1141 non,

2065 1161 2307 1215 exsulem
2337 1177 2478 1218 esse.
2516 1182 2534 1214 ›
2581 1162 2872 1233 Nunquam
2916 1166 3272 1235 repetitiones
3310 1162 3638 1234 frequentio-

2066 1266 2153 1307 res
2183 1263 2311 1308 sunt
2344 1269 2508 1323 quam
2555 1254 2608 1309 in
2635 1256 2905 1325 epistolis,
2931 1257 2977 1311 si
3003 1272 3112 1311 non
3146 1256 3363 1320 iisdem,
3398 1264 3546 1310 certe
3579 1255 3635 1309 in

2065 1343 2317 1399 diversis.
2354 1346 2417 1400 Et
2441 1347 2659 1416 quidem
2679 1347 2785 1416 ipsi
2812 1346 3065 1403 Ciceroni
3090 1356 3369 1403 oratorum
3396 1348 3637 1402 maximo

2065 1433 2195 1487 olim
2239 1434 2577 1505 objiciebant
2604 1436 2793 1491 eadem
2824 1439 3011 1491 omnia
3047 1438 3463 1504 obtrectatores,
3514 1453 3635 1507 qua:

2066 1539 2211 1579 nunc
2234 1524 2443 1595 lgnatio
2483 1535 2675 1581 nostro
2700 1526 2890 1596 objicit
2935 1525 3189 1582 Dallmus.
3245 1526 3321 1582 lta
3371 1528 3631 1581 nimirum

2067 1612 2463 1681 Quintilianus,
2493 1616 2815 1670 Ciceronem
2869 1632 3095 1672 suorum
3123 1625 3426 1686 temporum
3459 1617 3634 1671 homi-

2068 1721 2165 1761 nes
2195 1707 2468 1762 incessere
2507 1709 2781 1763 audebant
2829 1718 2888 1763 ut
2918 1708 3289 1774 tumidiorem,
3324 1717 3377 1764 et
3432 1708 3634 1763 Asiati-

2068 1813 2215 1863 cum,
2236 1805 2291 1852 et
2319 1799 2739 1865 redundantem,
2764 1810 2817 1854 et
2842 1800 2897 1854 in
2932 1800 3350 1869 repetitionibus
3380 1800 3631 1853 nimium.

391 1878 579 1961 ximo;
614 1878 698 1959 Oi')
731 1878 1380 1975 καταναρκήσω-ὕων.
1413 1878 1468 1960 Si
1514 1906 1631 1960 haec
1655 1878 1967 1976 scripsisset

2137 1889 2280 1945 Inter
2311 1906 2501 1947 omnes
2552 1907 2647 1947 eas
2686 1892 2985 1947 sententias
3038 1907 3177 1962 quas
3222 1901 3508 1947 enumerat
3554 1894 3636 1947 bis

387 1995 658 2067 lgnatius,
692 2010 831 2066 quas
862 1997 1052 2051 turbas
1095 1996 1389 2051 excitasset
1450 1993 1713 2054 Dallaausl
1759 1997 1963 2055 Nactus

389 2096 477 2143 est
508 2088 736 2142 verbum
772 2103 962 2142 rarum
998 2096 1052 2143 et
1087 2089 1392 2156 insolitum,
1433 2090 1579 2159 quod
1604 2089 1671 2143 ad
1699 2090 1964 2146 orationis

389 2194 648 2250 pompam
669 2187 724 2233 et
741 2178 904 2247 ὄγκον
930 2177 1156 2234 faceret.
1191 2196 1210 2230 ι
1234 2176 1351 2234 Hoc
1399 2179 1503 2234 sibi
1544 2178 1688 2234 salse
1730 2188 1785 2235 et
1826 2179 1965 2235 belle

388 2272 546 2328 visus
567 2280 651 2327 est
670 2272 894 2327 dixisse.
928 2290 948 2323 ι
975 2269 1096 2326 Non
1125 2271 1293 2343 igitur
1318 2272 1422 2327 sibi
1446 2282 1747 2341 temperare
1763 2276 1962 2343 potuit,

389 2364 526 2435 quin
554 2364 749 2419 iisdem
784 2362 1079 2429 occineret,
1111 2378 1319 2435 eosque
1347 2363 1595 2419 conferta
1639 2364 1965 2434 repetitione

389 2458 738 2522 obtunderet,
782 2464 837 2511 et
880 2456 999 2526 ipsa
1047 2455 1328 2526 torpedine
1355 2456 1632 2525 potentius
1653 2455 1967 2527 obstupefa-

387 2558 556 2606 ceret.
574 2547 685 2605 Nec
711 2558 892 2604 tamen
915 2549 1120 2604 veritus
1150 2558 1232 2603 est
1256 2548 1553 2619 Gregorius
1586 2547 1965 2607 Nazianzenus

389 2643 534 2697 idem
559 2641 887 2696 vocabulum
916 2653 1037 2712 post
1059 2641 1116 2696 S.
1166 2642 1397 2697 Paulum
1455 2643 1623 2697 etiam
1672 2645 1964 2714 repetitum

386 2732 520 2788 dare
538 2731 906 2803 oratione.28:
938 2733 1087 2787 Πάνυ
1113 2732 1242 2806 γὰρ,
1270 2735 1346 2797 ὡς
1370 2736 1523 2807 ὁρᾷς,
1547 2735 1813 2789 πλείστων
1835 2754 1966 2791 κατ-

389 2823 777 2895 εναρκήσαμεν
802 2864 817 2890 ,
868 2823 1109 2893 καίτοιγε
1185 2827 1675 2898 προκαλουμένων·
1740 2826 1801 2879 οὑ
1856 2828 1964 2899 γὰρ

386 2915 829 2985 ἀχαριστήσομεν
848 2932 861 2945 ο
893 2917 943 2967 εί
989 2916 1045 2969 δὲ
1073 2917 1166 2969 καὶ
1192 2919 1698 2989 κατεναρκήσαμεν,
1738 2916 1817 2987 τῷ
1845 2917 1964 2985 φεί-

384 3006 571 3061 δεσθαι
595 3007 813 3077 μᾶλλον,
845 3009 878 3079 ἢ
904 3008 981 3078 τῷ
999 3008 1333 3079 προσίεσθαι.

459 3097 761 3154 Enumerat
812 3100 1041 3170 phrases
1095 3104 1363 3171 quasdam
1410 3113 1504 3156 aut
1554 3102 1962 3171 similitudines,

386 3206 511 3261 quae
541 3192 597 3245 in
619 3191 835 3247 duabus
868 3201 966 3247 aut
997 3192 1138 3247 forte
1189 3194 1364 3249 tribus
1404 3194 1650 3263 epistolis
1677 3196 1966 3251 inveniun-
1992 3219 2033 3277 α

388 3295 497 3349 tur,
524 3294 579 3339 et
605 3284 721 3339 haec
756 3285 919 3340 toties
951 3300 1219 3354 usurpare
1264 3285 1609 3356 βαττολογεῖν
1636 3302 1757 3343 esse
1787 3297 1958 3358 putat.

386 3374 589 3431 Eadem
636 3378 804 3448 igitur
852 3377 1110 3447 loquendi
1141 3377 1398 3446 formula,
1428 3388 1524 3433 aut
1550 3380 1741 3435 eadem
1786 3390 1961 3436 meta-

386 3468 561 3537 phora
599 3468 655 3522 in
674 3470 860 3539 aliqua
887 3470 1119 3540 epistola
1137 3470 1236 3536 uti,
1256 3486 1363 3540 qua
1395 3471 1447 3524 in
1468 3471 1574 3526 alia
1610 3488 1745 3527 usus
1769 3472 1960 3537 fueris,

385 3569 470 3615 est
494 3561 833 3631 βαττολογία.
868 3562 1103 3617 Severus
1135 3561 1300 3617 nimis
1325 3562 1550 3619 criticus
1587 3574 1671 3618 est
1707 3563 1960 3620 Dallzeus.

384 3653 527 3719 Quid
555 3654 626 3708 sit
654 3653 996 3722 βαττολογία,
1014 3668 1121 3708 non
1146 3668 1338 3710 omnes
1357 3655 1741 3723 consentiunt;
1767 3673 1962 3725 quam-

382 3759 605 3815 cunque
647 3746 1019 3815 acceptionem
1052 3745 1338 3815 sequaris,
1398 3744 1669 3815 lgnatium
1711 3757 1959 3803 nostrum

383 3836 731 3910 βαττολογεῖν
761 3853 1040 3908 nunquam
1073 3838 1293 3894 efficies.
1324 3838 1633 3895 Delectatus
1655 3840 1870 3895 videtur
1901 3839 1957 3895 S.

384 3928 590 3985 Paulus
624 3927 943 3997 metaphora
991 3930 1098 3983 ἀπὸ
1125 3929 1234 3982 τῶν
1257 3929 1438 3983 ὅπλων
1490 3931 1651 3986 ducta
1696 3931 1750 3985 in
1789 3933 1963 4002 expli-

385 4020 561 4075 canda
593 4020 843 4075 doctrina
876 4018 1225 4085 Christiana;
1271 4020 1515 4076 scribens
1546 4022 1730 4092 itaque
1751 4023 1817 4077 ad
1858 4021 1962 4078 Ro-

383 4128 577 4169 manos
604 4112 746 4166 ὅπλα
784 4112 996 4175 ἀδικίας
1028 4112 1197 4176 dixit,
1236 4112 1360 4167 dein
1409 4111 1548 4166 ὅπλα
1597 4112 1957 4185 δικαιοσύνης,

382 4216 513 4257 mox
536 4203 702 4257 etiam
730 4202 870 4256 ὅπλα
895 4201 989 4255 τοῦ
1017 4203 1193 4271 φωτός
1213 4219 1227 4232 ·
1263 4218 1459 4259 rursus
1480 4204 1725 4260 scribens
1749 4206 1816 4261 ad
1854 4204 1959 4261 Co-

385 4295 639 4360 rinthios,
666 4296 865 4349 iterum
904 4295 1044 4348 ὅπλα
1087 4294 1451 4366 δικαιοσύνης,
1483 4297 1574 4349 καὶ
1610 4296 1748 4351 ὅπλα
1789 4315 1958 4370 στρα-

380 4386 549 4452 τείας,
587 4388 655 4440 ad
700 4385 1000 4456 Ephesios,
1041 4386 1335 4441 ἀναλάϐετε
1370 4388 1468 4460 τὴν
1512 4387 1809 4443 πανοπλίαν
1862 4390 1955 4443 τοῦ

380 4479 537 4546 Θεοῦ,
573 4479 863 4533 ἐνδύσασθε
882 4480 981 4551 τὴν
1009 4480 1311 4535 πανοπλίαν
1334 4479 1426 4533 τοῦ
1456 4480 1612 4545 Θεοῦ,
1640 4497 1803 4551 quam
1820 4483 1955 4537 adeo

2067 1983 2151 2038 vel
2178 1990 2259 2038 ter
2288 1982 2343 2036 in
2374 1983 2621 2052 epistolis
2658 1991 2947 2053 usurpatas
2975 1998 3140 2037 unam
3168 1985 3424 2038 observat
3449 1986 3636 2039 absur-

2065 2074 2190 2129 dam
2229 2083 2282 2129 et
2311 2075 2598 2139 absonam,
2633 2075 2703 2129 ab
2734 2074 3119 2144 intei-polatore
3162 2074 3457 2129 indicatam
3480 2114 3497 2141 ,
3542 2074 3633 2144 qui

2065 2180 2186 2220 eam
2221 2164 2363 2219 ferre
2401 2181 2507 2219 non
2530 2165 2724 2234 potuit,
2755 2165 2988 2235 ideoque
3022 2166 3239 2236 quoties
3268 2166 3321 2219 in
3351 2181 3470 2220 eam
3499 2166 3636 2220 inci-

2064 2255 2165 2319 dit,
2201 2252 2285 2309 vel
2312 2256 2598 2325 expunxit,
2628 2256 2713 2311 vel
2744 2258 2992 2311 mutavit.
3045 2258 3128 2310 An
3163 2258 3349 2311 omnia
3397 2258 3635 2312 absurda

2063 2358 2118 2404 et
2160 2348 2361 2403 absona
2398 2358 2547 2415 sunt,
2570 2365 2693 2421 qua:
2747 2351 2979 2405 mutavit
3021 2350 3411 2420 interpolator?
3451 2349 3635 2405 Infeli-

2065 2441 2456 2512 cissimiigitur
2486 2442 2800 2499 mortalium
2824 2440 2883 2497 S.
2918 2422 3274 2509 Athanasius,
3306 2441 3364 2497 S.
3393 2441 3636 2497 Theodo-

2066 2542 2217 2589 retus
2240 2534 2441 2605 aliique
2464 2543 2694 2599 veteres,
2727 2534 2821 2605 qui
2856 2543 2932 2589 tot
2962 2536 3083 2589 loca
3114 2549 3184 2588 ex
3209 2535 3417 2605 lgnatio
3441 2533 3508 2589 ad
3534 2550 3636 2589 sua

2064 2626 2269 2695 scripta
2295 2626 2610 2688 exornanda
2632 2625 2970 2681 et'Ecclesim
2982 2626 3235 2696 dogmata
3263 2624 3636 2679 conﬁrmanda

2065 2718 2460 2787 produxerunt,
2495 2732 2730 2789 quorum
2775 2718 3063 2789 pleraque,
3106 2726 3165 2772 ut
3198 2717 3431 2771 absurda
3484 2716 3635 2771 scili—

2064 2820 2149 2865 cet
2189 2819 2242 2865 et
2280 2810 2487 2866 absona
2510 2811 2771 2879 mutavit,
2801 2809 3149 2876 obscuravit,
3202 2817 3296 2863 aut
3327 2809 3638 2864 obliteravit

2066 2903 2443 2972 interpolator,
2481 2903 2800 2973 prudentior
2829 2903 3005 2958 multo
3028 2910 3193 2972 atque
3227 2902 3494 2973 sagacior.
3543 2900 3637 2956 llle

2063 2995 2247 3049 omnia
2284 3010 2385 3064 pro
2418 2996 2575 3051 libitu
2621 2996 2939 3064 miscuit,ut
2964 3006 3089 3052 ante
3121 2998 3482 3063 ostendimus,
3514 3011 3633 3048 ma-

2065 3085 2213 3139 xima
2241 3086 2467 3140 minima
2492 3086 2717 3143 licenter
2747 3086 3088 3143 immutavit:
3123 3089 3271 3144 illius
3309 3088 3639 3158 quisquilias

2068 3185 2121 3231 et
2148 3185 2326 3231 errata
2378 3186 2638 3248 tanquam
2690 3180 2913 3235 oracula
2966 3178 3201 3235 Dallaaus
3261 3182 3633 3235 exosculatur.

2066 3265 2308 3338 lgnatius
2337 3284 2444 3323 non
2473 3285 2537 3325 ea
2557 3270 2727 3336 dixit,
2760 3286 2883 3341 quae
2902 3287 3063 3327 nemo
3096 3272 3311 3328 locutus
3340 3281 3458 3338 est,
3507 3287 3639 3326 cum

2065 3360 2322 3429 episcopo
2363 3361 2749 3430 autsdiaconis
2798 3363 3055 3433 ἐντολήν,
3109 3366 3448 3436 presbyterio
3474 3367 3636 3436 νόμον

2065 3448 2301 3521 Χριστοῦ
2334 3451 2613 3506 adhibuit:
2649 3454 2744 3509 sed
2774 3454 2831 3508 S.
2854 3454 3085 3509 Paulum
3122 3456 3369 3511 imitatus
3398 3465 3502 3521 est,
3539 3457 3636 3524 qui

2064 3542 2253 3596 eodem
2280 3542 2443 3598 modo
2466 3543 2731 3615 διαταγήν
2762 3548 3068 3616 usurpavit,
3098 3546 3257 3600 Rom.
3298 3561 3419 3611 xm,
3444 3545 3512 3598 2:
3580 3548 3643 3599 '0-

2063 3633 2569 3705 ἀντιτασσόμενος
2590 3637 2662 3705 τῇ
2684 3638 2951 3705 ἐξουσίᾳ,
2974 3638 3047 3706 τῇ
3075 3639 3179 3693 τοῦ
3212 3640 3359 3694 Θεοῦ
3386 3639 3636 3708 διαταγῇ

2063 3725 2450 3794 ἀνθέστηκεν.
2486 3726 2621 3781 Nam
2655 3730 2700 3784 si
2726 3729 2814 3783 ille
2846 3730 2940 3798 qui
2990 3730 3332 3801 magistratui
3384 3732 3635 3784 ἀντιτάσ-

2064 3833 2237 3881 σεται,
2271 3816 2364 3872 Dei
2398 3818 2625 3890 διαταγῇ
2657 3821 3058 3886 ἀντιτάσσεται,
3094 3830 3209 3876 tum
3236 3822 3324 3876 ille
3351 3823 3513 3877 etiam
3539 3824 3633 3892 qui

2062 3909 2318 3979 episcopo
2352 3911 2733 3978 ὑποτάσσεται,
2764 3913 2857 3967 Dei
2887 3914 3073 3985 ἐντολῇ
3110 3914 3474 3969 ὑποτάσσεται
3498 3955 3511 3979 ,
3547 3932 3635 3968 se-

2061 4003 2301 4057 cundum
2360 4005 2686 4059 sententiam
2728 4003 2785 4060 S.
2818 4005 3035 4077 lgnatii,
3068 4009 3171 4063 hoc
3221 4016 3324 4073 est,
3376 4008 3633 4077 episcopo

2061 4095 2351 4165 subjicitur
2387 4095 2481 4165 qui
2514 4098 2770 4152 mandato
2798 4098 2893 4153 Dei
2920 4100 3256 4155 constitutus
3290 4109 3393 4155 est.

2131 4183 2374 4255 Denique
2397 4186 2649 4241 observat
2700 4199 2949 4245 nostrum
3006 4190 3259 4260 plurimis
3313 4191 3381 4245 de
3425 4193 3631 4247 unitate

2060 4277 2453 4347 conservanda,
2499 4278 2566 4334 de
2600 4279 2908 4337 obedientia
2938 4284 3266 4354 evangelicis
3298 4287 3629 4353 praestanda,

2058 4371 2125 4427 de
2158 4371 2427 4427 haereticis
2449 4380 2504 4426 ct
2530 4373 2899 4430 schismaticis
2927 4371 3199 4445 fugiendis
3221 4375 3509 4441 disserere,
3538 4391 3631 4431 ea-

2057 4463 2290 4535 demque
2322 4465 2376 4518 in
2399 4466 2656 4521 omnibus
2684 4465 2799 4523 fere
2837 4468 3083 4537 epistolis
3139 4468 3436 4525 inculcare.
3471 4467 3631 4535 Quod

379 4544 749 4644 pani—culmi",
784 4544 1155 4642 perse'quiwr,
1190 4583 1247 4627 ,η
1271 4544 1605 4627 Sarmvium'
1626 4544 1763 4641 p'ene
1793 4573 1951 4629 om“-
1980 4579 2027 4638 ο
2056 4554 2276 4624 quidem
2308 4544 2497 4609 verum
2531 4566 2633 4612 est.
2663 4554 2801 4614 Nam
2824 4567 2884 4614 ut
2907 4568 3054 4614 recte
3084 4558 3141 4613 S.
3174 4558 3507 4616 Athanasius
3531 4562 3628 4616 lib.

380 4664 540 4717 derit.
602 4661 694 4717 Sic
738 4662 884 4717 enim
938 4662 1249 4731 scripsitad
1296 4662 1627 4717 Salmasium
1655 4662 1721 4718 de
1759 4664 1955 4720 militia

380 4754 551 4808 multa
569 4752 951 4808 meditantem:
983 4772 1001 4804 ι
1032 4753 1240 4807 Divina).
1265 4753 1475 4806 militiae
1501 4767 1715 4822 semper
1737 4754 1955 4809 studere

378 4851 613 4911 oportet.
649 4840 808 4908 Quod
852 4843 986 4898 dum
1026 4842 1171 4898 facio
1203 4843 1423 4912 quando
1470 4852 1628 4898 vacat
1666 4845 1725 4896 ὲν
1756 4847 1821 4916 τῇ
1858 4844 1952 4898 τοῦ

374 4935 514 4989 Θεοῦ
547 4936 842 5007 πανοπλίᾳ,
875 4952 1040 5007 quam
1084 4937 1321 5005 explicat
1376 4936 1675 5006 Apostolus
1727 4938 1953 5006 epistola

374 5030 444 5085 ad
470 5028 761 5099 Ephesios,
796 5030 1031 5099 plurima
1063 5037 1361 5084 occurrunt
1387 5038 1678 5084 armaturae
1730 5045 1950 5099 genera,

371 5122 576 5193 quibus
609 5121 785 5176 fateor
807 5136 893 5176 me
918 5137 1026 5176 non
1055 5136 1217 5191 posse
1248 5121 1422 5187 indui,
1451 5136 1577 5175 cum
1592 5137 1655 5176 ea
1682 5137 1793 5176 non
1817 5123 1952 5178 satis

376 5215 696 5285 intelligam.
733 5214 991 5284 Clypeum
1025 5213 1168 5278 fidei,
1199 5213 1326 5284 quia
1360 5213 1491 5283 quid
1514 5223 1659 5269 esset
1681 5214 1839 5281 dixit,
1872 5214 1952 5268 fa-

372 5308 478 5364 cile
503 5307 681 5378 capio.
724 5305 829 5361 Sed
851 5306 1082 5376 reliqua,
1108 5321 1302 5376 nempe
1326 5306 1487 5377 στῆτε
1517 5307 1951 5378 περιζωσάμενοι

369 5396 469 5469 τὴν
497 5398 669 5465 ὀσφὺν
701 5396 856 5467 ὑμῶν
899 5398 955 5449 ὲν
977 5395 1235 5467 ἀληθείᾳ,
1265 5395 1357 5449 κα)¹
1399 5396 1794 5467 ὑποδησάμενοι
1827 5399 1951 5461 τοὺς

372 5488 538 5552 πόδας
588 5492 645 5543 ὲν
694 5488 979 5559 ἑτοιμασίᾳ
1035 5487 1127 5541 τοῦ
1166 5488 1501 5557 Εὑαγγελίου
1559 5488 1658 5558 τῆς
1701 5490 1947 5560 εἰρήνης.

371 5574 500 5631 Item
528 5576 712 5649 θώραξ
739 5578 1105 5650 δικαιοσύνης,
1142 5587 1191 5632 et
1223 5578 1622 5649 περικεφαλαία
1642 5577 1733 5632 τοῦ
1770 5597 1947 5651 σωτη-

371 5666 511 5737 ρίου,
562 5676 618 5722 ct
659 5668 906 5739 μάχαιρα
962 5666 1270 5737 πνεύματος
1294 5684 1457 5736 quam
1504 5668 1687 5737 σχέσιν
1715 5668 1948 5724 habeant

370 5772 497 5813 cum
530 5759 825 5815 virtutibus
855 5758 1153 5814 Christiani
1182 5760 1393 5826 militis,
1431 5770 1656 5830 paratus
1711 5776 1830 5815 sum
1864 5760 1946 5815 di-

371 5864 545 5915 scere,
581 5851 629 5907 si
670 5852 769 5907 tibi
800 5850 965 5907 libeat
1002 5868 1089 5908 me
1112 5850 1327 5908 docere.
1365 5871 1385 5904 ›
1442 5852 1510 5907 At
1545 5852 1685 5908 idem
1717 5852 1781 5908 ad
1816 5869 1940 5909 cos-

2052 4647 2133 4705 .De
2167 4646 2549 4705 Iucarnatione
2592 4650 2781 4706 Verbi:
2822 4652 2930 4705 Kal
2964 4653 3074 4723 γάρ
3126 4653 3333 4723 βέλτιον
3376 4655 3629 4708 ταυτολο-

2055 4740 2179 4808 γίας
2221 4741 2424 4812 μέμψιν
2445 4732 2820 4813 ὑποστῆναι,ἢ
2852 4742 3180 4813 παραλεῖψαί
3232 4761 3283 4797 τι
3324 4743 3432 4797 τῶν
3481 4747 3629 4813 ὀφει-

2053 4831 2254 4886 λόντων
2285 4834 2580 4905 γραφῆναι.
2624 4856 2642 4888 ‹
2679 4834 2871 4890 Melius
2900 4836 3045 4890 enim
3068 4845 3151 4890 est
3183 4838 3493 4905 tautologia:
3524 4840 3629 4892 cri-

2055 4940 2178 4979 men
2216 4928 2508 4993 sustinere,
2534 4943 2698 4998 quam
2732 4929 2935 4997 aliquid
2985 4943 3176 4983 eorum
3214 4930 3629 4998 praetermittere

2054 5032 2175 5086 qua:
2214 5019 2380 5072 scribi
2413 5019 2734 5075 debuerant.
2776 5038 2795 5071 ι
2843 5019 3245 5076 Pullulantibus
3289 5029 3473 5075 autem
3512 5023 3626 5076 hac-

2053 5110 2290 5176 rcsibus,
2309 5120 2364 5166 et
2384 5122 2509 5182 post
2535 5113 2782 5168 omnium
2811 5114 3182 5183 apostolorum
3204 5123 3432 5168 mortem
3458 5114 3627 5169 libere

2053 5210 2105 5256 et
2128 5212 2314 5273 aperte
2346 5206 2784 5275 erumpentibus,
2824 5204 3119 5261 schismate
3168 5206 3331 5261 etiam
3390 5207 3498 5261 late
3532 5222 3627 5275 per

2054 5296 2327 5355 Ecclesias
2360 5307 2667 5372 grassante,
2703 5299 2833 5367 quid
2861 5297 3242 5353 sanctissimus
3280 5307 3487 5369 martyr
3527 5316 3627 5368 op-

2052 5391 2341 5458 portunius
2376 5389 2649 5445 Ecclesias
2666 5376 2935 5456 moneret,
2961 5404 3126 5459 quam
3162 5398 3222 5442 ut
3254 5390 3324 5444 ab
3355 5391 3458 5445 hac
3475 5401 3625 5459 peste

2052 5483 2396 5553 potissimum
2424 5482 2713 5537 caverent?
2732 5481 2884 5548 Quod
2909 5490 3090 5537 autem
3115 5482 3295 5551 aptius
3321 5482 3623 5536 remedium

2051 5578 2116 5630 ad
2151 5575 2400 5630 vitandas
2432 5575 2668 5630 haereses
2697 5583 2752 5629 et
2774 5575 3121 5645 exstirpanda
3140 5574 3437 5630 schismata
3468 5575 3624 5631 adhi-

2049 5668 2177 5723 bere
2206 5668 2401 5736 potuit,
2434 5681 2600 5736 quam
2643 5674 2701 5719 ut
2733 5667 3046 5735 pastoribus
3070 5705 3085 5731 ,
3122 5682 3263 5736 quos
3310 5667 3426 5736 ipsc
3470 5669 3625 5721 novit

2052 5762 2105 5814 in
2164 5768 2307 5815 recta
2350 5760 2453 5813 fide
2484 5766 2667 5821 stare,
2701 5757 3034 5812 unanimiter
3091 5758 3464 5813 adhzercrcnt?
3511 5757 3623 5826 Eg!»

2049 5862 2192 5908 certe
2232 5851 2365 5905 nihil
2402 5850 2544 5905 aliud
2572 5850 2696 5905 inde
2728 5851 3089 5921 colligendum
3137 5851 3385 5907 existimo
3413 5893 3427 5917 ,
3456 5866 3631 5920 quam
