4138 6428
526 418 617 473 liii

1584 411 1640 467 S.
1682 412 2029 472 IGNATIUS.
2074 449 2139 457 —
2178 414 2709 471 PROLEGOMENA.

3678 420 3781 472 472

525 532 624 585 ista
654 534 707 587 in
742 531 981 588 Ecclesia
1017 534 1253 588 maxime
1276 550 1397 589 esse
1424 535 1697 605 fugienda,
1727 537 1830 592 hoc
1854 539 1921 591 ad
1969 554 2093 592 eum
2127 545 2170 601 Α
2203 549 2311 595 tate
2341 549 2639 601 armasset,
2671 538 2830 609 cujus
2852 548 3091 609 potestas
3120 554 3184 594 ea
3210 545 3554 609 tempestate,
3608 535 3778 593 etiam

525 622 685 677 tinem
709 640 831 679 esse
892 641 1106 681 summe
1137 628 1541 693 necessarium;
1590 630 1733 699 quod
1790 646 1985 684 omnes
2026 632 2095 684 ab

524 716 683 770 initio
708 716 1035 771 Christiana:
1086 719 1369 790 religionis
1422 718 1653 788 professi
1710 730 1859 776 sunt.
1916 720 2013 776 Vel
2048 723 2096 777 si

523 808 853 876 eonjecturis
885 818 939 863 et
962 810 1180 879 quidem
1209 811 1537 880 justissimis
1578 812 1861 883 indulgere
1911 813 2095 877 liceat,

524 916 587 953 ex
618 901 718 954 hac
743 900 1011 970 frequenti
1053 904 1425 959 admonitione
1447 905 1515 959 de
1543 904 1851 960 obedientia
1882 906 2098 975 episco-

524 992 639 1059 pis,
677 994 1009 1064 presbyteris
1048 1005 1103 1050 et
1130 996 1378 1052 diaconis
1403 998 1568 1053 simul
1608 1000 1936 1070 praastanda,
1996 1015 2096 1070 ego

524 1085 732 1153 optimo
775 1086 899 1154 jure
951 1088 1314 1157 colligendum
1346 1105 1501 1157 reor,
1556 1107 1667 1146 non
1727 1093 1843 1147 hsce
1898 1092 2099 1161 scripta

528 1176 698 1233 fuisse
725 1180 828 1233 sub
864 1181 1019 1235 initio
1051 1182 1233 1251 quarti
1264 1184 1471 1248 saeculi,
1503 1194 1597 1239 aut
1651 1186 1797 1239 tertii
1827 1185 1952 1250 fine,
2004 1185 2098 1241 sed

524 1272 709 1337 potius
742 1273 845 1328 sub
876 1274 1031 1329 initio
1058 1277 1305 1331 secundi.
1325 1276 1496 1333 Nemo
1524 1279 1669 1333 enim
1708 1289 1819 1335 tam
1843 1281 1981 1335 seris
1999 1279 2102 1335 Ec-

524 1362 709 1418 clesia;
730 1366 1071 1435 temporibus
1098 1377 1177 1422 tot
1217 1369 1409 1439 elogiis
1444 1382 1697 1427 ornasset
1742 1370 2099 1426 diaconorum

528 1455 785 1521 ofﬁcium,
822 1458 967 1527 quod
999 1466 1129 1513 tunc
1180 1462 1444 1531 temporis
1471 1463 1697 1533 ubique,
1734 1474 1960 1533 excepta
1992 1479 2099 1518 una

528 1550 756 1603 ecclesia
783 1552 933 1607 urbis
958 1550 1234 1618 Romanae,
1269 1553 1405 1608 adeo
1437 1555 1732 1621 eviluerat;
1788 1570 1946 1609 nemo
1974 1570 2097 1624 pre-

530 1644 825 1711 sbyterium
860 1653 935 1698 tot
966 1644 1221 1701 laudibus
1267 1646 1623 1715 cumulasset,
1665 1656 1813 1701 tanta
1860 1647 2103 1702 auctori-

2201 634 2561 695 Alexandriae,
2602 633 2694 686 ubi
2720 632 2957 686 maxime
2982 631 3257 697 ﬂoruerat,
3287 640 3572 702 tantopere
3596 630 3781 685 immi-

2201 733 2334 778 nuta
2357 732 2461 779 est.
2497 722 2644 778 Vidit
2672 724 2774 777 hoc
2802 722 3128 789 Salmasius,
3154 734 3207 778 et
3240 724 3311 779 ob
3358 738 3480 778 eam
3511 723 3780 776 rationem

2202 818 2468 886 scriptum
2497 818 2621 879 hoc,
2655 818 3035 887 cujuscunque
3060 826 3151 885 stt,
3181 818 3425 872 secundo
3452 816 3656 871 seculo
3688 830 3779 869 as-

2200 910 2489 963 serendum
2514 909 2797 979 judicavit.
2824 910 2891 965 Et
2914 911 2960 967 si
2987 911 3119 982 quid
3161 924 3263 980 ego
3294 909 3350 963 in
3372 909 3476 963 hac
3526 923 3586 962 re
3619 907 3781 960 intel-

2200 1002 2328 1071 ligo,
2360 1001 2675 1072 quicunque
2698 998 3053 1073 presbyterali
3076 1002 3326 1073 dignitati
3355 1000 3785 1069 auctoritatique

2203 1093 2441 1147 maxime
2501 1092 2763 1158 student,
2790 1108 2900 1147 nou
2951 1093 3155 1147 habent
3197 1107 3311 1147 sua:
3356 1090 3784 1147 existimationis

2205 1182 2417 1237 firmius
2445 1191 2541 1237 aut
2572 1182 2801 1240 solidius
2850 1182 3273 1239 fundamentum
3322 1197 3489 1252 quam
3523 1181 3785 1251 epistolas

2206 1276 2263 1329 S.
2288 1276 2481 1347 lgnatii
2509 1276 2719 1331 nostri:
2747 1292 2924 1347 neque
2945 1276 3092 1331 enim
3124 1276 3179 1330 in
3232 1276 3343 1330 ullo
3376 1290 3505 1331 vere
3557 1274 3786 1343 antiquo

2204 1370 2472 1439 scriptore
2504 1377 2657 1423 extra
2691 1369 2791 1424 has
2813 1368 3077 1439 epistolas
3109 1376 3189 1423 tot
3210 1383 3273 1422 ac
3307 1377 3457 1422 tanta
3506 1368 3787 1439 presbyte-

2206 1473 2360 1516 ratus
2386 1461 2659 1531 praeconia
2692 1460 2991 1528 invenient,
3018 1476 3195 1530 neque
3250 1460 3398 1514 illius
3434 1460 3646 1515 ordinis
3685 1460 3786 1513 lio-

2208 1569 2398 1610 norem
2431 1553 2549 1609 sine
2576 1554 2921 1623 episcopatus
2949 1553 3305 1623 prterOgativa
3337 1551 3487 1607 ullibi
3516 1553 3786 1608 constitu—

2208 1658 2320 1701 tum
2346 1646 2634 1717 reperient.

1482 1783 1973 1837 Pearsonianarum
2005 1782 2211 1854 lgnatii
2243 1784 2615 1839 Vindiciarum
2680 1784 2822 1857 ﬁnis.

540 1973 3565 2007 Ἢ

1631 2154 2687 2286 DISSERTATIO

1031 2419 1213 2529 DE
1296 2417 2031 2532 EPISTOLIS
2120 2417 2640 2533 SANCTI
2732 2419 3295 2536 IGNATII

1436 2637 1664 2704 VERIS,
1716 2636 2224 2694 INTERPOLATIS
2252 2638 2338 2692 ET
2374 2638 2892 2696 SUPPOSITITIIS.

534 2801 805 2862 Auctore
866 2803 940 2862 ι).
997 2803 1086 2862 Le
1137 2802 1451 2873 Nouanv,
1511 2802 1873 2881 presbytero
1933 2802 2360 2941 etSmtIJIrItaeho
2422 2803 2666 2865 ordinis
2716 2805 2782 2865 S.
2846 2803 3163 2867 Benedicti
3226 2824 3254 2867 e
3317 2811 3793 2886 congregatione

2070 2928 2083 2941 .
2200 2900 2367 2941 aurL

2070 2928 2083 2942 .
2126 2900 2367 2943 maurt.

1264 3040 1561 3103 (Apparatus
1584 3039 1651 3090 ad
1675 3037 2019 3090 Bibliothecam
2044 3040 2268 3099 Patrum,
2296 3041 2333 3099 Ι,
2361 3040 2440 3099 78,
2468 3040 2685 3102 Parisiis,
2710 3040 2849 3101 1103,
2875 3043 2923 3093 in
2948 3040 3052 3103 fol.)

1870 3415 2158 3506 PARS
2230 3414 2607 3505 PRIMA

1541 3599 1629 3661 De
1687 3601 1853 3662 veris
1917 3602 2120 3665 sancti
2175 3603 2411 3681 lgnatii
2459 3601 2779 3679 epistolis.

1039 3770 1269 3827 CAPUT
1302 3771 1597 3831 PRIMUM.

534 3915 738 3959 ετΑτυε
788 3920 1121 3967 ΟυΕΒἸἹΟΝΙὸ
1153 3926 1222 3963 ΕΤ
1253 3924 1594 3967 GENUINARUI
1646 3931 1850 3971 IGNATII
1894 3935 2112 3973 EPISTO-

891 3993 1069 4032 LARUI
1104 3996 1355 4036 ANALYSIS
1397 3998 1755 4041 PBOPONITUB.
1912 4004 1915 4005 ⁷

808 4111 834 4181 §
868 4110 908 4164 l.
940 4111 1126 4167 Status
1158 4118 1464 4184 quwstionis
1496 4122 1830 4187 proponitur.

603 4224 853 4288 Quatuor
874 4237 999 4280 sunt
1027 4228 1382 4297 epistolarum
1408 4230 1601 4301 lgnatii
1625 4232 1851 4299 classes,
1879 4251 2109 4304 quarum

534 4316 709 4381 prima
743 4332 930 4369 earnm
958 4328 1061 4383 est,
1093 4335 1232 4387 quas
1268 4319 1487 4377 lsaacus
1524 4321 1752 4379 Vossius
1795 4341 1862 4379 ex
1912 4341 2109 4380 manu-

532 4409 737 4477 scripto
762 4407 949 4463 Graeco
977 4399 1325 4468 Bibliotheca:
1371 4413 1701 4471 Florentium
1743 4418 1931 4473 codice
1961 4418 2110 4473 Grae-

530 4517 593 4555 ce
620 4502 822 4569 edidit;
852 4518 1195 4573 quarumque
1226 4506 1509 4575 antiquam
1526 4507 1831 4563 versionem
1858 4508 2108 4564 Latinam

535 4592 791 4649 Usserius
846 4598 1293 4667 archiepiscopus
1348 4600 1731 4655 Armachanus
1769 4616 1835 4655 ex
1891 4602 2108 4657 duobus

530 4686 811 4741 codicibus
838 4704 1000 4742 manu
1031 4689 1288 4755 exaratis,
1314 4689 1485 4743 altero
1510 4687 1857 4746 Bibliotheca:
1881 4692 2107 4748 Richar-

528 4779 579 4831 ili
612 4776 955 4843 Montacutii,
995 4781 1166 4835 altero
1195 4781 1641 4851 Cantabrigensis
1670 4792 1827 4838 antea
1862 4786 2109 4859 divulga‘

530 4880 701 4923 verat.

601 4961 855 5017 Secunda
883 4963 1076 5017 classis
1127 4964 1345 5018 easdem
1376 4966 1777 5035 complectitur,
1810 4969 1902 5024 sed
1932 4970 2103 5025 inter-

527 5056 759 5121 polatas,
785 5071 848 5110 ac
881 5072 1004 5109 cum
1038 5057 1151 5111 suis
1176 5057 1549 5113 additionibus
1584 5059 1770 5115 Grazce
1821 5070 1875 5115 et
1913 5060 2105 5118 Latine

524 5148 718 5199 editas.

595 5237 777 5292 Tertia
805 5240 997 5293 classis
1032 5241 1272 5310 quinque
1303 5240 1438 5296 alias
1466 5241 1731 5307 continet,
1758 5243 1943 5297 Graece
1972 5244 2100 5298 item

525 5343 576 5384 ct
610 5328 803 5385 Latine
829 5330 1155 5400 publicatas,
1180 5348 1301 5402 qua:
1323 5333 1378 5386 in
1404 5331 1697 5388 Usseriana
1723 5332 2103 5404 Vossianaque

525 5424 783 5490 editione,
817 5424 937 5479 aliis
970 5440 1133 5493 supra
1159 5427 1498 5489 memoratis,
1530 5427 1956 5495 subjunguntnr.

594 5514 799 5579 Quarta
826 5516 1061 5585 denique
1094 5517 1147 5570 in
1197 5519 1373 5572 classe
1403 5517 1744 5573 collocantur
1773 5517 1877 5571 tria
1908 5516 2099 5586 lgnatii

525 5608 798 5676 epistolia,
852 5608 960 5662 duo
1004 5608 1068 5662 ad
1101 5608 1366 5663 Joannem
1399 5610 1826 5680 evangelistam,
1880 5618 1933 5662 et
1991 5618 2091 5663 ter-

524 5701 657 5755 tium
681 5705 745 5756 ad
775 5717 986 5757 sacram
1016 5703 1280 5773 virginem
1308 5703 1555 5769 Mariam,
1607 5703 1811 5757 Christi
1848 5714 2096 5767 matrem,

523 5793 607 5845 cui
646 5794 888 5863 ejusdem
922 5793 1103 5849 Maria:
1153 5794 1218 5849 ad
1246 5793 1516 5864 lgnatium
1558 5793 1842 5863 responsio
1902 5796 2101 5853 subne-

528 5892 684 5936 L‘IlUl‘.

2138 3790 2185 3849 Β
2284 3783 2543 3837 Omnium
2570 3788 2750 3835 autem
2783 3780 3045 3833 harumce
3069 3775 3430 3845 epistolarum
3465 3786 3693 3828 examen
3723 3772 3795 3827 ab

2215 3878 2283 3931 iis
2324 3876 2593 3941 ordimur,
2627 3887 2749 3943 qua:
2774 3872 2966 3941 prima:
3011 3881 3140 3927 sunt
3185 3870 3400 3934 classis,
3424 3879 3477 3923 et
3503 3868 3570 3922 de
3592 3866 3795 3936 quibus

2214 3967 2489 4037 praecipua
2544 3982 2691 4020 nunc
2746 3980 2810 4019 ac
2855 3979 2993 4033 pene
3017 3964 3197 4018 omnis
3231 3962 3371 4016 inter
3414 3960 3658 4013 eruditos
3708 3966 3797 4012 est

2218 4058 2609 4113 controversia.
2637 4056 2855 4126 Septem
2882 4069 3046 4125 porro
3062 4062 3189 4108 sunt
3216 4050 3554 4122 cjuscemodi
3586 4050 3793 4119 episto-

2215 4146 2297 4209 lae,
2336 4160 2570 4214 quarum
2615 4152 2675 4198 ut
2730 4143 2907 4213 major
2937 4142 3203 4195 habeatur
3234 4142 3448 4205 notitia,
3509 4155 3573 4193 ac
3623 4139 3691 4192 de
3722 4139 3792 4194 iis

2214 4236 2417 4289 certius
2471 4235 2540 4289 ab
2571 4234 2829 4289 omnibus
2868 4234 3135 4304 judicium
3178 4233 3305 4286 ferri
3344 4234 3537 4303 possit,
3570 4234 3788 4287 brevem

2214 4341 2425 4391 earum,
2452 4326 2545 4381 sed
2570 4326 2775 4382 claram
2831 4336 3261 4395 accuratamque
3292 4340 3392 4395 pro
3423 4325 3567 4379 virili
3597 4325 3792 4395 analy-

2214 4417 2315 4471 sim
2350 4416 2769 4485 prmmittemus.
3608 4424 3611 4427 ‘

2356 4618 2384 4689 §
2418 4617 2480 4671 ll.
2524 4617 2775 4687 Analysis
2803 4628 2995 4687 septem
3026 4616 3369 4688 epistolarum
3399 4616 3621 4689 lgnatii.

2280 4773 2415 4827 Cum
2446 4771 2685 4842 lgnatius
2731 4770 3033 4825 Antiochiae
3072 4770 3365 4825 damnatus
3397 4778 3543 4824 esset
3572 4768 3639 4823 ad
3692 4768 3787 4823 hc-

2212 4867 2365 4931 stias,
2396 4865 2755 4934 Romamque,
2782 4872 2841 4917 ut
2892 4863 2960 4917 iis
2988 4863 3338 4931 objiccretur,
3377 4863 3597 4917 vinctus
3624 4862 3793 4917 duce-

2210 4972 2379 5028 retur,
2409 4969 2462 5016 et
2500 4960 2790 5031 Smyrnam
2825 4958 3160 5027 appulisset;
3210 4958 3333 5012 inde
3366 4966 3606 5026 quatuor
3638 4959 3790 5027 prio-

2209 5069 2319 5119 res,
2365 5053 2432 5106 de
2459 5050 2659 5121 quibus
2686 5051 2801 5119 jam
2830 5049 3031 5117 agitur,
3082 5049 3232 5103 dedit
3268 5049 3547 5118 epistolas.
3582 5047 3791 5102 [larum

2133 5162 2175 5217 ο
2213 5145 2388 5213 prima
2415 5142 2672 5197 Ecclesia
2703 5140 3014 5209 Ephesinaa,
3051 5154 3175 5209 qua:
3199 5140 3265 5193 ad
3318 5154 3442 5192 eum
3474 5154 3540 5193 ex
3577 5138 3792 5193 diﬂicil-

2214 5236 2327 5290 limi
2362 5234 2575 5289 itineris
2598 5232 2989 5303 defatigatione
3016 5231 3375 5285 recreandum
3407 5231 3792 5289 reﬁciendnmq

2213 5344 2338 5399 que,
2374 5337 2533 5382 antea
2581 5326 2901 5381 Onesimum
2948 5326 3266 5394 episcopum
3300 5340 3463 5379 suum
3509 5340 3615 5378 una
3662 5340 3789 5379 cum

2211 5421 2399 5492 Byrro,
2432 5420 2603 5490 Euplo
2651 5429 2704 5473 et
2753 5417 3029 5473 Frontone
3076 5418 3321 5481 miserat,
3362 5415 3631 5469 destinata
3680 5425 3787 5471 est.

2212 5516 2360 5570 Hanc
2383 5526 2565 5570 autem
2596 5514 2916 5576 Ecclesiam,
2946 5511 3016 5565 ob
3038 5509 3295 5563 eximiam
3342 5509 3395 5561 in
3450 5526 3509 5565 se
3547 5508 3790 5563 charita-

2212 5619 2319 5663 tem
2355 5609 2593 5676 primum
2625 5606 2829 5667 laudat,
2862 5606 3177 5676 gratiasque
3206 5605 3476 5658 maximas
3506 5603 3555 5656 ei
3587 5616 3787 5669 repen-

2206 5698 2303 5750 dit.
2336 5694 2473 5747 Tum
2509 5693 2851 5748 Christianos
2909 5710 3123 5761 omnes,
3180 5709 3417 5764 quorum
3454 5707 3513 5745 se
3542 5691 3788 5760 discipu-

2207 5790 2317 5844 lum
2350 5805 2469 5844 esse
2519 5790 2619 5843 etsi
2667 5789 2857 5843 lubens
2916 5788 3171 5853 fateatur,
3206 5803 3424 5843 summo
3453 5794 3633 5839 tamen
3684 5799 3786 5838 suo

2204 5897 2329 5952 erga
2362 5896 2457 5936 eos
2478 5896 2661 5933 amore
2692 5888 2743 5935 ct
2771 5878 2949 5936 studio
2982 5877 3177 5948 victus,
3215 5885 3403 5933 monct
3426 5887 3479 5933 ut
3514 5877 3566 5932 in
3593 5875 3783 5931 eadem
