  <div class='ocr_page' id='page_1' title='image "/cluster/home/n/w/nwhite01/storage/ocr_20150623/5/coo.31924054872845/244.png"; bbox 0 0 4138 6398; ppageno 0'>
   <div class='ocr_carea' id='block_1_1' title="bbox 439 426 544 481">
    <p class='ocr_par' dir='ltr' id='par_1_1' title="bbox 439 426 544 481">
     <span class='ocr_line' id='line_1_1' title="bbox 439 426 544 481; baseline 0 0"><span class='ocrx_word' id='word_1_1' title='bbox 439 426 544 481; x_wconf 68' lang='grc'><strong>475</strong></span> 
     </span>
    </p>
   </div>
   <div class='ocr_carea' id='block_1_2' title="bbox 1406 422 2724 483">
    <p class='ocr_par' dir='ltr' id='par_1_2' title="bbox 1406 422 2724 483">
     <span class='ocr_line' id='line_1_2' title="bbox 1406 422 2724 483; baseline 0.001 -4"><span class='ocrx_word' id='word_1_2' title='bbox 1406 425 1469 479; x_wconf 91' lang='lat' dir='ltr'><strong>D.</strong></span> <span class='ocrx_word' id='word_1_3' title='bbox 1511 422 1801 483; x_wconf 80' lang='lat' dir='ltr'><strong>NOURRII</strong></span> <span class='ocrx_word' id='word_1_4' title='bbox 1839 424 2320 481; x_wconf 84' lang='lat' dir='ltr'><strong>DISSERTATIO.</strong></span> <span class='ocrx_word' id='word_1_5' title='bbox 2362 458 2429 467; x_wconf 87' lang='lat'><strong>——</strong></span> <span class='ocrx_word' id='word_1_6' title='bbox 2466 425 2647 482; x_wconf 77' lang='lat' dir='ltr'><strong>PARS</strong></span> <span class='ocrx_word' id='word_1_7' title='bbox 2683 427 2724 480; x_wconf 93' lang='lat' dir='ltr'><strong>l.</strong></span> 
     </span>
    </p>
   </div>
   <div class='ocr_carea' id='block_1_3' title="bbox 3588 421 3694 476">
    <p class='ocr_par' dir='ltr' id='par_1_3' title="bbox 3588 421 3694 476">
     <span class='ocr_line' id='line_1_3' title="bbox 3588 421 3694 476; baseline -0.009 0"><span class='ocrx_word' id='word_1_8' title='bbox 3588 421 3694 476; x_wconf 65' lang='grc'><strong>474</strong></span> 
     </span>
    </p>
   </div>
   <div class='ocr_carea' id='block_1_4' title="bbox 441 544 3692 618">
    <p class='ocr_par' dir='ltr' id='par_1_4' title="bbox 441 544 3692 618">
     <span class='ocr_line' id='line_1_4' title="bbox 441 544 3692 618; baseline 0 -20"><span class='ocrx_word' id='word_1_9' title='bbox 441 561 657 615; x_wconf 87' lang='lat' dir='ltr'><strong>semper</strong></span> <span class='ocrx_word' id='word_1_10' title='bbox 678 561 803 601; x_wconf 92' lang='lat' dir='ltr'><strong>cum</strong></span> <span class='ocrx_word' id='word_1_11' title='bbox 828 544 1089 603; x_wconf 88' lang='lat' dir='ltr'><strong>Onesimo</strong></span> <span class='ocrx_word' id='word_1_12' title='bbox 1114 555 1168 603; x_wconf 91' lang='lat' dir='ltr'><strong>et</strong></span> <span class='ocrx_word' id='word_1_13' title='bbox 1190 547 1594 603; x_wconf 88' lang='lat' dir='ltr'><strong>necessitudine</strong></span> <span class='ocrx_word' id='word_1_14' title='bbox 1619 556 1674 602; x_wconf 88' lang='lat' dir='ltr'><strong>et</strong></span> <span class='ocrx_word' id='word_1_15' title='bbox 1701 547 2008 603; x_wconf 87' lang='lat' dir='ltr'><strong>obedientia</strong></span> <span class='ocrx_word' id='word_1_16' title='bbox 2040 553 2084 608; x_wconf 84' lang='lat' dir='ltr'><strong>A</strong></span> <span class='ocrx_word' id='word_1_17' title='bbox 2114 550 2365 618; x_wconf 86' lang='lat' dir='ltr'><strong>quamvis</strong></span> <span class='ocrx_word' id='word_1_18' title='bbox 2394 550 2529 604; x_wconf 90' lang='lat' dir='ltr'><strong>nihil</strong></span> <span class='ocrx_word' id='word_1_19' title='bbox 2558 549 2843 604; x_wconf 84' lang='lat' dir='ltr'><strong>molestius</strong></span> <span class='ocrx_word' id='word_1_20' title='bbox 2876 562 3118 618; x_wconf 85' lang='lat' dir='ltr'><strong>unquam</strong></span> <span class='ocrx_word' id='word_1_21' title='bbox 3172 547 3377 614; x_wconf 77' lang='lat' dir='ltr'><strong>tulerit,</strong></span> <span class='ocrx_word' id='word_1_22' title='bbox 3413 560 3579 616; x_wconf 89' lang='lat' dir='ltr'><strong>quam</strong></span> <span class='ocrx_word' id='word_1_23' title='bbox 3609 545 3692 599; x_wconf 89' lang='lat' dir='ltr'><strong>ni-</strong></span> 
     </span>
    </p>
   </div>
   <div class='ocr_carea' id='block_1_5' title="bbox 441 639 2013 710">
    <p class='ocr_par' dir='ltr' id='par_1_5' title="bbox 441 639 2013 710">
     <span class='ocr_line' id='line_1_5' title="bbox 441 639 2013 710; baseline 0.003 -21"><span class='ocrx_word' id='word_1_24' title='bbox 441 648 813 708; x_wconf 82' lang='lat' dir='ltr'><strong>pcrseverent;</strong></span> <span class='ocrx_word' id='word_1_25' title='bbox 882 648 1199 710; x_wconf 87' lang='lat' dir='ltr'><strong>quantaque</strong></span> <span class='ocrx_word' id='word_1_26' title='bbox 1263 639 1389 694; x_wconf 89' lang='lat' dir='ltr'><strong>inde</strong></span> <span class='ocrx_word' id='word_1_27' title='bbox 1418 639 1649 710; x_wconf 83' lang='lat' dir='ltr'><strong>singulis</strong></span> <span class='ocrx_word' id='word_1_28' title='bbox 1702 639 2013 709; x_wconf 88' lang='lat' dir='ltr'><strong>quibusque</strong></span> 
     </span>
    </p>
   </div>
   <div class='ocr_carea' id='block_1_6' title="bbox 440 731 2010 804">
    <p class='ocr_par' dir='ltr' id='par_1_6' title="bbox 440 731 2010 804">
     <span class='ocr_line' id='line_1_6' title="bbox 440 731 2010 804; baseline -0.001 -18"><span class='ocrx_word' id='word_1_29' title='bbox 440 734 581 788; x_wconf 84' lang='lat' dir='ltr'><strong>bona</strong></span> <span class='ocrx_word' id='word_1_30' title='bbox 633 742 797 804; x_wconf 90' lang='lat' dir='ltr'><strong>atque</strong></span> <span class='ocrx_word' id='word_1_31' title='bbox 847 734 1107 790; x_wconf 82' lang='lat' dir='ltr'><strong>utilitates</strong></span> <span class='ocrx_word' id='word_1_32' title='bbox 1148 736 1422 799; x_wconf 83' lang='lat' dir='ltr'><strong>oriantur,</strong></span> <span class='ocrx_word' id='word_1_33' title='bbox 1473 734 1681 789; x_wconf 89' lang='lat' dir='ltr'><strong>eisdem</strong></span> <span class='ocrx_word' id='word_1_34' title='bbox 1728 734 1919 803; x_wconf 86' lang='lat' dir='ltr'><strong>aperit.</strong></span> <span class='ocrx_word' id='word_1_35' title='bbox 1954 731 2010 786; x_wconf 90' lang='lat' dir='ltr'><strong>lu</strong></span> 
     </span>
    </p>
   </div>
   <div class='ocr_carea' id='block_1_7' title="bbox 443 827 2013 898">
    <p class='ocr_par' dir='ltr' id='par_1_7' title="bbox 443 827 2013 898">
     <span class='ocr_line' id='line_1_7' title="bbox 443 827 2013 898; baseline 0.001 -18"><span class='ocrx_word' id='word_1_36' title='bbox 443 827 547 881; x_wconf 84' lang='lat' dir='ltr'><strong>hoc</strong></span> <span class='ocrx_word' id='word_1_37' title='bbox 577 835 758 881; x_wconf 83' lang='lat' dir='ltr'><strong>autem</strong></span> <span class='ocrx_word' id='word_1_38' title='bbox 790 829 934 897; x_wconf 86' lang='lat' dir='ltr'><strong>quod</strong></span> <span class='ocrx_word' id='word_1_39' title='bbox 972 829 1244 898; x_wconf 89' lang='lat' dir='ltr'><strong>quosdam</strong></span> <span class='ocrx_word' id='word_1_40' title='bbox 1300 828 1608 895; x_wconf 82' lang='lat' dir='ltr'><strong>haereticos,</strong></span> <span class='ocrx_word' id='word_1_41' title='bbox 1661 828 1754 897; x_wconf 90' lang='lat' dir='ltr'><strong>qui</strong></span> <span class='ocrx_word' id='word_1_42' title='bbox 1806 827 2013 881; x_wconf 82' lang='lat' dir='ltr'><strong>Christi</strong></span> 
     </span>
    </p>
   </div>
   <div class='ocr_carea' id='block_1_8' title="bbox 441 918 2017 976">
    <p class='ocr_par' dir='ltr' id='par_1_8' title="bbox 441 918 2017 976">
     <span class='ocr_line' id='line_1_8' title="bbox 441 918 2017 976; baseline -0.001 -4"><span class='ocrx_word' id='word_1_43' title='bbox 441 928 670 973; x_wconf 88' lang='lat' dir='ltr'><strong>mortem</strong></span> <span class='ocrx_word' id='word_1_44' title='bbox 703 929 758 974; x_wconf 92' lang='lat' dir='ltr'><strong>et</strong></span> <span class='ocrx_word' id='word_1_45' title='bbox 780 921 1234 976; x_wconf 88' lang='lat' dir='ltr'><strong>resurrectionem</strong></span> <span class='ocrx_word' id='word_1_46' title='bbox 1263 918 1441 974; x_wconf 87' lang='lat' dir='ltr'><strong>ﬁctam</strong></span> <span class='ocrx_word' id='word_1_47' title='bbox 1477 926 1532 973; x_wconf 69' lang='grc' dir='ltr'><strong>ϐε</strong></span> <span class='ocrx_word' id='word_1_48' title='bbox 1558 918 1869 974; x_wconf 90' lang='lat' dir='ltr'><strong>simulatam</strong></span> <span class='ocrx_word' id='word_1_49' title='bbox 1892 932 2017 972; x_wconf 90' lang='lat' dir='ltr'><strong>esse</strong></span> 
     </span>
    </p>
   </div>
   <div class='ocr_carea' id='block_1_9' title="bbox 439 1013 2015 1082">
    <p class='ocr_par' dir='ltr' id='par_1_9' title="bbox 439 1013 2015 1082">
     <span class='ocr_line' id='line_1_9' title="bbox 439 1013 2015 1082; baseline -0.001 -14"><span class='ocrx_word' id='word_1_50' title='bbox 439 1015 714 1082; x_wconf 85' lang='lat' dir='ltr'><strong>dicebant,</strong></span> <span class='ocrx_word' id='word_1_51' title='bbox 742 1016 1019 1071; x_wconf 89' lang='lat' dir='ltr'><strong>noluerint</strong></span> <span class='ocrx_word' id='word_1_52' title='bbox 1047 1016 1259 1082; x_wconf 89' lang='lat' dir='ltr'><strong>audire,</strong></span> <span class='ocrx_word' id='word_1_53' title='bbox 1290 1015 1385 1071; x_wconf 90' lang='lat' dir='ltr'><strong>sed</strong></span> <span class='ocrx_word' id='word_1_54' title='bbox 1417 1015 1711 1070; x_wconf 91' lang='lat' dir='ltr'><strong>continuas</strong></span> <span class='ocrx_word' id='word_1_55' title='bbox 1751 1013 1820 1068; x_wconf 89' lang='lat' dir='ltr'><strong>ad</strong></span> <span class='ocrx_word' id='word_1_56' title='bbox 1843 1013 2015 1067; x_wconf 88' lang='lat' dir='ltr'><strong>Deum</strong></span> 
     </span>
    </p>
   </div>
   <div class='ocr_carea' id='block_1_10' title="bbox 441 1104 2014 1179">
    <p class='ocr_par' dir='ltr' id='par_1_10' title="bbox 441 1104 2014 1179">
     <span class='ocr_line' id='line_1_10' title="bbox 441 1104 2014 1179; baseline -0.001 -19"><span class='ocrx_word' id='word_1_57' title='bbox 441 1122 539 1176; x_wconf 89' lang='lat' dir='ltr'><strong>pro</strong></span> <span class='ocrx_word' id='word_1_58' title='bbox 576 1108 794 1162; x_wconf 91' lang='lat' dir='ltr'><strong>illorum</strong></span> <span class='ocrx_word' id='word_1_59' title='bbox 828 1108 1186 1163; x_wconf 87' lang='lat' dir='ltr'><strong>conversione</strong></span> <span class='ocrx_word' id='word_1_60' title='bbox 1209 1123 1398 1179; x_wconf 85' lang='lat' dir='ltr'><strong>preces</strong></span> <span class='ocrx_word' id='word_1_61' title='bbox 1422 1106 1683 1174; x_wconf 81' lang='lat' dir='ltr'><strong>fuderint,</strong></span> <span class='ocrx_word' id='word_1_62' title='bbox 1705 1104 1868 1161; x_wconf 85' lang='lat' dir='ltr'><strong>ﬁdem</strong></span> <span class='ocrx_word' id='word_1_63' title='bbox 1893 1105 2014 1159; x_wconf 88' lang='lat' dir='ltr'><strong>illo—</strong></span> 
     </span>
    </p>
   </div>
   <div class='ocr_carea' id='block_1_11' title="bbox 440 1197 2013 1267">
    <p class='ocr_par' dir='ltr' id='par_1_11' title="bbox 440 1197 2013 1267">
     <span class='ocr_line' id='line_1_11' title="bbox 440 1197 2013 1267; baseline 0.001 -17"><span class='ocrx_word' id='word_1_64' title='bbox 440 1214 558 1251; x_wconf 89' lang='lat' dir='ltr'><strong>rum</strong></span> <span class='ocrx_word' id='word_1_65' title='bbox 598 1200 875 1267; x_wconf 67' lang='lat' dir='ltr'><strong>praedicat.</strong></span> <span class='ocrx_word' id='word_1_66' title='bbox 931 1200 1045 1255; x_wconf 88' lang='lat' dir='ltr'><strong>Sub</strong></span> <span class='ocrx_word' id='word_1_67' title='bbox 1079 1202 1193 1256; x_wconf 60' lang='lat' dir='ltr'><strong>haec</strong></span> <span class='ocrx_word' id='word_1_68' title='bbox 1245 1200 1505 1255; x_wconf 88' lang='lat' dir='ltr'><strong>nonnulla</strong></span> <span class='ocrx_word' id='word_1_69' title='bbox 1551 1199 1631 1253; x_wconf 90' lang='lat' dir='ltr'><strong>eis</strong></span> <span class='ocrx_word' id='word_1_70' title='bbox 1666 1198 1831 1253; x_wconf 84' lang='lat' dir='ltr'><strong>tradit</strong></span> <span class='ocrx_word' id='word_1_71' title='bbox 1888 1197 2013 1252; x_wconf 75' lang='lat' dir='ltr'><strong>vita:</strong></span> 
     </span>
    </p>
   </div>
   <div class='ocr_carea' id='block_1_12' title="bbox 438 1293 2015 1364">
    <p class='ocr_par' dir='ltr' id='par_1_12' title="bbox 438 1293 2015 1364">
     <span class='ocr_line' id='line_1_12' title="bbox 438 1293 2015 1364; baseline 0.002 -20"><span class='ocrx_word' id='word_1_72' title='bbox 438 1306 765 1361; x_wconf 89' lang='lat' dir='ltr'><strong>morumque</strong></span> <span class='ocrx_word' id='word_1_73' title='bbox 794 1303 1086 1362; x_wconf 77' lang='lat' dir='ltr'><strong>praecepta,</strong></span> <span class='ocrx_word' id='word_1_74' title='bbox 1113 1295 1299 1364; x_wconf 84' lang='lat' dir='ltr'><strong>ibique</strong></span> <span class='ocrx_word' id='word_1_75' title='bbox 1328 1294 1494 1350; x_wconf 84' lang='lat' dir='ltr'><strong>de&#39;se</strong></span> <span class='ocrx_word' id='word_1_76' title='bbox 1535 1301 1688 1348; x_wconf 91' lang='lat' dir='ltr'><strong>tanto</strong></span> <span class='ocrx_word' id='word_1_77' title='bbox 1719 1293 1884 1347; x_wconf 86' lang='lat' dir='ltr'><strong>sentit</strong></span> <span class='ocrx_word' id='word_1_78' title='bbox 1911 1294 2015 1347; x_wconf 91' lang='lat' dir='ltr'><strong>hu-</strong></span> 
     </span>
    </p>
   </div>
   <div class='ocr_carea' id='block_1_13' title="bbox 436 1378 2011 1451">
    <p class='ocr_par' dir='ltr' id='par_1_13' title="bbox 436 1378 2011 1451">
     <span class='ocr_line' id='line_1_13' title="bbox 436 1378 2011 1451; baseline 0 -17"><span class='ocrx_word' id='word_1_79' title='bbox 436 1382 641 1447; x_wconf 90' lang='lat' dir='ltr'><strong>milius,</strong></span> <span class='ocrx_word' id='word_1_80' title='bbox 664 1392 875 1451; x_wconf 89' lang='lat' dir='ltr'><strong>quanto</strong></span> <span class='ocrx_word' id='word_1_81' title='bbox 902 1384 1133 1439; x_wconf 85' lang='lat' dir='ltr'><strong>virtutes</strong></span> <span class='ocrx_word' id='word_1_82' title='bbox 1183 1384 1403 1439; x_wconf 88' lang='lat' dir='ltr'><strong>illorum</strong></span> <span class='ocrx_word' id='word_1_83' title='bbox 1441 1381 1605 1437; x_wconf 81' lang='lat' dir='ltr'><strong>altius</strong></span> <span class='ocrx_word' id='word_1_84' title='bbox 1655 1381 1890 1436; x_wconf 79' lang='lat' dir='ltr'><strong>extollit.</strong></span> <span class='ocrx_word' id='word_1_85' title='bbox 1950 1378 2011 1434; x_wconf 88' lang='lat' dir='ltr'><strong>In</strong></span> 
     </span>
    </p>
   </div>
   <div class='ocr_carea' id='block_1_14' title="bbox 435 1471 2013 1543">
    <p class='ocr_par' dir='ltr' id='par_1_14' title="bbox 435 1471 2013 1543">
     <span class='ocr_line' id='line_1_14' title="bbox 435 1471 2013 1543; baseline 0.001 -19"><span class='ocrx_word' id='word_1_86' title='bbox 435 1471 625 1540; x_wconf 87' lang='lat' dir='ltr'><strong>primis</strong></span> <span class='ocrx_word' id='word_1_87' title='bbox 651 1486 781 1527; x_wconf 87' lang='lat' dir='ltr'><strong>vero</strong></span> <span class='ocrx_word' id='word_1_88' title='bbox 796 1488 892 1527; x_wconf 88' lang='lat' dir='ltr'><strong>eos</strong></span> <span class='ocrx_word' id='word_1_89' title='bbox 908 1473 1157 1528; x_wconf 86' lang='lat' dir='ltr'><strong>hortatur</strong></span> <span class='ocrx_word' id='word_1_90' title='bbox 1178 1472 1338 1529; x_wconf 88' lang='lat' dir='ltr'><strong>ﬁdem</strong></span> <span class='ocrx_word' id='word_1_91' title='bbox 1364 1474 1630 1543; x_wconf 79' lang='lat' dir='ltr'><strong>integram</strong></span> <span class='ocrx_word' id='word_1_92' title='bbox 1669 1481 1915 1535; x_wconf 89' lang='lat' dir='ltr'><strong>servent,</strong></span> <span class='ocrx_word' id='word_1_93' title='bbox 1949 1485 2013 1525; x_wconf 90' lang='lat' dir='ltr'><strong>ac</strong></span> 
     </span>
    </p>
   </div>
   <div class='ocr_carea' id='block_1_15' title="bbox 437 1562 2012 1636">
    <p class='ocr_par' dir='ltr' id='par_1_15' title="bbox 437 1562 2012 1636">
     <span class='ocr_line' id='line_1_15' title="bbox 437 1562 2012 1636; baseline -0.001 -16"><span class='ocrx_word' id='word_1_94' title='bbox 437 1580 652 1635; x_wconf 87' lang='lat' dir='ltr'><strong>semper</strong></span> <span class='ocrx_word' id='word_1_95' title='bbox 704 1568 930 1621; x_wconf 88' lang='lat' dir='ltr'><strong>credant</strong></span> <span class='ocrx_word' id='word_1_96' title='bbox 967 1567 1246 1622; x_wconf 88' lang='lat' dir='ltr'><strong>Christum</strong></span> <span class='ocrx_word' id='word_1_97' title='bbox 1296 1581 1425 1621; x_wconf 85' lang='lat' dir='ltr'><strong>vere</strong></span> <span class='ocrx_word' id='word_1_98' title='bbox 1449 1567 1671 1636; x_wconf 87' lang='lat' dir='ltr'><strong>quidem</strong></span> <span class='ocrx_word' id='word_1_99' title='bbox 1728 1580 1795 1620; x_wconf 81' lang='lat' dir='ltr'><strong>ex</strong></span> <span class='ocrx_word' id='word_1_100' title='bbox 1839 1562 2012 1618; x_wconf 82' lang='lat' dir='ltr'><strong>Maria</strong></span> 
     </span>
    </p>
   </div>
   <div class='ocr_carea' id='block_1_16' title="bbox 436 1659 2011 1730">
    <p class='ocr_par' dir='ltr' id='par_1_16' title="bbox 436 1659 2011 1730">
     <span class='ocr_line' id='line_1_16' title="bbox 436 1659 2011 1730; baseline -0.003 -18"><span class='ocrx_word' id='word_1_101' title='bbox 436 1659 648 1728; x_wconf 78' lang='lat' dir='ltr'><strong>virgine</strong></span> <span class='ocrx_word' id='word_1_102' title='bbox 679 1669 890 1725; x_wconf 91' lang='lat' dir='ltr'><strong>natum,</strong></span> <span class='ocrx_word' id='word_1_103' title='bbox 923 1660 1017 1715; x_wconf 91' lang='lat' dir='ltr'><strong>sed</strong></span> <span class='ocrx_word' id='word_1_104' title='bbox 1074 1660 1265 1715; x_wconf 89' lang='lat' dir='ltr'><strong>matris</strong></span> <span class='ocrx_word' id='word_1_105' title='bbox 1286 1659 1653 1730; x_wconf 81' lang='lat' dir='ltr'><strong>virginitatem</strong></span> <span class='ocrx_word' id='word_1_106' title='bbox 1700 1666 1755 1713; x_wconf 92' lang='lat' dir='ltr'><strong>et</strong></span> <span class='ocrx_word' id='word_1_107' title='bbox 1780 1664 2011 1711; x_wconf 88' lang='lat' dir='ltr'><strong>mortem</strong></span> 
     </span>
    </p>
   </div>
   <div class='ocr_carea' id='block_1_17' title="bbox 437 1747 2010 1820">
    <p class='ocr_par' dir='ltr' id='par_1_17' title="bbox 437 1747 2010 1820">
     <span class='ocr_line' id='line_1_17' title="bbox 437 1747 2010 1820; baseline -0.001 -19"><span class='ocrx_word' id='word_1_108' title='bbox 437 1747 582 1813; x_wconf 89' lang='lat' dir='ltr'><strong>Filii,</strong></span> <span class='ocrx_word' id='word_1_109' title='bbox 625 1750 785 1818; x_wconf 85' lang='lat' dir='ltr'><strong>cujus</strong></span> <span class='ocrx_word' id='word_1_110' title='bbox 813 1750 1077 1805; x_wconf 86' lang='lat' dir='ltr'><strong>divinitas</strong></span> <span class='ocrx_word' id='word_1_111' title='bbox 1104 1765 1173 1806; x_wconf 89' lang='lat' dir='ltr'><strong>eo</strong></span> <span class='ocrx_word' id='word_1_112' title='bbox 1218 1751 1419 1816; x_wconf 91' lang='lat' dir='ltr'><strong>sidere,</strong></span> <span class='ocrx_word' id='word_1_113' title='bbox 1452 1749 1599 1820; x_wconf 92' lang='lat' dir='ltr'><strong>quod</strong></span> <span class='ocrx_word' id='word_1_114' title='bbox 1648 1764 1815 1819; x_wconf 91' lang='lat' dir='ltr'><strong>supra</strong></span> <span class='ocrx_word' id='word_1_115' title='bbox 1863 1755 2010 1802; x_wconf 91' lang='lat' dir='ltr'><strong>astra</strong></span> 
     </span>
    </p>
   </div>
   <div class='ocr_carea' id='block_1_18' title="bbox 436 1840 2011 1909">
    <p class='ocr_par' dir='ltr' id='par_1_18' title="bbox 436 1840 2011 1909">
     <span class='ocr_line' id='line_1_18' title="bbox 436 1840 2011 1909; baseline 0.001 -18"><span class='ocrx_word' id='word_1_116' title='bbox 436 1840 619 1894; x_wconf 85' lang='lat' dir='ltr'><strong>omnia</strong></span> <span class='ocrx_word' id='word_1_117' title='bbox 649 1841 1010 1909; x_wconf 88' lang='lat' dir='ltr'><strong>resplenduit,</strong></span> <span class='ocrx_word' id='word_1_118' title='bbox 1044 1840 1388 1896; x_wconf 86' lang='lat' dir='ltr'><strong>manifestata</strong></span> <span class='ocrx_word' id='word_1_119' title='bbox 1416 1850 1517 1904; x_wconf 90' lang='lat' dir='ltr'><strong>est,</strong></span> <span class='ocrx_word' id='word_1_120' title='bbox 1537 1840 1755 1895; x_wconf 92' lang='lat' dir='ltr'><strong>diabolo</strong></span> <span class='ocrx_word' id='word_1_121' title='bbox 1783 1853 2011 1909; x_wconf 92' lang='lat' dir='ltr'><strong>prorsus</strong></span> 
     </span>
    </p>
   </div>
   <div class='ocr_carea' id='block_1_19' title="bbox 435 1932 2005 2003">
    <p class='ocr_par' dir='ltr' id='par_1_19' title="bbox 435 1932 2005 2003">
     <span class='ocr_line' id='line_1_19' title="bbox 435 1932 2005 2003; baseline -0.001 -17"><span class='ocrx_word' id='word_1_122' title='bbox 435 1932 605 1987; x_wconf 88' lang='lat' dir='ltr'><strong>fuisse</strong></span> <span class='ocrx_word' id='word_1_123' title='bbox 638 1934 968 2003; x_wconf 83' lang='lat' dir='ltr'><strong>incognitas.</strong></span> <span class='ocrx_word' id='word_1_124' title='bbox 997 1932 1290 1989; x_wconf 86' lang='lat' dir='ltr'><strong>Pollicetur</strong></span> <span class='ocrx_word' id='word_1_125' title='bbox 1312 1935 1505 1988; x_wconf 85' lang='lat' dir='ltr'><strong>deinde</strong></span> <span class='ocrx_word' id='word_1_126' title='bbox 1530 1949 1587 1988; x_wconf 89' lang='lat' dir='ltr'><strong>se</strong></span> <span class='ocrx_word' id='word_1_127' title='bbox 1612 1934 1771 1987; x_wconf 89' lang='lat' dir='ltr'><strong>aliam</strong></span> <span class='ocrx_word' id='word_1_128' title='bbox 1788 1932 1854 1985; x_wconf 92' lang='lat' dir='ltr'><strong>ad</strong></span> <span class='ocrx_word' id='word_1_129' title='bbox 1886 1946 2005 1997; x_wconf 90' lang='lat' dir='ltr'><strong>eos,</strong></span> 
     </span>
    </p>
   </div>
   <div class='ocr_carea' id='block_1_20' title="bbox 435 2020 2007 2093">
    <p class='ocr_par' dir='ltr' id='par_1_20' title="bbox 435 2020 2007 2093">
     <span class='ocr_line' id='line_1_20' title="bbox 435 2020 2007 2093; baseline -0.003 -15"><span class='ocrx_word' id='word_1_130' title='bbox 435 2024 478 2078; x_wconf 92' lang='lat' dir='ltr'><strong>si</strong></span> <span class='ocrx_word' id='word_1_131' title='bbox 510 2039 603 2093; x_wconf 90' lang='lat' dir='ltr'><strong>per</strong></span> <span class='ocrx_word' id='word_1_132' title='bbox 638 2023 807 2078; x_wconf 87' lang='lat' dir='ltr'><strong>Deum</strong></span> <span class='ocrx_word' id='word_1_133' title='bbox 844 2024 1024 2088; x_wconf 88' lang='lat' dir='ltr'><strong>liceat,</strong></span> <span class='ocrx_word' id='word_1_134' title='bbox 1057 2024 1314 2079; x_wconf 91' lang='lat' dir='ltr'><strong>daturum</strong></span> <span class='ocrx_word' id='word_1_135' title='bbox 1343 2023 1662 2093; x_wconf 88' lang='lat' dir='ltr'><strong>epistolam;</strong></span> <span class='ocrx_word' id='word_1_136' title='bbox 1697 2037 1762 2077; x_wconf 91' lang='lat' dir='ltr'><strong>ac</strong></span> <span class='ocrx_word' id='word_1_137' title='bbox 1786 2020 2007 2075; x_wconf 87' lang='lat' dir='ltr'><strong>tandem</strong></span> 
     </span>
    </p>
   </div>
   <div class='ocr_carea' id='block_1_21' title="bbox 434 2115 2009 2185">
    <p class='ocr_par' dir='ltr' id='par_1_21' title="bbox 434 2115 2009 2185">
     <span class='ocr_line' id='line_1_21' title="bbox 434 2115 2009 2185; baseline -0.001 -17"><span class='ocrx_word' id='word_1_138' title='bbox 434 2124 720 2185; x_wconf 86' lang='lat' dir='ltr'><strong>postquam</strong></span> <span class='ocrx_word' id='word_1_139' title='bbox 757 2131 951 2170; x_wconf 90' lang='lat' dir='ltr'><strong>eorum</strong></span> <span class='ocrx_word' id='word_1_140' title='bbox 1003 2116 1346 2171; x_wconf 86' lang='lat' dir='ltr'><strong>orationibus</strong></span> <span class='ocrx_word' id='word_1_141' title='bbox 1404 2115 1802 2171; x_wconf 79' lang='lat' dir='ltr'><strong>Antiochenam</strong></span> <span class='ocrx_word' id='word_1_142' title='bbox 1856 2128 2009 2169; x_wconf 91' lang='lat' dir='ltr'><strong>com-</strong></span> 
     </span>
    </p>
   </div>
   <div class='ocr_carea' id='block_1_22' title="bbox 434 2204 2005 2277">
    <p class='ocr_par' dir='ltr' id='par_1_22' title="bbox 434 2204 2005 2277">
     <span class='ocr_line' id='line_1_22' title="bbox 434 2204 2005 2277; baseline 0.002 -22"><span class='ocrx_word' id='word_1_143' title='bbox 434 2204 709 2259; x_wconf 88' lang='lat' dir='ltr'><strong>mendavit</strong></span> <span class='ocrx_word' id='word_1_144' title='bbox 769 2204 1071 2261; x_wconf 86' lang='lat' dir='ltr'><strong>Ecclesiam</strong></span> <span class='ocrx_word' id='word_1_145' title='bbox 1106 2248 1120 2274; x_wconf 94' lang='lat'><strong>,</strong></span> <span class='ocrx_word' id='word_1_146' title='bbox 1168 2207 1358 2277; x_wconf 61' lang='lat' dir='ltr'><strong>prima;</strong></span> <span class='ocrx_word' id='word_1_147' title='bbox 1390 2206 1519 2262; x_wconf 90' lang='lat' dir='ltr'><strong>huic</strong></span> <span class='ocrx_word' id='word_1_148' title='bbox 1562 2206 1809 2275; x_wconf 61' lang='lat' dir='ltr'><strong>epistolae</strong></span> <span class='ocrx_word' id='word_1_149' title='bbox 1841 2205 2005 2259; x_wconf 91' lang='lat' dir='ltr'><strong>ﬁnem</strong></span> 
     </span>
    </p>
   </div>
   <div class='ocr_carea' id='block_1_23' title="bbox 432 2298 677 2367">
    <p class='ocr_par' dir='ltr' id='par_1_23' title="bbox 432 2298 677 2367">
     <span class='ocr_line' id='line_1_23' title="bbox 432 2298 677 2367; baseline 0.004 -15"><span class='ocrx_word' id='word_1_150' title='bbox 432 2298 677 2367; x_wconf 87' lang='lat' dir='ltr'><strong>imponit.</strong></span> 
     </span>
    </p>
   </div>
   <div class='ocr_carea' id='block_1_24' title="bbox 501 2389 2007 2462">
    <p class='ocr_par' dir='ltr' id='par_1_24' title="bbox 501 2389 2007 2462">
     <span class='ocr_line' id='line_1_24' title="bbox 501 2389 2007 2462; baseline 0 -18"><span class='ocrx_word' id='word_1_151' title='bbox 501 2390 749 2446; x_wconf 88' lang='lat' dir='ltr'><strong>Secunda</strong></span> <span class='ocrx_word' id='word_1_152' title='bbox 794 2392 995 2462; x_wconf 91' lang='lat' dir='ltr'><strong>scripta</strong></span> <span class='ocrx_word' id='word_1_153' title='bbox 1031 2401 1115 2446; x_wconf 92' lang='lat' dir='ltr'><strong>est</strong></span> <span class='ocrx_word' id='word_1_154' title='bbox 1169 2390 1425 2446; x_wconf 64' lang='lat' dir='ltr'><strong>Ecclesiae</strong></span> <span class='ocrx_word' id='word_1_155' title='bbox 1470 2389 1850 2460; x_wconf 68' lang='lat' dir='ltr'><strong>Magnesianm,</strong></span> <span class='ocrx_word' id='word_1_156' title='bbox 1884 2404 2007 2459; x_wconf 83' lang='lat' dir='ltr'><strong>quae</strong></span> 
     </span>
    </p>
   </div>
   <div class='ocr_carea' id='block_1_25' title="bbox 432 2481 2006 2554">
    <p class='ocr_par' dir='ltr' id='par_1_25' title="bbox 432 2481 2006 2554">
     <span class='ocr_line' id='line_1_25' title="bbox 432 2481 2006 2554; baseline -0.003 -17"><span class='ocrx_word' id='word_1_157' title='bbox 432 2484 654 2538; x_wconf 85' lang='lat' dir='ltr'><strong>Damam</strong></span> <span class='ocrx_word' id='word_1_158' title='bbox 685 2485 1005 2554; x_wconf 89' lang='lat' dir='ltr'><strong>episcopum</strong></span> <span class='ocrx_word' id='word_1_159' title='bbox 1035 2499 1220 2545; x_wconf 90' lang='lat' dir='ltr'><strong>suum,</strong></span> <span class='ocrx_word' id='word_1_160' title='bbox 1251 2491 1305 2537; x_wconf 92' lang='lat' dir='ltr'><strong>et</strong></span> <span class='ocrx_word' id='word_1_161' title='bbox 1356 2481 1607 2547; x_wconf 89' lang='lat' dir='ltr'><strong>Bassum,</strong></span> <span class='ocrx_word' id='word_1_162' title='bbox 1642 2490 1809 2552; x_wconf 92' lang='lat' dir='ltr'><strong>atque</strong></span> <span class='ocrx_word' id='word_1_163' title='bbox 1839 2481 2006 2550; x_wconf 89' lang='lat' dir='ltr'><strong>Apol-</strong></span> 
     </span>
    </p>
   </div>
   <div class='ocr_carea' id='block_1_26' title="bbox 431 2574 2001 2647">
    <p class='ocr_par' dir='ltr' id='par_1_26' title="bbox 431 2574 2001 2647">
     <span class='ocr_line' id='line_1_26' title="bbox 431 2574 2001 2647; baseline -0.001 -18"><span class='ocrx_word' id='word_1_164' title='bbox 431 2576 634 2631; x_wconf 85' lang='lat' dir='ltr'><strong>ionium</strong></span> <span class='ocrx_word' id='word_1_165' title='bbox 674 2578 1043 2647; x_wconf 83' lang='lat' dir='ltr'><strong>presbyteros,</strong></span> <span class='ocrx_word' id='word_1_166' title='bbox 1070 2592 1137 2631; x_wconf 91' lang='lat' dir='ltr'><strong>ac</strong></span> <span class='ocrx_word' id='word_1_167' title='bbox 1167 2575 1424 2631; x_wconf 88' lang='lat' dir='ltr'><strong>Solonem</strong></span> <span class='ocrx_word' id='word_1_168' title='bbox 1455 2574 1749 2630; x_wconf 90' lang='lat' dir='ltr'><strong>diaconum</strong></span> <span class='ocrx_word' id='word_1_169' title='bbox 1782 2574 1849 2628; x_wconf 91' lang='lat' dir='ltr'><strong>ad</strong></span> <span class='ocrx_word' id='word_1_170' title='bbox 1876 2589 2001 2627; x_wconf 89' lang='lat' dir='ltr'><strong>eum</strong></span> 
     </span>
    </p>
   </div>
   <div class='ocr_carea' id='block_1_27' title="bbox 428 2667 2000 2741">
    <p class='ocr_par' dir='ltr' id='par_1_27' title="bbox 428 2667 2000 2741">
     <span class='ocr_line' id='line_1_27' title="bbox 428 2667 2000 2741; baseline -0.003 -16"><span class='ocrx_word' id='word_1_171' title='bbox 428 2672 718 2725; x_wconf 81' lang='lat' dir='ltr'><strong>direxerat.</strong></span> <span class='ocrx_word' id='word_1_172' title='bbox 749 2670 810 2724; x_wconf 88' lang='lat' dir='ltr'><strong>Hi</strong></span> <span class='ocrx_word' id='word_1_173' title='bbox 846 2682 1133 2741; x_wconf 88' lang='lat' dir='ltr'><strong>postquam</strong></span> <span class='ocrx_word' id='word_1_174' title='bbox 1166 2668 1437 2740; x_wconf 88' lang='lat' dir='ltr'><strong>lgnatium</strong></span> <span class='ocrx_word' id='word_1_175' title='bbox 1485 2668 1555 2723; x_wconf 91' lang='lat' dir='ltr'><strong>de</strong></span> <span class='ocrx_word' id='word_1_176' title='bbox 1579 2667 1721 2722; x_wconf 79' lang='lat' dir='ltr'><strong>felici</strong></span> <span class='ocrx_word' id='word_1_177' title='bbox 1755 2667 2000 2737; x_wconf 87' lang='lat' dir='ltr'><strong>ejusdem</strong></span> 
     </span>
    </p>
   </div>
   <div class='ocr_carea' id='block_1_28' title="bbox 430 2755 2003 2827">
    <p class='ocr_par' dir='ltr' id='par_1_28' title="bbox 430 2755 2003 2827">
     <span class='ocr_line' id='line_1_28' title="bbox 430 2755 2003 2827; baseline -0.002 -13"><span class='ocrx_word' id='word_1_178' title='bbox 430 2762 685 2817; x_wconf 67' lang='lat' dir='ltr'><strong>Ecclesia:</strong></span> <span class='ocrx_word' id='word_1_179' title='bbox 722 2770 865 2816; x_wconf 89' lang='lat' dir='ltr'><strong>statu</strong></span> <span class='ocrx_word' id='word_1_180' title='bbox 911 2761 1200 2817; x_wconf 89' lang='lat' dir='ltr'><strong>certiorem</strong></span> <span class='ocrx_word' id='word_1_181' title='bbox 1240 2758 1520 2827; x_wconf 81' lang='lat' dir='ltr'><strong>fecissent,</strong></span> <span class='ocrx_word' id='word_1_182' title='bbox 1546 2759 1612 2815; x_wconf 91' lang='lat' dir='ltr'><strong>ad</strong></span> <span class='ocrx_word' id='word_1_183' title='bbox 1636 2774 1755 2813; x_wconf 89' lang='lat' dir='ltr'><strong>eam</strong></span> <span class='ocrx_word' id='word_1_184' title='bbox 1815 2755 2003 2813; x_wconf 89' lang='lat' dir='ltr'><strong>confe-</strong></span> 
     </span>
    </p>
   </div>
   <div class='ocr_carea' id='block_1_29' title="bbox 428 2848 2002 2922">
    <p class='ocr_par' dir='ltr' id='par_1_29' title="bbox 428 2848 2002 2922">
     <span class='ocr_line' id='line_1_29' title="bbox 428 2848 2002 2922; baseline -0.001 -19"><span class='ocrx_word' id='word_1_185' title='bbox 428 2852 550 2903; x_wconf 84' lang='lat' dir='ltr'><strong>stim</strong></span> <span class='ocrx_word' id='word_1_186' title='bbox 566 2848 812 2906; x_wconf 86' lang='lat' dir='ltr'><strong>hancille</strong></span> <span class='ocrx_word' id='word_1_187' title='bbox 840 2851 1087 2907; x_wconf 85' lang='lat' dir='ltr'><strong>exaravit</strong></span> <span class='ocrx_word' id='word_1_188' title='bbox 1113 2852 1426 2922; x_wconf 88' lang='lat' dir='ltr'><strong>epistolam,</strong></span> <span class='ocrx_word' id='word_1_189' title='bbox 1459 2852 1513 2905; x_wconf 92' lang='lat' dir='ltr'><strong>in</strong></span> <span class='ocrx_word' id='word_1_190' title='bbox 1540 2866 1648 2921; x_wconf 92' lang='lat' dir='ltr'><strong>qua</strong></span> <span class='ocrx_word' id='word_1_191' title='bbox 1674 2851 1740 2905; x_wconf 90' lang='lat' dir='ltr'><strong>de</strong></span> <span class='ocrx_word' id='word_1_192' title='bbox 1763 2866 1822 2906; x_wconf 91' lang='lat' dir='ltr'><strong>se</strong></span> <span class='ocrx_word' id='word_1_193' title='bbox 1850 2865 2002 2905; x_wconf 91' lang='lat' dir='ltr'><strong>sum-</strong></span> 
     </span>
    </p>
   </div>
   <div class='ocr_carea' id='block_1_30' title="bbox 427 2940 2003 3014">
    <p class='ocr_par' dir='ltr' id='par_1_30' title="bbox 427 2940 2003 3014">
     <span class='ocr_line' id='line_1_30' title="bbox 427 2940 2003 3014; baseline -0.003 -17"><span class='ocrx_word' id='word_1_194' title='bbox 427 2959 514 2997; x_wconf 87' lang='lat' dir='ltr'><strong>ma</strong></span> <span class='ocrx_word' id='word_1_195' title='bbox 537 2959 659 2997; x_wconf 90' lang='lat' dir='ltr'><strong>cum</strong></span> <span class='ocrx_word' id='word_1_196' title='bbox 690 2943 1025 2999; x_wconf 88' lang='lat' dir='ltr'><strong>demissione</strong></span> <span class='ocrx_word' id='word_1_197' title='bbox 1051 2944 1290 3009; x_wconf 90' lang='lat' dir='ltr'><strong>locutus,</strong></span> <span class='ocrx_word' id='word_1_198' title='bbox 1313 2941 1792 3014; x_wconf 87' lang='lat' dir='ltr'><strong>Magnesianorum</strong></span> <span class='ocrx_word' id='word_1_199' title='bbox 1819 2940 2003 2995; x_wconf 88' lang='lat' dir='ltr'><strong>cbari-</strong></span> 
     </span>
    </p>
   </div>
   <div class='ocr_carea' id='block_1_31' title="bbox 426 3031 2000 3103">
    <p class='ocr_par' dir='ltr' id='par_1_31' title="bbox 426 3031 2000 3103">
     <span class='ocr_line' id='line_1_31' title="bbox 426 3031 2000 3103; baseline -0.001 -15"><span class='ocrx_word' id='word_1_200' title='bbox 426 3045 612 3101; x_wconf 86' lang='lat' dir='ltr'><strong>tatem,</strong></span> <span class='ocrx_word' id='word_1_201' title='bbox 644 3034 995 3091; x_wconf 88' lang='lat' dir='ltr'><strong>concordiam</strong></span> <span class='ocrx_word' id='word_1_202' title='bbox 1031 3043 1365 3103; x_wconf 54' lang='lat' dir='ltr'><strong>exterasque</strong></span> <span class='ocrx_word' id='word_1_203' title='bbox 1398 3033 1630 3088; x_wconf 86' lang='lat' dir='ltr'><strong>virtutes</strong></span> <span class='ocrx_word' id='word_1_204' title='bbox 1655 3031 2000 3086; x_wconf 88' lang='lat' dir='ltr'><strong>Christianas</strong></span> 
     </span>
    </p>
   </div>
   <div class='ocr_carea' id='block_1_32' title="bbox 424 3124 1999 3196">
    <p class='ocr_par' dir='ltr' id='par_1_32' title="bbox 424 3124 1999 3196">
     <span class='ocr_line' id='line_1_32' title="bbox 424 3124 1999 3196; baseline -0.001 -16"><span class='ocrx_word' id='word_1_205' title='bbox 424 3142 637 3181; x_wconf 87' lang='lat' dir='ltr'><strong>summe</strong></span> <span class='ocrx_word' id='word_1_206' title='bbox 660 3125 1034 3181; x_wconf 87' lang='lat' dir='ltr'><strong>commendat.</strong></span> <span class='ocrx_word' id='word_1_207' title='bbox 1068 3125 1201 3181; x_wconf 88' lang='lat' dir='ltr'><strong>Eam</strong></span> <span class='ocrx_word' id='word_1_208' title='bbox 1251 3140 1472 3196; x_wconf 90' lang='lat' dir='ltr'><strong>quoque</strong></span> <span class='ocrx_word' id='word_1_209' title='bbox 1501 3124 1572 3179; x_wconf 89' lang='lat' dir='ltr'><strong>ob</strong></span> <span class='ocrx_word' id='word_1_210' title='bbox 1596 3140 1839 3190; x_wconf 87' lang='lat' dir='ltr'><strong>causam,</strong></span> <span class='ocrx_word' id='word_1_211' title='bbox 1872 3125 1999 3179; x_wconf 90' lang='lat' dir='ltr'><strong>bre-</strong></span> 
     </span>
    </p>
   </div>
   <div class='ocr_carea' id='block_1_33' title="bbox 422 3218 2069 3314">
    <p class='ocr_par' dir='ltr' id='par_1_33' title="bbox 422 3218 2069 3314">
     <span class='ocr_line' id='line_1_33' title="bbox 422 3218 2069 3314; baseline -0.001 -43"><span class='ocrx_word' id='word_1_212' title='bbox 422 3222 627 3275; x_wconf 85' lang='lat' dir='ltr'><strong>viorem</strong></span> <span class='ocrx_word' id='word_1_213' title='bbox 659 3236 717 3275; x_wconf 91' lang='lat' dir='ltr'><strong>se</strong></span> <span class='ocrx_word' id='word_1_214' title='bbox 740 3219 938 3274; x_wconf 80' lang='lat' dir='ltr'><strong>fecisse</strong></span> <span class='ocrx_word' id='word_1_215' title='bbox 966 3219 1255 3289; x_wconf 89' lang='lat' dir='ltr'><strong>epistolam</strong></span> <span class='ocrx_word' id='word_1_216' title='bbox 1283 3226 1544 3284; x_wconf 89' lang='lat' dir='ltr'><strong>testatur;</strong></span> <span class='ocrx_word' id='word_1_217' title='bbox 1570 3218 1714 3288; x_wconf 91' lang='lat' dir='ltr'><strong>quod</strong></span> <span class='ocrx_word' id='word_1_218' title='bbox 1755 3218 1996 3271; x_wconf 87' lang='lat' dir='ltr'><strong>bomini-</strong></span> <span class='ocrx_word' id='word_1_219' title='bbox 2028 3257 2069 3314; x_wconf 63' lang='grc' dir='ltr'>ϐ</span> 
     </span>
    </p>
   </div>
   <div class='ocr_carea' id='block_1_34' title="bbox 422 3309 2002 3381">
    <p class='ocr_par' dir='ltr' id='par_1_34' title="bbox 422 3309 2002 3381">
     <span class='ocr_line' id='line_1_34' title="bbox 422 3309 2002 3381; baseline 0 -16"><span class='ocrx_word' id='word_1_220' title='bbox 422 3313 547 3378; x_wconf 90' lang='lat' dir='ltr'><strong>bus,</strong></span> <span class='ocrx_word' id='word_1_221' title='bbox 572 3319 651 3366; x_wconf 92' lang='lat' dir='ltr'><strong>tot</strong></span> <span class='ocrx_word' id='word_1_222' title='bbox 672 3311 948 3381; x_wconf 90' lang='lat' dir='ltr'><strong>tantisque</strong></span> <span class='ocrx_word' id='word_1_223' title='bbox 995 3310 1291 3365; x_wconf 86' lang='lat' dir='ltr'><strong>virtutibus</strong></span> <span class='ocrx_word' id='word_1_224' title='bbox 1321 3318 1376 3363; x_wconf 89' lang='lat' dir='ltr'><strong>et</strong></span> <span class='ocrx_word' id='word_1_225' title='bbox 1402 3309 1766 3365; x_wconf 88' lang='lat' dir='ltr'><strong>sanctimonia</strong></span> <span class='ocrx_word' id='word_1_226' title='bbox 1806 3310 2002 3379; x_wconf 64' lang='lat' dir='ltr'><strong>praedi-</strong></span> 
     </span>
    </p>
   </div>
   <div class='ocr_carea' id='block_1_35' title="bbox 421 3403 2001 3474">
    <p class='ocr_par' dir='ltr' id='par_1_35' title="bbox 421 3403 2001 3474">
     <span class='ocr_line' id='line_1_35' title="bbox 421 3403 2001 3474; baseline 0.003 -19"><span class='ocrx_word' id='word_1_227' title='bbox 421 3404 510 3465; x_wconf 82' lang='lat' dir='ltr'><strong>tis,</strong></span> <span class='ocrx_word' id='word_1_228' title='bbox 543 3403 900 3471; x_wconf 82' lang='lat' dir='ltr'><strong>prolixiorem</strong></span> <span class='ocrx_word' id='word_1_229' title='bbox 934 3403 1175 3459; x_wconf 89' lang='lat' dir='ltr'><strong>scribere</strong></span> <span class='ocrx_word' id='word_1_230' title='bbox 1197 3418 1334 3474; x_wconf 92' lang='lat' dir='ltr'><strong>opus</strong></span> <span class='ocrx_word' id='word_1_231' title='bbox 1370 3419 1479 3458; x_wconf 92' lang='lat' dir='ltr'><strong>non</strong></span> <span class='ocrx_word' id='word_1_232' title='bbox 1498 3413 1637 3458; x_wconf 89' lang='lat' dir='ltr'><strong>erat.</strong></span> <span class='ocrx_word' id='word_1_233' title='bbox 1674 3404 1786 3458; x_wconf 89' lang='lat' dir='ltr'><strong>Illis</strong></span> <span class='ocrx_word' id='word_1_234' title='bbox 1817 3404 2001 3474; x_wconf 84' lang='lat' dir='ltr'><strong>itaque</strong></span> 
     </span>
    </p>
   </div>
   <div class='ocr_carea' id='block_1_36' title="bbox 418 3495 1998 3568">
    <p class='ocr_par' dir='ltr' id='par_1_36' title="bbox 418 3495 1998 3568">
     <span class='ocr_line' id='line_1_36' title="bbox 418 3495 1998 3568; baseline 0.003 -21"><span class='ocrx_word' id='word_1_235' title='bbox 418 3495 703 3564; x_wconf 82' lang='lat' dir='ltr'><strong>duntaxat,</strong></span> <span class='ocrx_word' id='word_1_236' title='bbox 748 3506 809 3550; x_wconf 93' lang='lat' dir='ltr'><strong>ut</strong></span> <span class='ocrx_word' id='word_1_237' title='bbox 838 3496 1281 3568; x_wconf 82' lang='lat' dir='ltr'><strong>presbyterorum</strong></span> <span class='ocrx_word' id='word_1_238' title='bbox 1343 3496 1538 3563; x_wconf 89' lang='lat' dir='ltr'><strong>instar,</strong></span> <span class='ocrx_word' id='word_1_239' title='bbox 1580 3497 1633 3550; x_wconf 91' lang='lat' dir='ltr'><strong>in</strong></span> <span class='ocrx_word' id='word_1_240' title='bbox 1667 3497 1846 3551; x_wconf 90' lang='lat' dir='ltr'><strong>debita</strong></span> <span class='ocrx_word' id='word_1_241' title='bbox 1875 3513 1998 3557; x_wconf 89' lang='lat' dir='ltr'><strong>suo.</strong></span> 
     </span>
    </p>
   </div>
   <div class='ocr_carea' id='block_1_37' title="bbox 417 3585 2001 3655">
    <p class='ocr_par' dir='ltr' id='par_1_37' title="bbox 417 3585 2001 3655">
     <span class='ocr_line' id='line_1_37' title="bbox 417 3585 2001 3655; baseline 0 -17"><span class='ocrx_word' id='word_1_242' title='bbox 417 3586 544 3640; x_wconf 88' lang='lat' dir='ltr'><strong>licet</strong></span> <span class='ocrx_word' id='word_1_243' title='bbox 566 3585 818 3655; x_wconf 91' lang='lat' dir='ltr'><strong>juniori,</strong></span> <span class='ocrx_word' id='word_1_244' title='bbox 864 3585 1121 3654; x_wconf 91' lang='lat' dir='ltr'><strong>episcopo</strong></span> <span class='ocrx_word' id='word_1_245' title='bbox 1174 3586 1513 3653; x_wconf 89' lang='lat' dir='ltr'><strong>obedientia,</strong></span> <span class='ocrx_word' id='word_1_246' title='bbox 1570 3587 1874 3641; x_wconf 88' lang='lat' dir='ltr'><strong>reverentia</strong></span> <span class='ocrx_word' id='word_1_247' title='bbox 1907 3587 2001 3639; x_wconf 92' lang='lat' dir='ltr'><strong>ad-</strong></span> 
     </span>
    </p>
   </div>
   <div class='ocr_carea' id='block_1_38' title="bbox 419 3677 2001 3748">
    <p class='ocr_par' dir='ltr' id='par_1_38' title="bbox 419 3677 2001 3748">
     <span class='ocr_line' id='line_1_38' title="bbox 419 3677 2001 3748; baseline 0.003 -20"><span class='ocrx_word' id='word_1_248' title='bbox 419 3693 610 3732; x_wconf 77' lang='lat' dir='ltr'><strong>versus</strong></span> <span class='ocrx_word' id='word_1_249' title='bbox 641 3677 989 3748; x_wconf 87' lang='lat' dir='ltr'><strong>presbyteros</strong></span> <span class='ocrx_word' id='word_1_250' title='bbox 1021 3686 1075 3730; x_wconf 92' lang='lat' dir='ltr'><strong>et</strong></span> <span class='ocrx_word' id='word_1_251' title='bbox 1100 3677 1363 3733; x_wconf 85' lang='lat' dir='ltr'><strong>diaconos</strong></span> <span class='ocrx_word' id='word_1_252' title='bbox 1393 3678 1697 3733; x_wconf 80' lang='lat' dir='ltr'><strong>exhibenda</strong></span> <span class='ocrx_word' id='word_1_253' title='bbox 1721 3723 1735 3745; x_wconf 92' lang='lat'><strong>,</strong></span> <span class='ocrx_word' id='word_1_254' title='bbox 1782 3688 2001 3733; x_wconf 90' lang='lat' dir='ltr'><strong>mutua-</strong></span> 
     </span>
    </p>
   </div>
   <div class='ocr_carea' id='block_1_39' title="bbox 415 3769 2000 3841">
    <p class='ocr_par' dir='ltr' id='par_1_39' title="bbox 415 3769 2000 3841">
     <span class='ocr_line' id='line_1_39' title="bbox 415 3769 2000 3841; baseline 0.001 -17"><span class='ocrx_word' id='word_1_255' title='bbox 415 3786 524 3839; x_wconf 89' lang='lat' dir='ltr'><strong>que</strong></span> <span class='ocrx_word' id='word_1_256' title='bbox 558 3771 700 3825; x_wconf 90' lang='lat' dir='ltr'><strong>inter</strong></span> <span class='ocrx_word' id='word_1_257' title='bbox 750 3785 809 3823; x_wconf 90' lang='lat' dir='ltr'><strong>se</strong></span> <span class='ocrx_word' id='word_1_258' title='bbox 844 3785 976 3839; x_wconf 90' lang='lat' dir='ltr'><strong>pace</strong></span> <span class='ocrx_word' id='word_1_259' title='bbox 1019 3777 1074 3824; x_wconf 88' lang='lat' dir='ltr'><strong>et</strong></span> <span class='ocrx_word' id='word_1_260' title='bbox 1123 3769 1418 3825; x_wconf 88' lang='lat' dir='ltr'><strong>concordia</strong></span> <span class='ocrx_word' id='word_1_261' title='bbox 1464 3771 1732 3826; x_wconf 89' lang='lat' dir='ltr'><strong>servanda</strong></span> <span class='ocrx_word' id='word_1_262' title='bbox 1787 3787 2000 3841; x_wconf 83' lang='lat' dir='ltr'><strong>semper</strong></span> 
     </span>
    </p>
   </div>
   <div class='ocr_carea' id='block_1_40' title="bbox 415 3860 1999 3935">
    <p class='ocr_par' dir='ltr' id='par_1_40' title="bbox 415 3860 1999 3935">
     <span class='ocr_line' id='line_1_40' title="bbox 415 3860 1999 3935; baseline 0.003 -18"><span class='ocrx_word' id='word_1_263' title='bbox 415 3871 785 3933; x_wconf 86' lang='lat' dir='ltr'><strong>perseverent,</strong></span> <span class='ocrx_word' id='word_1_264' title='bbox 807 3863 1151 3917; x_wconf 86' lang='lat' dir='ltr'><strong>adhortatur.</strong></span> <span class='ocrx_word' id='word_1_265' title='bbox 1172 3860 1338 3918; x_wconf 86' lang='lat' dir='ltr'><strong>Docet</strong></span> <span class='ocrx_word' id='word_1_266' title='bbox 1363 3864 1558 3919; x_wconf 91' lang='lat' dir='ltr'><strong>deinde</strong></span> <span class='ocrx_word' id='word_1_267' title='bbox 1575 3879 1767 3919; x_wconf 85' lang='lat' dir='ltr'><strong>omnes</strong></span> <span class='ocrx_word' id='word_1_268' title='bbox 1794 3863 1999 3935; x_wconf 85' lang='lat' dir='ltr'><strong>Moysis</strong></span> 
     </span>
    </p>
   </div>
   <div class='ocr_carea' id='block_1_41' title="bbox 416 3954 1996 4026">
    <p class='ocr_par' dir='ltr' id='par_1_41' title="bbox 416 3954 1996 4026">
     <span class='ocr_line' id='line_1_41' title="bbox 416 3954 1996 4026; baseline 0 -16"><span class='ocrx_word' id='word_1_269' title='bbox 416 3957 534 4025; x_wconf 74' lang='lat' dir='ltr'><strong>iege</strong></span> <span class='ocrx_word' id='word_1_270' title='bbox 563 3955 797 4019; x_wconf 90' lang='lat' dir='ltr'><strong>solutos,</strong></span> <span class='ocrx_word' id='word_1_271' title='bbox 852 3956 967 4011; x_wconf 89' lang='lat' dir='ltr'><strong>sola</strong></span> <span class='ocrx_word' id='word_1_272' title='bbox 995 3955 1200 4011; x_wconf 88' lang='lat' dir='ltr'><strong>Christi</strong></span> <span class='ocrx_word' id='word_1_273' title='bbox 1258 3954 1568 4011; x_wconf 89' lang='lat' dir='ltr'><strong>Servatoris</strong></span> <span class='ocrx_word' id='word_1_274' title='bbox 1619 3957 1735 4026; x_wconf 83' lang='lat' dir='ltr'><strong>lege</strong></span> <span class='ocrx_word' id='word_1_275' title='bbox 1789 3958 1996 4024; x_wconf 89' lang='lat' dir='ltr'><strong>teneri;</strong></span> 
     </span>
    </p>
   </div>
   <div class='ocr_carea' id='block_1_42' title="bbox 414 4048 1999 4117">
    <p class='ocr_par' dir='ltr' id='par_1_42' title="bbox 414 4048 1999 4117">
     <span class='ocr_line' id='line_1_42' title="bbox 414 4048 1999 4117; baseline 0.004 -18"><span class='ocrx_word' id='word_1_276' title='bbox 414 4064 578 4117; x_wconf 86' lang='lat' dir='ltr'><strong>quem</strong></span> <span class='ocrx_word' id='word_1_277' title='bbox 601 4063 729 4103; x_wconf 89' lang='lat' dir='ltr'><strong>vere</strong></span> <span class='ocrx_word' id='word_1_278' title='bbox 760 4056 1038 4102; x_wconf 90' lang='lat' dir='ltr'><strong>mortuum</strong></span> <span class='ocrx_word' id='word_1_279' title='bbox 1061 4089 1076 4113; x_wconf 98' lang='lat'><strong>,</strong></span> <span class='ocrx_word' id='word_1_280' title='bbox 1101 4056 1155 4102; x_wconf 92' lang='lat' dir='ltr'><strong>et</strong></span> <span class='ocrx_word' id='word_1_281' title='bbox 1195 4064 1224 4101; x_wconf 92' lang='lat' dir='ltr'><strong>a</strong></span> <span class='ocrx_word' id='word_1_282' title='bbox 1252 4048 1487 4103; x_wconf 90' lang='lat' dir='ltr'><strong>mortuis</strong></span> <span class='ocrx_word' id='word_1_283' title='bbox 1518 4049 1842 4103; x_wconf 91' lang='lat' dir='ltr'><strong>suscitatum</strong></span> <span class='ocrx_word' id='word_1_284' title='bbox 1876 4065 1999 4105; x_wconf 90' lang='lat' dir='ltr'><strong>esse</strong></span> 
     </span>
    </p>
   </div>
   <div class='ocr_carea' id='block_1_43' title="bbox 413 4135 1998 4210">
    <p class='ocr_par' dir='ltr' id='par_1_43' title="bbox 413 4135 1998 4210">
     <span class='ocr_line' id='line_1_43' title="bbox 413 4135 1998 4210; baseline 0.004 -21"><span class='ocrx_word' id='word_1_285' title='bbox 413 4137 774 4191; x_wconf 89' lang='lat' dir='ltr'><strong>demonstrat.</strong></span> <span class='ocrx_word' id='word_1_286' title='bbox 836 4135 993 4201; x_wconf 86' lang='lat' dir='ltr'><strong>Quod</strong></span> <span class='ocrx_word' id='word_1_287' title='bbox 1038 4138 1259 4207; x_wconf 89' lang='lat' dir='ltr'><strong>quidem</strong></span> <span class='ocrx_word' id='word_1_288' title='bbox 1320 4154 1429 4193; x_wconf 92' lang='lat' dir='ltr'><strong>non</strong></span> <span class='ocrx_word' id='word_1_289' title='bbox 1481 4139 1604 4194; x_wconf 87' lang='lat' dir='ltr'><strong>ideo</strong></span> <span class='ocrx_word' id='word_1_290' title='bbox 1660 4142 1998 4210; x_wconf 79' lang='lat' dir='ltr'><strong>argumentis</strong></span> 
     </span>
    </p>
   </div>
   <div class='ocr_carea' id='block_1_44' title="bbox 415 4228 1996 4303">
    <p class='ocr_par' dir='ltr' id='par_1_44' title="bbox 415 4228 1996 4303">
     <span class='ocr_line' id='line_1_44' title="bbox 415 4228 1996 4303; baseline 0.004 -23"><span class='ocrx_word' id='word_1_291' title='bbox 415 4228 757 4297; x_wconf 78' lang='lat' dir='ltr'><strong>probandum</strong></span> <span class='ocrx_word' id='word_1_292' title='bbox 786 4244 847 4283; x_wconf 87' lang='lat' dir='ltr'><strong>se</strong></span> <span class='ocrx_word' id='word_1_293' title='bbox 889 4230 1197 4299; x_wconf 89' lang='lat' dir='ltr'><strong>suscepisse</strong></span> <span class='ocrx_word' id='word_1_294' title='bbox 1226 4230 1380 4297; x_wconf 90' lang='lat' dir='ltr'><strong>dicit,</strong></span> <span class='ocrx_word' id='word_1_295' title='bbox 1421 4232 1568 4301; x_wconf 92' lang='lat' dir='ltr'><strong>quod</strong></span> <span class='ocrx_word' id='word_1_296' title='bbox 1608 4248 1797 4288; x_wconf 90' lang='lat' dir='ltr'><strong>eorum</strong></span> <span class='ocrx_word' id='word_1_297' title='bbox 1826 4233 1996 4303; x_wconf 91' lang='lat' dir='ltr'><strong>aliqui</strong></span> 
     </span>
    </p>
   </div>
   <div class='ocr_carea' id='block_1_45' title="bbox 417 4320 1997 4387">
    <p class='ocr_par' dir='ltr' id='par_1_45' title="bbox 417 4320 1997 4387">
     <span class='ocr_line' id='line_1_45' title="bbox 417 4320 1997 4387; baseline 0.007 -16"><span class='ocrx_word' id='word_1_298' title='bbox 417 4320 547 4373; x_wconf 89' lang='lat' dir='ltr'><strong>illud</strong></span> <span class='ocrx_word' id='word_1_299' title='bbox 592 4335 703 4374; x_wconf 85' lang='lat' dir='ltr'><strong>non</strong></span> <span class='ocrx_word' id='word_1_300' title='bbox 752 4321 1071 4387; x_wconf 87' lang='lat' dir='ltr'><strong>crederent;</strong></span> <span class='ocrx_word' id='word_1_301' title='bbox 1132 4322 1226 4377; x_wconf 90' lang='lat' dir='ltr'><strong>sed</strong></span> <span class='ocrx_word' id='word_1_302' title='bbox 1264 4332 1323 4377; x_wconf 93' lang='lat' dir='ltr'><strong>ut</strong></span> <span class='ocrx_word' id='word_1_303' title='bbox 1357 4338 1452 4378; x_wconf 91' lang='lat' dir='ltr'><strong>eos</strong></span> <span class='ocrx_word' id='word_1_304' title='bbox 1492 4338 1683 4379; x_wconf 88' lang='lat' dir='ltr'><strong>omnes</strong></span> <span class='ocrx_word' id='word_1_305' title='bbox 1732 4325 1997 4382; x_wconf 91' lang='lat' dir='ltr'><strong>adversus</strong></span> 
     </span>
    </p>
   </div>
   <div class='ocr_carea' id='block_1_46' title="bbox 414 4413 1995 4487">
    <p class='ocr_par' dir='ltr' id='par_1_46' title="bbox 414 4413 1995 4487">
     <span class='ocr_line' id='line_1_46' title="bbox 414 4413 1995 4487; baseline 0.006 -24"><span class='ocrx_word' id='word_1_306' title='bbox 414 4413 778 4480; x_wconf 90' lang='lat' dir='ltr'><strong>quorumdam</strong></span> <span class='ocrx_word' id='word_1_307' title='bbox 826 4429 1062 4479; x_wconf 90' lang='lat' dir='ltr'><strong>errores,</strong></span> <span class='ocrx_word' id='word_1_308' title='bbox 1089 4414 1183 4483; x_wconf 91' lang='lat' dir='ltr'><strong>qui</strong></span> <span class='ocrx_word' id='word_1_309' title='bbox 1222 4415 1273 4469; x_wconf 92' lang='lat' dir='ltr'><strong>id</strong></span> <span class='ocrx_word' id='word_1_310' title='bbox 1310 4414 1477 4484; x_wconf 88' lang='lat' dir='ltr'><strong>impie</strong></span> <span class='ocrx_word' id='word_1_311' title='bbox 1524 4417 1814 4486; x_wconf 81' lang='lat' dir='ltr'><strong>negabant,</strong></span> <span class='ocrx_word' id='word_1_312' title='bbox 1857 4433 1995 4487; x_wconf 66' lang='lat' dir='ltr'><strong>prae-</strong></span> 
     </span>
    </p>
   </div>
   <div class='ocr_carea' id='block_1_47' title="bbox 416 4492 1995 4575">
    <p class='ocr_par' dir='ltr' id='par_1_47' title="bbox 416 4492 1995 4575">
     <span class='ocr_line' id='line_1_47' title="bbox 416 4492 1995 4575; baseline 0.005 -19"><span class='ocrx_word' id='word_1_313' title='bbox 416 4503 654 4558; x_wconf 87' lang='lat' dir='ltr'><strong>muniret</strong></span> <span class='ocrx_word' id='word_1_314' title='bbox 680 4519 745 4557; x_wconf 91' lang='lat' dir='ltr'><strong>ac</strong></span> <span class='ocrx_word' id='word_1_315' title='bbox 775 4512 1040 4560; x_wconf 88' lang='lat' dir='ltr'><strong>tueretur.</strong></span> <span class='ocrx_word' id='word_1_316' title='bbox 1076 4504 1152 4559; x_wconf 88' lang='lat' dir='ltr'><strong>Ea</strong></span> <span class='ocrx_word' id='word_1_317' title='bbox 1202 4492 1428 4575; x_wconf 85' lang='lat' dir='ltr'><strong>propter</strong></span> <span class='ocrx_word' id='word_1_318' title='bbox 1458 4507 1581 4561; x_wconf 89' lang='lat' dir='ltr'><strong>illos</strong></span> <span class='ocrx_word' id='word_1_319' title='bbox 1612 4517 1670 4561; x_wconf 91' lang='lat' dir='ltr'><strong>ut</strong></span> <span class='ocrx_word' id='word_1_320' title='bbox 1695 4509 1748 4562; x_wconf 92' lang='lat' dir='ltr'><strong>in</strong></span> <span class='ocrx_word' id='word_1_321' title='bbox 1778 4507 1995 4564; x_wconf 90' lang='lat' dir='ltr'><strong>Domini</strong></span> 
     </span>
    </p>
   </div>
   <div class='ocr_carea' id='block_1_48' title="bbox 2116 642 3693 711">
    <p class='ocr_par' dir='ltr' id='par_1_48' title="bbox 2116 642 3693 711">
     <span class='ocr_line' id='line_1_48' title="bbox 2116 642 3693 711; baseline -0.003 -15"><span class='ocrx_word' id='word_1_322' title='bbox 2116 644 2255 697; x_wconf 92' lang='lat' dir='ltr'><strong>mias</strong></span> <span class='ocrx_word' id='word_1_323' title='bbox 2290 642 2655 711; x_wconf 89' lang='lat' dir='ltr'><strong>quorumdam</strong></span> <span class='ocrx_word' id='word_1_324' title='bbox 2691 643 2908 707; x_wconf 83' lang='lat' dir='ltr'><strong>laudes;</strong></span> <span class='ocrx_word' id='word_1_325' title='bbox 2960 657 3157 711; x_wconf 86' lang='lat' dir='ltr'><strong>negare</strong></span> <span class='ocrx_word' id='word_1_326' title='bbox 3179 649 3357 695; x_wconf 90' lang='lat' dir='ltr'><strong>tamen</strong></span> <span class='ocrx_word' id='word_1_327' title='bbox 3392 655 3499 693; x_wconf 92' lang='lat' dir='ltr'><strong>non</strong></span> <span class='ocrx_word' id='word_1_328' title='bbox 3531 652 3693 704; x_wconf 87' lang='lat' dir='ltr'><strong>posse</strong></span> 
     </span>
    </p>
   </div>
   <div class='ocr_carea' id='block_1_49' title="bbox 2117 730 3687 806">
    <p class='ocr_par' dir='ltr' id='par_1_49' title="bbox 2117 730 3687 806">
     <span class='ocr_line' id='line_1_49' title="bbox 2117 730 3687 806; baseline -0.004 -17"><span class='ocrx_word' id='word_1_329' title='bbox 2117 736 2481 806; x_wconf 80' lang='lat' dir='ltr'><strong>cognitionem</strong></span> <span class='ocrx_word' id='word_1_330' title='bbox 2511 734 2905 805; x_wconf 89' lang='lat' dir='ltr'><strong>scientiamque</strong></span> <span class='ocrx_word' id='word_1_331' title='bbox 2929 749 3035 787; x_wconf 89' lang='lat' dir='ltr'><strong>non</strong></span> <span class='ocrx_word' id='word_1_332' title='bbox 3062 734 3339 803; x_wconf 79' lang='lat' dir='ltr'><strong>vulgarem</strong></span> <span class='ocrx_word' id='word_1_333' title='bbox 3365 730 3687 795; x_wconf 82' lang='lat' dir='ltr'><strong>divinitatis,</strong></span> 
     </span>
    </p>
   </div>
   <div class='ocr_carea' id='block_1_50' title="bbox 2116 822 3688 896">
    <p class='ocr_par' dir='ltr' id='par_1_50' title="bbox 2116 822 3688 896">
     <span class='ocr_line' id='line_1_50' title="bbox 2116 822 3688 896; baseline -0.004 -15"><span class='ocrx_word' id='word_1_334' title='bbox 2116 828 2431 896; x_wconf 82' lang='lat' dir='ltr'><strong>angelorum</strong></span> <span class='ocrx_word' id='word_1_335' title='bbox 2470 842 2762 895; x_wconf 87' lang='lat' dir='ltr'><strong>rerumque</strong></span> <span class='ocrx_word' id='word_1_336' title='bbox 2813 825 3138 890; x_wconf 61' lang='lat' dir='ltr'><strong>caelestium,</strong></span> <span class='ocrx_word' id='word_1_337' title='bbox 3172 840 3336 893; x_wconf 90' lang='lat' dir='ltr'><strong>quam</strong></span> <span class='ocrx_word' id='word_1_338' title='bbox 3369 839 3490 877; x_wconf 90' lang='lat' dir='ltr'><strong>eum</strong></span> <span class='ocrx_word' id='word_1_339' title='bbox 3524 822 3688 891; x_wconf 88' lang='lat' dir='ltr'><strong>ipsis,</strong></span> 
     </span>
    </p>
   </div>
   <div class='ocr_carea' id='block_1_51' title="bbox 2116 915 3688 983">
    <p class='ocr_par' dir='ltr' id='par_1_51' title="bbox 2116 915 3688 983">
     <span class='ocr_line' id='line_1_51' title="bbox 2116 915 3688 983; baseline -0.004 -10"><span class='ocrx_word' id='word_1_340' title='bbox 2116 920 2220 974; x_wconf 90' lang='lat' dir='ltr'><strong>nisi</strong></span> <span class='ocrx_word' id='word_1_341' title='bbox 2244 922 2423 974; x_wconf 90' lang='lat' dir='ltr'><strong>adhuc</strong></span> <span class='ocrx_word' id='word_1_342' title='bbox 2454 928 2639 975; x_wconf 89' lang='lat' dir='ltr'><strong>essent</strong></span> <span class='ocrx_word' id='word_1_343' title='bbox 2689 918 3041 983; x_wconf 90' lang='lat' dir='ltr'><strong>inﬁrmiores,</strong></span> <span class='ocrx_word' id='word_1_344' title='bbox 3066 918 3212 971; x_wconf 90' lang='lat' dir='ltr'><strong>ultro</strong></span> <span class='ocrx_word' id='word_1_345' title='bbox 3235 915 3688 979; x_wconf 84' lang='lat' dir='ltr'><strong>communicaret,</strong></span> 
     </span>
    </p>
   </div>
   <div class='ocr_carea' id='block_1_52' title="bbox 2116 1007 3691 1078">
    <p class='ocr_par' dir='ltr' id='par_1_52' title="bbox 2116 1007 3691 1078">
     <span class='ocr_line' id='line_1_52' title="bbox 2116 1007 3691 1078; baseline -0.004 -11"><span class='ocrx_word' id='word_1_346' title='bbox 2116 1013 2219 1067; x_wconf 89' lang='lat' dir='ltr'><strong>sibi</strong></span> <span class='ocrx_word' id='word_1_347' title='bbox 2243 1013 2503 1067; x_wconf 88' lang='lat' dir='ltr'><strong>divinitus</strong></span> <span class='ocrx_word' id='word_1_348' title='bbox 2526 1009 2697 1066; x_wconf 84' lang='lat' dir='ltr'><strong>fuisse</strong></span> <span class='ocrx_word' id='word_1_349' title='bbox 2726 1007 3466 1063; x_wconf 85' lang='lat' dir='ltr'><strong>eoncessam.Verumtamcn</strong></span> <span class='ocrx_word' id='word_1_350' title='bbox 3497 1018 3691 1078; x_wconf 64' lang='lat' dir='ltr'><strong>praeter</strong></span> 
     </span>
    </p>
   </div>
   <div class='ocr_carea' id='block_1_53' title="bbox 2116 1101 3689 1174">
    <p class='ocr_par' dir='ltr' id='par_1_53' title="bbox 2116 1101 3689 1174">
     <span class='ocr_line' id='line_1_53' title="bbox 2116 1101 3689 1174; baseline -0.003 -17"><span class='ocrx_word' id='word_1_351' title='bbox 2116 1103 2215 1159; x_wconf 91' lang='lat' dir='ltr'><strong>has</strong></span> <span class='ocrx_word' id='word_1_352' title='bbox 2261 1103 2621 1174; x_wconf 77' lang='lat' dir='ltr'><strong>cognitiones,</strong></span> <span class='ocrx_word' id='word_1_353' title='bbox 2656 1102 3010 1172; x_wconf 85' lang='lat' dir='ltr'><strong>quantumvis</strong></span> <span class='ocrx_word' id='word_1_354' title='bbox 3055 1101 3338 1163; x_wconf 90' lang='lat' dir='ltr'><strong>sublimes,</strong></span> <span class='ocrx_word' id='word_1_355' title='bbox 3386 1102 3490 1155; x_wconf 89' lang='lat' dir='ltr'><strong>sibi</strong></span> <span class='ocrx_word' id='word_1_356' title='bbox 3554 1101 3689 1154; x_wconf 90' lang='lat' dir='ltr'><strong>alias</strong></span> 
     </span>
    </p>
   </div>
   <div class='ocr_carea' id='block_1_54' title="bbox 2114 1193 3689 1264">
    <p class='ocr_par' dir='ltr' id='par_1_54' title="bbox 2114 1193 3689 1264">
     <span class='ocr_line' id='line_1_54' title="bbox 2114 1193 3689 1264; baseline -0.001 -15"><span class='ocrx_word' id='word_1_357' title='bbox 2114 1196 2286 1249; x_wconf 90' lang='lat' dir='ltr'><strong>multo</strong></span> <span class='ocrx_word' id='word_1_358' title='bbox 2336 1196 2571 1264; x_wconf 86' lang='lat' dir='ltr'><strong>majores</strong></span> <span class='ocrx_word' id='word_1_359' title='bbox 2620 1195 2811 1250; x_wconf 89' lang='lat' dir='ltr'><strong>deesse</strong></span> <span class='ocrx_word' id='word_1_360' title='bbox 2843 1236 2857 1255; x_wconf 90' lang='lat'><strong>.</strong></span> <span class='ocrx_word' id='word_1_361' title='bbox 2920 1210 3019 1248; x_wconf 91' lang='lat' dir='ltr'><strong>nec</strong></span> <span class='ocrx_word' id='word_1_362' title='bbox 3073 1209 3132 1249; x_wconf 88' lang='lat' dir='ltr'><strong>se</strong></span> <span class='ocrx_word' id='word_1_363' title='bbox 3181 1194 3372 1262; x_wconf 86' lang='lat' dir='ltr'><strong>primis</strong></span> <span class='ocrx_word' id='word_1_364' title='bbox 3406 1193 3689 1262; x_wconf 83' lang='lat' dir='ltr'><strong>discipulis</strong></span> 
     </span>
    </p>
   </div>
   <div class='ocr_carea' id='block_1_55' title="bbox 2112 1285 3687 1357">
    <p class='ocr_par' dir='ltr' id='par_1_55' title="bbox 2112 1285 3687 1357">
     <span class='ocr_line' id='line_1_55' title="bbox 2112 1285 3687 1357; baseline -0.001 -16"><span class='ocrx_word' id='word_1_365' title='bbox 2112 1289 2425 1357; x_wconf 86' lang='lat' dir='ltr'><strong>proximum</strong></span> <span class='ocrx_word' id='word_1_366' title='bbox 2450 1288 2752 1352; x_wconf 89' lang='lat' dir='ltr'><strong>numerari,</strong></span> <span class='ocrx_word' id='word_1_367' title='bbox 2788 1287 2931 1341; x_wconf 87' lang='lat' dir='ltr'><strong>ultro</strong></span> <span class='ocrx_word' id='word_1_368' title='bbox 2958 1286 3178 1341; x_wconf 82' lang='lat' dir='ltr'><strong>fatetur.</strong></span> <span class='ocrx_word' id='word_1_369' title='bbox 3211 1286 3340 1340; x_wconf 89' lang='lat' dir='ltr'><strong>Post</strong></span> <span class='ocrx_word' id='word_1_370' title='bbox 3382 1286 3497 1341; x_wconf 83' lang='lat' dir='ltr'><strong>haec</strong></span> <span class='ocrx_word' id='word_1_371' title='bbox 3529 1285 3687 1339; x_wconf 58' lang='lat' dir='ltr'><strong>Tral-</strong></span> 
     </span>
    </p>
   </div>
   <div class='ocr_carea' id='block_1_56' title="bbox 2113 1378 3686 1447">
    <p class='ocr_par' dir='ltr' id='par_1_56' title="bbox 2113 1378 3686 1447">
     <span class='ocr_line' id='line_1_56' title="bbox 2113 1378 3686 1447; baseline -0.002 -14"><span class='ocrx_word' id='word_1_372' title='bbox 2113 1380 2292 1434; x_wconf 89' lang='lat' dir='ltr'><strong>lenses</strong></span> <span class='ocrx_word' id='word_1_373' title='bbox 2338 1379 2779 1444; x_wconf 86' lang='lat' dir='ltr'><strong>commonefacit,</strong></span> <span class='ocrx_word' id='word_1_374' title='bbox 2815 1379 2883 1433; x_wconf 89' lang='lat' dir='ltr'><strong>ab</strong></span> <span class='ocrx_word' id='word_1_375' title='bbox 2929 1379 2996 1434; x_wconf 89' lang='lat' dir='ltr'><strong>iis</strong></span> <span class='ocrx_word' id='word_1_376' title='bbox 3053 1379 3145 1447; x_wconf 95' lang='lat' dir='ltr'><strong>qui</strong></span> <span class='ocrx_word' id='word_1_377' title='bbox 3177 1378 3455 1432; x_wconf 87' lang='lat' dir='ltr'><strong>Christum</strong></span> <span class='ocrx_word' id='word_1_378' title='bbox 3502 1378 3686 1431; x_wconf 89' lang='lat' dir='ltr'><strong>ﬁctum</strong></span> 
     </span>
    </p>
   </div>
   <div class='ocr_carea' id='block_1_57' title="bbox 2112 1472 3687 1539">
    <p class='ocr_par' dir='ltr' id='par_1_57' title="bbox 2112 1472 3687 1539">
     <span class='ocr_line' id='line_1_57' title="bbox 2112 1472 3687 1539; baseline 0.001 -14"><span class='ocrx_word' id='word_1_379' title='bbox 2112 1472 2414 1539; x_wconf 87' lang='lat' dir='ltr'><strong>hominem,</strong></span> <span class='ocrx_word' id='word_1_380' title='bbox 2449 1473 2706 1528; x_wconf 85' lang='lat' dir='ltr'><strong>simuiate</strong></span> <span class='ocrx_word' id='word_1_381' title='bbox 2733 1484 3011 1527; x_wconf 92' lang='lat' dir='ltr'><strong>mortuum</strong></span> <span class='ocrx_word' id='word_1_382' title='bbox 3049 1481 3103 1527; x_wconf 91' lang='lat' dir='ltr'><strong>et</strong></span> <span class='ocrx_word' id='word_1_383' title='bbox 3141 1473 3538 1527; x_wconf 84' lang='lat' dir='ltr'><strong>exsuscitatum</strong></span> <span class='ocrx_word' id='word_1_384' title='bbox 3590 1489 3687 1527; x_wconf 87' lang='lat' dir='ltr'><strong>au-</strong></span> 
     </span>
    </p>
   </div>
   <div class='ocr_carea' id='block_1_58' title="bbox 2110 1564 3686 1636">
    <p class='ocr_par' dir='ltr' id='par_1_58' title="bbox 2110 1564 3686 1636">
     <span class='ocr_line' id='line_1_58' title="bbox 2110 1564 3686 1636; baseline 0.002 -17"><span class='ocrx_word' id='word_1_385' title='bbox 2110 1566 2298 1619; x_wconf 88' lang='lat' dir='ltr'><strong>dacter</strong></span> <span class='ocrx_word' id='word_1_386' title='bbox 2332 1565 2669 1631; x_wconf 86' lang='lat' dir='ltr'><strong>asserebant,</strong></span> <span class='ocrx_word' id='word_1_387' title='bbox 2697 1566 2751 1619; x_wconf 91' lang='lat' dir='ltr'><strong>in</strong></span> <span class='ocrx_word' id='word_1_388' title='bbox 2781 1564 2972 1634; x_wconf 88' lang='lat' dir='ltr'><strong>primis</strong></span> <span class='ocrx_word' id='word_1_389' title='bbox 3005 1575 3265 1632; x_wconf 88' lang='lat' dir='ltr'><strong>caveant;</strong></span> <span class='ocrx_word' id='word_1_390' title='bbox 3314 1581 3413 1620; x_wconf 90' lang='lat' dir='ltr'><strong>nec</strong></span> <span class='ocrx_word' id='word_1_391' title='bbox 3463 1567 3686 1636; x_wconf 88' lang='lat' dir='ltr'><strong>laqueos</strong></span> 
     </span>
    </p>
   </div>
   <div class='ocr_carea' id='block_1_59' title="bbox 2110 1655 3687 1729">
    <p class='ocr_par' dir='ltr' id='par_1_59' title="bbox 2110 1655 3687 1729">
     <span class='ocr_line' id='line_1_59' title="bbox 2110 1655 3687 1729; baseline 0.001 -17"><span class='ocrx_word' id='word_1_392' title='bbox 2110 1672 2300 1712; x_wconf 90' lang='lat' dir='ltr'><strong>eorum</strong></span> <span class='ocrx_word' id='word_1_393' title='bbox 2326 1655 2539 1712; x_wconf 86' lang='lat' dir='ltr'><strong>facilius</strong></span> <span class='ocrx_word' id='word_1_394' title='bbox 2594 1672 2757 1726; x_wconf 92' lang='lat' dir='ltr'><strong>quam</strong></span> <span class='ocrx_word' id='word_1_395' title='bbox 2790 1672 2890 1713; x_wconf 89' lang='lat' dir='ltr'><strong>sua</strong></span> <span class='ocrx_word' id='word_1_396' title='bbox 2918 1657 2975 1712; x_wconf 87' lang='lat' dir='ltr'><strong>in</strong></span> <span class='ocrx_word' id='word_1_397' title='bbox 2997 1659 3316 1727; x_wconf 91' lang='lat' dir='ltr'><strong>episcopum</strong></span> <span class='ocrx_word' id='word_1_398' title='bbox 3341 1701 3354 1723; x_wconf 95' lang='lat'><strong>,</strong></span> <span class='ocrx_word' id='word_1_399' title='bbox 3389 1674 3687 1729; x_wconf 86' lang='lat' dir='ltr'><strong>sacrosque</strong></span> 
     </span>
    </p>
   </div>
   <div class='ocr_carea' id='block_1_60' title="bbox 2112 1749 3681 1818">
    <p class='ocr_par' dir='ltr' id='par_1_60' title="bbox 2112 1749 3681 1818">
     <span class='ocr_line' id='line_1_60' title="bbox 2112 1749 3681 1818; baseline 0.001 -15"><span class='ocrx_word' id='word_1_400' title='bbox 2112 1749 2397 1803; x_wconf 88' lang='lat' dir='ltr'><strong>ministros</strong></span> <span class='ocrx_word' id='word_1_401' title='bbox 2444 1749 2752 1803; x_wconf 88' lang='lat' dir='ltr'><strong>obcdientia</strong></span> <span class='ocrx_word' id='word_1_402' title='bbox 2796 1764 2959 1818; x_wconf 91' lang='lat' dir='ltr'><strong>posse</strong></span> <span class='ocrx_word' id='word_1_403' title='bbox 2989 1750 3273 1804; x_wconf 86' lang='lat' dir='ltr'><strong>declinari.</strong></span> <span class='ocrx_word' id='word_1_404' title='bbox 3308 1749 3512 1804; x_wconf 90' lang='lat' dir='ltr'><strong>Deinde</strong></span> <span class='ocrx_word' id='word_1_405' title='bbox 3539 1750 3681 1814; x_wconf 89' lang='lat' dir='ltr'><strong>illos,</strong></span> 
     </span>
    </p>
   </div>
   <div class='ocr_carea' id='block_1_61' title="bbox 2109 1839 3687 1911">
    <p class='ocr_par' dir='ltr' id='par_1_61' title="bbox 2109 1839 3687 1911">
     <span class='ocr_line' id='line_1_61' title="bbox 2109 1839 3687 1911; baseline -0.001 -15"><span class='ocrx_word' id='word_1_406' title='bbox 2109 1851 2164 1896; x_wconf 92' lang='lat' dir='ltr'><strong>ct</strong></span> <span class='ocrx_word' id='word_1_407' title='bbox 2204 1856 2324 1905; x_wconf 89' lang='lat' dir='ltr'><strong>suo,</strong></span> <span class='ocrx_word' id='word_1_408' title='bbox 2359 1851 2413 1895; x_wconf 91' lang='lat' dir='ltr'><strong>et</strong></span> <span class='ocrx_word' id='word_1_409' title='bbox 2456 1839 2824 1911; x_wconf 89' lang='lat' dir='ltr'><strong>Smyrnensis,</strong></span> <span class='ocrx_word' id='word_1_410' title='bbox 2885 1856 2948 1895; x_wconf 89' lang='lat' dir='ltr'><strong>ac</strong></span> <span class='ocrx_word' id='word_1_411' title='bbox 3006 1840 3293 1910; x_wconf 76' lang='lat' dir='ltr'><strong>Epliesinae</strong></span> <span class='ocrx_word' id='word_1_412' title='bbox 3345 1841 3687 1911; x_wconf 91' lang='lat' dir='ltr'><strong>aliarumque</strong></span> 
     </span>
    </p>
   </div>
   <div class='ocr_carea' id='block_1_62' title="bbox 2112 1933 3689 2002">
    <p class='ocr_par' dir='ltr' id='par_1_62' title="bbox 2112 1933 3689 2002">
     <span class='ocr_line' id='line_1_62' title="bbox 2112 1933 3689 2002; baseline -0.002 -15"><span class='ocrx_word' id='word_1_413' title='bbox 2112 1933 2479 1988; x_wconf 86' lang='lat' dir='ltr'><strong>Ecclesiarum</strong></span> <span class='ocrx_word' id='word_1_414' title='bbox 2528 1935 2750 1987; x_wconf 89' lang='lat' dir='ltr'><strong>nomine</strong></span> <span class='ocrx_word' id='word_1_415' title='bbox 2783 1934 3003 1996; x_wconf 88' lang='lat' dir='ltr'><strong>salutat,</strong></span> <span class='ocrx_word' id='word_1_416' title='bbox 3045 1946 3207 2002; x_wconf 89' lang='lat' dir='ltr'><strong>atque</strong></span> <span class='ocrx_word' id='word_1_417' title='bbox 3238 1935 3304 1987; x_wconf 88' lang='lat' dir='ltr'><strong>ad</strong></span> <span class='ocrx_word' id='word_1_418' title='bbox 3332 1943 3575 1988; x_wconf 89' lang='lat' dir='ltr'><strong>mutuam</strong></span> <span class='ocrx_word' id='word_1_419' title='bbox 3602 1934 3689 1986; x_wconf 90' lang='lat' dir='ltr'><strong>in—</strong></span> 
     </span>
    </p>
   </div>
   <div class='ocr_carea' id='block_1_63' title="bbox 2110 2021 3686 2093">
    <p class='ocr_par' dir='ltr' id='par_1_63' title="bbox 2110 2021 3686 2093">
     <span class='ocr_line' id='line_1_63' title="bbox 2110 2021 3686 2093; baseline 0.003 -18"><span class='ocrx_word' id='word_1_420' title='bbox 2110 2029 2191 2075; x_wconf 91' lang='lat' dir='ltr'><strong>ter</strong></span> <span class='ocrx_word' id='word_1_421' title='bbox 2224 2037 2282 2076; x_wconf 90' lang='lat' dir='ltr'><strong>se</strong></span> <span class='ocrx_word' id='word_1_422' title='bbox 2307 2036 2519 2090; x_wconf 85' lang='lat' dir='ltr'><strong>pacem,</strong></span> <span class='ocrx_word' id='word_1_423' title='bbox 2552 2031 2605 2076; x_wconf 91' lang='lat' dir='ltr'><strong>et</strong></span> <span class='ocrx_word' id='word_1_424' title='bbox 2642 2021 2695 2074; x_wconf 93' lang='lat' dir='ltr'><strong>in</strong></span> <span class='ocrx_word' id='word_1_425' title='bbox 2726 2023 3040 2092; x_wconf 88' lang='lat' dir='ltr'><strong>episcopum</strong></span> <span class='ocrx_word' id='word_1_426' title='bbox 3066 2023 3523 2093; x_wconf 86' lang='lat' dir='ltr'><strong>presbyterosque</strong></span> <span class='ocrx_word' id='word_1_427' title='bbox 3555 2039 3686 2079; x_wconf 89' lang='lat' dir='ltr'><strong>suos</strong></span> 
     </span>
    </p>
   </div>
   <div class='ocr_carea' id='block_1_64' title="bbox 2109 2112 3684 2185">
    <p class='ocr_par' dir='ltr' id='par_1_64' title="bbox 2109 2112 3684 2185">
     <span class='ocr_line' id='line_1_64' title="bbox 2109 2112 3684 2185; baseline 0.001 -18"><span class='ocrx_word' id='word_1_428' title='bbox 2109 2113 2509 2167; x_wconf 85' lang='lat' dir='ltr'><strong>observantiam</strong></span> <span class='ocrx_word' id='word_1_429' title='bbox 2536 2129 2729 2168; x_wconf 87' lang='lat' dir='ltr'><strong>rursus</strong></span> <span class='ocrx_word' id='word_1_430' title='bbox 2749 2114 2969 2167; x_wconf 80' lang='lat' dir='ltr'><strong>excitat.</strong></span> <span class='ocrx_word' id='word_1_431' title='bbox 2996 2112 3181 2168; x_wconf 90' lang='lat' dir='ltr'><strong>Poscit</strong></span> <span class='ocrx_word' id='word_1_432' title='bbox 3204 2115 3439 2185; x_wconf 89' lang='lat' dir='ltr'><strong>denique</strong></span> <span class='ocrx_word' id='word_1_433' title='bbox 3462 2125 3523 2168; x_wconf 90' lang='lat' dir='ltr'><strong>ut</strong></span> <span class='ocrx_word' id='word_1_434' title='bbox 3547 2114 3684 2169; x_wconf 82' lang='lat' dir='ltr'><strong>fusis</strong></span> 
     </span>
    </p>
   </div>
   <div class='ocr_carea' id='block_1_65' title="bbox 2108 2203 3685 2275">
    <p class='ocr_par' dir='ltr' id='par_1_65' title="bbox 2108 2203 3685 2275">
     <span class='ocr_line' id='line_1_65' title="bbox 2108 2203 3685 2275; baseline 0.001 -17"><span class='ocrx_word' id='word_1_435' title='bbox 2108 2204 2175 2258; x_wconf 90' lang='lat' dir='ltr'><strong>ad</strong></span> <span class='ocrx_word' id='word_1_436' title='bbox 2207 2203 2375 2258; x_wconf 90' lang='lat' dir='ltr'><strong>Deum</strong></span> <span class='ocrx_word' id='word_1_437' title='bbox 2402 2204 2680 2273; x_wconf 89' lang='lat' dir='ltr'><strong>precibus,</strong></span> <span class='ocrx_word' id='word_1_438' title='bbox 2712 2220 2854 2266; x_wconf 86' lang='lat' dir='ltr'><strong>eam,</strong></span> <span class='ocrx_word' id='word_1_439' title='bbox 2875 2221 2981 2274; x_wconf 92' lang='lat' dir='ltr'><strong>qua</strong></span> <span class='ocrx_word' id='word_1_440' title='bbox 3012 2206 3338 2275; x_wconf 85' lang='lat' dir='ltr'><strong>martyrium</strong></span> <span class='ocrx_word' id='word_1_441' title='bbox 3374 2222 3533 2261; x_wconf 90' lang='lat' dir='ltr'><strong>suum</strong></span> <span class='ocrx_word' id='word_1_442' title='bbox 3559 2221 3685 2261; x_wconf 87' lang='lat' dir='ltr'><strong>con-</strong></span> 
     </span>
    </p>
   </div>
   <div class='ocr_carea' id='block_1_66' title="bbox 2109 2296 3141 2365">
    <p class='ocr_par' dir='ltr' id='par_1_66' title="bbox 2109 2296 3141 2365">
     <span class='ocr_line' id='line_1_66' title="bbox 2109 2296 3141 2365; baseline -0.002 -14"><span class='ocrx_word' id='word_1_443' title='bbox 2109 2310 2387 2351; x_wconf 89' lang='lat' dir='ltr'><strong>summare</strong></span> <span class='ocrx_word' id='word_1_444' title='bbox 2416 2296 2611 2364; x_wconf 91' lang='lat' dir='ltr'><strong>possit,</strong></span> <span class='ocrx_word' id='word_1_445' title='bbox 2642 2296 2872 2365; x_wconf 81' lang='lat' dir='ltr'><strong>gratiam</strong></span> <span class='ocrx_word' id='word_1_446' title='bbox 2895 2304 3141 2350; x_wconf 89' lang='lat' dir='ltr'><strong>exorent.</strong></span> 
     </span>
    </p>
   </div>
   <div class='ocr_carea' id='block_1_67' title="bbox 2177 2383 3684 2457">
    <p class='ocr_par' dir='ltr' id='par_1_67' title="bbox 2177 2383 3684 2457">
     <span class='ocr_line' id='line_1_67' title="bbox 2177 2383 3684 2457; baseline 0.002 -20"><span class='ocrx_word' id='word_1_447' title='bbox 2177 2383 2378 2450; x_wconf 84' lang='lat' dir='ltr'><strong>Quarta</strong></span> <span class='ocrx_word' id='word_1_448' title='bbox 2415 2385 2715 2455; x_wconf 89' lang='lat' dir='ltr'><strong>ultimaque</strong></span> <span class='ocrx_word' id='word_1_449' title='bbox 2743 2387 2990 2455; x_wconf 90' lang='lat' dir='ltr'><strong>epistola,</strong></span> <span class='ocrx_word' id='word_1_450' title='bbox 3018 2385 3263 2457; x_wconf 76' lang='lat' dir='ltr'><strong>Smyrna:</strong></span> <span class='ocrx_word' id='word_1_451' title='bbox 3276 2387 3419 2451; x_wconf 87' lang='lat' dir='ltr'><strong>data,</strong></span> <span class='ocrx_word' id='word_1_452' title='bbox 3441 2386 3507 2441; x_wconf 90' lang='lat' dir='ltr'><strong>ad</strong></span> <span class='ocrx_word' id='word_1_453' title='bbox 3525 2386 3684 2440; x_wconf 87' lang='lat' dir='ltr'><strong>Chri-</strong></span> 
     </span>
    </p>
   </div>
   <div class='ocr_carea' id='block_1_68' title="bbox 2108 2474 3682 2547">
    <p class='ocr_par' dir='ltr' id='par_1_68' title="bbox 2108 2474 3682 2547">
     <span class='ocr_line' id='line_1_68' title="bbox 2108 2474 3682 2547; baseline 0.001 -17"><span class='ocrx_word' id='word_1_454' title='bbox 2108 2475 2317 2530; x_wconf 88' lang='lat' dir='ltr'><strong>stianos</strong></span> <span class='ocrx_word' id='word_1_455' title='bbox 2346 2474 2533 2529; x_wconf 66' lang='lat' dir='ltr'><strong>Romae</strong></span> <span class='ocrx_word' id='word_1_456' title='bbox 2576 2476 2833 2544; x_wconf 89' lang='lat' dir='ltr'><strong>degentes</strong></span> <span class='ocrx_word' id='word_1_457' title='bbox 2855 2477 3059 2531; x_wconf 90' lang='lat' dir='ltr'><strong>directa</strong></span> <span class='ocrx_word' id='word_1_458' title='bbox 3087 2487 3189 2543; x_wconf 89' lang='lat' dir='ltr'><strong>est,</strong></span> <span class='ocrx_word' id='word_1_459' title='bbox 3218 2478 3415 2547; x_wconf 87' lang='lat' dir='ltr'><strong>illaque</strong></span> <span class='ocrx_word' id='word_1_460' title='bbox 3438 2478 3682 2547; x_wconf 84' lang='lat' dir='ltr'><strong>lgnatius</strong></span> 
     </span>
    </p>
   </div>
   <div class='ocr_carea' id='block_1_69' title="bbox 2102 2567 3680 2639">
    <p class='ocr_par' dir='ltr' id='par_1_69' title="bbox 2102 2567 3680 2639">
     <span class='ocr_line' id='line_1_69' title="bbox 2102 2567 3680 2639; baseline -0.001 -18"><span class='ocrx_word' id='word_1_461' title='bbox 2102 2580 2197 2621; x_wconf 89' lang='lat' dir='ltr'><strong>eos</strong></span> <span class='ocrx_word' id='word_1_462' title='bbox 2221 2568 2286 2621; x_wconf 91' lang='lat' dir='ltr'><strong>de</strong></span> <span class='ocrx_word' id='word_1_463' title='bbox 2302 2567 2568 2638; x_wconf 88' lang='lat' dir='ltr'><strong>martyrio</strong></span> <span class='ocrx_word' id='word_1_464' title='bbox 2591 2582 2714 2635; x_wconf 91' lang='lat' dir='ltr'><strong>suo,</strong></span> <span class='ocrx_word' id='word_1_465' title='bbox 2732 2568 2785 2621; x_wconf 92' lang='lat' dir='ltr'><strong>in</strong></span> <span class='ocrx_word' id='word_1_466' title='bbox 2816 2584 3008 2622; x_wconf 91' lang='lat' dir='ltr'><strong>eorum</strong></span> <span class='ocrx_word' id='word_1_467' title='bbox 3030 2570 3162 2623; x_wconf 89' lang='lat' dir='ltr'><strong>urbe</strong></span> <span class='ocrx_word' id='word_1_468' title='bbox 3181 2569 3536 2639; x_wconf 86' lang='lat' dir='ltr'><strong>perﬁciendo,</strong></span> <span class='ocrx_word' id='word_1_469' title='bbox 3559 2585 3680 2623; x_wconf 86' lang='lat' dir='ltr'><strong>ecr-</strong></span> 
     </span>
    </p>
   </div>
   <div class='ocr_carea' id='block_1_70' title="bbox 2104 2658 3681 2731">
    <p class='ocr_par' dir='ltr' id='par_1_70' title="bbox 2104 2658 3681 2731">
     <span class='ocr_line' id='line_1_70' title="bbox 2104 2658 3681 2731; baseline 0.001 -17"><span class='ocrx_word' id='word_1_470' title='bbox 2104 2659 2271 2714; x_wconf 91' lang='lat' dir='ltr'><strong>tiores</strong></span> <span class='ocrx_word' id='word_1_471' title='bbox 2298 2658 2447 2714; x_wconf 89' lang='lat' dir='ltr'><strong>facit.</strong></span> <span class='ocrx_word' id='word_1_472' title='bbox 2478 2659 2600 2714; x_wconf 91' lang='lat' dir='ltr'><strong>lllos</strong></span> <span class='ocrx_word' id='word_1_473' title='bbox 2634 2676 2765 2714; x_wconf 88' lang='lat' dir='ltr'><strong>vero</strong></span> <span class='ocrx_word' id='word_1_474' title='bbox 2788 2661 3045 2716; x_wconf 91' lang='lat' dir='ltr'><strong>omnibus</strong></span> <span class='ocrx_word' id='word_1_475' title='bbox 3068 2676 3205 2731; x_wconf 88' lang='lat' dir='ltr'><strong>quas</strong></span> <span class='ocrx_word' id='word_1_476' title='bbox 3235 2662 3681 2716; x_wconf 85' lang='lat' dir='ltr'><strong>ardentissiumm</strong></span> 
     </span>
    </p>
   </div>
   <div class='ocr_carea' id='block_1_71' title="bbox 2105 2748 3680 2821">
    <p class='ocr_par' dir='ltr' id='par_1_71' title="bbox 2105 2748 3680 2821">
     <span class='ocr_line' id='line_1_71' title="bbox 2105 2748 3680 2821; baseline 0.003 -21"><span class='ocrx_word' id='word_1_477' title='bbox 2105 2761 2170 2801; x_wconf 91' lang='lat' dir='ltr'><strong>ac</strong></span> <span class='ocrx_word' id='word_1_478' title='bbox 2224 2761 2361 2816; x_wconf 91' lang='lat' dir='ltr'><strong>pene</strong></span> <span class='ocrx_word' id='word_1_479' title='bbox 2411 2748 2731 2803; x_wconf 90' lang='lat' dir='ltr'><strong>incredibile</strong></span> <span class='ocrx_word' id='word_1_480' title='bbox 2796 2750 3064 2805; x_wconf 90' lang='lat' dir='ltr'><strong>subeundi</strong></span> <span class='ocrx_word' id='word_1_481' title='bbox 3132 2751 3378 2821; x_wconf 87' lang='lat' dir='ltr'><strong>martyrii</strong></span> <span class='ocrx_word' id='word_1_482' title='bbox 3442 2752 3680 2806; x_wconf 88' lang='lat' dir='ltr'><strong>studium</strong></span> 
     </span>
    </p>
   </div>
   <div class='ocr_carea' id='block_1_72' title="bbox 2103 2843 3682 2913">
    <p class='ocr_par' dir='ltr' id='par_1_72' title="bbox 2103 2843 3682 2913">
     <span class='ocr_line' id='line_1_72' title="bbox 2103 2843 3682 2913; baseline 0.001 -19"><span class='ocrx_word' id='word_1_483' title='bbox 2103 2854 2395 2909; x_wconf 88' lang='lat' dir='ltr'><strong>suggerere</strong></span> <span class='ocrx_word' id='word_1_484' title='bbox 2421 2850 2655 2910; x_wconf 88' lang='lat' dir='ltr'><strong>poterat,</strong></span> <span class='ocrx_word' id='word_1_485' title='bbox 2717 2843 3023 2897; x_wconf 87' lang='lat' dir='ltr'><strong>rationibus</strong></span> <span class='ocrx_word' id='word_1_486' title='bbox 3056 2844 3271 2913; x_wconf 89' lang='lat' dir='ltr'><strong>pulsat;</strong></span> <span class='ocrx_word' id='word_1_487' title='bbox 3337 2859 3403 2898; x_wconf 89' lang='lat' dir='ltr'><strong>ne</strong></span> <span class='ocrx_word' id='word_1_488' title='bbox 3455 2854 3682 2899; x_wconf 85' lang='lat' dir='ltr'><strong>mortem</strong></span> 
     </span>
    </p>
   </div>
   <div class='ocr_carea' id='block_1_73' title="bbox 2103 2935 3680 3007">
    <p class='ocr_par' dir='ltr' id='par_1_73' title="bbox 2103 2935 3680 3007">
     <span class='ocr_line' id='line_1_73' title="bbox 2103 2935 3680 3007; baseline 0.004 -21"><span class='ocrx_word' id='word_1_489' title='bbox 2103 2948 2281 2998; x_wconf 90' lang='lat' dir='ltr'><strong>suam,</strong></span> <span class='ocrx_word' id='word_1_490' title='bbox 2331 2935 2478 3003; x_wconf 92' lang='lat' dir='ltr'><strong>quod</strong></span> <span class='ocrx_word' id='word_1_491' title='bbox 2537 2951 2706 2989; x_wconf 90' lang='lat' dir='ltr'><strong>unum</strong></span> <span class='ocrx_word' id='word_1_492' title='bbox 2754 2936 2999 3000; x_wconf 90' lang='lat' dir='ltr'><strong>timebat,</strong></span> <span class='ocrx_word' id='word_1_493' title='bbox 3038 2938 3326 3007; x_wconf 85' lang='lat' dir='ltr'><strong>prohibere</strong></span> <span class='ocrx_word' id='word_1_494' title='bbox 3389 2945 3680 2993; x_wconf 83' lang='lat' dir='ltr'><strong>tentarent.</strong></span> 
     </span>
    </p>
   </div>
   <div class='ocr_carea' id='block_1_74' title="bbox 2105 3025 3684 3101">
    <p class='ocr_par' dir='ltr' id='par_1_74' title="bbox 2105 3025 3684 3101">
     <span class='ocr_line' id='line_1_74' title="bbox 2105 3025 3684 3101; baseline 0.002 -20"><span class='ocrx_word' id='word_1_495' title='bbox 2105 3025 2401 3099; x_wconf 88' lang='lat' dir='ltr'><strong>Subjungit</strong></span> <span class='ocrx_word' id='word_1_496' title='bbox 2431 3030 2489 3083; x_wconf 88' lang='lat' dir='ltr'><strong>se</strong></span> <span class='ocrx_word' id='word_1_497' title='bbox 2516 3029 2916 3084; x_wconf 87' lang='lat' dir='ltr'><strong>crudelissimis</strong></span> <span class='ocrx_word' id='word_1_498' title='bbox 2953 3031 3272 3095; x_wconf 88' lang='lat' dir='ltr'><strong>satellitum,</strong></span> <span class='ocrx_word' id='word_1_499' title='bbox 3298 3048 3329 3085; x_wconf 90' lang='lat' dir='ltr'><strong>a</strong></span> <span class='ocrx_word' id='word_1_500' title='bbox 3358 3032 3559 3101; x_wconf 89' lang='lat' dir='ltr'><strong>quibus</strong></span> <span class='ocrx_word' id='word_1_501' title='bbox 3582 3032 3684 3085; x_wconf 86' lang='lat' dir='ltr'><strong>du-</strong></span> 
     </span>
    </p>
   </div>
   <div class='ocr_carea' id='block_1_75' title="bbox 2103 3123 3681 3196">
    <p class='ocr_par' dir='ltr' id='par_1_75' title="bbox 2103 3123 3681 3196">
     <span class='ocr_line' id='line_1_75' title="bbox 2103 3123 3681 3196; baseline 0.003 -21"><span class='ocrx_word' id='word_1_502' title='bbox 2103 3123 2351 3188; x_wconf 88' lang='lat' dir='ltr'><strong>cebatur,</strong></span> <span class='ocrx_word' id='word_1_503' title='bbox 2414 3125 2795 3180; x_wconf 87' lang='lat' dir='ltr'><strong>vexationibus</strong></span> <span class='ocrx_word' id='word_1_504' title='bbox 2842 3126 2908 3179; x_wconf 90' lang='lat' dir='ltr'><strong>ad</strong></span> <span class='ocrx_word' id='word_1_505' title='bbox 2967 3127 3368 3196; x_wconf 87' lang='lat' dir='ltr'><strong>assequendam</strong></span> <span class='ocrx_word' id='word_1_506' title='bbox 3435 3126 3681 3196; x_wconf 79' lang='lat' dir='ltr'><strong>martyrii</strong></span> 
     </span>
    </p>
   </div>
   <div class='ocr_carea' id='block_1_76' title="bbox 2104 3217 3684 3289">
    <p class='ocr_par' dir='ltr' id='par_1_76' title="bbox 2104 3217 3684 3289">
     <span class='ocr_line' id='line_1_76' title="bbox 2104 3217 3684 3289; baseline 0.002 -20"><span class='ocrx_word' id='word_1_507' title='bbox 2104 3217 2337 3284; x_wconf 91' lang='lat' dir='ltr'><strong>palmam</strong></span> <span class='ocrx_word' id='word_1_508' title='bbox 2361 3219 2677 3287; x_wconf 72' lang='lat' dir='ltr'><strong>praeparari.</strong></span> <span class='ocrx_word' id='word_1_509' title='bbox 2727 3227 2891 3289; x_wconf 90' lang='lat' dir='ltr'><strong>atque</strong></span> <span class='ocrx_word' id='word_1_510' title='bbox 2914 3219 3122 3273; x_wconf 91' lang='lat' dir='ltr'><strong>idcirco</strong></span> <span class='ocrx_word' id='word_1_511' title='bbox 3148 3218 3412 3273; x_wconf 83' lang='lat' dir='ltr'><strong>Romanis</strong></span> <span class='ocrx_word' id='word_1_512' title='bbox 3447 3235 3506 3275; x_wconf 91' lang='lat' dir='ltr'><strong>se</strong></span> <span class='ocrx_word' id='word_1_513' title='bbox 3558 3219 3684 3288; x_wconf 83' lang='lat' dir='ltr'><strong>qui-</strong></span> 
     </span>
    </p>
   </div>
   <div class='ocr_carea' id='block_1_77' title="bbox 2105 3308 3681 3379">
    <p class='ocr_par' dir='ltr' id='par_1_77' title="bbox 2105 3308 3681 3379">
     <span class='ocr_line' id='line_1_77' title="bbox 2105 3308 3681 3379; baseline 0.001 -18"><span class='ocrx_word' id='word_1_514' title='bbox 2105 3308 2225 3362; x_wconf 91' lang='lat' dir='ltr'><strong>dem</strong></span> <span class='ocrx_word' id='word_1_515' title='bbox 2257 3323 2365 3361; x_wconf 92' lang='lat' dir='ltr'><strong>non</strong></span> <span class='ocrx_word' id='word_1_516' title='bbox 2400 3310 2714 3379; x_wconf 60' lang='lat' dir='ltr'><strong>praecipere,</strong></span> <span class='ocrx_word' id='word_1_517' title='bbox 2747 3310 2852 3363; x_wconf 46' lang='lat' dir='ltr'><strong>sed;</strong></span> <span class='ocrx_word' id='word_1_518' title='bbox 2888 3325 2984 3365; x_wconf 89' lang='lat' dir='ltr'><strong>eos</strong></span> <span class='ocrx_word' id='word_1_519' title='bbox 3031 3310 3315 3375; x_wconf 87' lang='lat' dir='ltr'><strong>obtestari,</strong></span> <span class='ocrx_word' id='word_1_520' title='bbox 3358 3319 3419 3364; x_wconf 93' lang='lat' dir='ltr'><strong>ut</strong></span> <span class='ocrx_word' id='word_1_521' title='bbox 3481 3327 3511 3364; x_wconf 90' lang='lat' dir='ltr'><strong>a</strong></span> <span class='ocrx_word' id='word_1_522' title='bbox 3572 3312 3681 3365; x_wconf 90' lang='lat' dir='ltr'><strong>Deo</strong></span> 
     </span>
    </p>
   </div>
   <div class='ocr_carea' id='block_1_78' title="bbox 2104 3402 3681 3471">
    <p class='ocr_par' dir='ltr' id='par_1_78' title="bbox 2104 3402 3681 3471">
     <span class='ocr_line' id='line_1_78' title="bbox 2104 3402 3681 3471; baseline 0.002 -19"><span class='ocrx_word' id='word_1_523' title='bbox 2104 3402 2396 3465; x_wconf 88' lang='lat' dir='ltr'><strong>impetrent</strong></span> <span class='ocrx_word' id='word_1_524' title='bbox 2425 3415 2626 3470; x_wconf 91' lang='lat' dir='ltr'><strong>corpus</strong></span> <span class='ocrx_word' id='word_1_525' title='bbox 2657 3418 2842 3469; x_wconf 91' lang='lat' dir='ltr'><strong>suum,</strong></span> <span class='ocrx_word' id='word_1_526' title='bbox 2870 3412 3129 3471; x_wconf 87' lang='lat' dir='ltr'><strong>tanquam</strong></span> <span class='ocrx_word' id='word_1_527' title='bbox 3158 3402 3491 3456; x_wconf 85' lang='lat' dir='ltr'><strong>frumentum</strong></span> <span class='ocrx_word' id='word_1_528' title='bbox 3526 3403 3681 3457; x_wconf 86' lang='lat' dir='ltr'><strong>Chri-</strong></span> 
     </span>
    </p>
   </div>
   <div class='ocr_carea' id='block_1_79' title="bbox 2104 3493 3683 3559">
    <p class='ocr_par' dir='ltr' id='par_1_79' title="bbox 2104 3493 3683 3559">
     <span class='ocr_line' id='line_1_79' title="bbox 2104 3493 3683 3559; baseline 0.001 -10"><span class='ocrx_word' id='word_1_529' title='bbox 2104 3494 2195 3559; x_wconf 88' lang='lat' dir='ltr'><strong>sti,</strong></span> <span class='ocrx_word' id='word_1_530' title='bbox 2224 3493 2482 3550; x_wconf 89' lang='lat' dir='ltr'><strong>dentibus</strong></span> <span class='ocrx_word' id='word_1_531' title='bbox 2512 3496 2811 3551; x_wconf 91' lang='lat' dir='ltr'><strong>bcstiarum</strong></span> <span class='ocrx_word' id='word_1_532' title='bbox 2866 3496 2940 3549; x_wconf 88' lang='lat' dir='ltr'><strong>ita</strong></span> <span class='ocrx_word' id='word_1_533' title='bbox 2962 3496 3088 3549; x_wconf 88' lang='lat' dir='ltr'><strong>moli</strong></span> <span class='ocrx_word' id='word_1_534' title='bbox 3112 3535 3126 3559; x_wconf 91' lang='lat'><strong>,</strong></span> <span class='ocrx_word' id='word_1_535' title='bbox 3161 3505 3221 3549; x_wconf 95' lang='lat' dir='ltr'><strong>ut</strong></span> <span class='ocrx_word' id='word_1_536' title='bbox 3273 3496 3410 3549; x_wconf 89' lang='lat' dir='ltr'><strong>nihil</strong></span> <span class='ocrx_word' id='word_1_537' title='bbox 3454 3497 3683 3551; x_wconf 88' lang='lat' dir='ltr'><strong>omnino</strong></span> 
     </span>
    </p>
   </div>
   <div class='ocr_carea' id='block_1_80' title="bbox 2104 3587 3681 3657">
    <p class='ocr_par' dir='ltr' id='par_1_80' title="bbox 2104 3587 3681 3657">
     <span class='ocr_line' id='line_1_80' title="bbox 2104 3587 3681 3657; baseline 0.002 -17"><span class='ocrx_word' id='word_1_538' title='bbox 2104 3587 2175 3640; x_wconf 90' lang='lat' dir='ltr'><strong>sit</strong></span> <span class='ocrx_word' id='word_1_539' title='bbox 2196 3587 2499 3655; x_wconf 86' lang='lat' dir='ltr'><strong>reliquum;</strong></span> <span class='ocrx_word' id='word_1_540' title='bbox 2529 3588 2862 3657; x_wconf 90' lang='lat' dir='ltr'><strong>tandemque</strong></span> <span class='ocrx_word' id='word_1_541' title='bbox 2887 3597 3077 3657; x_wconf 91' lang='lat' dir='ltr'><strong>optare</strong></span> <span class='ocrx_word' id='word_1_542' title='bbox 3100 3605 3157 3643; x_wconf 90' lang='lat' dir='ltr'><strong>se</strong></span> <span class='ocrx_word' id='word_1_543' title='bbox 3184 3590 3252 3643; x_wconf 92' lang='lat' dir='ltr'><strong>ab</strong></span> <span class='ocrx_word' id='word_1_544' title='bbox 3271 3588 3461 3642; x_wconf 90' lang='lat' dir='ltr'><strong>iisdem</strong></span> <span class='ocrx_word' id='word_1_545' title='bbox 3491 3589 3681 3643; x_wconf 89' lang='lat' dir='ltr'><strong>bestiis</strong></span> 
     </span>
    </p>
   </div>
   <div class='ocr_carea' id='block_1_81' title="bbox 2102 3678 3682 3749">
    <p class='ocr_par' dir='ltr' id='par_1_81' title="bbox 2102 3678 3682 3749">
     <span class='ocr_line' id='line_1_81' title="bbox 2102 3678 3682 3749; baseline 0.001 -16"><span class='ocrx_word' id='word_1_546' title='bbox 2102 3678 2508 3749; x_wconf 86' lang='lat' dir='ltr'><strong>quamprimum</strong></span> <span class='ocrx_word' id='word_1_547' title='bbox 2540 3678 2820 3745; x_wconf 86' lang='lat' dir='ltr'><strong>devorari;</strong></span> <span class='ocrx_word' id='word_1_548' title='bbox 2859 3690 3025 3748; x_wconf 90' lang='lat' dir='ltr'><strong>atque</strong></span> <span class='ocrx_word' id='word_1_549' title='bbox 3048 3679 3093 3733; x_wconf 90' lang='lat' dir='ltr'><strong>si</strong></span> <span class='ocrx_word' id='word_1_550' title='bbox 3129 3680 3212 3733; x_wconf 85' lang='lat' dir='ltr'><strong>vel</strong></span> <span class='ocrx_word' id='word_1_551' title='bbox 3239 3679 3526 3733; x_wconf 90' lang='lat' dir='ltr'><strong>minimum</strong></span> <span class='ocrx_word' id='word_1_552' title='bbox 3563 3696 3682 3735; x_wconf 86' lang='lat' dir='ltr'><strong>mo—</strong></span> 
     </span>
    </p>
   </div>
   <div class='ocr_carea' id='block_1_82' title="bbox 2100 3768 3677 3840">
    <p class='ocr_par' dir='ltr' id='par_1_82' title="bbox 2100 3768 3677 3840">
     <span class='ocr_line' id='line_1_82' title="bbox 2100 3768 3677 3840; baseline 0.002 -17"><span class='ocrx_word' id='word_1_553' title='bbox 2100 3778 2313 3836; x_wconf 87' lang='lat' dir='ltr'><strong>rentur,</strong></span> <span class='ocrx_word' id='word_1_554' title='bbox 2342 3770 2484 3838; x_wconf 90' lang='lat' dir='ltr'><strong>illas,</strong></span> <span class='ocrx_word' id='word_1_555' title='bbox 2515 3779 2574 3824; x_wconf 94' lang='lat' dir='ltr'><strong>ut</strong></span> <span class='ocrx_word' id='word_1_556' title='bbox 2601 3768 2840 3834; x_wconf 89' lang='lat' dir='ltr'><strong>Christo,</strong></span> <span class='ocrx_word' id='word_1_557' title='bbox 2868 3786 2978 3840; x_wconf 89' lang='lat' dir='ltr'><strong>quo</strong></span> <span class='ocrx_word' id='word_1_558' title='bbox 3003 3771 3139 3824; x_wconf 91' lang='lat' dir='ltr'><strong>nihil</strong></span> <span class='ocrx_word' id='word_1_559' title='bbox 3169 3772 3271 3824; x_wconf 92' lang='lat' dir='ltr'><strong>sibi</strong></span> <span class='ocrx_word' id='word_1_560' title='bbox 3303 3771 3677 3838; x_wconf 86' lang='lat' dir='ltr'><strong>chariuserat,</strong></span> 
     </span>
    </p>
   </div>
   <div class='ocr_carea' id='block_1_83' title="bbox 2101 3862 3680 3933">
    <p class='ocr_par' dir='ltr' id='par_1_83' title="bbox 2101 3862 3680 3933">
     <span class='ocr_line' id='line_1_83' title="bbox 2101 3862 3680 3933; baseline 0.001 -16"><span class='ocrx_word' id='word_1_561' title='bbox 2101 3863 2264 3918; x_wconf 91' lang='lat' dir='ltr'><strong>citius</strong></span> <span class='ocrx_word' id='word_1_562' title='bbox 2296 3862 2589 3928; x_wconf 87' lang='lat' dir='ltr'><strong>frueretur,</strong></span> <span class='ocrx_word' id='word_1_563' title='bbox 2617 3863 2908 3932; x_wconf 88' lang='lat' dir='ltr'><strong>derepente</strong></span> <span class='ocrx_word' id='word_1_564' title='bbox 2934 3879 3347 3933; x_wconf 84' lang='lat' dir='ltr'><strong>aggressurum.</strong></span> <span class='ocrx_word' id='word_1_565' title='bbox 3381 3863 3464 3918; x_wconf 89' lang='lat' dir='ltr'><strong>Ob</strong></span> <span class='ocrx_word' id='word_1_566' title='bbox 3486 3866 3680 3919; x_wconf 91' lang='lat' dir='ltr'><strong>oculos</strong></span> 
     </span>
    </p>
   </div>
   <div class='ocr_carea' id='block_1_84' title="bbox 2100 3954 3678 4025">
    <p class='ocr_par' dir='ltr' id='par_1_84' title="bbox 2100 3954 3678 4025">
     <span class='ocr_line' id='line_1_84' title="bbox 2100 3954 3678 4025; baseline -0.001 -16"><span class='ocrx_word' id='word_1_567' title='bbox 2100 3954 2294 4009; x_wconf 91' lang='lat' dir='ltr'><strong>deinde</strong></span> <span class='ocrx_word' id='word_1_568' title='bbox 2347 3955 2427 4009; x_wconf 83' lang='lat' dir='ltr'><strong>eis</strong></span> <span class='ocrx_word' id='word_1_569' title='bbox 2470 3956 2625 4024; x_wconf 91' lang='lat' dir='ltr'><strong>ponit</strong></span> <span class='ocrx_word' id='word_1_570' title='bbox 2668 3964 2875 4024; x_wconf 90' lang='lat' dir='ltr'><strong>quanto</strong></span> <span class='ocrx_word' id='word_1_571' title='bbox 2935 3963 3133 4009; x_wconf 91' lang='lat' dir='ltr'><strong>conatu</strong></span> <span class='ocrx_word' id='word_1_572' title='bbox 3192 3956 3444 4025; x_wconf 87' lang='lat' dir='ltr'><strong>princeps</strong></span> <span class='ocrx_word' id='word_1_573' title='bbox 3494 3957 3678 4010; x_wconf 66' lang='lat' dir='ltr'><strong>saeculi</strong></span> 
     </span>
    </p>
   </div>
   <div class='ocr_carea' id='block_1_85' title="bbox 2100 4045 3676 4117">
    <p class='ocr_par' dir='ltr' id='par_1_85' title="bbox 2100 4045 3676 4117">
     <span class='ocr_line' id='line_1_85' title="bbox 2100 4045 3676 4117; baseline 0.001 -19"><span class='ocrx_word' id='word_1_574' title='bbox 2100 4045 2364 4117; x_wconf 87' lang='lat' dir='ltr'><strong>martyrio</strong></span> <span class='ocrx_word' id='word_1_575' title='bbox 2387 4062 2488 4100; x_wconf 92' lang='lat' dir='ltr'><strong>suo</strong></span> <span class='ocrx_word' id='word_1_576' title='bbox 2519 4046 2787 4101; x_wconf 90' lang='lat' dir='ltr'><strong>obsistere</strong></span> <span class='ocrx_word' id='word_1_577' title='bbox 2813 4046 3095 4100; x_wconf 89' lang='lat' dir='ltr'><strong>niteretur.</strong></span> <span class='ocrx_word' id='word_1_578' title='bbox 3128 4045 3267 4101; x_wconf 82' lang='lat' dir='ltr'><strong>Hinc</strong></span> <span class='ocrx_word' id='word_1_579' title='bbox 3300 4047 3428 4109; x_wconf 91' lang='lat' dir='ltr'><strong>illis,</strong></span> <span class='ocrx_word' id='word_1_580' title='bbox 3458 4063 3525 4100; x_wconf 91' lang='lat' dir='ltr'><strong>ne</strong></span> <span class='ocrx_word' id='word_1_581' title='bbox 3551 4064 3676 4101; x_wconf 92' lang='lat' dir='ltr'><strong>cum</strong></span> 
     </span>
    </p>
   </div>
   <div class='ocr_carea' id='block_1_86' title="bbox 2099 4136 3683 4205">
    <p class='ocr_par' dir='ltr' id='par_1_86' title="bbox 2099 4136 3683 4205">
     <span class='ocr_line' id='line_1_86' title="bbox 2099 4136 3683 4205; baseline 0.002 -15"><span class='ocrx_word' id='word_1_582' title='bbox 2099 4136 2379 4191; x_wconf 90' lang='lat' dir='ltr'><strong>dirissimo</strong></span> <span class='ocrx_word' id='word_1_583' title='bbox 2404 4136 2718 4190; x_wconf 88' lang='lat' dir='ltr'><strong>mortalium</strong></span> <span class='ocrx_word' id='word_1_584' title='bbox 2753 4137 2909 4191; x_wconf 87' lang='lat' dir='ltr'><strong>hoste</strong></span> <span class='ocrx_word' id='word_1_585' title='bbox 2934 4138 3275 4205; x_wconf 89' lang='lat' dir='ltr'><strong>conspirent,</strong></span> <span class='ocrx_word' id='word_1_586' title='bbox 3319 4138 3416 4191; x_wconf 90' lang='lat' dir='ltr'><strong>sed</strong></span> <span class='ocrx_word' id='word_1_587' title='bbox 3462 4138 3589 4203; x_wconf 89' lang='lat' dir='ltr'><strong>sibi,</strong></span> <span class='ocrx_word' id='word_1_588' title='bbox 3622 4146 3683 4193; x_wconf 90' lang='lat' dir='ltr'><strong>ut</strong></span> 
     </span>
    </p>
   </div>
   <div class='ocr_carea' id='block_1_87' title="bbox 2099 4229 3676 4299">
    <p class='ocr_par' dir='ltr' id='par_1_87' title="bbox 2099 4229 3676 4299">
     <span class='ocr_line' id='line_1_87' title="bbox 2099 4229 3676 4299; baseline 0 -16"><span class='ocrx_word' id='word_1_589' title='bbox 2099 4231 2256 4284; x_wconf 92' lang='lat' dir='ltr'><strong>ocius</strong></span> <span class='ocrx_word' id='word_1_590' title='bbox 2310 4238 2541 4283; x_wconf 89' lang='lat' dir='ltr'><strong>mortem</strong></span> <span class='ocrx_word' id='word_1_591' title='bbox 2569 4238 2807 4299; x_wconf 91' lang='lat' dir='ltr'><strong>optatam</strong></span> <span class='ocrx_word' id='word_1_592' title='bbox 2840 4229 3039 4293; x_wconf 89' lang='lat' dir='ltr'><strong>obiret,</strong></span> <span class='ocrx_word' id='word_1_593' title='bbox 3070 4245 3226 4298; x_wconf 89' lang='lat' dir='ltr'><strong>opem</strong></span> <span class='ocrx_word' id='word_1_594' title='bbox 3273 4230 3454 4298; x_wconf 89' lang='lat' dir='ltr'><strong>potius</strong></span> <span class='ocrx_word' id='word_1_595' title='bbox 3477 4229 3676 4295; x_wconf 85' lang='lat' dir='ltr'><strong>ferant,</strong></span> 
     </span>
    </p>
   </div>
   <div class='ocr_carea' id='block_1_88' title="bbox 2099 4320 3678 4391">
    <p class='ocr_par' dir='ltr' id='par_1_88' title="bbox 2099 4320 3678 4391">
     <span class='ocr_line' id='line_1_88' title="bbox 2099 4320 3678 4391; baseline 0.002 -15"><span class='ocrx_word' id='word_1_596' title='bbox 2099 4333 2290 4377; x_wconf 88' lang='lat' dir='ltr'><strong>auctor</strong></span> <span class='ocrx_word' id='word_1_597' title='bbox 2320 4331 2403 4376; x_wconf 92' lang='lat' dir='ltr'><strong>est</strong></span> <span class='ocrx_word' id='word_1_598' title='bbox 2449 4330 2503 4377; x_wconf 91' lang='lat' dir='ltr'><strong>et</strong></span> <span class='ocrx_word' id='word_1_599' title='bbox 2526 4336 2742 4377; x_wconf 82' lang='lat' dir='ltr'><strong>suasor.</strong></span> <span class='ocrx_word' id='word_1_600' title='bbox 2795 4320 2961 4375; x_wconf 87' lang='lat' dir='ltr'><strong>Suam</strong></span> <span class='ocrx_word' id='word_1_601' title='bbox 3014 4331 3202 4391; x_wconf 87' lang='lat' dir='ltr'><strong>postea</strong></span> <span class='ocrx_word' id='word_1_602' title='bbox 3258 4322 3593 4390; x_wconf 87' lang='lat' dir='ltr'><strong>Ecclesiam,</strong></span> <span class='ocrx_word' id='word_1_603' title='bbox 3624 4326 3678 4379; x_wconf 92' lang='lat' dir='ltr'><strong>in</strong></span> 
     </span>
    </p>
   </div>
   <div class='ocr_carea' id='block_1_89' title="bbox 2098 4411 3677 4483">
    <p class='ocr_par' dir='ltr' id='par_1_89' title="bbox 2098 4411 3677 4483">
     <span class='ocr_line' id='line_1_89' title="bbox 2098 4411 3677 4483; baseline 0.001 -17"><span class='ocrx_word' id='word_1_604' title='bbox 2098 4430 2204 4483; x_wconf 90' lang='lat' dir='ltr'><strong>qua</strong></span> <span class='ocrx_word' id='word_1_605' title='bbox 2255 4429 2324 4467; x_wconf 90' lang='lat' dir='ltr'><strong>ne</strong></span> <span class='ocrx_word' id='word_1_606' title='bbox 2374 4412 2567 4467; x_wconf 92' lang='lat' dir='ltr'><strong>ultimo</strong></span> <span class='ocrx_word' id='word_1_607' title='bbox 2626 4411 2844 4481; x_wconf 89' lang='lat' dir='ltr'><strong>quidem</strong></span> <span class='ocrx_word' id='word_1_608' title='bbox 2924 4412 3018 4480; x_wconf 90' lang='lat' dir='ltr'><strong>qui</strong></span> <span class='ocrx_word' id='word_1_609' title='bbox 3073 4413 3443 4467; x_wconf 88' lang='lat' dir='ltr'><strong>ascriberetur</strong></span> <span class='ocrx_word' id='word_1_610' title='bbox 3510 4413 3629 4467; x_wconf 87' lang='lat' dir='ltr'><strong>loco</strong></span> <span class='ocrx_word' id='word_1_611' title='bbox 3661 4454 3677 4479; x_wconf 97' lang='lat'><strong>,</strong></span> 
     </span>
    </p>
   </div>
   <div class='ocr_carea' id='block_1_90' title="bbox 2098 4505 3680 4577">
    <p class='ocr_par' dir='ltr' id='par_1_90' title="bbox 2098 4505 3680 4577">
     <span class='ocr_line' id='line_1_90' title="bbox 2098 4505 3680 4577; baseline -0.001 -17"><span class='ocrx_word' id='word_1_612' title='bbox 2098 4506 2295 4577; x_wconf 80' lang='lat' dir='ltr'><strong>dignus</strong></span> <span class='ocrx_word' id='word_1_613' title='bbox 2323 4515 2461 4569; x_wconf 89' lang='lat' dir='ltr'><strong>erat,</strong></span> <span class='ocrx_word' id='word_1_614' title='bbox 2490 4505 2786 4575; x_wconf 90' lang='lat' dir='ltr'><strong>plurimum</strong></span> <span class='ocrx_word' id='word_1_615' title='bbox 2815 4505 2924 4560; x_wconf 80' lang='lat' dir='ltr'><strong>illis</strong></span> <span class='ocrx_word' id='word_1_616' title='bbox 2963 4507 3345 4573; x_wconf 90' lang='lat' dir='ltr'><strong>commendat;</strong></span> <span class='ocrx_word' id='word_1_617' title='bbox 3389 4506 3599 4575; x_wconf 88' lang='lat' dir='ltr'><strong>eisque,</strong></span> <span class='ocrx_word' id='word_1_618' title='bbox 3626 4517 3680 4560; x_wconf 89' lang='lat' dir='ltr'><strong>et</strong></span> 
     </span>
    </p>
   </div>
   <div class='ocr_carea' id='block_1_91' title="bbox 412 4596 3677 4669">
    <p class='ocr_par' dir='ltr' id='par_1_91' title="bbox 412 4596 3677 4669">
     <span class='ocr_line' id='line_1_91' title="bbox 412 4596 3677 4669; baseline 0.001 -21"><span class='ocrx_word' id='word_1_619' title='bbox 412 4605 466 4649; x_wconf 88' lang='lat' dir='ltr'><strong>et</strong></span> <span class='ocrx_word' id='word_1_620' title='bbox 516 4596 889 4666; x_wconf 90' lang='lat' dir='ltr'><strong>apostolorum</strong></span> <span class='ocrx_word' id='word_1_621' title='bbox 938 4597 1185 4651; x_wconf 90' lang='lat' dir='ltr'><strong>doctrina</strong></span> <span class='ocrx_word' id='word_1_622' title='bbox 1258 4597 1573 4654; x_wconf 90' lang='lat' dir='ltr'><strong>ﬁrmissime</strong></span> <span class='ocrx_word' id='word_1_623' title='bbox 1617 4600 1989 4669; x_wconf 90' lang='lat' dir='ltr'><strong>stabiliantur,</strong></span> <span class='ocrx_word' id='word_1_624' title='bbox 2026 4602 2071 4659; x_wconf 94' lang='lat' dir='ltr'><strong>D</strong></span> <span class='ocrx_word' id='word_1_625' title='bbox 2098 4601 2235 4666; x_wconf 92' lang='lat' dir='ltr'><strong>suis,</strong></span> <span class='ocrx_word' id='word_1_626' title='bbox 2265 4608 2319 4653; x_wconf 91' lang='lat' dir='ltr'><strong>et</strong></span> <span class='ocrx_word' id='word_1_627' title='bbox 2349 4598 2620 4661; x_wconf 91' lang='lat' dir='ltr'><strong>omnium,</strong></span> <span class='ocrx_word' id='word_1_628' title='bbox 2658 4614 2779 4668; x_wconf 82' lang='lat' dir='ltr'><strong>quae</strong></span> <span class='ocrx_word' id='word_1_629' title='bbox 2810 4599 2893 4652; x_wconf 90' lang='lat' dir='ltr'><strong>vel</strong></span> <span class='ocrx_word' id='word_1_630' title='bbox 2921 4614 3044 4653; x_wconf 91' lang='lat' dir='ltr'><strong>eum</strong></span> <span class='ocrx_word' id='word_1_631' title='bbox 3077 4609 3428 4668; x_wconf 87' lang='lat' dir='ltr'><strong>exceperant,</strong></span> <span class='ocrx_word' id='word_1_632' title='bbox 3479 4600 3565 4652; x_wconf 88' lang='lat' dir='ltr'><strong>vel</strong></span> <span class='ocrx_word' id='word_1_633' title='bbox 3609 4600 3677 4652; x_wconf 90' lang='lat' dir='ltr'><strong>ad</strong></span> 
     </span>
    </p>
   </div>
   <div class='ocr_carea' id='block_1_92' title="bbox 412 4686 1996 4761">
    <p class='ocr_par' dir='ltr' id='par_1_92' title="bbox 412 4686 1996 4761">
     <span class='ocr_line' id='line_1_92' title="bbox 412 4686 1996 4761; baseline 0.006 -22"><span class='ocrx_word' id='word_1_634' title='bbox 412 4686 777 4757; x_wconf 82' lang='lat' dir='ltr'><strong>cpiscopoque</strong></span> <span class='ocrx_word' id='word_1_635' title='bbox 825 4703 927 4743; x_wconf 93' lang='lat' dir='ltr'><strong>suo</strong></span> <span class='ocrx_word' id='word_1_636' title='bbox 957 4704 1164 4743; x_wconf 91' lang='lat' dir='ltr'><strong>morem</strong></span> <span class='ocrx_word' id='word_1_637' title='bbox 1221 4705 1435 4760; x_wconf 89' lang='lat' dir='ltr'><strong>semper</strong></span> <span class='ocrx_word' id='word_1_638' title='bbox 1475 4702 1689 4761; x_wconf 89' lang='lat' dir='ltr'><strong>gerant,</strong></span> <span class='ocrx_word' id='word_1_639' title='bbox 1744 4693 1996 4749; x_wconf 88' lang='lat' dir='ltr'><strong>obsecrat</strong></span> 
     </span>
    </p>
   </div>
   <div class='ocr_carea' id='block_1_93' title="bbox 413 4779 1995 4851">
    <p class='ocr_par' dir='ltr' id='par_1_93' title="bbox 413 4779 1995 4851">
     <span class='ocr_line' id='line_1_93' title="bbox 413 4779 1995 4851; baseline 0.008 -22"><span class='ocrx_word' id='word_1_640' title='bbox 413 4779 849 4849; x_wconf 89' lang='lat' dir='ltr'><strong>obtestaturque.</strong></span> <span class='ocrx_word' id='word_1_641' title='bbox 882 4780 1128 4850; x_wconf 90' lang='lat' dir='ltr'><strong>Denique</strong></span> <span class='ocrx_word' id='word_1_642' title='bbox 1162 4781 1246 4835; x_wconf 90' lang='lat' dir='ltr'><strong>sui</strong></span> <span class='ocrx_word' id='word_1_643' title='bbox 1278 4782 1473 4851; x_wconf 84' lang='lat' dir='ltr'><strong>ipsius,</strong></span> <span class='ocrx_word' id='word_1_644' title='bbox 1507 4792 1562 4837; x_wconf 90' lang='lat' dir='ltr'><strong>et</strong></span> <span class='ocrx_word' id='word_1_645' title='bbox 1599 4783 1855 4839; x_wconf 64' lang='lat' dir='ltr'><strong>Ecclesiae</strong></span> <span class='ocrx_word' id='word_1_646' title='bbox 1881 4801 1995 4841; x_wconf 74' lang='lat' dir='ltr'><strong>sua:</strong></span> 
     </span>
    </p>
   </div>
   <div class='ocr_carea' id='block_1_94' title="bbox 413 4871 1992 4945">
    <p class='ocr_par' dir='ltr' id='par_1_94' title="bbox 413 4871 1992 4945">
     <span class='ocr_line' id='line_1_94' title="bbox 413 4871 1992 4945; baseline 0.008 -24"><span class='ocrx_word' id='word_1_647' title='bbox 413 4871 765 4927; x_wconf 68' lang='lat' dir='ltr'><strong>Antiochenze</strong></span> <span class='ocrx_word' id='word_1_648' title='bbox 811 4871 961 4927; x_wconf 92' lang='lat' dir='ltr'><strong>brevi</strong></span> <span class='ocrx_word' id='word_1_649' title='bbox 1018 4873 1494 4929; x_wconf 86' lang='lat' dir='ltr'><strong>commendatione</strong></span> <span class='ocrx_word' id='word_1_650' title='bbox 1544 4875 1745 4931; x_wconf 90' lang='lat' dir='ltr'><strong>claudit</strong></span> <span class='ocrx_word' id='word_1_651' title='bbox 1786 4878 1992 4945; x_wconf 90' lang='lat' dir='ltr'><strong>episto-</strong></span> 
     </span>
    </p>
   </div>
   <div class='ocr_carea' id='block_1_95' title="bbox 412 4960 541 5015">
    <p class='ocr_par' dir='ltr' id='par_1_95' title="bbox 412 4960 541 5015">
     <span class='ocr_line' id='line_1_95' title="bbox 412 4960 541 5015; baseline 0.016 -2"><span class='ocrx_word' id='word_1_652' title='bbox 412 4960 541 5015; x_wconf 87' lang='lat' dir='ltr'><strong>lam.</strong></span> 
     </span>
    </p>
   </div>
   <div class='ocr_carea' id='block_1_96' title="bbox 479 5048 1989 5123">
    <p class='ocr_par' dir='ltr' id='par_1_96' title="bbox 479 5048 1989 5123">
     <span class='ocr_line' id='line_1_96' title="bbox 479 5048 1989 5123; baseline 0.007 -21"><span class='ocrx_word' id='word_1_653' title='bbox 479 5048 663 5105; x_wconf 86' lang='lat' dir='ltr'><strong>Tertia</strong></span> <span class='ocrx_word' id='word_1_654' title='bbox 718 5052 786 5106; x_wconf 92' lang='lat' dir='ltr'><strong>ad</strong></span> <span class='ocrx_word' id='word_1_655' title='bbox 818 5051 1120 5108; x_wconf 85' lang='lat' dir='ltr'><strong>Ecclesiam</strong></span> <span class='ocrx_word' id='word_1_656' title='bbox 1148 5053 1482 5109; x_wconf 89' lang='lat' dir='ltr'><strong>Trallcnsem</strong></span> <span class='ocrx_word' id='word_1_657' title='bbox 1517 5056 1586 5110; x_wconf 90' lang='lat' dir='ltr'><strong>ab</strong></span> <span class='ocrx_word' id='word_1_658' title='bbox 1612 5072 1678 5112; x_wconf 90' lang='lat' dir='ltr'><strong>eo</strong></span> <span class='ocrx_word' id='word_1_659' title='bbox 1708 5058 1835 5113; x_wconf 89' lang='lat' dir='ltr'><strong>data</strong></span> <span class='ocrx_word' id='word_1_660' title='bbox 1885 5068 1989 5123; x_wconf 89' lang='lat' dir='ltr'><strong>est,</strong></span> 
     </span>
    </p>
   </div>
   <div class='ocr_carea' id='block_1_97' title="bbox 410 5144 1991 5219">
    <p class='ocr_par' dir='ltr' id='par_1_97' title="bbox 410 5144 1991 5219">
     <span class='ocr_line' id='line_1_97' title="bbox 410 5144 1991 5219; baseline 0.004 -21"><span class='ocrx_word' id='word_1_661' title='bbox 410 5153 698 5213; x_wconf 87' lang='lat' dir='ltr'><strong>postquam</strong></span> <span class='ocrx_word' id='word_1_662' title='bbox 727 5160 825 5214; x_wconf 91' lang='lat' dir='ltr'><strong>per</strong></span> <span class='ocrx_word' id='word_1_663' title='bbox 850 5144 1137 5216; x_wconf 85' lang='lat' dir='ltr'><strong>Polybium</strong></span> <span class='ocrx_word' id='word_1_664' title='bbox 1174 5146 1421 5216; x_wconf 89' lang='lat' dir='ltr'><strong>ejusdem</strong></span> <span class='ocrx_word' id='word_1_665' title='bbox 1476 5147 1736 5204; x_wconf 62' lang='lat' dir='ltr'><strong>Ecclesia:</strong></span> <span class='ocrx_word' id='word_1_666' title='bbox 1779 5151 1991 5219; x_wconf 88' lang='lat' dir='ltr'><strong>episco-</strong></span> 
     </span>
    </p>
   </div>
   <div class='ocr_carea' id='block_1_98' title="bbox 411 5230 1990 5307">
    <p class='ocr_par' dir='ltr' id='par_1_98' title="bbox 411 5230 1990 5307">
     <span class='ocr_line' id='line_1_98' title="bbox 411 5230 1990 5307; baseline 0.007 -24"><span class='ocrx_word' id='word_1_667' title='bbox 411 5246 561 5299; x_wconf 90' lang='lat' dir='ltr'><strong>pum,</strong></span> <span class='ocrx_word' id='word_1_668' title='bbox 591 5230 659 5285; x_wconf 90' lang='lat' dir='ltr'><strong>ad</strong></span> <span class='ocrx_word' id='word_1_669' title='bbox 694 5248 753 5287; x_wconf 90' lang='lat' dir='ltr'><strong>se</strong></span> <span class='ocrx_word' id='word_1_670' title='bbox 780 5233 849 5286; x_wconf 91' lang='lat' dir='ltr'><strong>ab</strong></span> <span class='ocrx_word' id='word_1_671' title='bbox 898 5248 961 5287; x_wconf 88' lang='lat' dir='ltr'><strong>ea</strong></span> <span class='ocrx_word' id='word_1_672' title='bbox 1018 5235 1269 5299; x_wconf 90' lang='lat' dir='ltr'><strong>missum,</strong></span> <span class='ocrx_word' id='word_1_673' title='bbox 1317 5247 1469 5291; x_wconf 89' lang='lat' dir='ltr'><strong>certo</strong></span> <span class='ocrx_word' id='word_1_674' title='bbox 1496 5239 1796 5307; x_wconf 89' lang='lat' dir='ltr'><strong>accepisset</strong></span> <span class='ocrx_word' id='word_1_675' title='bbox 1831 5239 1990 5294; x_wconf 91' lang='lat' dir='ltr'><strong>Tral-</strong></span> 
     </span>
    </p>
   </div>
   <div class='ocr_carea' id='block_1_99' title="bbox 409 5322 1993 5396">
    <p class='ocr_par' dir='ltr' id='par_1_99' title="bbox 409 5322 1993 5396">
     <span class='ocr_line' id='line_1_99' title="bbox 409 5322 1993 5396; baseline 0.007 -19"><span class='ocrx_word' id='word_1_676' title='bbox 409 5323 588 5378; x_wconf 75' lang='lat' dir='ltr'><strong>lcnses</strong></span> <span class='ocrx_word' id='word_1_677' title='bbox 618 5322 962 5379; x_wconf 87' lang='lat' dir='ltr'><strong>Christianos</strong></span> <span class='ocrx_word' id='word_1_678' title='bbox 1005 5326 1338 5396; x_wconf 88' lang='lat' dir='ltr'><strong>inculpatam</strong></span> <span class='ocrx_word' id='word_1_679' title='bbox 1392 5338 1630 5383; x_wconf 88' lang='lat' dir='ltr'><strong>mentem</strong></span> <span class='ocrx_word' id='word_1_680' title='bbox 1686 5331 1906 5395; x_wconf 91' lang='lat' dir='ltr'><strong>habere,</strong></span> <span class='ocrx_word' id='word_1_681' title='bbox 1939 5344 1993 5389; x_wconf 89' lang='lat' dir='ltr'><strong>et</strong></span> 
     </span>
    </p>
   </div>
   <div class='ocr_carea' id='block_1_100' title="bbox 411 5416 1990 5489">
    <p class='ocr_par' dir='ltr' id='par_1_100' title="bbox 411 5416 1990 5489">
     <span class='ocr_line' id='line_1_100' title="bbox 411 5416 1990 5489; baseline 0.006 -21"><span class='ocrx_word' id='word_1_682' title='bbox 411 5416 840 5485; x_wconf 89' lang='lat' dir='ltr'><strong>insuperabilem</strong></span> <span class='ocrx_word' id='word_1_683' title='bbox 894 5419 948 5471; x_wconf 93' lang='lat' dir='ltr'><strong>in</strong></span> <span class='ocrx_word' id='word_1_684' title='bbox 979 5419 1263 5487; x_wconf 89' lang='lat' dir='ltr'><strong>patientia,</strong></span> <span class='ocrx_word' id='word_1_685' title='bbox 1306 5435 1513 5489; x_wconf 90' lang='lat' dir='ltr'><strong>eosque</strong></span> <span class='ocrx_word' id='word_1_686' title='bbox 1568 5437 1695 5476; x_wconf 89' lang='lat' dir='ltr'><strong>vere</strong></span> <span class='ocrx_word' id='word_1_687' title='bbox 1743 5438 1866 5478; x_wconf 89' lang='lat' dir='ltr'><strong>esse</strong></span> <span class='ocrx_word' id='word_1_688' title='bbox 1895 5424 1990 5479; x_wconf 91' lang='lat' dir='ltr'><strong>Dei</strong></span> 
     </span>
    </p>
   </div>
   <div class='ocr_carea' id='block_1_101' title="bbox 408 5498 1986 5583">
    <p class='ocr_par' dir='ltr' id='par_1_101' title="bbox 408 5498 1986 5583">
     <span class='ocr_line' id='line_1_101' title="bbox 408 5498 1986 5583; baseline 0.004 -19"><span class='ocrx_word' id='word_1_689' title='bbox 408 5498 732 5564; x_wconf 81' lang='lat' dir='ltr'><strong>imitatores.</strong></span> <span class='ocrx_word' id='word_1_690' title='bbox 768 5508 863 5563; x_wconf 90' lang='lat' dir='ltr'><strong>lllc</strong></span> <span class='ocrx_word' id='word_1_691' title='bbox 903 5511 1049 5564; x_wconf 89' lang='lat' dir='ltr'><strong>enim</strong></span> <span class='ocrx_word' id='word_1_692' title='bbox 1096 5511 1182 5566; x_wconf 90' lang='lat' dir='ltr'><strong>his</strong></span> <span class='ocrx_word' id='word_1_693' title='bbox 1210 5513 1420 5566; x_wconf 90' lang='lat' dir='ltr'><strong>nuntiis</strong></span> <span class='ocrx_word' id='word_1_694' title='bbox 1460 5513 1660 5582; x_wconf 88' lang='lat' dir='ltr'><strong>gaudio</strong></span> <span class='ocrx_word' id='word_1_695' title='bbox 1710 5514 1986 5583; x_wconf 81' lang='lat' dir='ltr'><strong>perfusus,</strong></span> 
     </span>
    </p>
   </div>
   <div class='ocr_carea' id='block_1_102' title="bbox 409 5602 1991 5673">
    <p class='ocr_par' dir='ltr' id='par_1_102' title="bbox 409 5602 1991 5673">
     <span class='ocr_line' id='line_1_102' title="bbox 409 5602 1991 5673; baseline 0.004 -18"><span class='ocrx_word' id='word_1_696' title='bbox 409 5603 553 5656; x_wconf 87' lang='lat' dir='ltr'><strong>hanc</strong></span> <span class='ocrx_word' id='word_1_697' title='bbox 584 5603 807 5670; x_wconf 89' lang='lat' dir='ltr'><strong>scripsit</strong></span> <span class='ocrx_word' id='word_1_698' title='bbox 835 5602 1122 5671; x_wconf 83' lang='lat' dir='ltr'><strong>epistolam</strong></span> <span class='ocrx_word' id='word_1_699' title='bbox 1143 5644 1158 5667; x_wconf 89' lang='lat'><strong>,</strong></span> <span class='ocrx_word' id='word_1_700' title='bbox 1186 5619 1295 5673; x_wconf 91' lang='lat' dir='ltr'><strong>qua</strong></span> <span class='ocrx_word' id='word_1_701' title='bbox 1325 5604 1407 5658; x_wconf 91' lang='lat' dir='ltr'><strong>eis</strong></span> <span class='ocrx_word' id='word_1_702' title='bbox 1432 5605 1499 5658; x_wconf 83' lang='lat' dir='ltr'><strong>de</strong></span> <span class='ocrx_word' id='word_1_703' title='bbox 1533 5613 1611 5659; x_wconf 91' lang='lat' dir='ltr'><strong>tot</strong></span> <span class='ocrx_word' id='word_1_704' title='bbox 1640 5607 1856 5661; x_wconf 81' lang='lat' dir='ltr'><strong>eximiis</strong></span> <span class='ocrx_word' id='word_1_705' title='bbox 1880 5609 1991 5661; x_wconf 89' lang='lat' dir='ltr'><strong>vir-</strong></span> 
     </span>
    </p>
   </div>
   <div class='ocr_carea' id='block_1_103' title="bbox 406 5693 1985 5768">
    <p class='ocr_par' dir='ltr' id='par_1_103' title="bbox 406 5693 1985 5768">
     <span class='ocr_line' id='line_1_103' title="bbox 406 5693 1985 5768; baseline 0.005 -23"><span class='ocrx_word' id='word_1_706' title='bbox 406 5693 617 5748; x_wconf 90' lang='lat' dir='ltr'><strong>tutibus</strong></span> <span class='ocrx_word' id='word_1_707' title='bbox 648 5693 946 5762; x_wconf 89' lang='lat' dir='ltr'><strong>plurimum</strong></span> <span class='ocrx_word' id='word_1_708' title='bbox 980 5695 1305 5763; x_wconf 85' lang='lat' dir='ltr'><strong>gratulatus,</strong></span> <span class='ocrx_word' id='word_1_709' title='bbox 1334 5697 1553 5751; x_wconf 89' lang='lat' dir='ltr'><strong>eosdem</strong></span> <span class='ocrx_word' id='word_1_710' title='bbox 1582 5707 1640 5751; x_wconf 93' lang='lat' dir='ltr'><strong>ut</strong></span> <span class='ocrx_word' id='word_1_711' title='bbox 1668 5697 1985 5768; x_wconf 88' lang='lat' dir='ltr'><strong>episcopum</strong></span> 
     </span>
    </p>
   </div>
   <div class='ocr_carea' id='block_1_104' title="bbox 406 5786 1989 5855">
    <p class='ocr_par' dir='ltr' id='par_1_104' title="bbox 406 5786 1989 5855">
     <span class='ocr_line' id='line_1_104' title="bbox 406 5786 1989 5855; baseline 0.007 -21"><span class='ocrx_word' id='word_1_712' title='bbox 406 5786 714 5841; x_wconf 86' lang='lat' dir='ltr'><strong>obedientia</strong></span> <span class='ocrx_word' id='word_1_713' title='bbox 750 5828 763 5851; x_wconf 93' lang='lat'><strong>,</strong></span> <span class='ocrx_word' id='word_1_714' title='bbox 824 5786 1169 5855; x_wconf 86' lang='lat' dir='ltr'><strong>presbyteros</strong></span> <span class='ocrx_word' id='word_1_715' title='bbox 1224 5789 1571 5844; x_wconf 89' lang='lat' dir='ltr'><strong>veneratione</strong></span> <span class='ocrx_word' id='word_1_716' title='bbox 1595 5830 1608 5853; x_wconf 96' lang='lat'><strong>,</strong></span> <span class='ocrx_word' id='word_1_717' title='bbox 1640 5789 1989 5845; x_wconf 83' lang='lat' dir='ltr'><strong>observantia</strong></span> 
     </span>
    </p>
   </div>
   <div class='ocr_carea' id='block_1_105' title="bbox 404 5875 1989 5946">
    <p class='ocr_par' dir='ltr' id='par_1_105' title="bbox 404 5875 1989 5946">
     <span class='ocr_line' id='line_1_105' title="bbox 404 5875 1989 5946; baseline 0.006 -17"><span class='ocrx_word' id='word_1_718' title='bbox 404 5875 671 5933; x_wconf 82' lang='lat' dir='ltr'><strong>diaconos</strong></span> <span class='ocrx_word' id='word_1_719' title='bbox 725 5884 1153 5946; x_wconf 89' lang='lat' dir='ltr'><strong>prosequantur,</strong></span> <span class='ocrx_word' id='word_1_720' title='bbox 1207 5879 1381 5935; x_wconf 81' lang='lat' dir='ltr'><strong>amice</strong></span> <span class='ocrx_word' id='word_1_721' title='bbox 1432 5889 1634 5934; x_wconf 88' lang='lat' dir='ltr'><strong>mouet.</strong></span> <span class='ocrx_word' id='word_1_722' title='bbox 1687 5880 1881 5937; x_wconf 88' lang='lat' dir='ltr'><strong>Subdit</strong></span> <span class='ocrx_word' id='word_1_723' title='bbox 1932 5898 1989 5938; x_wconf 89' lang='lat' dir='ltr'><strong>sc</strong></span> 
     </span>
    </p>
   </div>
   <div class='ocr_carea' id='block_1_106' title="bbox 2098 4688 3674 4758">
    <p class='ocr_par' dir='ltr' id='par_1_106' title="bbox 2098 4688 3674 4758">
     <span class='ocr_line' id='line_1_106' title="bbox 2098 4688 3674 4758; baseline -0.001 -14"><span class='ocrx_word' id='word_1_724' title='bbox 2098 4705 2223 4744; x_wconf 91' lang='lat' dir='ltr'><strong>eum</strong></span> <span class='ocrx_word' id='word_1_725' title='bbox 2278 4689 2628 4744; x_wconf 90' lang='lat' dir='ltr'><strong>invisendum</strong></span> <span class='ocrx_word' id='word_1_726' title='bbox 2681 4690 2898 4758; x_wconf 84' lang='lat' dir='ltr'><strong>aliquos</strong></span> <span class='ocrx_word' id='word_1_727' title='bbox 2950 4689 3237 4754; x_wconf 87' lang='lat' dir='ltr'><strong>miserant,</strong></span> <span class='ocrx_word' id='word_1_728' title='bbox 3302 4688 3674 4743; x_wconf 87' lang='lat' dir='ltr'><strong>Ecclesiarum</strong></span> 
     </span>
    </p>
   </div>
   <div class='ocr_carea' id='block_1_107' title="bbox 2096 4782 3675 4853">
    <p class='ocr_par' dir='ltr' id='par_1_107' title="bbox 2096 4782 3675 4853">
     <span class='ocr_line' id='line_1_107' title="bbox 2096 4782 3675 4853; baseline -0.002 -16"><span class='ocrx_word' id='word_1_729' title='bbox 2096 4783 2278 4837; x_wconf 90' lang='lat' dir='ltr'><strong>verbis</strong></span> <span class='ocrx_word' id='word_1_730' title='bbox 2304 4782 2598 4853; x_wconf 91' lang='lat' dir='ltr'><strong>plurimam</strong></span> <span class='ocrx_word' id='word_1_731' title='bbox 2644 4782 2877 4835; x_wconf 89' lang='lat' dir='ltr'><strong>salutem</strong></span> <span class='ocrx_word' id='word_1_732' title='bbox 2916 4782 3106 4836; x_wconf 92' lang='lat' dir='ltr'><strong>mittit.</strong></span> <span class='ocrx_word' id='word_1_733' title='bbox 3139 4782 3384 4851; x_wconf 87' lang='lat' dir='ltr'><strong>Denique</strong></span> <span class='ocrx_word' id='word_1_734' title='bbox 3412 4782 3675 4837; x_wconf 85' lang='lat' dir='ltr'><strong>charissi-</strong></span> 
     </span>
    </p>
   </div>
   <div class='ocr_carea' id='block_1_108' title="bbox 2096 4874 3677 4944">
    <p class='ocr_par' dir='ltr' id='par_1_108' title="bbox 2096 4874 3677 4944">
     <span class='ocr_line' id='line_1_108' title="bbox 2096 4874 3677 4944; baseline -0.001 -15"><span class='ocrx_word' id='word_1_735' title='bbox 2096 4891 2247 4930; x_wconf 90' lang='lat' dir='ltr'><strong>mum</strong></span> <span class='ocrx_word' id='word_1_736' title='bbox 2277 4891 2435 4930; x_wconf 88' lang='lat' dir='ltr'><strong>suum</strong></span> <span class='ocrx_word' id='word_1_737' title='bbox 2466 4874 2700 4929; x_wconf 90' lang='lat' dir='ltr'><strong>Crocum</strong></span> <span class='ocrx_word' id='word_1_738' title='bbox 2735 4874 2799 4927; x_wconf 88' lang='lat' dir='ltr'><strong>ad</strong></span> <span class='ocrx_word' id='word_1_739' title='bbox 2834 4889 2892 4929; x_wconf 91' lang='lat' dir='ltr'><strong>se</strong></span> <span class='ocrx_word' id='word_1_740' title='bbox 2910 4875 3225 4944; x_wconf 88' lang='lat' dir='ltr'><strong>pervenisse</strong></span> <span class='ocrx_word' id='word_1_741' title='bbox 3248 4874 3486 4940; x_wconf 90' lang='lat' dir='ltr'><strong>nuntiat,</strong></span> <span class='ocrx_word' id='word_1_742' title='bbox 3512 4884 3677 4943; x_wconf 87' lang='lat' dir='ltr'><strong>atque</strong></span> 
     </span>
    </p>
   </div>
   <div class='ocr_carea' id='block_1_109' title="bbox 2094 4966 3673 5037">
    <p class='ocr_par' dir='ltr' id='par_1_109' title="bbox 2094 4966 3673 5037">
     <span class='ocr_line' id='line_1_109' title="bbox 2094 4966 3673 5037; baseline -0.001 -16"><span class='ocrx_word' id='word_1_743' title='bbox 2094 4976 2156 5021; x_wconf 91' lang='lat' dir='ltr'><strong>ut</strong></span> <span class='ocrx_word' id='word_1_744' title='bbox 2179 4967 2246 5021; x_wconf 90' lang='lat' dir='ltr'><strong>iis</strong></span> <span class='ocrx_word' id='word_1_745' title='bbox 2262 4968 2353 5036; x_wconf 86' lang='lat' dir='ltr'><strong>qui</strong></span> <span class='ocrx_word' id='word_1_746' title='bbox 2394 4982 2460 5021; x_wconf 79' lang='lat' dir='ltr'><strong>ex</strong></span> <span class='ocrx_word' id='word_1_747' title='bbox 2492 4966 2647 5037; x_wconf 80' lang='lat' dir='ltr'><strong>Syria</strong></span> <span class='ocrx_word' id='word_1_748' title='bbox 2694 4966 2923 5021; x_wconf 85' lang='lat' dir='ltr'><strong>Romam</strong></span> <span class='ocrx_word' id='word_1_749' title='bbox 2950 4975 3234 5029; x_wconf 90' lang='lat' dir='ltr'><strong>venerant,</strong></span> <span class='ocrx_word' id='word_1_750' title='bbox 3257 4966 3509 5020; x_wconf 87' lang='lat' dir='ltr'><strong>eumdem</strong></span> <span class='ocrx_word' id='word_1_751' title='bbox 3543 4966 3673 5019; x_wconf 90' lang='lat' dir='ltr'><strong>Cro-</strong></span> 
     </span>
    </p>
   </div>
   <div class='ocr_carea' id='block_1_110' title="bbox 2095 5060 3674 5129">
    <p class='ocr_par' dir='ltr' id='par_1_110' title="bbox 2095 5060 3674 5129">
     <span class='ocr_line' id='line_1_110' title="bbox 2095 5060 3674 5129; baseline -0.002 -15"><span class='ocrx_word' id='word_1_752' title='bbox 2095 5060 2143 5114; x_wconf 90' lang='lat' dir='ltr'><strong>ci</strong></span> <span class='ocrx_word' id='word_1_753' title='bbox 2173 5060 2487 5125; x_wconf 89' lang='lat' dir='ltr'><strong>adventum,</strong></span> <span class='ocrx_word' id='word_1_754' title='bbox 2519 5075 2687 5127; x_wconf 90' lang='lat' dir='ltr'><strong>seque</strong></span> <span class='ocrx_word' id='word_1_755' title='bbox 2724 5076 2819 5114; x_wconf 89' lang='lat' dir='ltr'><strong>eos</strong></span> <span class='ocrx_word' id='word_1_756' title='bbox 2847 5060 3000 5115; x_wconf 89' lang='lat' dir='ltr'><strong>brevi</strong></span> <span class='ocrx_word' id='word_1_757' title='bbox 3028 5069 3425 5115; x_wconf 89' lang='lat' dir='ltr'><strong>conventurum</strong></span> <span class='ocrx_word' id='word_1_758' title='bbox 3461 5060 3674 5129; x_wconf 78' lang='lat' dir='ltr'><strong>signiﬁ-</strong></span> 
     </span>
    </p>
   </div>
   <div class='ocr_carea' id='block_1_111' title="bbox 2095 5149 3182 5218">
    <p class='ocr_par' dir='ltr' id='par_1_111' title="bbox 2095 5149 3182 5218">
     <span class='ocr_line' id='line_1_111' title="bbox 2095 5149 3182 5218; baseline 0.001 -17"><span class='ocrx_word' id='word_1_759' title='bbox 2095 5156 2302 5213; x_wconf 88' lang='lat' dir='ltr'><strong>carent,</strong></span> <span class='ocrx_word' id='word_1_760' title='bbox 2339 5149 2501 5201; x_wconf 90' lang='lat' dir='ltr'><strong>etiam</strong></span> <span class='ocrx_word' id='word_1_761' title='bbox 2529 5158 2695 5217; x_wconf 87' lang='lat' dir='ltr'><strong>atque</strong></span> <span class='ocrx_word' id='word_1_762' title='bbox 2718 5149 2880 5203; x_wconf 92' lang='lat' dir='ltr'><strong>etiam</strong></span> <span class='ocrx_word' id='word_1_763' title='bbox 2908 5158 3182 5218; x_wconf 90' lang='lat' dir='ltr'><strong>precatur.</strong></span> 
     </span>
    </p>
   </div>
   <div class='ocr_carea' id='block_1_112' title="bbox 2164 5238 3667 5311">
    <p class='ocr_par' dir='ltr' id='par_1_112' title="bbox 2164 5238 3667 5311">
     <span class='ocr_line' id='line_1_112' title="bbox 2164 5238 3667 5311; baseline -0.001 -17"><span class='ocrx_word' id='word_1_764' title='bbox 2164 5240 2404 5311; x_wconf 83' lang='lat' dir='ltr'><strong>lgnatius</strong></span> <span class='ocrx_word' id='word_1_765' title='bbox 2438 5241 2523 5295; x_wconf 86' lang='lat' dir='ltr'><strong>his</strong></span> <span class='ocrx_word' id='word_1_766' title='bbox 2542 5249 2777 5311; x_wconf 90' lang='lat' dir='ltr'><strong>quatuor</strong></span> <span class='ocrx_word' id='word_1_767' title='bbox 2806 5240 3000 5295; x_wconf 91' lang='lat' dir='ltr'><strong>litteris</strong></span> <span class='ocrx_word' id='word_1_768' title='bbox 3026 5239 3273 5310; x_wconf 63' lang='lat' dir='ltr'><strong>Smyrna:</strong></span> <span class='ocrx_word' id='word_1_769' title='bbox 3324 5238 3667 5308; x_wconf 80' lang='lat' dir='ltr'><strong>obsignatis,</strong></span> 
     </span>
    </p>
   </div>
   <div class='ocr_carea' id='block_1_113' title="bbox 2095 5331 3672 5402">
    <p class='ocr_par' dir='ltr' id='par_1_113' title="bbox 2095 5331 3672 5402">
     <span class='ocr_line' id='line_1_113' title="bbox 2095 5331 3672 5402; baseline 0.001 -16"><span class='ocrx_word' id='word_1_770' title='bbox 2095 5334 2219 5389; x_wconf 89' lang='lat' dir='ltr'><strong>inde</strong></span> <span class='ocrx_word' id='word_1_771' title='bbox 2247 5334 2486 5399; x_wconf 89' lang='lat' dir='ltr'><strong>solvens,</strong></span> <span class='ocrx_word' id='word_1_772' title='bbox 2519 5334 2727 5402; x_wconf 90' lang='lat' dir='ltr'><strong>appulit</strong></span> <span class='ocrx_word' id='word_1_773' title='bbox 2755 5331 3049 5398; x_wconf 87' lang='lat' dir='ltr'><strong>Troadem,</strong></span> <span class='ocrx_word' id='word_1_774' title='bbox 3087 5332 3178 5386; x_wconf 89' lang='lat' dir='ltr'><strong>ubi</strong></span> <span class='ocrx_word' id='word_1_775' title='bbox 3213 5342 3324 5387; x_wconf 74' lang='lat' dir='ltr'><strong>tres</strong></span> <span class='ocrx_word' id='word_1_776' title='bbox 3348 5331 3507 5397; x_wconf 90' lang='lat' dir='ltr'><strong>alias,</strong></span> <span class='ocrx_word' id='word_1_777' title='bbox 3534 5348 3672 5401; x_wconf 90' lang='lat' dir='ltr'><strong>qua-</strong></span> 
     </span>
    </p>
   </div>
   <div class='ocr_carea' id='block_1_114' title="bbox 2093 5424 3668 5495">
    <p class='ocr_par' dir='ltr' id='par_1_114' title="bbox 2093 5424 3668 5495">
     <span class='ocr_line' id='line_1_114' title="bbox 2093 5424 3668 5495; baseline -0.001 -16"><span class='ocrx_word' id='word_1_778' title='bbox 2093 5441 2216 5479; x_wconf 90' lang='lat' dir='ltr'><strong>rum</strong></span> <span class='ocrx_word' id='word_1_779' title='bbox 2240 5425 2413 5495; x_wconf 90' lang='lat' dir='ltr'><strong>prima</strong></span> <span class='ocrx_word' id='word_1_780' title='bbox 2439 5424 2507 5478; x_wconf 90' lang='lat' dir='ltr'><strong>ad</strong></span> <span class='ocrx_word' id='word_1_781' title='bbox 2541 5424 3045 5493; x_wconf 89' lang='lat' dir='ltr'><strong>Philadelphienses</strong></span> <span class='ocrx_word' id='word_1_782' title='bbox 3074 5425 3277 5492; x_wconf 85' lang='lat' dir='ltr'><strong>scripta</strong></span> <span class='ocrx_word' id='word_1_783' title='bbox 3334 5434 3438 5488; x_wconf 88' lang='lat' dir='ltr'><strong>est,</strong></span> <span class='ocrx_word' id='word_1_784' title='bbox 3478 5439 3668 5477; x_wconf 76' lang='lat' dir='ltr'><strong>exara-</strong></span> 
     </span>
    </p>
   </div>
   <div class='ocr_carea' id='block_1_115' title="bbox 2094 5514 3653 5584">
    <p class='ocr_par' dir='ltr' id='par_1_115' title="bbox 2094 5514 3653 5584">
     <span class='ocr_line' id='line_1_115' title="bbox 2094 5514 3653 5584; baseline -0.003 -13"><span class='ocrx_word' id='word_1_785' title='bbox 2094 5519 2188 5572; x_wconf 88' lang='lat' dir='ltr'><strong>vit.</strong></span> <span class='ocrx_word' id='word_1_786' title='bbox 2224 5516 2375 5571; x_wconf 87' lang='lat' dir='ltr'><strong>Ilanc</strong></span> <span class='ocrx_word' id='word_1_787' title='bbox 2398 5518 2615 5571; x_wconf 86' lang='lat' dir='ltr'><strong>inchoat</strong></span> <span class='ocrx_word' id='word_1_788' title='bbox 2648 5532 2675 5570; x_wconf 91' lang='lat' dir='ltr'><strong>a</strong></span> <span class='ocrx_word' id='word_1_789' title='bbox 2710 5516 2964 5571; x_wconf 88' lang='lat' dir='ltr'><strong>laudibus</strong></span> <span class='ocrx_word' id='word_1_790' title='bbox 2992 5517 3166 5571; x_wconf 88' lang='lat' dir='ltr'><strong>sancti</strong></span> <span class='ocrx_word' id='word_1_791' title='bbox 3210 5516 3527 5569; x_wconf 88' lang='lat' dir='ltr'><strong>eorumdcm</strong></span> <span class='ocrx_word' id='word_1_792' title='bbox 3552 5514 3653 5584; x_wconf 86' lang='lat' dir='ltr'><strong>epi-</strong></span> 
     </span>
    </p>
   </div>
   <div class='ocr_carea' id='block_1_116' title="bbox 2094 5606 3661 5677">
    <p class='ocr_par' dir='ltr' id='par_1_116' title="bbox 2094 5606 3661 5677">
     <span class='ocr_line' id='line_1_116' title="bbox 2094 5606 3661 5677; baseline -0.002 -16"><span class='ocrx_word' id='word_1_793' title='bbox 2094 5608 2266 5677; x_wconf 90' lang='lat' dir='ltr'><strong>scopi,</strong></span> <span class='ocrx_word' id='word_1_794' title='bbox 2304 5607 2462 5675; x_wconf 87' lang='lat' dir='ltr'><strong>cujus</strong></span> <span class='ocrx_word' id='word_1_795' title='bbox 2486 5607 2725 5661; x_wconf 88' lang='lat' dir='ltr'><strong>divinam</strong></span> <span class='ocrx_word' id='word_1_796' title='bbox 2769 5608 2836 5661; x_wconf 89' lang='lat' dir='ltr'><strong>ad</strong></span> <span class='ocrx_word' id='word_1_797' title='bbox 2869 5607 3245 5676; x_wconf 88' lang='lat' dir='ltr'><strong>episcopatum</strong></span> <span class='ocrx_word' id='word_1_798' title='bbox 3300 5606 3661 5669; x_wconf 53' lang='lat' dir='ltr'><strong>vocationem,</strong></span> 
     </span>
    </p>
   </div>
   <div class='ocr_carea' id='block_1_117' title="bbox 2094 5694 3666 5766">
    <p class='ocr_par' dir='ltr' id='par_1_117' title="bbox 2094 5694 3666 5766">
     <span class='ocr_line' id='line_1_117' title="bbox 2094 5694 3666 5766; baseline -0.002 -15"><span class='ocrx_word' id='word_1_799' title='bbox 2094 5697 2456 5760; x_wconf 83' lang='lat' dir='ltr'><strong>modestiam,</strong></span> <span class='ocrx_word' id='word_1_800' title='bbox 2512 5697 2759 5766; x_wconf 82' lang='lat' dir='ltr'><strong>aliasque</strong></span> <span class='ocrx_word' id='word_1_801' title='bbox 2816 5698 3044 5751; x_wconf 86' lang='lat' dir='ltr'><strong>virtutes</strong></span> <span class='ocrx_word' id='word_1_802' title='bbox 3089 5695 3195 5750; x_wconf 89' lang='lat' dir='ltr'><strong>sibi</strong></span> <span class='ocrx_word' id='word_1_803' title='bbox 3246 5694 3666 5749; x_wconf 88' lang='lat' dir='ltr'><strong>admirationem</strong></span> 
     </span>
    </p>
   </div>
   <div class='ocr_carea' id='block_1_118' title="bbox 2095 5790 3671 5860">
    <p class='ocr_par' dir='ltr' id='par_1_118' title="bbox 2095 5790 3671 5860">
     <span class='ocr_line' id='line_1_118' title="bbox 2095 5790 3671 5860; baseline 0 -16"><span class='ocrx_word' id='word_1_804' title='bbox 2095 5792 2333 5846; x_wconf 86' lang='lat' dir='ltr'><strong>movisse</strong></span> <span class='ocrx_word' id='word_1_805' title='bbox 2372 5799 2623 5855; x_wconf 88' lang='lat' dir='ltr'><strong>testatus,</strong></span> <span class='ocrx_word' id='word_1_806' title='bbox 2667 5790 2789 5845; x_wconf 89' lang='lat' dir='ltr'><strong>illos</strong></span> <span class='ocrx_word' id='word_1_807' title='bbox 2817 5792 2882 5845; x_wconf 87' lang='lat' dir='ltr'><strong>ad</strong></span> <span class='ocrx_word' id='word_1_808' title='bbox 2908 5791 2980 5857; x_wconf 90' lang='lat' dir='ltr'><strong>ei,</strong></span> <span class='ocrx_word' id='word_1_809' title='bbox 3011 5793 3152 5845; x_wconf 91' lang='lat' dir='ltr'><strong>sicut</strong></span> <span class='ocrx_word' id='word_1_810' title='bbox 3175 5806 3305 5844; x_wconf 88' lang='lat' dir='ltr'><strong>oves</strong></span> <span class='ocrx_word' id='word_1_811' title='bbox 3333 5791 3562 5860; x_wconf 88' lang='lat' dir='ltr'><strong>pastori,</strong></span> <span class='ocrx_word' id='word_1_812' title='bbox 3611 5799 3671 5844; x_wconf 90' lang='lat' dir='ltr'><strong>ut</strong></span> 
     </span>
    </p>
   </div>
   <div class='ocr_carea' id='block_1_119' title="bbox 2096 5883 3667 5948">
    <p class='ocr_par' dir='ltr' id='par_1_119' title="bbox 2096 5883 3667 5948">
     <span class='ocr_line' id='line_1_119' title="bbox 2096 5883 3667 5948; baseline 0 -10"><span class='ocrx_word' id='word_1_813' title='bbox 2096 5883 2405 5941; x_wconf 88' lang='lat' dir='ltr'><strong>mortiferas</strong></span> <span class='ocrx_word' id='word_1_814' title='bbox 2436 5884 2697 5940; x_wconf 69' lang='lat' dir='ltr'><strong>doctrinm</strong></span> <span class='ocrx_word' id='word_1_815' title='bbox 2732 5898 2975 5940; x_wconf 73' lang='lat' dir='ltr'><strong>erronem</strong></span> <span class='ocrx_word' id='word_1_816' title='bbox 3005 5883 3202 5939; x_wconf 87' lang='lat' dir='ltr'><strong>herbas</strong></span> <span class='ocrx_word' id='word_1_817' title='bbox 3230 5883 3488 5948; x_wconf 77' lang='lat' dir='ltr'><strong>devitent,</strong></span> <span class='ocrx_word' id='word_1_818' title='bbox 3510 5884 3667 5940; x_wconf 25' lang='lat' dir='ltr'><strong>obser</strong></span> 
     </span>
    </p>
   </div>
  </div>
