4138 6426
460 405 563 461 173

1524 407 1584 467 Β.
1625 411 1973 472 lGNATlUS.
2008 447 2079 457 —
2116 414 2648 473 PROLEGOMENA.

3601 426 3709 486 476

457 528 735 595 quendum
763 571 777 590 .
812 531 1002 587 sedulo
1030 532 1299 587 hortatur.
1326 531 1464 587 Tum
1517 535 1779 590 continuo
1804 538 2031 608 subjun-
2059 545 2106 603 Α
2133 540 2244 594 sias
2272 539 2340 593 ad
2390 539 2539 594 illam
2579 539 2770 595 eadem
2799 538 2870 595 de
2912 555 3082 597 causa
3113 540 3487 599 'scribendum
3520 544 3707 601 horte-

458 622 536 689 git
567 638 728 677 nosse
758 639 817 676 se
848 640 941 678 eos
978 624 1031 678 in
1074 626 1173 680 hac
1206 640 1420 695 semper
1458 626 1632 681 fuisse
1665 629 1976 685 obedientia
2010 650 2026 698 ;

457 712 553 767 sed
579 727 646 767 ne
668 714 738 768 ab
767 714 894 779 illis,
923 717 1015 785 qui
1046 717 1218 786 legem
1244 716 1447 788 Moysis
1478 733 1588 773 non
1619 727 1801 773 autem
1824 721 2031 779 Christi

2132 640 2241 698 tur,
2271 646 2366 700 per
2392 646 2561 701 quam
2590 639 2840 687 amanter
2860 633 3133 689 obsecrat.
3164 634 3412 707 Denique
3439 637 3708 693 Christia-

2132 724 2219 781 nis
2261 725 2519 780 omnibus
2553 725 2883 796 generatim,
2916 727 3246 797 quibusdam
3279 745 3409 786 vero
3449 732 3707 788 nomina-

458 806 781 859 servandam
804 821 926 862 esse
954 809 1221 863 docebant
1244 852 1259 876 ,
1300 821 1747 881 corrumpantur,
1778 828 2033 881 perseve—
2126 815 2229 871 tim
2258 815 2533 883 salutatis,
2564 816 2821 887 obsignat
2845 817 3152 887 epistolam.

459 896 692 950 rantiam
723 896 1000 969 emagitat.
1035 898 1302 955 Memorat
1337 909 1520 955 autem
1574 916 1633 956 se
1662 917 1786 956 cum
1836 903 1905 957 ad
1934 918 2030 960 eos

458 985 789 1053 divertisset,
850 990 1305 1059 cognovissetque
1333 991 1477 1060 apud
1517 992 1665 1061 ipsos
1711 1007 1835 1047 esse
1864 1008 2029 1063 quos-

457 1073 606 1141 dam,
631 1078 725 1146 qui
758 1086 986 1134 eatenus
1026 1079 1342 1152 Evangelio,
1396 1094 1669 1151 quatenus
1707 1084 1903 1153 priscis
1938 1099 2032 1139 eo-

457 1181 578 1221 rum
647 1172 965 1226 auctoribus
1019 1184 1445 1229 consentaneum
1479 1185 1644 1242 esset,
1700 1177 2029 1231 credendum

457 1274 579 1315 esse
600 1266 1008 1330 contenderent,
1038 1273 1169 1319 tunc
1194 1267 1439 1320 eamdem
1496 1268 1603 1323 illis
1630 1269 1872 1324 suasisse
1903 1271 2035 1325 obe-

458 1351 742 1407 dientiam.
773 1353 892 1409 Jam
918 1372 1048 1409 vero
1071 1371 1128 1411 se
1154 1373 1435 1427 nunquam
1460 1358 1547 1413 his
1578 1360 1911 1428 hominibus,
1936 1358 2032 1418 sed

458 1444 630 1509 cruci,
669 1447 860 1512 morti,
908 1449 1298 1503 resurrectioni
1337 1450 1568 1513 Christi,
1599 1461 1765 1521 atque
1790 1451 2037 1523 Evange-

458 1532 533 1587 lio
563 1551 593 1588 a
622 1537 899 1605 prophetis
952 1540 1337 1608 przeuuntiato,
1386 1551 1645 1611 tanquam
1691 1547 1916 1598 omnino
1950 1544 2036 1597 in-

459 1637 732 1696 corruptae
757 1629 969 1682 veritati
998 1629 1157 1684 ﬁdem
1208 1631 1525 1685 habiturum
1566 1633 1868 1701 proﬁtetur.
1910 1632 2037 1689 lllos

459 1716 655 1770 deinde
684 1729 890 1786 monet,
926 1730 985 1775 ut
1015 1723 1080 1775 ad
1099 1720 1394 1779 Ecclesiam
1429 1723 1828 1779 Antiochenam
1851 1725 2039 1782 diaco-

459 1822 589 1861 num
625 1812 941 1879 quemdam,
998 1816 1080 1868 vel
1120 1816 1266 1870 sicut
1296 1817 1491 1871 vicinae
1518 1819 1783 1885 ecclesiae,
1825 1820 2038 1891 episco-

2745 978 2979 1035 CAPUT
3031 980 3095 1037 11.

2132 1101 2307 1140 ΥΔΒΙΕ
2365 1102 2701 1142 εοωιιτοιιυι
2761 1104 2829 1143 DE
2880 1106 2967 1145 HIS
3020 1106 3297 1149 EPISTOLIS
3353 1109 3703 1165 ειεκτεητιιες

2204 1173 2433 1218 ΟΕᾸΞΒΑΜ
2466 1172 2805 1211 OBSERVANDA
2845 1176 3305 1227 PRIEIITTUNTUR,
3350 1180 3420 1218 ΕΤ
3465 1183 3563 1229 ριιΑ
3610 1185 3710 1222 ΙΕ-

2206 1242 2381 1281 THODO
2413 1243 2549 1281 VERA
2580 1244 2875 1282 SENTENTIA
2908 1246 3369 1287 PROPUGNABITUR.

2206 1337 2234 1408 §
2260 1337 2299 1393 1.
2338 1336 2516 1392 ναι-ἕω
2546 1340 2862 1409 scriptorum
2890 1341 2952 1396 de
2983 1343 3047 1394 iis
3078 1344 3314 1412 epistolis
3344 1350 3633 1404 sententiw.

2204 1448 2280 1505 De
2313 1450 2396 1505 his
2438 1464 2645 1520 septem
2677 1451 2926 1519 epistolis
2958 1462 3065 1506 tres
3115 1463 3246 1507 sunt
3290 1454 3521 1511 diversae
3569 1457 3709 1512 scri-

2133 1552 2352 1612 ptorum
2386 1542 2615 1612 hujusce
2650 1544 2826 1598 aetatis
2853 1544 3159 1614 Opiniones.
3198 1544 3384 1601 Prima
3423 1557 3508 1603 est
3542 1548 3708 1602 Blon—

2135 1632 2294 1697 delli,
2346 1630 2530 1687 Dallazi
2582 1632 2924 1701 aliorumque
2985 1633 3226 1703 plurium
3282 1634 3709 1707 Presbyteriante

2136 1721 2577 1791 Calvinianaaque
2627 1732 2788 1778 sectae
2819 1724 3126 1788 hominum,
3157 1725 3253 1795 qui
3289 1726 3411 1781 illas
3445 1736 3705 1797 tanquam

2138 1812 2362 1865 omnino
2396 1811 2753 1878 adulterinas,
2804 1811 2962 1866 ﬁctas
3005 1818 3173 1881 atque
3217 1811 3430 1883 lgnatio
3462 1814 3711 1884 supposi-

458 1915 610 1967 pum,
648 1918 711 1956 ac
742 1904 1109 1975 presbyteros,
1148 1908 1241 1976 qui
1265 1908 1332 1962 de
1364 1908 1573 1963 reddita
1607 1910 1656 1963 ei
1684 1925 1815 1979 pace
1844 1920 2029 1980 gratu-

2140 1911 2214 1956 Las
2245 1901 2553 1971 repudiant.
2596 1900 2667 1956 De
2704 1916 2767 1957 ea
2802 1916 2934 1956 vero
2963 1909 3119 1956 aetate
3161 1917 3268 1970 qua
3297 1919 3391 1959 eas
3437 1904 3493 1958 in
3534 1905 3710 1958 lucem

456 1990 659 2057 lentur,
686 1994 941 2064 dirigant.
978 1995 1091 2051 Sub
1120 1998 1233 2053 haec
1282 1999 1353 2053 ob
1382 1998 1669 2054 Philonem
1718 2000 2033 2069 diaconum,

458 2080 632 2136 Reum
712 2094 765 2138 et
820 2086 1225 2156 Agatlmpodem
1278 2089 1669 2158 benignissime
1726 2090 1795 2144 ab
1830 2091 1910 2146 eis
1941 2107 2037 2146 ex-

456 2184 645 2243 Ceptos
676 2178 878 2245 gratias
911 2179 1039 2249 agit.
1077 2179 1319 2249 Denique
1345 2197 1441 2236 eos
1476 2180 1875 2237 Troadensium
1911 2200 2035 2238 ver-

457 2266 541 2321 bis
572 2269 793 2332 salutat,
834 2282 1093 2341 optatque
1125 2281 1184 2326 ut
1213 2272 1457 2329 Burrhus
1490 2283 1544 2328 et
1582 2273 1846 2344 Ephesini
1875 2285 2036 2346 atque

458 2355 728 2428 Smyrnaei
757 2378 786 2413 a
810 2359 1052 2427 Christo,
1081 2363 1134 2416 in
1165 2380 1275 2433 quo
1301 2380 1450 2434 spem
1485 2380 1705 2421 omnem
1736 2368 2037 2423 collocave-

456 2456 601 2510 rant,
633 2448 811 2519 dignis
845 2451 1147 2508 honoribus
1176 2452 1499 2511 afﬁciantur.

529 2535 695 2593 Sexta
726 2543 952 2610 epistola
988 2545 1055 2598 ab
1080 2544 1285 2615 lgnatio
1322 2548 1388 2602 ad
1417 2548 1805 2623 Smyrnensem
1846 2552 2034 2609 Eccle-

458 2630 595 2683 siam
621 2648 717 2700 per
751 2632 1047 2698 Burrhum,
1098 2653 1259 2706 quem
1283 2639 1494 2695 itineris
1528 2642 1614 2695 sui
1649 2645 1903 2699 comitem
1937 2646 2037 2701 ha-

457 2723 675 2790 buerat,
708 2726 877 2780 missa
917 2736 1020 2783 est.
1055 2728 1357 2799 Praecipue,
1394 2733 1539 2801 quod
1572 2734 1627 2787 in
1659 2751 1719 2789 ea
1746 2744 2033 2803 tractatur,

456 2826 781 2883 argumento
812 2816 1055 2887 lgnatius
1101 2820 1445 2878 Christianos
1482 2826 1745 2882 adversus
1767 2829 2034 2897 quosdam

458 2906 768 2973 haereticos,
837 2910 931 2978 qui
978 2910 1258 2967 Christum
1312 2915 1494 2969 ﬁctam
1536 2925 1745 2972 tantum
1797 2920 2035 2977 hominis

458 3013 703 3065 carnem,
739 3016 846 3069 qua
894 3011 1123 3057 mortem
1160 3014 1214 3059 et
1247 3008 1705 3063 resurrectionem
1743 3010 2037 3067 simulave-

459 3096 567 3150 rat,
601 3094 967 3161 assumpsisse
997 3097 1271 3164 dicebant,
1303 3102 1481 3155 munit
1528 3117 1594 3157 ac
1646 3112 1848 3159 tuetur.
1888 3102 2036 3171 Qua-

460 3190 681 3248 propter
710 3184 989 3240 veritatem
1030 3190 1236 3256 carnis,
1267 3193 1560 3260 passionis,
1615 3196 1808 3250 mortis
1849 3205 1903 3251 et
1949 3213 2034 3251 rc-

2135 1993 2404 2062 prodiisse
2446 2002 2695 2060 censent,
2743 2002 2878 2063 quot
2915 2010 3106 2050 eorum
3137 1998 3341 2067 capita,
3374 2006 3457 2051 tot
3493 2012 3709 2054 sensus.

2134 2085 2452 2140 Albertinus
2484 2086 2631 2141 enim
2660 2102 2753 2141 eas
2782 2087 2931 2141 circa
2959 2088 3197 2143 medium
3226 2089 3484 2144 saeculum
3513 2105 3710 2145 secun—

2134 2176 2263 2231 dum
2285 2217 2301 2241 ,
2352 2174 2656 2232 Salmasius
2684 2178 2788 2233 sub
2820 2179 3053 2248 imperio
3082 2179 3377 2247 Antonini,
3413 2181 3497 2235 vel
3542 2179 3709 2236 Marci

2134 2265 2362 2329 Aurelii,
2396 2265 2708 2321 Blondellus
2736 2275 2861 2336 post
2892 2278 3120 2323 mortem
3143 2269 3442 2325 Clementis
3474 2271 3713 2326 Alexan-

2134 2355 2297 2423 drini,
2331 2356 2585 2424 Dallaeus,
2608 2366 2838 2413 exeunte
2868 2360 3069 2415 saeculo
3098 2361 3282 2428 tertio,
3327 2362 3562 2432 scriptas
3591 2377 3713 2417 esse

2134 2448 2529 2517 pronuntiant:
2562 2448 2673 2503 imo
2699 2465 2829 2505 vero
2854 2450 3161 2508 Bochartus
3189 2452 3477 2523 epistolam
3504 2453 3571 2507 ad
3602 2453 3715 2508 Ro-

2137 2554 2331 2595 manos
2361 2554 2471 2593 non
2499 2550 2624 2595 ante
2652 2540 3002 2597 Constantini
3041 2542 3221 2617 Magni
3259 2545 3551 2616 imperium
3578 2560 3713 2599 exa-

2137 2642 2312 2687 ratam
2344 2648 2468 2689 esse
2493 2636 2814 2691 arbitratur.

2208 2726 2459 2784 Secunda
2493 2731 2678 2801 opinio
2708 2742 2793 2788 est
2829 2731 3039 2789 Usserii
3080 2734 3417 2791 Armachani
3443 2735 3713 2805 archiepi-

2136 2819 2309 2889 scOpi,
2355 2821 2450 2889 qui
2501 2837 2596 2876 sex
2645 2823 2860 2892 priores
2906 2824 3168 2896 epistolas
3224 2825 3433 2896 lgnatio
3485 2827 3713 2891 asserit,

2137 2912 2423 2981 septimam
2453 2928 2605 2979 vero,
2642 2930 2764 2985 qua:
2787 2917 2855 2971 ad
2884 2915 3246 2990 Polycarputn
3277 2919 3404 2975 data
3433 2928 3538 2987 est,
3580 2920 3711 2991 reji-

2136 3002 2210 3058 cit
2236 3003 2589 3074 ﬁctitiamque
2617 3021 2737 3061 esse
2765 3006 3018 3063 aﬂirmat.

2210 3095 2395 3150 Tertia
2448 3098 2678 3152 aliorum
2733 3101 2983 3156 omnium
3037 3104 3307 3158 sententia
3354 3103 3455 3159 has
3506 3110 3713 3173 septem

2136 3186 2396 3255 epistolas
2419 3203 2607 3243 verum
2640 3204 2705 3244 ac
2725 3192 3023 3261 genuinum
3050 3192 3244 3258 lgnatii
3270 3209 3410 3264 opus
3436 3210 3559 3250 esse
3582 3210 3714 3249 con-

459 3274 821 3331 surrectionis
882 3276 1085 3333 Christi
1146 3281 1366 3337 invictis
1416 3289 1754 3356 argumentis
1805 3289 2002 3345 demon
2021 3320 2036 3332 -
2064 3261 2106 3318 Ο
2141 3276 2346 3343 “md”;
2371 3294 2542 3349 eaque
2565 3296 2672 3335 ηοη
2690 3282 2761 3336 8b
2785 3283 3104 3338 οηιιοάοκίε
3127 3261 3363 3350 Humili.
3395 3287 3570 3340 SPdab
3592 3301 3717 3341 BN‘

461 3372 635 3428 strat,
668 3369 1019 3440 praecipitque
1070 3370 1388 3444 Smyrnaeis,
1433 3387 1492 3432 ut
1542 3380 1919 3436 hatreticorum
1951 3381 2039 3436 fu-

461 3455 611 3523 giant
640 3458 914 3529 colloquia
933 3502 946 3527 ,
968 3478 1031 3518 ac
1063 3466 1180 3521 suis
1206 3469 1457 3536 precibus
1502 3486 1689 3525 eorum
1725 3475 2040 3530 conversio-

462 3564 586 3603 nem
644 3566 673 3605 a
726 3551 836 3607 Deo
882 3567 1205 3625 exposcam.
1265 3560 1371 3617 Eos
1399 3562 1595 3619 deinde
1648 3574 1707 3620 ut
1758 3566 2037 3637 episcopo,

459 3641 790 3712 presbyteris
834 3658 889 3701 et
924 3649 1248 3709 diaconibus
1296 3653 1689 3725 obsequantur,
1750 3658 1805 3712 in
1846 3661 2040 3729 primis

462 3743 643 3787 autem
677 3736 934 3808 episcopo
970 3757 1187 3799 summa
1234 3745 1288 3798 in
1335 3748 1591 3803 omnibus
1635 3748 1944 3805 obedientia
1986 3760 2040 3805 et

463 3827 813 3883 veneratione
858 3835 1191 3902 auscultent,
1237 3835 1472 3892 sollicite
1523 3838 1801 3893 admonet.
1830 3836 2041 3895 Dehinc

464 3918 733 3974 maximas
764 3921 845 3977 eis
875 3922 1081 3980 idcirco
1128 3928 1379 3996 rependit
1414 3930 1639 3998 gratias,
1690 3930 1836 3999 quod
1868 3947 1925 3986 se
1953 3948 2042 3987 so-

465 4009 693 4080 ciosque
746 4029 875 4069 suos
928 4016 1236 4073 incredibili
1280 4020 1655 4076 benevolentia
1707 4024 2040 4091 exceperint,

464 4108 631 4167 atque
656 4100 782 4157 inde
806 4118 901 4157 eos
930 4104 1146 4176 dignam
1194 4123 1225 4161 a
1248 4106 1359 4161 Deo
1388 4111 1691 4165 mercedem
1720 4122 2042 4179 accepturos

465 4206 589 4248 esse
614 4194 922 4263 pollicetur.
946 4196 1141 4254 Postea
1184 4216 1371 4269 pacem
1394 4201 1651 4258 Ecclesia:
1691 4205 2043 4259 Antiochenae

466 4286 735 4340 redditam
762 4289 1005 4357 nuntiat,
1049 4301 1279 4361 oratque
1323 4302 1383 4348 ut
1408 4295 1671 4365 aliquem,
1701 4294 1794 4365 qui
1836 4295 1936 4350 hac
1976 4297 2043 4350 de

465 4392 527 4432 re
552 4377 626 4430 illi
656 4378 978 4447 gratuletur,
1032 4397 1095 4435 ac
1133 4381 1243 4437 Deo
1292 4384 1480 4439 laudes
1513 4386 1829 4455 gratiasque
1879 4387 2043 4442 simul

467 4486 593 4524 cum
670 4488 733 4525 ea
786 4472 1007 4536 referat,
1061 4480 1468 4545 quamprimum
1525 4479 1740 4533 mittere
1802 4479 2039 4535 festinet.

2141 3369 2431 3425 ditissimis
2471 3369 2684 3425 Calvini
2731 3388 2795 3427 ac
2841 3375 3263 3443 protestantium
3317 3377 3710 3441 sectatoribus,

2142 3458 2343 3516 Vossio
2374 3463 2608 3528 scilicet,
2642 3462 2949 3533 Hamondo,
2990 3465 3203 3531 Riveto,
3238 3466 3504 3535 Sculteto,
3548 3467 3715 3523 Pear-

2142 3569 2309 3619 sone,
2364 3553 2539 3621 Bullo,
2587 3553 2807 3627 Moynio
2860 3558 3091 3626 aliisque
3128 3568 3523 3629 propugnatur.
3582 3558 3718 3615 lluic

2143 3645 2429 3701 sententiae
2470 3646 2718 3702 lubentes
2749 3648 3172 3716 subscribimus,
3212 3649 3471 3720 illamque
3496 3654 3721 3708 verissi—

2145 3750 2289 3789 mam
2318 3752 2441 3793 esse
2472 3738 2710 3807 invictis,
2746 3749 2807 3794 ut
2833 3751 3111 3809 putamus,
3153 3744 3431 3798 rationum
3471 3761 3719 3801 momen-

2144 3828 2215 3884 tis
2244 3829 2623 3886 demonstrare
2650 3832 2994 3889 conabimur.
3519 3854 3523 3858 ν

2322 3965 2353 4038 ι
2387 3965 2451 4021 11.
2487 3966 2747 4034 Quaedam
2774 3969 3096 4024 observanda
3124 3974 3540 4041 prmmittuutur.

2221 4102 2417 4159 Verum
2450 4115 2741 4177 antequam
2770 4106 2836 4163 ad
2867 4108 3008 4163 hanc
3035 4108 3347 4179 opinionem
3382 4109 3718 4178 probandam

2147 4192 2549 4265 aggrediamur,
2591 4197 2851 4251 nonnulla
2880 4213 3003 4267 qua:
3034 4198 3101 4252 ad
3155 4199 3474 4268 quaestionis
3522 4208 3723 4255 nostra:

2146 4283 2588 4352 explanationem
2619 4300 2725 4338 non
2755 4299 2949 4353 parum
2976 4285 3313 4351 conducunt,
3340 4285 3499 4355 juvat
3529 4285 3721 4339 obser-

2147 4390 2295 4429 vare.
2327 4374 2511 4428 Primo
2537 4384 2752 4430 constat
2781 4376 2921 4430 inter
2960 4390 3149 4429 omnes
3180 4375 3471 4445 cujuslibet
3499 4376 3711 4445 opinio-

2148 4468 2236 4521 nis
2292 4476 2545 4522 auctores
2591 4467 2856 4536 quasdam
2901 4468 2970 4521 ab
3006 4465 3213 4536 lgnatio
3239 4477 3426 4523 nostro
3488 4468 3721 4537 scriptas

472 4564 715 4634 Denique
743 4566 999 4621 omnibus
1027 4584 1153 4621 cum
1177 4567 1597 4633 Troadensium,
1636 4578 1750 4623 tum
1793 4586 1894 4625 suo
1942 4588 2037 4627 no-

2149 4560 2322 4617 fuisse
2365 4562 2630 4632 epistolas
2666 4581 2680 4616 :
2723 4582 2741 4613 ‹
2772 4560 2907 4628 Quis
2954 4562 3125 4628 enim,
3170 4562 3350 4631 inquit
3396 4560 3626 4617 Dallazus
3650 4561 3714 4625 ⁵⁵,

469 4664 616 4717 mine
642 4666 915 4730 salutatis,
942 4662 1189 4734 epistolae
1214 4661 1529 4716 coronidem
1558 4662 1808 4730 imponit.

539 4754 837 4826 Septimam
889 4756 1153 4825 lgnatius,
1205 4751 1418 4807 Troade
1469 4749 1752 4822 Neapolim
1815 4763 2044 4808 conten-

471 4848 626 4914 dens,
676 4858 841 4919 atque
890 4848 947 4901 in
995 4847 1177 4900 navim
1204 4845 1432 4915 jamjam
1482 4859 1924 4911 conscensurus,
1975 4848 2043 4901 ad

466 4938 826 5011 Polycarpum
854 4981 869 5006 ,
930 4939 1319 4993 charissimum
1377 4938 1707 5007 discipulum
1749 4954 1909 4992 suum
1931 4978 1949 5006 ,
1978 4954 2043 4993 ac

469 5030 858 5103 Smyrnensem
900 5030 1240 5101 episcopum,
1274 5028 1568 5084 destinavit
1617 5030 1926 5099 epistolam.
1965 5027 2043 5083 lbi

467 5127 663 5182 miram
699 5125 818 5195 ejus
847 5125 901 5178 in
933 5124 1036 5178 ﬁde
1064 5123 1429 5179 constantiam
1477 5123 1857 5189 commendat,
1904 5137 2041 5193 gau-

467 5218 729 5287 diumque
751 5232 911 5271 suum
939 5217 1084 5285 quod
1116 5216 1366 5286 Smyrnae
1398 5216 1516 5287 ipso
1539 5216 1741 5270 fruitus
1769 5215 1860 5283 sit,
1893 5213 2039 5268 testi-

472 5311 683 5364 ficatur.
712 5307 959 5363 Posthazc
1001 5323 1112 5377 quo
1139 5318 1193 5363 et
1231 5309 1348 5377 ipse
1386 5308 1438 5361 in
1474 5308 1674 5363 virtute
1732 5307 2039 5376 proﬁceret,

468 5414 525 5457 et
564 5400 915 5455 commissam
952 5398 1057 5453 sibi
1102 5397 1401 5454 Ecclesiam
1442 5399 1756 5455 Christiane
1799 5407 2040 5469 regeret,

469 5492 636 5547 variis
670 5491 821 5544 illum
852 5490 1137 5561 praeceptis
1189 5490 1405 5544 imbuit.
1456 5488 1701 5543 Subinde
1742 5503 1871 5542 vero
1916 5502 2041 5540 eum

471 5589 592 5635 orat
636 5581 1047 5650 obtestaturque
1092 5588 1152 5633 ut
1197 5581 1263 5634 ad
1294 5578 1593 5635 Ecclesiam
1643 5578 2042 5632 Antiochenam

470 5670 537 5727 de
561 5671 771 5725 reddita
803 5686 935 5741 pace
965 5672 1014 5725 ei
1059 5671 1434 5741 gratulaturns
1466 5671 1695 5729 litteras,
1749 5669 1817 5721 ab
1859 5667 2043 5737 aliquo

470 5761 815 5829 deferendas,
850 5764 1089 5829 scribat;
1139 5773 1301 5833 atque
1327 5772 1385 5817 ut
1418 5763 1556 5817 alias
1603 5776 1824 5834 quoque
1857 5759 2043 5817 Eccle-

545 5878 590 5909 "
619 5876 737 5934 Lib.
784 5876 855 5932 De
884 5879 1065 5946 script.
1103 5876 1305 5947 lgnat.,
1338 5892 1387 5945 [δ.
1420 5876 1541 5930 150.

2146 4663 2255 4708 tam
2289 4653 2471 4708 fatuus
2495 4662 2579 4707 est
2600 4693 2613 4718 ,
2646 4662 2707 4707 ut
2733 4668 2857 4708 eum
2893 4652 3182 4723 scripsisse
3226 4652 3443 4722 aliquas
3473 4652 3668 4722 neget?
3696 4672 3717 4703 ι

2142 4745 2374 4800 Constat
2396 4745 2560 4799 etiam
2610 4744 2754 4799 inter
2786 4745 3009 4800 eosdem
3046 4744 3191 4808 illas,
3222 4758 3344 4814 quae
3373 4743 3441 4797 ab
3472 4741 3720 4797 Athana-

2146 4836 2265 4903 sio,
2322 4835 2561 4890 Eusebio
2609 4836 2843 4905 aliisque
2891 4835 3034 4890 infra
3084 4834 3319 4891 citandis
3358 4834 3720 4904 scriptoribus

2145 4926 2338 4997 lgnatii
2386 4929 2612 4983 nomine
2645 4929 2975 4991 laudantur,
3017 4941 3127 4981 non
3162 4926 3298 4981 alias
3343 4940 3467 4980 esse
3508 4926 3577 4979 ab
3610 4924 3716 4990 iis,

2146 5036 2288 5089 quas
2319 5018 2578 5076 Usserius
2612 5030 2668 5075 et
2697 5019 2928 5076 Vossius
2964 5020 3206 5076 sinceras
3237 5026 3291 5074 et
3322 5018 3531 5087 absque
3558 5018 3722 5071 inter-

2145 5111 2516 5181 polationibus
2548 5113 2860 5178 ediderunt,
2892 5126 3140 5181 quasque
3180 5111 3416 5182 primam
3456 5108 3719 5179 epistola-

2147 5220 2268 5257 rum
2300 5202 2494 5273 lgnatii
2540 5203 2775 5258 classem
2813 5202 3150 5257 constituere
3182 5200 3444 5255 diximus.
3475 5198 3719 5254 Conten—

2144 5294 2283 5349 dunt
2310 5310 2441 5350 vero
2470 5293 2660 5364 primae.
2693 5294 2978 5349 sententiae
3002 5292 3219 5362 patroni
3252 5292 3352 5347 has
3384 5308 3414 5345 a
3450 5291 3719 5346 nebulone

2145 5389 2329 5457 aliquo
2349 5395 2625 5453 exaratas,
2654 5395 2707 5441 et
2729 5385 2875 5441 veris
2902 5383 3095 5455 lgnatii
3123 5382 3369 5453 epistolis
3397 5380 3568 5438 fuisse
3590 5397 3718 5451 sup-

2143 5480 2366 5550 positas.

2215 5571 2629 5627 Observandum
2662 5584 2883 5639 quoque
2917 5578 3001 5625 est
3033 5568 3250 5623 easdem
3282 5565 3476 5640 lgnatii
3514 5567 3719 5637 episto-

2144 5666 2227 5719 las
2252 5679 2356 5718 non
2391 5680 2420 5717 a
2453 5662 2755 5729 catholicis,
2796 5661 2891 5715 sed
2918 5660 2985 5715 ab
3016 5658 3240 5715 Usserio
3263 5666 3316 5713 et
3340 5657 3557 5723 Vossio,
3587 5659 3719 5715 viris

2145 5761 2287 5815 inter
2332 5766 2699 5819 protestantes
2744 5754 3113 5812 celeberrimis
3198 5768 3265 5808 ex
3315 5753 3531 5826 optimae
3574 5761 3727 5809 notat
