4138 6402
510 411 613 466 477

1484 410 1548 465 D.
1586 406 1881 467 NOURRH
1918 406 2399 464 DISSERTATIO.
2438 436 2507 445 —
2540 403 2722 459 PARS
2759 402 2801 459 l.

3676 394 3782 451 ιτε

512 531 903 603 manuscriptis
945 546 1075 589 eum
1123 531 1339 588 Latinis
1370 541 1489 588 tum
1522 532 1729 589 Graecis
1770 531 2089 599 codicibus,
2122 536 2169 594 Α
2197 546 2478 602 urgemus,
2525 529 2672 599 quod
2723 528 2759 582 ii
2797 541 2989 581 omnes
3020 525 3351 586 concedunt,
3397 540 3498 581 nec
3530 524 3678 580 ullus
3720 540 3784 578 ex

511 621 753 692 primum
808 623 1012 693 publici
1070 623 1247 678 factas
1287 622 1462 681 fuisse
1508 623 1652 694 juris
1686 638 1751 681 ea
1802 638 1937 679 sane
1962 624 2091 690 ﬁde,

509 729 619 785 qua
646 715 914 785 majorem
944 716 1131 771 nullus
1154 715 1453 771 desiderat.

577 805 1139 863 Animadvertendum
1197 806 1435 877 denique
1492 822 1589 863 eos
1643 808 1834 875 etiam,
1866 807 1976 879 'qui
2023 808 2092 863 ad

509 898 966 969 propugnandam
996 903 1259 954 harumce
1278 898 1638 969 epistularum
1661 900 1944 955 veritatem
1963 914 2094 969 pro-

511 988 734 1046 lixiores
754 989 1173 1046 dissertationes
1188 989 1429 1055 edidere,
1443 992 1750 1048 catholicos
1766 1007 1875 1047 non
1897 991 2090 1056 fuisse,

510 1082 606 1138 sed
654 1083 1011 1152 protestantis
1070 1080 1517 1153 Calvinianaeque
1580 1093 1748 1141 sectae
1816 1083 2088 1139 homines.

511 1170 806 1228 Enimvero
834 1170 1086 1227 Vedelius
1113 1170 1413 1227 Calvinista
1452 1188 1521 1228 ac
1562 1172 1897 1230 Gcnevensis
1931 1174 2092 1229 mini-

510 1274 645 1332 ster,
668 1262 927 1320 Usserius
955 1272 1012 1320 et
1029 1264 1259 1320 Vossius
1294 1266 1349 1319 in
1385 1265 1577 1320 barum
1602 1264 1958 1335 epistolarum
1970 1265 2090 1320 edi—

509 1360 753 1416 tionibus
809 1375 968 1417 suam
1016 1360 1252 1431 quisque
1292 1360 1609 1416 earumdem
1648 1358 1955 1429 apologiam
1994 1359 2092 1414 ad-

506 1447 714 1517 iunxit.
750 1446 1000 1509 Cumque
1028 1446 1335 1506 Salmasius
1380 1457 1435 1504 et
1466 1448 1740 1519 praecipue
1774 1449 2092 1504 Blondellus

512 1539 798 1597 Usserium
828 1556 897 1596 ac
942 1540 1197 1598 Vossium
1246 1543 1566 1613 impugnare
1594 1551 1916 1607 tentassent,
1966 1542 2091 1597 illos

506 1641 762 1703 uterque,
791 1642 845 1688 et
868 1631 1127 1689 Usserius
1150 1633 1372 1704 quidem
1398 1635 1452 1688 in
1478 1650 1575 1690 sua
1599 1634 1897 1703 Appendice
1921 1632 2090 1704 Igna-

508 1728 679 1794 tiana,
713 1725 945 1782 Vossius
985 1743 1116 1784 vero
1146 1729 1200 1783 in
1237 1728 1355 1783 suis
1390 1728 1586 1782 litteris
1637 1737 1857 1783 strenue
1890 1726 2087 1783 confu—

506 1825 782 1872 taverunt.
816 1815 929 1871 llos
951 1817 1164 1887 excepit
1201 1815 1469 1871 Henricus
1500 1814 1823 1871 Hamondus
1851 1815 2083 1885 presby-

504 1917 589 1966 ter
615 1908 974 1980 Anglicanus,
1010 1910 1105 1979 qui
1139 1908 1405 1978 prolixam
1427 1909 1694 1963 adversus
1743 1906 2086 1962 Blondellum

498 1999 793 2055 adornavit
820 1999 1270 2069 disputationem,
1323 2015 1432 2071 qua
1472 2015 1583 2055 non
1620 1999 1799 2053 solum
1831 1999 2088 2054 omnibus

502 2093 771 2149 Blondelli
798 2092 1140 2164 argumentis
1167 2094 1472 2163 respondit,
1497 2092 1592 2148 sed
1620 2092 1777 2148 novis
1807 2090 2090 2162 ﬁrmisque

502 2184 782 2240 rationum
829 2185 1126 2241 momentis
1172 2184 1342 2238 hasce
1385 2182 1649 2253 epistolas
1682 2182 1894 2252 lgnatio
1939 2197 2090 2239 asse-

498 2286 632 2333 ruit.
660 2274 867 2333 Contra
892 2277 1040 2334 hunc
1066 2276 1305 2332 Dallaeus
1340 2275 1806 2331 Charentonensis
1838 2274 2089 2330 minister

500 2377 710 2441 pugnat
768 2369 1156 2427 dissertatione
1212 2369 1372 2439 longe
1438 2367 1760 2438 prolixiori;
1802 2366 1899 2423 sed
1954 2366 2085 2431 ﬁde,

501 2463 767 2534 quidquid
808 2464 927 2535 ipse
948 2465 1170 2528 dixerit,
1198 2479 1312 2521 non
1345 2464 1574 2519 omnino
1606 2463 1836 2535 integra.
1883 2461 2086 2520 Omnes

499 2555 645 2610 enim
676 2556 937 2626 epistolas
958 2557 1166 2628 lgnatio
1198 2557 1489 2627 ascriptas,
1528 2556 1645 2612 sive
1676 2571 1771 2611 eas
1805 2570 1946 2626 quas
1973 2555 2084 2611 Ha~

501 2647 738 2703 mondus
766 2656 929 2718 atque
969 2648 1067 2703 alii
1113 2648 1322 2718 lgnatio
1354 2649 1624 2711 tribuunt.
1661 2647 1781 2703 sive
1814 2661 1912 2703 eas
1943 2663 2086 2717 quas

501 2741 603 2811 ipsi
633 2740 969 2811 abjudicant,
1009 2741 1099 2796 ille
1134 2740 1384 2807 confuse,
1412 2740 1715 2812 generatim
1751 2748 1806 2795 et
1834 2740 1888 2795 in
1924 2741 2084 2811 globo

500 2833 843 2905 aggreditur;
872 2842 1037 2904 atque
1063 2844 1123 2889 ut
1154 2834 1257 2890 hac
1285 2832 1613 2890 confusione
1646 2842 1699 2889 et
1748 2832 1956 2904 ingenti
1990 2848 2084 2887 ar—

500 2934 887 2996 gumentorum
936 2925 1165 2983 cohorte
1205 2924 1396 2984 fucum
1442 2922 1668 2990 faceret,
1715 2934 1912 2980 contra
1958 2924 2083 2981 illas

499 3032 692 3075 clunes
723 3018 956 3083 litteras,
989 3018 1233 3087 quinque
1266 3032 1434 3088 supra
1464 3017 1775 3088 sexaginta,
1820 3033 1944 3087 quae
1988 3032 2083 3073 ac-

497 3119 688 3168 curate
716 3118 992 3177 numerat,
1026 3110 1230 3181 promit
1259 3110 1536 3167 rationum
1566 3108 1935 3165 ﬁrmamenta.
1972 3108 2081 3165 Ve-

496 3218 619 3259 rum
662 3201 1002 3261 Pearsonius
1044 3202 1329 3275 presbyter
1365 3201 1706 3272 Anglicanus
1748 3202 1926 3259 doctis
1958 3203 2080 3260 suis
2107 3229 2151 3288 ε

496 3294 815 3351 earumdem
847 3294 1206 3364 epistolarum
1237 3292 1506 3351 Vindiciis
1547 3310 1740 3351 omnes
1761 3295 1883 3365 ejus
1908 3310 2081 3349 cona-

496 3394 587 3441 tus
615 3400 808 3443 cassos
835 3394 892 3443 et
921 3386 1110 3444 irritos
1143 3387 1396 3443 reddidit.
1429 3386 1604 3443 Tanta
1632 3388 1783 3444 enim
1826 3387 2082 3444 claritate

493 3484 550 3535 ut
589 3477 908 3537 sinceritate
951 3478 1168 3536 illarum
1213 3480 1496 3537 veritatem
1551 3482 1827 3548 astruxit,
1876 3492 2082 3552 quanta

494 3568 825 3628 confusione
856 3570 1092 3629 Dallazus
1140 3572 1326 3628 omnia
1362 3574 1585 3629 turbare
1614 3584 1941 3631 tentaverat.
1973 3576 2081 3631 Co-

494 3670 658 3718 natus
683 3671 771 3719 est
800 3663 1019 3734 quidem
1044 3663 1185 3720 alius
1208 3663 1637 3721 Calvinistarum
1662 3668 1914 3723 minister
1941 3684 2080 3725 ano-

494 3768 692 3824 nymus
720 3753 1023 3825 desperatae
1070 3754 1259 3811 Dallzei
1306 3772 1491 3814 causa;
1521 3771 1665 3811 nova
1708 3758 2079 3828 disputatione

494 3847 787 3918 opitulari;
820 3848 916 3906 sed
946 3865 1110 3919 quam
1146 3851 1291 3907 male
1319 3851 1464 3907 votis
1493 3849 1617 3921 ejus
1650 3866 1739 3907 res
1771 3852 2019 3920 cesserit,
2045 3868 2078 3909 a

494 3941 654 3996 nobis
674 3940 791 4011 jam
825 3940 1317 3998 demonstrandum
1352 3950 1456 4000 est.

532 4031 676 4105 θυι
713 4034 835 4099 Qua
867 4033 1109 4087 methodo
1139 4050 1262 4089 vera
1292 4036 1554 4091 sententia
1594 4036 2036 4107 propugnabitur.

558 4122 907 4196 Quapropter
926 4134 1132 4195 septem
1159 4125 1352 4198 lgnatii
1374 4129 1659 4199 epistolas,
1676 4145 1797 4199 quae
1816 4129 2073 4200 primam,

495 4217 571 4271 uti
591 4216 801 4273 dictum
832 4225 937 4285 est,
965 4219 1199 4275 classem
1233 4229 1593 4289 componunt,
1629 4236 1693 4275 ea
1727 4221 1985 4277 methodo
2005 4221 2076 4277 ab

490 4305 698 4379 lgnatio
720 4309 997 4380 profectas
1024 4325 1149 4367 esse
1172 4311 1530 4367 ostendemus
1550 4351 1564 4377 ,
1595 4321 1656 4367 ut
1687 4312 1874 4368 omnia
1906 4329 2076 4384 argu-

489 4408 695 4468 menta,
713 4402 916 4471 quibus
940 4402 1031 4457 alii
1055 4403 1209 4472 prius
1232 4418 1327 4461 eas
1350 4404 1453 4473 ipsi
1477 4404 1828 4461 vindicarunt
1852 4420 2075 4461 rursum

490 4493 559 4551 ad
588 4495 845 4551 incudem
874 4505 1152 4564 revocata,
1183 4498 1309 4554 aliis
1340 4499 1519 4565 novis,
1564 4508 1620 4554 et
1646 4514 1678 4554 a
1717 4499 1878 4554 nobis
1900 4515 2072 4556 exeo-

2193 625 2275 679 eis
2310 638 2511 693 negare
2540 635 2786 689 unquam
2817 619 3018 688 potuit,
3059 618 3324 672 nimirum
3356 618 3457 671 has
3484 615 3746 685 epistolas
3767 656 3783 680 ,

2195 728 2487 789 postquam
2520 715 2775 785 genuina:
2810 714 2887 767 uti
2919 713 3157 781 ﬁngunt,
3208 710 3405 777 lgnatii
3454 710 3649 765 littera:
3692 724 3787 778 pe-

2196 810 2445 871 riissent,
2467 809 2609 862 intra
2640 822 2843 861 annum
2870 803 2996 869 l06,
3017 820 3128 874 quo
3154 804 3245 858 ille
3268 812 3473 874 martyr
3501 802 3783 867 occubuit,

2194 911 2249 956 et
2276 917 2481 956 annum
2520 911 2615 954 aut
2647 899 2773 966 526,
2804 906 2895 954 aut
2925 898 2993 953 ad
3030 913 3307 952 summum
3335 895 3462 962 530,
3495 911 3605 966 quo
3624 912 3781 951 suam

2197 991 2804 1064 Eusebiusjﬂistoriam
2832 991 3154 1059 divulgavit,
3188 991 3462 1061 publicam
3511 989 3783 1058 prodiisse

2194 1086 2250 1141 in
2306 1088 2507 1141 lucem.
2558 1085 2617 1140 id
2672 1085 2956 1140 enimvero
3003 1083 3207 1139 falsum
3272 1082 3551 1153 gratisque
3592 1081 3781 1137 ﬂetum

2196 1199 2324 1238 esse
2368 1182 2497 1237 inde
2542 1181 2834 1246 evincitur,
2883 1178 3029 1249 quod
3078 1178 3145 1234 iis
3186 1192 3405 1247 quoque
3449 1176 3780 1244 fatentibus,

2191 1274 2440 1344 ignatius
2482 1272 2749 1343 quasdam
2793 1270 3017 1340 scripsit
3066 1269 3353 1339 epistolas,
3386 1267 3590 1337 quibus
3641 1276 3781 1323 teste

2196 1368 2458 1423 Dallaeou
2479 1365 2611 1421 Post
2644 1364 2816 1419 divini
2863 1362 3088 1419 foederis
3128 1362 3301 1416 libros
3347 1360 3484 1414 nihil
3517 1375 3640 1415 esse
3680 1360 3781 1414 de-

2192 1459 2315 1514 buit
2361 1459 2415 1512 in
2465 1465 2578 1512 tota
2622 1455 2862 1510 Ecclesia
2909 1454 3152 1508 nobilius
3217 1467 3281 1507 ac
3326 1450 3623 1516 celebrius,
3668 1450 3782 1505 nisi

2188 1548 2335 1606 forte
2359 1548 2659 1605 Clementis
2692 1547 2981 1617 epistolam
3012 1544 3312 1615 exceperis.
3351 1563 3371 1596 ι

2268 1642 2408 1698 Hinc
2436 1642 2637 1712 quippe
2666 1639 2800 1694 illud
2832 1639 3143 1703 conﬁcitur,
3170 1637 3321 1708 quod
3348 1645 3496 1692 certe
3530 1650 3631 1690 nec
3652 1633 3781 1689 Dal-

2194 1735 2353 1801 lzus,
2386 1749 2490 1791 nec
2518 1734 2667 1791 ullus
2707 1749 2855 1789 sanae
2885 1733 3087 1787 mentis
3127 1729 3426 1801 negaverit,
3459 1729 3560 1784 has
3595 1728 3781 1783 since-

2198 1842 2290 1881 ras
2316 1826 2605 1895 scriptoris
2633 1825 2808 1879 nostri
2852 1824 3116 1894 epistolas
3159 1821 3323 1877 abiis
3357 1822 3551 1877 saltem
3591 1819 3781 1875 Eccle-

2194 1916 2323 1982 siis,
2360 1916 2429 1970 ad
2459 1930 2600 1986 quas
2630 1915 2921 1971 destinatae
2960 1925 3140 1981 erant,
3170 1930 3233 1970 ea
3271 1931 3396 1985 qua:
3438 1922 3591 1969 tanto
3632 1930 3779 1969 mar-

2193 2008 2297 2078 tyri
2346 2006 2686 2072 debebatur,
2741 2006 3092 2062 veneratione
3148 2016 3422 2076 acceptas,
3477 2021 3602 2060 cum
3655 2005 3780 2061 aliis

2190 2099 2355 2153 etiam
2406 2096 2852 2152 communicatas
2886 2096 3168 2162 ecclesiis,
3212 2096 3267 2149 in
3316 2111 3509 2151 earum
3559 2098 3779 2153 scriniis

2190 2195 2521 2251 asservatas,
2550 2200 2617 2241 ac
2645 2186 2698 2240 in
2721 2185 3168 2240 Christianorum
3201 2186 3459 2251 coetibus,
3484 2200 3592 2240 non
3618 2202 3780 2242 secus

2189 2294 2255 2335 ac
2290 2277 2588 2333 Clementis
2618 2278 2927 2346 epistolam,
2962 2278 3180 2348 aliaque
3213 2278 3349 2332 tanti
3379 2278 3539 2347 pretii
3573 2293 3775 2332 monu-

2186 2382 2396 2437 menta,
2436 2370 2652 2440 publice
2680 2371 2871 2426 lectas.
2907 2371 2978 2425 At
3007 2374 3130 2441 quis
3152 2370 3220 2425 ‘in
3270 2370 3517 2425 animum
3551 2371 3655 2427 sibi
3691 2371 3779 2425 in—

2184 2468 2353 2524 ducat
2380 2467 2630 2537 pluribus
2668 2466 2828 2522 annis
2871 2476 2998 2520 ante
3028 2464 3352 2520 Eusebianae
3378 2462 3632 2520 Historia:
3656 2464 3780 2519 edi-

2189 2563 2391 2617 tionem
2414 2559 2599 2614 omnia
2618 2558 2846 2613 omnino
2867 2558 3132 2613 harumce
3149 2557 3507 2628 epistolarum
3534 2566 3639 2610 tam
3661 2570 3781 2625 pre-

2188 2649 2326 2704 tiosa
2357 2648 2691 2717 exemplaria
2734 2647 2810 2702 ita
2850 2647 3114 2717 periisse,
3153 2655 3212 2701 ut
3248 2662 3317 2701 ne
3350 2646 3518 2701 unius
3549 2645 3773 2717 quidem

2184 2740 2479 2810 vestigium
2525 2755 2705 2809 neque
2746 2740 2801 2794 in
2850 2739 3097 2795 Ecclesia
3150 2739 3537 2803 Antiochena,
3596 2754 3775 2810 neque

2189 2831 2538 2904 Smyrnensi,
2600 2846 2780 2903 neque
2848 2830 3135 2896 Romana,
3199 2847 3299 2886 nec
3348 2832 3460 2886 ulla
3516 2831 3622 2885 alia
3689 2832 3779 2886 de-
3856 2816 3870 2825 ’

2184 2927 2449 2998 prehendi
2478 2926 2750 2996 potuerit?
2778 2923 3038 2995 Nunquid
3077 2938 3270 2978 omnes
3309 2932 3362 2977 et
3396 2921 3689 2986 Ecclesiae,
3723 2934 3776 2977 et

2184 3018 2484 3075 Christiani
2516 3021 2682 3073 etiam
2709 3016 3039 3072 Antiocheni
3070 3015 3236 3070 tantis
3260 3014 3483 3080 animis,
3517 3025 3778 3083 tantaque

2186 3118 2302 3165 arte
2322 3110 2373 3163 in
2399 3110 2614 3164 illarum
2645 3106 2942 3178 perniciem
2988 3105 3524 3171 exstinctionemque
3549 3103 3777 3173 conspi-

2184 3212 2408 3267 rarum,
2440 3209 2501 3255 ut
2528 3216 2655 3255 cum
2688 3213 2787 3264 ea),
2816 3213 2955 3267 quas
2979 3196 3363 3267 supposititias
3402 3210 3524 3250 esse
3546 3194 3773 3261 dicunt,

2186 3300 2362 3353 altero
2386 3306 2512 3368 post
2534 3297 2729 3367 lgnatii
2759 3305 2994 3352 mortem
3032 3294 3236 3350 saeculo
3264 3293 3451 3346 lumen
3483 3303 3771 3360 aspexere,

2183 3397 2299 3443 tum
2326 3387 2513 3442 nullus
2538 3387 2665 3441 licet
2685 3387 3140 3457 diligentissimus
3165 3393 3411 3438 veterum
3439 3380 3773 3449 scriptorum

2184 3477 2499 3547 indagator,
2539 3477 2667 3532 licet
2710 3474 2906 3547 lgnatii
2939 3474 3279 3543 temporibus
3324 3481 3380 3526 et
3416 3470 3774 3525 Antiochensi

2179 3569 2441 3625 Ecclesia:
2471 3568 2781 3638 proximus,
2806 3568 2875 3623 de
2907 3567 2999 3631 iis,
3036 3581 3179 3637 quas
3206 3580 3364 3621 veras
3390 3564 3775 3635 genuinasque

2180 3659 2353 3718 fuisse
2395 3660 2757 3724 contendunt,
2789 3659 2929 3714 nihil
2976 3659 3207 3715 omnino
3237 3673 3479 3727 unquam
3521 3656 3775 3726 suspica-

2183 3763 2269 3809 tus
2301 3754 2410 3809 sit?
2437 3752 2498 3808 Si
2524 3753 2670 3809 enim
2704 3761 2834 3807 tunc
2857 3751 3080 3822 aliquod
3106 3752 3303 3806 harum
3336 3751 3475 3804 tanti
3502 3750 3769 3821 martyris

2179 3846 2539 3916 epistolarum
2576 3845 2855 3913 exemplar
2884 3853 3166 3914 superstes
3210 3842 3413 3898 alicubi
3463 3841 3767 3907 exstiterit;

2178 3935 2225 3991 si
2256 3935 2456 4006 aliquis
2482 3934 2722 3990 Eusebio
2748 3936 3047 4005 antiquior,
3074 3935 3159 3988 vel
3184 3933 3393 4005 lgnatio
3426 3950 3652 4003 suppar,
3676 3945 3772 3990 aut

2178 4042 2429 4094 coaevus,
2455 4029 2522 4084 de
2557 4028 2752 4084 iisdem
2784 4027 3032 4097 epistolis
3056 4028 3265 4098 aliquid
3296 4027 3552 4090 audierit,
3586 4027 3732 4083 illico
3753 4070 3769 4094 ,

2177 4121 2262 4176 vel
2297 4121 2460 4177 unius
2491 4121 2707 4175 illarum
2753 4120 3082 4190 exemplaris
3124 4121 3238 4175 sola
3277 4120 3652 4184 exhibitione,
3688 4121 3772 4174 vel

2178 4215 2413 4285 alicujus
2452 4213 2654 4269 veteris
2685 4213 2973 4284 scriptoris
3020 4214 3479 4278 contradictione,
3522 4228 3600 4267 eae
3629 4213 3771 4266 ﬁcti-

2177 4307 2269 4363 tiae
2302 4308 2496 4362 litterae
2525 4306 2595 4360 ab
2640 4305 2735 4362 illo
2776 4316 2833 4362 et
2874 4306 3132 4361 omnibus
3163 4304 3288 4361 aliis
3348 4305 3585 4374 explosae
3632 4303 3771 4361 fuis-

2177 4409 2319 4456 88M.

2251 4512 2363 4568 Nec
2393 4512 2526 4568 illud
2568 4513 3099 4583 prmterrnittendum
3136 4519 3239 4577 est,
3273 4512 3420 4581 quod
3466 4513 3768 4568 adversarii

489 4587 672 4658 gitatis
702 4589 980 4645 rationum
1018 4592 1311 4647 momentis
1336 4591 1752 4649 conﬁrmentur.
1804 4592 1943 4648 Tum
1975 4594 2077 4649 ob-

2185 4608 2239 4662 in
2276 4607 2452 4673 hisce,
2494 4621 2633 4676 quas
2666 4604 2879 4676 lgnatio
2920 4605 3239 4675 suppositas
3279 4604 3492 4668 dicunt,
3521 4604 3768 4673 epistolis

487 4679 749 4750 iectiones
780 4682 1243 4750 adversariorum,
1278 4685 1533 4754 expensis
1572 4685 1810 4741 aliorum
1843 4701 2075 4757 respon-

488 4771 759 4838 sionibus,
792 4773 877 4828 vel
901 4774 1109 4830 nostris
1140 4790 1240 4846 pro
1272 4776 1417 4831 virili
1446 4788 1601 4846 parte
1631 4778 1943 4848 subiunctis
1977 4778 2073 4833 de—

488 4871 700 4919 struere
725 4864 1086 4934 conabimur;
1120 4882 1186 4922 ae
1218 4867 1434 4923 tandem
1463 4868 1531 4922 ad
1564 4884 1629 4923 ea
1657 4870 1841 4925 omnia
1870 4885 1993 4940 quae
2015 4870 2073 4926 in

489 4953 848 5014 Pearsonium
878 4958 950 5013 ab
994 4974 1272 5031 anonymo
1309 4960 1631 5031 deprompta
1669 4964 1855 5018 nullus
1891 4964 2077 5017 hacte-

490 5064 595 5104 nus
634 5049 834 5119 attigit,
869 5052 1017 5106 clare
1044 5064 1101 5109 et
1126 5052 1384 5120 dilucide,
1416 5068 1583 5126 atque
1608 5057 1690 5111 uti
1729 5070 2023 5127 speramus
2043 5097 2064 5123 ,

489 5137 736 5201 funditus
764 5145 1054 5201 evertenda
1080 5147 1306 5216 propius
1334 5148 1682 5205 accedemus.

1088 5255 1323 5312 CAPUT
1357 5256 1448 5315 lli.

489 5383 824 5427 PIOPONITUB
852 5386 1057 5426 PRIIUI
1086 5387 1471 5439 ARGUIENTUM,
1511 5388 1579 5427 EX
1613 5389 1685 5429 IIS
1712 5388 1835 5437 ρυλε
1868 5389 2074 5428 Λυνειι-

827 5457 968 5497 εΑιιιι
1013 5458 1244 5497 FINGUN'I'
1287 5459 1567 5498 DEPROMPT
1576 5460 1667 5498 UH.

556 5524 804 5586 Primum
845 5531 1071 5602 quidem
1107 5542 1447 5587 momentum
1478 5535 1584 5589 etsi
1615 5534 1743 5590 inde
1773 5537 1893 5591 erui
1946 5551 2074 5606 pos-

486 5628 589 5684 set,
625 5621 777 5692 quod
824 5623 1277 5679 adversariorum
1328 5624 1386 5679 in
1437 5626 1817 5681 commentitia
1870 5628 2071 5681 barum

484 5714 842 5784 cpistolarum
856 5724 1015 5771 etate
1040 5716 1389 5787 assignanda,
1418 5727 1528 5772 tam
1541 5720 1707 5775 varia:
1723 5718 1835 5775 sint
1860 5719 2075 5789 opinio-

2178 4699 2487 4755 doctrinam
2554 4698 2806 4769 ejusdem
2857 4696 3053 4768 lgnatii
3090 4696 3575 4766 Ecclesiarumque
3618 4696 3767 4752 illius

2176 4791 2441 4861 temporis
2462 4791 2700 4846 decretis
2724 4791 3033 4861 oppositam
3062 4804 3182 4843 sese
3204 4788 3658 4842 animadvertisse
3678 4804 3767 4842 ar-

2177 4884 2483 4950 bitrantur;
2516 4892 2679 4953 atque
2722 4882 3039 4937 earumdem
3082 4890 3360 4936 auctorem
3394 4882 3763 4951 ingeniosum,

2178 4976 2539 5042 industrium,
2576 4974 2859 5039 callidum,
2903 4982 3222 5041 versutum;
3260 4975 3346 5028 vel
3368 4984 3533 5044 prout
3567 4990 3764 5030 eorum

2176 5071 2427 5135 interest,
2470 5069 2711 5134 tardum,
2754 5068 3115 5138 plumbeum,
3155 5068 3439 5136 supinum,
3481 5070 3763 5125 indoctum

2185 5160 2391 5231 passim
2438 5160 2763 5230 praedicant.
2794 5159 2907 5213 Cur
2948 5175 3079 5230 ergo
3127 5160 3247 5215 haec
3284 5161 3470 5216 omnia
3515 5161 3763 5218 doctissi-

2178 5269 2299 5309 mos
2321 5254 2466 5309 tertii
2487 5253 2782 5323 quartique
2811 5254 2996 5308 saeculi
3031 5254 3351 5323 scriptores,
3381 5263 3546 5324 atque
3587 5253 3760 5309 Euse-

2178 5346 2330 5401 bium
2360 5346 2566 5415 ipsum,
2593 5345 2688 5414 qui
2721 5355 2925 5401 tantam
2964 5345 3019 5399 in
3052 5346 3375 5401 evolvendis
3418 5356 3475 5401 et
3500 5348 3760 5403 erucndis

2175 5448 2423 5494 veterum
2474 5437 2699 5493 Patrum
2755 5439 3131 5493 monumentis
3183 5453 3406 5507 operam
3465 5449 3758 5509 posuerat,

2177 5533 2341 5602 plane
2384 5533 2715 5601 penitusque
2763 5530 3061 5601 fugerunt?
3104 5528 3302 5586 Nullus
3354 5529 3629 5600 profecto,
3680 5532 3757 5586 uti

2178 5626 2491 5695 opinamur,
2518 5625 2629 5679 erit
2656 5625 2911 5679 sincerus
2938 5624 3212 5694 aequitatis
3241 5632 3297 5678 et
3324 5624 3573 5680 veritatis
3599 5640 3757 5679 ama-

2178 5731 2285 5783 tor,
2312 5719 2408 5788 qui
2442 5733 2549 5773 non
2592 5718 2863 5789 intelligat
2900 5726 3165 5786 quantum
3204 5716 3288 5771 ha:
3325 5718 3617 5786 opiniones
3656 5732 3755 5787 pa-

487 5821 615 5869 nes,
645 5815 705 5861 ut
737 5807 922 5863 nullus
955 5810 1181 5863 omnino
1212 5809 1356 5864 inter
1386 5826 1482 5868 eos
1504 5811 1570 5867 de
1602 5827 1660 5867 re
1684 5827 1792 5867 non
1826 5812 1899 5867 ita
1934 5811 2076 5865 tlilli-
2161 5834 2282 5874 ruln
2319 5832 2447 5872 vero
2473 5816 2759 5872 videantur
2792 5815 3022 5882 similes,
3052 5827 3432 5891 quantumque
3461 5820 3565 5877 sibi
3603 5820 3746 5877 invi-

486 5898 575 5952 cili
621 5914 929 5956 consensus
967 5916 1086 5961 csse
1119 5911 1311 5971 queat;
1349 5903 1479 5961 illud
1516 5913 1692 5962 tamen
1728 5904 2073 5972 potissimum
2160 5924 2279 5967 cem
2316 5907 2605 5967 contrariae
2639 5909 2746 5966 sint
2777 5918 2830 5965 et
2860 5908 3121 5966 adversae.
