4138 6392
443 384 535 434 πο

1058 504 1287 559 CAPUT
1332 505 1417 558 IV.

435 610 801 649 ARGUMENTUM
847 612 1121 650 SECUNDUM
1155 614 1220 650 EX
1258 615 1548 653 POLVCARPI
1571 614 1895 653 TESTIMONIO
1926 616 2019 652 PE-

507 683 676 720 TITUM
734 684 800 720 ΔΒ
853 683 1282 723 EXCEPTIONIBUS
1340 686 1787 725 ADVERSARIORUI
1845 686 2019 725 VINDI-

502 754 701 791 (IATUR.

434 827 460 896 ξ
498 828 534 883 1.
573 830 959 903 Testimonium
1004 831 1287 900 Polycarpi
1339 834 1691 901 proponitur,
1750 845 1799 887 et
1842 838 2017 903 prima

832 901 1027 954 Dallazi
1058 905 1293 970 exceptio
1328 905 1609 971 refellitur.

503 989 607 1043 Sed
645 992 758 1061 jam
804 994 871 1047 ad
900 994 1008 1047 alia
1041 1004 1385 1063 argumenta,
1434 998 1638 1065 quibus
1670 997 1855 1066 opinio
1901 1006 2010 1051 tam

429 1096 621 1149 parum
653 1082 756 1137 sibi
782 1092 1046 1138 constans
1073 1086 1446 1155 impugnatur,
1478 1088 1882 1155 properandum
1906 1097 2006 1141 est.

429 1170 502 1223 Ea
535 1182 713 1225 autem
746 1174 980 1243 duplicis
1005 1184 1132 1229 sunt
1154 1178 1401 1247 generis:
1426 1178 1532 1230 alia
1561 1177 1761 1246 quippe
1785 1186 2009 1231 externa

426 1263 532 1317 dici
561 1275 811 1333 possunt,
845 1283 966 1336 qua
1008 1282 1075 1321 ex
1104 1269 1228 1323 aliis
1272 1270 1564 1339 inculpata
1600 1280 1654 1324 et
1687 1271 2010 1325 certissima

427 1355 551 1410 ﬁdei
582 1365 838 1424 petuntur
864 1358 1261 1427 scriptoribus;
1304 1362 1409 1414 alia
1449 1377 1578 1414 vero
1618 1362 1853 1427 interna,
1884 1363 2009 1431 qui-

428 1449 530 1502 bus
560 1449 803 1503 auctoris
833 1465 998 1519 Opera
1026 1452 1147 1519 ejus
1194 1453 1412 1521 ingenio
1439 1463 1492 1506 et
1521 1455 1772 1524 tempori,
1803 1471 1867 1509 ac
1898 1471 2005 1509 ca-

424 1541 575 1605 teris,
604 1556 725 1610 qua
772 1541 1069 1596 desiderari
1101 1553 1331 1612 possunt
1361 1546 1653 1613 adjunctis,
1703 1557 1825 1616 apte
1867 1563 2003 1602 con-

424 1635 610 1689 venire
642 1636 1109 1690 demonstrantur.
1143 1636 1211 1690 At
1242 1638 1457 1692 invictis
1484 1640 1770 1709 utriusque
1790 1642 2003 1708 generis

424 1727 750 1790 momentis,
794 1736 999 1794 septem
1054 1728 1241 1795 prima
1274 1730 1467 1784 classis
1506 1730 1762 1799 epistolas
1793 1730 1999 1802 lgnatio

424 1817 593 1871 asseri
622 1832 782 1886 posse
812 1819 970 1887 plane
1000 1822 1408 1877 contendimus.

493 1910 670 1979 Atque
719 1920 778 1965 ut
825 1927 855 1964 a
888 1914 1066 1981 primo
1112 1927 1563 1984 argumentorum
1608 1935 1806 1989 genere
1846 1936 2008 1974 exor-

422 2001 571 2054 dium
622 2017 944 2068 sumamus,
991 2020 1346 2062 numerosum
1397 2009 1689 2079 cujuslibet
1724 2013 1823 2066 avi
1867 2013 2006 2067 scri-

422 2102 662 2161 ptorum,
690 2096 781 2163 qui
810 2096 909 2151 has
938 2098 1199 2165 epistolas
1218 2110 1407 2155 nostro
1436 2104 1662 2173 martyri
1692 2104 2003 2172 vindicant,

422 2201 614 2255 agmen
651 2187 813 2243 ducet
839 2187 1197 2261 Polyearpus,
1228 2192 1477 2264 Smyrna:
1503 2196 1814 2265 episcopus,
1850 2195 2007 2266 lgna—

421 2277 498 2331 tio
529 2295 634 2334 non
659 2282 837 2335 solum
866 2298 1103 2351 coavus,
1138 2285 1233 2339 sed
1260 2287 1499 2341 amicitia
1527 2297 1578 2341 et
1605 2290 2004 2345 consuetudine

420 2373 929 2441 conjunctissimus.
972 2376 1023 2432 Is
1070 2379 1215 2432 enim
1264 2382 1356 2450 qui
1395 2381 1448 2434 in
1508 2382 1705 2438 litteris
1753 2385 1852 2437 viri
1898 2385 2002 2439 sibi

422 2465 743 2522 amicissimi
793 2470 1182 2540 dignoscendis
1228 2476 1311 2529 vel
1364 2476 1693 2545 indicandis,
1744 2495 1842 2533 nec
1889 2481 2002 2535 falli

422 2570 523 2609 nec
548 2556 736 2612 fallere
767 2570 1001 2629 poterat,
1051 2564 1117 2618 de
1148 2565 1215 2620 iis
1246 2567 1312 2620 ad
1342 2565 1719 2636 Philippenscs
1750 2572 1831 2623 sic
1867 2572 2003 2625 seri-

422 2643 502 2696 bit
534 2664 547 2699 :
585 2664 603 2696 ι
637 2646 945 2717 Scripsistis
979 2652 1043 2705 ad
1068 2669 1155 2706 me
1180 2664 1233 2707 et
1267 2670 1365 2711 vos
1395 2665 1448 2710 et
1477 2659 1857 2725 lgnatius......
1888 2661 2002 2729 epi-

422 2738 591 2792 stolas
623 2755 812 2794 omues
849 2741 1063 2812 lgnatii,
1094 2761 1232 2813 quas
1261 2746 1327 2799 ad
1363 2763 1449 2802 me
1482 2750 1719 2817 scripsit,
1759 2760 1811 2805 et
1834 2768 2000 2821 quas-

420 2846 638 2899 cunque
666 2832 885 2885 demum
915 2834 1058 2903 apud
1089 2851 1192 2890 nos
1216 2840 1455 2907 reperire
1479 2844 1776 2909 potuimus,
1810 2860 1998 2913 quem-

424 2922 719 2975 admodum
740 2924 899 2978 nobis
930 2927 1252 2992 mandastis,
1282 2929 1348 2983 ad
1372 2946 1468 2985 vos
1494 2931 1764 2988 misimus.
1800 2954 1817 2986 ι
1858 2934 1998 3001 Quid

426 3014 558 3067 tanti
590 3014 692 3067 viri
737 3018 1061 3072 auctoritate
1092 3020 1410 3077 etlicacius?
1434 3024 1563 3093 quid
1593 3024 1712 3093 ejus
1744 3028 1998 3081 testimo-

424 3106 517 3159 nio
549 3106 751 3162 clarius
777 3116 829 3162 et
856 3110 1193 3167 evidentius?

1506 386 1563 438 S.
1610 382 1961 437 lGNATIUS.
1995 410 2063 421 —
2104 382 2634 440 PROLEGOMENA.

2046 507 2089 563 Α
2166 505 2191 575 §
2223 504 2287 559 ll.
2332 506 2574 561 Secunda
2604 517 2654 562 et
2682 508 2840 562 tertia
2866 508 3063 564 Danai
3084 512 3318 580 exceptio
3346 511 3669 581 exploditur.

3606 394 3709 447 480

2193 621 2466 687 Quocirca
2502 623 2735 679 Dallaus
2789 625 2842 679 id
2890 626 3035 694 quod
3084 626 3319 695 primum
3353 638 3705 697 opposuerat,

2123 729 2231 767 non
2274 715 2406 769 satis
2464 716 2681 769 ﬁrmum
2738 731 2862 770 esse
2917 717 3147 783 veritus,
3190 718 3256 771 ad
3290 719 3520 772 alterum
3558 722 3706 788 quod

2120 804 2344 872 majoris
2375 812 2529 872 putat
2554 819 2673 859 esse
2706 806 2995 873 momenti,
3042 807 3406 876 progreditur.
3462 808 3551 862 Ait
3595 808 3703 863 ita-

2119 909 2223 961 que
2248 894 2292 924 ⁸⁸
2330 895 2444 948 hac
2465 895 2709 963 epistola
2751 894 3034 967 Polycarpi
3067 897 3229 949 verba
3263 916 3275 949 :
3325 914 3344 948 ι
3391 895 3703 967 Scripsistis

2116 985 2182 1040 ad
2229 1001 2338 1049 me,
2406 1005 2424 1037 ι
2486 996 2617 1052 etc.,
2668 1002 2791 1056 qua
2830 987 2896 1041 ad
2950 988 3113 1041 linem
3158 1002 3334 1056 usque
3365 999 3697 1057 sequuntur;

2122 1094 2138 1126 ι
2179 1078 2403 1132 omnino
2451 1078 2622 1132 videri
2689 1089 2915 1143 temere,
2957 1087 3010 1132 et
3042 1089 3237 1147 prater
3265 1081 3506 1134 auctoris
3546 1095 3699 1135 men-

2114 1178 2223 1222 tem
2256 1170 2432 1223 aliena
2455 1186 2619 1224 manu
2652 1179 2863 1225 assuta.
2893 1192 2912 1223 ›
2947 1170 3102 1237 Quod
3129 1172 3345 1240 quidem
3374 1187 3565 1227 rursus
3597 1174 3700 1227 du-

2112 1260 2237 1328 plici
2284 1262 2495 1316 ratione
2540 1263 2773 1331 probare
2828 1263 3042 1317 nititur.
3075 1262 3281 1329 Primo,
3315 1265 3574 1333 quoniam
3606 1264 3695 1320 illa

2118 1372 2137 1403 ι
2179 1354 2437 1420 absurde,
2486 1364 2541 1407 et
2571 1364 2765 1423 praeter
2806 1354 3153 1409 manifestam
3190 1357 3455 1412 orationis
3498 1358 3694 1412 seriem

2110 1444 2339 1508 inserta,
2368 1457 2529 1514 atque
2561 1446 2753 1499 infulta
2778 1457 2923 1500 sunt.
2960 1467 2977 1499 ›
3010 1448 3396 1518 Superioribus
3426 1450 3691 1520 siquidem

2107 1536 2289 1590 verbis
2336 1554 2348 1589 :
2393 1555 2409 1586 ι
2453 1534 2523 1589 Ut
2551 1538 2671 1591 sitis
2704 1538 2951 1607 perfecti,
2985 1558 3003 1590 ι
3035 1550 3163 1604 etc.,
3200 1540 3429 1609 epistola
3470 1540 3693 1595 claude-

2105 1626 2285 1692 batur,
2310 1628 2411 1694 vel,
2462 1637 2521 1681 ut
2552 1631 2666 1697 ipse
2716 1631 2955 1698 loquitur
2990 1650 3001 1684 :
3042 1651 3058 1682 ι
3103 1631 3159 1684 ln
3204 1632 3342 1686 hanc
3376 1633 3696 1689 decentissi-

2045 1732 2053 1740 '
2104 1736 2271 1786 mam,
2320 1731 2378 1775 ut
2416 1737 2605 1776 omnes
2667 1722 2884 1789 vident,
2934 1724 3238 1779 clausulam
3282 1725 3559 1780 desinebat
3579 1726 3694 1796 epi-

2026 1849 2069 1904 Β
2098 1814 2289 1867 stola.»

2186 1905 2460 1971 Secundo,
2489 1908 2616 1977 quia
2648 1908 2761 1963 hac
2788 1908 2981 1964 ultima
3010 1910 3175 1965 verba
3212 1910 3479 1981 lgnatium
3511 1912 3690 1969 adhuc

2110 1998 2163 2051 in
2193 1999 2330 2053 vivis
2367 2000 2647 2069 degentem
2675 2011 2999 2066 memorant,
3036 2018 3197 2071 quem
3228 2004 3315 2056 illa
3347 2006 3629 2073 superiora
3670 2022 3685 2058 :

2115 2108 2133 2140 ι
2176 2088 2241 2142 1ιί
2274 2106 2464 2143 omnes
2512 2106 2620 2143 non
2665 2091 2717 2144 in
2766 2108 3001 2146 vacuum
3057 2104 3439 2162 cucurrerunt,
3489 2116 3506 2147 ι
3553 2106 3685 2160 etc.,

2108 2181 2385 2234 declarant
2415 2192 2709 2236 mortuum.
2745 2181 2899 2236 Unde
2925 2184 3066 2237 idem
3097 2185 3327 2239 Dallaus
3360 2204 3375 2240 :
3410 2205 3428 2237 ι
3472 2188 3549 2240 Ex
3578 2188 3685 2253 his,

2107 2269 2304 2338 inquit,
2336 2270 2449 2324 sole
2484 2270 2785 2324 meridiano
2815 2271 3017 2326 clarius
3044 2282 3126 2327 est
3152 2274 3401 2329 diversos
3442 2290 3562 2330 esse
3593 2277 3689 2331 ho—

2107 2361 2302 2428 mines,
2329 2362 2422 2432 qui
2456 2362 2644 2416 eadem
2702 2363 2768 2415 de
2814 2378 2871 2417 re
2905 2373 3011 2417 tam
3061 2365 3429 2433 dissentanea,
3465 2376 3684 2439 tamque

2108 2453 2249 2506 inter
2288 2468 2345 2507 se
2395 2454 2693 2519 contraria,
2747 2464 2801 2507 et
2854 2458 3214 2525 repugnantia
3261 2458 3594 2527 loquuntur;
3656 2479 3674 2513 ι

2107 2545 2466 2614 proindeque,
2504 2564 2521 2595 ι
2561 2546 2881 2615 particulam
2925 2547 3069 2599 illam
3116 2546 3254 2601 falso
3288 2564 3352 2602 ac
3388 2549 3537 2602 vafro
3568 2550 3682 2619 cpi-

2107 2638 2259 2691 stola
2300 2652 2421 2691 esse
2463 2649 2705 2692 assutam
2753 2640 2821 2691 ab
2850 2640 3034 2708 aliquo
3068 2640 3380 2709 impostore.
3432 2661 3452 2692 ι
3483 2641 3681 2696 Confe-

2107 2730 2234 2782 stim
2260 2745 2390 2783 vero
2417 2730 2602 2784 subdit
2636 2751 2647 2784 :
2700 2750 2717 2781 ι
2758 2730 2853 2787 His
2885 2734 3146 2803 exceptis,
3188 2736 3323 2787 nihil
3356 2736 3411 2787 in
3448 2736 3678 2804 epistola

2105 2821 2196 2874 illa
2227 2821 2438 2876 videtur
2471 2837 2781 2889 occurrere,
2813 2824 2957 2893 quod
3000 2827 3083 2879 vel
3137 2842 3467 2897 quemquam
3510 2828 3679 2882 otl‘en-

2102 2915 2249 2977 dere,
2286 2915 2367 2968 vel
2394 2914 2998 2989 Polycarpoindignum
3024 2921 3237 2974 censeri
3258 2921 3469 2975 debeat.
3511 2938 3529 2971 ι

2179 3006 2283 3061 Sed
2329 3008 2420 3061 hic
2492 3010 2767 3078 paulisper
2818 3011 3174 3065 immoremur
3224 3014 3677 3081 attendamusque

2102 3111 2231 3149 num
2264 3097 2514 3164 Dallaus,
2543 3099 2633 3152 ubi
2665 3100 2720 3153 in
2749 3103 3183 3157 contradictione
3211 3113 3263 3157 et
3297 3104 3671 3174 repugnantia,

489 3194 606 3250 Duo
639 3205 820 3252 tamen
859 3216 980 3269 qua;
1027 3218 1370 3272 nequaquam
1421 3207 1832 3262 condcmnenda
1875 3225 1996 3265 esse
2026 3191 2067 3245 C
2102 3204 2266 3257 quam
2315 3191 2497 3245 nullus
2529 3202 2653 3247 ante
2692 3194 2845 3247 illum
2899 3194 3349 3264 deprehenderat,
3390 3196 3675 3264 retegenda

416 3286 669 3355 alIirmat,
702 3291 750 3343 ei
783 3294 1007 3360 opponit
1052 3294 1285 3351 Dallaus
1308 3297 1373 3351 ⁸⁸.
1408 3296 1651 3352 Primum
1703 3309 1787 3355 est
1831 3300 1994 3358 Nice—

416 3379 570 3447 phori
600 3380 1187 3452 Constantinopolitani
1221 3388 1515 3457 judicium,
1547 3408 1656 3461 quo
1690 3394 1802 3449 hac
1832 3393 1994 3465 Poly-

416 3472 565 3539 carpi
601 3474 835 3541 epistola
882 3476 949 3529 ad
975 3478 1255 3533 deterrimi
1277 3481 1528 3551 fgeneris,
1564 3495 1621 3538 ut
1656 3485 1889 3543 Dallaus
1931 3505 1995 3544 ac

414 3563 667 3618 defensor
695 3566 815 3635 ejus
858 3567 1179 3638 loquuntur,
1226 3577 1559 3647 apocrypha,
1596 3579 1801 3635 scilicet
1825 3581 1990 3635 itine-

414 3658 558 3711 raria
583 3657 724 3712 Petri
753 3669 807 3713 et
839 3660 1062 3718 Thoma
1089 3668 1277 3733 procul
1306 3672 1655 3727 amandatur.
1686 3671 1841 3729 Unde
1863 3674 1991 3730 Dal-

414 3749 629 3805 laus”:
652 3767 669 3799 ι
693 3750 1005 3823 Nicephori,
1041 3758 1237 3828 inquit,
1265 3770 1318 3814 et
1349 3764 1677 3832 patriarcha
1719 3768 1988 3836 primarii,

413 3848 466 3893 et
494 3841 777 3910 scriptoris
799 3847 957 3901 annis
984 3848 1204 3904 circiter
1220 3853 1547 3923 octingentis
1574 3856 1732 3913 nobis
1758 3860 1991 3914 nostris-

413 3948 520 4001 que
560 3938 897 4002 vctustioris,
948 3940 1015 3994 de
1061 3942 1147 3997 his
1186 3943 1342 3998 libris
1374 3946 1669 4015 judicium,
1720 3946 1988 4005 llamondi

414 4028 633 4081 tametsi
682 4029 785 4082 viri
833 4034 1236 4102 eruditissimi,
1288 4046 1342 4091 et
1385 4039 1616 4092 aliorum
1662 4042 1761 4095 avi
1816 4046 1989 4098 nostri

413 4119 692 4173 sententia
721 4121 977 4188 praferre
1004 4126 1152 4179 nulla
1184 4126 1385 4180 invidia
1418 4138 1521 4183 est.
1557 4148 1574 4180 ι
1610 4130 1715 4185 Sed
1758 4133 1802 4186 si
1841 4134 1987 4187 nulla

412 4209 484 4264 sit
508 4211 709 4265 invidia
738 4210 1029 4283 Nicephori
1057 4216 1324 4285 judicium
1353 4217 1621 4274 llamondi
1644 4222 1989 4292 aliorumque

409 4304 775 4357 recentiorum
811 4308 1095 4362 sententia
1131 4310 1407 4377 praferre,
1448 4313 1595 4367 nulla
1629 4330 1849 4383 quoque
1886 4316 1990 4371 erit

411 4393 611 4447 invidia
643 4395 911 4465 judicium
954 4396 1164 4461 lrenai,
1208 4402 1450 4469 Eusebii,
1500 4405 1846 4477 aliorumque
1884 4406 1987 4462 Pa-

411 4494 555 4539 trum
598 4494 675 4540 tot
710 4489 925 4544 saculis
953 4488 1262 4559 Nicephoro
1290 4494 1679 4557 vetustiorum,
1706 4496 1799 4565 qui
1831 4495 1987 4568 Poly-
2019 4544 2063 4599 Β

408 4592 575 4645 carpo
605 4578 745 4633 hanc
768 4580 1055 4648 epistolam
1075 4582 1381 4652 assignant,
1407 4584 1697 4654 Nicephori
1725 4588 1981 4655 praferre

408 4670 723 4723 sententia:
758 4672 869 4724 imo
894 4680 1045 4726 tanto
1076 4676 1273 4743 potiori
1299 4676 1424 4744 jure
1448 4676 1845 4745 praferendum
1871 4692 1979 4745 est,

405 4769 613 4827 quanto
647 4769 702 4814 et
730 4763 1033 4819 eruditione
1059 4769 1483 4834 prastantiores,
1518 4778 1680 4839 atque
1709 4773 1853 4825 atati
1877 4771 1983 4826 Po-

406 4850 611 4921 lycarpi
630 4853 920 4909 vieiniores
942 4855 1179 4911 fuerunt.
1200 4858 1401 4914 Deinde
1422 4860 1585 4915 verba
1611 4876 1641 4915 a
1675 4861 1873 4917 Dallao
1886 4864 1983 4918 ob-

401 4942 545 5013 jecla
574 4944 897 5013 patriarcha
926 4946 1216 5019 Nicephori
1242 4967 1350 5006 non
1385 4962 1533 5031 sunt,
1571 4954 1666 5009 sed
1700 4956 1983 5024 scriptoris

405 5037 686 5106 Cujusdam
714 5040 931 5094 obscuri
958 5052 1011 5097 et
1035 5046 1313 5115 anonymi,
1339 5048 1810 5118 qui,fragmentum
1834 5051 1983 5119 quod

406 5129 834 5185 Stichometria‘m
863 5145 1042 5202 vocat,
1076 5139 1144 5193 ad
1190 5139 1336 5194 illius
1366 5139 1835 5211 Chronograpbia
1864 5144 1973 5197 cal-

402 5238 518 5276 cem
557 5224 859 5293 subjunxit,
899 5238 958 5282 ut
987 5230 1130 5285 intra
1166 5246 1196 5285 a
1237 5233 1395 5287 nobis
1423 5234 1731 5289 clarissime
1754 5235 1982 5289 demon-

400 5317 681 5372 strabitur.
715 5319 781 5375 Et
824 5333 972 5377 certe
1010 5325 1133 5394 quis
1180 5327 1284 5381 sibi
1322 5330 1651 5396 persuadeat
1695 5328 1981 5400 Polycarpi

398 5414 704 5480 epistolam,
731 5418 890 5486 cujus
913 5420 1204 5475 utilitatem
1238 5421 1469 5477 Dallaus
1501 5438 1802 5495 agnoscere
1838 5425 1982 5494 cogi-

400 5512 506 5566 tur,
541 5520 570 5558 a
609 5504 914 5577 Nicephoro
939 5527 1102 5581 quem
1140 5513 1280 5567 idem
1320 5515 1553 5569 Dallaus
1584 5515 1842 5571 laudibus
1882 5533 1978 5571 ex-

397 5605 577 5660 ornat,
614 5598 754 5653 inter
782 5606 1092 5673 apocrypha
1127 5605 1407 5659 deterrimi
1440 5607 1658 5675 generis
1686 5607 1859 5664 fuisse
1884 5610 1975 5664 al)-

384 5684 397 5733 l
419 5690 668 5753 egatam?

2101 3281 2205 3334 sibi
2258 3282 2394 3335 adeo
2449 3284 2671 3353 lynceus
2701 3287 2932 3349 videtur,
2977 3287 3175 3340 ibidem
3208 3302 3393 3342 secum
3426 3288 3541 3356 ipse
3569 3304 3676 3341 nou

2100 3384 2321 3443 pugnet.
2353 3376 2646 3432 Enimvero
2688 3379 2733 3433 si
2779 3381 2832 3434 in
2865 3390 2977 3434 tota
3024 3382 3255 3450 epistola
3299 3382 3433 3435 nihil
3482 3393 3676 3451 prater

2101 3466 2246 3519 illam
2276 3468 2597 3536 particulam
2632 3482 2886 3526 occurrat
2915 3492 2926 3526 :
2975 3492 2992 3523 ι
3035 3473 3192 3538 Quod
3230 3474 3313 3527 vel
3341 3489 3673 3543 quemquam

2099 3556 2398 3624 offendere,
2426 3561 2505 3613 vel
2531 3559 2833 3632 Polycarpo
2860 3564 3143 3632 indignum
3169 3564 3381 3618 censeri
3403 3566 3613 3628 debeat,
3648 3583 3669 3615 ι

2099 3666 2196 3703 cur
2240 3667 2450 3721 quaso,
2489 3654 2720 3712 Dallaus
2766 3673 2873 3711 non
2919 3659 3095 3713 solum
3141 3657 3426 3713 Ilamondo
3466 3669 3519 3714 et
3553 3660 3674 3715 aliis

2098 3748 2196 3801 avi
2246 3749 2419 3802 nostri
2460 3749 2796 3805 doctissimis
2824 3752 3161 3818 hominibus,
3211 3754 3305 3807 sed
3332 3754 3493 3808 etiam
3527 3758 3674 3809 anti-

2096 3842 2380 3910 quissimis
2410 3840 2688 3910 ,Patribus
2724 3842 2959 3897 Eusebio
2996 3854 3049 3897 et
3085 3845 3293 3899 eateris
3336 3845 3551 3914 prafert
3581 3845 3673 3899 Ni-

2095 3933 2420 4003 cephorum,
2448 3935 2541 4003 qui
2568 3936 2853 4004 epistolam
2881 3945 3049 3990 totam
3092 3938 3267 4007 rejicit
3293 3938 3435 3991 inter
3458 3954 3519 3993 ea
3550 3954 3673 4009 qua

2095 4038 2224 4081 sunt
2252 4046 2269 4077 ι
2322 4043 2387 4081 ex
2426 4030 2863 4099 apocryphorum
2903 4030 3199 4085 deterrimo
3235 4047 3462 4102 genere;
3505 4053 3521 4085 ι
3567 4034 3670 4101 vel,

2095 4131 2152 4172 ut
2189 4120 2304 4187 ipse
2336 4120 2466 4174 alibi
2511 4122 2664 4185 dicit,
2707 4141 2724 4171 ‹
2764 4122 2905 4175 inter
2934 4122 3101 4177 libros
3131 4122 3328 4177 fabulis
3358 4134 3409 4177 et
3447 4124 3672 4194 ﬁgmen-

2093 4213 2165 4265 tis
2196 4212 2415 4281 plenos;
2454 4231 2472 4263 ι
2510 4229 2574 4267 ex
2616 4215 2835 4283 quibus,
2874 4233 2892 4265 ι
2930 4216 2974 4268 si
3035 4216 3159 4285 quis
3202 4217 3266 4270 ad
3300 4216 3459 4270 ﬁdem
3502 4218 3568 4271 de
3612 4231 3672 4271 re

2092 4304 2274 4373 aliqua
2306 4305 2498 4372 primis
2532 4306 2639 4360 illis
2674 4308 3016 4376 temporibus
3047 4317 3199 4378 gesta
3245 4308 3548 4362 faciendam
3587 4307 3669 4362 af-

2093 4395 2279 4461 ferret,
2305 4396 2440 4449 nihil
2471 4397 2739 4452 elliceret?
2774 4419 2792 4451 ›
2827 4398 3083 4469 Nunquid
3134 4402 3177 4454 si
3213 4401 3411 4470 aliquis
3454 4418 3517 4454 ea
3546 4417 3666 4454 om-

2093 4489 2201 4554 nia,
2233 4504 2356 4557 qua
2385 4488 2438 4541 in
2470 4488 2572 4542 hac
2607 4491 2833 4559 epistola
2867 4491 2996 4545 illud
3029 4493 3175 4561 quod
3228 4492 3459 4546 Dallaus
3514 4501 3669 4547 vocat

2093 4579 2545 4646 additamentum,
2577 4580 2907 4650 pracedunt,
2948 4598 3177 4651 quaque
3214 4584 3332 4652 ipse
3367 4582 3671 4654 Polycarpo

2087 4672 2250 4741 digna
2306 4682 2512 4737 censet,
2580 4673 2647 4727 ad
2698 4673 2857 4727 tidem
2905 4673 3210 4729 faciendam
3258 4674 3494 4741 ati'erret,
3534 4677 3669 4729 nihil

2088 4766 2366 4820 eilicerct?
2416 4764 2673 4836 Nunquid
2712 4769 2783 4822 ob
2834 4771 3156 4837 particulam
3190 4770 3245 4823 in
3277 4771 3382 4823 line
3426 4770 3668 4839 epistola

2087 4860 2348 4925 additam,
2381 4876 2442 4913 ea
2469 4877 2591 4930 qua
2616 4860 2915 4934 Polycarpo
2944 4863 3106 4933 digna
3142 4872 3291 4927 sunt,
3330 4863 3397 4917 ad
3438 4879 3668 4934 apocry-

2088 4949 2193 5016 pha
2217 4949 2497 5004 deterrimi
2522 4953 2756 5021 generis,
2790 4962 2844 5006 ct
2882 4954 3052 5007 libros
3080 4954 3278 5009 fabulis
3310 4963 3365 5008 et
3395 4956 3669 5024 ﬁgmentis

2086 5042 2277 5111 plenos
2298 5044 2493 5098 debent
2524 5046 2773 5113 protinus
2797 5047 3081 5100 amandari
3105 5048 3128 5100 ?

2158 5136 2298 5202 Quid
2339 5146 2519 5190 autem
2569 5140 2713 5207 quod
2745 5140 2897 5193 addit
2928 5139 3161 5193 Dallaus
3207 5139 3259 5192 in
3302 5139 3407 5193 bac
3436 5140 3665 5208 epistola

2090 5247 2109 5279 ι
2144 5240 2253 5283 tam
2293 5230 2664 5296 dissentanea,
2717 5240 2938 5300 tamque
2995 5230 3138 5285 inter
3185 5247 3245 5285 se
3285 5232 3561 5286 contraria
3613 5241 3666 5286 et

2084 5325 2444 5391 repugnantia
2492 5345 2510 5376 ι
2552 5340 2875 5389 occurrere;
2910 5334 2969 5378 ut
3009 5344 3026 5376 ι
3072 5325 3185 5380 sole
3219 5326 3522 5381 meridiano
3563 5326 3667 5380 cla-

2084 5418 2201 5470 rius
2257 5435 2275 5467 ›
2324 5417 2394 5470 sit
2440 5433 2502 5472 ea
2534 5432 2562 5471 a
2587 5418 2817 5472 diversis
2858 5418 3173 5472 hominibus
3204 5420 3406 5487 scripta
3439 5417 3611 5471 fuisse
3643 5418 3666 5470 ἲ

2081 5507 2191 5562 Cur
2214 5524 2346 5577 ergo
2377 5508 2670 5575 Eusebius,
2719 5515 2882 5564 homo
2922 5512 3334 5566 oculatissi'mus
3363 5520 3419 5566 et
3452 5511 3665 5581 perspi—

2082 5602 2430 5668 cacissimus,
2465 5618 2565 5656 cur
2594 5604 2686 5656 alii
2728 5613 2852 5657 ante
2881 5614 2935 5659 et
2977 5613 3102 5674 post
3128 5604 3497 5675 Nicephorum
3531 5606 3664 5659 scri-

2078 5704 2263 5764 plores
2286 5696 2420 5749 illud
2464 5710 2576 5749 non
2608 5694 3052 5767 viderunt,un
3108 5716 3126 5749 ι
3192 5697 3305 5753 sole
3352 5697 3669 5753 meridiana

464 5801 511 5831 ⁸⁸
546 5802 619 5855 De
652 5806 833 5872 script.
874 5807 1077 5877 Ignat.,
1110 5826 1227 5880 cap.
1257 5809 1359 5879 22,
1388 5827 1441 5881 p.
1472 5812 1594 5867 426.
1672 5815 1717 5847 ⁸⁷
1751 5815 1924 5882 lbid.,
1953 5835 1995 5889 p.

2098 5818 2157 5871 :7.
2234 5816 2279 5847 ⁵⁸
2314 5830 2431 5882 cap.
2460 5812 2546 5879 32,
2588 5829 2641 5882 p.
2671 5813 2760 5868 42.
