4138 6450
538 424 639 477 431

1508 423 1573 477 D.
1612 421 1900 479 NOURRII
1942 421 2422 477 DISSERTATIO.
2455 453 2521 462 —
2559 420 2740 477 PARS
2778 422 2818 476 !.

3699 424 3803 478 £82

537 544 742 599 clarius
780 547 936 602 erat?
974 564 993 599 ι
1036 545 1293 618 Nunquid
1332 562 1525 604 omnes
1564 547 1678 602 sole
1716 548 2019 604 meridiano
2048 547 2127 601 ln-
2154 553 2200 609 Α
2231 548 2300 601 ab
2322 561 2384 602 ea
2413 546 2744 608 difﬁcultate,
2772 560 2894 615 quae
2929 553 3119 600 contra
3154 545 3333 615 ipsum
3366 545 3544 601 solum
3576 545 3798 614 militat,

537 646 695 691 ceute
724 640 1127 697 caecutiebant?

611 724 716 780 Sed
746 739 886 796 esto,
928 730 1197 788 Eusebius
1228 733 1430 802 aliique
1458 748 1649 787 omnes
1680 732 1813 787 solis
1834 730 2119 787 meridiani

535 819 826 888 splendore
860 825 1156 891 perstricti,
1187 825 1239 879 id
1264 826 1409 895 quod
1447 826 1562 880 sole
1587 826 1887 880 meridiano
1916 824 2118 879 clarius

535 919 673 975 erat,
702 927 813 965 non
848 914 1106 970 viderint.
1140 916 1249 971 Cur
1275 917 1467 972 saltem
1501 916 1643 971 hanc
1673 915 2118 971 decentissimam

535 1000 863 1071 clausulam,
898 1006 952 1059 in
980 1022 1146 1077 quam
1171 1008 1454 1062 desinebat
1478 1009 1710 1077 epistola
1740 1023 1930 1077 quant,
1982 1014 2119 1062 teste

534 1093 756 1159 Dallaeo,
793 1110 986 1152 omnes
1015 1099 1222 1161 vident.
1270 1100 1346 1153 illi
1388 1116 1496 1156 non
1533 1101 1824 1155 viderunt?
1860 1097 2118 1169 Nunquid

533 1185 769 1242 Dallaeus
820 1188 1117 1244 Eusebium
1165 1191 1417 1262 aliosque
1464 1193 1610 1247 viros
1675 1192 2113 1255 oculatissimos,

531 1276 628 1344 qui
675 1276 818 1332 hanc
852 1279 1139 1348 epistolam
1184 1280 1451 1351 integram
1496 1279 1799 1352 Polyearpo
1849 1281 2113 1345 tribuunt,

532 1368 670 1422 adeo
694 1383 869 1424 caecos
902 1372 1163 1441 omnique
1206 1372 1413 1426 lumine
1461 1373 1685 1427 orbatos
1727 1371 1899 1428 fuisse
1939 1372 2111 1439 dicet;

530 1468 592 1513 ut
622 1475 791 1513 unum
817 1462 964 1529 quod
995 1462 1109 1516 sole
1136 1463 1441 1518 meridiano
1471 1464 1673 1519 clarius
1703 1473 1849 1531 erat;
1883 1465 2112 1519 alterum

528 1551 677 1621 quod
708 1566 899 1608 omnes
930 1553 1135 1619 vident,
1166 1552 1270 1623 ipsi
1294 1555 1477 1610 videre
1500 1572 1606 1610 non
1637 1557 1951 1627 petnerint?

605 1642 727 1697 Jam
766 1660 897 1700 vero
944 1646 1012 1700 ad
1063 1662 1175 1701 rem
1228 1646 1403 1717 ipsam
1454 1649 1761 1703 veniamus.
1823 1648 2112 1704 Contendit

527 1732 763 1789 Dallaeus
808 1737 1035 1801 verbis,
1083 1753 1204 1807 quae
1250 1739 1574 1807 particulam
1622 1738 1871 1793 ultimam
1910 1755 2112 1809 praece-

527 1824 696 1890 dunt;
742 1826 869 1895 quia
914 1844 933 1878 ι
982 1827 1422 1882 decentissimam
1469 1830 1771 1885 clausulam
1804 1849 1823 1881 ι
1873 1832 2107 1897 habent,

2223 653 2345 695 sese
2392 645 2539 691 recte
2591 635 2960 706 explicuisset.
3013 635 3215 691 Verum
3247 652 3354 690 non
3403 638 3470 692 de
3528 635 3796 693 Hamondi

2222 740 2399 785 mente
2426 731 2806 799 disputamus,
2845 730 2941 784 sed
2985 729 3053 784 de
3086 730 3371 800 Polycarpi
3434 731 3686 800 epistola,
3743 731 3797 785 in

2221 840 2327 894 qua
2352 841 2475 879 cum
2505 825 2714 878 nullum
2746 824 3116 883 mendacium.
3152 824 3411 893 nullaque
3469 825 3539 878 sit
3574 832 3798 877 contra—

2224 916 2387 972 dictio
2416 925 2470 971 et
2498 916 2855 987 repugnantia
2878 955 2893 979 ,
2925 914 3192 984 integram
3225 916 3394 982 illam,
3420 930 3719 984 omnesque
3744 924 3801 969 et

2221 1010 2465 1079 singulas
2512 1009 2659 1062 illius
2713 1017 2895 1077 partes
2945 1023 2976 1061 a
3024 1006 3329 1077 Polycarpo
3387 1008 3623 1077 scriptas
3677 1022 3799 1062 esse

2220 1106 2367 1154 certo
2392 1099 2595 1152 certius
2625 1099 2915 1153 evincitur.

2324 1210 2471 1281 §III.
2497 1209 2730 1280 Reliquce
2768 1210 2960 1263 Dallwi
2998 1211 3323 1278 exceptiones
3360 1212 3693 1280 refelluntur.

2288 1299 2457 1354 Instat
2481 1299 2735 1366 Dallaeus,
2768 1316 3020 1369 novoque
3045 1300 3215 1353 utitur
3239 1309 3292 1354 et
3322 1302 3462 1356 miro
3506 1318 3798 1370 argumen-

2219 1394 2367 1447 tandi
2393 1408 2616 1464 genere.
2646 1393 2739 1446 Ille
2762 1392 3031 1462 siquidem
3074 1392 3209 1445 nihil
3244 1392 3309 1446 de
3337 1394 3565 1446 veritate
3598 1409 3660 1446 ac
3713 1394 3795 1445 in-

2215 1485 2464 1554 tegritate
2487 1485 2731 1552 epistolae
2770 1483 3053 1554 Polycarpi
3078 1483 3313 1553 amplius
3328 1483 3635 1552 disputans,
3670 1500 3800 1538 con-

2214 1576 2357 1629 cedit
2395 1574 2756 1646 Polycarpum
2785 1575 2976 1630 testari
3007 1575 3219 1645 aliquas
3238 1576 3304 1629 ab
3330 1578 3537 1645 lgnatio
3561 1577 3796 1646 scriptas

2214 1665 2385 1721 fuisse
2424 1666 2704 1735 epiStolas.
2736 1664 2934 1720 Verum
2970 1665 3265 1720 cumidem
3297 1665 3413 1734 ipse
3463 1663 3797 1735 Polycarpus

2213 1759 2337 1813 illas
2364 1759 2585 1813 easdem
2611 1772 2733 1812 esse
2762 1797 2777 1824 ,
2813 1773 2953 1826 quas
2995 1756 3362 1821 defendimus,
3409 1770 3520 1809 non
3572 1756 3794 1823 dixerit,

2214 1851 2349 1905 alias
2380 1849 2613 1904 Dallaeus
2639 1849 2867 1904 omnino
2905 1849 2974 1903 ab
3004 1864 3070 1903 eo
3094 1848 3364 1902 iudicatas
3384 1862 3507 1901 esse
3535 1848 3797 1902 audacter

524 1915 811 1983 epistolam
856 1914 1140 1987 Polycarpi
1185 1917 1385 1972 claudi.
1434 1917 1690 1988 Nunquid
1730 1934 1862 1989 ergo
1898 1920 2099 1989 quoties

2213 1941 2469 1997 afﬁrmat.
2501 1940 2665 2010 Atqui
2696 1957 2727 1994 a
2765 1941 2967 1994 Dallaeo
2991 1941 3273 2010 poscimus
3302 1939 3432 2008 quid
3460 1937 3794 2009 Polycarpo,

525 2005 581 2058 in
620 2006 866 2075 epistolis
909 2007 1155 2061 occurrit
1197 2007 1580 2063 decentissima
1620 2010 1900 2075 clausula,
1951 2012 2110 2067 toties

524 2097 599 2151 ibi
634 2098 897 2151 ﬁniuntur
928 2098 1208 2167 epistolae?
1250 2098 1306 2154 ld
1336 2115 1468 2155 sane
1489 2100 1573 2155 vel
1618 2100 1748 2170 ipsae
1786 2101 1916 2155 solae
1958 2100 2110 2156 Pauli

520 2189 769 2258 epistolae
793 2188 1148 2245 falsissimum
1177 2206 1296 2247 esse
1327 2192 1603 2247 evincunt.
1657 2191 1793 2246 Nam
1836 2194 1890 2247 in
1935 2194 2111 2264 capite

520 2273 737 2329 decimo
768 2276 960 2344 quinto
988 2278 1109 2346 ejus
1147 2276 1403 2347 Epistolae
1430 2280 1498 2334 ad
1544 2278 1821 2335 Romanos
1854 2280 1969 2336 haec
2016 2280 2111 2335 de-

520 2367 835 2421 centissima
866 2368 1108 2422 clausula
1140 2368 1336 2439 legitur
1365 2388 1379 2425 :
1418 2368 1552 2424 Deus
1583 2372 1728 2441 pacis
1751 2372 1822 2424 sit
1848 2389 1967 2425 cum
1998 2390 2109 2426 om-

520 2460 673 2513 nibus
714 2460 879 2514 vobis.
917 2460 1116 2523 Amen;
1155 2461 1210 2515 in
1260 2463 1435 2532 capite
1474 2478 1603 2517 vero
1648 2464 1809 2519 tertio
1854 2465 2108 2535 Epistola:

519 2552 586 2605 ad
619 2550 885 2621 Ephesios
926 2552 1064 2606 ista:
1103 2552 1217 2623 Ipsi
1263 2555 1434 2624 gloria
1459 2556 1516 2608 in
1540 2556 1737 2610 sarcula
1766 2558 2102 2614 sweulorum.

520 2646 717 2707 Amen;
759 2652 811 2698 et
857 2653 1038 2699 tamen
1086 2655 1281 2700 neutra
1322 2646 1395 2699 ibi
1426 2647 1666 2701 desinit:
1712 2648 1805 2702 sed
1844 2648 1897 2701 in
1936 2650 2104 2718 priori

518 2750 691 2789 unum
724 2743 918 2803 caput,
967 2736 1020 2789 in
1054 2737 1343 2805 posteriori
1376 2738 1478 2792 tria
1519 2739 1729 2809 integra
1763 2739 1939 2808 capita
1971 2741 2103 2795 sub-

518 2837 842 2896 sequuntur.
887 2828 1136 2900 Longum
1166 2838 1310 2885 esset
1354 2838 1407 2884 et
1454 2831 1647 2886 inutile
1677 2832 1959 2886 innumera
1989 2834 2104 2903 epi-

516 2920 782 2973 stolarnm
817 2918 1063 2990 proferre
1111 2923 1379 2991 exempla,
1423 2939 1545 2992 quae
1592 2924 1659 2977 ad
1710 2924 1919 2979 similes
1952 2925 2103 2981 clau-

516 3011 705 3077 sulas,
765 3027 923 3081 quas.
962 3012 1195 3067 Dallaeus
1256 3014 1674 3069 decentissimas
1737 3026 1935 3081 vocat,
1993 3033 2101 3071 non

514 3102 793 3157 desinunt.
823 3101 1035 3158 Norunt
1062 3105 1208 3160 enim
1242 3120 1435 3159 omnes
1464 3121 1528 3160 ex
1561 3106 1851 3177 scriptoris
1883 3108 2102 3179 ingenio

512 3193 781 3260 pendere,
825 3209 964 3262 quas
1003 3193 1151 3261 velit,
1202 3203 1255 3249 et
1284 3195 1379 3249 ubi
1431 3195 1579 3260 velit,
1630 3196 1683 3250 in
1734 3198 1962 3267 epistola
1999 3215 2097 3254 sua

511 3284 787 3339 clausulas
824 3299 1129 3354 apponere:
1165 3285 1401 3340 maxime
1438 3301 1565 3341 vero
1595 3287 1687 3341 ubi
1719 3291 1897 3357 plura,
1935 3290 2095 3346 sicuti

512 3371 871 3445 Polycarpus,
905 3383 1101 3431 tractat
1133 3384 1477 3445 argumenta,
1527 3377 1613 3432 vel
1650 3393 1775 3432 cum
1807 3379 2097 3437 scribentis

510 3464 695 3518 animo
721 3464 925 3534 aliquid
950 3465 1077 3519 novi
1104 3465 1396 3519 scribendo
1423 3467 1715 3521 succurrit.

581 3552 849 3609 Praeterea
878 3554 1074 3611 falsum
1106 3556 1238 3611 illud
1266 3567 1368 3624 est,
1408 3560 1555 3629 quod
1584 3560 1662 3614 ait
1690 3560 1947 3629 Dallaeus,
1980 3566 2100 3620 ulti-

509 3670 656 3708 mam
687 3655 853 3725 hujus
882 3655 1126 3725 epistolae
1153 3657 1499 3725 particulam,
1532 3659 1838 3726 mendacio,
1884 3660 1951 3715 iis
1979 3677 2099 3731 quae

508 3746 765 3816 superius
796 3746 942 3800 dicta
976 3755 1152 3813 erant,
1181 3747 1457 3801 contrario
1485 3757 1540 3803 et
1566 3760 1903 3820 repugnante
1926 3791 1939 3816 ,
1978 3769 2099 3807 esse

507 3841 836 3909 inspersam.
870 3840 958 3905 At,
987 3840 1165 3908 inquit
1192 3839 1304 3903 ille,
1346 3839 1462 3893 haec
1487 3839 1687 3893 verba:
1742 3862 1759 3891 ε
1793 3840 1851 3893 Et
1884 3842 1950 3896 de
1979 3843 2097 3913 ipso

507 3930 741 4001 lgnatio,
784 3938 840 3984 et
876 3930 943 3985 de
985 3930 1069 3982 his
1112 3930 1206 3999 qui
1257 3946 1381 3985 cum
1410 3944 1477 3984 eo
1506 3940 1654 3996 sunt,
1701 3933 1845 4000 quod
1896 3934 2098 3987 certius

507 4023 858 4092 agnoveritis,
897 4021 1230 4091 signiﬁcate:
1272 4041 1290 4073 ι
1337 4022 1472 4084 haec,
1516 4021 1714 4091 inquit,
1746 4024 1906 4077 verba
1947 4024 2098 4096 lgna-

507 4117 665 4182 tium,
713 4115 808 4185 qui
832 4116 984 4185 prius
1020 4114 1311 4170 defunctus
1337 4114 1668 4177 declaratur,
1712 4114 1767 4168 in
1809 4116 1944 4171 vivis
1976 4133 2097 4173 esse

508 4207 836 4275 signiﬁcant.
874 4205 1073 4261 Verum
1105 4207 1149 4261 si
1175 4222 1236 4261 ea
1262 4214 1465 4261 attente
1497 4206 1927 4275 perpendantur,
1956 4207 2095 4262 nihil

506 4298 575 4351 de
627 4299 826 4369 lgnatii
868 4308 1045 4353 morte
1089 4298 1173 4351 vel
1222 4299 1331 4352 vita
1370 4298 1605 4352 innuunt
1660 4306 1754 4351 aut
1797 4282 2096 4354 testiﬁcan-

503 4400 615 4444 tur.
666 4389 761 4445 His
804 4391 1003 4445 etenim
1036 4389 1371 4462 Polycarpus
1416 4392 1794 4445 tantummodo
1837 4392 2093 4460 postulat,

502 4493 565 4535 ut
592 4480 967 4551 Philippenses
1008 4484 1100 4551 qui
1144 4484 1210 4536 de
1235 4481 1445 4553 lgnatio
1473 4481 1688 4537 facilius
1729 4484 1911 4552 aliqua
1943 4486 2094 4539 acci-

503 4590 630 4643 pere
656 4583 927 4643 poterant,
973 4574 1040 4628 de
1080 4574 1194 4641 illo,
1234 4589 1563 4643 quocunque
1594 4574 1813 4628 tandem
1860 4573 1915 4628 in
1945 4584 2089 4631 statu

2211 2042 2272 2087 ut
2302 2032 2562 2101 epistolas
2610 2031 2730 2085 illas
2777 2029 2974 2100 lgnatii
3012 2043 3132 2084 esse
3170 2034 3485 2094 testaretur,
3527 2035 3794 2095 praestan—

2210 2122 2341 2176 dum
2372 2131 2505 2176 erat.
2554 2120 2818 2189 Nunquid
2875 2124 2944 2173 ab
3000 2134 3066 2172 eo
3126 2118 3212 2171 hae
3264 2117 3510 2186 epistolae
3574 2117 3796 2183 integrae

2212 2215 2645 2270 transcribendae
2686 2222 2864 2279 erant,
2919 2212 3006 2266 vel
3050 2227 3213 2265 manu
3274 2209 3493 2280 propria
3551 2209 3795 2263 subscri—

2210 2306 2436 2361 bendae‘!
2483 2304 2742 2374 Nunquid
2804 2302 3021 2372 publica
3072 2301 3416 2355 notariorum
3468 2309 3521 2352 ct
3570 2298 3791 2351 testium

2210 2401 2333 2463 fide,
2360 2398 2549 2453 aliisve
2574 2396 2807 2460 publicis
2829 2394 3213 2449 instrumentis
3244 2391 3589 2446 muniendae?
3622 2389 3679 2445 Si
3705 2405 3793 2445 res

2209 2493 2283 2545 ita
2316 2507 2373 2546 se
2411 2491 2632 2556 habeat,
2658 2489 2838 2543 nullas
2864 2488 3056 2557 procul
3102 2486 3271 2540 dubio
3322 2500 3467 2539 nunc
3523 2485 3791 2538 habemus

2207 2586 2450 2640 virorum
2472 2582 2895 2652 apostolicorum
2915 2580 3259 2648 aliorumque
3278 2577 3793 2647 antiquissimorum

2206 2678 2433 2732 Patrum
2465 2672 2749 2743 epistolas,
2781 2685 2847 2725 ac
2870 2684 2933 2724 ea
2966 2683 3089 2739 quae
3118 2667 3372 2721 manibus
3405 2665 3655 2720 omnium
3710 2675 3791 2720 ιο·-

2206 2782 2424 2837 runtur,
2454 2770 2577 2824 aliae
2603 2765 2831 2821 omnino
2860 2771 2991 2817 sunt
3020 2761 3089 2815 ab
3121 2761 3187 2814 iis
3211 2774 3348 2829 quas
3379 2759 3675 2828 scriptores
3723 2760 3792 2812 ab

2206 2863 2313 2917 illis
2336 2864 2491 2917 datas
2514 2873 2636 2913 esse
2695 2861 3155 2912 commemorant.
3208 2846 3512 2902 Dicendum
3564 2864 3693 2919 ergo
3724 2865 3791 2902 ex

2206 2954 2498 3011 severioris
2522 2951 2740 3007 critices
2764 2945 2989 3019 regulis,
3014 2953 3072 3001 ut
3120 2941 3355 3011 alicujus
3394 2942 3641 2995 auctoris
3676 2945 3790 3009 epi-

2205 3048 2379 3113 stolae,
2405 3060 2639 3117 quarum
2665 3042 2900 3111 scriptor
2937 3042 3039 3110 ipsi
3076 3052 3294 3095 coaevus
3326 3034 3625 3106 generatim
3665 3044 3790 3086 tan—

2203 3150 2321 3196 tum
2370 3136 2636 3201 meminit,
2703 3133 2986 3204 speciatim
3037 3131 3417 3201 designentur,
3472 3126 3606 3183 nihil
3637 3126 3785 3184 aliud

2204 3232 2429 3302 requiri,
2460 3230 2649 3285 nisiut
2677 3228 2782 3282 illae
2810 3228 2882 3280 ab
2907 3225 3132 3295 integrae
3153 3234 3426 3293 certaeque
3473 3223 3599 3278 ﬁdei
3649 3224 3787 3277 scri-

2204 3324 2476 3394 ptoribus,
2509 3323 2685 3392 iisque
2708 3335 2814 3375 non
2840 3318 2914 3372 ita
2938 3318 3006 3371 ab
3029 3317 3177 3371 illius
3222 3326 3382 3371 aetate
3428 3316 3655 3371 remotis
3686 3332 3787 3371 no-

2203 3418 2452 3472 minatim
2484 3417 2816 3470 iudicentur.
2850 3411 3017 3481 Atqui
3045 3426 3184 3479 quas
3210 3408 3548 3481 Polycarpus
3587 3410 3784 3478 lgnatii

2201 3511 2461 3582 epistolas
2484 3509 2783 3579 generatim
2807 3507 3076 3575 designat,
3099 3521 3176 3558 eae
3197 3503 3480 3573 speciatim
3525 3510 3579 3555 et
3606 3502 3782 3555 nomi—

2204 3604 2397 3670 natim,
2423 3612 2483 3657 ut
2539 3600 2780 3655 fatentur
2816 3598 3135 3663 adversarii,
3168 3597 3237 3650 ab
3282 3595 3520 3650 Eusebio
3549 3595 3784 3664 aliisque

2201 3697 2428 3766 integrae
2497 3703 2768 3763 certaeque
2813 3691 2935 3745 ﬁdei
2984 3690 3345 3759 scriptoribus
3398 3687 3777 3757 designantur.

2202 3788 2447 3858 Denique
2473 3788 2587 3857 jam
2618 3802 2648 3840 a
2666 3784 2843 3850 nobis,
2865 3784 2941 3837 uti
2968 3792 3244 3853 putamus,
3267 3781 3411 3836 clare
3434 3780 3782 3834 demonstra-

2201 3888 2315 3934 tum
2347 3889 2430 3934 est
2455 3878 2723 3949 lgnatium
2747 3892 2853 3929 non
2882 3876 3018 3929 alias
3064 3876 3132 3929 ab
3158 3874 3247 3939 iis,
3280 3877 3347 3927 de
3369 3874 3570 3942 quibus
3632 3884 3778 3926 nunc

2204 3971 2649 4034 controvertitur,
2689 3982 2949 4023 exarasse
2973 3966 3254 4036 epistolas.
3302 3965 3415 4019 Illa:
3454 3963 3621 4035 igitur
3671 3979 3778 4017 eae-

2200 4069 2323 4122 dem
2358 4074 2488 4121 sunt
2514 4079 2654 4134 quas
2684 4061 3019 4132 Polycarpus
3053 4060 3321 4131 designat.

2272 4201 2443 4272 Urget
2464 4210 2642 4255 tamen
2670 4198 2904 4254 Dallaeus
2958 4198 3013 4251 in
3046 4198 3135 4252 his
3173 4197 3419 4268 epistolis
3452 4196 3675 4267 reperiri
3723 4206 3778 4251 et

2202 4295 2360 4365 σιγήν
2409 4291 2944 4355 Valentinianorum,
2976 4290 3191 4359 aliaque
3214 4305 3380 4359 quam
3430 4290 3568 4343 bene
3602 4291 3773 4343 multa

2198 4386 2383 4440 minus
2410 4384 2735 4449 orthodoxa,
2766 4398 2888 4453 quae
2917 4382 2986 4436 ab
3034 4382 3243 4452 lgnatio
3291 4397 3564 4452 nusquam
3610 4383 3776 4437 scribi

2196 4483 2514 4545 potuerunt.
2542 4473 2649 4529 Sed
2674 4472 2973 4528 Eusebium
3005 4472 3251 4542 aliosque
3267 4473 3618 4527 doctissimos
3646 4474 3778 4528 scri-

2194 4576 2380 4637 ptores
2409 4566 2527 4637 qui,
2558 4575 2696 4621 teste
2727 4565 2929 4620 Dallaao
2960 4565 3100 4634 ipso,
3131 4565 3232 4619 has
3256 4565 3517 4633 epistolas
3562 4564 3771 4634 lgnatio

501 4663 689 4728 fuerit,
717 4665 851 4718 certi
881 4663 1085 4734 aliquid
1118 4664 1451 4718 renuntient.
1494 4663 1838 4733 Quapropter
1859 4661 2087 4720 sisillnm
2122 4667 2165 4721 D
2194 4647 2695 4730 adjudicant,‘nihil
2728 4660 2781 4712 in
2813 4658 2895 4713 eis
2922 4658 3007 4712 vel
3033 4658 3219 4712 minus
3258 4656 3652 4723 orthodoxum,
3686 4659 3772 4712 vel

495 4756 611 4824 jam
660 4755 921 4826 martyrio
972 4763 1294 4810 coronatum
1350 4754 1767 4823 suspicabatur,
1821 4765 1975 4825 rogat
2029 4768 2089 4812 ut

496 4857 729 4902 narrent
760 4848 1000 4917 quando,
1054 4847 1168 4913 ubi,
1210 4854 1264 4900 et
1302 4861 1468 4915 quam
1505 4845 1657 4901 vario
1692 4856 2085 4903 tormentorum

498 4943 953 5010 crueiatuumque
996 4953 1195 5010 genere
1248 4947 1481 4992 mortem
1534 4938 1773 5001 obierit,
1838 4954 2089 5010 quosque

500 5040 755 5095 habuerit
785 5037 1034 5110 martyrii
1072 5039 1158 5093 sui
1188 5037 1392 5092 socios.
1441 5034 1598 5089 Nulla
1631 5051 1761 5105 ergo
1812 5034 1884 5087 ibi
1933 5050 2088 5103 repn-

498 5135 744 5204 gnantia,
792 5147 894 5186 nec
934 5131 1042 5184 ulla
1076 5146 1200 5184 cum
1234 5131 1301 5183 iis
1332 5144 1452 5198 quae
1496 5129 1562 5181 de
1610 5142 1744 5181 nece
1775 5126 1895 5195 ejus
1934 5126 2085 5195 prius

499 5225 702 5289 scripta
728 5232 907 5287 erant,
937 5221 1181 5275 occurrit
1210 5217 1594 5285 discrepantia.

572 5314 737 5385 Urget
759 5324 941 5368 tamen
978 5311 1231 5374 Dallaeus,
1278 5319 1442 5378 atque
1473 5309 1647 5377 ipsius
1676 5304 1965 5368 Hamondi,
1990 5306 2083 5374 qui

498 5408 586 5461 his
616 5406 821 5461 ultimis
856 5404 1102 5474 epistolae
1128 5400 1417 5472 Polyearpi
1468 5400 1649 5455 verbis
1690 5398 1859 5452 vitam
1892 5396 2083 5466 lgnatii

497 5500 774 5571 designari
821 5498 979 5564 dixit,
1030 5496 1237 5567 profert
1286 5493 1683 5549 testimonium.
1737 5490 1807 5544 At
1844 5500 1991 5545 certe
2036 5490 2082 5544 si

497 5590 818 5646 Hamondus
874 5589 1097 5644 humani
1144 5587 1351 5657 aliquid
1409 5586 1483 5640 ibi
1528 5599 1724 5655 passus
1766 5590 1870 5649 est,
1920 5584 1965 5637 si
2012 5582 2079 5635 ad

496 5684 784 5756 Polycarpi
828 5683 997 5738 verba
1042 5680 1286 5735 animum
1318 5694 1425 5733 non
1468 5677 1602 5732 satis
1648 5676 1899 5741 advertit,
1949 5674 2079 5743 quid

496 5779 623 5831 inde
677 5785 871 5831 contra
925 5774 1210 5829 sententia:
1254 5779 1457 5824 nostrae
1500 5769 1781 5823 veritatem
1832 5765 2083 5820 conﬁciet

496 5868 771 5924 Datianus?
800 5864 947 5921 Nulli
986 5873 1169 5921 autem
1220 5862 1533 5919 dubitamus
1579 5862 1713 5932 quin
1762 5858 2079 5915 Hamondns

2190 4755 2372 4808 minus
2402 4752 2616 4823 lgnatio
2651 4751 2877 4821 dignutn
2907 4749 3104 4819 legisse
3133 4750 3506 4803 certissimum
3537 4758 3640 4803 est.
3702 4751 3773 4803 At

2189 4856 2338 4902 certe
2368 4847 2491 4901 illos
2522 4859 2773 4914 quaenam
2806 4843 3089 4913 lgnatiana
3115 4843 3365 4897 doctrina
3412 4857 3537 4897 esse
3566 4842 3771 4897 debue-

2190 4939 2280 5006 rit,
2312 4938 2616 5009 ignorasse,
2652 4936 2858 4998 nullus,
2918 4950 2985 4989 ne
3007 4932 3239 4988 Dallaeus
3289 4934 3536 5003 quidem,
3586 4934 3769 4988 dicere

2189 5028 2407 5083 audeat.
2436 5025 2643 5081 Deinde
2666 5026 2805 5080 nihil
2825 5033 3016 5080 contra
3048 5023 3245 5095 lgnatii
3268 5025 3575 5080 dectrinam
3606 5025 3657 5078 in
3682 5026 3766 5079 his

2188 5121 2435 5191 epistolis
2459 5134 2770 5183 occurrere,
2808 5117 2950 5171 infra
2980 5133 3082 5172 suo
3110 5118 3255 5183 loco,
3306 5133 3375 5171 ne
3400 5117 3586 5172 omnia
3639 5132 3763 5171 cum

2189 5214 2389 5267 Dallaeo
2417 5211 2845 5277 confundamus,
2877 5210 3183 5265 clarissime
3213 5211 3485 5265 ostensuri
3517 5225 3728 5265 sumus.

2256 5305 2680 5374 lnstatdenique
2698 5303 2953 5369 Dallaeus,
2982 5303 3169 5372 sicque
3187 5303 3397 5371 arguit:
3429 5321 3447 5353 ι
3472 5300 3587 5357 Hoc
3617 5308 3766 5356 certe

2185 5398 2474 5470 Polycarpi
2506 5396 2822 5451 testimonio
2849 5395 3028 5449 Latini
3060 5412 3159 5465 pro
3191 5411 3286 5451 sex
3318 5395 3426 5450 illis
3459 5395 3763 5465 lgnatianis

2186 5492 2457 5561 epistolis,
2486 5506 2624 5560 quas
2652 5500 2848 5560 praeter
2879 5488 3231 5544 Usserianam
3264 5490 3642 5545 collectionem
3672 5504 3760 5544 as-

2190 5594 2402 5651 serunt,
2438 5599 2545 5637 non
2576 5582 2760 5637 minus
2777 5583 3023 5652 speciose
3053 5592 3304 5645 utuntur,
3325 5598 3489 5651 quam
3517 5596 3616 5650 pro
3644 5582 3760 5635 suis

2188 5689 2284 5728 sex
2328 5674 2521 5743 primis
2553 5672 3053 5743 Areverendissimus
3086 5672 3341 5729 Usscrius
3396 5682 3450 5727 et
3503 5672 3761 5727 doetissi-

2188 5782 2313 5820 mus
2346 5764 2687 5820 Hamondus.
2730 5785 2749 5818 ι
2791 5766 2868 5819 Ex
2917 5766 3116 5835 quibus
3164 5765 3245 5819 sic
3296 5765 3387 5819 ille
3442 5765 3757 5821 concludit:

2190 5876 2207 5908 ι
2237 5855 2562 5925 Seponenda
2600 5872 2730 5928 ergo
2760 5856 2963 5928 pariter
3005 5867 3088 5912 est
3129 5859 3183 5912 in
3210 5859 3467 5914 universa
3512 5858 3579 5913 de
3602 5856 3757 5926 lgna-
