4138 6392
405 340 511 397 483

1470 342 1528 396 S.
1568 340 1918 398 lGNATIUS.
1953 372 2021 381 ——
2058 342 2588 400 PROLEGOMENA.

3552 348 3659 403 484

404 459 571 515 tianis
597 476 761 517 causa
788 462 953 533 hujus
978 462 1280 518 testimonii
1311 462 1637 518 auctoritas.
1688 483 1707 514 ι
1754 463 1977 519 Scilicet
2007 469 2052 527 Α
2079 468 2300 535 quidem
2323 483 2479 533 voce,
2516 469 2666 524 addit
2704 468 2958 535 Dallaeus,
2988 470 3239 526 consulto
3272 471 3386 540 ipse
3417 471 3658 527 lrenzeus

404 571 533 610 cum
558 554 787 611 Dallazus
817 556 1103 626 Poiycarpi
1124 557 1531 618 auctoritatem,
1559 574 1666 628 qua
1696 558 1984 627 premitur,

404 648 619 701 elevare
674 663 785 702 non
832 658 1035 717 posset,
1062 664 1181 703 eam
1217 650 1412 704 saltem
1440 651 1555 705 vult
1578 667 1699 707 esse
1717 669 1986 721 seponen-

404 739 552 792 dam.
608 736 811 791 Verum
866 739 1073 809 integra
1115 750 1170 795 et
1199 741 1400 796 invicta
1452 758 1667 812 semper
1720 745 1982 809 manebit,

406 844 687 894 nunquam
738 831 1053 898 seponenda
1101 832 1235 885 tanti
1282 833 1386 887 viri
1414 835 1726 890 testiﬁcatio
1775 837 1983 906 sempi-

408 930 582 974 terna.
612 920 881 975 Caeterum
912 923 956 977 si
986 924 1081 991 qui
1108 924 1257 977 illam
1294 925 1361 978 ad
1391 925 1728 981 adulterinas
1784 927 1986 998 lgnatii

403 1014 665 1080 epistolas
696 1014 1022 1069 asserendas
1046 1016 1362 1081 adhibeant,
1401 1017 1526 1071 illos
1573 1019 1764 1085 procul
1815 1019 1983 1075 dubio

402 1113 455 1156 et
478 1120 543 1159 ea
573 1104 689 1173 ipsa
717 1106 891 1170 ahuti,
920 1116 973 1159 et
1000 1107 1158 1176 longe
1186 1122 1370 1161 errare
1408 1106 1553 1161 infra
1576 1108 1984 1164 demonstrabi-

404 1212 546 1250 mus.
579 1195 746 1261 Quem
781 1204 959 1249 tamen
990 1212 1233 1251 errorem
1265 1197 1353 1263 iis,
1408 1198 1608 1268 quibus
1663 1196 1879 1253 Usserii
1927 1208 1982 1254 et

409 1285 586 1340 Vossii
610 1302 709 1339 nec
735 1287 1141 1357 manuscriptos
1178 1287 1396 1341 codices
1446 1305 1549 1343 nec
1604 1288 1876 1345 editiones
1903 1294 1982 1345 vi-

401 1376 527 1429 dere
554 1377 727 1440 licuit,
756 1378 1106 1433 ostendemus
1136 1378 1315 1447 aliqua
1339 1394 1407 1432 ex
1438 1388 1595 1448 parte
1624 1396 1748 1436 esse
1778 1383 1981 1437 condo-

403 1466 669 1521 nandum.

1018 1619 1244 1677 CAPUT
1296 1620 1362 1678 V.

400 1744 763 1786 ARGUMENTUI
811 1749 1054 1790 TERTIUM
1088 1754 1153 1791 EX
1178 1754 1374 1793 lRENx’EI
1418 1756 1824 1806 AUCTORITATB,
1850 1760 1970 1807 QUI

494 1816 557 1855 ΑΒ
580 1818 1023 1859 Αυνειιδλιιιοκωι
1059 1824 1479 1866 EXCEPTIONIBUS
1514 1828 1860 1879 VINDICATUR,

1010 1892 1353 1934 DESUIIPTUI.

636 2006 663 2077 §
694 2010 736 2063 Ι.
781 2008 1160 2065 Testimonium
1188 2011 1384 2067 Iremei
1403 2016 1739 2084 proponitur.

473 2136 673 2194 Ultima
703 2141 887 2196 Dallazi
920 2154 1113 2199 contra
1148 2143 1439 2217 Polycarpi
1479 2149 1853 2206 testimonium
1882 2152 1980 2206 ob-

392 2230 580 2301 jectio,
606 2247 771 2301 quam
805 2233 1204 2289 validissimam
1243 2235 1361 2305 ipse
1391 2238 1651 2307 appellat,
1677 2249 1763 2295 est
1784 2224 1977 2296 lreniei

396 2323 492 2392 qui
524 2323 769 2389 ejusdem
807 2323 1097 2395 Polycarpi
1131 2327 1440 2397 discipulus
1471 2328 1597 2397 fuit,
1624 2348 1839 2387 summa
1880 2349 1979 2388 au—

397 2414 648 2470 ctoritas.
683 2413 778 2470 Sic
804 2424 988 2470 autem
1024 2418 1176 2471 illam
1201 2417 1440 2475 Dallacus
1465 2421 1582 2490 ipse
1610 2425 1867 2493 proponit
1890 2424 1936 2457 "
1959 2441 1975 2478 :

397 2503 681 2575 Nusquam
707 2508 967 2577 epistolas
1005 2528 1026 2560 ι
1046 2526 1189 2579 quas
1220 2527 1367 2567 nunc
1395 2513 1683 2581 habemus,
1706 2516 1849 2585 apud
1878 2515 1980 2572 Po-

398 2596 678 2667 lycarpum
702 2598 893 2666 fuisse,
919 2611 971 2655 et
993 2602 1063 2655 ab
1091 2618 1157 2657 eo
1189 2602 1241 2656 in
1269 2620 1439 2657 unum
1458 2605 1734 2674 collectas,
1759 2608 1828 2662 ad
1850 2607 1980 2662 Plii-

398 2691 685 2761 lippenses
711 2693 911 2748 missas
941 2694 1136 2759 fuisse,
1170 2705 1227 2751 et
1254 2697 1443 2752 multis
1467 2698 1611 2765 aliis,
1638 2710 1691 2754 et
1718 2701 1822 2755 hoc
1878 2717 1978 2771 po-

399 2782 681 2837 tissimum
704 2784 1046 2841 validissime
1065 2787 1441 2855 probavimus,
1466 2791 1613 2859 quod
1640 2792 1847 2845 Irenaeo
1871 2791 1977 2846 Po-

399 2874 605 2945 lycarpi
664 2876 941 2945 discipulo
986 2888 1039 2932 et
1091 2879 1412 2935 admiratori
1453 2882 1756 2953 singulari,
1817 2886 1977 2954 plane

400 2968 731 3037 penitusque
761 2969 959 3039 ignotae
990 2971 1214 3025 fuerint.
1234 2992 1252 3024 ›
1282 2974 1365 3027 Ad
1395 2977 1820 3032 examinandum
1845 2995 1976 3051 ergo

400 3060 589 3116 Irentei
614 3062 1025 3131 testimonium,
1077 3067 1521 3137 quandoquidem
1582 3070 1650 3124 ad
1692 3071 1823 3125 illud
1874 3088 1974 3128 nos

400 3163 666 3221 provocat
704 3153 959 3221 Dallaeus,
1002 3156 1382 3215 lubentissime
1405 3161 1738 3217 accedimus.
1770 3163 1838 3217 Et
1861 3165 1973 3234 pri-
1998 3158 2042 3217 C

400 3259 555 3298 mum
576 3245 799 3314 quidem
822 3249 1093 3303 miramur
1119 3266 1229 3321 qua
1260 3252 1495 3309 Dallaaus
1522 3254 1848 3310 conﬁdentia
1875 3272 1975 3310 au-

401 3351 497 3392 sus
526 3338 596 3393 sit
622 3338 890 3393 allirmare
916 3342 1183 3411 epistolas
1200 3342 1417 3417 Ignatii,
1448 3361 1586 3415 quas
1617 3362 1763 3401 nunc
1806 3349 1974 3404 babe-

400 3445 548 3497 mus,
574 3433 778 3486 irenteo
800 3432 960 3502 plane
984 3435 1312 3508 penitusque
1335 3436 1549 3508 ignotas
1567 3437 1757 3494 fuisse.
1781 3437 1974 3497 Nonne

399 3525 549 3578 enim
579 3525 696 3579 haec
727 3525 1003 3595 ipsissima
1030 3539 1159 3583 sunt
1189 3530 1381 3584 lrentei
1402 3530 1566 3585 verba
1589 3532 1668 3584 '°:
1707 3550 1724 3583 ι
1772 3531 1974 3599 Quem-

399 3614 693 3671 admodum
726 3619 945 3687 quidam
982 3618 1050 3674 de
1078 3621 1278 3676 nostris
1303 3620 1461 3687 dixit,
1491 3632 1711 3692 propter
1761 3632 1972 3694 marty-

400 3707 546 3760 rium
604 3706 658 3761 in
711 3707 882 3763 Deum
934 3710 1281 3779 adjudicatus
1333 3711 1400 3766 ad
1430 3712 1671 3769 bestias:
1698 3712 1973 3779 Quoniam

403 3800 739 3858 frumentum
766 3821 886 3860 sum
913 3804 1137 3874 Christi,
1189 3816 1245 3862 et
1294 3824 1390 3877 per
1429 3810 1621 3867 dentes
1672 3811 1972 3868 bestiarum

397 3895 605 3959 molar,
641 3903 700 3949 ut
750 3898 989 3952 mundus
1042 3900 1200 3968 panis
1233 3900 1524 3956 inveniar?
1562 3922 1582 3954 ι
1632 3904 1723 3970 At,
1767 3902 1974 3960 fatente

398 3986 623 4051 Dallaeo,
656 3997 865 4043 certum
898 3997 984 4043 est
1012 3990 1283 4059 Ignatium
1326 4001 1575 4046 nostrum
1611 3992 1700 4047 hic
1723 3994 1793 4049 ab
1855 3997 1972 4050 Ire-

397 4095 516 4135 meo
548 4080 791 4134 laudari:
854 4078 1013 4149 «Ego
1040 4096 1189 4147 vero,
1241 4082 1317 4135 ait
1367 4081 1602 4138 Dallaaas
1662 4085 1742 4148 ⁶²,
1800 4086 1972 4151 hunc,

397 4172 555 4240 cujus
603 4170 768 4224 verba
819 4171 1031 4237 recitat,
1084 4172 1353 4243 lgnatium
1382 4188 1503 4228 esse
1531 4174 1815 4242 conﬁteor,
1859 4177 1975 4233 hare

396 4264 563 4319 verba
595 4278 721 4317 vere
745 4263 937 4332 lgnatii
963 4280 1086 4319 esse
1110 4265 1373 4321 concedo.
1408 4284 1426 4317 ι
1481 4265 1634 4320 Unde
1684 4283 1815 4337 ergo
1864 4270 1976 4323 ire-

399 4368 554 4407 naeus
588 4352 701 4406 haec
720 4353 917 4422 Ignatii
946 4354 1111 4408 verba
1128 4355 1479 4426 desumpsit?
1506 4356 1811 4412 Audiamus
1867 4357 1975 4412 Eu-

396 4444 609 4499 sebium
638 4444 705 4495 "z
728 4443 936 4514 «Hujus
961 4460 1123 4515 porro
1148 4448 1362 4517 lgnatii,
1391 4448 1568 4519 inquit
1594 4450 1705 4515 ille,
1735 4458 1789 4504 et
1816 4464 1964 4504 mar-

395 4536 595 4606 tyrium
618 4546 671 4591 et
692 4538 953 4606 epistolas
986 4548 1383 4593 commemorat
1431 4541 1675 4595 Irenaaus
1726 4540 1809 4595 his
1842 4556 1965 4594 ver-

391 4629 476 4685 bis
503 4650 515 4683 :
552 4628 1024 4696 Quemadmodum
1051 4632 1294 4701 quidam,
1325 4641 1430 4687 etc.
1460 4652 1478 4685 ›
1514 4631 1761 4699 Quanam
1783 4641 1964 4687 autem

374 4706 458 4778 ex
486 4722 722 4793 epistola
749 4724 865 4778 haec
898 4723 987 4777 ille
1010 4722 1375 4791 transcripsit,
1409 4722 1512 4777 nisi
1551 4738 1618 4776 ex
1646 4722 1845 4793 Ignatii
1869 4737 1967 4777 no-

390 4816 487 4870 stri
521 4816 588 4869 ad
621 4814 898 4871 Romanos
928 4815 1181 4884 epistola,
1203 4813 1293 4868 ubi
1323 4814 1511 4869 istlttec
1538 4815 1759 4869 totidem
1786 4815 1965 4869 verbis

389 4908 781 4977 reperiuntur?

425 5059 539 5132 ςιι.
573 5058 762 5113 Prima
801 5069 851 5114 et
890 5058 1121 5113 secunda
1142 5056 1337 5113 Baliari
1365 5060 1603 5130 exceptio
1634 5062 1920 5127 refellitur.

457 5201 600 5269 Quid
630 5200 697 5255 ad
725 5201 841 5256 haec
876 5199 1148 5254 Dallazus?
1171 5197 1468 5253 Eusebium
1496 5197 1696 5255 falsum
1722 5216 1844 5256 esse
1878 5199 1962 5254 af-

387 5293 586 5347 ﬁrmat.
622 5311 641 5344 ι
664 5291 817 5359 Quod
842 5290 1003 5357 falso,
1038 5290 1215 5360 inquit
1238 5289 1302 5355 ⁸³,
1330 5291 1547 5360 putavit
1596 5289 1888 5346 Eusebius.
1934 5310 1952 5343 ι

386 5383 506 5451 Qua
536 5399 664 5438 vero
693 5392 854 5453 putas
882 5382 1093 5437 ratione
1118 5380 1443 5447 Eusebium,
1477 5380 1956 5452 diligentissimum

386 5478 733 5547 scriptorem,
787 5475 988 5530 erroris
1040 5473 1522 5539 insimulat?Quia
1572 5476 1834 5539 lrcnaeus,
1878 5474 1957 5528 uti

385 5570 474 5624 ille
503 5569 598 5633 ait,
631 5584 738 5621 non
768 5582 901 5623 usus
929 5579 1012 5622 est
1034 5581 1165 5622 voce
1193 5567 1441 5636 scripsit,
1474 5566 1567 5621 sed
1626 5566 1784 5619 dixit.
1820 5564 1940 5631 Qua

480 5689 501 5719 ’
525 5702 645 5756 cap.
671 5685 761 5748 3‘2,
793 5701 847 5755 p.
875 5687 1000 5741 455.
1076 5688 1121 5719 ⁶⁰
1154 5687 1249 5740 lib.
1279 5702 1331 5750 v,
1368 5686 1586 5740 Advers.
1611 5694 1797 5740 literas.
1820 5727 1834 5750 ,
1865 5701 1985 5755 Cap.
2010 5685 2111 5751 28,
2141 5702 2235 5741 seu
2272 5687 2419 5740 circa
2467 5688 2563 5740 litt.

2087 572 2221 612 usus
2253 567 2336 612 est
2362 576 2376 623 ;
2408 568 2467 612 ut
2490 559 2582 613 illa
2606 559 2801 628 lgnatii
2827 561 3011 626 verba,
3044 576 3152 615 non
3171 578 3239 615 ex
3266 562 3386 630 ejus
3410 563 3655 632 scriptis,

2084 648 2178 703 sed
2208 664 2273 702 ex
2296 649 2533 703 dicentis
2564 649 2737 718 ipsius
2765 665 2860 704 ore
2892 658 3118 719 excepta
3150 647 3322 705 fuisse
3367 650 3655 707 indicaret.

2084 739 2279 795 Mirum
2327 756 2459 795 sane
2485 752 2690 811 quanta
2736 757 2858 797 esse
2880 742 3129 797 debuerit
3164 743 3451 797 oscitantis
3486 742 3660 800 Euse-

2083 831 2159 885 bii
2184 874 2199 898 ,
2230 831 2323 901 qui
2351 832 2576 886 verbum
2603 833 2762 899 dixit,
2798 833 2939 887 idem
2970 848 3037 888 ac
3067 834 3313 901 scripsit,
3339 833 3658 905 signiﬁcare

2079 920 2225 980 falso
2277 923 2567 993 putaverit.
2643 922 2751 979 Sed
2814 939 3073 979 veremur
3118 940 3188 979 ne
3240 922 3506 995 Dallaaus,
3560 926 3655 995 qui

2081 1013 2199 1070 hinc
2271 1025 2398 1085 post
2474 1015 2771 1070 Parkerum
2823 1022 3012 1071 contra
3088 1013 3382 1070 Eusebium
3455 1025 3655 1086 urget,

2080 1103 2198 1172 ipse
2234 1107 2417 1174 potius
2470 1107 2702 1161 inscitiae
2748 1106 2834 1160 vel
2879 1104 3101 1160 malitiae
3166 1107 3514 1161 accusandus
3560 1107 3649 1162 sit.

2082 1192 2236 1261 Quod
2266 1198 2487 1268 quidem
2512 1198 2613 1253 etsi
2671 1198 2974 1253 innumeris
3020 1198 3349 1267 scriptorum
3405 1203 3657 1252 testimo-

2081 1289 2189 1343 niis
2238 1288 2397 1343 facile
2422 1289 2737 1343 conﬁrmari
2780 1296 2982 1358 queat;
3017 1304 3125 1343 una
3151 1299 3332 1344 tamen
3383 1302 3507 1359 qua:
3539 1287 3659 1342 Dala

2080 1381 2182 1436 IIBO
2235 1380 2409 1435 instar
2474 1380 2718 1434 omnium
2770 1394 2893 1435 esse
2945 1379 3140 1445 debet,
3203 1394 3399 1449 nempe
3461 1380 3653 1434 lrenaei

2081 1471 2258 1540 ipsius
2290 1469 2589 1525 auctoritas
2623 1470 2691 1524 ad
2726 1469 2780 1526 id
2840 1471 3181 1540 probandum
3233 1471 3350 1526 sola
3400 1470 3650 1526 suﬂiciet.

2080 1559 2174 1616 llle
2198 1562 2345 1615 enim
2369 1576 2490 1630 quae
2524 1576 2554 1614 a
2590 1556 2806 1615 Iustino
2835 1574 2943 1614 non
2975 1560 3352 1629 pronuntiata,
3383 1559 3478 1615 sed
3518 1563 3655 1616 scri-

2080 1663 2169 1722 pta
2202 1664 2388 1719 erant,
2439 1653 2523 1708 his
2562 1653 2743 1707 verbis
2790 1653 3044 1709 laudasse
3082 1654 3318 1724 legitur:
3374 1673 3392 1706 ι
3422 1652 3489 1707 Et
3517 1655 3657 1709 bene

2079 1745 2327 1801 Justinus
2352 1744 2405 1799 in
2433 1761 2497 1800 eo
2522 1744 2661 1799 libro
2683 1743 2774 1814 qui
2797 1752 2881 1798 est
2903 1744 2969 1799 ad
2998 1744 3335 1814 Marcionemj
3359 1744 3468 1800 ait:
3499 1744 3651 1811 Quo-

2084 1840 2229 1893 niam
2262 1839 2365 1908 ipsi
2406 1852 2625 1907 quoque
2676 1834 2910 1891 Domino
2940 1853 3050 1894 non
3094 1836 3457 1901 credidisset,
3495 1854 3514 1889 ι
3544 1844 3649 1891 etc.

2079 1931 2145 1986 Et
2175 1932 2283 1988 aiio
2329 1932 2383 1985 in
2430 1932 2553 1986 loco
2574 1932 2659 1986 “z
2698 1951 2717 1983 ι
2752 1931 2896 1987 Bene
2923 1926 3177 1988 Justinus
3198 1929 3356 1994 dixit,
3393 1928 3651 1999 quoniam

2080 2033 2208 2079 ante
2262 2023 2479 2079 Domini
2518 2024 2837 2091 adventum,
2867 2044 2887 2077 ι
2930 2032 3037 2080 etc.
3080 2021 3282 2077 Verum
3330 2022 3654 2075 auctoritate

2079 2116 2267 2171 [renati
2296 2118 2467 2185 ipsius
2490 2157 2506 2183 ,
2538 2116 2585 2174 si
2612 2117 2744 2188 quid
2797 2118 2853 2174 in
2895 2132 2996 2174 sua
3026 2132 3191 2172 causa
3231 2114 3463 2169 validius
3503 2112 3653 2169 desi-

2078 2208 2320 2273 deretur,
2345 2209 2643 2278 ipsummot
2683 2208 2941 2264 Dallteum
2967 2218 3159 2263 contra
3187 2207 3427 2277 seipsum
3455 2215 3651 2261 testem

2078 2298 2465 2369 producamus.
2489 2297 2601 2354 Nec
2624 2309 2769 2355 certe
2791 2300 2876 2354 vel
2902 2299 3016 2366 diu,
3053 2300 3136 2353 vel
3168 2299 3359 2368 procul
3387 2298 3475 2352 ille
3504 2314 3653 2368 qua:-

2078 2394 2282 2447 rendus
2308 2400 2393 2445 est
2414 2400 2466 2445 et
2490 2392 2879 2459 accersendus,
2905 2392 2998 2462 qui
3028 2408 3093 2447 eo
3118 2394 3236 2461 ipso
3258 2392 3401 2456 loco,
3426 2392 3515 2445 ubi
3550 2392 3653 2447 hac

2078 2484 2146 2539 de
2194 2499 2252 2539 re
2275 2484 2557 2553 disputat,
2615 2485 2697 2540 sic
2732 2499 2796 2539 ea
2823 2500 2944 2555 quae
2987 2484 3057 2538 ab
3100 2482 3385 2537 Hamondo
3432 2482 3499 2537 de
3541 2497 3651 2537 non

2077 2579 2248 2645 dicta,
2279 2578 2372 2631 sed
2400 2578 2603 2649 scripta
2631 2586 2809 2643 erant,
2847 2576 3044 2632 refert:
3078 2596 3095 2628 ‹
3126 2577 3264 2643 Quid
3290 2586 3479 2632 contra
3510 2576 3654 2633 hanc

2077 2667 2285 2723 claram
2315 2683 2380 2722 ac
2418 2668 2676 2722 invictam
2714 2668 3234 2723 demonstrationem
3260 2667 3416 2721 aﬁ'ert
3444 2666 3652 2722 doctis-

2078 2760 2253 2816 simus
2282 2758 2601 2815 Ilamondus
2628 2779 2640 2814 :
2671 2758 2930 2825 lrenzeus,
2963 2760 3159 2830 inquit,
3182 2759 3372 2831 lgnatii
3398 2761 3559 2815 dictis
3582 2774 3652 2813 ex

2076 2853 2308 2921 epistola
2338 2852 2405 2906 ad
2440 2850 2736 2919 Romanos,
2772 2860 2877 2907 etc.
2911 2872 2930 2906 ι
2964 2849 3031 2907 Et
3061 2852 3241 2907 adhuc
3279 2852 3524 2921 propius,
3554 2852 3646 2905 ubi

2076 2944 2363 3013 ipsiusmet
2389 2941 2576 2997 [renati
2603 2943 2781 2998 locum
2806 2943 3013 3007 citavit,
3036 2944 3115 2999 sic
3140 2944 3382 3012 loquitur
3408 2961 3421 2997 :
3453 2961 3473 2994 ‹
3503 2941 3645 3008 Quid

2078 3037 2226 3092 enim
2251 3051 2438 3106 quaeso
2466 3036 2628 3091 habet
2647 3051 2712 3091 eo
2737 3036 2857 3092 loco
2879 3035 3114 3090 lremeus
3135 3054 3147 3089 :
3172 3034 3425 3102 Quidam,
3447 3034 3644 3103 inquit,

2078 3139 2397 3183 nostrorum
2443 3129 2629 3183 dixit:
2679 3127 3034 3183 Frumentum
3084 3126 3215 3195 Dei,
3267 3148 3286 3179 ι
3352 3139 3458 3182 etc.
3505 3126 3646 3194 Quid

2073 3238 2204 3293 ergo
2225 3222 2248 3275 ἲ
2273 3220 2464 3275 Nonne
2495 3221 2723 3276 verbum
2777 3221 2968 3291 inquit,
2998 3220 3139 3274 idem
3176 3227 3335 3274 sonat
3373 3234 3437 3273 ac
3467 3219 3652 3273 dixit?

2073 3312 2310 3368 Dallaeus
2341 3321 2522 3366 tamen
2571 3310 2687 3380 ipse
2730 3311 2821 3365 ubi
2869 3312 2947 3376 id,
2987 3310 3134 3381 quod
3172 3309 3239 3364 ab
3277 3308 3562 3364 Hamondo
3596 3315 3653 3364 et

2074 3405 2278 3460 Irenaeo
2321 3405 2539 3474 scriptis
2571 3403 2825 3459 traditum
2871 3411 3013 3469 erat,
3042 3403 3288 3473 protulit,
3332 3416 3441 3457 non
3480 3401 3649 3456 verbo

2072 3499 2308 3567 scripsit,
2332 3497 2427 3553 sed
2460 3496 2661 3567 inquit,
2695 3495 2843 3566 quod
2890 3495 3033 3550 idem
3063 3504 3148 3550 est
3188 3509 3253 3551 ac
3305 3494 3473 3560 dixit,
3512 3509 3647 3550 usus

2073 3601 2179 3648 est.

2145 3704 2413 3761 Defensor
2443 3703 2652 3770 Dalltei,
2686 3704 2753 3759 ad
2782 3702 2831 3759 ei
2864 3702 2957 3772 qui
2986 3717 3087 3757 suo
3118 3703 3319 3773 seipse
3348 3702 3528 3773 gladio
3554 3703 3650 3773 ju-

2074 3798 2373 3870 gulaverat,
2413 3794 2692 3850 ferendam
2717 3809 2873 3865 opem
2900 3794 3160 3861 accurrit,
3176 3794 3272 3849 sed
3298 3794 3527 3849 tardius.
3555 3792 3648 3850 Sic

2075 3898 2258 3945 autem
2303 3889 2393 3942 ille
2420 3888 2463 3919 ⁸⁸
2490 3905 2503 3941 :
2534 3905 2553 3938 ι
2576 3885 2778 3941 Demus
2820 3887 3076 3951 verbum,
3115 3888 3277 3951 dixit,
3314 3899 3425 3954 quo
3478 3887 3649 3940 utitur

2074 3979 2401 4041 lrenaeus,et
2423 3993 2545 4048 quae
2575 3992 2729 4041 voce,
2752 3986 2808 4031 et
2832 3992 2953 4046 qua:
2988 3976 3193 4045 scripto
3219 3976 3364 4030 edita
3392 3986 3538 4041 sunt,
3565 3978 3650 4029 in-

2073 4069 2385 4124 diﬂereuter
2426 4070 2721 4133 denotare;
2769 4081 2881 4120 non
2922 4066 3097 4135 magis
3142 4066 3312 4132 illius,
3356 4063 3643 4130 Pearsoni,

2074 4178 2303 4219 causam
2333 4163 2547 4233 juvabit
2570 4162 2758 4217 lremei
2785 4161 3029 4216 narratio
3058 4174 3224 4229 quam
3275 4168 3549 4224 nostram;
3582 4173 3649 4213 ac

2073 4236 2304 4328 proinde
2336 4255 2698 4310 omittendum
2728 4253 2834 4308 erit
2863 4252 3238 4307 testimonium
3270 4265 3372 4320 pro
3400 4249 3646 4320 epistolis

2074 4346 2389 4417 lgnatiaais,
2422 4362 2491 4401 ex
2530 4347 2633 4401 hac
2676 4346 2989 4401 narratione
3017 4345 3384 4413 desumptum.
3412 4362 3432 4395 ι
3468 4342 3643 4409 Quam

2076 4440 2295 4493 inﬁrma
2328 4439 2400 4494 sit
2446 4440 2563 4493 haec
2606 4438 2791 4493 Dallazi
2824 4437 3074 4495 defensio
3121 4439 3245 4493 inde
3287 4446 3464 4507 patet,
3498 4438 3646 4508 quod

2068 4528 2351 4594 Dallaaum,
2397 4531 2491 4599 qui
2537 4545 2790 4601 magnam
2840 4530 2895 4584 in
2949 4531 3116 4585 verbo
3162 4531 3298 4584 dixit
3324 4532 3435 4585 vim
3484 4547 3650 4601 arguo

2071 4623 2239 4677 menti
2261 4622 2345 4677 sui
2369 4623 2600 4692 positam
2626 4638 2748 4677 esse
2769 4623 3139 4686 existimabat,
3162 4622 3243 4677 vel
3269 4623 3648 4692 imprudentiae

2071 4716 2154 4768 vel
2188 4714 2409 4768 malitiae
2442 4714 2786 4769 condemnet.
2837 4714 3042 4770 Deinde
3089 4730 3277 4770 vocem
3324 4716 3459 4769 dixit
3503 4717 3647 4785 apud

2070 4807 2333 4862 Irenaeum
2363 4807 2435 4861 ad
2463 4806 2625 4861 verba
2658 4806 2871 4877 lgna-tii,
2911 4823 3019 4861 non
3052 4808 3284 4878 prolata,
3315 4794 3405 4863 sed
3443 4810 3646 4878 scripta

2071 4900 2430 4971 significanda
2474 4900 2730 4969 usurpari
2770 4902 3006 4971 probant
3045 4916 3171 4957 cum
3223 4900 3443 4957 Eusebii
3479 4919 3645 4972 supra

2070 4992 2357 5047 memorati
2391 4994 2714 5059 anetoritas,
2749 5002 2865 5047 tum
2905 4993 3069 5049 etiam
3121 4995 3247 5063 quia
3294 4994 3411 5051 inec
3455 4997 3644 5050 eadem

2070 5085 2259 5155 lgnatii
2286 5078 2461 5139 verba
2494 5085 2547 5138 in
2586 5086 2815 5154 epistola
2845 5086 2911 5139 ad
2943 5084 3222 5141 Romanos
3255 5088 3460 5156 scripta
3492 5097 3642 5154 sunt,

2068 5192 2245 5246 neque
2272 5192 2503 5245 usquam
2536 5177 2665 5231 alibi
2688 5177 2778 5231 ille
2804 5192 2868 5232 ea
2898 5179 3193 5248 protulisse
3223 5189 3498 5235 narratur.

2136 5291 2207 5345 At
2230 5290 2465 5345 lrenaus
2493 5289 2665 5357 illam,
2691 5290 2968 5359 inquiunt,
2997 5290 3193 5361 lgnatii
3214 5296 3547 5348 sententiam
3578 5311 3645 5351 ex

2064 5382 2184 5453 ejus
2215 5382 2455 5453 martyrii
2479 5383 2649 5447 Actis,
2673 5399 2795 5452 quae
2823 5399 2925 5439 suo
2950 5384 3481 5443 cireumferebantur
3508 5396 3647 5441 tem-

2068 5489 2230 5545 pore,
2281 5473 2643 5529 transcribere
2689 5481 2885 5544 potuit.
2940 5475 3200 5531 Fatemur
3240 5478 3459 5547 quidem
3500 5478 3644 5530 hanc

2072 5568 2399 5620 sententiam
2435 5564 2626 5637 lgnatii
2659 5567 2713 5620 in
2736 5567 2854 5637 ejus
2882 5570 3127 5640 martyrii
3153 5569 3308 5625 Actis
3327 5584 3639 5634 occurrere.

2643 5688 2685 5717 ‘”
2718 5687 2855 5742 Dall.
2899 5705 3020 5758 cap.
3059 5690 3164 5753 28,
3209 5708 3259 5760 p.
3296 5692 3422 5750 454.
3475 5692 3517 5724 δ’
3542 5690 3638 5748 lib.

384 5774 473 5811 tu.
513 5760 737 5827 llistor.,
766 5772 883 5814 cat).
917 5757 1003 5811 513.
1085 5758 1129 5788 ⁸³
1155 5773 1274 5814 can.
1302 5759 1353 5819 5,
1383 5773 1436 5820 p.
1463 5757 1587 5837 452.
1666 5760 1710 5787 ⁸⁵
1744 5758 1838 5810 lib.
1883 5773 1965 5811 tv.

2076 5758 2229 5810 (vers.
2283 5757 2476 5810 lateres.
2504 5798 2518 5822 ,
2568 5772 2689 5829 cap.
2730 5759 2818 5815 54.
2895 5760 2941 5792 ⁸⁵
2969 5756 3093 5829 pag.
3127 5756 3214 5816 Πξ
