4138 6430
431 369 536 424 ι85

1396 373 1457 428 D.
1500 370 1791 428 NOUHRH
1830 371 2312 428 DISSERTATIO.
2348 401 2419 414 —
2464 371 2645 428 PARS
2681 372 2722 426 Ι.

3588 380 3699 435 486

429 493 525 549 sed
563 498 614 547 in
661 494 812 550 Actis
855 494 1128 566 corruptis
1171 505 1226 550 et
1274 496 1644 566 iuterpolatis,
1692 512 1797 551 non
1833 504 2015 550 autem
2045 500 2093 558 Α
2120 497 2235 551 haec
2269 496 2411 551 falsa
2457 497 2587 561 sint,
2620 505 2674 551 et
2700 495 2770 550 ab
2799 497 2948 551 omni
2995 496 3220 568 penitus
3242 499 3488 557 veritatis
3513 501 3695 571 specie

429 587 486 639 in
530 586 673 642 veris
719 597 775 642 et
813 588 1069 657 sinceris,
1114 604 1236 660 quae
1278 588 1473 645 Latine
1520 588 1801 653 Usserius,
1828 589 2014 643 Graece

428 693 559 731 vero
602 688 791 734 noster
842 679 1219 737 Theodoricus
1266 683 1570 738 Ruinartus
1628 683 1829 752 publici
1869 682 2013 752 juris

429 769 698 824 iecerunt.
750 772 917 842 Atqui
964 772 1011 827 si
1056 773 1243 829 lrentei
1278 783 1525 844 tempore
1562 774 1812 845 quaedam
1858 775 2015 845 lgna-

433 862 562 915 tiani
598 864 844 934 martyrii
879 864 1013 920 Acta
1052 866 1384 933 exstiterint,
1414 868 1531 921 haec
1574 874 1786 921 tantum
1829 874 2012 936 poste—

429 956 575 1010 riora
608 956 887 1011 exstitisse
938 970 1099 1011 nemo
1142 970 1292 1012 sana:
1338 956 1539 1012 mentis
1592 956 1760 1012 homo
1796 958 2014 1013 dubita-

429 1048 588 1104 verit.

502 1137 620 1195 Huc
645 1140 714 1195 ad
737 1139 922 1195 Dallaei
960 1141 1269 1197 subsidium
1306 1155 1502 1196 rursus
1525 1140 1744 1195 advolat
1770 1140 1890 1212 ejus
1912 1142 2010 1197 de-

429 1229 638 1295 fensor,
670 1239 725 1285 et
764 1232 833 1285 ab
881 1230 1213 1303 Hieronymo
1251 1231 1499 1286 eamdem
1547 1230 1739 1304 lgnatii
1788 1242 2008 1289 sentcn-

428 1326 559 1380 tiam
595 1324 819 1380 citatam
854 1326 1128 1381 observat.
1167 1325 1333 1397 Atqui
1367 1344 1386 1377 ‹
1412 1328 1586 1383 satius
1609 1340 1711 1395 est,
1739 1327 1918 1397 inquit
1941 1328 2005 1392 ⁸⁸,

427 1420 610 1475 dicere
649 1416 1041 1491 Hieronymum
1068 1423 1122 1476 in
1159 1424 1559 1494 antiquissimis
1585 1422 1827 1492 martyrii
1856 1421 2008 1477 Actis

428 1511 646 1583 legisse,
678 1529 800 1583 quae
832 1513 897 1568 de
927 1513 1155 1585 lgnatio,
1187 1517 1288 1571 etsi
1326 1517 1461 1572 forte
1494 1517 1733 1587 aliquam
1759 1517 1873 1586 jam
1906 1530 2007 1570 sua

428 1610 587 1658 aatate
620 1602 980 1658 mutationem
1020 1614 1243 1677 experta
1277 1616 1462 1662 essent
1490 1608 1579 1661 illa
1607 1607 1765 1672 Acta,
1800 1608 2005 1662 nullam

430 1704 613 1751 tamen
644 1695 884 1755 sensisse
907 1695 1088 1764 istius,
1112 1714 1220 1769 qua
1255 1699 1321 1753 de
1356 1699 1555 1770 agitur,
1580 1700 2008 1755 circumstantia:

428 1800 682 1862 respectu
716 1808 813 1861 par
842 1801 928 1847 est
972 1792 1225 1858 credere;
1259 1808 1387 1846 nam
1423 1808 1490 1847 ex
1533 1792 1656 1847 istis
1704 1794 1878 1861 Actis,
1919 1794 2005 1849 vel

2120 587 2331 642 aliena?

2185 681 2356 736 Instat
2397 690 2577 737 tamen
2630 681 2865 737 Dallaaus
2889 700 2902 736 :
2927 680 3007 735 Ex
3048 682 3279 752 epistola
3310 683 3377 738 ad
3413 681 3694 739 Romanos

2118 772 2233 826 haec
2275 773 2437 827 verba
2471 772 2711 844 lgnatius
2754 788 2861 829 non
2890 773 3097 836 Romae,
3130 793 3148 825 ι
3180 776 3275 829 sed
3313 773 3559 846 Smyrna:
3598 776 3697 829 diu

2116 872 2242 918 ante
2268 880 2501 933 agonem
2533 866 2773 921 absurde
2794 874 2847 921 et
2873 867 3053 935 inepte
3096 867 3316 935 scripsit
3341 867 3405 919 θ’.
3432 886 3450 917 »
3494 864 3696 921 Verum

2115 956 2366 1027 quisquis
2391 958 2532 1013 hanc
2564 959 2810 1014 eamdem
2841 958 3129 1027 epistolam
3157 959 3343 1012 animo
3368 957 3521 1014 falsis
3550 974 3694 1029 prat-

2111 1045 2336 1115 judiciis
2358 1064 2465 1103 non
2490 1051 2705 1118 penitus
2731 1050 3006 1104 obeaecato
3037 1049 3248 1118 legerit,
3278 1050 3326 1104 is
3348 1048 3507 1103 facile
3537 1065 3694 1104 com-

2114 1139 2289 1207 perict
2320 1139 2465 1193 illam
2502 1140 2571 1194 ad
2606 1140 2888 1196 Romanos
2931 1139 3179 1212 Smyrna:
3213 1141 3283 1195 ab
3314 1140 3524 1211 lgnatio
3558 1140 3697 1195 scri-

2112 1238 2283 1300 ptam,
2330 1249 2437 1286 non
2485 1233 2578 1286 diu
2618 1244 2745 1289 ante
2787 1248 3049 1304 agonem;
3088 1234 3182 1288 sed
3228 1249 3353 1288 cum
3400 1235 3697 1289 damnatus

2111 1334 2255 1377 esset
2290 1324 2358 1378 ad
2394 1325 2619 1391 bestias,
2664 1338 2717 1380 et
2759 1324 2989 1378 Romam
3024 1325 3093 1379 ab
3126 1325 3232 1380 illis
3266 1326 3490 1396 jamjam
3525 1328 3695 1381 devo-

2110 1420 2317 1473 randus
2350 1420 2722 1476 contenderet.
2758 1417 2876 1472 Non
2906 1433 3037 1486 ergo
3086 1419 3323 1473 absurde
3362 1433 3462 1473 nec
3490 1419 3697 1487 inepte,

2120 1512 2213 1565 sed
2248 1520 2395 1566 recte
2423 1522 2477 1566 et
2520 1513 2751 1566 omnino
2780 1516 3030 1584 apposite
3058 1515 3293 1569 [renatus
3327 1513 3471 1567 hanc
3501 1510 3696 1581 lgnatii

2110 1600 2395 1668 epistolam
2439 1601 2658 1656 citando
2704 1604 2885 1659 aiebat
2923 1606 2967 1636 ⁷⁰
2997 1624 3012 1661 :
3044 1624 3061 1655 ε
3092 1604 3326 1670 Quidam
3376 1604 3443 1657 de
3489 1601 3696 1657 nostris

2110 1693 2266 1759 dixit,
2312 1702 2533 1763 propter
2566 1697 2891 1766 martyrium
2940 1701 2997 1751 in
3043 1695 3214 1751 Deum
3246 1695 3592 1764 adjudieatus
3624 1694 3695 1749 ad

2109 1786 2334 1854 bestias,
2357 1806 2381 1839 »
2408 1798 2514 1843 etc.

427 1884 538 1938 alio
581 1885 821 1952 quodam
859 1883 1064 1952 scripto
1093 1898 1246 1953 atque
1281 1891 1516 1947 vetusto,
1550 1899 1672 1953 quae
1703 1885 1771 1939 de
1802 1883 2011 1953 [gnatio
2041 1877 2085 1933 Β
2188 1875 2355 1949 Urget
2402 1880 2601 1948 adhue,
2632 1889 2689 1936 et
2723 1883 2908 1936 acrius
2948 1882 3115 1936 instat
3157 1881 3395 1937 Dallteus
3424 1880 3695 1937 lrenaum

427 1984 646 2043 narrat,
694 1976 1099 2045 deprompsisse
1148 1974 1541 2047 Hieronymum
1580 1983 1664 2031 est
1714 1977 2008 2046 plusquam

426 2068 744 2122 verisimile.
773 2086 793 2119 »
834 2066 1035 2123 Verum
1083 2067 1315 2123 Dallaeus
1354 2084 1385 2123 e
1417 2069 1695 2124 contrario
1746 2067 2012 2140 Hierony-

427 2174 579 2212 mum
612 2174 791 2228 neque
821 2174 888 2215 ex
914 2160 999 2216 his
1022 2160 1194 2227 Actis,
1226 2176 1401 2230 neque
1426 2176 1490 2215 ex
1526 2161 1633 2215 alio
1656 2163 1882 2231 scripto,
1912 2161 2009 2215 sed

424 2264 491 2306 ex
514 2251 747 2306 Eusebio
763 2260 973 2307 tantum
994 2268 1092 2308 sua
1122 2252 1497 2321 desumpsisse
1528 2254 1827 2307 asserebat.
1869 2251 2007 2308 Nam

431 2361 454 2395 ε
482 2341 724 2409 Eusebii,
770 2344 949 2414 inquit
978 2344 1044 2412 ⁸⁷,
1070 2359 1263 2399 omnes
1302 2344 1569 2413 judicium
1588 2386 1609 2411 ,
1641 2342 2007 2417 Hieronymus

422 2432 592 2489 etiam
627 2435 791 2488 verba
827 2443 1048 2488 secutus
1089 2444 1198 2501 est;
1233 2443 1293 2490 ut
1335 2436 1440 2491 hoc
1482 2451 1591 2489 non
1621 2444 1732 2490 tam
1764 2436 2003 2506 illorum,

426 2538 595 2592 quam
627 2526 792 2578 unius
826 2523 1045 2580 Eusebii
1084 2526 1460 2581 testimonium
1497 2528 1711 2582 censeri
1740 2529 1956 2584 debeat.
1980 2549 1998 2581 »

427 2614 646 2671 Siccine
674 2631 804 2688 ergo
830 2616 1142 2671 defenditur
1166 2616 1422 2684 Dallazus,
1439 2633 1566 2673 cum
1592 2618 1640 2674 ei
1668 2630 1853 2690 aperte
1874 2636 2007 2676 con-

425 2705 747 2758 tradicitur?
779 2704 922 2771 Quid
950 2722 1076 2760 vero
1114 2707 1261 2776 quod
1296 2708 1447 2763 nulla
1472 2709 1599 2776 alia,
1628 2712 1707 2765 uti
1740 2711 2002 2780 diximus,

424 2798 673 2869 martyrii
716 2797 983 2870 Ignatiani
1028 2802 1182 2867 Acta,
1215 2816 1379 2870 quam
1410 2817 1533 2871 qua:
1570 2802 1639 2856 ab
1675 2800 1919 2866 Usserio,
1951 2813 2007 2859 et

424 2889 724 2944 novissime
763 2904 794 2941 a
828 2899 1020 2943 nostro
1072 2888 1338 2945 Ruinarto
1383 2891 1529 2945 edita
1580 2899 1728 2958 sunt,
1761 2901 2006 2962 tempore

424 2976 743 3050 Hieronymi
777 2980 1053 3035 exstitisse
1098 2990 1309 3035 certum
1356 2981 1591 3037 videtur.
1646 2983 1715 3037 At
1759 2982 2004 3053 profecto

423 3086 535 3126 non
580 3072 633 3124 in
672 3071 758 3138 iis,
806 3074 899 3126 sed
952 3073 1005 3126 in
1043 3073 1317 3142 corruptis
1358 3082 1566 3129 tantum
1601 3074 1773 3139 Actis,
1812 3074 2004 3145 lgnatii

422 3164 694 3219 sententia
735 3163 803 3217 ab
842 3162 1173 3235 Hieronymo
1202 3174 1255 3220 et
1288 3164 1491 3221 lrenzeo
1532 3167 1695 3222 citata
1738 3168 1999 3222 occurrit.

423 3253 671 3325 Denique
714 3257 860 3325 quod
902 3257 1152 3326 egregius
1188 3256 1277 3311 ille
1314 3255 1498 3313 Dallzei
1551 3257 1806 3313 defensor
1832 3260 2002 3324 addit,

421 3346 817 3419 Hieronymum
851 3364 970 3402 eam
1012 3348 1058 3403 si
1094 3364 1201 3403 non
1238 3364 1305 3403 ex
1345 3349 1524 3416 Actis,
1554 3365 1620 3405 ex
1659 3352 1767 3406 alio
1797 3352 2005 3421 scripto

418 3455 578 3512 neque
615 3446 831 3492 vetusto
858 3437 1252 3508 desumpsisse,
1280 3440 1384 3493 hoc
1405 3449 1458 3493 et
1493 3439 1711 3507 Dallzeo,
1746 3450 1805 3495 ut
1842 3444 2005 3511 paulo

418 3544 549 3589 ante
600 3531 871 3599 diximus,
907 3531 1234 3600 Opponitur,
1268 3539 1323 3585 et
1370 3533 1542 3603 gratis
1585 3533 1653 3588 ab
1687 3534 1781 3587 illo
1817 3534 2002 3589 ﬁctum

417 3638 528 3683 eat.
560 3624 746 3695 Neque
778 3624 923 3679 enim
966 3623 1187 3693 aliquod
1230 3625 1299 3678 ab
1340 3625 1462 3694 ipso
1509 3635 1603 3680 aut
1640 3627 1709 3681 ab
1752 3628 1861 3682 ullo
1897 3644 2002 3682 un-

419 3735 588 3790 quam
632 3718 741 3772 alio
784 3716 1007 3771 homine
1061 3717 1325 3785 scriptum
1373 3717 1643 3789 assignari
1679 3719 1901 3788 poterit,
1944 3719 1998 3774 in

419 3827 534 3882 quo
564 3813 677 3865 haec
709 3811 921 3881 legatur
954 3810 1150 3880 lgnatii
1188 3810 1455 3864 sententia
1489 3828 1501 3863 :
1535 3825 1636 3865 nos
1666 3820 1851 3865 autem
1885 3813 2002 3882 epi-

427 3905 626 3960 stolam
681 3903 746 3957 ad
802 3902 1114 3968 Romanos,
1184 3902 1305 3971 ejus
1371 3902 1595 3958 nomine
1645 3903 1999 3973 inscriptam,

424 3996 814 4067 producimus,
869 3995 962 4049 ubi
1016 3994 1108 4048 illa
1167 3994 1234 4049 de
1294 3994 1459 4049 verbo
1518 3994 1586 4048 ad
1629 3995 1854 4049 verbum
1914 4011 2002 4053 re-

422 4090 650 4161 peritur.

531 4181 561 4253 ς
594 4179 682 4235 Ill.
711 4179 947 4250 Reliqua
972 4177 1171 4233 Dallazt'
1198 4178 1524 4249 exceptiones
1553 4178 1890 4249 refelluntur.

490 4277 694 4332 Eadem
750 4278 938 4347 itaque
989 4276 1202 4331 ratione
1258 4275 1314 4329 id
1367 4273 1640 4329 refellitur
1672 4272 2001 4345 quod’dicit

418 4369 656 4427 Dallaeus
680 4371 724 4404 ⁸⁸
750 4390 761 4425 :
788 4388 806 4421 ι
830 4366 1034 4424 Omnes
1048 4366 1235 4423 vident
1251 4365 1407 4423 facile
1432 4367 1549 4422 ﬁeri
1579 4368 1841 4438 potuisse,
1866 4377 1920 4422 ut
1951 4369 1998 4423 si

417 4465 565 4536 quod
595 4463 867 4534 ejusmodi
896 4462 1159 4532 scriptum
1181 4461 1437 4516 edidisset
1467 4461 1735 4533 lgnatius;
1760 4481 1778 4513 »
1807 4465 1859 4516 in
1882 4479 1993 4533 quo

2112 1968 2256 2025 hanc
2301 1970 2493 2041 lgnatii
2546 1974 2875 2027 sententiam
2910 1988 2977 2027 ex
3019 1974 3248 2042 epistola
3298 1974 3366 2029 ad
3415 1973 3696 2030 Romanus

2110 2077 2218 2115 non
2250 2062 2431 2117 solum
2468 2078 2579 2117 non
2626 2065 2950 2133 sumpsisse,
2983 2066 3079 2119 sed
3122 2080 3299 2135 neque
3342 2081 3560 2120 sumere
3591 2081 3693 2135 po-

2109 2151 2300 2208 tuisse.
2334 2152 2523 2223 Neque
2555 2154 2608 2208 id
2643 2154 2734 2208 ille
2762 2154 3005 2223 quolibet
3038 2164 3387 2224 argumento,
3418 2157 3513 2209 sed
3543 2157 3693 2210 clara

2108 2249 2161 2295 et
2205 2242 2407 2297 invicta
2459 2244 2925 2299 demonstratione
2976 2260 3034 2299 se
3084 2246 3321 2314 probare
3369 2246 3690 2301 arbitratur.

2108 2330 2235 2389 Haec
2277 2343 2459 2388 autem
2503 2335 2705 2389 invicta
2756 2335 3175 2403 demonstratio,
3215 2352 3285 2391 ne
3315 2337 3448 2407 quid
3490 2336 3692 2390 virium

2106 2442 2333 2482 suarum
2358 2429 2590 2494 amittat,
2610 2428 2855 2498 ejusdem
2885 2429 3063 2484 verbis
3091 2429 3443 2498 proponenda
3469 2441 3573 2485 est.
3602 2429 3693 2481 Ait

2107 2518 2291 2590 itaque
2320 2522 2364 2552 ⁷³
2395 2538 2588 2578 omnes
2628 2538 2767 2591 Quas
2800 2522 3040 2577 diximus
3087 2538 3209 2578 esse
3256 2522 3445 2593 lgnatii
3488 2523 3694 2593 episto-

2105 2612 2227 2667 las:
2253 2629 2274 2665 ι
2308 2612 2511 2670 Irenaeo
2544 2617 2705 2685 plane
2741 2616 2956 2686 ignotas
2989 2615 3178 2670 luisse.
3212 2614 3457 2681 Quarum
3487 2616 3696 2670 scilicet

2104 2708 2437 2763 testimoniis
2466 2708 2729 2763 adversus
2761 2706 3069 2770 hmreticos,
3099 2722 3245 2777 quos
3279 2705 3499 2772 refellit,
3529 2707 3688 2762 lucu-

2104 2802 2428 2858 lentissimis
2464 2817 2529 2856 ac
2558 2801 2935 2857 disertissimis
2961 2816 3233 2869 nusquam
3270 2815 3405 2853 usus
3425 2801 3694 2868 reperitur

2105 2895 2160 2950 in
2194 2904 2309 2951 toto
2342 2896 2606 2950 adversus
2656 2894 2892 2948 haereses
2939 2908 3135 2962 opere;
3185 2892 3401 2947 tametsi
3451 2893 3692 2963 plurima

2104 2989 2311 3059 passim
2346 2988 2464 3043 loca
2500 2988 2610 3042 illic
2643 2996 2956 3051 occurrant,
2983 2986 3037 3039 in
3069 2986 3274 3055 quibus
3306 2986 3593 3041 utilissime
3627 3000 3695 3044 ac

2104 3096 2241 3151 pene
2278 3080 2591 3136 necessario
2621 3079 2688 3133 ab
2714 3089 2943 3134 auctore
2990 3078 3300 3133 adhibenda
3334 3088 3510 3145 erant,
3538 3079 3584 3133 si
3627 3094 3691 3133 ea

2106 3174 2322 3243 cognita
2357 3173 2658 3227 habuisset.
2685 3191 2704 3222 »
2739 3169 2920 3240 Atque
2952 3171 3057 3224 hoc
3104 3170 3241 3225 illud
3270 3179 3354 3225 est
3400 3186 3693 3241 argumen-

2108 3274 2249 3331 tum,
2275 3266 2421 3335 quod
2460 3263 2690 3319 Dallaaus
2721 3263 2924 3317 claram
2959 3270 3016 3316 et
3056 3261 3313 3315 invictam
3346 3262 3693 3316 demonstra-

2111 3361 2317 3415 tionem
2353 3357 2604 3428 appellat.
2644 3355 2748 3409 Sed
2797 3355 2941 3408 hunc
2985 3354 3237 3407 eumdem
3282 3352 3566 3418 Dallzeum,
3611 3354 3694 3407 loo-

2106 3454 2240 3522 gica:
2290 3459 2344 3506 et
2393 3450 2694 3505 dialectica:
2754 3446 3247 3510 callentissimum,
3289 3444 3557 3499 miramur
3603 3444 3692 3500 hic

2105 3559 2215 3597 non
2249 3542 2566 3596 meminisse
2604 3539 2660 3594 in
2703 3539 2850 3593 clara
2896 3546 2950 3591 et
2984 3538 3185 3589 invicta
3224 3536 3691 3592 demonstratione

2105 3636 2291 3691 omnia
2321 3650 2444 3690 esse
2475 3632 2673 3688 debere
2709 3642 2878 3697 certa,
2916 3630 3118 3683 invicta
3152 3637 3207 3683 et
3239 3628 3470 3683 omnino
3499 3643 3690 3682 neces-

2103 3728 2268 3784 saria.
2314 3726 2411 3785 Ad.
2447 3740 2604 3781 suam
2637 3738 2768 3794 ergo
2812 3724 3015 3778 claram
3059 3729 3113 3775 et
3157 3720 3415 3774 invictam
3460 3720 3691 3774 demon~

2103 3818 2425 3874 strationem
2468 3817 2515 3849 τ’
2568 3814 3002 3878 conficiendam,
3040 3812 3144 3881 ipsi
3198 3811 3687 3891 demonstrandum

2103 3920 2241 3977 erat,
2273 3907 2467 3982 lguatii
2505 3907 2817 3963 testimonia
2861 3922 2971 3960 non
3002 3914 3215 3959 tantum
3250 3923 3269 3955 ι
3303 3902 3593 3957 utilissime
3622 3916 3688 3956 ac

2100 4017 2239 4073 pene
2267 4000 2598 4065 necessario,
2621 4018 2640 4052 »
2672 4000 2767 4055 sed
2800 4000 2961 4069 plane
3005 4000 3335 4068 penitusque
3373 3994 3686 4052 necessario

2103 4094 2275 4150 fuisse
2314 4094 2641 4149 adhibenda.
2692 4090 2889 4145 Verum
2924 4090 3189 4161 quidquid
3222 4090 3291 4144 sit
3326 4088 3395 4142 de
3428 4098 3593 4143 certae
3631 4096 3688 4142 et

2100 4187 2314 4242 invictae
2339 4182 2825 4240 demonstrationis
2847 4180 3099 4243 nomine,
3135 4179 3203 4232 ad
3236 4178 3345 4230 vim
3377 4174 3685 4247 argumenti

2100 4279 2468 4335 attendamus.
2506 4276 2640 4330 Illud
2666 4284 2849 4329 autem
2886 4288 2994 4328 non
3025 4274 3213 4327 minus
3241 4280 3434 4326 contra
3473 4271 3686 4340 ipsum-

2100 4382 2209 4428 met
2242 4371 2525 4437 Dallzeum,
2562 4384 2727 4439 quam
2772 4378 2963 4423 contra
3001 4384 3103 4423 nos
3148 4366 3364 4421 militat.
3411 4364 3684 4435 Epistolas

2101 4465 2367 4535 siquidem
2398 4463 2692 4518 nonnullas
2715 4461 2784 4515 ab
2806 4460 3017 4531 Ignatio
3039 4469 3229 4514 nostro
3254 4460 3486 4529 scriptas
3514 4459 3685 4516 fuisse

416 4574 574 4615 suam
610 4557 936 4613 sententiam
969 4557 1305 4622 exaraverit;
1348 4572 1368 4606 ι
1404 4554 1458 4609 id
1486 4563 1541 4609 et
1569 4556 1624 4609 in
1656 4554 1844 4611 lrenaai
1878 4572 1994 4610 ma-
2027 4551 2070 4605 D
2098 4554 2189 4612 ille
2220 4558 2365 4613 ultro
2395 4556 2684 4611 concedit?
2718 4573 2736 4606 ι
2767 4554 2902 4619 Quis
2942 4554 3112 4620 enim,
3159 4553 3337 4623 inquit
3364 4553 3429 4620 ⁷³,
3461 4562 3570 4607 tam
3604 4553 3685 4609 fa-

415 4668 521 4706 nus
548 4650 775 4714 veniret,
806 4657 861 4702 ct
886 4648 977 4702 diu
1022 4655 1149 4701 ante
1188 4655 1376 4701 nostra
1427 4656 1674 4718 tempora
1710 4647 1995 4705 intercide-

414 4753 561 4799 ret.»
618 4741 840 4795 Nullum
897 4740 1130 4811 quippe,
1171 4740 1316 4809 quod
1369 4739 1740 4808 interciderit,
1796 4740 1991 4810 lgnatii

414 4836 680 4904 scriptum
710 4832 945 4888 Dallaeus
972 4833 1252 4903 assignare
1278 4841 1476 4902 potest,
1501 4834 1555 4886 in
1584 4848 1695 4903 quo
1724 4836 1991 4889 sententia

413 4929 504 4983 illa
540 4928 706 4982 fuerit
739 4926 974 4997 scripta;
1016 4926 1112 4981 sed
1144 4940 1245 4980 nos
1282 4925 1567 4995 epistolam
1594 4927 1659 4981 ad
1690 4925 1987 4993 Romanos,

411 5018 506 5072 ubi
544 5033 761 5087 semper
800 5017 1028 5084 exstitit,
1068 5017 1438 5087 assiguamus.
1498 5015 1672 5072 Porro
1716 5027 1898 5071 autem
1942 5018 1988 5071 si

410 5112 541 5181 quid
581 5113 635 5164 in
682 5112 788 5166 hoc
818 5118 1140 5181 argumento
1170 5110 1243 5163 sit
1270 5109 1509 5175 roboris,
1536 5107 1681 5164 certe
1720 5124 1786 5163 eo
1823 5110 1989 5163 innu-

409 5220 573 5259 merae
599 5204 953 5273 antiquorum
995 5202 1220 5257 Patrum
1261 5202 1674 5258 lucubrationes
1704 5202 1985 5266 excidant,

408 5312 631 5351 necesse
659 5304 768 5352 est.
796 5295 920 5351 Illas
948 5296 1148 5365 quippe
1177 5310 1208 5349 a
1235 5294 1591 5364 scriptoribus
1617 5294 1987 5349 celeberrimis

406 5391 565 5445 citari
604 5390 653 5445 si
697 5390 927 5455 dixeris,
954 5390 1100 5444 illico
1132 5396 1429 5457 reponctur
1476 5403 1583 5442 non
1623 5402 1738 5453 eas,
1781 5402 1903 5457 quae
1930 5388 1985 5441 in

404 5499 604 5538 manus
630 5491 849 5538 nostras
878 5481 1247 5553 pervenerint,
1273 5478 1369 5534 sed
1402 5478 1560 5542 alias,
1586 5493 1710 5548 qua:
1739 5478 1832 5532 diu
1862 5489 1987 5533 ante

402 5586 589 5631 nostra
627 5585 875 5645 tempora
922 5573 1318 5637 interciderint,
1368 5571 1437 5626 ab
1481 5572 1588 5627 illis
1634 5570 1854 5638 citatas,
1900 5570 1986 5625 vel

401 5669 594 5723 saltem
625 5669 783 5723 citari
815 5667 1081 5738 potuisse.
1109 5664 1244 5732 Quis
1270 5680 1451 5721 autem
1476 5681 1586 5719 non
1615 5664 1795 5719 videat
1817 5681 1982 5735 quam

497 5787 543 5817 “
566 5804 688 5858 pag.
713 5787 767 5841 2.
883 5786 927 5819 ⁸⁷
956 5800 1095 5858 cap.
1119 5783 1216 5846 56,
1248 5784 1460 5858 p.752.

400 5857 491 5924 '53,
530 5855 583 5929 pl
612 5855 738 5913 454.
816 5858 861 5889 ⁷³
892 5873 1014 5927 cap.
1044 5857 1132 5923 '56,
1161 5871 1215 5924 ι).
1249 5855 1373 5909 450.

2104 4662 2230 4708 tuus
2260 4661 2365 4718 est,
2398 4659 2457 4705 ut
2485 4665 2607 4704 eum
2641 4648 2930 4716 scripsisse
2955 4647 3166 4715 aliquas
3198 4646 3428 4716 neget?»
3457 4645 3683 4703 Fatetur

2099 4745 2264 4800 etiam
2315 4742 2532 4797 easdem
2580 4740 2753 4794 fuisse
2789 4757 2807 4789 ‹
2839 4739 2906 4791 ad
2942 4752 3057 4791 rem
3101 4737 3473 4792 Christianam
3524 4740 3683 4794 valde

2100 4835 2324 4899 utiles,»
2364 4832 2700 4903 proindeque
2746 4829 2983 4899 plurima
3031 4829 3086 4883 in
3132 4830 3213 4884 eis
3247 4830 3525 4885 exstitisse
3558 4832 3679 4886 loca

2098 4932 2285 4980 contra
2321 4923 2502 4976 varios
2524 4920 2817 4991 lgnatianae
2843 4919 3019 4973 anatis
3053 4920 3359 4987 haereticos,
3395 4935 3537 4988 quos
3568 4918 3680 4975 lre-

2097 5029 2248 5068 meus
2280 5022 2470 5082 postea
2500 5009 2716 5065 refellit.
2742 5006 2914 5063 Porro
2938 5009 3129 5063 eadem
3159 5010 3318 5079 plane
3341 5010 3680 5065 demonstra-

2095 5107 2264 5173 tione,
2294 5120 2461 5175 quam
2503 5104 2707 5159 claram
2745 5111 2799 5156 et
2845 5102 3104 5157 invictam
3141 5102 3377 5158 Dalla-us
3408 5113 3590 5169 vocat,
3622 5104 3676 5159 id

2095 5198 2293 5253 falsum
2324 5213 2445 5252 esse
2494 5197 2571 5251 sic
2614 5194 2905 5251 evincitur.
2946 5194 3052 5249 Eas
3090 5196 3236 5250 enim
3282 5195 3529 5267 lgnatius
3566 5211 3675 5249 non

2092 5294 2311 5363 scripsit
2331 5292 2609 5362 epistolas,
2636 5306 2870 5361 quarum
2898 5290 3211 5345 testimonia
3235 5288 3471 5345 lrenaaus
3495 5291 3548 5343 in
3574 5305 3677 5344 suo

2091 5386 2357 5440 Adversus
2400 5386 2620 5439 limosas
2665 5399 2836 5453 opere
2879 5392 3070 5438 contra
3118 5397 3248 5449 eos,
3292 5399 3434 5453 quos
3480 5381 3677 5440 refellit

2094 5486 2381 5541 haereticos
2408 5499 2519 5538 non
2559 5481 2829 5537 adhibuit.
2864 5481 3028 5552 Atqui
3063 5479 3302 5534 lrenmus
3332 5478 3479 5534 nulla
3518 5480 3672 5534 testi-

2092 5578 2275 5632 monia
2304 5592 2371 5630 ex
2403 5576 2468 5630 iis
2501 5574 2772 5645 epistolis,
2807 5589 2945 5643 quas
2980 5572 3212 5628 Dallazus
3239 5572 3505 5644 lgnatium
3536 5573 3676 5627 scri-

2091 5669 2267 5739 psisse
2293 5667 2544 5733 alIirmat,
2569 5667 2623 5721 in
2664 5681 2767 5722 suo
2796 5665 3062 5720 adversus
3095 5664 3328 5720 hatreses
3353 5679 3516 5733 opere
3541 5679 3675 5720 con.

1560 5786 1604 5816 ⁸⁸
1635 5799 1756 5854 cap.
1791 5784 1881 5853 55,
1912 5801 1965 5855 p.
1996 5819 2000 5831 ι

2109 5829 2125 5843 .
2204 5788 2247 5819 σο
2278 5801 2400 5857 cap.
2433 5785 2627 5857 55,p.
2679 5786 2809 5842 436.
2886 5783 3101 5838 “leid.
3179 5783 3224 5813 σι
3257 5782 3400 5838 Ibid.
3466 5770 3522 5816 ‘n
3549 5798 3669 5853 cap.
