4138 6394
481 319 581 374 487

1538 310 1592 363 S.
1637 310 1984 366 IGNATIUS.
2020 342 2087 349 —-
2126 311 2663 368 PROLEGOMENA.

3625 319 3732 374 488

482 446 563 489 tra
608 433 919 491 confutatos
952 450 982 487 a
1024 448 1082 488 se
1130 434 1418 488 htereticos
1464 433 1732 487 adhibuit.
1788 432 1929 501 Ergo
1976 433 2058 487 lue
2086 438 2132 493 Α
2163 433 2277 489 lloc
2307 436 2491 504 itaque
2538 434 2913 490 testimonium
2942 434 3215 506 Origenis,
3241 436 3371 505 quia
3403 436 3535 490 illud
3570 440 3733 493 annis

479 528 720 595 epistolae
752 527 800 580 ei
832 527 987 595 plane
1028 525 1319 595 incognitae
1362 524 1603 579 fuerunt.
1643 525 1783 594 Ergo
1815 523 2057 591 lgnatius

481 619 621 683 illas,
656 618 921 687 quidquid
966 616 1198 671 Dallmus
1240 617 1459 683 dixerit,
1494 632 1617 671 vere
1657 632 1766 670 non
1813 617 2052 686 scripsit.

479 707 596 773 Qua
644 717 822 761 autem
880 707 1232 776 responsione
1274 708 1389 776 hoc
1439 716 1821 777 argumentum
1885 707 2059 762 solvet

481 800 731 863 Dallteus,
751 800 939 854 eadem
964 810 1017 855 et
1046 816 1145 855 nos
1174 800 1377 854 claram
1408 809 1462 854 et
1494 799 1750 853 invictam
1778 798 1926 855 illius
1957 800 2054 855 de-

479 895 928 948 monstrationem
959 895 1253 947 solvemus.

547 986 796 1038 Attamen
845 984 1099 1039 Dallaeani
1137 985 1441 1054 argumenti
1471 984 1798 1039 solutionem
1831 982 1900 1037 ab
1934 982 2071 1052 ipso.

476 1091 584 1129 non
624 1087 1026 1144 exspectamus.
1062 1075 1476 1145 Respondemus
1505 1076 1650 1129 enim
1699 1074 1897 1129 falsum
1928 1088 2053 1130 esse

476 1167 529 1221 in
570 1167 758 1239 lgnatii
790 1170 1032 1237 epistolis
1079 1168 1311 1237 plurima
1339 1182 1626 1222 occurrere
1655 1168 1794 1233 loca,
1832 1183 1954 1237 quae
1984 1167 2053 1221 ab

474 1259 676 1314 lrenzco
700 1261 750 1313 in
774 1276 873 1315 suo
902 1260 1038 1313 libro
1071 1262 1326 1312 Adversus
1351 1260 1569 1313 Increses
1597 1260 1903 1315 adhibenda
1934 1258 2055 1313 fuc-

477 1353 604 1406 rint.
641 1351 757 1405 Non
788 1354 973 1407 debuit
1000 1354 1266 1421 siquidem
1298 1352 1534 1407 li'enteus
1577 1368 1639 1406 ea
1683 1353 1862 1422 potius
1892 1353 2051 1407 adbi-

478 1445 623 1508 bere,
657 1461 821 1513 quam
866 1446 970 1498 alia
1002 1444 1332 1510 testimonia,
1360 1460 1483 1513 qum
1515 1444 1718 1513 passim
1751 1454 2052 1499 occurrunt

476 1536 530 1589 in
559 1537 785 1604 epistola
812 1536 1094 1601 Barnabte,
1129 1537 1180 1589 in
1228 1537 1495 1605 apologiis
1528 1536 1790 1601 Quadrati
1831 1545 1884 1591 ct
1928 1537 2052 1590 Ari-

476 1631 654 1694 stidis,
696 1632 749 1683 in
792 1630 1009 1698 scriptis
1054 1629 1375 1697 Apollinarii
1424 1628 1883 1698 Hierapolitarum
1932 1628 2049 1698 epi-

474 1723 647 1791 scopi,
684 1722 933 1791 Agrippae
953 1762 966 1783 ,
1001 1720 1271 1776 Melitonis
1290 1762 1303 1785 ,
1327 1721 1688 1791 Athenagorae
1711 1721 2051 1789 aliorumque

473 1812 902 1881 quamplurium,
935 1811 1026 1879 qui
1060 1812 1345 1865 haereticos
1370 1827 1508 1880 quos
1561 1809 1797 1866 lrenmus
1830 1810 2046 1879 refellit,

472 1904 832 1959 disertissime
884 1904 1217 1973 redarguunt
1258 1912 1310 1957 et
1346 1914 1681 1974 oppugnant.
1727 1905 1839 1959 (Zur
1867 1916 2047 1959 autem

472 1996 709 2050 lrenaeus
755 2012 855 2050 nec
892 1996 981 2049 illa
1023 1996 1205 2050 omnia
1238 2003 1316 2050 tot
1357 2005 1743 2065 tantorumque
1784 1996 2048 2063 virorum,

469 2104 571 2143 nec
600 2087 793 2158 lgnatii
842 2089 1150 2143 testimonia
1195 2088 1523 2154 adhibuerit,
1549 2088 1596 2143 si
1639 2104 1875 2157 qureras,
1911 2090 2050 2144 ratlo

471 2181 525 2233 in
566 2190 814 2249 promptu
864 2189 967 2236 est.
1025 2180 1101 2233 Ex
1156 2181 1460 2236 innumeris
1511 2182 1789 2235 enimvero
1829 2180 2047 2236 Patrum

470 2272 603 2326 locis
634 2272 879 2340 quaedam
912 2272 1243 2341 paucissima
1274 2289 1397 2327 cum
1436 2273 1525 2326 ille
1561 2282 1752 2326 contra
1789 2273 2046 2340 hrereses,

470 2380 607 2433 quas
654 2363 873 2427 refutat,
923 2364 1206 2426 citaverit,
1241 2364 1365 2419 inde
1405 2365 1677 2433 colligitur
1716 2364 1861 2419 aliud
1896 2380 2047 2430 sane,

469 2470 632 2522 quam
659 2470 721 2506 ex
752 2454 1009 2507 continua
1040 2453 1262 2507 Patrum
1292 2455 1584 2509 traditione
1614 2456 1850 2510 haereses
1877 2472 2049 2525 expu-

471 2546 669 2615 gnandi
698 2545 869 2599 fuisse
901 2547 1047 2600 illius
1080 2547 1445 2616 propositum.
1474 2546 1540 2601 Et
1566 2562 1694 2601 vero
1728 2563 1897 2612 pauca
1929 2556 2049 2602 tan—

473 2634 754 2688 tummodo
804 2633 1026 2688 Patrum
1070 2636 1184 2690 loca
1233 2636 1355 2689 ideo
1394 2636 1597 2701 retulit,
1643 2637 1728 2690 vel
1770 2637 1899 2705 quia
1944 2636 2047 2704 ipsi

470 2732 628 2777 crant
658 2723 722 2775 ad
751 2740 994 2790 manum,
1027 2725 1109 2779 vel
1143 2725 1271 2794 quia
1306 2726 1623 2780 eorumdem
1647 2724 1870 2779 Patrum
1908 2727 2047 2780 scri-

470 2827 560 2885 pta
586 2818 854 2871 haereticis
879 2833 1077 2886 magno
1100 2826 1257 2872 erant
1282 2818 1338 2872 in
1369 2818 1563 2887 pretio,
1586 2818 1731 2871 sicut
1760 2817 2048 2889 Polycarpi

469 2911 697 2979 epistola
725 2909 949 2964 Florino
978 2929 990 2964 :
1016 2911 1099 2964 vel
1122 2911 1357 2979 denique
1385 2911 1506 2964 aliis
1532 2912 1597 2964 de
1625 2911 1806 2965 causis
1826 2926 1891 2965 ex
1915 2919 2051 2965 tem-

472 3016 623 3069 pore,
658 3016 765 3068 quo
802 3000 1095 3064 scribebat,
1128 3008 1222 3054 aut
1249 3016 1315 3055 ex
1348 3015 1449 3054 suo
1478 3000 1562 3053 vel
1611 3000 2049 3055 adversariorum

471 3092 687 3162 ingenio
717 3092 917 3160 petitis.

1072 3223 1301 3279 CAPUT
1345 3223 1433 3277 Vl.

470 3332 831 3370 ARGUMENTUM
874 3332 1148 3379 QUARTUM,
1184 3333 1250 3369 EX
1285 3331 1533 3371 ORIGENIS
1579 3331 1902 3370 TESTIMONIO
1944 3332 2043 3370 DE-

540 3404 808 3450 SllﬂP'l'Uhi,
845 3404 907 3439 AB
942 3403 1385 3441 ADVERSARIOBUM
1411 3401 1831 3444 EXCEPTIONIBUS
1865 3403 2042 3441 VINDI-

538 3473 733 3511 CATUR.

472 3570 500 3641 ς
541 3571 587 3623 l.
627 3568 954 3640 Proponitur
1000 3570 1354 3623 testimonium
1402 3569 1671 3639 Origenis,
1705 3580 1753 3624 et
1799 3588 1831 3623 a
1870 3572 2043 3640 prima

925 3643 1225 3710 exceptione
1264 3642 1584 3696 vindicatur.

536 3754 800 3809 Invictum
857 3752 1046 3807 Irena‘i
1087 3754 1461 3808 testimonium
1511 3753 1710 3822 excipit
1743 3752 2043 3807 auctoritas

465 3845 738 3914 Origenis,
779 3845 872 3913 qui
915 3846 1197 3914 epistolas,
1245 3861 1382 3913 quas
1430 3844 1796 3910 defendimus,
1831 3842 2041 3913 lgnatio

465 3936 671 4004 absque
706 3935 811 3988 ulla
847 3935 929 3988 vel
959 3935 1179 3989 minima
1210 3935 1546 3988 dubitatione
1578 3934 1788 3988 tribuit.
1816 3933 1867 3989 ls
1896 3935 2041 3988 enim

465 4025 629 4079 verba
664 4026 877 4095 lgnatii,
910 4042 975 4080 ex
1010 4027 1237 4096 epistola
1269 4028 1335 4080 ad
1362 4024 1625 4094 Ephesios
1659 4034 1935 4093 excerpta,
1967 4028 2045 4080 sic

466 4116 649 4169 laudat
675 4117 720 4146 ⁷⁵
749 4136 761 4169 :
795 4135 811 4166 ι
847 4116 1134 4185 Eleganter
1188 4117 1243 4169 in
1296 4117 1581 4185 cujusdam
1634 4117 1893 4186 martyris
1926 4117 2042 4184 epi-

464 4208 605 4264 ttola
634 4208 896 4276 scriptum
929 4208 1123 4276 reperi,
1152 4206 1416 4275 lgnatium
1443 4206 1567 4261 dico
1592 4208 1904 4276 episcopum
1935 4206 2047 4259 An-

467 4299 683 4353 tiochia:
718 4308 840 4367 post
868 4295 1085 4351 Petrum
1122 4298 1443 4361 secundum,
1469 4297 1559 4366 qui
1588 4297 1642 4350 in
1671 4296 2047 4366 persecutione

467 4390 653 4443 Roma:
681 4389 940 4458 pugnavit
972 4389 1034 4441 ad
1069 4389 1273 4441 bestias
1302 4407 1314 4442 :
1341 4388 1639 4457 principem
1670 4386 1852 4442 sarculi
1882 4387 2044 4455 hujus

2161 527 2380 582 circiter
2410 535 2628 581 centum
2667 536 2723 580 et
2748 527 3107 596 quadraginta
3153 538 3275 597 post
3314 526 3506 598 lgnatii
3542 544 3730 582 necem

2161 619 2379 688 scriptis
2406 618 2669 681 tradebat,
2700 617 3073 673 frustraneum
3113 621 3249 673 erit?
3275 618 3415 685 Quid
3448 620 3612 687 igitur
3644 619 3730 672 fiet

2159 709 2225 764 de
2268 718 2347 763 tot
2392 709 2902 778 antiquissimorum
2951 708 3176 763 Patrum
3220 718 3273 763 et
3318 708 3649 763 testimoniis
3680 718 3734 762 et

2158 799 2649 863 lucubrationibus,
2684 814 2919 867 quorum
2969 799 3058 853 vix
3113 798 3326 853 duobus
3370 807 3495 867 post
3537 815 3729 852 eorum

2158 900 2389 945 mortem
2436 891 2649 945 saeculis
2699 890 2901 945 alicubi
2958 890 3099 945 facta
3138 899 3222 945 est
3257 891 3494 944 mentio?
3528 889 3733 944 Deinde

2156 985 2401 1054 epistola:
2425 983 2640 1055 lgnatii,
2675 994 2736 1039 ut
2756 985 3017 1050 diximus,
3043 985 3097 1037 in
3126 984 3478 1039 ecclesiarum
3512 985 3733 1039 scriniis

2156 1077 2600 1142 asservabantur,
2625 1076 2717 1130 ubi
2745 1092 2839 1131 eas
2859 1074 3121 1145 Origenes
3146 1084 3200 1129 et
3226 1076 3422 1144 legere,
3452 1084 3506 1128 et
3528 1078 3732 1130 exscri-

2157 1170 2305 1236 bere,
2336 1178 2392 1225 et
2421 1170 2579 1239 cujus
2618 1178 2804 1224 essent
2850 1178 3001 1222 certo
3043 1168 3247 1223 certius
3284 1167 3496 1221 edoceri
3531 1168 3727 1236 potuit.

2156 1262 2298 1329 Quid
2345 1277 2496 1330 ergo,
2531 1260 2576 1314 si
2623 1260 2738 1314 haec
2768 1259 2929 1313 annis
2959 1259 3061 1311 MO
3095 1268 3217 1327 post
3260 1257 3451 1328 lgnatii
3497 1268 3726 1313 mortem

2157 1370 2214 1409 se
2240 1352 2558 1422 prastitisse
2585 1350 2834 1416 afﬁrmet,
2863 1366 3045 1404 serum
3074 1350 3181 1404 erit
3217 1358 3272 1404 et
3304 1350 3463 1403 inane
3494 1350 3613 1419 ejus
3651 1358 3730 1403 tc-

2156 1446 2509 1501 stimonium?
2547 1443 2720 1511 Quam
2744 1459 2873 1497 vero
2900 1443 3038 1496 falsa
3070 1443 3139 1495 sit
3162 1443 3276 1495 hzec
3311 1441 3593 1496 Dallazanae
3618 1443 3729 1494 cri-

2157 1538 2289 1594 tices
2332 1538 2536 1607 regula,
2563 1536 2686 1590 inde
2717 1545 2867 1589 certo
2914 1534 3157 1604 colligas,
3184 1533 3327 1602 quod
3359 1532 3503 1586 ﬁlius
3544 1533 3726 1587 senior

2154 1646 2185 1684 a
2216 1639 2370 1700 patre
2399 1645 2502 1685 suo
2539 1629 2754 1684 seniore
2784 1636 3166 1681 testamentum
3204 1625 3389 1693 proavi
3424 1625 3509 1679 sui
3552 1626 3728 1694 potuit

2155 1719 2420 1789 accipere,
2456 1718 2600 1788 quod
2646 1726 2799 1787 pater
2847 1731 2979 1771 suus
3028 1716 3097 1768 ab
3147 1715 3293 1769 illius
3327 1714 3580 1768 similiter
3622 1730 3725 1767 avo

2153 1812 2371 1867 seniore
2403 1819 2707 1879 acceperat.
2747 1808 3007 1877 Nunquid
3033 1823 3160 1877 ergo
3199 1808 3243 1861 si
3279 1806 3424 1861 lilius
3461 1807 3550 1860 ille
3576 1822 3725 1861 asse—

2152 1912 2237 1957 rat
2267 1919 2297 1957 a
2324 1918 2382 1958 se
2412 1902 2790 1973 repraesentari
2817 1901 3005 1972 proavi
3036 1900 3119 1955 sui
3152 1897 3723 1968 testamentum,quod

2151 2004 2305 2065 pater
2347 1994 2467 2063 ejus
2497 1995 2566 2048 ab
2596 2010 2697 2047 avo
2726 2010 2784 2048 se
2824 1994 3097 2061 accepisse
3134 1992 3440 2046 certissime
3489 1990 3724 2045 alIirma-

2151 2086 2264 2151 bat,
2296 2100 2479 2139 serum
2514 2084 2617 2138 erit
2640 2093 2693 2138 et
2723 2082 3089 2136 frustraneum
3132 2081 3279 2135 illius
3316 2081 3726 2135 testimonium?

2150 2177 2344 2233 Nullus
2369 2188 2514 2231 certe
2545 2177 2597 2230 id
2622 2176 2847 2241 dixerit;
2875 2176 3125 2244 quamvis
3151 2174 3333 2242 plures
3368 2174 3423 2226 in
3456 2174 3558 2227 hoc
3582 2182 3721 2227 tem-

2151 2270 2298 2340 poris
2320 2269 2624 2333 intervallo,
2657 2284 2821 2337 quam
2853 2269 2980 2321 anni
3012 2267 3227 2321 circiter
3259 2272 3475 2320 centum
3503 2277 3556 2318 et
3586 2280 3725 2333 qua-

2151 2365 2395 2433 draginta
2442 2363 2582 2417 elabi
2618 2360 2912 2431 potuerint.
2961 2359 3095 2426 Quis
3129 2368 3310 2412 autem
3358 2358 3561 2411 abnuat
3605 2358 3723 2425 epi-

2153 2458 2321 2513 stolas
2347 2457 2561 2528 lgnatii,
2582 2472 2701 2527 quae
2731 2470 2946 2509 sacrum
2978 2455 3113 2508 tanti
3147 2451 3399 2523 martyris
3424 2457 3721 2505 testamen-

2154 2562 2267 2606 tum
2302 2559 2477 2616 erant,
2510 2549 2606 2604 uni
2634 2558 2686 2603 et
2718 2548 2873 2603 alteri
2899 2548 3137 2616 probatae
3169 2546 3290 2599 fidei
3317 2545 3433 2600 viro
3459 2545 3527 2599 de
3558 2561 3722 2599 manu

2151 2645 2206 2698 in
2232 2658 2455 2697 manum
2479 2641 2728 2708 traditas,
2754 2640 2996 2710 potuisse
3018 2640 3085 2693 ab
3114 2638 3208 2691 illo
3230 2638 3533 2707 posteriore
3559 2638 3722 2694 alicui

2151 2734 2409 2804 deinceps
2440 2734 2514 2787 ita
2546 2731 2871 2797 transmitti;
2904 2737 2964 2783 ut
3003 2730 3089 2783 hic
3121 2744 3213 2782 eas
3245 2728 3313 2781 ab
3346 2727 3557 2798 lgnatio
3597 2744 3725 2783 vere

2154 2830 2387 2897 scriptas
2422 2825 2593 2882 fuisse
2620 2825 2771 2881 omni
2796 2823 3202 2879 asseveratione
3231 2821 3503 2877 aﬂirmare
3530 2831 3723 2891 potue-

2153 2920 2258 2974 rit?
2288 2916 2399 2973 Ncc
2450 2933 2633 2973 serum
2681 2917 2847 2988 igitur
2890 2931 2989 2970 nec
3032 2914 3397 2969 frustraneum
3438 2915 3542 2968 erit
3577 2915 3722 2969 illius

2153 3011 2548 3068 testimonium.

2074 3128 2115 3185 ρ
2224 3102 2424 3158 Verum
2474 3102 2718 3173 pressius
2751 3115 3044 3171 urgeamus
3089 3098 3373 3163 Dallazum,
3406 3108 3570 3168 atque
3594 3113 3720 3151 eum

2148 3196 2253 3251 sibi
2283 3196 2384 3265 ipsi
2411 3210 2520 3247 non
2544 3194 2721 3247 solum
2753 3191 3147 3255 contradicere,
3184 3190 3279 3245 sed
3306 3190 3538 3261 ipsomet
3558 3190 3721 3243 etiam

2148 3294 2482 3352 teste,veras
2506 3284 2700 3355 lgnatii
2730 3284 2991 3354 epistolas
3016 3284 3083 3337 ab
3106 3281 3339 3351 Origene
3361 3282 3518 3335 citari
3546 3290 3725 3335 osten-

2147 3380 2363 3435 damus.
2420 3378 2683 3433 Concedit
2736 3378 2827 3431 ille
2877 3376 3161 3447 Origenem
3218 3376 3441 3429 laudare
3500 3374 3721 3443 quidem

2146 3471 2338 3543 lgnatii
2387 3471 2707 3540 epistolam,
2742 3470 2837 3525 sed
2884 3471 3079 3524 serius.
3138 3467 3230 3522 Vel
3261 3481 3391 3536 ergo
3435 3481 3622 3519 veram
3669 3474 3724 3517 et

2148 3561 2437 3633 genuinam
2466 3558 2657 3629 lgnatii
2682 3560 2992 3629 epistolam,
3016 3559 3098 3612 vel
3124 3557 3485 3611 adulterinam
3510 3553 3718 3609 citavit.

2146 3656 2312 3725 Atqui
2342 3672 2410 3711 ex
2440 3656 2673 3724 ipsomet
2714 3653 2912 3707 Dallaeo
2934 3667 3011 3706 ea).
3038 3666 3175 3719 quas
3204 3657 3358 3704 vocat
3387 3649 3723 3703 adulterinas

2146 3746 2340 3819 lgnatii
2370 3748 2650 3817 epistolas,
2686 3745 2846 3815 longe
2869 3753 2993 3814 post
3020 3741 3271 3812 Origenis
3305 3751 3530 3795 mortem
3561 3741 3721 3794 editze

2146 3841 2386 3896 fuerunt.
2424 3837 2685 3909 Origenes
2713 3853 2843 3908 ergo
2876 3852 2983 3892 non
3026 3836 3145 3900 has,
3173 3835 3267 3891 sed
3297 3850 3480 3888 veram
3514 3842 3568 3887 et
3597 3848 3720 3902 ger-

2147 3948 2363 3987 manam
2416 3931 2609 4002 lgnatii
2653 3929 2938 3999 epistolam
2984 3928 3189 3982 citavit.
3251 3925 3394 3996 Ergo
3438 3942 3544 3980 non
3598 3940 3722 3980 sera

2147 4033 2276 4080 sunt
2304 4024 2423 4094 ejus
2451 4024 2728 4095 przesidia,
2757 4037 2879 4093 quze
2920 4021 3032 4093 jam
3068 4022 3137 4075 ab
3166 4021 3322 4076 initio
3355 4020 3573 4075 stetisse
3626 4034 3723 4075 nec

2147 4132 2299 4173 CCSSC
2322 4124 2426 4171 est.

2151 4229 2176 4301 ς
2207 4229 2267 4284 ll.
2303 4228 2584 4301 Refu_tatur
2606 4226 2833 4301 secunda
2856 4225 3111 4301 exceptio,
3144 4222 3505 4301 ubihomilias
3536 4218 3720 4301 Origef

2218 4302 2297 4353 nis
2328 4294 2387 4353 in
2415 4297 2612 4351 Lucam
2643 4299 2707 4349 ab
2731 4313 2788 4349 eo
2820 4297 3046 4362 scriptas
3076 4310 3185 4348 esse
3210 4294 3637 4348 demonstratur.
3668 4299 3719 4341 et

2214 4369 2642 4423 adversariorum
2667 4367 3044 4429 obiectionibus
3071 4364 3435 4433 respondetur.

466 4479 623 4534 latuit
651 4479 940 4548 virginitas
966 4477 1169 4542 Mariae,
1206 4477 1365 4530 latuit
1394 4486 1613 4546 propter
1635 4474 1856 4544 Joseph,
1881 4494 1899 4527 ι
1929 4483 2034 4529 etc.
2070 4459 2118 4518 Ι)
2214 4483 2370 4537 pater
2415 4482 2575 4551 igitur
2609 4495 2774 4550 quam
2802 4494 2941 4533 vana
2993 4476 3241 4546 falsaque
3292 4477 3365 4530 si;
3388 4475 3562 4544 prima
3594 4472 3721 4527 Da}-

465 4573 697 4627 Dall.eus
746 4581 926 4624 autem
968 4570 1095 4623 huic
1130 4567 1564 4622 luculentissimo
1593 4566 1839 4637 Origenis
1882 4566 2036 4620 testi-

465 4665 650 4720 monio
680 4666 787 4718 duo
819 4664 1064 4733 opponit,
1102 4676 1295 4730 nempe
1324 4659 1692 4714 frustraneum
1728 4658 1859 4712 illud
1891 4673 2036 4722 esse,

464 4773 565 4812 nec
597 4759 664 4811 ab
700 4756 933 4825 Origene
968 4753 1289 4825 profectum.
1337 4753 1449 4807 Cur
1491 4768 1618 4819 ergo
1650 4752 1748 4805 viri
1789 4751 2035 4805 omnium

462 4854 621 4920 longe
655 4848 1016 4903 eruditissimi
1064 4847 1465 4909 testimonium,
1514 4846 1567 4897 in
1604 4844 1689 4897 his
1732 4858 1852 4912 quae
1886 4853 2035 4896 certo

462 4942 579 5012 ipse
613 4954 943 5009 cognoscere
979 4948 1211 5007 poterat,
1241 4937 1607 4991 frustraneum
1643 4936 1761 4989 est?
1787 4934 2037 5003 Respon-

462 5032 552 5083 det
601 5029 832 5083 Dall:eus
858 5030 902 5059 ⁷⁵
932 5047 944 5081 :
977 5049 992 5079 ι
1026 5027 1252 5082 Frustra
1297 5026 1549 5096 Origenis
1586 5027 1839 5080 bomilias
1878 5024 2037 5079 annis

462 5124 681 5177 circiter
712 5130 928 5175 centum
961 5134 1013 5175 et
1044 5121 1409 5190 quadraginta
1450 5130 1573 5189 post
1605 5120 1855 5173 ultimum
1896 5134 2040 5171 mar-

463 5215 595 5286 tyris
623 5213 811 5283 lgnatii
839 5221 1113 5267 certamen
1134 5213 1365 5282 scriptas
1391 5212 1733 5265 recitant.....
1760 5224 1879 5264 sera
1910 5218 2039 5264 sunt

458 5320 512 5363 ct
541 5310 723 5362 inania
762 5306 1169 5377 lgnatianorum
1200 5307 1473 5376 praesidia,
1494 5322 1614 5374 quae
1640 5306 1750 5375 jam
1786 5306 1853 5358 ab
1880 5304 2035 5357 initio

459 5400 675 5455 stetisse
720 5413 942 5451 necesse
965 5406 1067 5462 est,
1101 5398 1146 5450 si
1185 5406 1239 5450 et
1278 5412 1423 5450 nllllC
1458 5404 1604 5449 stare
1635 5397 1852 5450 debent.
1901 5393 2033 5460 Quae

459 5491 604 5544 enim
636 5492 703 5544 ab
732 5491 886 5545 initio
910 5506 1017 5544 non
1043 5491 1350 5551 valuerunt,
1377 5506 1436 5542 ea
1466 5489 1713 5542 homines
1739 5487 2036 5554 sapientis-

460 5582 581 5638 simi
613 5591 787 5635 tractu
836 5582 1097 5649 temporis
1133 5581 1514 5634 convalescere
1557 5593 1719 5648 posse
1752 5583 1974 5646 negant.
2010 5594 2028 5627 ι

2142 4576 2226 4631 laci
2268 4576 2335 4629 ad
2372 4572 2624 4643 Origenis
2667 4572 3045 4625 auctoritatem
3076 4571 3361 4638 responsio
3392 4587 3404 4621 :
3435 4568 3721 4621 videamus

2143 4682 2213 4720 an
2255 4663 2494 4719 secunda
2529 4661 2754 4731 majoris
2787 4660 2859 4715 sit
2897 4659 3155 4729 ponderis
3194 4667 3248 4712 et
3282 4658 3590 4713 soliditatis.
3615 4655 3723 4709 Ne-

2144 4762 2234 4823 gat
2281 4753 2373 4806 ille
2422 4752 2592 4816 hanc,
2620 4765 2786 4820 quam
2837 4750 3157 4815 laudamus,
3205 4748 3451 4818 aliasque
3492 4756 3719 4803 caeteras

2143 4841 2390 4913 ejusdem
2423 4840 2675 4910 Origenis
2716 4841 2769 4893 in
2806 4838 3007 4894 Lucam
3040 4839 3293 4893 bomilias
3325 4840 3393 4893 ab
3438 4839 3556 4907 ipso
3594 4853 3721 4906 pro-

2143 4932 2313 4987 fectas
2363 4948 2504 4986 esse.
2560 4932 2627 4985 At
2678 4932 2782 4985 illa:
2822 4932 2891 4985 ab
2927 4932 3181 4985 omnibus
3223 4929 3510 4984 catholicis
3557 4943 3722 4998 atque

2143 5024 2310 5077 etiam
2360 5022 2710 5076 heterodoxis
2735 5037 2859 5077 cum
2894 5022 3352 5091 protestantibus,
3380 5033 3497 5075 tum
3538 5020 3721 5073 Calvi-

2143 5116 2324 5180 nistis,
2358 5130 2469 5168 uno
2495 5123 2723 5184 excepto
2761 5114 3007 5183 ejusdem
3047 5113 3232 5167 Dallazi
3261 5111 3572 5177 defensore,
3598 5111 3719 5165 Ori-

2143 5207 2267 5277 geni
2299 5206 2671 5260 ascribuntur.
2710 5204 2836 5259 Haec
2866 5214 3047 5260 tamen
3079 5205 3335 5259 Dallaeum
3373 5204 3604 5273 ejusque
3627 5205 3721 5257 de—

2142 5297 2418 5351 fensorem
2450 5298 2586 5350 nihil
2603 5307 2912 5363 morantur,
2938 5306 3100 5365 atque
3120 5305 3313 5351 contra
3336 5312 3527 5350 omnes
3550 5296 3717 5350 etiam

2141 5391 2490 5445 doctissimos
2531 5391 2848 5459 scriptores,
2897 5392 3117 5447 easdem
3164 5389 3420 5444 bomilias
3467 5388 3720 5457 Origenis

2142 5483 2336 5537 foetum
2385 5496 2507 5535 esse
2546 5490 2862 5550 pernegant.
2899 5481 3112 5546 Quibus
3149 5496 3279 5549 ergo
3311 5480 3620 5533 rationibus
3664 5479 3721 5531 id

2144 5574 2489 5639 inficientur,
2532 5573 2844 5628 audiamus.
2881 5590 2901 5623 ‹
2951 5570 3124 5640 Sane,
3168 5570 3347 5640 inlinit
3391 5570 3712 5636 Dalleus”,

533 5693 576 5724 ⁷³
608 5692 802 5748 llomil.
836 5692 889 5759 6,
918 5694 972 5746 in
1000 5691 1131 5747 Luc.
1208 5694 1252 5724 ⁷⁵
1284 5708 1404 5762 cap.
1438 5691 1536 5757 54,
1567 5706 1621 5760 p.
1654 5684 1778 5744 45.8.
1856 5690 1901 5722 ⁷⁸
1936 5705 2038 5760 cap

2148 5689 2193 5759 ι,
2226 5704 2349 5760 pag.
2381 5689 2507 5745 459.
