4138 6440
409 340 515 397 489

1372 343 1435 399 D.
1474 340 1765 400 NOURRII
1797 340 2274 398 DISSERTATIO.
2311 372 2380 382 —
2425 340 2606 397 PARS
2642 340 2682 396 l.

3536 344 3642 400 490

406 473 583 521 totum
606 465 741 521 illud
768 464 1119 521 homiliarum
1146 466 1201 521 in
1237 466 1440 523 Lucam
1468 483 1607 540 opus
1646 467 1971 523 Latinorum
2000 473 2047 532 Α
2075 476 2254 522 menta
2275 466 2344 523 ab
2374 467 2496 535 ipso
2532 465 2705 521 Graeci
2751 464 2992 521 auctoris
3042 472 3193 521 textu
3226 464 3644 522 discriminare?

406 557 673 614 natalium
707 558 925 613 indiciis
946 566 1138 614 scatet.
1173 578 1192 611 ι
1230 559 1514 630 Longum,
1549 570 1730 630 putas,
1773 560 1973 617 horum

406 651 775 712 indiciorum,
825 649 968 705 sicut
1013 649 1069 705 in
1118 650 1242 707 aliis
1281 651 1401 722 ipse
1446 660 1624 717 amat,
1659 652 1970 724 catalogum

404 743 613 798 texuit?
639 741 801 798 Nullo
836 742 1039 797 modo:
1084 757 1182 799 sex
1213 751 1423 798 tantum
1468 744 1689 799 illorum
1726 747 1973 816 exempla

404 838 653 904 exhibet,
695 849 818 907 quae
855 850 987 891 sane
1016 835 1144 906 quia
1172 850 1273 891 nec
1297 835 1467 890 multa
1494 845 1624 892 sunt
1644 850 1746 892 nec
1784 838 1970 907 longa,

402 932 476 986 iis
522 928 905 984 examinandis
956 926 1237 997 paulisper
1292 928 1669 981 immoremur.
1724 921 1971 983 Primum

403 1018 712 1075 desumitur
740 1032 809 1072 ex
855 1017 1078 1071 bomilia
1105 1016 1160 1070 5.
1198 1033 1217 1068 ι
1245 1013 1359 1085 Ego
1386 1024 1569 1072 autem
1609 1016 1796 1087 alogos
1822 1032 1970 1073 sum.

404 1111 560 1178 Quod
596 1110 721 1165 licet
759 1108 986 1163 Latinus
1025 1108 1183 1162 aliter
1215 1109 1579 1176 expresserit,
1616 1116 1798 1163 tamen
1845 1123 1972 1179 pro-

398 1204 519 1275 prie
570 1199 857 1257 transferri
895 1206 1078 1270 potest
1121 1197 1314 1269 absque
1357 1214 1612 1265 sermone,
1651 1200 1763 1253 sine
1804 1200 1972 1255 ratio-

399 1311 484 1349 ne.
521 1314 541 1347 ›
567 1290 879 1348 Secundum
927 1305 995 1345 ex
1036 1289 1263 1345 homilia
1306 1297 1505 1345 sexta:
1555 1308 1574 1342 ‹
1627 1290 1762 1358 Ave,
1793 1291 1969 1361 gratia

397 1381 557 1451 plena
588 1378 784 1450 {quod
826 1378 1011 1434 Grmce
1048 1377 1250 1433 dicitur
1281 1377 1725 1449 κεχαριτωμένη,
1765 1379 1857 1434 ubi
1912 1379 1967 1433 in

399 1471 701 1542 Scripturis
734 1470 865 1525 alibi
896 1470 1117 1540 legerim
1139 1511 1155 1536 ,
1188 1482 1299 1523 non
1340 1469 1618 1525 recordor.
1666 1489 1685 1523 ι
1722 1468 1965 1525 Tertium

395 1579 465 1620 ex
497 1562 724 1618 homilia
764 1560 833 1616 16
867 1578 881 1616 :
933 1578 953 1613 ι
992 1560 1236 1615 Cadaver
1277 1561 1479 1631 quippe
1519 1576 1551 1616 a
1590 1575 1722 1616 casu
1764 1576 1967 1617 nomen

394 1656 627 1726 accepit.
666 1673 686 1706 ι
725 1652 994 1720 Quartum
1018 1668 1085 1709 ex
1107 1654 1296 1708 homil.
1322 1652 1414 1721 22,
1442 1654 1534 1709 ubi
1562 1652 1829 1725 Origenes
1852 1654 1968 1709 haec

392 1747 583 1811 verba,
620 1762 640 1797 α
678 1753 965 1801 vertantur
996 1745 1056 1799 in
1086 1745 1322 1815 lapides,
1362 1765 1382 1798 ι
1408 1746 1662 1803 edisserit
1688 1766 1702 1802 :
1737 1765 1756 1799 ί
1787 1747 1967 1815 Roga-

2076 557 2334 614 Plurimae
2367 574 2502 615 sane
2532 559 2777 629 ejusdem
2819 559 3033 628 generis
3061 556 3368 614 additiones
3420 557 3476 611 in
3514 574 3643 629 ope-

2076 662 2198 701 rum
2235 645 2420 702 lrenaei
2446 646 2634 701 Latina
2663 647 2932 714 versione,
2963 662 3125 718 quam
3159 648 3332 702 solam
3356 648 3643 718 habemus,

2076 748 2413 794 occurrunt:
2461 740 2646 795 nullus
2701 749 2881 794 tamen
2923 739 2975 793 in
3022 755 3085 794 ea
3129 755 3159 794 a
3218 739 3406 796 Graeco
3455 741 3641 799 lrenaei

2076 836 2230 883 textu
2269 828 2627 886 discernenda
2674 829 2943 886 haesitavit
2995 846 3276 902 unquam,
3316 842 3411 888 aut
3467 833 3640 891 falsus

2074 930 2175 977 est.

2144 1013 2332 1085 Neque
2360 1015 2601 1080 dixeris,
2631 1014 2778 1085 quod
2810 1015 2855 1071 si
2891 1014 3185 1071 fatentibus
3220 1016 3411 1083 nobis,
3458 1018 3643 1089 aliqua

2074 1106 2144 1162 ab
2173 1107 2468 1177 interprete
2504 1105 2645 1161 facta
2677 1106 2787 1160 sint
2827 1105 3218 1172 additamenta,
3251 1107 3317 1161 ab
3348 1108 3441 1162 illo
3473 1110 3635 1163 etiam

2072 1213 2158 1265 ea,
2184 1213 2307 1268 qua:
2348 1213 2451 1267 pro
2490 1196 2685 1268 Ignatii
2711 1197 2957 1267 epistolis
2982 1197 3291 1263 citavimus,
3321 1200 3488 1255 textui
3518 1200 3641 1255 Ori-

2073 1289 2227 1360 genis
2260 1288 2421 1359 adjici
2462 1289 2725 1358 potuisse.
2772 1286 2908 1344 Nam
2950 1300 3155 1345 certum
3196 1302 3277 1347 est
3304 1292 3495 1346 barum
3532 1293 3642 1348 llo-

2071 1380 2348 1435 miliarum
2380 1380 2732 1449 interpretem
2764 1394 2873 1434 non
2901 1393 3024 1434 esse
3054 1378 3308 1434 Ruﬁnum
3328 1421 3342 1441 ,
3379 1390 3439 1434 ut
3480 1381 3643 1436 Blon-

2070 1470 2247 1527 dellus
2286 1456 2654 1537 ariolabatur,
2706 1470 2797 1526 sed
2845 1469 3230 1542 Hieronymum
3253 1515 3267 1537 ,
3302 1473 3462 1528 sicuti
3495 1474 3642 1544 ipsc-

2069 1576 2181 1619 met
2205 1562 2653 1636 Hieronymus",
2686 1570 2740 1617 et
2762 1562 2902 1617 idem
2930 1562 3156 1620 Ruﬁnus
3177 1566 3224 1597 ⁷⁸
3252 1565 3495 1636 ejusdem
3522 1567 3621 1622 Hie

2070 1653 2283 1723 ronymi
2318 1653 2494 1707 hostis
2539 1651 2944 1707 infensissimus
2975 1661 3262 1708 testantur.
3311 1655 3382 1709 At
3427 1665 3642 1712 constat

2071 1742 2462 1815 Hieronymum
2494 1759 2669 1813 pauca
2704 1743 2759 1798 in
2788 1744 2903 1800 suis
2934 1742 3384 1815 Origenianorum
3412 1762 3639 1817 operum

393 1848 505 1903 tur,
536 1837 735 1907 inquit,
761 1836 927 1905 Deus,
963 1845 1023 1892 ut
1050 1836 1329 1907 paulisper
1369 1845 1758 1893 convertantur
1792 1837 1847 1892 in
1881 1837 1962 1892 la-
1994 1816 2037 1870 Β
2065 1835 2409 1891 versiouibus
2435 1834 2743 1901 addidisse;
2778 1849 2899 1903 quae
2928 1851 2957 1888 a
2980 1833 3177 1891 Ruﬁno
3203 1816 3463 1892 adnotata
3488 1847 3636 1893 sunt.

392 1930 584 2001 pides;
622 1930 726 1984 hoc
750 1929 899 1983 enim
943 1928 1166 1984 Graecus
1213 1944 1395 1985 sermo
1437 1929 1836 2001 signiﬁcantius
1870 1944 1961 1985 so-

391 2030 509 2077 nat.
552 2039 570 2072 ι
609 2018 874 2086 Quintum
907 2034 976 2075 ex
1010 2018 1198 2074 homil.
1226 2018 1295 2073 55
1324 2036 1337 2072 :
1371 2036 1390 2069 ‹
1424 2016 1544 2073 Νοη
1575 2033 1701 2073 cum
1728 2017 1960 2074 articulo

392 2112 696 2183 principem
724 2110 927 2181 posuit,
957 2126 1027 2166 ne
1062 2121 1274 2167 certum
1325 2110 1600 2167 videretur
1628 2110 1915 2166 ostendere
1942 2127 1957 2164 :

392 2202 491 2257 sed
520 2202 640 2257 sine
667 2201 903 2257 articulo
927 2203 1038 2269 ,‘ut
1069 2217 1100 2257 e
1150 2201 1397 2272 pluribus
1444 2217 1616 2257 unum
1650 2216 1772 2257 esse
1801 2215 1960 2254 mon-

390 2302 635 2348 straret:
690 2293 837 2362 quod
881 2292 1025 2363 apud
1066 2291 1286 2348 Graecos
1329 2291 1502 2363 magis
1555 2290 1898 2362 intelligitur.
1934 2308 1953 2341 ι

390 2383 620 2438 Sextum
645 2398 714 2438 ex
735 2382 924 2438 eadem
946 2383 1173 2438 homil.:
1213 2400 1232 2435 ι
1268 2382 1639 2449 Quadrantem
1666 2381 1752 2437 vel
1782 2380 1962 2435 novis-

389 2474 595 2529 simum
628 2476 939 2543 minutum;
965 2475 1113 2544 quod
1142 2474 1328 2530 Graece
1354 2483 1519 2530 tenue
1561 2472 1669 2529 dici
1691 2478 1890 2544 potest.
1934 2490 1956 2524 ι

391 2568 596 2623 Verum
631 2568 698 2623 de
726 2569 831 2623 hoc
851 2581 1081 2622 numero
1114 2566 1336 2622 tertium
1363 2566 1669 2635 exemplum
1714 2565 1835 2621 tolli
1863 2565 1958 2619 de-

388 2663 517 2729 bet;
557 2661 783 2716 Latinus
816 2660 961 2714 enim
1013 2659 1281 2728 interpres
1321 2660 1486 2714 verba
1532 2653 1718 2714 Graeca
1759 2658 1961 2731 πτῶμα

388 2758 500 2830 γὰρ
534 2758 640 2812 ἀπὸ
669 2754 928 2818 πτώσεως
956 2754 1205 2822 λέγεται,
1238 2753 1325 2808 his
1357 2751 1569 2807 Latinis
1604 2752 1807 2823 optime
1844 2753 1963 2808 red-

389 2853 572 2908 didit:
613 2870 633 2903 ι
670 2852 921 2907 Cadaver
954 2849 1152 2919 quippe
1197 2862 1229 2903 a
1266 2862 1397 2902 casu
1423 2859 1621 2899 nomen
1667 2845 1895 2916 accepit.
1934 2864 1954 2897 ι

388 2945 451 3000 ln
483 2954 682 3015 quarto
728 2944 896 2999 etiam
928 2940 1179 3012 exemplo
1227 2938 1366 2994 nihil
1404 2937 1668 3003 occurrit,
1702 2937 1848 3008 quod
1892 2936 1961 2993 ad

388 3038 643 3107 Origenis
668 3033 1171 3105 interpretationem
1200 3046 1311 3086 non
1335 3029 1623 3100 pertineat.
1651 3028 1790 3095 Quid
1813 3032 1959 3085 enim

2061 1928 2401 1999 Quapropter
2429 1942 2555 1982 cum
2585 1928 2728 1982 inter
2761 1928 2852 1983 illa
2877 1929 3255 1984 testimonium
3282 1972 3297 1996 ,
3333 1931 3481 2001 quod
3509 1928 3611 2002 pro

2062 2022 2307 2085 tulimus,
2332 2020 2557 2075 minime
2582 2030 2934 2075 recenseatur
2954 2061 2970 2087 ,
3003 2020 3134 2074 illud
3156 2038 3283 2077 vere
3308 2022 3377 2077 ab
3400 2022 3638 2094 Origene

2060 2111 2364 2182 profectum
2399 2126 2521 2166 esse
2568 2113 2693 2182 quis
2734 2128 2975 2183 unquam
3017 2112 3122 2167 nisi
3158 2122 3361 2168 temere
3391 2124 3444 2170 et
3492 2115 3632 2170 falso

2060 2218 2258 2275 negare
2281 2202 2520 2259 audeat?

2134 2293 2446 2350 Secundum
2497 2294 2679 2351 Dallaai
2726 2304 3097 2361 momentum,
3132 2312 3242 2367 quo
3286 2298 3388 2353 bas
3424 2300 3478 2353 in
3526 2298 3637 2360 Lu-

2060 2403 2181 2443 cam
2208 2387 2477 2444 Homilias
2508 2388 2758 2461 Origenis
2790 2404 2912 2444 esse
2938 2398 3126 2459 negat,
3157 2390 3242 2445 his
3270 2392 3451 2447 verbis
3495 2409 3631 2449 con-

2060 2479 2261 2551 cipitur
2287 2481 2334 2513 ⁸⁰
2371 2498 2384 2534 :
2422 2499 2439 2533 ι
2472 2480 2578 2535 Sed
2617 2490 2670 2535 et
2709 2483 2778 2537 ab
2814 2482 2934 2552 ipso
2962 2480 3210 2553 Origenis
3254 2486 3443 2554 genio,
3484 2502 3636 2544 more

2062 2584 2127 2625 ac
2158 2586 2321 2626 sensu
2350 2573 2602 2641 quazdam
2649 2581 2777 2628 sunt
2824 2573 2881 2627 in
2926 2573 3116 2627 eodem
3162 2579 3325 2645 opere
3372 2574 3573 2631 aliena.
3609 2597 3628 2630 ι

2061 2664 2221 2732 Quod
2260 2666 2480 2736 quidem
2528 2666 2726 2737 triplici
2780 2667 2994 2722 ratione
3054 2670 3340 2725 ostendere
3381 2678 3631 2725 conatur.

2064 2756 2270 2813 Harum
2300 2757 2477 2829 prima
2507 2766 2611 2827 est,
2642 2757 2904 2829 Spiritum
2936 2770 3189 2817 sanctum
3220 2762 3327 2817 dici
3359 2764 3576 2818 tertiam
3603 2781 3632 2821 a

2061 2848 2225 2904 Patre
2266 2856 2321 2903 et
2349 2847 2488 2903 Filio
2521 2863 2809 2918 personam
2839 2868 2851 2904 :
2892 2868 2912 2902 ‹
2946 2851 3071 2917 Qui.
3117 2852 3385 2923 inquit”,
3418 2855 3498 2910 sic
3522 2854 3633 2912 dis~

2063 2945 2267 2999 tinctus
2318 2957 2563 3012 personae
2613 2943 2667 2996 in
2711 2943 2912 2999 divinis
2967 2960 3142 3010 usus,
3174 2945 3243 2999 ab
3285 2943 3537 3017 Origene,
3586 2950 3633 3005 si

2063 3036 2202 3092 bene
2239 3034 2497 3101 memini,
2533 3034 2744 3089 alienus
2773 3043 2875 3089 est.
2910 3054 2928 3087 ι
2976 3033 3081 3089 Sed
3127 3036 3265 3091 bene
3298 3053 3409 3092 non
3439 3040 3633 3094 memi-

386 3129 642 3199 prohibet
664 3126 964 3197 quominus
985 3124 1056 3178 ab
1087 3121 1321 3193 Origene
1348 3121 1597 3191 quaedam
1624 3120 1679 3175 in
1711 3120 1959 3177 Graecum
1989 3146 2032 3204 ο
2066 3126 2182 3193 nit,
2216 3134 2311 3180 aut
2344 3126 2482 3181 bene
2520 3140 2629 3180 non
2674 3125 2875 3195 legerat
2918 3126 3033 3180 haec
3065 3124 3315 3199 Origenis
3345 3129 3510 3184 verba
3541 3129 3587 3162 θ’
3616 3150 3631 3187 :

386 3220 563 3277 Exodi
586 3220 836 3287 verbum,
871 3231 982 3287 quo
1009 3215 1295 3270 llebraum
1324 3214 1675 3282 reddebatur,
1707 3215 1818 3270 sint
1857 3215 1957 3269 ob-

388 3321 628 3379 servata,
658 3327 781 3382 qua:
805 3325 906 3380 pro
933 3307 1112 3363 ofﬁcio
1145 3321 1245 3362 suo
1273 3306 1541 3376 interpres
1566 3305 1761 3361 Latina
1795 3304 1961 3361 fecit?

384 3406 660 3461 Caeterum
695 3401 1066 3458 concedamus
1110 3397 1310 3454 Dallaeo
1354 3398 1522 3453 verba
1563 3398 1657 3452 illa
1706 3413 1828 3468 qua:
1860 3413 1957 3467 pa—

386 3497 630 3552 renthesi
664 3495 738 3549 ibi
766 3493 1117 3559 clauduntur,
1151 3506 1272 3549 esse
1295 3491 1364 3547 ab
1390 3490 1683 3560 interprete
1724 3489 1956 3559 adjecta.

384 3588 649 3655 Quinimo
670 3586 1023 3641 concedimus
1058 3583 1138 3638 illi
1164 3583 1217 3636 in
1262 3590 1501 3652 quatuor
1530 3580 1652 3636 aliis
1693 3579 1959 3649 exemplis

386 3681 495 3734 alia
525 3694 648 3735 esse
681 3677 846 3732 verba
874 3675 1098 3731 similia.
1137 3673 1244 3729 Sed
1292 3688 1419 3729 cum
1473 3671 1742 3740 interpres
1768 3670 1860 3724 illa
1899 3678 1960 3725 ut

386 3772 659 3827 versionis
709 3784 822 3826 suae
863 3768 1130 3822 rationem
1162 3764 1453 3828 redderet,
1496 3763 1580 3817 vel
1619 3772 1679 3817 ut
1718 3762 1959 3817 auctoris

383 3864 472 3920 sui
524 3870 764 3917 mentem
811 3860 1016 3916 clarius
1056 3856 1312 3927 aperiret,
1342 3855 1427 3909 vel
1469 3862 1527 3908 ut
1561 3852 1627 3907 iis
1655 3854 1749 3923 qui
1773 3850 1958 3907 Grece

385 3954 741 4018 nesciebant,
786 3949 971 4005 omnia
1004 3947 1253 4019 planiora
1287 3945 1496 4001 faceret
1521 3952 1575 3998 et
1598 3943 1956 4009 evidentiora,

382 4047 558 4100 textui
580 4042 833 4114 Origenis
858 4040 1162 4111 adjicienda
1186 4054 1310 4094 esse
1335 4037 1641 4108 putaverit;
1672 4036 1807 4090 nihil
1831 4035 1957 4090 inde

382 4147 577 4195 contra
606 4137 824 4192 Graecos
851 4134 1016 4205 hujus
1048 4134 1228 4203 operis
1256 4131 1466 4185 natales
1509 4130 1805 4200 quidquam
1848 4128 1960 4183 eiii—

385 4248 512 4287 cere
542 4237 794 4301 possunt.
831 4227 901 4282 Et
937 4242 998 4282 re
1050 4225 1269 4297 quidem
1300 4239 1430 4278 vera
1477 4223 1532 4277 in
1586 4222 1776 4277 iisdem
1822 4221 1958 4276 locis

383 4328 573 4381 omnia
600 4321 931 4393 Origeniana
958 4328 1107 4383 sunt,
1142 4327 1198 4373 et
1240 4304 1498 4371 Latinmn
1528 4316 1748 4386 sapiunt
1790 4314 1959 4371 inter-

382 4428 615 4491 pretem.
668 4413 807 4468 lllud
858 4420 1039 4467 autem
1089 4425 1156 4465 ex
1188 4424 1256 4464 eo
1282 4407 1600 4463 conﬁrmari
1634 4417 1815 4477 potest
1838 4415 1956 4461 tum

2066 3238 2085 3270 ι
2125 3217 2237 3273 Nos
2272 3223 2450 3273 autem
2491 3217 2585 3287 qui
2616 3226 2724 3273 tres
2754 3232 3019 3287 personas
3040 3217 3279 3285 Patrem,
3311 3228 3367 3276 et
3408 3220 3632 3290 Filium,

2060 3322 2222 3380 atque
2274 3307 2539 3379 Spiritum
2583 3317 2830 3364 sanctum
2877 3325 2999 3366 esse
3043 3312 3340 3368 credimus.
3381 3332 3400 3364 ι
3444 3312 3634 3385 Neque

2062 3404 2229 3458 etiam
2277 3402 2417 3457 bene
2448 3401 2698 3456 meminit
2735 3402 2805 3456 ab
2844 3403 3034 3458 eodem
3082 3403 3313 3475 Origene
3350 3406 3631 3464 Christum

2059 3495 2185 3549 alibi
2218 3492 2479 3564 appellari
2507 3492 2755 3565 δεύτερον
2783 3493 2932 3559 Θεόν,
2965 3511 2985 3545 ε
3018 3497 3318 3552 secundum
3338 3498 3506 3553 Deum
3522 3500 3624 3555 ⁸³.)

2057 3582 2245 3654 Neque
2297 3584 2513 3638 tandem
2565 3584 2703 3639 bene
2756 3585 3003 3639 meminit
3045 3585 3435 3660 Hieronymum
3489 3592 3633 3647 scri‘

2056 3674 2231 3745 psisse
2252 3675 2319 3729 ad
2342 3675 2563 3728 Avitum
2590 3674 2658 3741 ⁸⁵,
2674 3676 2727 3729 ἱη
2754 3675 2859 3731 hoc
2880 3675 3167 3749 Origenem
3185 3695 3423 3748 errasse,
3444 3684 3590 3752 quod
3611 3701 3628 3739 :

2064 3783 2083 3815 ι
2118 3765 2361 3821 Tertium
2392 3766 2655 3834 dignitate
2685 3774 2740 3821 et
2785 3768 2995 3823 honore
3023 3777 3150 3839 post
3185 3770 3401 3827 Patrem
3447 3784 3502 3830 et
3538 3775 3631 3830 Fio

2058 3857 2190 3910 lium
2231 3857 2425 3911 asserit
2464 3857 2727 3926 Spiritum
2758 3866 3148 3915 sanctum......
3183 3861 3381 3917 Filium
3410 3880 3631 3936 quoque

2060 3947 2328 4001 minorem
2370 3946 2564 4016 Patre,
2596 3963 2663 4003 eo
2711 3949 2857 4020 quod
2896 3951 3169 4007 secundus
3212 3953 3280 4008 ab
3319 3953 3413 4010 illo
3441 3956 3541 4024 sit,
3574 3966 3629 4013 et

2060 4037 2324 4109 Spiritum
2357 4052 2604 4095 sanctum
2632 4039 2946 4097 inferiorem
2971 4041 3131 4110 Filio,
3163 4062 3181 4095 ι
3212 4052 3317 4100 etc.
3351 4044 3452 4112 Qui
3479 4050 3624 4103 enim

2059 4130 2257 4186 asserit
2288 4129 2552 4199 Spiritum
2589 4140 2839 4187 sanctum
2873 4148 2995 4189 esse
3034 4135 3253 4190 tertium
3280 4136 3542 4207 dignitate
3574 4151 3630 4197 et

2058 4221 2285 4286 honore,
2313 4219 2513 4276 Filium
2532 4237 2661 4276 vero
2678 4223 2975 4278 secundum
3013 4233 3066 4278 et
3105 4223 3265 4281 Patre
3287 4226 3625 4297 inferiorem,

2062 4311 2131 4365 ab
2178 4310 2273 4366 illo
2316 4327 2449 4367 sane
2482 4330 2500 4364 ι
2540 4312 2828 4370 distinctus
2870 4330 3119 4386 personae
3159 4317 3215 4372 in
3255 4319 3456 4375 divinis
3492 4337 3627 4377 usus

2063 4403 2274 4458 alienus
2301 4422 2320 4455 ι
2354 4414 2600 4459 nonest.

384 4488 532 4580 quod
564 4510 875 4565 additiones
902 4504 1256 4576 paucissima:
1280 4503 1424 4568 sint;
1456 4509 1568 4556 tum
1601 4500 1748 4572 quod
1775 4499 1956 4555 homi-
1988 4488 2035 4543 ἶ)
2135 4492 2382 4548 Secunda
2413 4492 2595 4549 Dallzei
2625 4496 2765 4551 ratio
2803 4497 3025 4567 majoris
3068 4514 3176 4554 non
3207 4508 3289 4555 est
3328 4502 3623 4571 ponderis;

384 4601 455 4655 lia
501 4600 691 4669 quinta
739 4607 794 4651 et
841 4603 1015 4660 sexta,
1065 4593 1209 4647 unde
1250 4592 1359 4647 duo
1411 4591 1569 4647 nobis
1622 4591 1957 4661 objiciuntur

382 4690 651 4761 exempla,
682 4703 1002 4759 germanum
1030 4684 1285 4756 Origenis
1315 4700 1453 4753 opus
1488 4698 1609 4739 esse
1632 4684 1761 4739 hinc
1798 4682 1957 4737 colli-

383 4792 565 4854 gatur,
604 4783 751 4852 quod
792 4780 1117 4835 Ambrosius
1139 4818 1154 4841 ,
1184 4786 1244 4832 ut
1272 4773 1400 4831 alibi
1434 4776 1673 4831 diximus
1696 4777 1766 4843 ",
1797 4776 1954 4847 plura

382 4890 452 4929 ex
487 4874 568 4929 eis
602 4879 656 4928 in
697 4888 853 4929 suam
897 4871 1177 4943 Evangelii
1209 4870 1508 4927 secundum
1538 4869 1742 4923 Lucam
1780 4882 1952 4937 expo-

384 4967 638 5021 sitionem
665 4964 1039 5020 transfuderit.

454 5058 843 5115 Verumtamen
884 5057 1191 5112 Dallaeanus
1232 5055 1486 5111 defensor
1508 5063 1664 5125 urget
1700 5054 1813 5107 haec
1851 5050 1949 5105 ad-

382 5151 679 5207 ditamenta
719 5151 766 5205 si
799 5149 1023 5204 Latinos
1065 5149 1274 5204 natales
1314 5163 1423 5202 non
1477 5155 1750 5217 arguunt,
1801 5142 1950 5197 nulla

378 5244 494 5314 jam
520 5243 574 5296 in
601 5243 913 5299 Graecorum
946 5240 1203 5312 operibus
1225 5280 1240 5303 ,
1272 5254 1507 5310 quorum
1538 5236 1817 5291 versiones
1844 5233 1950 5288 La-

383 5335 527 5389 tinas
566 5343 778 5388 tantum
830 5331 1128 5398 habemus,
1150 5345 1279 5385 vera
1312 5344 1377 5384 ac
1406 5329 1640 5398 genuina
1680 5326 1884 5395 scripta
1916 5339 1949 5377 a

384 5425 583 5494 spuriis
610 5439 774 5495 posse
803 5424 1039 5494 amplius
1065 5421 1297 5479 secerni.
1330 5419 1436 5475 Sed
1469 5419 1603 5474 levis
1635 5417 1863 5472 omnino
1894 5422 1949 5471 et

384 5520 599 5574 inﬁrma
639 5529 722 5574 est
768 5518 885 5573 haec
913 5517 1099 5571 θειιωί
1132 5514 1400 5571 defensio.
1452 5512 1591 5579 Quid
1625 5511 1771 5566 enim
1818 5508 1951 5563 viris

382 5612 546 5666 etiam
581 5610 917 5667 tardioribus
945 5608 1183 5674 facilius,
1214 5622 1377 5678 quam
1408 5603 1721 5675 huiusmodi
1748 5601 1955 5656 addita-

2067 4603 2085 4636 ι
2126 4583 2309 4655 Neque
2340 4585 2428 4640 hic
2452 4587 2590 4656 ejus,
2623 4594 2683 4640 ut
2710 4588 2923 4657 opinor,
2959 4590 3155 4660 inquit,
3188 4607 3307 4648 mos
3332 4603 3413 4647 est
3436 4610 3620 4665 perso-

2060 4695 2180 4740 nas.
2204 4680 2349 4750 quod
2382 4679 2483 4735 iste
2513 4696 2621 4735 non
2654 4682 2822 4737 semel
2855 4682 3007 4749 facit,
3045 4684 3303 4739 inducere
3328 4686 3519 4757 longos
3544 4692 3627 4746 vel

2058 4774 2200 4828 inter
2228 4788 2286 4829 se
2307 4774 2390 4828 vel
2421 4774 2562 4843 apud
2587 4773 2755 4829 Deum
2780 4790 3058 4830 sermones
3081 4784 3341 4832 serentes.
3374 4797 3392 4829 ι
3423 4778 3621 4835 Verum

2058 4865 2220 4921 sicuti
2248 4865 2400 4935 prius
2425 4866 2513 4919 ille
2537 4880 2646 4920 non
2682 4866 2819 4921 bene
2851 4868 3211 4932 meminit,ita
3245 4884 3345 4923 nec
3380 4869 3467 4925 hic
3489 4872 3625 4927 bene

2060 4957 2333 5027 opinatur.
2351 4957 2641 5012 Enimvero
2672 4958 2922 5028 quamvis
2959 4960 3216 5014 audacter
3238 4961 3436 5016 dixerit
3464 4981 3481 5010 ι
3514 4978 3624 5016 non

2058 5049 2246 5114 semel,
2285 5068 2304 5101 ι
2338 5049 2445 5103 duo
2471 5050 2851 5104 tantummodo
2892 5050 3089 5104 borum
3132 5050 3338 5120 profert
3373 5054 3616 5123 exempla

2058 5155 2402 5207 sermonum;
2439 5141 2533 5211 qui
2566 5143 2826 5211 quoniam
2858 5157 2967 5196 non
3013 5143 3194 5213 longi,
3248 5155 3305 5198 ut
3339 5145 3456 5213 ipse
3490 5160 3615 5199 con-

2057 5230 2312 5286 fidentius
2358 5239 2670 5297 asseverat,
2703 5232 2795 5287 sed
2830 5233 3019 5288 breves
3048 5235 3271 5289 omnino
3300 5244 3461 5303 sunt,
3495 5238 3621 5294 illos

2059 5324 2193 5394 ipsis
2221 5322 2471 5395 Origenis
2500 5325 2703 5392 verbis,
2735 5326 2879 5395 quod
2906 5325 3091 5381 forsan
3116 5326 3350 5383 Dallaeus
3388 5345 3496 5383 non
3523 5345 3622 5383 au—

2056 5431 2151 5471 sus
2191 5425 2305 5481 est,
2347 5417 2587 5487 integros
2621 5419 3152 5487 reprwsentabimus.
3190 5418 3409 5475 Primus
3436 5420 3621 5490 itaque

2055 5509 2137 5563 sic
2167 5525 2225 5563 se
2259 5510 2421 5563 habet
2454 5529 2466 5563 :
2508 5529 2525 5561 ‹
2564 5509 2884 5580 Respondeo
2911 5511 3029 5576 tibi,
3061 5512 3236 5581 inquit
3264 5509 3525 5580 Origenes
3548 5512 3617 5576 ⁸⁵,

2056 5614 2090 5653 o
2129 5601 2429 5669 versipellis
2469 5610 2523 5654 ct
2552 5616 2785 5670 nequam
2811 5642 2824 5665 ,
2858 5602 2949 5671 qui
2994 5617 3080 5656 me
3113 5609 3320 5657 tentare
3356 5617 3464 5656 non
3506 5618 3620 5656 me-

451 5728 855 5786 "Admonit.in
892 5727 1129 5797 Exposit.
1165 5728 1220 5780 in
1254 5726 1382 5781 Luc.
1456 5722 1801 5797 "Praefatjn
1828 5722 1923 5797 has
1958 5719 2144 5797 homil.
2217 5718 2605 5797 f’inlnveetiu.
2682 5720 2860 5797 cap.
2888 5718 3187 5788 5ji,p.459.
3265 5717 3511 5773 8‘homil.
3535 5718 3618 5774 15.

384 5803 433 5837 ⁸⁸
461 5811 592 5869 tom.
624 5798 726 5862 Vl,
764 5801 819 5852 in
855 5790 1016 5851 Joan.
1092 5797 1139 5829 ⁸³
1169 5797 1263 5852 lib.
1294 5813 1326 5852 v
1393 5798 1513 5854 adv.
1548 5795 1686 5851 Cels.
1760 5792 1810 5825 ⁸⁸⁵
1832 5792 1990 5848 enisi.
2026 5790 2128 5856 09,
2159 5790 2227 5843 ad
2261 5791 2402 5843 Avil.
2481 5792 2525 5821 ⁸³
2560 5791 2748 5845 homil.
2779 5791 2868 5844 29.

670 5893 947 5952 Ριτιιοι..
995 5892 1113 5954 Cn.
1161 5898 1232 5958 V.

3230 5882 3303 5942 16
