4138 6402
526 322 626 379 491

1593 311 1653 368 S.
1695 306 2047 369 IGNATIUS.
2085 336 2153 345 —
2187 302 2722 363 PROLEGOMENA.

3692 305 3800 361 ιθε

528 449 658 504 tuis.
700 444 857 501 Alius
886 450 970 499 est
997 439 1155 513 panis
1174 452 1358 496 sermo
1389 434 1509 501 Del,
1533 435 1628 505 qui
1660 431 1897 489 viviﬁcat
1928 429 2113 486 homi-
2145 431 2191 489 Α
2291 427 2359 483 Et
2391 442 2451 483 re
2478 427 2699 498 quidem
2732 441 2860 482 vera
2905 424 3205 500 Origenes,
3242 432 3383 482 teste
3428 421 3797 497 Hieronymo,

527 562 676 602 nem.
725 563 744 597 ι
800 539 1085 597 Secundus
1135 550 1267 590 vero
1292 534 1375 589 ⁸ος
1412 551 1431 586 ι
1479 530 1545 585 Et.
1577 530 1960 602 unusquisque
2008 540 2107 580 no-

527 647 703 695 strum
734 650 920 693 secum
939 633 1105 689 habet
1133 628 1507 685 adversarium
1531 625 1919 686 cohaerentem,
1948 619 2108 690 cujus

528 748 668 805 Opus
707 738 793 788 est
826 729 1029 786 ducere
1075 741 1178 782 nos
1211 723 1282 779 ad
1324 720 1662 794 principem,
1706 728 1762 772 et
1800 715 1981 770 dicere
2016 732 2028 768 :
2061 710 2107 767 Ο

527 829 806 898 princeps,
864 821 1017 877 verbi
1064 819 1239 890 gratia
1293 814 1448 883 regni
1494 812 1813 877 Persarum,
1867 808 1971 863 iste
2012 807 2107 877 qui

529 921 722 976 subter
751 914 1026 980 erattibi,
1070 926 1232 976 eum,
1279 918 1341 965 ut
1374 920 1515 978 opus
1544 913 1699 970 erat,
1746 899 2038 958 custodivi.
2080 914 2099 952 ι

530 1013 673 1080 Quid
696 1011 783 1066 his
809 1004 1158 1064 sermonibus
1190 1002 1277 1056 vel
1309 999 1493 1054 minus
1520 997 1777 1067 longum,
1812 992 1899 1048 vel
1933 990 2109 1062 magis

517 1105 922 1176 'Origenianum
948 1095 1248 1154 desiderari
1279 1092 1491 1163 potest?

599 1195 785 1251 Tertia
819 1192 1058 1261 denique
1096 1186 1280 1244 Dallaai
1327 1184 1467 1239 ratio
1504 1182 1585 1238 sic
1610 1178 1953 1252 praponitur.
1995 1176 2107 1230 Au-

522 1302 652 1347 ctor
700 1285 1054 1343 homiliarum
1109 1279 1443 1335 Sadducmos
1493 1275 1620 1331 inde
1682 1274 1899 1344 arguit,
1959 1268 2107 1340 quod

530 1383 783 1455 quaedam
831 1378 986 1435 lsaia:
1008 1383 1062 1432 et
1084 1374 1426 1431 Psalmorum
1451 1366 1613 1423 verba
1647 1384 1665 1417 ι
1696 1362 2050 1435 corporaliter
2081 1378 2100 1412 ι

530 1478 901 1548 explicarent,
934 1484 1059 1541 quae
1090 1468 1207 1537 ipse
1237 1459 1511 1534 spirituali
1544 1473 1710 1515 sensu
1741 1456 2108 1548 interpretan-

530 1546 619 1625 dav
635 1581 758 1627 esse
779 1565 1078 1619 arbitratur
1108 1576 1121 1613 :
1159 1576 1178 1609 ι
1215 1555 1347 1622 Qua:
1377 1552 1585 1618 omnia,
1613 1546 1879 1619 inquit",
1911 1558 2108 1615 corpo-

531 1663 721 1718 raliter
750 1656 1182 1729 intelligentibus
1217 1648 1533 1707 Sadducaeis
1555 1688 1571 1712 ,
1614 1645 1709 1716 qui
1740 1651 1897 1699 erant
1925 1641 2107 1698 portio

522 1756 884 1819 Judaenrum,
919 1750 1051 1807 dicit
1086 1746 1340 1802 Salvator
1369 1761 1383 1797 :
1432 1731 2059 1838 Nescitis‘Scripturas‘i’.‘
2080 1750 2100 1783 ι
2135 1778 2178 1838 Β

530 1851 720 1923 Atqui,
741 1850 817 1903 ait
841 1847 1093 1910 Dallaeus,
1122 1842 1229 1896 hoc
1254 1845 1462 1911 pugnat
1486 1849 1611 1891 cum
1642 1832 1895 1923 Origene,
1926 1828 2021 1899 qui
2047 1827 2104 1883 in

530 1922 784 2016 genuinis
817 1938 1086 2010 Operibus
1118 1934 1255 1989 alios
1288 1929 1497 1985 Veteris
1523 1922 2106 2016 Testamenti,_pra3_ter

528 2011 734 2107 Noysis
764 2033 934 2089 libros
960 2030 1016 2083 in
1049 2038 1315 2082 canonem
1362 2020 1796 2090 Scripturarum,
1831 2011 2105 2107 a'§addu-

528 2105 656 2183 casis
684 2125 850 2194 recipi
878 2120 1173 2177 inﬁciatur.
1211 2113 1319 2171 Sed
1350 2111 1498 2168 aliud
1525 2118 1610 2166 eSt
1630 2109 1830 2163 librum
1865 2105 2104 2175 aliquem

528 2222 585 2275 in
617 2218 1026 2288 Scripturarum
1055 2209 1254 2267 ascribi
1296 2219 1586 2267 canonem,
1635 2200 1785 2257 aliud
1812 2214 1943 2253 vero
1984 2198 2105 2267 ejus

528 2314 691 2370 verba
743 2308 1105 2380 corporaliter
1152 2301 1405 2371 intelligi.
1452 2296 1637 2353 Unum
1685 2294 1740 2349 in
1790 2291 2105 2348 Sadducaeis

528 2407 847 2481 perstringit
891 2411 1083 2460 auctor
1116 2406 1337 2461 noster,
1379 2409 1489 2449 non
1516 2406 1647 2447 vero
1690 2390 1954 2453 alterum;
1984 2401 2106 2457 pro-

528 2502 763 2571 indeque
811 2495 1065 2567 Origenis
1115 2488 1398 2548 sententiae
1447 2485 1598 2541 nullo
1644 2483 1808 2538 modo
1850 2482 2107 2537 adversa-

530 2605 641 2652 tur.

604 2686 701 2743 Hic
756 2683 973 2755 magnis
1039 2679 1238 2735 animis
1289 2673 1529 2746 insurgit
1584 2670 1769 2727 Dallaei
1824 2668 2103 2735 defensor,

530 2778 919 2847 contenditque
951 2774 1282 2830 Sadducaeos
1316 2768 1463 2839 quod
1492 2765 1838 2822 Psalmorum
1868 2770 1923 2817 et
1948 2760 2106 2816 Isaiae

530 2872 698 2928 verba
738 2865 1088 2940 corpolariter
1128 2860 1525 2931 intelligerent,
1552 2870 1664 2910 non
1699 2854 1808 2909 alio
1836 2867 1999 2908 sensu
2036 2850 2106 2905 ab

530 2964 721 3019 eodem
758 2969 988 3015 auctore
1033 2953 1235 3021 notari,
1284 2952 1391 3007 nisi
1422 2950 1554 3021 quia
1596 2949 1700 3003 hos
1728 2947 1898 3001 libros
1927 2946 1997 3000 ab
2023 2944 2105 2999 eis

531 3056 586 3110 in
637 3053 1044 3123 Scripturarum
1082 3060 1349 3103 canonem
1394 3051 1643 3113 receptos
1675 3040 1813 3095 falso
1842 3039 1947 3095 sibi
1982 3053 2106 3108 per-

532 3159 802 3205 suaserat.
848 3144 1019 3212 Quasi
1056 3156 1187 3196 vero
1224 3138 1410 3194 nullus
1446 3150 1573 3191 cum
1616 3134 1728 3190 ullo
1780 3138 2005 3186 auctore
2037 3129 2070 3185 d

532 3242 755 3311 scriptis
792 3234 1145 3308 corpolariter
1186 3230 1514 3293 intellectis,
1558 3226 1664 3282 nisi
1697 3225 1765 3280 de
1792 3224 1923 3280 solis
1955 3222 2104 3278 Scri-

529 3340 706 3408 ptura:
731 3345 903 3388 sacra:
924 3326 1082 3384 libris
1110 3322 1461 3395 expostulare
1487 3319 1694 3392 queat?
1725 3318 1951 3386 Quoties
1974 3317 2106 3373 scri—

529 3429 672 3501 ptori
704 3425 839 3482 illud
880 3422 1016 3479 vitio
1045 3420 1299 3483 vertitur,
1353 3414 1501 3486 quod
1538 3413 1829 3469 illustrium
1860 3412 2103 3467 virorum

528 3520 765 3591 scripta,
801 3531 925 3589 quae
970 3514 1026 3569 in
1070 3513 1247 3585 pretio
1276 3508 1535 3565 omnibus
1565 3520 1688 3561 esse
1716 3503 1950 3570 debent,
1979 3516 2106 3557 cor-

525 3613 811 3685 poraliter,
838 3620 894 3669 et
922 3609 990 3667 ad
1010 3606 1249 3663 litteram
1276 3600 1662 3674 scrupulosius
1691 3596 2105 3670 interpretetur?

527 3706 717 3762 Potuit
742 3718 873 3775 ergo
907 3701 1170 3772 Origenes
1202 3696 1532 3752 Sadducaeos
1576 3694 1782 3751 idcirco
1810 3693 2101 3764 castigare,

528 3802 657 3871 quia
700 3798 854 3855 lsaize
891 3803 947 3850 et
994 3792 1300 3849 Psalmistaa
1344 3790 1538 3855 libros,
1585 3802 1727 3858 quos
1768 3794 1895 3857 post
1939 3800 2102 3842 suum

528 3894 829 3965 Scriptura
857 3903 1121 3947 canonem
1155 3886 1327 3956 pluris
1356 3883 1535 3940 facere
1567 3883 1837 3940 debebant
1905 3898 2103 3956 corpo-

526 3989 718 4044 raliter
752 3984 1144 4055 intelligerent.
1226 4029 1251 4053 ,

594 4080 757 4137 Nulla
783 4088 869 4136 est
895 4078 1068 4150 igitur
1096 4076 1293 4131 barum
1326 4073 1683 4131 homiliarum
1711 4070 1954 4127 auctoris
1977 4085 2100 4127 cum

526 4175 765 4246 Origene
795 4186 1007 4243 pugna,
1048 4168 1198 4224 nulla
1228 4166 1390 4237 plane
1421 4165 1717 4221 dissensio.
1752 4163 1953 4219 Verum
1999 4163 2103 4217 etsi

529 4266 861 4324 adversariis
907 4263 1115 4319 nostris
1151 4263 1378 4317 daretur
1411 4259 1651 4329 aliquam
1698 4257 1840 4312 inter
1871 4271 1969 4312 eos
2002 4256 2105 4309 hac

529 4362 597 4415 de
620 4374 677 4414 re
706 4356 877 4413 fuisse
900 4354 1343 4425 repugnantiam,
1368 4366 1500 4405 num
1524 4350 1787 4405 continuo
1814 4348 1898 4404 hae
1922 4347 2106 4404 homi—

2215 519 2317 576 has
2371 519 2630 574 homilias
2679 518 2868 589 junior
2915 519 3249 589 composuit.
3295 537 3315 570 ε
3360 515 3581 585 Fateor,
3618 518 3801 588 inquit

2210 611 2303 667 ille
2324 611 2392 677 θ’,
2423 612 2530 667 alia
2567 620 2699 668 sunt
2723 611 2902 666 virilia
2937 610 3078 681 ejus,
3114 619 3169 666 et
3197 611 3499 667 senectutis
3530 610 3794 667 seria.....

2210 712 2342 759 tunc
2374 703 2561 759 videre
2595 706 2815 777 poterit,
2848 705 2959 759 imo
3009 719 3110 774 per
3152 718 3253 760 vos
3301 703 3551 759 Romana
3598 704 3791 774 lingua

2211 802 2530 865 cognoscet,
2565 803 2836 865 quantum
2869 793 3003 849 boni
3033 802 3088 849 et
3115 802 3241 849 ante
3270 792 3547 860 nescierit,
3575 800 3632 848 et
3656 791 3799 847 scire

2212 903 2360 942 nunc
2400 887 2650 958 coeperit.
2691 904 2710 939 ι
2751 886 2820 940 At
2864 884 3050 941 Dallaei
3099 883 3357 942 defensor
3400 885 3661 941 audacter
3711 898 3797 938 re-

2208 980 2442 1050 spondet
2488 993 2707 1034 errasse
2743 977 3161 1051 Hieronymum,
3204 977 3546 1047 ailirmatque
3578 995 3597 1029 ι
3639 990 3797 1033 sexa-

2208 1074 2434 1141 genario
2462 1072 2727 1143 majorem
2767 1086 2891 1127 esse
2924 1071 3249 1142 Origenem,
3275 1071 3406 1126 dum
3440 1085 3573 1127 suas
3610 1069 3797 1126 homi-

2209 1162 2313 1219 lias
2361 1164 2530 1219 scribi
2571 1179 2769 1234 passus
2802 1172 2906 1218 est.
2952 1182 2970 1215 ι
3027 1162 3085 1217 ld
3119 1174 3303 1218 autem
3337 1177 3397 1219 se
3431 1162 3653 1219 solertia
3688 1177 3792 1218 sua

2210 1256 2503 1326 agnovisse
2552 1255 2638 1311 his
2681 1256 2949 1327 gloriatur
2999 1254 3181 1311 verbis
3214 1255 3295 1308 ’°:
3342 1272 3362 1307 ο
3404 1253 3562 1321 Quod
3595 1268 3626 1309 a
3659 1254 3796 1310 viris

2208 1347 2385 1403 doctis
2417 1346 2861 1403 animadversum
2897 1346 3140 1417 quidem,
3173 1362 3283 1402 non
3319 1355 3501 1402 autem
3536 1354 3797 1401 accurato

2208 1454 2574 1510 perpensum,
2620 1454 2723 1494 nec
2770 1447 2964 1494 exacte
3005 1438 3369 1508 ponderatum
3415 1438 3606 1493 mirari
3656 1438 3795 1495 satis

2209 1544 2458 1599 nequeo;
2495 1544 2620 1585 cum
2654 1537 2837 1583 tamen
2872 1527 2927 1582 id
2960 1527 3169 1584 diserte
3202 1535 3432 1584 testetur
3463 1528 3789 1583 Eusebius:

2209 1622 2513 1679 Audiamus
2558 1637 2694 1693 ergo
2727 1621 2931 1677 diserta
2978 1622 3069 1677 illa
3102 1621 3325 1679 Eusebii
3358 1622 3523 1677 verba
3552 1641 3566 1676 ε
3611 1641 3630 1674 ι
3671 1621 3795 1678 Ori-

2210 1730 2395 1785 genes,
2432 1714 2611 1784 inquit
2649 1712 2917 1769 Eusebius
2937 1714 3003 1781 ⁹¹,
3043 1718 3160 1791 jam
3199 1714 3555 1785 sexagenario
3589 1715 3789 1786 major,

2208 1817 2393 1878 utpote
2426 1808 2520 1878 qui
2551 1822 2614 1863 ex
2654 1806 2913 1862 diuturna
2947 1808 3339 1863 exercitatione
3374 1807 3675 1863 maximum
3706 1809 3792 1864 di-

2206 1900 2361 1955 cendi
2396 1915 2559 1955 usum
2593 1899 2699 1954 sibi
2735 1908 3143 1969 comparasset,
3178 1899 3471 1956 conciones
3509 1916 3648 1971 quas
3692 1900 3791 1956 ha-

2206 1992 2367 2047 bebat
2400 1993 2466 2047 ad
2500 1992 2785 2063 p0pulum,
2817 2008 2847 2046 a
2883 1991 3112 2047 notariis
3143 1991 3321 2062 excipi
3354 1993 3626 2062 permisit,
3655 2008 3785 2049 cum

2206 2084 2258 2138 id
2293 2093 2422 2140 ante
2457 2085 2571 2140 ﬁeri
2607 2100 2887 2155 nunquam
2911 2085 3294 2141 concessisset.
3337 2101 3357 2137 ι
3389 2083 3495 2140 Sed
3526 2085 3786 2142 defensor

2206 2176 2297 2231 ille
2331 2178 2843 2247 perspicacissimus
2860 2216 2877 2245 ,
2912 2177 3008 2247 qui
3035 2180 3183 2233 viros
3199 2176 3389 2233 doctos
3410 2177 3633 2232 incuriae
3651 2193 3788 2232 con-

2204 2268 2446 2335 demnat,
2482 2269 2670 2324 debuit
2701 2271 3013 2326 accuratius
3044 2272 3349 2341 ponderare
3366 2271 3505 2339 haec,
3534 2273 3790 2344 quaipse

2207 2360 2359 2427 citat,
2391 2359 2613 2416 Eusebii
2644 2362 2810 2417 verba
2840 2379 2854 2417 :
2895 2381 2916 2414 ι
2938 2362 3338 2429 Conciones...,
3370 2378 3402 2418 a
3434 2364 3660 2420 notariis
3686 2380 3787 2420 ex-

2205 2452 2313 2523 cipi
2351 2453 2620 2524 permisit.
2663 2472 2682 2507 ι
2717 2453 2931 2509 Etenim
2976 2454 3108 2510 dicit
3139 2455 3360 2525 quidem
3395 2456 3469 2511 ibi
3517 2456 3787 2514 Eusebius

2205 2544 2493 2617 Origenem
2515 2561 2625 2601 non
2657 2547 2979 2617 permisisse
3000 2547 3301 2603 conciones
3334 2563 3463 2603 suas
3494 2562 3522 2603 a
3554 2549 3788 2604 notariis

2204 2639 2412 2710 excipi;
2449 2640 2543 2696 sed
2567 2640 2656 2695 ille
2681 2639 2972 2712 Origenem
3004 2641 3186 2711 ipsum
3220 2655 3315 2696 eas
3349 2648 3475 2695 ante
3509 2642 3789 2713 sexagesi-

2205 2746 2352 2787 mum
2383 2732 2559 2787 aetatis
2600 2747 2712 2787 suaa
2757 2746 2963 2787 annum
3019 2748 3185 2788 manu
3222 2733 3443 2804 propria
3494 2734 3787 2804 scripsisse

2206 2839 2317 2880 non
2348 2825 2641 2880 inticiatur.
2678 2823 2866 2895 Neque
2892 2825 3060 2880 etiam
3094 2835 3255 2895 negat
3284 2825 3429 2890 illas.
3454 2827 3575 2897 ipso
3613 2827 3786 2882 invito

2203 2914 2462 2987 Origene,
2488 2918 2556 2972 ab
2580 2917 2705 2973 aliis
2731 2918 3111 2989 transcriptas.
3144 2916 3415 2975 Praeterea
3457 2928 3669 2975 certum
3698 2927 3785 2975 est

2206 3007 2521 3078 Origenem,
2557 3023 2683 3063 cum
2727 3009 2946 3081 juvenis
2974 3019 3154 3076 esset,
3184 3011 3480 3067 conciones
3520 3011 3784 3067 habuisse

2073 3116 2175 3185 ec
2208 3100 2275 3154 ad
2320 3100 2623 3170 populum;
2672 3100 2727 3156 id
2778 3102 2925 3157 enim
2974 3117 3085 3157 non
3136 3102 3438 3158 dilﬁtentur
3481 3103 3785 3159 adversarii

2206 3195 2420 3259 nostri,
2472 3194 2618 3266 quod
2663 3210 2729 3250 ex
2764 3196 2944 3251 allatis
2977 3195 3198 3253 Eusebii
3261 3198 3443 3253 verbis
3506 3197 3788 3253 evidenter

2207 3285 2499 3357 colligitur.
2532 3286 2702 3358 Atqui
2731 3288 2832 3343 has
2854 3289 2995 3344 inter
3017 3291 3313 3346 conciones
3345 3289 3473 3358 illa},
3492 3289 3559 3344 de
3582 3288 3787 3359 quibus

2207 3380 2421 3447 agitur,
2459 3380 2702 3435 homiliae
2743 3380 2943 3437 debent
2995 3382 3188 3451 procul
3236 3381 3407 3438 dubio
3459 3379 3783 3447 numerari;

2204 3485 2331 3526 cum
2367 3473 2488 3528 illas
2517 3472 2585 3528 ab
2616 3472 2850 3544 Origene
2873 3474 3072 3543 juvene
3092 3476 3471 3545 pronuntiatas
3501 3488 3609 3529 non
3632 3471 3788 3529 solus

2206 3562 2589 3634 Hieronymus,
2610 3564 2705 3619 sed
2737 3573 2791 3619 et
2822 3564 2998 3619 eidem
3023 3563 3355 3637 Hieronymo
3378 3564 3787 3622 infensissimns

2206 3654 2438 3711 Ruﬁnus
2465 3666 2779 3711 constanter
2811 3666 3144 3722 assererem,
3180 3673 3280 3713 nec
3301 3657 3569 3715 Eusebius
3593 3675 3784 3716 eorum

2207 3747 2490 3803 sententiae
2521 3747 2635 3803 ullo
2663 3746 2827 3803 modo
2859 3747 3187 3819 refragetur.

2275 3838 2509 3894 Constat
2544 3839 2709 3910 igitur
2751 3839 2851 3895 has
2900 3839 3158 3895 bomilias
3203 3840 3499 3910 genuinum
3534 3841 3787 3914 Origenis

2206 3945 2346 4001 opus
2403 3944 2561 3999 esse;
2620 3931 2957 4002 proindeque
3022 3932 3289 3988 invictum
3345 3940 3459 3989 stat
3507 3934 3629 4004 ejus
3680 3950 3783 4005 pro

2204 4023 2399 4097 lgnatii
2429 4023 2675 4093 epistolis
2702 4023 3098 4079 testimonium.
3136 4022 3404 4080 Ultimum
3437 4032 3621 4081 tamen
3665 4027 3787 4083 Del.

2205 4113 2342 4168 laaus
2367 4113 2559 4177 telum,
2596 4113 2741 4183 quod
2766 4113 2897 4168 alibi
2928 4113 2983 4168 in
3018 4111 3349 4179 Eusebium,
3382 4113 3474 4170 hic
3501 4115 3557 4169 in
3598 4113 3787 4187 Origo-

2205 4205 2291 4260 nis
2320 4205 2701 4260 auctoritatem
2721 4204 2802 4262 sic
2828 4212 3189 4274 contorquet:
3221 4222 3241 4256 ι
3274 4202 3479 4272 Unum,
3513 4206 3691 4277 inquit
3711 4206 3782 4273 ",

2205 4295 2398 4350 addam
2443 4302 2670 4358 notatu,
2712 4301 2775 4349 ut
2803 4294 2937 4349 mihi
2976 4293 3200 4364 quidem
3234 4294 3472 4360 videtur,
3523 4294 3787 4368 dignissi-

2207 4399 2383 4451 mum,
2429 4382 2730 4439 Eusebium
2771 4383 3026 4440 videlicet
3071 4399 3181 4440 non
3229 4385 3569 4443 omissurum
3611 4386 3785 4444 fuisse

529 4456 616 4510 me
644 4452 877 4547 origen-i-
897 4445 1279 4547 abi-“digna?
1298 4444 1465 4547 .sum?
1502 4440 1760 4547 Nummi!
1807 4442 2103 4547 ierim?“
2133 4460 2179 4516 D
2207 4440 2462 4547 Origenis
2496 4490 2599 4547 pro
2623 4475 2920 4547 lgnatianis
2944 4440 3787 4545 testimoniumrsiveorum

528 4549 694 4604 etiam
726 4540 1086 4601 eruditissimi
1111 4540 1184 4594 ita
1208 4537 1315 4595 sibi
1347 4550 1562 4606 semper
1594 4544 1867 4603 constant,
1890 4535 2104 4589 omnia—

529 4655 636 4711 que
667 4639 721 4693 in
754 4636 925 4693 variis
956 4647 1147 4688 eorum
1179 4630 1469 4701 operibus,
1496 4644 1617 4699 quae
1643 4627 1874 4683 diversis
1910 4628 1978 4682 de
2010 4640 2102 4681 ar-

530 4729 807 4804 gumentis
837 4736 891 4783 et
931 4723 1165 4781 diversis
1204 4720 1544 4790 temporibus
1596 4719 1901 4789 composita
1941 4728 2101 4785 sunt,

530 4823 607 4878 ita
632 4821 737 4877 sibi
766 4816 1048 4875 cohaerent
1070 4858 1083 4883 ,
1109 4821 1169 4868 ut
1198 4813 1349 4868 nulla
1375 4826 1562 4867 secum
1594 4812 1891 4881 pugnantia
1911 4818 1963 4865 et
1998 4809 2105 4866 sibi

531 4920 764 4976 invicem
809 4913 1085 4972 contraria
1117 4909 1470 4982 scripserint?
1513 4905 1771 4980 Nunquid
1807 4906 2104 4977 aliquando

531 5013 778 5068 seniores
829 5006 960 5064 facti
996 5020 1061 5061 ac
1103 5004 1409 5071 doctiores,
1443 5018 1506 5061 ea
1555 5018 1667 5058 non
1718 5006 2101 5069 emcndarunt,

530 5120 651 5176 quae
677 5102 925 5173 juniores
959 5107 1125 5169 atque
1166 5097 1533 5167 imperitiores
1579 5103 1803 5171 certum~
1835 5114 1959 5155 esse
1992 5114 2104 5154 cre-

528 5192 929 5252 didere?Nihil
949 5206 1080 5264 ergo
1110 5192 1337 5256 mirum,
1368 5190 1415 5247 si
1449 5188 1743 5262 Origenes,
1787 5191 1882 5262 qui
1912 5192 2102 5263 junior

527 5290 630 5344 has
664 5286 920 5344 bomilias
954 5286 1009 5340 in
1047 5284 1327 5357 publicum
1373 5284 1653 5351 emiserat,
1702 5283 1757 5338 in
1802 5285 1869 5340 iis
1894 5285 2101 5356 aliquid

528 5382 596 5436 de
635 5379 949 5437 Sadducaeis
982 5379 1215 5447 dixerit,
1254 5378 1402 5450 quod
1447 5387 1637 5449 postea
1672 5378 1854 5435 senior
1878 5388 1933 5435 et
1958 5380 2103 5450 peri-

529 5473 636 5529 tior
680 5472 889 5544 iactus,
933 5482 1240 5531 correctum
1287 5487 1412 5530 esse
1455 5472 1688 5529 voluerit
1737 5482 1794 5528 et
1848 5474 2105 5530 emenda-

531 5578 667 5626 tum.

599 5694 646 5726 ⁸⁸
678 5694 869 5750 bomil.
893 5694 984 5751 35.
1060 5695 1104 5765 ’ἶ
1141 5694 1332 5751 homil.
1397 5692 1487 5749 59.
1514 5764 1517 5765 ν
1546 5694 1609 5765 _.“
1643 5692 1839 5752 Matth.
1876 5712 2012 5765 xm,
2047 5699 2141 5760 29.

530 5764 623 5819 lib.
648 5780 702 5820 vi
734 5765 904 5834 Hist.,
936 5780 1057 5838 cap.
1088 5763 1175 5819 36.
1254 5766 1300 5798 "
1337 5779 1460 5835 pag.
1502 5763 1623 5822 108.

2205 4569 2331 4626 cubi
2358 4569 2689 4625 mentionem
2716 4568 2956 4625 iecisset.
2989 4590 3009 4624 ι
3048 4570 3155 4631 Sed
3184 4570 3320 4625 nihil
3353 4570 3467 4637 illo,
3508 4572 3655 4642 quod
3683 4586 3785 4641 pu-

2204 4671 2284 4717 tat
2328 4667 2518 4717 notatu
2564 4661 2982 4732 dignissimum,
3028 4672 3354 4735 argumento
3400 4664 3576 4719 levius
3617 4674 3787 4734 atque

2206 4753 2498 4809 inﬁrmius.
2533 4750 2791 4823 Nunquid
2817 4754 2964 4809 enim
2999 4752 3270 4811 Eusebius
3308 4755 3494 4809 omnia
3530 4754 3786 4825 Origenis

2205 4853 2262 4899 et
2293 4845 2719 4916 apostolicorum
2750 4844 3019 4912 virorum,
3066 4845 3410 4915 aliorumque
3445 4843 3671 4900 Patrum
3717 4846 3788 4901 de

2205 4935 2399 5007 lgnatii
2430 4937 2676 5006 epistolis
2705 4936 3017 4993 testimonia
3055 4937 3111 4991 in
3133 4936 3433 4992 Historiam
3467 4952 3625 4993 suam
3649 4952 3788 4994 con-

2206 5026 2413 5097 gessit?
2439 5025 2632 5084 Nullus
2654 5025 2900 5098 profecto
2921 5026 3019 5082 ibit
3040 5026 3254 5082 inficias
3277 5026 3434 5097 plura
3467 5028 3537 5082 ab
3555 5042 3624 5083 eo
3648 5042 3788 5098 pra:-

2205 5120 2489 5187 termissa;
2531 5135 2633 5175 nec
2670 5119 2878 5175 idcirco
2918 5128 3101 5174 tamen
3134 5120 3327 5174 eadem
3364 5118 3591 5174 Patrum
3618 5134 3788 5189 opera

2210 5211 2303 5277 iis,
2334 5227 2365 5266 a
2394 5212 2597 5282 quibus
2626 5211 2827 5282 scripta
2855 5222 3006 5280 sunt,
3035 5210 3282 5267 censebit
3301 5226 3423 5267 esse
3463 5211 3788 5282 abjudiean-

2211 5304 2301 5359 da.
2338 5304 2584 5374 Denique
2612 5303 2884 5360 Eusebius
2906 5319 3006 5375 pro
3031 5301 3228 5375 lgnatii
3266 5302 3514 5374 epistolis
3540 5304 3787 5358 auctori-

2211 5403 2375 5450 tatem
2403 5394 2690 5467 Polycarpi
2724 5405 2779 5450 et
2808 5394 3031 5462 lrenaei,
3065 5393 3267 5450 citasse
3311 5403 3623 5463 contentus,
3674 5411 3787 5449 non

2211 5487 2367 5556 plura
2394 5488 2765 5558 posteriorum
2791 5485 3019 5543 Patrum
3048 5486 3363 5543 testimonia
3387 5487 3787 5545 accumulauda

2208 5594 2331 5635 esse
2358 5594 2576 5651 aequum
2602 5580 2836 5651 putavit.

2215 5702 2264 5737 "
2296 5700 2515 5775 Prolog.
2545 5703 2601 5759 in
2637 5702 2739 5761 has
2786 5702 2980 5762 homil.
3058 5705 3104 5739 "
3136 5718 3264 5778 pag.
3298 5702 3422 5763 106.
3502 5703 3547 5736 ἰ
3584 5699 3790 5764 Euseb.
