4138 6426
422 389 528 446 ωδ

529 510 559 583 §
588 509 677 566 ill.
708 510 873 566 Aliud
906 510 1148 583 Origenis
1172 513 1531 568 testimonium
1558 513 1889 583 expenditur.

490 598 753 656 Nonnulli
789 602 937 658 aliud
962 618 1061 674 pro
1087 603 1277 659 iisdem
1307 602 1500 675 lgnatii
1532 605 1779 674 epistolis
1804 602 2000 659 aﬁ‘erre

419 693 603 749 solent
629 691 880 763 Origcnis
917 695 1324 764 testimonium_
1355 695 1500 768 quod
1537 696 1623 750 his
1655 694 1837 751 verbis
1866 696 2001 766 legi-

420 786 572 841 tur”
600 805 614 841 :
638 807 655 838 ι
676 784 787 841 Nec
810 794 941 856 puto
961 786 1106 856 quod
1129 786 1336 857 culpari
1364 787 1557 858 possit,
1586 787 1633 841 si
1654 788 1779 857 quis
1801 785 1996 854 Deum,

418 878 569 932 sicut
589 874 833 935 Joannes
869 879 1216 946 charitatem,
1256 879 1330 933 ita
1372 880 1489 950 ipse
1528 894 1771 934 amorem
1818 881 1999 935 nomi-

425 976 537 1023 net.
574 968 821 1039 Denique
864 969 1091 1024 memini
1137 970 1377 1040 aliquem
1409 978 1725 1026 sanctorum
1766 970 1995 1039 dixisse,

420 1057 690 1131 lgnatium
733 1062 976 1127 nomine,
1016 1062 1084 1117 de
1128 1062 1349 1118 Christo
1385 1080 1399 1117 :
1435 1062 1588 1119 Meus
1628 1077 1784 1118 amor
1817 1063 2000 1119 cruei-

418 1151 565 1208 ﬁxus
593 1160 695 1208 est.
729 1171 747 1205 )
788 1152 891 1209 Sed
923 1161 1105 1208 utrum
1141 1170 1268 1210 vere
1303 1154 1558 1226 Origenis
1585 1156 1659 1212 sit
1692 1159 1797 1213 hoc
1832 1171 1995 1227 opus,

420 1244 604 1300 adhuc
651 1246 756 1301 sub
783 1246 971 1315 judice
1014 1248 1083 1303 lis
1123 1256 1226 1304 est.
1278 1246 1512 1315 Quidam
1558 1248 1836 1304 enimvero
1869 1264 1996 1304 cum

418 1337 653 1394 Erasmo
678 1340 806 1395 illud
831 1356 863 1396 a
888 1349 1038 1397 tanto
1060 1342 1285 1399 doctore
1308 1343 1576 1413 scriptum
1606 1358 1727 1399 esse
1754 1344 1997 1401 inﬁcian-

418 1442 546 1495 tur,
588 1443 702 1487 tum
739 1434 886 1505 quod
925 1453 945 1488 ι
985 1435 1039 1491 in
1086 1437 1314 1507 prologo
1371 1435 1504 1493 citat
1548 1436 1800 1505 Grazcos,
1848 1440 1997 1496 velut

418 1526 630 1582 alienos
659 1546 671 1582 :
705 1546 724 1580 ι
763 1538 877 1582 ιιιιιι
910 1545 928 1579 t
957 1543 1023 1583 ex
1051 1528 1499 1598 interpretatione
1537 1531 1777 1596 amoris,
1812 1531 1996 1587 chari-

416 1620 571 1687 tatis,
598 1620 912 1676 dilectionis
939 1628 993 1676 et
1027 1621 1320 1690 cupidinis.
1356 1641 1374 1675 ι
1403 1622 1511 1678 Alii
1538 1638 1667 1678 vero
1693 1625 1990 1694 genuinum

417 1708 569 1763 illius
598 1707 767 1764 fetum
793 1724 914 1764 esse
940 1709 1196 1778 probant,
1225 1726 1292 1767 ex
1318 1712 1485 1784 style,
1516 1727 1581 1768 ex
1604 1714 1904 1785 allegoriis,
1938 1724 1995 1770 et

417 1798 773 1869 tropologicis
813 1800 1286 1869 expositionibus,
1330 1801 1387 1858 in
1430 1818 1567 1873 quas
1599 1805 1670 1859 ab
1715 1806 1993 1862 historicis

1392 389 1454 444 Β.
1496 386 1786 445 NOURRll
1822 383 2299 442 DISSERTATIO.
2333 416 2402 426 —
2438 383 2618 440 PARS
2653 384 2694 438 1.

2026 508 2593 569 Areverendissimus
2651 506 2906 565 Usserius
2971 507 3203 577 Latine,
3263 509 3677 569 eruditissimus

3571 388 3674 445 ιω

2100 596 2330 654 Vossius
2354 598 2564 666 Grmce,
2604 613 2671 654 ex
2703 598 2857 653 libris
2884 598 2975 654 ille
3000 598 3342 670 Anglicanis,
3381 601 3471 657 hic
3496 598 3674 657 Medi-

2099 693 2228 746 caeis
2276 691 2583 746 ediderunt.
2618 708 2636 743 ι
2694 689 2786 747 Sic
2818 691 2908 746 ille
2944 692 3163 747 tandem
3209 693 3496 763 concedit,
3526 695 3676 764 quod

2098 784 2249 837 nullo
2300 798 2543 852 unquam
2582 782 2747 837 modo
2805 797 3005 848 negare
3052 794 3283 853 poterat.
3351 784 3459 841 Sed
3513 787 3670 857 quid,

2096 882 2281 946 putas,
2300 874 2367 930 de
2386 874 2727 930 celeberrimi
2746 872 2999 930 Historia:
3024 876 3407 932 ecclesiasticae
3429 878 3675 948 parentis

2099 967 2369 1023 sententia
2404 967 2766 1038 pronuntiat?
2795 963 2992 1024 Paucis
3030 983 3145 1023 rem
3186 969 3440 1037 absolvit,
3465 971 3677 1026 scilicet

2097 1057 2253 1112 illum
2293 1076 2311 1109 ‹
2338 1058 2546 1129 judicio
2586 1058 2673 1113 his
2715 1059 2782 1114 de
2811 1059 3061 1129 epistolis
3100 1059 3300 1116 falsum
3337 1077 3481 1119 esse.
3510 1081 3529 1115 ι
3564 1060 3678 1118 Nec

2097 1147 2298 1205 Dallaao
2329 1150 2463 1205 satis
2489 1159 2572 1205 est
2593 1148 2891 1206 Eusebium
2915 1152 3121 1209 erroris
3152 1152 3551 1221 condemnare;
3578 1156 3676 1211 sed

2098 1256 2225 1297 eum
2255 1242 2420 1297 etiam
2467 1256 2716 1297 errorum
2759 1244 3039 1310 omnium,
3072 1242 3125 1300 in
3168 1261 3308 1316 quos
3350 1247 3442 1302 alii
3484 1256 3677 1319 postea

2096 1331 2338 1402 prolapsi
2369 1339 2517 1396 sunt,
2543 1347 2699 1387 reum
2725 1332 2875 1389 facit.
2907 1354 2925 1385 ι
2955 1330 3246 1401 Eusebius,
3271 1336 3468 1407 inquit,
3492 1337 3676 1393 omnis

2094 1422 2163 1478 de
2192 1421 2486 1494 lgnatianis
2520 1421 2728 1479 erroris
2759 1423 2903 1492 fons,
2936 1425 3031 1495 qui
3058 1426 3186 1483 hinc
3214 1427 3391 1497 primo
3424 1437 3673 1495 exortus,

2095 1512 2362 1570 latissime
2390 1525 2581 1585 postea
2604 1514 2832 1583 eﬂ'usns,
2865 1531 3002 1587 pene
3027 1532 3221 1574 omnes
3241 1518 3542 1575 Christiani
3569 1536 3676 1576 no-

2095 1602 2261 1658 minis
2316 1605 2559 1660 eruditos
2601 1607 2859 1677 pervasit.
2893 1626 2912 1659 ι
2950 1606 3063 1663 Cur
3104 1623 3236 1680 ergo
3280 1618 3392 1665 tam
3445 1612 3677 1681 turpiter

2096 1692 2467 1752 ballucinatus
2513 1704 2599 1752 est
2643 1695 2962 1754 Eusebius?
3017 1698 3275 1770 Nunquid
3328 1700 3419 1756 ille
3470 1702 3675 1772 ingenii

2096 1785 2562 1855 excellentissimi,
2579 1794 2634 1841 et
2657 1803 2885 1844 summa;
2904 1790 3233 1847 eruditionis
3258 1791 3362 1860 vir,
3393 1793 3462 1848 ad
3489 1793 3675 1851 discu-

414 1856 903 1959 explanationibus
948 1894 1193 1948 excurrit
1230 1856 1343 1950 :ex
1388 1856 1674 1953 sententiis
1718 1897 1804 1954 his
1830 1900 1990 1969 plane
2024 1856 2070 1920 Β
2097 1876 2310 1933 “emas
2344 1878 2537 1949 lanam
2587 1879 2850 1950 θνίδίοίθδ
2893 1884 3077 1953 segnis
3126 1883 3228 1941 ίυίί
3256 1893 3312 1940 θι
3361 1885 3546 1955 iners:
3575 1888 3673 1959 qui

413 1980 799 2039 consimilibus
820 1991 875 2039 et
902 1985 1199 2055 germanis,
1234 2000 1356 2056 quae
1379 2001 1446 2041 ex
1479 1986 1693 2044 duabus
1724 1989 1987 2059 homiliis,

412 2074 486 2129 ab
517 2073 854 2146 Hieronymo
893 2074 1146 2132 Latinam
1184 2077 1240 2131 in
1282 2076 1524 2151 linguam
1573 2083 1854 2139 conversis
1898 2098 1991 2138 oc-

412 2175 679 2234 currunt;
702 2182 769 2223 ex
797 2169 1041 2226 melioris
1068 2177 1211 2225 noue
1234 2172 1641 2242 manuscriptis,
1668 2173 1761 2228 ubi
1790 2189 1989 2230 nomen

413 2254 665 2328 Origenis
684 2260 1016 2331 praeﬁgitur;
1048 2276 1110 2317 ex
1133 2262 1200 2317 iis
1228 2264 1427 2334 quibus
1449 2263 1709 2336 Origenes
1732 2264 1990 2336 frequens

413 2351 593 2405 utitur
636 2349 1032 2408 Hebraicorum
1086 2356 1373 2410 nominum
1422 2356 1988 2428 interpretationibus,

410 2454 469 2499 et
498 2444 733 2499 aliorum
773 2460 1001 2516 operum
1050 2463 1275 2504 suorum
1316 2450 1704 2518 citationibus;
1754 2451 1991 2522 denique

410 2537 548 2609 quia
579 2553 673 2594 eas
704 2537 932 2595 Ruﬁnus
962 2538 1156 2597 Latine
1193 2541 1467 2606 reddidit,
1498 2550 1663 2613 atque
1689 2544 1887 2599 eaedem
1914 2551 1998 2600 to-

411 2645 633 2685 morum
657 2630 866 2696 decem,
896 2647 1037 2702 quos
1064 2632 1119 2688 in
1144 2632 1432 2689 Canticum
1455 2636 1675 2705 scripsit
1702 2634 1987 2710 Origenes,

410 2732 624 2793 partem
656 2724 1013 2780 constituant.
1064 2725 1148 2781 Atl
1192 2723 1406 2781 Erasmi
1433 2735 1615 2782 autem
1667 2738 1989 2799 argumenta

410 2816 752 2885 respondent
783 2817 853 2871 ab
876 2817 1095 2873 illarum
1126 2826 1351 2874 auctore
1393 2818 1550 2875 citari
1580 2821 1800 2891 quidem
1840 2820 1991 2877 Grie-

409 2921 531 2973 cos,
558 2908 655 2963 sed
685 2916 745 2963 ut
778 2924 941 2977 suos,
971 2924 1078 2964 non
1109 2919 1168 2966 ut
1196 2910 1406 2966 alienos
1449 2911 1556 2966 nisi
1592 2910 1883 2981 religione;
1924 2926 1990 2967 ac

410 3001 705 3055 nominum
727 3000 1047 3057 Latinorum
1074 3003 1549 3074 interpretationes
1583 3018 1616 3060 a
1645 3001 1843 3059 Ruﬁno
1880 3013 1991 3061 tex-

412 3092 495 3146 tui
532 3091 788 3164 Origenis
842 3095 1013 3152 fuisse
1053 3096 1287 3154 additas.
1338 3096 1602 3164 Quamvis
1642 3105 1825 3154 autem
1872 3100 1989 3155 haec

410 3184 603 3253 opinio
634 3199 743 3239 non
774 3185 1094 3255 spernendis
1134 3187 1409 3242 rationum
1442 3188 1736 3244 momentis
1770 3190 1984 3244 ﬁrmata
2012 3193 2059 3256 C

409 3276 698 3343 videatur,
748 3278 1161 3335 observavimus
1202 3288 1384 3335 tamen
1417 3279 1546 3336 alibi
1574 3280 1621 3312 9"
1656 3288 1830 3337 totum
1877 3282 1985 3338 hoc

410 3382 553 3436 opus
590 3368 728 3423 nihil
763 3370 911 3424 aliud
941 3370 1272 3426 Cassiodoro
1301 3371 1505 3439 videri,
1550 3388 1716 3442 quam
1749 3374 1984 3429 duarum

409 3459 665 3532 Origenis
687 3463 744 3516 in
771 3462 995 3518 Cantica
1022 3464 1399 3532 homiliarum,
1433 3466 1503 3522 ab
1527 3464 1860 3539 Hieronymo
1878 3466 1985 3522 La-

410 3556 528 3609 tine
552 3556 887 3611 redditarum
917 3557 1420 3630 ampliﬁcationem.
1449 3557 1795 3631 Quapropter
1827 3573 1985 3628 aequo

408 3652 709 3723 cujuslibet
729 3653 927 3710 sinceri
964 3664 1017 3709 et
1045 3654 1244 3727 integri
1269 3655 1506 3711 hominis
1520 3655 1728 3727 judicio
1759 3658 1986 3728 permit-

410 3745 582 3800 timus
612 3746 666 3800 in
698 3761 853 3813 eam,
889 3762 1056 3817 quam
1088 3748 1359 3804 veriorem
1386 3749 1678 3805 crediderit
1704 3790 1718 3815 ,
1749 3749 1829 3803 ire
1859 3764 1987 3804 sen-

409 3838 679 3903 tentiam;
718 3854 820 3895 nec
847 3840 1220 3896 testimonium
1255 3856 1324 3896 ex
1353 3840 1438 3897 his
1489 3840 1733 3896 homiliis
1762 3841 1986 3897 desum-

408 3938 601 4002 ptum,
643 3932 786 3989 ultra
820 3946 984 4003 quam
1022 3947 1121 4004 par
1152 3942 1268 4002 est,
1311 3934 1613 4005 urgendum
1639 3949 1762 3992 esse
1790 3949 1983 3990 cense-

409 4044 560 4085 mus.

1006 4143 1235 4203 CAPUT
1274 4142 1386 4201 Vll.

410 4274 777 4314 ARGUMENTUM
818 4276 1031 4315 SEXTUM
1064 4278 1134 4315 EX
1176 4278 1311 4317 Αιιιε
1344 4277 1630 4317 ΙΝΝυΙΕΚΙΒ
1670 4274 1983 4318 εοιιιρτοιιι-

483 4347 609 4394 BUS,
652 4345 786 4396 QUOS
827 4347 1141 4387 Αυνειιελιιιι
1180 4348 1469 4389 EPISTOLAS
1509 4347 1728 4389 ιςΝΑτιο
1766 4346 1983 4387 Αωυιιι-

480 4417 643 4456 CASSI;
680 4418 999 4469 FATISNTUR,
1041 4417 1382 4458 DESUIPTUI.

408 4515 507 4587 gl.
541 4516 919 4586 Argumentum
942 4531 1007 4571 ex
1036 4515 1249 4571 Eusebii
1280 4516 1600 4572 auctoritate
1622 4519 1974 4588 desumptum.

483 4631 896 4703 Disputavimus
942 4633 1206 4687 hactenus
1239 4632 1306 4688 de
1337 4632 1663 4689 testimoniis
1705 4632 1979 4703 antiquis-

408 4724 680 4781 simorum
714 4724 958 4789 Patrum,
980 4726 1182 4796 quibus
1220 4723 1481 4795 epistolas
1512 4723 1704 4795 lgnatii
1730 4724 1979 4796 incogni.

405 4826 494 4873 tas
527 4818 698 4874 fuisse
745 4817 976 4873 Dallaeus
1006 4818 1237 4888 ejusque
1281 4816 1536 4873 defensor
1561 4818 1699 4871 mira
1738 4816 1979 4886 singula-

404 4910 569 4979 rique
610 4908 979 4964 obstinatione
1024 4907 1381 4963 eontendunt.
1425 4904 1581 4962 Nunc
1631 4906 1698 4961 de
1731 4906 1800 4963 iis
1840 4906 1981 4962 scri-

404 5003 659 5076 ptoribus
689 5002 987 5074 agendum,
1028 5016 1059 5056 a
1090 5001 1290 5072 quibus
1324 5001 1545 5055 easdem
1596 5008 1651 5055 et
1685 4999 1898 5073 agnitas
1926 5007 1981 5056 et

401 5097 616 5169 lgnatio
637 5094 925 5151 attributas
942 5093 1045 5165 ipsi
1070 5109 1168 5149 sua
1193 5101 1386 5163 sponte
1406 5092 1749 5147 conﬁtentur.
1767 5090 1975 5147 Horum

403 5188 801 5260 antesignanus
835 5195 918 5242 est
940 5185 1208 5241 Eusebius
1242 5183 1630 5250 Caesariensis,
1662 5183 1731 5239 de
1757 5200 1868 5255 quo
1894 5183 1977 5240 sic

402 5278 738 5335 Dallzeus”:
778 5294 797 5329 t
838 5276 1095 5332 Fatemur
1127 5273 1422 5329 Eusebium
1448 5274 1569 5329 illas
1595 5273 1708 5328 sive
1740 5289 1832 5329 sex
1865 5274 1980 5329 sive

402 5380 638 5441 septem.
678 5384 817 5441 quas
854 5374 1121 5434 recenset,
1147 5365 1409 5436 epistolas
1439 5381 1756 5436 agnoscere,
1782 5381 1847 5421 ac
1877 5379 1977 5435 pro

400 5477 531 5518 vere
554 5458 849 5531 lgnatianis
876 5458 1097 5513 habere.
1135 5454 1321 5527 Neque
1344 5455 1757 5511 dissimulamus
1788 5470 1882 5511 eas
1909 5455 1978 5512 de

399 5555 605 5625 quibus
630 5552 720 5608 ille
741 5549 905 5605 verba
935 5540 1088 5615 facit,
1118 5548 1217 5603 has
1260 5548 1411 5618 ipsas
1431 5547 1604 5603 fuisse
1633 5547 1827 5616 videri,
1858 5564 1981 5619 qua;

399 5647 491 5700 his
548 5644 729 5701 hodie-
757 5641 1074 5698 nominibus
1113 5638 1609 5707 circumferuntur,
1642 5640 1831 5711 quales
1874 5655 1985 5704 eas.

2093 1983 2202 2023 non
2232 1971 2410 2025 solum
2444 1986 2636 2027 earum
2671 1982 2903 2044 tempus,
2933 1982 2990 2031 et
3010 1990 3108 2032 eos
3127 1977 3223 2047 qui
3261 1977 3314 2033 in
3349 1978 3459 2036 illis
3491 1981 3675 2037 nomi-

2090 2071 2328 2130 nantur,
2374 2063 2565 2119 sedulo
2608 2065 2909 2133 observat;
2959 2083 3151 2123 verum
3210 2071 3375 2127 etiam
3431 2088 3496 2128 ea
3549 2089 3674 2145 quae

2092 2165 2282 2211 auctor
2302 2157 2587 2224 citaverat,
2614 2172 2674 2213 se
2706 2161 3126 2217 accuratissime
3144 2162 3492 2221 examinasse
3518 2166 3674 2222 testi-

2093 2246 2305 2304 ﬁcatur.
2338 2248 2542 2304 Scribit
2573 2250 2821 2307 enim":
2859 2271 2879 2304 ι
2910 2251 2970 2307 In
2994 2254 3223 2324 epistola
3254 2256 3322 2311 ad
3357 2255 3670 2329 Smyrnaaos

2090 2338 2159 2394 de
2186 2338 2474 2395 Servatore
2520 2350 2713 2397 nostro
2760 2342 3024 2413 loquens,
3062 2345 3312 2414 quaedam
3356 2345 3478 2416 ejus
3504 2347 3671 2403 verba

2092 2433 2316 2500 recitat,
2348 2449 2472 2503 qua:
2512 2435 2655 2490 unde
2683 2437 2975 2506 acceperit,
3000 2436 3212 2508 ignoro.
3250 2457 3270 2492 ι
3309 2437 3543 2496 Dallaeus
3573 2455 3673 2496 ne-

2092 2540 2199 2596 que
2228 2527 2531 2598 ingenium,
2566 2544 2747 2600 neque
2774 2529 3115 2601 diligentiam
3154 2530 3378 2589 Eusebii
3400 2548 3669 2605 asperna-

2093 2624 2221 2673 tur:
2246 2619 2341 2674 sed
2373 2637 2392 2671 t
2418 2620 2719 2689 hominem,
2755 2621 2937 2693 inquit
2954 2620 3026 2688 ’7,
3058 2624 3310 2694 geminus
3334 2626 3519 2681 animo
3543 2641 3670 2697 per-

2091 2719 2281 2780 ceptus
2328 2711 2396 2767 de
2425 2712 2631 2770 Irenaeo
2662 2730 2729 2770 ac
2767 2711 3068 2788 Polycarpo
3096 2732 3251 2773 error
3293 2725 3668 2776 transversum

2090 2802 2221 2873 egit,
2257 2810 2313 2859 et
2354 2819 2475 2874 quae
2497 2804 2664 2861 notha
2686 2814 2847 2863 erant
2875 2816 2930 2864 et
2961 2808 3245 2864 subdititia
3267 2850 3284 2877 ,
3311 2825 3376 2866 ea
3404 2826 3507 2882 pro
3538 2828 3670 2869 vere

2089 2891 2390 2965 lgnatianis
2453 2896 2743 2955 admittere
2799 2899 3035 2971 subegit.
3068 2919 3088 2952 ›
3141 2901 3314 2968 Quem
3361 2911 3545 2959 autem
3597 2906 3673 2966 de

2091 2984 2303 3042 Irenaeo
2330 2989 2634 3059 perceperit
2659 3004 2905 3046 errorem
2944 2992 3024 3047 sic
3053 2992 3197 3049 idem
3222 2991 3459 3050 Dallaeus
3484 2995 3668 3053 deela-

2091 3087 2178 3134 rat
2200 3098 2213 3134 :
2237 3097 2255 3131 ί
2276 3078 2370 3135 Ille
2392 3079 2539 3150 quod
2562 3096 2685 3151 quae
2702 3080 2971 3153 lgnatium
2989 3082 3190 3139 dixisse
3210 3084 3377 3142 refert
3402 3085 3665 3156 lrenaaus,

2089 3171 2279 3226 eadem
2307 3170 2362 3225 in
2401 3171 2653 3241 epistolis
2689 3188 2911 3244 quoque
2938 3175 3140 3245 scripta
3176 3175 3411 3247 legerat,
3440 3177 3582 3234 falsa
3611 3189 3667 3235 et

2090 3262 2243 3317 inani
2300 3264 2481 3333 specie
2521 3264 2776 3334 delusus,
2825 3268 3088 3338 epistolas
3142 3284 3365 3341 quoque
3397 3270 3666 3329 Irenaeum

2086 3353 2312 3418 vidisse,
2342 3362 2397 3408 et
2421 3353 2583 3409 etiam
2608 3358 2756 3426 quod
2782 3358 3025 3414 crassius
3053 3369 3140 3416 est
3162 3372 3216 3417 et
3238 3362 3665 3422 inexcusabilius

2087 3459 2429 3501 memorasse
2458 3445 2790 3517 imaginatus
2820 3459 2922 3505 est.
2954 3467 2973 3503 ι
3004 3448 3080 3506 De
3105 3450 3408 3525 Polycarpo
3436 3463 3615 3512 autem
3642 3473 3661 3513 :

2095 3551 2115 3586 ι
2151 3532 2358 3590 Similis
2384 3535 2621 3611 ejusest,
2675 3538 2839 3594 verba
2870 3538 3211 3609 Dallaeisunt,
3262 3545 3478 3600 tametsi
3505 3545 3665 3601 venia

2088 3625 2302 3697 dignior
2339 3627 2397 3682 in
2431 3626 2734 3699 Polycarpo
2786 3630 3115 3699 oscitantia,
3168 3648 3281 3689 non
3332 3633 3663 3694 attendentis

2085 3716 2197 3773 duo
2220 3717 2311 3773 illa
2350 3734 2474 3788 qua:
2503 3719 2756 3775 recitavit
2783 3720 2933 3787 loca,
2970 3732 3157 3793 aperte
3187 3725 3329 3781 inter
3355 3742 3416 3784 se
3444 3742 3662 3799 pugna—

2088 3822 2168 3864 re.
2199 3826 2219 3861 ι
2254 3809 2326 3864 At
2344 3825 2478 3866 sane
2504 3818 2656 3866 tanta
2677 3851 2693 3879 ,
2721 3819 2783 3867 ut
2809 3821 3097 3883 putamus,
3138 3816 3407 3873 evidentia
3434 3819 3663 3875 demon—

2086 3900 2384 3957 stravimus
2406 3901 2550 3972 apud
2583 3901 2847 3958 Irenzeum
2877 3904 3103 3959 verbum
3129 3906 3266 3960 dixit
3294 3907 3436 3964 idem
3464 3925 3663 3967 sonare

2085 4007 2153 4048 ac
2189 3994 2423 4063 scripsit,
2468 3993 2784 4065 nullamque
2815 3994 2873 4049 in
2920 3996 3103 4052 verbis
3153 3996 3349 4070 lgnatii
3390 4016 3513 4057 esse
3553 4018 3660 4072 pu-

2085 4100 2287 4156 gnam;
2329 4092 2391 4140 ut
2438 4084 2700 4141 Dallzcum
2746 4086 2976 4159 ejusque
3026 4088 3371 4146 defensorem
3420 4093 3660 4165 duplicis

2084 4173 2385 4232 Eusebium
2412 4191 2704 4257 accusasse
2747 4179 2953 4234 erroris
2994 4180 3178 4251 pigere
3223 4181 3417 4239 debeat
3454 4192 3510 4239 et
3552 4201 3659 4257 pn-

2084 4267 2233 4324 dere.
2262 4268 2564 4334 Addamus,
2593 4271 2639 4325 si
2662 4256 2831 4336 lubet,
2854 4272 2964 4325 duo
2992 4271 3083 4327 illa
3112 4273 3253 4342 loca,
3279 4289 3402 4344 quae
3425 4256 3659 4336 Dallaaus

2084 4356 2229 4414 inter
2271 4374 2331 4415 se
2378 4375 2624 4432 pugnare
2671 4360 2927 4428 allirmat,
2959 4362 3027 4416 ab
3065 4361 3303 4419 Eusebio
3351 4366 3516 4423 citata
3548 4385 3659 4425 non

2086 4447 2279 4505 fuisse.
2320 4448 2423 4505 Sed
2476 4451 2728 4521 quamvis
2777 4468 2948 4508 unum
2989 4454 3072 4508 vel
3121 4463 3418 4527 utrumque
3467 4460 3537 4515 ab
3591 4475 3659 4517 eo

2013 4561 2058 4617 υ
2089 4541 2476 4612 transcriptum
2508 4542 2709 4608 fuerit,
2739 4544 3019 4613 probabile
3062 4553 3243 4601 tamen
3295 4562 3404 4602 non
3457 4558 3543 4605 est
3576 4551 3660 4605 vi-

2087 4648 2209 4688 rum
2233 4633 2790 4703 perspicacissimum,
2825 4634 2919 4705 qui
2951 4643 3100 4690 tanta
3136 4636 3419 4709 diligentia
3448 4641 3656 4711 episto-

2080 4724 2164 4781 las
2216 4725 2411 4798 lgnatii
2459 4729 2899 4795 examinaverat,
2948 4729 3092 4785 hanc
3131 4730 3178 4785 si
3227 4746 3350 4800 quae
3399 4744 3545 4790 esset
3599 4738 3657 4794 in

2081 4815 2326 4886 ejusdem
2371 4815 2565 4888 lgnatii
2603 4816 2802 4885 verbis,
2834 4832 2863 4872 a
2898 4832 2976 4883 se,
3024 4818 3103 4872 uti
3135 4818 3355 4888 dicitur,
3391 4826 3657 4882 transcri-

2082 4910 2230 4980 ptis,
2274 4919 2519 4979 apertam
2565 4926 2675 4966 non
2704 4910 3155 4966 animadvertisse
3207 4917 3652 4985 repugnantiam.

2081 4997 2197 5055 lmo
2227 4999 2486 5055 omnibus
2509 5007 2718 5055 certum
2748 5000 2920 5055 videri
2947 5001 3107 5058 debet
3136 5002 3225 5058 illa
3256 5003 3449 5075 lgnatii
3485 5010 3651 5065 verba

2083 5107 2271 5148 secum
2325 5093 2531 5163 Optime
2577 5093 2884 5161 cohaerere,
2927 5110 3050 5165 quae
3089 5093 3360 5153 Eusebius
3400 5098 3541 5156 inter
3592 5118 3654 5159 se

2078 5197 2321 5254 pugnare
2355 5198 2465 5239 non
2498 5185 2791 5255 perspexit.

2149 5276 2379 5332 Constat
2437 5286 2701 5347 praeterea
2737 5276 3032 5333 Eusebium
3089 5292 3156 5334 ex
3210 5280 3429 5351 aliquo,
3486 5299 3650 5354 quem

2073 5379 2243 5435 penes
2291 5380 2351 5421 se
2393 5365 2689 5433 habuerat,
2727 5381 2893 5421 manu
2931 5377 3155 5423 exarato
3188 5370 3377 5426 codice
3414 5374 3648 5443 prolixa,

2074 5472 2197 5528 qute
2225 5472 2293 5511 ex
2324 5456 2572 5527 epistolis
2596 5457 2890 5529 lgnatianis
2912 5459 3202 5529 exscripsit
3228 5461 3380 5529 loca,
3402 5463 3459 5517 in
3489 5480 3648 5521 suam

2074 5566 2239 5621 quam
2267 5565 2411 5606 anno
2440 5549 2579 5617 526,
2621 5561 2714 5607 aut
2740 5551 2894 5623 juxta
2927 5550 3182 5607 Dallarum
3201 5552 3328 5620 550,
3358 5556 3527 5611 edidit
3564 5559 3649 5612 lii-

2080 5643 2308 5699 storiam
2353 5643 2713 5715 trapstulisse.
2767 5642 2931 5714 Atqui
2977 5658 3042 5699 ex
3089 5643 3281 5699 eodem
3317 5644 3518 5703 Dallaeo
3567 5649 3651 5704 hae

467 5766 516 5799 η
545 5762 742 5818 ιιοιηιι.
774 5764 828 5816 in
857 5761 1014 5816 Cant.
1068 5759 1115 5791 ιι
1146 5759 1424 5834 Admonit.
1449 5760 1503 5816 in
1531 5758 1625 5820 lib.
1660 5760 1893 5817 Ambros
1950 5750 1989 5816 ιι

2086 5761 2226 5818 lsaac
2256 5771 2305 5818 et
2329 5762 2499 5829 anim,
2553 5776 2599 5809 νυ
2651 5777 2771 5829 cap,
2807 5764 2896 5834 διε,
2930 5778 2981 5833 p.
3020 5758 3146 5817 ιη.
3220 5763 3267 5795 ’⁸
3300 5762 3394 5819 lib.
3428 5780 3487 5820 ιιι
3546 5765 3647 5821 1ιί-

395 5848 555 5905 stor.,
582 5850 701 5908 cap.
728 5833 815 5889 56.
892 5834 935 5865 "
972 5847 1093 5904 pag.
1141 5830 1264 5887 445.
