4138 6394
507 394 611 449 695

1568 383 1626 436 S.
1666 380 2015 437 lGNATlUS.
2063 412 2127 417 -ν
2169 374 2703 432 PROLEGOMENA.

3655 366 3759 423 ιεσ

510 513 706 585 lgnatii
744 511 986 584 epistola:
1036 510 1184 566 circa
1228 507 1392 562 tinem
1426 505 1610 562 saeculi
1645 504 1823 571 tertii,
1858 503 1945 556 vel
1975 502 2081 555 ini-
2107 509 2155 565 Α
2186 498 2563 554 testimonium
2617 494 2843 565 lgnatii,
2880 492 2949 548 ab
3004 489 3310 545 Athanasio
3344 485 3757 556 transcriptum,

510 608 647 661 tium
681 605 895 675 quarti,
930 603 985 656 id
1017 610 1100 655 est
1152 600 1298 654 circa
1344 614 1546 653 annum
1591 594 1718 660 500,
1748 594 2000 649 exierunt
2028 594 2084 647 in

511 701 707 754 lucem.
738 696 923 751 Codex
974 695 1139 764 igitur
1179 693 1269 747 ille
1294 734 1308 758 ,
1338 706 1448 761 quo
1481 706 1614 744 usus
1666 696 1751 742 est
1792 686 2083 750 Eusebius,

508 793 596 845 vix
634 797 758 843 ante
814 787 1038 858 triginta
1092 800 1266 838 annos
1317 784 1475 852 juxta
1524 780 1707 834 Dallazi
1772 777 2085 847 opinionem

509 890 767 934 exaratos
817 877 1013 932 fuerat.
1041 875 1325 942 Quomodo
1374 888 1504 945 ergo
1542 872 1623 926 vir
1676 870 1765 924 ille
1795 867 2089 938 sagacissi-

513 988 669 1036 mus,
700 970 792 1039 qui
844 977 926 1023 tot
956 967 1367 1036 manuscriptos
1409 964 1631 1019 codices
1660 963 1970 1027 evolverat,
2006 968 2088 1014 tot

511 1064 840 1117 lustraverat
894 1060 1293 1123 bibliothecas,
1352 1056 1511 1111 ﬁdem
1562 1052 1923 1122 manuscripti
1974 1060 2085 1106 tam

512 1156 749 1212 recentis
803 1161 1112 1223 suspectam
1162 1166 1272 1205 non
1328 1148 1561 1203 habuit?
1593 1147 1703 1201 Cur
1746 1146 1882 1200 alios
1928 1153 2085 1199 vetu-

511 1250 706 1306 stiores
756 1262 886 1303 cura
923 1247 1084 1301 solita
1116 1261 1224 1299 non
1271 1241 1559 1314 qutesivit?
1588 1243 1699 1297 Cur
1742 1239 1977 1309 denique
2021 1252 2086 1291 ea

512 1341 697 1394 omnia
733 1339 1039 1393 recentiora
1094 1336 1386 1407 dogmata,
1424 1350 1547 1405 qua:
1599 1333 1833 1387 Dallzeus
1894 1333 1949 1385 in
2000 1329 2085 1384 his

511 1431 756 1502 epistolis
810 1429 1206 1499 deprehendit,
1265 1427 1503 1482 haereses
1561 1426 1823 1480 nimirum
1876 1424 2085 1495 lgnatio

516 1522 889 1593 posteriores,
937 1519 1153 1590 aliaque
1208 1518 1531 1589 quamplura
1587 1526 1712 1587 post
1751 1532 1873 1571 eum
1924 1531 2080 1581 nata,

514 1615 719 1667 nullam
754 1612 854 1683 ipsi
888 1628 956 1667 ne
989 1612 1071 1665 vel
1105 1611 1387 1665 minimam
1417 1610 1638 1680 quidem
1670 1610 1737 1664 de
1769 1610 2083 1666 earumdem

516 1705 871 1777 epistolarum
909 1704 1289 1773 suppositione
1320 1702 1630 1771 injecerunt
1674 1702 2085 1771 suspicionem?

518 1797 708 1851 Nullus
744 1804 890 1851 certe
920 1796 1169 1869 sincerus
1207 1794 1452 1849 veritatis
1497 1802 1731 1859 amator,
1764 1796 1876 1848 haec
1898 1794 2083 1849 omnia

512 1887 796 1944 credibilia
826 1901 949 1942 esse
986 1886 1088 1942 sibi
1130 1902 1371 1955 unquam
1414 1886 1802 1955 persuadebit:
1844 1887 1936 1941 sed
1967 1887 2088 1941 nul-

513 1977 627 2034 lum
653 1978 721 2032 ab
747 1976 986 2032 Eusebio
1019 1987 1331 2047 perceptum
1355 1977 1423 2031 de
1459 1976 1663 2031 Irenaeo
1692 1985 1747 2031 et
1782 1976 2088 2049 Polycarpo

513 2085 758 2127 errorem
794 2076 1087 2139 agnoscet,
1118 2068 1328 2137 hasque
1372 2068 1632 2137 epistolas
1680 2083 1870 2123 verum
1901 2084 1966 2124 ac
1992 2086 2087 2142 ge-

513 2162 747 2216 nuinum
771 2158 964 2230 Ignatii
999 2174 1135 2228 opus
1164 2174 1287 2213 esse
1318 2158 1461 2213 ultro
1492 2159 1768 2214 fatebitur.

511 2274 633 2345 §ll.
678 2273 978 2330 Secundum
1020 2282 1388 2343 argumentum
1428 2291 1493 2331 ea:
1522 2276 1806 2330 Athanasii
1854 2276 2088 2331 Alexan-

900 2344 1042 2397 drini
1071 2346 1369 2398 testimonio
1397 2345 1699 2401 deductum.

583 2435 722 2491 Cum
754 2433 1012 2490 Dallaeani
1053 2441 1206 2489 tanta
1251 2436 1555 2505 pertinacia
1604 2437 1936 2491 contendant
1976 2435 2090 2492 Eu-

515 2527 728 2583 sebium
760 2542 882 2582 esse
907 2526 1114 2582 fontem
1152 2546 1171 2579 ‹
1205 2528 1388 2583 omnis
1419 2529 1486 2584 de
1532 2528 1831 2599 Ignatianis
1865 2529 2089 2597 erroris,

514 2621 606 2690 qui
629 2636 767 2691 pene
791 2635 981 2675 omnes
1008 2619 1308 2676 Christiani
1340 2623 1582 2678 nominis
1615 2624 1860 2679 eruditos
1895 2640 2092 2693 perva-

514 2714 622 2778 sit;
655 2731 673 2763 »
708 2713 843 2767 nihil
875 2722 1022 2769 certe
1052 2714 1255 2769 mirum
1291 2715 1339 2770 si
1384 2729 1577 2771 omnes
1613 2714 1725 2770 fere
1750 2728 1873 2786 post
1916 2716 2093 2773 Euse-

516 2802 667 2857 bium
705 2804 1032 2873 scriptores,
1060 2821 1128 2860 ex
1171 2806 1307 2872 hoc,
1333 2821 1496 2876 quem
1536 2816 1853 2877 corruptum
1882 2809 2092 2877 dicunt,

514 2892 671 2950 fonte
704 2910 860 2949 suam
884 2896 951 2951 de
979 2895 1175 2967 lgnatii
1200 2898 1447 2967 epistolis
1491 2899 1815 2953 sententiam
1846 2901 2096 2956 hausisse

510 3002 806 3058 .perperam
853 2999 1188 3045 asseverent.
1236 2989 1347 3046 llos
1373 2991 1539 3062 igitur
1576 2992 1850 3062 opinionis
1892 3003 2096 3049 nostrae

515 3076 1004 3146 praestantissimos
1038 3087 1359 3148 assertores,
1411 3090 1576 3151 atque
1618 3085 1799 3138 omnis
1837 3084 2012 3140 aetatis
2042 3092 2095 3140 et

517 3166 842 3223 eruditionis
872 3168 1019 3224 viros
1062 3169 1313 3224 deserere
1353 3171 1568 3236 coacti,
1609 3172 1697 3225 vix
1731 3171 1965 3226 duorum
1998 3179 2095 3226 aut
2120 3185 2168 3248 ο

518 3259 683 3313 trium
708 3259 979 3328 quaedam,
1028 3260 1108 3314 uti
1142 3260 1316 3327 aiunt,
1337 3270 1519 3315 errata
1563 3263 1843 3330 minuere,
1873 3264 1960 3319 vel
1995 3280 2094 3319 au-

518 3351 831 3405 ctoritatem
863 3350 1077 3405 elevare
1113 3361 1403 3407 conantur.
1437 3350 1655 3409 Primus
1700 3354 1840 3409 inter
1871 3369 1967 3411 eos
1999 3356 2095 3411 do-

518 3439 696 3493 ctrina
746 3448 802 3494 et
852 3439 1047 3495 merito
1094 3442 1297 3496 eminet
1346 3441 1717 3510 Athanasius,
1753 3444 2097 3501 Alexandriae

519 3528 833 3599 episcopus,
868 3530 963 3599 qui
994 3529 1283 3599 epistolam
1320 3529 1514 3601 lgnatii
1547 3532 1616 3587 ad
1649 3531 1917 3604 Ephesios
1945 3535 2095 3591 hunc

517 3620 703 3675 laudat
734 3621 787 3674 in
820 3620 1046 3676 modum
1069 3622 1155 3677 "z
1200 3640 1218 3673 ι
1252 3621 1496 3694 Ignatius
1526 3632 1653 3694 post
1684 3626 1962 3694 apostolos
1992 3627 2098 3682 An-

521 3712 739 3767 tiochim
760 3712 985 3782 praesul,
1010 3721 1065 3768 et
1092 3722 1300 3785 martyr
1349 3714 1577 3782 Christi,
1616 3716 1672 3770 in
1698 3717 1944 3787 epistolis
1981 3718 2098 3774 suis

519 3804 587 3857 de
618 3802 850 3858 Domino
879 3803 955 3857 ita
980 3804 1200 3861 locutus
1229 3813 1347 3861 est:
1381 3803 1534 3861 Unus
1566 3816 1648 3861 est
1688 3808 1934 3864 medicus
1977 3825 2099 3865 car-

520 3895 663 3950 nalis
692 3904 747 3950 et
784 3894 1049 3965 spiritalis
1070 3937 1084 3962 ,
1117 3897 1335 3967 genitus
1378 3907 1432 3951 et
1463 3898 1765 3969 ingenitus,
1796 3902 1849 3955 in
1877 3901 2100 3957 homine

520 3986 686 4053 Deus,
710 3987 767 4040 in
794 3995 970 4041 morte
996 3988 1106 4043 vita
1129 4004 1278 4055 vera,
1306 4004 1373 4043 ex
1400 3988 1567 4044 Maria
1594 4000 1647 4047 et
1667 3990 1797 4047 Deo.
1821 4012 1839 4044 i
1866 3991 2099 4049 Dallaeus

526 4078 619 4133 ubi
652 4079 757 4134 hoc
807 4078 1094 4135 Athanasii
1144 4080 1522 4135 testimonium
1571 4083 1856 4153 expendit,
1899 4083 2100 4139 fatetur

524 4172 680 4226 illum
708 4171 763 4225 in
797 4185 863 4225 eo
916 4186 1025 4225 non
1050 4187 1337 4240 peccasse,
1371 4173 1517 4241 quod
1563 4174 1842 4243 egregium
1893 4175 2097 4243 locum,

526 4275 707 4317 causm
734 4276 848 4318 sua:
885 4262 1259 4327 utilissimum,
1316 4278 1481 4333 quem
1509 4279 1576 4318 ex
1624 4263 1819 4334 lgnatii
1854 4265 2099 4335 epistolis

528 4360 724 4406 nactus
749 4350 908 4420 ferat,
937 4351 1060 4422 ejus
1100 4355 1324 4408 nomine
1352 4355 1674 4408 laudaverit.
1707 4353 1931 4426 Magnas
1955 4360 2101 4412 certe

525 4444 863 4500 Athanasius
913 4442 1115 4498 Dallaeo
1145 4485 1160 4509 ,
1214 4444 1361 4515 quod
1405 4460 1531 4499 eum
1589 4460 1619 4499 a
1648 4454 1910 4515 peccato,
1953 4448 2098 4517 quod

2192 592 2244 645 in
2284 590 2377 644 illa
2412 588 2636 643 Eusebii
2666 586 2899 641 Historia
2945 599 3052 639 non
3090 582 3377 652 reperitur.
3427 578 3760 632 Athanasius

2188 682 2353 751 igitur
2380 681 2512 734 illud
2544 694 2611 733 ex
2641 678 2748 732 alio
2785 676 3072 745 scriptore,
3102 675 3187 727 vel
3225 689 3291 727 ex
3324 672 3511 739 aliquo
3558 669 3764 737 episto—

2187 773 2363 826 larum
2396 770 2590 840 lgnatii
2629 768 3009 835 manuscripto
3033 765 3221 819 codice
3252 768 3534 815 mutuatus
3557 768 3658 813 est.
3696 758 3763 812 At

2186 878 2251 917 ex
2275 862 2472 932 quovis
2502 858 2857 914 doctissimus
2886 856 2975 910 ille
3001 854 3197 924 prtesul
3228 851 3361 906 illud
3385 849 3577 919 lgnatii
3607 849 3763 903 testi-

2187 955 2433 1009 monium
2478 952 2783 1021 acceperit,
2819 949 2937 1019 ipse
2978 946 3299 1001 utrumlibet
3328 952 3490 998 tantae
3522 942 3765 1011 antiqui-

2185 1047 2315 1101 tatis
2338 1054 2393 1099 et
2420 1043 2765 1099 auctoritatis
2792 1040 3161 1104 existimavit,
3193 1047 3254 1092 ut
3278 1036 3405 1091 inde
3436 1034 3761 1091 catholicam

2187 1138 2351 1192 ﬁdem
2379 1137 2643 1191 adversus
2682 1134 3012 1187 Arianorum
3055 1130 3299 1200 argutias
3328 1136 3383 1184 et
3433 1126 3761 1181 subtilitates

2186 1241 2306 1288 tuto
2347 1229 2553 1285 muniri
2584 1236 2638 1283 et
2682 1225 2899 1283 defendi
2928 1239 3090 1295 posse
3131 1236 3455 1293 persuasum
3487 1218 3759 1273 habuerit.

2186 1326 2383 1394 Liquet
2409 1322 2573 1391 igitur
2598 1329 2652 1375 et
2680 1327 2902 1375 constat
2922 1316 3281 1371 Athanasium
3307 1329 3418 1368 non
3448 1329 3516 1367 ex
3542 1311 3762 1367 Eusebii

2182 1414 2441 1479 llistoria,
2476 1412 2571 1467 sed
2611 1426 2679 1465 ex
2714 1410 2897 1479 aliquo
2926 1405 3247 1463 venerandae
3278 1403 3620 1473 antiquitatis
3643 1418 3765 1457 mo-

2186 1508 2456 1572 nimento,
2482 1504 2838 1575 epistolarum
2886 1500 3125 1564 illarum,
3154 1511 3292 1567 quas
3319 1495 3525 1566 lgnatio
3552 1494 3761 1559 tribuit,

2186 1603 2386 1656 eitasse
2410 1596 2810 1653 teatimonium.
2838 1592 3082 1661 Denique
3109 1588 3402 1644 Eusebium
3432 1588 3485 1641 in
3527 1587 3762 1641 citandis

2187 1693 2381 1765 lgnatii
2428 1692 2677 1763 epistolis
2735 1688 2888 1744 nullo
2918 1686 3080 1741 modo
3131 1698 3348 1737 errasse
3394 1681 3757 1737 ostendimus.

2186 1788 2415 1842 Frustra
2468 1784 2632 1855 igitur
2683 1780 3017 1836 Athanasius
3058 1776 3128 1833 ab
3181 1776 3275 1831 illo
3326 1774 3553 1829 delusus
3590 1771 3762 1828 fuisse

2118 1850 2163 1906 Β
2188 1881 2408 1937 dicitur.

2190 2015 2221 2089 ᾗ
2250 2014 2338 2069 Ill.
2383 2011 2619 2067 Tertium
2647 2014 3011 2089 argumentum
3042 2021 3107 2089 ea:
3126 2001 3372 2089 .doannis
3400 1997 3763 2068 Chrysostomi

2679 2077 2995 2133 auctoritate
3017 2077 3271 2129 elicitum.

2258 2196 2618 2253 Athanasium
2655 2191 2903 2263 proxime
2935 2196 3158 2244 secutus
3195 2192 3280 2239 est
3314 2180 3762 2251 Chrysostomus,

2193 2293 2287 2362 qui
2313 2292 2366 2344 in
2399 2290 2848 2356 oratione,quam
2879 2279 3186 2336 Antiochiae
3202 2276 3270 2331 de
3292 2271 3480 2344 lgnatii
3505 2269 3767 2339 martyrio

2190 2360 2405 2450 habuit,
2438 2382 2519 2437 sic
2550 2379 2792 2450 loquitur
2811 2378 2857 2409 "
2885 2393 2900 2429 :
2932 2393 2950 2425 ι
2976 2371 3131 2427 Unde
3158 2371 3264 2424 hoc
3292 2362 3351 2421 ﬁt
3372 2362 3720 2434 perspicuum
3743 2360 3768 2411 ἲ

2192 2478 2275 2532 Ex
2306 2477 2490 2531 verbis
2517 2489 2637 2545 qua?
2660 2470 2964 2558 moriturus
2992 2465 3340 2535 loquebatur.
3366 2460 3505 2515 Cum
3536 2458 3683 2513 enim
3712 2456 3767 2511 id

2194 2585 2366 2639 genus
2394 2550 2679 2637 supplicii.
2704 2562 2809 2619 sibi
2844 2558 3191 2615 subeundum
3218 2569 3340 2610 esse
3368 2550 3765 2606 intellexisset:

2195 2659 2329 2726 Ego,
2383 2658 2581 2727 inquit,
2618 2656 2757 2724 feras
2805 2652 2932 2705 illas
2962 2645 3543 2719 adjuvaremuGrtece
3596 2656 3763 2696 vero:

2208 2748 2346 2819 Ἐγὼ
2362 2750 2471 2802 τῶν
2493 2748 2717 2801 ἐκείνων
2738 2743 2988 2813 ὀναίμην,
3011 2740 3181 2807 ἔλεγε.
3201 2737 3331 2803 Quae
3342 2734 3561 2805 quidem
3579 2731 3768 2787 Graeca

2194 2843 2359 2897 verba
2377 2857 2442 2896 ex
2460 2839 2649 2911 lgnatii
2682 2835 2909 2907 epistola
2928 2833 2994 2887 ad
3018 2830 3296 2885 Romanos
3333 2826 3619 2891 desumpta
3647 2836 3771 2877 esse

2195 2948 2357 2989 nemo
2414 2948 2525 2987 non
2568 2929 2733 2984 videt.
2772 2926 3022 2980 Attamen
3064 2921 3297 2975 Dallieus
3331 2914 3613 2972 contendit
3653 2912 3766 2943 ¹⁰⁰οί

2193 3027 2646 3099 Chrysostomum
2700 3038 2718 3072 ι
2773 3017 2912 3073 nihil
2970 3014 3167 3086 lgnatii
3227 3009 3507 3083 preprium
3574 3013 3769 3076 praeter

2195 3096 2514 3193 passionem
2565 3115 2785 3177 dicere,
2833 3125 2899 3165 ex
2929 3124 3039 3180 qua
3073 3107 3165 3160 illa
3214 3104 3335 3174 ejus
3387 3100 3553 3155 verba
3602 3096 3772 3151 refert

2199 3192 2365 3287 atque
2395 3211 2728 3283 ampliﬁcat:
2768 3227 2786 3260 ι
2820 3206 2874 3260 id
2905 3212 3009 3270 est,
3034 3202 3189 3272 juxta
3224 3197 3408 3252 Dallaei
3432 3192 3769 3264 opinionem,

2197 3282 2650 3381 Ch-rysostonium
2682 3301 2800 3355 hac
2828 3298 2994 3352 verba
3026 3310 3135 3348 non
3168 3307 3234 3347 ex
3278 3287 3521 3359 epistolis
3554 3282 3768 3354 Ignatii,

2199 3402 2295 3460 sed
2314 3373 2383 3455 ex
2409 3394 2658 3466 martyrii
2692 3391 2867 3461 ipsius
2892 3387 3044 3442 Actis
3067 3390 3288 3453 accepta
3318 3378 3541 3435 referre.
3569 3373 3771 3429 Verum

2199 3492 2254 3547 id
2278 3488 2504 3544 omnino
2556 3483 2759 3538 falsum
2794 3494 2915 3534 esse
2948 3477 3073 3531 inde
3099 3474 3211 3544 jam
3251 3466 3770 3527 demonstravimus,

2199 3585 2347 3655 quod
2390 3580 2557 3635 verba
2610 3578 2700 3631 illa
2735 3588 2847 3628 non
2890 3572 2944 3625 in
2976 3567 3122 3623 veris
3151 3574 3206 3620 et
3253 3561 3485 3619 sinceris
3524 3554 3773 3627 martyrii

2200 3651 2468 3748 lgnatiaui
2499 3671 2669 3734 Actis,
2709 3668 2802 3724 sed
2832 3660 3213 3720 tantummodo
3247 3656 3301 3709 in
3346 3651 3688 3721 interpolatis
3718 3656 3774 3703 et

2200 3745 2497 3837 corruptis,
2520 3772 2573 3819 et
2596 3762 2992 3833 Chrysostomo
3019 3752 3241 3825 penitus
3265 3745 3586 3816 incognitis,
3616 3755 3772 3812 repe-

2201 3864 2437 3917 riantur.

2273 3976 2447 4032 Instat
2474 3982 2655 4028 tamen
2688 3963 2962 4021 Dallaeus'
2990 3978 3004 4015 :
3038 3978 3057 4011 ι
3089 3957 3202 4013 Cur
3226 3969 3337 4010 non
3370 3952 3584 4021 aliquas
3611 3962 3675 4003 ex
3705 3944 3774 3999 iis

2201 4070 2448 4143 epistolis
2477 4110 2493 4134 ,
2528 4064 2768 4121 maxime
2812 4054 3113 4113 laudabiles
3164 4047 3461 4107 sententias
3482 4085 3498 4110 ,
3531 4055 3685 4112 aeque
3709 4052 3775 4093 ac

2202 4135 2353 4221 illam
2378 4159 2638 4231 martyris
2673 4170 2769 4210 ore
2795 4151 3063 4223 prolatam
3093 4145 3309 4207 recitat,
3339 4135 3685 4195 suavissimis
3710 4145 3776 4185 ac

2200 4252 2588 4331 pulcherrimis
2610 4249 2808 4303 divina:
2841 4258 2955 4299 sua:
2983 4236 3312 4309 eloquentiae
3350 4231 3576 4286 ﬁoribus
3604 4240 3772 4281 orna-

2202 4322 2340 4407 tas?i
2378 4345 2485 4402 Sed
2510 4346 2625 4398 hzec
2658 4358 2686 4395 a
2713 4338 2935 4402 Dallzeo,
2960 4340 3123 4387 tanta:
3148 4324 3474 4383 eruditionis
3497 4322 3636 4385 viro,
3661 4327 3777 4373 tam

2202 4441 2399 4512 frigide
2436 4431 2745 4506 objicienda
2808 4443 2917 4482 non
2961 4430 3119 4479 erant
3146 4461 3162 4487 ,
3190 4419 3390 4512 quippe
3437 4414 3531 4485 qui
3564 4410 3778 4512 nescire

531 4537 741 4591 nullum
773 4552 895 4593 esse
942 4544 1179 4607 poterat,
1208 4500 1521 4592 urbanitate
1553 4500 1667 4591 tan;
1709 4500 1987 4608 singulari
2004 4500 2102 4595 ex:
2130 4534 2175 4589 D
2206 4500 2313 4586 non
2346 4500 2558 4599 poterat
2588 4521 2731 4594 apud
2770 4519 3025 4587 antiquos
3053 4512 3265 4576 Patres,
3290 4507 3386 4578 qui
3419 4500 3778 4576 panegyricas

531 4637 705 4693 cuset,
733 4627 963 4684 haberet
993 4628 1221 4699 gratias,
1255 4629 1299 4683 si
1328 4629 1509 4697 ipsum
1534 4628 1795 4683 continuo
1818 4640 2104 4701 propterea

530 4734 638 4773 non
666 4728 971 4786 accusaret,
1014 4720 1160 4789 quod
1197 4719 1521 4787 gravissima
1552 4719 1917 4789 disputatione
1943 4737 2107 4777 occu-

530 4820 728 4881 patus,
777 4819 1049 4866 ostentata
1082 4810 1187 4865 sibi
1217 4810 1287 4864 ab
1331 4809 1569 4864 Eusebio
1599 4808 1736 4864 falsa
1763 4808 1956 4879 lgnatii
2007 4829 2108 4867 au-

530 4901 783 4956 ctoritate
838 4901 1063 4956 delusus
1117 4901 1207 4955 sit.
1245 4897 1450 4954 Verum
1493 4913 1603 4969 quo
1659 4899 1749 4954 ille
1784 4911 2105 4972 argumento

531 4994 933 5049 demonstrabit
969 4993 1332 5048 Athanasium
1362 4993 1431 5047 ab
1476 4992 1713 5050 Eusebio
1743 4992 1913 5049 fuisse
1950 4995 2103 5049 delu«

533 5086 697 5140 sum?
725 5084 1024 5155 Postquam
1068 5085 1352 5140 enimvero
1381 5083 1607 5139 historia
1638 5083 1857 5139 Eusebii
1887 5084 2104 5154 vulgata

530 5176 833 5243 est,statim
856 5176 1215 5242 Athanasius,
1250 5175 1438 5230 relicta
1460 5175 1812 5241 Alexandria,
1846 5174 2003 5246 longe
2036 5175 2105 5229 ab

535 5266 773 5322 Eusebio
806 5266 919 5322 fere
959 5283 1175 5337 semper
1197 5267 1375 5323 abfuit
1396 5310 1409 5335 ,
1448 5278 1612 5338 atque
1633 5266 1927 5323 Historiam
1957 5266 2107 5335 ejus-

535 5361 662 5415 dem
683 5360 903 5415 Eusebii
928 5362 981 5415 in
1011 5377 1208 5415 manus
1245 5363 1365 5432 ejus
1409 5376 1691 5431 nunquam
1728 5360 1944 5415 venisse
1974 5373 2105 5413 vero

535 5464 619 5506 est
670 5453 1030 5507 simillimum.
1062 5453 1315 5508 Attamen
1359 5463 1478 5508 esto
1527 5453 1618 5505 illa
1644 5452 1698 5504 in
1746 5467 1939 5506 manus
1985 5450 2104 5519 ejus

536 5546 769 5600 venerit.
821 5544 966 5600 Nihil
1015 5562 1147 5602 sane
1198 5546 1325 5602 inde
1367 5545 1619 5601 conﬁciet
1673 5543 1927 5598 Dallreus.
1966 5540 2104 5597 Nam

607 5702 651 5734 ⁸⁸
685 5702 761 5756 De
791 5701 974 5772 synod.
1006 5701 1176 5755 Arim.
1210 5711 1259 5754 et
1295 5699 1523 5767 Seleuc.,
1564 5714 1615 5769 p.
1657 5698 1782 5764 ΜΞ,
1818 5698 1949 5754 edit.
1977 5697 2160 5754 zParis.

569 5768 664 5837 εδ,
692 5788 749 5841 ι).
782 5768 903 5828 ilio.
998 5774 1018 5803 ι
1052 5772 1183 5826 Ibid.

2208 4627 2275 4681 de
2309 4621 2660 4693 martyribus,
2687 4616 2920 4684 aliisque
2945 4611 3080 4665 viris
3108 4601 3472 4664 sanctissimis
3498 4596 3778 4653 orationes

2209 4718 2540 4778 habuerunt,
2575 4712 2630 4764 in
2667 4721 2821 4763 more
2848 4720 2959 4760 non
2988 4701 3162 4757 fuisse
3201 4712 3268 4752 ex
3300 4705 3495 4749 eorum
3531 4684 3779 4758 epistolis

2209 4813 2295 4867 vel
2330 4809 2549 4879 scriptis
2592 4807 2824 4861 recitare
2861 4822 2879 4853 ι
2914 4799 3219 4856 laudabiles
3263 4790 3565 4850 sententias
3592 4827 3608 4851 ,
3645 4800 3779 4841 sua-

2212 4876 2457 4952 vissimis
2505 4910 2569 4949 ac
2614 4890 3000 4963 pulcherrimis
3046 4886 3245 4941 divina:
3290 4896 3403 4937 suae
3456 4876 3783 4947 eloquentize

2208 4988 2438 5044 ﬂoribus
2484 4993 2761 5040 ornatas.»
2797 4981 3035 5052 Legatur
3060 4976 3387 5049 panegyrica
3408 4968 3699 5041 Augustini
3726 4968 3783 5021 iu

2210 5080 2544 5151 Cyprianum
2572 5077 2780 5142 oratio,
2821 5076 3071 5145 legantur
3100 5071 3221 5125 alia:
3250 5068 3319 5122 ab
3361 5065 3484 5120 aliis
3526 5060 3782 5115 Patribus

2210 5176 2481 5239 perorataz
2504 5208 2519 5233 ,
2547 5183 2612 5221 ac
2662 5167 2717 5219 in
2753 5166 2833 5220 eis
2880 5162 3181 5218 laudabiles
3214 5172 3403 5214 eorum
3459 5161 3782 5214 sententias,

2212 5278 2348 5333 quas
2383 5263 2439 5316 in
2472 5259 2869 5332 Chrysostomo
2922 5256 2991 5310 de
3049 5253 3259 5322 lgnatio
3310 5258 3502 5305 nostro
3549 5245 3779 5300 Dallaaus

2212 5358 2522 5421 desiderat,
2563 5354 2824 5409 recitatas
2872 5351 3057 5406 nullus
3092 5347 3347 5417 reperiet.
3375 5341 3578 5397 Deinde
3609 5339 3781 5407 Chry-
3814 5348 3819 5383 ε

2212 5465 2488 5506 sosmmus
2518 5450 2659 5503 hanc
2702 5448 2877 5501 solam
2907 5460 2975 5499 ex
3021 5441 3210 5513 Ignatii
3256 5437 3501 5508 epistolis
3532 5432 3773 5503 pulchera

2211 5543 2407 5596 rimam
2457 5541 2779 5596 sententiam
2808 5535 3176 5593 deﬁerandam
3226 5546 3348 5587 esse
3375 5538 3625 5591 censuit,
3674 5537 3788 5576 non

2269 5700 2314 5731 ”
2345 5697 2534 5753 homil.
2580 5695 2668 5755 42,
2717 5706 2755 5750 t.
2794 5696 2835 5763 l,
2880 5691 3224 5757 cdit.Paris.,
3250 5688 3450 5760 p.506.
3532 5691 3790 5755 ‘°°,'cao.
