4138 6398
379 411 481 467 497

1330 404 1391 458 D.
1436 397 1727 459 NOURRII
1766 393 2248 453 DlSSERTATlO.
2286 429 2355 439 —-
2392 396 2595 452 PARS.
2636 396 2681 451 l.

3531 401 3637 458 498

344 534 504 590 .ideo
543 540 754 589 tantum
800 533 926 604 quia
971 546 1246 588 summum
1300 529 1420 599 ejus
1466 543 1564 598 pro
1612 526 1831 582 Christo
1858 542 1957 596 pa-
1987 520 2035 578 Δ
2061 522 2181 590 Quo
2213 525 2358 579 enim
2398 533 2556 594 pacto
2595 524 2768 580 sancti
2817 522 2963 577 illius
3007 521 3249 578 doctoris
3294 523 3350 577 in
3398 532 3637 579 mentem

380 626 550 683 tiendi
596 626 851 682 ardorem
903 625 1247 695 apertissime
1297 623 1656 688 ostendebat,
1691 622 1783 677 sed
1828 622 1958 690 quia

381 736 502 775 eam
550 735 770 791 quoque
812 718 877 775 ad
909 718 1261 775 celebrandas
1302 717 1436 772 tanti
1469 716 1727 787 martyris
1768 714 1959 769 laudes

382 813 558 883 magis
601 813 910 868 conducere
939 812 1239 866 arbitratus
1278 820 1381 864 est.
1421 807 1665 878 Denique
1694 807 1779 862 vel
1817 807 1955 871 sola,

379 921 544 975 quam
577 920 744 974 supra
776 905 1149 971 exhibuimus,
1190 901 1549 973 epistolarum
1580 900 1776 973 lgnatii
1820 917 1956 955 aua-

378 998 481 1069 lysi
507 1013 616 1051 non
643 997 877 1052 obscure
908 997 1185 1067 colligitur
1198 995 1653 1066 Chrysostomum
1675 1008 1740 1049 ex
1763 992 1954 1049 iisdem

379 1104 441 1143 ea
476 1086 886 1156 desumpsisse,
916 1103 1039 1157 quae
1066 1086 1269 1141 ibidem
1299 1085 1464 1151 dicit,
1490 1085 1654 1139 urbes
1702 1082 1771 1138 ad
1816 1097 1957 1154 quas

376 1179 621 1251 lgnatius
656 1194 758 1234 suo
781 1179 835 1234 in
858 1179 1054 1233 itinere
1085 1180 1392 1234 diversatus
1417 1184 1522 1243 est,
1548 1177 1699 1231 illum
1729 1196 1741 1230 :
1774 1193 1794 1227 ι
1817 1174 1955 1231 Cmn

377 1286 578 1342 magno
621 1280 933 1327 commeatu
971 1271 1276 1339 dimisisse,
1330 1270 1585 1340 precibus
1630 1277 1685 1324 et
1728 1268 1956 1339 legatio-

377 1362 541 1418 nibus
564 1363 745 1433 ipsum
778 1362 1118 1432 adjuvantes.
1155 1381 1173 1414 ι

448 1452 796 1525 Subjungere
848 1456 933 1509 his
971 1470 1266 1525 possumus
1316 1455 1568 1510 eumdem
1622 1454 1954 1525 Chrysosto-

375 1563 528 1600 mum
581 1548 687 1601 alia
732 1547 785 1601 in
820 1548 1071 1604 oratione
1119 1548 1284 1603 verba
1318 1548 1546 1619 lgnatii,
1572 1564 1694 1617 qua:
1736 1562 1802 1602 ex
1833 1545 1955 1615 ejus

373 1641 443 1693 ad
494 1638 861 1710 Polycarpum
913 1640 1146 1710 epistola
1197 1648 1482 1695 mutuatus
1538 1622 1750 1707 fuerat,
1806 1640 1955 1695 hunc

373 1731 628 1785 hausisse
667 1731 723 1784 in
760 1732 1057 1787 modum’:
1090 1750 1108 1784 ς
1138 1730 1429 1803 Propterea
1472 1732 1669 1787 nobilis
1712 1732 1797 1787 vir
1828 1732 1954 1803 qui-

372 1822 502 1877 dam
534 1837 601 1876 ex
635 1823 936 1891 veteribus,
965 1823 1056 1879 cui
1093 1837 1293 1878 nomen
1319 1822 1584 1893 lgnatius,
1614 1823 1817 1893 quique
1856 1838 1950 1878 sa-

370 1912 621 1968 cerdotio
647 1913 815 1968 simul
841 1922 896 1969 et
924 1914 1188 1986 martyrio
1209 1914 1500 1970 decoratus
1528 1912 1648 1977 fuit,
1674 1913 1739 1967 ad
1764 1928 1948 1969 sacer-

369 2006 560 2061 dotem
590 2006 886 2076 quemdam
915 2007 1183 2074 scribens,
1214 2007 1461 2062 dicebat:
1496 2025 1515 2056 ‹
1537 2004 1684 2061 Nihil
1706 2005 1827 2062 sine
1856 2014 1953 2062 tua

370 2100 654 2154 voluntate
707 2107 951 2170 geratur,
1004 2114 1183 2171 neque
1231 2100 1360 2155 item
1397 2100 1697 2170 quidquam
1744 2100 1952 2170 absque

373 2190 469 2245 Dei
522 2189 695 2246 facias
759 2192 1059 2247 voluntate.
1124 2212 1143 2246 ι
1196 2190 1314 2247 Non
1366 2191 1659 2248 difﬁtemur
1723 2206 1953 2262 negasse

371 2283 671 2339 nonnullos
719 2282 862 2338 hanc
916 2283 1221 2340 orationem
1269 2283 1441 2341 fuisse
1473 2300 1506 2341 a
1547 2284 1951 2358 Chrysostomo

375 2374 699 2445 profectam.
763 2374 963 2431 Verum
1022 2377 1140 2433 haec
1197 2376 1276 2432 illi
1312 2377 1575 2434 tribuitur
1624 2393 1657 2434 a
1711 2377 1952 2448 Photio,

373 2466 619 2523 Adriano
648 2468 828 2539 primo
868 2484 1088 2525 summo
1121 2470 1401 2540 pontifice,
1434 2470 1739 2541 Epiphanio
1767 2470 1953 2526 diaco-

372 2572 466 2625 no,
492 2568 547 2613 et
575 2559 818 2615 secundo
849 2560 1083 2617 concilio
1106 2559 1360 2629 Nicaeno;
1396 2577 1462 2616 ac
1490 2571 1750 2632 praeterea
1774 2562 1944 2633 Chry-

371 2648 606 2703 sostomi
642 2650 818 2720 stylus
844 2650 899 2705 in
935 2665 1001 2708 ea
1032 2650 1200 2706 micat
1237 2660 1293 2707 et
1322 2653 1657 2723 agnoscitur.
1709 2651 1954 2723 Denique

369 2743 427 2797 id
457 2743 665 2799 certius
692 2745 866 2800 asseri
898 2753 1096 2814 potest,
1132 2762 1200 2801 ex
1234 2761 1346 2817 quo
1379 2747 1496 2803 haec
1523 2746 1702 2803 oratio
1743 2747 1953 2817 absque

368 2836 586 2891 lacunis
620 2843 676 2890 et
694 2836 938 2893 hiatibus
971 2838 1029 2892 in
1047 2838 1259 2894 Savillii
1277 2838 1521 2895 editione
1549 2840 1762 2910 integra
1786 2839 1952 2910 prod-

370 2926 437 2980 iit
462 2927 519 2980 in
560 2926 761 2982 lucem.

372 3035 403 3108 §
441 3035 530 3091 IV.
576 3038 842 3103 Quartum
884 3048 1253 3121 argumentum
1299 3054 1364 3095 ea:
1417 3038 1736 3109 Hieronymi
1793 3039 1948 3093 testi-

930 3126 1107 3163 monw
1139 3120 1383 3180 petitum.

2064 617 2254 671 venire
2296 617 2494 686 potuit,
2541 627 2601 671 ut
2649 617 2872 685 scripta,
2919 630 3042 685 quae
3088 613 3158 671 ab
3206 614 3639 698 lgnatiogtanto

2064 717 2337 781 martyre,
2399 726 2560 780 quem
2615 712 2825 767 honore
2878 712 3121 767 maximo
3174 698 3634 782 prosirquebatur,

2060 802 2305 871 profecta
2338 818 2458 858 esse
2489 803 2717 869 sciebat,
2756 805 2985 874 ipsemet
3007 815 3417 874 aspernaretur.
3445 804 3639 861 Restat

2058 897 2223 967 igitur
2261 906 2322 951 ut
2352 895 2595 966 epistolae
2642 897 2859 966 lgnatii,
2891 898 2937 952 si
2975 898 3274 967 aliquando
3311 914 3406 953 eas
3436 896 3635 954 Hiero-

2057 1006 2255 1061 nymus
2306 1006 2413 1045 non
2464 991 2771 1060 spreverit,
2818 990 2925 1061 ipsi
2969 990 3173 1046 fuerint
3215 992 3523 1062 incognitae.
3554 991 3637 1044 ‘At

2056 1083 2334 1153 quomodo
2364 1084 2467 1139 illae
2496 1085 2763 1155 epistolae,
2792 1100 2931 1155 quas
2959 1085 3146 1139 tandiu
3168 1085 3237 1139 ab
3254 1084 3465 1155 lgnatio
3496 1085 3634 1139 scri-

2055 1184 2178 1245 ptas
2209 1175 2380 1231 fuisse
2408 1192 2509 1246 pro
2542 1184 2692 1233 certo
2725 1177 2939 1245 habuit,
2967 1186 3267 1248 potuerunt
3297 1179 3401 1249 ipsi
3441 1186 3634 1249 postea

2053 1267 2172 1325 ﬁeri
2202 1269 2529 1340 incognitae?

2142 1360 2403 1416 Dallaaum
2463 1369 2644 1416 tamen
2696 1362 2813 1417 btec
2863 1362 3137 1432 paradoxa
3194 1371 3630 1433 propugnantem

2053 1469 2373 1525 sequamur.
2424 1453 2687 1525 Ignatius,
2730 1455 2909 1525 inquit
2939 1457 3058 1521 ille,
3104 1456 3191 1511 his
3220 1456 3468 1526 epistolis
3510 1457 3629 1526 epi-

2053 1560 2344 1617 scoporum
2402 1564 2527 1604 cum
2572 1550 2908 1621 presbyteris
2959 1551 3184 1606 damnat
3233 1551 3627 1621 aequalitatem,

2049 1654 2215 1709 quam
2255 1640 2621 1714 Hieronymus
2679 1661 2697 1695 ‹
2724 1642 3005 1699 mordicus
3044 1644 3253 1713 passim
3302 1644 3562 1701 defendit.
3600 1665 3621 1698 ι

2050 1729 2129 1783 Ex
2173 1747 2283 1800 qua
2330 1733 2617 1804 utriusque
2664 1734 3032 1805 discrepantia
3086 1735 3177 1791 ille
3215 1736 3399 1792 statim
3458 1736 3631 1793 infert

2050 1821 2447 1895 Hieronymum
2491 1827 2590 1881 has
2632 1827 2894 1896 epistolas
2943 1842 3052 1882 non
3100 1828 3401 1896 habuisse,
3467 1849 3485 1882 ‹
3526 1846 3628 1901 pro

2052 1929 2182 1969 vero
2201 1915 2303 1969 viri
2332 1916 2617 1986 apostolici
2647 1916 2759 1972 fetu
2779 1959 2793 1985 ,
2821 1918 2903 1973 vel
2932 1920 3173 1975 nondum
3204 1920 3257 1974 in
3284 1921 3351 1976 iis
3380 1921 3481 1976 ista
3514 1930 3625 1977 tam

2050 2006 2223 2061 multa
2246 2005 2436 2072 fuisse,
2463 2023 2586 2077 quae
2616 2008 2781 2064 hodie
2805 2010 2871 2064 de
2901 2010 3246 2081 episcopatus
3278 2015 3623 2078 necessitate,

2051 2110 2103 2154 et
2130 2114 2241 2170 prae
2278 2099 2651 2171 presbyteratu
2689 2102 3007 2158 excellentia
3061 2103 3312 2173 legimus.
3341 2124 3358 2157 ι
3423 2104 3626 2162 Verum

2048 2193 2224 2251 amba:
2269 2194 2497 2264 hujusce
2542 2198 3039 2265 argumentationis
3068 2209 3252 2269 partes
3285 2200 3437 2256 falsae
3468 2211 3621 2267 sunt,

2046 2294 2107 2342 et
2148 2285 2214 2342 ad
2256 2286 2534 2356 probanda
2571 2287 2757 2355 Dallzei
2797 2290 3073 2360 paradoxa
3132 2292 3360 2346 omnino
3404 2293 3622 2364 inepta‘.

2009 2413 2014 2419 ς
2052 2376 2129 2432 Ac
2155 2378 2393 2446 primum
2441 2379 2660 2449 quidem
2714 2385 3120 2453 consequentiae
3166 2382 3380 2441 falsitas
3422 2403 3489 2444 eo
3537 2390 3626 2446 de-

2053 2479 2401 2539 monstratur,
2430 2472 2575 2543 quod
2603 2475 2795 2530 eodem
2826 2488 3145 2548 argumento
3171 2481 3388 2551 probari
3417 2494 3621 2553 posset,

2049 2576 2112 2617 ea
2141 2564 2323 2619 onia
2353 2567 2706 2637 antiquorum
2731 2568 2954 2626 Patrum
2986 2573 3189 2644 scripta
3217 2575 3392 2631 eidem
3425 2576 3622 2632 Hiero-

2053 2669 2217 2727 nymo
2257 2657 2445 2727 ignota
2488 2668 2583 2715 aut
2625 2671 2806 2733 spreta
2852 2663 3061 2731 fuisse,
3106 2667 3160 2721 in
3196 2670 3400 2739 quibus
3436 2671 3623 2743 aliqua

2052 2747 2237 2817 opinio
2262 2789 2276 2815 ,
2335 2764 2500 2819 quam
2559 2753 2685 2809 illet
2735 2756 3012 2813 mordicus
3052 2759 3258 2827 passim
3299 2757 3560 2825 defendit,
3593 2780 3612 2812 ι

2030 2841 2300 2896 'damnata
2327 2840 2542 2913 legitur.
2569 2841 2726 2909 Quod
2752 2859 2885 2901 sane
2904 2843 3261 2901 falsissimum
3289 2861 3411 2902 esse
3435 2862 3620 2915 nemo,

2036 2935 2119 2995 g'ne
2176 2931 2293 3001 ipse
2346 2934 2566 3002 quidem
2626 2935 2880 3000 Dallaeus,
2942 2939 3238 3009 negaverit.
3276 2937 3422 3005 Quot
3474 2941 3621 2995 enim

2049 3022 2198 3077 verbi
2229 3026 2403 3095 gratia
2432 3023 2695 3098 Origenes
2728 3028 2784 3083 in
2810 3030 3067 3100 cperibus
3096 3030 3212 3087 suis
3241 3030 3469 3087 damnat
3498 3033 3618 3104 Opi-

1976 3112 1983 3135 "
2044 3113 2263 3182 niones,
2297 3132 2433 3187 quas
2466 3118 2831 3193 Hieronymus
2858 3137 2877 3172 ι
2901 3123 3177 3181 mordicus
3192 3124 3399 3195 passim
3429 3125 3622 3179 defen-

443 3221 521 3277 De
546 3220 862 3295 Hieronymi
891 3224 1038 3279 circa
1062 3224 1282 3279 easdem
1305 3223 1498 3295 lgnatii
1533 3226 1708 3280 nostri
1738 3226 1944 3298 episto-

2049 3202 2508 3298 dithNunquid
2534 3207 2766 3267 Dallaeus
2822 3222 2968 3266 recte
3029 3214 3153 3269 inde
3208 3216 3495 3272 concludet
3555 3234 3619 3272 ea

366 3316 452 3369 las
473 3314 744 3369 sententia
778 3329 877 3370 cur
902 3315 1050 3369 litem
1083 3324 1299 3371 moveat
1323 3314 1576 3383 Dallaeus,
1598 3317 1734 3372 satis
1754 3318 1945 3373 mirari

366 3425 481 3465 non
514 3425 833 3480 possumus.
860 3409 1004 3477 Quid
1028 3412 1175 3465 enim
1205 3412 1273 3467 de
1297 3412 1366 3467 iis
1400 3412 1486 3467 vir
1519 3412 1610 3467 ille
1639 3412 1947 3468 eruditissi-

366 3516 496 3554 mus
519 3501 775 3567 senserit,
808 3510 918 3556 tam
951 3508 1138 3571 aperte
1166 3502 1442 3567 declarat,
1469 3510 1530 3557 ut
1572 3502 1711 3558 nihil
1743 3504 1945 3559 clarius

365 3591 670 3647 desiderari
721 3608 887 3663 posse
932 3591 1168 3649 Dallaeus
1211 3594 1329 3664 ipse
1382 3593 1656 3650 fateatur:
1707 3613 1725 3646 ι
1756 3595 1947 3651 Hiero—

367 3698 591 3754 nymus,
624 3683 860 3754 inquit‘,
895 3684 989 3754 qui
1018 3693 1292 3741 errantem
1314 3684 1609 3742 Eusebium
1638 3701 1750 3742 non
1778 3685 1947 3741 semel

366 3782 595 3829 secutus
641 3782 747 3841 est,
790 3776 981 3831 eadem
1013 3791 1237 3847 quoque
1266 3778 1334 3832 de
1364 3776 1573 3848 lgnatio
1607 3786 1662 3833 et
1702 3778 1947 3849 epistolis

365 3858 491 3936 ejus
524 3868 684 3923 dixit.
717 3888 737 3920 ι
778 3868 845 3923 Et
872 3871 1038 3939 paulo
1077 3882 1230 3941 post:
1271 3890 1290 3923 ‹
1324 3869 1545 3927 Eusebii
1582 3886 1776 3928 omnes
1797 3871 1947 3942 judi-

366 3962 542 4026 cium,
568 3960 936 4036 Hieronymus
971 3964 1135 4019 etiam
1174 3966 1343 4020 verba
1378 3975 1600 4023 secutus
1620 3973 1722 4022 est.
1754 3983 1773 4018 ι
1802 3964 1948 4021 Loca

368 4062 559 4108 autem
592 4055 925 4124 scriptorum
951 4054 1289 4128 Hieronymi,
1315 4058 1409 4113 ubi
1435 4056 1655 4115 Eusebii
1679 4057 1947 4128 judicium

368 4156 429 4203 et
450 4149 640 4215 verba,
670 4157 810 4205 teste
852 4149 1076 4215 Dallaao,
1114 4158 1339 4206 secutus
1380 4159 1483 4215 est,
1515 4150 1607 4205 hic
1638 4150 1949 4206 describere

371 4252 485 4291 non
511 4245 593 4293 est
623 4252 881 4301 necesse,
935 4246 1052 4292 tum
1097 4237 1228 4307 quia
1275 4236 1581 4308 prolixiora
1634 4247 1796 4302 sunt,
1831 4246 1948 4289 tum

372 4328 504 4395 quia
544 4329 612 4383 de
656 4328 746 4384 bis
791 4329 1052 4384 fatentem
1094 4329 1351 4384 Dallreum
1383 4330 1670 4384 habemus.
1711 4327 1952 4383 Suiliciet

372 4421 563 4491 itaque
600 4420 896 4476 adnotasse
925 4436 989 4475 ea
1018 4421 1241 4490 reperiri
1287 4422 1525 4492 primum
1564 4421 1618 4475 in
1651 4421 1793 4475 libro
1831 4420 1950 4490 ejus

372 4513 641 4569 adversus
672 4513 1004 4578 Helvidium,
1048 4528 1207 4582 quem
1244 4528 1389 4567 anno
1441 4511 1548 4567 ’585
1588 4519 1684 4565 aut
1726 4510 1833 4565 584
1860 4510 1952 4564 ille

372 4607 687 4676 composuit
716 4625 732 4661 :
778 4606 975 4662 deinde
1029 4605 1084 4660 in
1115 4604 1373 4675 Catalogo
1406 4607 1740 4674 scriptorum
1778 4603 1952 4659 eccle-

372 4700 752 4766 siasticorum,
777 4715 939 4768 quem
971 4714 1116 4753 anno
1136 4698 1242 4754 592
1259 4699 1402 4768 juris
1427 4697 1554 4753 fecit
1574 4713 1697 4754 esse
1723 4698 1948 4767 publici,

370 4789 612 4859 denique
665 4790 720 4843 in
763 4788 1057 4843 Comment.
1096 4789 1153 4841 in
1200 4788 1458 4852 Matth.',
1483 4802 1623 4857 quos
1670 4801 1780 4841 non
1824 4796 1953 4841 ante

372 4895 584 4935 annum
611 4879 719 4935 598
756 4879 873 4949 ipse
894 4895 1116 4949 quoque
1140 4880 1194 4933 in
1226 4879 1401 4934 lucem
1425 4877 1631 4932 emisit.
1652 4878 1727 4932 Ex
1752 4878 1952 4948 quibus

373 4981 564 5043 aperte
589 4981 644 5027 et
685 4972 976 5042 perspicue
1016 4972 1372 5041 intelligimus
1420 4989 1586 5043 quam
1635 4979 1949 5027 constanter

375 5065 746 5136 Hieronymus
794 5064 851 5119 in
894 5079 995 5121 sua
1037 5065 1104 5119 de
1151 5065 1458 5121 tribuendis
1505 5064 1715 5135 lgnatio
1760 5073 1951 5121 nostro

373 5156 624 5228 epistolis
662 5156 932 5212 sententia
971 5155 1423 5226 perseveraverit.

450 5252 519 5302 At
551 5247 784 5304 Dallaeus
813 5248 908 5318 qui
940 5248 1057 5303 haec
1100 5263 1228 5303 vera
1275 5262 1399 5303 esse
1445 5245 1719 5313 concedit,
1759 5245 1949 5301 eodem

375 5349 559 5397 tamen
597 5342 652 5395 in
684 5341 828 5396 libro
854 5340 1125 5396 afﬁrmare
1155 5353 1267 5395 non
1298 5339 1556 5393 dubitat‘
1584 5358 1596 5393 :
1636 5357 1653 5389 ι
1690 5337 1795 5407 ipsi
1824 5336 1954 5393 Hie-

376 5448 609 5505 ronymo
650 5442 747 5488 aut
793 5434 978 5503 ignota
1021 5443 1117 5488 aut
1161 5440 1343 5503 spreta
1388 5431 1560 5487 fuisse
1599 5431 1772 5486 videri
1816 5430 1951 5497 haec,

373 5542 501 5595 qua:
540 5526 702 5581 hodie
740 5536 957 5581 exstant
1000 5525 1304 5595 lgnatiana.
1339 5543 1356 5575 ι
1418 5523 1801 5579 Verumtamen
1837 5540 1955 5579 cer-

376 5619 654 5674 tissimum
705 5630 791 5673 est
838 5618 1030 5689 lgnatii
1083 5619 1344 5687 epistolas
1398 5619 1467 5672 ab
1508 5617 1861 5689 Hieronymo,
1908 5617 1955 5671 si

376 5726 503 5765 vere
532 5726 628 5766 eas
659 5710 850 5781 lgnatii
882 5728 1005 5768 esse
1030 5713 1308 5782 cognovit,
1356 5720 1568 5782 sprotas
1612 5726 1723 5764 non
1759 5708 1949 5766 fuisse.

2046 3295 2296 3370 Origenis
2317 3312 2490 3372 Opera‘
2506 3301 2838 3377 Hieronymo
2871 3324 2890 3358 ι
2912 3306 3102 3379 ignota
3118 3318 3407 3379 autspreta
3424 3308 3619 3377 fuisse,

2043 3391 2382 3447 velnondum
2399 3394 2451 3450 in
2467 3393 2651 3450 iisista
2675 3405 2784 3451 tam
2813 3398 2983 3453 multa
3005 3415 3127 3469 qua:
3150 3399 3308 3456 hodie
3323 3400 3579 3471 legimus?
3599 3422 3619 3452 ι

2001 3488 2035 3529 ‘2
2116 3483 2207 3553 At,
2239 3484 2477 3555 inquies,
2513 3504 2606 3545 eas
2636 3489 2827 3547 saltem
2856 3490 3145 3560 opiniones
3176 3492 3245 3547 de
3274 3493 3624 3563 episcopatus

2047 3576 2406 3647 necessitate,
2463 3588 2517 3634 et
2577 3596 2692 3650 pra:
2742 3583 3120 3654 presbyteratu
3184 3584 3507 3640 excellentia
3565 3585 3621 3639 in

2048 3667 2244 3739 lgnatii
2287 3669 2538 3740 epistolis
2566 3670 2933 3745 Hieronymus
2978 3675 3203 3745 sprevit,
3234 3677 3316 3732 vel
3350 3677 3454 3733 illa:
3486 3693 3625 3731 non-

2048 3759 2177 3816 dum
2222 3761 2299 3817 ibi
2350 3763 2687 3835 legebantur.
2759 3764 2913 3833 Esto,
2972 3768 3255 3836 spreverit.
3311 3766 3453 3834 Quid
3498 3767 3623 3822 inde

2050 3853 2303 3909 conficiet
2350 3854 2619 3911 Dallteus?
2673 3856 2815 3913 Num
2866 3858 3069 3914 idcirco
3116 3860 3218 3913 alia
3267 3859 3451 3914 omnia
3501 3874 3624 3929 quae

2051 3945 2420 4019 Hieronymus
2450 3950 2504 4004 in
2535 3949 2732 4020 lgnatii
2770 3950 3039 4019 epistolis,
3091 3952 3234 4008 sicut
3263 3962 3319 4007 et
3351 3952 3405 4006 in
3435 3950 3625 4023 Orige-

2051 4040 2139 4095 nis
2166 4041 2423 4110 operibus
2458 4058 2739 4113 nunquam
2786 4043 2989 4112 arguit,
3025 4044 3225 4098 ibidem
3268 4060 3485 4114 semper
3514 4060 3625 4099 non

2050 4132 2347 4200 exstitisse,
2376 4135 2460 4190 vel
2488 4151 2551 4190 ea
2594 4136 2890 4205 aliquando
2921 4153 3022 4208 pro
3054 4138 3282 4193 minime
3329 4138 3627 4209 lgnatianis

2051 4236 2105 4282 et
2130 4225 2469 4298 Origenianis
2502 4230 2570 4284 ab
2601 4228 2928 4303 Hieronymo
2974 4232 3174 4301 rejecta
3222 4232 3393 4286 fuisse
3441 4231 3628 4287 dicen-

2052 4319 2182 4373 dum
2210 4320 2325 4375 est?
2354 4319 2549 4376 Nullus
2580 4338 2711 4377 sane
2734 4333 2929 4394 praeter
2955 4324 3255 4379 Dallaeanos
3280 4324 3353 4378 ita
3379 4338 3625 4395 unquam

2054 4414 2543 4483 argumentabitur.

2128 4505 2331 4560 Deinde
2364 4504 2561 4561 falsum
2589 4516 2673 4562 est
2711 4508 2857 4562 illam
2900 4508 3214 4578 opinionem
3246 4510 3313 4565 de
3341 4509 3625 4580 episcopa-

2057 4604 2147 4651 tus
2193 4596 2558 4662 necessitate,
2608 4605 2663 4650 ct
2714 4613 2825 4666 pm
2870 4598 3242 4668 presbyteratu
3283 4598 3605 4651 excellentia

2055 4703 2178 4758 qua:
2220 4688 2399 4757 prima
2450 4687 2733 4743 Dallaeanae
2789 4688 3277 4757 argumentationis
3336 4704 3463 4756 pars
3521 4696 3625 4753 est,

2056 4780 2213 4834 aliter
2249 4781 2317 4835 ah
2347 4778 2699 4851 Hieronymo,
2736 4796 2899 4850 quam
2932 4781 3000 4833 ab
3023 4779 3231 4850 lgnatio
3281 4790 3471 4836 nostro
3516 4789 3629 4835 tra-

2055 4873 2214 4929 ctari.
2259 4872 2316 4927 ld
2357 4888 2489 4928 sane
2519 4873 2817 4943 scriptores
2846 4872 3151 4927 doctissimi
3199 4886 3325 4924 cum
3367 4870 3627 4925 catholici

2056 4976 2171 5022 tum
2196 4975 2560 5038 protestantes
2591 4966 2760 5020 variis
2812 4963 3311 5025 dissertationibus,
3364 4964 3628 5017 adversus

2054 5061 2394 5117 Blondellum
2452 5058 2803 5115 Calvinistam
2870 5056 3064 5122 editis,
3123 5053 3479 5109 invictissime
3537 5054 3626 5107 de-

2055 5162 2451 5213 monstrarunt.
2505 5153 2717 5219 Quibus
2769 5165 2896 5206 vero
2943 5166 3039 5219 per
3087 5149 3255 5205 otium
3288 5163 3398 5202 non
3442 5147 3629 5201 licebit

2055 5250 2465 5306 lucubrationes
2496 5247 2619 5301 illas
2664 5245 2937 5308 evolvere,
2971 5244 3170 5298 adeant
3217 5243 3396 5313 ipsum
3426 5238 3624 5295 Hiero-

2056 5356 2278 5413 nymum
2302 5340 2462 5410 epist.
2490 5338 2616 5401 l,ad
2642 5336 3012 5403 Heliodorum,-
3039 5336 3197 5404 epist.
3222 5334 3345 5401 3,ad
3374 5333 3625 5402 Nepotia-

2056 5449 2212 5501 num;
2266 5432 2425 5502 epist.
2452 5428 2621 5496 27,ad
2655 5428 3001 5482 Eustochium
3057 5428 3213 5497 epist.
3247 5426 3334 5491 62,
3355 5426 3425 5481 ad
3466 5423 3638 5479 Theo-

2054 5526 2279 5597 philum,
2309 5525 2664 5580 Commentar.
2702 5523 2757 5575 in
2789 5538 2907 5591 cap.
2935 5536 3005 5575 vu
3053 5520 3290 5585 Michcaa,
3324 5528 3379 5574 et
3412 5535 3528 5586 cap.
3560 5533 3628 5570 ωε

2057 5619 2245 5683 Ιδαίω,
2280 5617 2490 5688 Dialog.
2523 5619 2772 5670 adversus
2826 5614 3060 5683 Lucifer.
3111 5622 3166 5668 et
3192 5612 3288 5666 lib.
3326 5626 3344 5664 ι
3378 5613 3628 5664 adversus

2055 5710 2537 5777 Jovinian.,atquc
2565 5707 2635 5760 iis
2665 5705 2719 5758 in
2752 5706 2887 5760 locis
2905 5704 3314 5761 sanctissimum
3350 5702 3631 5757 doctorem

448 5827 468 5858 ³
505 5827 699 5883 homil.
743 5826 820 5883 De
860 5846 962 5883 uno
992 5828 1340 5899 Legislatore.
1374 5830 1393 5862 “
1426 5845 1542 5900 cap.
1574 5830 1674 5897 55,
1714 5846 1765 5901 p.
1795 5829 1918 5885 446.

2052 5844 2169 5899 cap.
2195 5827 2224 5878 7
2259 5836 2309 5880 et
2341 5825 2392 5879 9.
2472 5823 2490 5854 ⁶
2523 5838 2642 5892 cap.
2676 5822 2707 5877 8
2732 5829 2785 5876 et
2811 5822 2863 5877 9.
