4138 6394
495 445 600 502 ωε»

1574 441 1634 497 S.
1676 439 2025 499 lGNATIUS.
2058 467 2129 481 —
2158 439 2692 498 PROLEGOMENA.

3652 440 3759 495 500

498 578 565 623 ue
590 566 939 640 episcopatus
964 564 1311 634 necessitate,
1340 572 1394 622 et
1428 579 1539 634 pra:
1569 565 1954 638 presbyteratu
1988 580 2083 619 ex--
2110 568 2163 629 Α
2188 563 2444 622 Patribus
2473 565 2728 634 deducta,
2772 579 3036 638 pugnare,
3076 578 3281 636 easque
3323 560 3569 620 funditus
3610 577 3740 617 ever

431 640 752 741 )ccllentia
794 660 986 716 eadem
1029 661 1191 732 plane
1240 676 1304 717 ac
1330 658 1601 731 lgnatium
1646 667 1897 714 nostrum
1941 658 2078 713 scri-

503 752 679 825 psisse
708 752 1016 809 clarissime
1049 752 1399 824 perspicient.
1924 824 1929 827 ι

572 842 913 914 Quapropter
945 860 1058 900 non
1087 844 1326 914 amplius
1368 842 1674 899 audiendus
1702 850 1787 899 est
1815 841 2074 909 Dallaaus,

500 935 595 1003 qui
643 951 839 989 rursus
880 935 1045 990 hasce
1088 933 1281 1005 lgnatii
1326 933 1584 1006 epistolas
1623 932 1953 1005 Hieronymo
1995 934 2078 988 in-

500 1024 750 1094 cognitas
795 1023 970 1081 fuisse
1007 1025 1133 1080 inde
1163 1025 1397 1096 probare
1440 1033 1694 1091 conatur,
1730 1024 1877 1095 quod
1918 1022 2077 1095 Igna-

501 1117 610 1170 tius
647 1115 835 1171 dicat"
862 1116 1143 1172 Christum
1180 1132 1211 1172 a
1242 1115 1475 1173 mortuis
1520 1116 1891 1172 resurrexisse
1933 1116 2079 1170 dilu-

501 1206 650 1274 culo,
698 1204 1064 1279 Hieronymus
1122 1223 1255 1264 vero
1287 1207 1310 1240 ⁸
1353 1226 1366 1262 :
1400 1225 1419 1261 ι
1459 1206 1726 1263 Dominus
1782 1208 2081 1262 resurrexit

502 1301 663 1370 hora,
698 1315 807 1372 qua
838 1301 956 1373 ipse
993 1301 1185 1367 voluit,
1216 1308 1269 1355 et
1297 1315 1419 1370 quae
1448 1299 1584 1355 nulli
1620 1299 1935 1353 mortalium
1985 1313 2079 1355 co-

501 1391 651 1462 gnita
696 1401 800 1446 est.
851 1409 870 1443 ι
923 1392 1013 1457 At,
1060 1390 1241 1461 inquit
1286 1389 1539 1457 Dallazus,
1584 1388 1847 1445 doctrina:
1887 1388 2079 1459 lg'natii

501 1484 641 1541 adeo
670 1483 1026 1554 repugnantia
1053 1480 1446 1552 Hieronymum
1478 1480 1767 1552 scripsisse
1788 1480 2083 1537 verisimile

502 1590 616 1631 non
640 1584 743 1631 est.
774 1574 882 1630 Sed
913 1574 1019 1630 hoc
1045 1582 1429 1645 argumentum
1457 1573 1647 1630 eodem
1677 1588 1743 1629 ac
1769 1573 2083 1644 praecedens

504 1668 733 1723 ruinoso
769 1681 832 1722 ac
862 1665 1161 1721 falsissimo
1211 1667 1405 1722 nititur
1457 1666 1829 1722 fundamento.
1877 1662 2084 1720 Deinde

504 1762 597 1817 illa
642 1762 834 1827 verba,
879 1774 1002 1831 quae
1045 1759 1235 1830 objicit
1266 1757 1533 1829 Dallaaus,
1584 1775 1696 1815 non
1748 1760 1804 1815 in
1846 1758 1990 1815 veris
2021 1772 2085 1814 ac

507 1853 766 1926 genuinis
800 1852 995 1924 lgnatii
1038 1851 1311 1923 epistolis,
1352 1852 1448 1910 sed
1482 1853 1537 1909 in
1567 1867 1756 1908 earum
1795 1849 2087 1921 interpola-

504 1944 749 2002 tionibus
776 1944 1146 2015 reperiuntur.

578 2035 695 2092 Hac
732 2036 923 2092 eadem
977 2035 1337 2107 responsione
1364 2033 1678 2105 exploditur
1717 2033 1865 2089 aliud
1899 2030 2085 2088 Dallai

508 2140 894 2198 momentum,
966 2144 1077 2199 quo
1154 2144 1320 2183 rursu
1416 2126 1809 2199 Hieronymum
1873 2126 1941 2180 de
1998 2124 2087 2181 his

506 2224 701 2297 ignatii
734 2222 983 2294 epistolis
1008 2220 1220 2292 judicio
1252 2220 1452 2276 falsum
1485 2235 1607 2275 esse
1635 2228 1810 2294 urget.
1850 2215 2089 2289 Opponit

507 2331 748 2386 namque
805 2314 899 2369 illa
956 2312 1133 2369 sancti
1184 2312 1428 2368 doctoris
1479 2310 1643 2367 verba
1674 2311 1733 2363 οε
1775 2328 1795 2363 ί
1828 2308 2086 2380 Nunquid

507 2423 618 2463 non
659 2421 954 2478 possumus
991 2405 1089 2461 tibi
1130 2413 1303 2461 totam
1345 2411 1593 2459 veterum
1629 2403 1958 2473 scriptorum
1996 2416 2084 2456 se-

507 2502 645 2557 riem
683 2513 1151 2568 commemorare,
1196 2496 1469 2569 Ignatium
1492 2538 1506 2561 ,
1544 2495 1939 2568 Polycarpum,
1978 2493 2089 2549 Ire-

507 2608 712 2660 meum,
756 2591 1034 2648 Justinum
1086 2598 1405 2661 martyrem,
1459 2590 1768 2659 multosque
1792 2588 1930 2643 alios
1952 2601 2087 2656 apo-

510 2684 739 2740 stolicos
795 2691 849 2737 et
902 2683 1221 2753 eloquentes
1252 2681 1431 2748 viros,
1482 2679 1573 2750 qui
1628 2680 1889 2735 adversus
1924 2676 2091 2732 Ebio—

511 2795 660 2842 nem,
694 2788 749 2834 et
774 2777 1118 2832 Theodotum
1142 2775 1489 2845 Byzantium,
1516 2781 1571 2829 et
1594 2771 1943 2828 Valentinum
1974 2770 2093 2825 haec

513 2872 704 2927 eadem
751 2871 1069 2935 sentientes,
1113 2866 1275 2939 plena
1326 2866 1608 2935 sapientia:
1631 2864 1913 2921 volumina
1958 2876 2092 2918 con-

514 2962 876 3032 scripserunt.
915 2977 934 3011 ι
978 2957 1144 3027 Atqui
1171 2955 1440 3011 Theodoti
1471 2969 1694 3023 nomen,
1726 2954 1804 3008 ait
1833 2952 2088 3015 Dallseus,

513 3069 626 3110 non
660 3053 714 3107 in
744 3052 867 3107 aliis
900 3050 1231 3121 scriptorum
1258 3047 1529 3114 omnium,
1560 3062 1700 3116 quos
1734 3045 1970 3101 eximius
2000 3044 2093 3099 ille

513 3146 707 3202 doctor
740 3150 1153 3210 commemorat,
1187 3139 1467 3212 operibus,
1507 3138 1611 3195 nisi
1653 3138 1705 3193 in
1737 3138 1869 3194 solis
1895 3136 2091 3210 lgnatii

511 3237 762 3310 epistolis
805 3236 1043 3306 reperire
1092 3244 1195 3291 est.
1263 3231 1626 3303 Hieronymus
1681 3246 1809 3300 ergo
1846 3231 2089 3302 loquitur
2115 3263 2159 3324 ο

513 3330 582 3385 de
608 3327 852 3400 Ignatio;
884 3329 980 3398 qui
1009 3342 1132 3384 cum
1162 3334 1289 3381 ante
1320 3323 1660 3379 Theodotum
1693 3323 1911 3391 obierit,
1961 3324 2089 3379 inde

514 3420 751 3478 Dallaeus
799 3419 1052 3476 eumdem
1084 3416 1478 3490 Hieronymum
1539 3431 1755 3471 errasse
1785 3409 2086 3471 concludit.

512 3514 584 3569 At
618 3512 883 3568 Theodoti
916 3526 1115 3567 nomen
1148 3512 1205 3566 in
1233 3510 1540 3565 litterarum
1576 3506 1771 3576 Ignatii
1799 3507 2095 3578 interpola-

512 3607 763 3664 tionibus
812 3605 1078 3662 duntaxat
1105 3603 1412 3662 adhibitum
1441 3610 1542 3659 est.
1574 3600 1940 3674 Hieronymus
1965 3617 2094 3673 ergo

514 3697 593 3755 ibi
621 3713 730 3754 non
763 3698 830 3753 ad
865 3696 1137 3769 lgnatium
1176 3695 1455 3761 collineat,
1490 3692 1585 3749 sed
1616 3691 1683 3747 ad
1714 3691 1881 3746 alium
1910 3706 2097 3762 quem-

514 3793 687 3864 piam,
715 3798 846 3861 puta
895 3786 1162 3845 Irenaeum
1189 3787 1277 3843 vel
1308 3786 1545 3857 aliquem
1574 3798 1642 3839 ex
1683 3784 1774 3852 iis,
1804 3798 1943 3855 quos
1971 3798 2098 3854 apo-

515 3882 743 3940 stolicos
775 3880 925 3935 viros
960 3878 1116 3945 dicit,
1157 3891 1409 3951 quosque
1442 3876 1511 3932 ad
1544 3874 1815 3949 Theodoti
1853 3882 2096 3947 tempora

518 3973 838 4046 pervenisse
867 3970 1050 4027 nullus
1085 3972 1323 4041 ignorat.

591 4065 765 4122 Instat
816 4073 995 4120 tamen
1034 4062 1219 4117 Dallaei
1266 4059 1544 4125 defensor,
1608 4059 1785 4115 donec
1832 4058 1882 4114 is
1935 4072 2096 4129 quem

519 4156 893 4228 Hieronymus
933 4153 1165 4220 notavit,
1211 4152 1551 4224 designetur,
1584 4150 1778 4207 eodem
1823 4150 1948 4220 jure
1977 4148 2101 4204 Dal-

518 4252 657 4307 laaus
686 4264 813 4304 eum
849 4247 1116 4319 lgnatium
1168 4245 1339 4301 fuisse
1384 4243 1665 4299 allirmare
1727 4242 1950 4313 poterit,
1988 4256 2101 4312 quo

520 4340 616 4397 alii
655 4341 823 4395 alium
878 4338 1180 4395 indicatum
1208 4350 1332 4393 esse
1378 4335 1593 4390 volunt.
1649 4332 1937 4405 Egregiam
1968 4349 2102 4391 sane

519 4433 709 4489 Dallrei
765 4430 1180 4493 defensionem!
1247 4443 1371 4499 qua:
1415 4424 1669 4483 eumdem
1718 4424 1980 4480 Daliaeum
2035 4441 2100 4483 eo

521 4535 849 4597 argumento
886 4524 953 4580 ad
987 4522 1262 4591 Opinionis
1292 4536 1405 4577 sua:
1435 4520 1906 4576 conﬁrmationem
1936 4536 2098 4576 usum

2189 664 2322 713 tere.
2375 656 2489 714 Hoc
2528 657 2715 727 itaque
2755 671 2922 713 sensu
2958 657 3027 713 ab
3065 654 3313 728 lgnatio,
3350 663 3406 711 et
3431 652 3761 726 Polycarpo,

2185 759 2281 806 aut
2308 750 2432 807 aliis
2461 750 2726 806 adversus
2755 749 3097 806 Theodotum
3127 750 3287 821 plena
3319 746 3602 819 sapientia
3628 760 3761 801 con-

2186 840 2391 911 scripta
2439 839 2609 897 fuisse
2650 841 2929 897 volumina
2964 840 3329 910 Hieronymus
3367 839 3517 895 haud
3565 839 3757 895 imme-

2182 934 2292 989 rito
2324 948 2595 1002 asserere,
2622 933 2932 1005 litterisque
2956 934 3218 989 mandare
3247 931 3442 1003 potuit.

2222 1044 2251 1121 ᾗ
2293 1045 2359 1102 V.
2407 1046 2666 1103 Ultimum
2703 1057 3071 1171 argunzentum
3109 1062 3175 1102 ea:
3213 1046 3337 1101 aliis
3376 1043 3725 1114 scriptoribus

2843 1134 2869 1171 ε
2896 1130 3103 1171 tcttum.

2843 1130 3103 1174 elicitum.

2255 1257 2415 1326 Quod
2460 1256 2531 1315 ad
2571 1265 2802 1314 caeteros
2844 1270 3039 1313 omnes
3082 1262 3209 1326 post
3250 1252 3645 1325 Hieronymum
3690 1250 3764 1308 ad

2183 1361 2372 1410 nostra
2410 1365 2587 1423 usque
2629 1357 2876 1421 tempora
2918 1348 3216 1418 scriptores
3256 1354 3485 1416 spectat,
3517 1345 3621 1400 bos
3650 1358 3764 1401 uno

2183 1452 2397 1500 tantum
2429 1450 2485 1499 et
2523 1441 2697 1497 altero
2725 1455 2796 1497 ne
2823 1438 3123 1510 quidquam
3155 1436 3418 1509 exceptis,
3460 1444 3667 1492 nostrae
3692 1434 3765 1491 de

2182 1535 2381 1609 lgnatii
2435 1533 2687 1604 epistolis
2744 1532 3029 1591 sententiae
3078 1529 3477 1600 subscripsisse
3527 1527 3765 1584 Dallazus

2183 1627 2415 1699 ejusque
2457 1624 2712 1682 defensor
2766 1624 3007 1679 fatentur
3040 1641 3054 1678 :
3094 1620 3528 1689 «Athanasium,
3581 1620 3765 1690 inquit

2186 1720 2424 1778 Dallaeus
2450 1718 2517 1788 ¹⁹,
2560 1717 2955 1789 Hieronymum
2995 1723 3051 1772 et
3092 1713 3502 1770 Theodoretum
3527 1752 3544 1780 ,
3585 1711 3765 1768 multo

2185 1828 2318 1871 vero
2362 1813 2530 1871 etiam
2578 1811 2765 1869 minus
2814 1809 2956 1865 alios
3001 1807 3125 1864 istis
3178 1806 3513 1863 recentiores
3539 1802 3766 1861 Eusebii

2116 1920 2162 1976 Β
2191 1903 2345 1960 [δίεπε
2389 1904 2457 1959 de
2496 1900 2793 1973 ignatianis
2836 1897 3139 1969 suspicioni
3213 1912 3280 1952 ex
3323 1898 3562 1967 quadam
3593 1895 3767 1951 animi

2188 1997 2559 2068 simplicitate,
2604 1994 2817 2064 absque
2861 1991 2986 2048 dolo
3023 1989 3194 2057 malo,
3235 1988 3332 2045 sed
3361 1988 3571 2057 absque
3613 1993 3767 2042 certa

2186 2090 2399 2147 ratione
2432 2088 2793 2151 adhaerentes,
2823 2101 2845 2139 ι
2883 2091 2992 2138 etc.
3052 2079 3174 2137 Non
3208 2088 3295 2135 est
3332 2079 3499 2150 igitur
3536 2091 3767 2134 necesse

2187 2184 2281 2241 hic
2344 2182 2694 2254 singulorum
2743 2176 2951 2233 referre
3011 2171 3324 2230 testimonia
3371 2188 3387 2231 :
3442 2170 3539 2228 sed
3584 2184 3768 2241 Operae

2185 2276 2421 2348 pretium
2467 2281 2553 2329 est
2590 2272 2816 2328 brevem
2856 2280 3049 2324 eorum
3095 2264 3407 2335 catalogum
3454 2270 3672 2329 texere;
3706 2269 3770 2317 ut

2188 2382 2381 2427 omnes
2412 2367 2600 2422 audito
2626 2361 3064 2432 uniuscujusque
3094 2358 3337 2424 nomine,
3367 2354 3485 2427 qui,
3512 2364 3765 2425 quanta-

2190 2478 2298 2536 que
2326 2457 2672 2516 auctoritatis
2712 2454 2939 2521 fuerint,
2970 2463 3026 2509 et
3052 2466 3220 2523 quam
3248 2450 3514 2506 invictum
3544 2463 3611 2503 ex
3636 2461 3768 2517 per-

2188 2564 2352 2626 petua
2381 2567 2574 2608 eorum
2604 2548 2899 2609 traditione
2922 2546 2990 2601 ad
3012 2542 3337 2601 asserendas
3364 2540 3555 2611 lgnatii
3594 2539 3768 2594 nostri

2189 2646 2472 2718 epistolas,
2521 2648 2905 2715 argumentum
2948 2640 3203 2704 ducatur,
3241 2634 3455 2706 possint
3498 2641 3648 2691 certo
3682 2632 3771 2687 di-

2190 2751 2476 2811 gnoscere.

2260 2830 2466 2897 Quinto
2492 2828 2660 2901 igitur
2688 2825 2948 2883 Ecclesia
2977 2822 3180 2882 saeculo
3206 2819 3563 2892 proferuntur
3590 2816 3770 2872 Theo-

2191 2926 2419 2983 doretus
2459 2924 2617 2994 epist.
2648 2922 2718 2976 ad
2759 2920 3007 2977 Monach.
3036 2915 3398 2982 Constantin.,
3433 2912 3647 2983 Dialog.
3680 2908 3770 2965 ln-

2192 3016 2434 3087 conl‘us.,
2450 3015 2664 3086 Dialog.
2683 3013 2901 3085 lmpat.,
2925 3011 3139 3083 Dialog.
3159 3006 3476 3074 lmmutab.,
3491 3004 3587 3061 ubi
3611 3003 3767 3073 plura

2191 3126 2259 3169 ex
2293 3111 2378 3167 his
2409 3109 2656 3180 epistolis
2705 3106 3019 3162 testimonia
3067 3103 3333 3159 adversus
3375 3099 3463 3157 sui
3505 3095 3770 3167 temporis

2194 3202 2485 3259 haereticos
2528 3200 2893 3270 transcripsit.
2958 3197 3091 3253 Item
3127 3194 3381 3254 Gelasius
3431 3192 3488 3248 in
3515 3192 3624 3247 ﬁne
3668 3188 3769 3245 lib.

2195 3296 2273 3354 De
2295 3294 2500 3349 duabus
2536 3294 2747 3349 naturis
2786 3292 2842 3345 in
2866 3290 3101 3345 Christo.

2269 3385 2435 3441 Sexto
2461 3383 2663 3439 saeculo
2702 3382 2764 3437 Β.
2793 3381 3026 3452 Ephrem
3058 3377 3369 3449 patriarcha
3394 3374 3773 3431 Autiochenus

2194 3478 2336 3534 libro
2370 3476 2444 3531 De
2470 3477 2639 3531 sacris
2666 3475 2963 3531 Antiochia:
3003 3473 3204 3544 legibus
3237 3472 3304 3538 “,
3334 3469 3427 3526 ubi
3463 3467 3777 3525 Severianis

2196 3569 2390 3643 lgnatii
2444 3570 2619 3625 nostri
2644 3567 3033 3624 auctoritatem
3089 3564 3336 3636 Opponit.
3392 3562 3580 3619 Gildas
3607 3560 3770 3631 epist.

2199 3666 2275 3723 De
2311 3665 2519 3721 excidio
2544 3661 2864 3717 Britannice.
2907 3657 3094 3715 Jobius
3140 3656 3448 3712 monachus
3472 3655 3549 3709 De
3580 3653 3778 3709 lucar-

2198 3770 2315 3814 nat.
2346 3760 2412 3814 ι’.
2480 3755 2745 3811 Leontius
2771 3754 3091 3808 Bizantinus
3134 3753 3229 3807 lib.
3269 3749 3343 3803 De
3372 3759 3502 3809 sect.
3527 3750 3647 3804 Act.
3688 3765 3775 3817 ut,
3814 3782 3817 3783 ν

2198 3854 2291 3910 ubi
2341 3852 2627 3908 haereticos
2680 3847 3064 3903 auctoritatem
3108 3844 3325 3915 lgnatii,
3361 3858 3470 3898 non
3515 3856 3676 3897 secus
3714 3854 3780 3897 ac

2198 3945 2423 4010 lrenaai,
2467 3940 2670 3999 Justini
2711 3939 3054 4010 aliorumque
3108 3935 3333 3992 Patrum
3375 3934 3650 4006 recepisse
3690 3939 3779 3989 teo

2198 4048 2395 4096 statur.

2293 4129 2539 4200 Septimo
2596 4127 2798 4185 saeculo
2869 4123 3198 4193 Anastasius
3263 4120 3568 4180 monachus
3637 4118 3783 4175 libro

2212 4222 2489 4296 ὐδηγῶν,
2541 4221 2636 4277 ubi
2691 4219 2942 4276 eumdem
2997 4218 3384 4274 haereticorum
3443 4224 3780 4269 consensum

2200 4322 2488 4371 memorat.
2512 4313 2815 4368 Antiochus
2846 4313 3099 4368 monach.
3130 4308 3403 4365 Palmstin.
3437 4304 3628 4363 homil.
3654 4303 3779 4358 124.

2201 4406 2337 4463 Item
2377 4406 2649 4462 Maximus
2694 4405 2885 4473 abbas,
2938 4414 2993 4461 et
3030 4403 3351 4460 Theodotus
3400 4396 3686 4471 presbyter
3713 4396 3779 4459 ¹³,

2204 4499 2301 4555 ubi
2350 4499 2418 4554 de
2461 4497 2704 4572 Dionysii
2748 4496 3085 4567 Areopagitae
3146 4492 3406 4564 operibus
3465 4488 3781 4559 disputant,

519 4578 644 4676 εεξθ
689 4618 990 4684 contendit,
1023 4578 1189 4688 ’(ιυοά
1233 4632 1343 4671 non
1391 4615 1567 4686 magis
1608 4614 1673 4668 ad
1717 4628 1896 4680 suam,
1934 4628 2099 4684 quam
2131 4611 2178 4672 ι)
2208 4592 2583 4649 testimonium
2638 4589 2831 4661 lgnatii
2880 4588 3080 4655 nostri,
3123 4586 3226 4642 etsi
3268 4597 3459 4640 eorum
3502 4578 3786 4638 sententia

521 4711 591 4766 ad
623 4708 1069 4766 adversariorum
1120 4707 1447 4763 sententiam
1496 4705 1874 4762 stabiliendam
1912 4714 2099 4773 aptum

518 4817 645 4857 esse
675 4802 982 4873 prolitetur.
1022 4798 1293 4853 Praeterea
1336 4811 1460 4852 cum
1492 4794 1759 4849 Theodoti
1799 4808 1996 4847 nomen
2042 4792 2097 4847 in

521 4893 799 4965 genuinis,
842 4902 905 4947 ut
932 4892 1195 4958 diximus,
1245 4888 1438 4960 lgnatii
1476 4887 1752 4959 epistolis,
1795 4901 1902 4940 non
1949 4887 2101 4940 inve.

523 4986 729 5052 niatur,
781 4985 947 5040 alium
991 4982 1218 5038 omnino
1270 4984 1340 5037 ab
1378 4978 1712 5053 Hieronymo
1753 4978 2101 5048 designatum

523 5079 700 5136 fuisse
728 5093 955 5134 necesse
981 5084 1089 5132 est.

593 5171 783 5243 Neque
813 5170 1061 5226 dixeris:
1103 5167 1312 5224 Saltem
1356 5177 1551 5224 auctor
1588 5175 1778 5222 noster
1811 5163 2100 5230 Theodoti,

525 5266 738 5337 lgnatio
792 5261 1138 5329 recentioris,
1182 5276 1424 5318 errorem
1473 5261 1655 5331 arguit
1702 5269 1757 5315 et
1798 5259 2105 5329 impugnat.

522 5356 662 5412 Nam
702 5363 838 5426 quot
880 5354 1259 5411 haereticorum
1307 5368 1545 5419 errores,
1602 5361 1894 5422 antequam
1939 5349 2103 5405 iidem

528 5448 771 5504 haeretici
825 5447 880 5503 in
939 5446 1113 5502 lucem
1170 5446 1304 5502 editi
1358 5444 1632 5511 fuissent,
1688 5446 1746 5499 in
1784 5450 2102 5499 sanctorum

524 5541 749 5595 Patrum
796 5540 973 5607 libris,
1021 5540 1191 5595 tacito
1234 5554 1423 5594 eorum
1461 5539 1686 5592 nomine
1734 5535 2104 5592 refelluntur?

525 5630 646 5687 Mos
675 5639 861 5687 autem
904 5630 1031 5686 inde
1070 5630 1299 5685 invaluit
1339 5637 1532 5685 contra
1564 5628 1800 5683 haereses
1829 5628 2102 5695 posterio-

527 5725 683 5779 ribus
724 5723 938 5781 sazculis
984 5730 1134 5778 ortas
1182 5722 1499 5789 traditione,
1548 5736 1581 5775 a
1622 5720 1816 5790 primis
1842 5717 2104 5774 Ecclesiae

2209 4702 2551 4758 repugnans,
2608 4699 2708 4754 pro
2746 4694 2896 4740 certo
2919 4697 2984 4739 ac
3008 4680 3231 4736 minime
3250 4678 3419 4733 dubio
3468 4676 3783 4732 admittunt.

2280 4777 2487 4834 Octavo
2527 4776 2729 4833 saeculo
2764 4773 3003 4831 Joannes
3039 4771 3412 4827 Damascenus
3460 4769 3513 4825 in
3548 4767 3643 4823 lib.
3674 4764 3789 4820 Pa-

2208 4869 2409 4937 rallel.,
2432 4867 2768 4924 etAntonius
2796 4867 3042 4938 ejusdem
3064 4861 3407 4930 Damasceni,
3433 4870 3493 4917 ut
3520 4857 3786 4925 creditur,

2209 4963 2516 5034 discipulus
2547 4963 2601 5017 in
2630 4961 2868 5017 Melissa.

2281 5056 2435 5113 Nono
2479 5057 2679 5113 saeculo
2713 5054 2962 5109 Andreas
2988 5050 3538 5123 Hierosolymitanus,
3568 5047 3790 5103 Creten-

2210 5151 2353 5207 sium
2390 5151 2853 5222 archiepiscopus,
2897 5148 3086 5204 homil.
3130 5147 3166 5200 2
3207 5146 3261 5200 in
3299 5142 3594 5198 Nativitatc
3622 5142 3790 5194 beatis

2214 5239 2778 5311 Mariw.Freculphus
2792 5239 3152 5296 Lexoviensis
3197 5239 3252 5292 in
3286 5235 3523 5303 Hirtam,
3557 5230 3788 5288 Michael

2210 5336 2476 5410 Syngelus
2507 5336 2560 5389 in
2587 5333 2842 5388 Eucomio
2873 5333 3096 5403 Diongs.
3128 5332 3321 5400 Areop.

2282 5432 2504 5488 Decimo
2551 5428 2755 5486 smeulo
2784 5426 3184 5498 Metaphrastes
3218 5426 3272 5480 in
3306 5424 3552 5496 martyrii
3594 5420 3789 5494 lgnatii

2210 5525 2380 5581 nostri
2414 5523 2585 5578 Actis.

2283 5620 2581 5676 Undecimo
2606 5618 2804 5674 saeculo
2835 5626 3027 5678 auctor
3053 5616 3297 5673 locorum
3324 5612 3697 5672 communium
3732 5610 3789 5665 in

2210 5714 2545 5770 Bibliotheca
2577 5711 2896 5769 Oxoniensi.

598 5841 889 5913 ’Epist.ad
912 5839 1076 5895 Trall.
1144 5838 1483 5913 ’_Epist.__ad_
1510 5836 1702 5913 chid.
1777 5840 1798 5872 ³
1833 5838 1964 5895 Adv.
1996 5838 2214 5898 llelvid.
2294 5836 2336 5870 ιθ
2371 5849 2492 5905 cap.
2527 5830 2625 5899 '56,
2653 5846 2707 5903 p.
2740 5827 2867 5884 448.
2925 5829 2965 5860 ¹¹
3001 5824 3160 5900 Apud
3189 5823 3349 5884 Pbot.
3388 5823 3443 5880 in
3471 5822 3604 5880 Bibl.
3630 5836 3789 5876 num.

531 5911 658 5969 528.
682 5907 695 5913 ’
738 5916 778 5948 ¹²
816 5913 958 5970 Ibid.
985 5926 1137 5966 num.
1169 5907 1293 5966 552.
1376 5910 1417 5940 ¹³
1456 5907 1599 5964 Ibid.
