4138 6400
357 429 453 484 5t)!

427 547 764 608 Duodecimo
792 543 990 604 saeculo
1016 540 1290 601 Honorius
1317 541 1852 614 Augustodunensis.

436 643 653 699 Decimo
692 641 853 697 tertio
887 637 1087 696 saeculo
1110 635 1330 693 Nicetas
1369 635 1663 692 Choniates
1708 635 1763 690 iu
1791 634 1932 691 The-

357 750 549 801 sauro,
595 731 866 806 Georgius
902 731 1289 802 Pacbymeres,
1319 735 1376 782 et
1403 726 1676 782 Robertus
1717 726 1933 781 Lincol-

361 827 569 884 niensis
593 826 904 896 episcopus,
935 831 1164 894 uterque
1191 821 1308 877 suis
1337 820 1392 874 in
1417 819 1637 891 Dionys.
1664 819 1929 891 Areopag.

347 912 795 972 Commentariis.

298 999 306 1008 ’
432 1004 654 1061 Decimo
686 1012 884 1074 quarto
937 1001 1140 1058 saeculo
1190 999 1529 1070 Nicephorus
1579 998 1824 1053 Calixtus
1876 998 1932 1054 in

363 1096 574 1152 Hister.
621 1095 718 1151 lib.
755 1112 837 1161 ιιι,
881 1109 1000 1165 cap.
1030 1093 1118 1159 19,
1178 1101 1342 1162 atque
1397 1091 1490 1147 alii
1544 1092 1932 1162 quamplurimi

357 1204 486 1244 cum
514 1187 620 1244 hoc
662 1187 864 1243 saeculo
908 1194 1022 1241 tum
1065 1185 1493 1256 posterioribus,
1537 1187 1632 1253 qui
1672 1186 1933 1256 quoniam

357 1280 582 1336 cuilibet
623 1288 754 1335 sunt
794 1279 962 1347 obvii,
995 1279 1064 1334 iis
1099 1278 1419 1350 singillatim
1463 1278 1800 1348 appellandis
1841 1295 1935 1334 su-

357 1370 738 1442 persedemus.

423 1460 543 1517 Jam
571 1476 700 1516 vero
723 1476 789 1516 ex
819 1460 1189 1516 eruditissima
1225 1468 1302 1514 tot
1335 1459 1556 1514 testium
1588 1458 1770 1514 omnis
1801 1466 1932 1513 aeta—

357 1552 431 1608 tis
457 1559 512 1607 et
538 1550 868 1606 conditionis
901 1549 1248 1604 multitudine
1279 1548 1404 1617 quis
1444 1563 1551 1602 non
1583 1547 1729 1602 videt
1759 1562 1930 1616 pauca

354 1660 481 1701 esse
523 1644 876 1714 antiquorum
906 1641 1130 1697 Patrum
1179 1656 1368 1710 opera,
1403 1656 1524 1710 qua:
1564 1655 1666 1696 suo
1705 1653 1934 1709 quaeque

357 1735 570 1791 auctori
596 1733 867 1805 pluribus,
897 1748 1063 1802 quam
1104 1733 1223 1789 istae
1251 1733 1448 1802 lgnatii
1482 1732 1747 1802 epistolae,
1780 1731 1932 1786 testi-

355 1827 463 1883 bus
498 1826 871 1882 vindicentur?
898 1825 1103 1880 Deinde
1143 1839 1304 1880 nemo
1347 1839 1620 1894 unquam,
1667 1823 1772 1878 nisi
1807 1821 1932 1876 Dal-

1326 418 1389 478 D.
1430 415 1722 476 NOUtRR-ll
1757 415 2241 475 DISSERTATIO.
2273 448 2344 459 —
2378 414 2560 473 PARS
2598 413 2641 470 1.

1957 545 2003 602 Α
2029 550 2135 605 est,
2165 555 2272 595 non
2298 539 2519 596 alterius
2548 537 2832 611 cujusdam
2859 538 3210 607 recentioris,
3239 537 3388 611 quod
3413 552 3608 610 sugge-

3504 412 3609 471 502

2038 649 2160 690 rere
2198 633 2524 690 videbantur
2565 631 2814 704 quaedam
2869 649 2899 688 a
2954 649 3170 690 summo
3206 633 3325 689 viro
3362 632 3609 688 Gerardo

2002 723 2019 758 η
2040 724 2233 782 Vossio
2273 727 2328 783 in
2355 742 2456 782 suo
2479 725 2546 781 de
2572 725 2775 782 Graecis
2810 725 3170 797 scriptoribus
3197 741 3363 797 opere
3399 725 3562 780 allata
3591 743 3604 788 ;

2033 820 2195 890 idque
2218 819 2387 874 solide
2418 826 2473 875 et
2494 818 2613 876 fuse
2635 819 2974 874 demonstrat
3002 818 3408 875 eruditissimus
3438 817 3607 884 Goar,

2033 928 2192 983 quem
2225 913 2402 979 adeat,
2429 913 2475 968 si
2504 913 2626 982 quis
2660 911 2839 966 adhuc
2864 911 3093 967 dubitet.
3127 929 3147 964 ι
3192 911 3479 967 Adivimus
3504 927 3606 966 nos

2031 1003 2463 1058 eruditissimum
2510 1001 2743 1066 Goar",
2792 1008 2954 1069 atque
3007 1001 3124 1055 haec
3179 999 3451 1068 ipsissima
3483 997 3603 1068 ejus

2031 1094 2219 1162 verba,
2249 1109 2370 1164 quae
2398 1095 2733 1149 contrarium
2769 1093 2930 1163 plane
2961 1091 3290 1162 signiﬁcant,
3331 1091 3600 1161 legimus:

2038 1207 2058 1243 ι
2113 1188 2427 1244 Canonicus
2493 1201 2780 1242 sacrorum
2845 1185 3137 1268 libroruma'
3176 1183 3470 1239 laterculus
3534 1184 3603 1239 ad

2031 1279 2539 1351 Chronographiam
2569 1278 2706 1333 nihil
2748 1287 3022 1347 spectans,
3056 1275 3292 1331 librarii!
3320 1275 3599 1348 πάρεργον

2029 1376 2326 1444 judicatur.
2365 1392 2384 1425 ι
2433 1371 2550 1427 Non
2599 1372 2770 1427 solide
2804 1373 2971 1440 igitur
3004 1355 3055 1426 et
3086 1371 3206 1424 fuse
3248 1368 3338 1423 ille
3368 1369 3599 1423 demon-

2033 1477 2190 1534 strat,
2228 1466 2322 1522 sed
2365 1466 2526 1535 plane
2570 1465 2894 1535 penitusque
2929 1470 3090 1535 negat
3137 1463 3279 1519 hanc
3311 1461 3601 1516 Stichome-

2035 1560 2193 1612 triam
2222 1556 2510 1627 Nicephori
2540 1573 2678 1627 opus
2706 1571 2856 1624 esse;
2885 1565 2938 1611 et
2964 1557 3104 1611 hanc
3130 1555 3333 1611 claram
3365 1565 3601 1609 certam-

2032 1667 2137 1721 que
2183 1651 2462 1705 sentcntiae
2500 1665 2612 1707 suae
2649 1649 2857 1720 profert
2900 1649 3165 1703 rationem
3191 1688 3206 1713 ,
3256 1649 3401 1718 quod
3432 1646 3601 1701 nimi-

2031 1758 2150 1796 rum
2178 1741 2267 1795 illa
2289 1741 2355 1794 ad
2377 1739 2662 1810 Nicephori
2683 1740 3182 1810 Chronographiam
3210 1738 3345 1791 nihil
3374 1745 3601 1807 spectet.

2033 1835 2089 1890 Id
2123 1849 2256 1889 sane
2280 1849 2402 1888 cum
2427 1833 2595 1902 probe
2626 1832 2947 1902 intelligeret
2973 1831 3152 1886 Dallzei
3176 1829 3428 1885 defensor
3459 1845 3600 1884 nova

354 1919 516 1974 lasani
557 1933 753 1974 sensus
792 1917 977 1981 homo,
1009 1931 1139 1971 vero
1167 1915 1349 1970 credet
1384 1928 1508 1970 esse
1535 1913 1713 1970 simile
1741 1927 1930 1968 omnes
1961 1924 2005 1982 Β
2033 1928 2274 1992 ratione,
2329 1935 2383 1980 ει
2431 1927 2649 1995 quidem
2692 1925 2892 1979 mirum
2940 1925 2993 1978 in
3042 1924 3264 1979 modum
3311 1923 3604 1992 singulari,

353 2011 586 2067 omnino
613 2011 712 2066 hos
741 2010 1039 2078 scriptores
1070 2023 1134 2063 eo
1159 2007 1420 2062 caecitatis
1454 2007 1542 2061 vel
1589 2005 1930 2077 negligentiae

354 2103 644 2158 devenisse
667 2102 730 2168 ιδ,
769 2120 788 2154 ι
823 2110 882 2154 ιιι
905 2098 1126 2155 Eusebii
1158 2098 1307 2153 falsae
1335 2100 1402 2153 de
1428 2097 1726 2168 lgnatianis
1756 2097 1931 2165 suspi-

354 2193 504 2247 cioni
541 2206 609 2245 ex
650 2189 886 2261 quadam
938 2189 1109 2243 animi
1157 2187 1506 2258 simplicitate
1555 2187 1760 2257 absque
1803 2187 1929 2242 dolo

356 2284 524 2350 malo,
556 2282 651 2340 sed
680 2282 886 2352 absque
915 2288 1063 2336 certa
1101 2280 1316 2335 ratione
1346 2298 1366 2332 ›
1401 2278 1749 2334 adhaeserint.
1785 2276 1930 2334 Prac—

354 2385 506 2431 terea
531 2390 630 2430 cur
657 2373 920 2441 haeretici,
948 2373 1149 2444 quibus
1171 2371 1482 2427 testimonia
1511 2369 1706 2440 ignatii
1740 2386 1807 2426 ex
1843 2371 1930 2427 his

354 2466 603 2537 epistolis
634 2465 942 2535 desumpta,
972 2465 1039 2520 ad
1071 2463 1394 2518 refellendas
1425 2478 1616 2518 eorum
1645 2463 1931 2532 opiniones

352 2559 778 2628 objiciebantur,
835 2557 913 2611 nil
961 2558 1030 2611 de
1083 2572 1275 2612 earum
1346 2555 1584 2611 falsitate
1637 2555 1930 2626 aliquando

354 2651 618 2720 suspicati
659 2657 807 2717 sunt,
849 2649 1096 2719 nihilque
1124 2663 1366 2718 unquam
1405 2648 1474 2702 ad
1515 2663 1706 2704 eorum
1744 2657 1933 2702 aucto.

353 2744 572 2798 ritatem
623 2741 980 2809 elevandam,
1033 2740 1421 2805 minuendam,
1467 2747 1562 2793 aut
1610 2739 1661 2792 in
1705 2739 1928 2793 dubium

353 2833 724 2890 revocandam
768 2832 1088 2888 adinvenire
1131 2831 1214 2886 vel
1251 2831 1564 2900 excogitare
1602 2831 1933 2900 potuerunt?

353 2925 470 2981 Cur
515 2926 751 2995 denique
796 2924 851 2978 hi
901 2938 1095 2980 omnes
1148 2923 1444 2991 scriptores
1497 2930 1549 2976 et
1589 2922 1841 2976 catholici
1881 2931 1934 2977 ct

355 3017 632 3081 haeretici,
671 3025 836 3086 atque
876 3016 912 3070 ii
947 3030 1182 3086 quorum
1233 3013 1453 3084 plurimi
1504 3014 1794 3077 intererat,
1837 3014 1934 3069 has

355 3110 616 3178 epistolas
677 3107 986 3177 repudiare,
1040 3107 1107 3160 ad
1163 3121 1256 3160 eas
1317 3104 1526 3175 Ignatio
1577 3105 1934 3160 vindicandas

357 3210 514 3257 tanto
551 3214 828 3255 consensu
859 3199 1272 3268 conspirarunt;
1314 3198 1419 3252 nisi
1449 3197 1577 3267 quia
1601 3196 1720 3251 illas
1745 3186 1930 3252 verum

355 3305 412 3350 et
436 3293 731 3364 genuinum
758 3291 950 3361 lgnatii
974 3307 1110 3360 opus
1134 3305 1254 3345 esse
1277 3290 1600 3345 certissimis
1628 3289 1931 3344 rationibus

357 3398 682 3455 persuasum
710 3381 933 3454 omnino
963 3381 1241 3436 habuere?

945 3513 1176 3570 CAPUT
1215 3513 1348 3568 VIII.

354 3650 737 3693 BESPONDETUR
776 3648 1080 3689 OBJECTIONI
1120 3649 1187 3686 EX
1226 3646 1505 3685 NICEPIIORI
1547 3647 1615 3684 ΕΤ
1656 3645 1931 3685 ANASTASII

861 3718 1184 3758 TESTIHONIO
1222 3717 1454 3756 ΡΕτΙΤΑΞ.

359 3817 390 3889 §
433 3816 473 3871 1.
517 3815 876 3888 Nicephorum
914 3830 1017 3868 non
1053 3831 1163 3868 esse
1201 3822 1470 3867 auctorem
1511 3812 1930 3867 Stichometriae.

431 3932 512 3986 Ex
548 3933 616 3988 iis
646 3931 800 4002 ipsis,
846 3946 985 4001 quos
1031 3929 1331 3985 adversarii
1369 3929 1527 3984 nobis
1564 3928 1759 3984 deinde
1789 3929 1932 3998 obji-

355 4025 532 4088 ciunt,
566 4022 928 4092 scriptoribus
960 4037 1162 4076 novum
1204 4031 1531 4091 argumento
1560 4029 1752 4075 nostro
1792 4036 1930 4089 pon-

355 4118 462 4171 dus
493 4124 548 4170 et
574 4114 742 4169 robur
770 4113 996 4169 accedit.
1047 4111 1197 4179 Quos
1232 4113 1399 4178 enim,
1433 4127 1640 4182 quaeso,
1680 4111 1935 4166 eruditis-

357 4208 535 4271 simrc,
568 4219 732 4274 quam
775 4200 1154 4273 produximus,
1192 4208 1271 4254 tot
1310 4200 1552 4254 virorum
1600 4195 1936 4251 multitudini

356 4296 688 4367 opponunt?
747 4294 896 4349 Duos
947 4293 1030 4347 vel
1091 4295 1273 4362 potius
1332 4305 1502 4346 unum
1558 4287 1936 4343 tantummodo

357 4399 640 4444 auctorem
671 4428 686 4454 ,
738 4385 1030 4456 quemdam
1084 4384 1292 4440 scilicet
1349 4396 1722 4453 anonymum,
1772 4395 1935 4449 quem

357 4480 594 4536 Dallzrus
625 4479 764 4534 falso
795 4487 949 4548 putat
979 4477 1148 4533 fuisse
1175 4475 1539 4545 Nicephorum
1568 4472 1934 4543 patriarcham

355 4573 1048 4643 Constantinopolitanum,
1081 4579 1134 4624 et
1153 4567 1528 4630 Anastasium,
1563 4566 1656 4636 qui
1686 4565 1934 4619 Grmcum

358 4664 652 4735 Nicephori
681 4665 765 4720 vel
787 4664 970 4734 potius
1004 4661 1259 4731 anonymi
1293 4675 1431 4729 opus
1461 4657 1651 4712 Latine
1680 4655 1933 4722 reddidit,

357 4758 466 4825 vel,
489 4761 535 4812 si
578 4757 738 4824 velis,
774 4764 833 4811 ut
871 4754 1117 4824 loquitur
1145 4751 1329 4806 Dallzci
1360 4749 1634 4817 defensor,
1667 4747 1759 4819 qui
1803 4747 1934 4801 illud

363 4871 383 4903 ι
414 4851 716 4920 adoptavit.
751 4867 771 4902 ι
806 4845 1183 4903 Examinanda
1210 4853 1294 4900 est
1322 4843 1483 4914 igitur
1513 4842 1674 4912 hujus
1699 4841 1933 4910 scripto-

356 4942 437 4996 ris
467 4941 767 4995 auctoritas
796 4947 850 4993 et
875 4937 1267 4994 testimonium.
1300 4933 1483 4988 Primo
1514 4933 1745 4987 Dallacus
1774 4931 1936 4986 Nice-

358 5032 599 5102 phorum
657 5029 1066 5086 liberalissimis
1120 5035 1281 5085 ornat
1336 5025 1628 5091 laudibus,
1689 5033 1743 5080 et
1789 5025 1938 5078 hunc

359 5122 670 5178 Dallaaanus
688 5121 943 5178 defensor
970 5121 1165 5176 «ictum
1182 5140 1198 5172 ι
1216 5118 1399 5174 ιιοὶιίε‹
1421 5117 1673 5173 lethalem
1695 5136 1713 5171 ι
1733 5115 1938 5173 inferre

357 5227 639 5272 asseverat
673 5215 738 5271 ".
771 5214 878 5270 Sed
907 5214 1024 5279 ubi,
1059 5213 1275 5280 amabo,
1301 5211 1386 5266 vir
1420 5209 1510 5266 ille
1545 5209 1780 5266 summis
1809 5211 1934 5264 lau—

357 5307 524 5362 dibus
573 5306 876 5374 ornandus,
931 5306 1098 5361 ictum
1138 5303 1393 5359 lethalem
1427 5302 1584 5357 nobis
1624 5301 1851 5357 intulit?
1879 5299 1937 5357 In

361 5394 756 5463 Sticltometria,
804 5396 1090 5466 inquiunt,
1147 5409 1270 5466 quae
1317 5392 1537 5463 quidem
1595 5391 1732 5446 nihil
1788 5391 1938 5446 aliud

359 5504 528 5558 quam
571 5487 940 5560 fragmentum
974 5497 1087 5553 est,
1126 5485 1193 5540 ad
1229 5485 1433 5541 calcem
1475 5483 1938 5554 Chronographiae

357 5580 653 5650 Nicephori
700 5595 732 5634 a
762 5581 990 5635 .ibrario
1015 5579 1201 5649 aliquo
1232 5577 1527 5648 adjectum.
1577 5573 1809 5630 Dallzeus
1838 5591 1939 5630 au-

358 5686 467 5731 tem
495 5671 861 5742 Nicephorum
899 5673 1043 5727 illius
1073 5679 1351 5726 auct0rem
1380 5683 1500 5724 esse
1529 5668 1671 5722 miro
1699 5668 1934 5738 quodam

359 5775 686 5835 argumento
711 5772 1019 5836 propugnat
1045 5764 1124 5819 “z
1167 5781 1185 5815 ι
1209 5761 1383 5832 Hujus
1432 5761 1606 5830 ipsius
1643 5759 1930 5830 Nit-ephori

446 5869 642 5926 “Dall.
661 5883 778 5941 cap.
797 5869 884 5936 36,
910 5869 1102 5940 p.448.
1195 5878 1236 5910 η
1271 5892 1392 5949 pag.
1430 5877 1518 5931 14.

1595 5877 1635 5908 ⁸⁵
1671 5891 1785 5946 cap.
1819 5874 1870 5944 ι,
1902 5889 1956 5946 p.
1985 5873 2111 5930 245.

2031 2021 2274 2076 eamdem
2308 2017 2737 2073 Stichometriam
2765 2016 3073 2087 Nicephoro
3103 2018 3452 2070 vetustiorem
3480 2031 3602 2072 esse

2032 2111 2359 2181 suspicatur.
2397 2129 2417 2164 ι
2441 2108 2780 2174 Vehementi,
2824 2109 3000 2178 inquit
3027 2111 3089 2177 ‘3,
3126 2112 3389 2166 sollicitor
3421 2113 3603 2182 suspi-

2031 2205 2208 2270 cione,
2253 2212 2312 2256 ut
2351 2203 2568 2257 credam
2615 2203 2800 2267 istam,
2855 2218 2961 2272 qua
3005 2202 3072 2258 de
3123 2205 3356 2274 agimus,
3391 2205 3600 2259 Sticho-

2032 2297 2276 2350 metriam
2306 2292 2614 2364 Nicephoro
2660 2296 2778 2365 ipso
2817 2296 3167 2352 vetustiorem
3213 2313 3355 2354 csse.
3386 2296 3601 2352 Nemini

2032 2387 2175 2442 enim
2209 2403 2396 2443 eorum
2431 2388 2523 2458 qui
2559 2388 2672 2442 haec
2714 2389 2892 2443 studia
2927 2389 3012 2443 vel
3039 2392 3269 2446 summis
3307 2391 3480 2449 labris
3508 2392 3603 2446 de-

2034 2487 2359 2547 gustarunt,
2399 2477 2566 2532 latere
2608 2486 2737 2546 puto
2779 2478 2976 2532 horum
3020 2478 3385 2533 indiculorum
3439 2495 3598 2533 usum

2034 2568 2126 2623 diu
2160 2579 2284 2624 ante
2317 2569 2680 2640 Nicephorum
2716 2569 3035 2624 obtinuisse.
3069 2570 3113 2623 A
3138 2586 3266 2625 vero
3299 2570 3462 2641 igitur
3488 2586 3599 2624 non

2034 2662 2290 2717 abhorret
2335 2660 2699 2730 Nicephorum
2749 2660 3176 2714 Stichometriam
3213 2661 3372 2716 istam
3408 2677 3438 2715 a
3466 2661 3604 2715 scri-

2033 2764 2190 2822 ptore
2236 2767 2294 2809 se
2331 2752 2625 2807 admodum
2669 2751 2966 2807 vetustiore
2997 2751 3255 2807 habuisse
3300 2753 3383 2807 vel
3420 2753 3604 2823 potius

2033 2860 2154 2900 eam
2195 2846 2248 2899 in
2279 2845 2424 2900 calce
2451 2844 2814 2913 antiquissimi
2843 2859 3123 2899 sacrorum
3153 2844 3416 2898 librorum
3452 2845 3605 2900 codi-

2034 2935 2114 2990 cis
2151 2946 2365 2989 nactam
2402 2933 2503 2988 sibi
2530 2933 2838 3002 adoptasse,
2887 2948 3109 3003 sua-que
3143 2931 3608 3003 Chronographim

2035 3025 2430 3082 subtexuisse.»
2464 3023 2659 3079 Verum
2686 3033 2746 3079 ut
2769 3024 3061 3079 vehemens
3087 3024 3389 3080 defensoris
3424 3027 3604 3096 suspi-

2034 3117 2120 3171 cio
2152 3116 2354 3186 aliquid
2393 3114 2683 3170 soliditatis
2721 3113 2963 3180 haberet,
3001 3114 3102 3184 ipsi
3143 3114 3321 3184 primo
3365 3116 3604 3185 probati.-

2035 3209 2164 3262 dum
2198 3216 2315 3261 erat
2342 3207 2543 3260 nullam
2592 3205 3032 3259 Stichometriam
3069 3204 3376 3276 Nicephoro
3418 3222 3606 3264 recen-

2035 3303 2229 3360 tiorem
2275 3315 2416 3366 esse,
2447 3300 2539 3354 sed
2571 3313 2762 3354 omnes
2791 3315 2899 3353 non
2938 3299 3117 3354 solum
3161 3299 3607 3355 illovetustiores

2033 3408 2174 3460 esse,
2211 3392 2304 3447 sed
2334 3410 2351 3440 ι
2387 3391 2678 3446 admodum
2715 3390 3104 3447 vetustiores.»
3144 3391 3346 3445 Deinde
3368 3391 3471 3460 ipsi
3505 3392 3605 3446 ad-

2033 3489 2141 3543 huc
2186 3487 2673 3542 demonstrandum
2715 3493 2834 3539 erat
2866 3486 3116 3540 eumdem
3159 3486 3459 3542 indiculum
3495 3503 3603 3541 non

2036 3591 2064 3628 a
2107 3574 2360 3636 librario,
2400 3573 2494 3628 sed
2551 3589 2582 3628 a
2629 3572 2935 3642 Nicephoro
2980 3574 3098 3642 ipso
3141 3574 3610 3647 Cbronographia:

2036 3681 2148 3720 suae
2198 3663 2626 3733 superadditum.
2668 3663 2758 3717 llle
2810 3672 2988 3718 autem
3038 3673 3289 3719 neutrum
3339 3665 3448 3719 ulla
3500 3682 3605 3719 un-

2035 3773 2197 3827 quam
2221 3756 2430 3810 ratione
2462 3755 2729 3824 probabit.
2765 3755 2968 3810 Contra
2995 3769 3144 3820 vero,
3177 3756 3269 3827 qui
3299 3757 3608 3811 manuscri-

2034 3859 2156 3920 ptos
2190 3848 2404 3903 codices
2437 3848 2521 3902 vel
2563 3847 2789 3902 minimo
2823 3847 3003 3903 studio
3037 3850 3383 3918 pervolutare
3407 3849 3606 3917 solent,

2035 3942 2075 3996 ii
2101 3951 2251 3996 certo
2300 3940 2502 3995 certius
2544 3948 2813 3994 noverunt
2860 3940 3207 3996 librariorum
3244 3956 3449 3996 morem
3484 3959 3608 4000 esse

2036 4033 2138 4088 hos
2172 4030 2462 4098 indiculos,
2490 4031 2705 4100 aliaque
2732 4031 3004 4100 ejusmodi
3048 4033 3247 4102 scripta
3279 4034 3392 4089 sive
3417 4050 3607 4090 recen-

2035 4124 2174 4179 tiora
2205 4123 2319 4178 sive
2349 4122 2647 4176 vetustiora
2690 4121 2743 4175 in
2774 4123 3068 4189 librorum,
3097 4118 3236 4195 quos'
3265 4125 3606 4195 describunt,

2036 4215 2145 4269 ﬁne
2195 4228 2336 4284 saepe
2388 4213 2586 4282 saapius
2637 4213 2890 4283 adjicere.
2958 4213 3131 4269 Porro
3184 4226 3362 4272 autem
3415 4219 3608 4276 demus

2036 4307 2256 4374 Dallaeo,
2280 4305 2425 4376 quod
2451 4315 2628 4360 tamen
2662 4305 2861 4362 falsum
2887 4309 3147 4375 est,hanc
3181 4309 3609 4366 Stichometriam

2038 4413 2068 4453 a
2091 4395 2394 4466 Nicephoro
2428 4396 2739 4465 patriarcha
2767 4395 2935 4453 fuisse
2958 4398 3192 4466 editam;
3224 4399 3415 4456 demus
3441 4402 3606 4456 etiam

2037 4487 2156 4559 ejus
2181 4486 2476 4552 defensori,
2515 4485 2660 4555 quod
2695 4488 2810 4556 ipse
2839 4504 3119 4558 nunquam
3156 4491 3430 4558 probabit,
3460 4491 3605 4547 illam

1969 4594 2012 4652 ι)
2037 4592 2173 4646 opus
2203 4592 2323 4632 esse
2354 4576 2594 4632 auctoris
2638 4574 2945 4647 Nicephoro
2987 4577 3105 4648 ipso
3133 4579 3424 4635 admodum
3457 4593 3609 4637 vetu-

2036 4669 2252 4735 stioris;
2312 4670 2559 4740 nunquid
2606 4671 2768 4726 unius
2813 4669 3134 4740 Nicephori,
3189 4675 3273 4727 vel
3318 4675 3608 4744 cujusdam

2039 4763 2297 4833 anonymi
2329 4771 2383 4818 et
2429 4761 2690 4833 incogniti
2723 4761 3010 4834 scriptoris
3049 4764 3315 4833 judicium
3361 4766 3523 4822 clara:
3555 4778 3609 4823 et

2036 4855 2274 4910 evidenti
2317 4855 2563 4911 omnium
2613 4855 2793 4911 omnis
2838 4856 3013 4910 aetatis
3058 4856 3503 4912 doctissimorum
3553 4868 3609 4914 et

2039 4946 2454 5002 notissimorum
2523 4946 2766 5000 virorum
2840 4947 3121 5002 sententiae
3213 4947 3607 5016 praeferendum

2037 5035 2166 5091 est?

2079 5127 2106 5198 §
2139 5126 2201 5182 11.
2245 5125 2399 5182 Hanc
2444 5125 2886 5198 Stichometriam
2913 5125 3062 5198 nihil
3097 5127 3296 5195 ofﬁcere
3336 5127 3575 5196 epistolis

2720 5195 2942 5266 Ignat-t't'.

2113 5287 2219 5343 Sed
2254 5304 2370 5359 age,
2395 5288 2770 5344 auctoritatem
2802 5298 2856 5344 et
2886 5287 3255 5343 testimonium
3284 5287 3447 5358 hujus
3476 5291 3614 5345 scri-

2037 5381 2234 5452 ptOris,
2265 5383 2579 5452 quicunque
2614 5381 2830 5435 tandem
2862 5382 2953 5436 ille
2981 5379 3164 5448 fuerit,
3205 5382 3605 5437 examinemus.

2037 5472 2090 5529 Is
2127 5474 2310 5529 varios
2343 5474 2603 5528 librorum
2648 5489 2818 5529 sacrae
2849 5473 3145 5544 Scriptura:
3178 5475 3487 5543 composuit
3517 5490 3612 5530 ca-

2039 5568 2271 5639 talogos,
2301 5568 2502 5637 quibus
2531 5576 2882 5623 recensentur
2908 5585 2922 5622 :
2950 5568 3002 5622 1⁰
3032 5566 3243 5622 Veteris
3274 5567 3608 5625 Testamenti

2040 5661 2195 5727 libri;
2231 5660 2288 5715 2°
2318 5659 2453 5716 Novi
2480 5659 2814 5716 Testamenti
2836 5678 2849 5728 ;
2868 5664 2952 5718 5°:
2972 5661 3103 5728 Quae
3119 5674 3226 5713 non
3253 5659 3612 5714 admittuntur

2041 5752 2252 5810 Veteris
2282 5752 2615 5809 Testamenti
2653 5753 2980 5824 Scriptum;
3012 5753 3068 5806 4ο
3097 5751 3228 5819 Quae
3263 5750 3473 5808 Veteris
3507 5749 3613 5806 Te‘

2196 5873 2234 5904 ’⁷
2270 5871 2328 5926 1η
2367 5869 2620 5929 Adnotat.
2654 5886 2705 5941 p.
2740 5870 2825 5927 88.
2909 5869 2950 5902 ¹⁹
2987 5883 3110 5940 pag.
3151 5864 3235 5920 H.
