4138 6458
550 438 655 495 505

1614 436 1672 491 S.
1714 435 2063 493 IGNATIUS.
2099 468 2165 475 —
2206 432 2737 490 PROLEGOMENA.

3686 428 3791 487 504

551 550 807 607 stamenti
832 554 1141 625 apocrypha
1178 568 1496 621 censemus;
1532 554 1586 610 5°
1613 553 1744 622 Quae
1768 553 1903 611 Novi
1933 554 2121 612 Testa—
2151 558 2196 614 Α
2223 552 2572 625 confugiunt,
2605 561 2668 609 ut
2693 551 2885 609 saltem
2923 558 3074 607 mnta
3111 566 3179 607 ac
3206 547 3387 607 silenti
3424 548 3789 620 quorumdam

550 644 719 698 menti
776 653 905 698 sunt
961 645 1297 718 apocrypha.
1342 649 1645 721 iAtqumin
1670 648 1773 703 hoc
1826 647 2117 718 posteriori

549 736 743 791 ordine
772 736 963 809 lgnatii
990 738 1268 809 epistolas,
1288 749 1383 795 aut
1414 742 1615 811 potius,
1642 750 1702 796 ut
1720 742 1834 812 ipse
1856 742 2117 811 loquitur,

548 828 853 884 doctrinam
882 832 1187 887 collocavit.
1227 830 1428 887 Verum
1472 834 1586 889 haec
1626 835 1866 890 auctoris
1903 833 2116 889 Sticho‘

546 920 750 974 metria:
791 922 952 976 verba
982 932 1037 977 et
1066 923 1451 995 inscriptiones
1498 926 1636 980 nihil
1685 926 1920 982 innuunt
1969 928 2117 983 aliud

546 1028 711 1084 quam
740 1012 932 1085 lgnatii
963 1016 1220 1085 epistolas
1247 1018 1389 1073 inter
1420 1019 1728 1091 apocrypha
1757 1018 1893 1074 Novi
1927 1020 2119 1077 Testa-

545 1105 714 1159 menti
760 1120 884 1161 esse
931 1107 1277 1175 rejieiendas,
1312 1109 1417 1164 hoc
1470 1119 1690 1175 est,eas
1739 1111 1880 1166 inter
1930 1129 2115 1170 sacros

543 1194 681 1251 Novi
709 1196 1045 1254 Testamenti
1071 1200 1240 1259 libros
1280 1217 1390 1258 non
1420 1218 1541 1258 esse
1565 1205 1951 1260 numerandas.
1982 1204 2115 1261 Eam

544 1290 738 1356 procul
784 1289 951 1347 dubio
982 1292 1054 1347 ob
1097 1306 1320 1347 causam
1372 1296 1705 1350 mentionem
1751 1295 1881 1352 facit
1928 1313 2115 1353 eorum

545 1383 925 1438 tantummodo
967 1384 1256 1454 librorum,
1285 1388 1381 1457 qui
1411 1390 1785 1457 apostolorum
1833 1398 1927 1443 aut
1954 1391 2116 1459 quin-

543 1488 652 1541 que
687 1464 1003 1530 eoruindem
1037 1477 1433 1549 discipulorum
1481 1495 1681 1536 nomen
1729 1481 2111 1551 praeferebant,

541 1580 792 1637 quosque
820 1582 887 1622 eo
916 1569 1137 1625 nomine
1167 1570 1485 1641 imprudens
1532 1573 1892 1642 quorumdam
1937 1574 2113 1644 pietas

541 1672 712 1713 sacrae
758 1656 895 1714 Novi
946 1659 1280 1717 Testamenti
1332 1662 1626 1733 Scriptura:
1667 1666 1867 1721 ascribi
1921 1666 2111 1722 volue—

540 1758 647 1805 rat.

609 1842 701 1909 At,
736 1842 988 1913 inquiunt
1015 1842 1295 1912 Dallaeani,
1325 1856 1515 1903 auctor
1548 1848 1636 1903 ille
1665 1849 1923 1920 epistolas
1951 1849 2109 1921 lgna-

539 1933 601 1987 tii
639 1934 828 1989 eodem
857 1951 1088 1991 numero
1121 1938 1397 1995 habendas
1427 1954 1547 1996 esse
1570 1951 1773 2007 censet,
1802 1961 1820 1994 ‹
1853 1959 1917 1999 ac
1946 1943 2111 2000 Itine-

538 2026 683 2081 raria
726 2026 891 2095 Petri,
930 2026 1155 2085 Joannis
1198 2041 1252 2085 et
1294 2030 1538 2100 Thomze,
1573 2050 1694 2104 qua:
1724 2052 1791 2091 ex
1817 2036 2110 2095 deterrimo

536 2134 734 2188 genere
784 2124 1224 2192 apocryphorum
1259 2143 1279 2176 ι
1346 2140 1468 2181 esse
1530 2128 1728 2197 sapius
1789 2130 2103 2187 decantant.

540 2208 693 2266 Unde
722 2211 885 2268 iidem
910 2216 1170 2271 audacter
1198 2217 1531 2273 concludunt
1557 2237 1570 2273 :
1600 2237 1618 2272 ι
1652 2218 1851 2275 Eadem
1888 2232 2108 2279 senten-

532 2301 610 2357 tia
639 2302 897 2360 damnata
943 2316 1239 2378 notataque
1278 2309 1448 2365 fuisse
1483 2310 1795 2381 lgnatiana,
1828 2314 1895 2369 ad
1926 2316 2105 2372 labem

531 2402 695 2465 atque
716 2395 1071 2467 ignominiam
1101 2402 1507 2470 sempiternam.
1534 2422 1553 2455 ›
1585 2404 1689 2460 Sed
1720 2422 1814 2462 eos
1842 2408 2108 2478 objectio-

531 2486 617 2542 nis
637 2489 803 2545 toties
830 2493 1073 2561 repetita:
1093 2493 1296 2562 pudere
1323 2495 1616 2565 aliquando
1640 2497 1935 2555 debuisset.
1976 2502 2104 2571 Epi-

531 2577 686 2633 stolae
730 2580 1001 2651 siquidem
1040 2582 1233 2655 lguatii
1282 2586 1511 2642 sincerae
1540 2603 1603 2645 ac
1639 2588 1759 2644 sine
1802 2590 2103 2662 interpola-

529 2670 794 2740 tionibus,
820 2689 958 2743 quas
990 2676 1134 2732 solas
1172 2676 1535 2747 defendimus,
1564 2682 1702 2736 nihil
1733 2683 1838 2738 nisi
1883 2700 2099 2753 sanum,

526 2763 894 2819 orthodoxum
952 2775 1009 2822 et
1049 2768 1374 2825 Christianis
1407 2772 1611 2841 totique
1641 2771 1895 2830 Ecclesia:
1924 2777 2103 2833 utilis-

529 2853 752 2919 simum,
781 2863 836 2911 et
857 2858 1095 2913 maxime
1120 2857 1460 2916 fructuosum
1491 2865 1948 2933 complectuntur.
1979 2866 2102 2924 Non

528 2954 825 3014 potuerunt
858 2963 988 3019 ergo
1019 2966 1142 3005 cum
1187 2951 1255 3007 iis
1296 2953 1669 3025 scriptis,quaa
1690 2975 1706 3006 ε
1731 2972 1795 3011 ex
1810 2958 2103 3015 deterrimo

526 3053 724 3107 genere
772 3043 1210 3113 apocryphorum
1246 3062 1264 3097 ι
1290 3046 1541 3111 somniis,
1564 3050 1973 3121 mendaciisque
2014 3069 2102 3109 re-

525 3128 688 3199 ferta,
714 3139 770 3187 et
799 3133 962 3189 certis
1006 3137 1230 3192 venenis
1270 3138 1515 3209 inspersa
1550 3142 1937 3206 sunt,teadem
1970 3160 2099 3200 sen-

523 3222 693 3277 tentia
740 3223 808 3278 ad
855 3223 1033 3280 labem
1088 3240 1251 3298 atque
1284 3231 1636 3304 ignominium
1673 3240 2093 3310 sempiternam»
2122 3252 2167 3311 ο

522 3314 793 3371 damnari.
826 3315 1014 3388 Itaque
1043 3328 1236 3375 auctor
1277 3321 1686 3393 Stichometriw,
1715 3327 1760 3381 si
1791 3328 1921 3397 quid
1952 3345 2099 3385 sana:

521 3406 723 3462 mentis
761 3407 1035 3473 habuerit,
1060 3410 1245 3465 omnia
1276 3414 1498 3483 scripta,
1526 3432 1648 3485 qua:
1698 3417 1943 3473 ultimam
1978 3420 2097 3490 ejus

519 3493 751 3550 classem
790 3500 1153 3566 constituunt,
1186 3502 1329 3558 inter
1359 3509 1668 3579 apocrypha
1711 3509 1848 3566 Novi
1896 3510 2095 3569 Testa-

518 3588 688 3642 menti
731 3591 1097 3661 amandando,
1132 3610 1195 3650 ea
1224 3612 1255 3651 a
1290 3614 1450 3653 sacro
1491 3600 1802 3657 divinarum
1847 3604 2096 3678 bcriptu-

516 3692 701 3733 rarum
729 3683 978 3755 catalogo
1001 3690 1377 3745 tantummodo
1404 3691 1667 3761 exclusit;
1697 3695 1791 3749 sed
1812 3697 1878 3751 de
1902 3712 2093 3767 eorum

521 3772 775 3839 utilitate,
808 3785 903 3831 aut
938 3776 1005 3832 de
1039 3794 1148 3849 quo
1181 3797 1380 3851 genere
1408 3786 1842 3857 apocrypltorum
1877 3788 2093 3860 singula

514 3866 789 3923 censenda
820 3869 950 3938 sint,
981 3871 1209 3927 liberam
1251 3874 1505 3931 omnibus
1535 3875 1817 3946 judicandi
1849 3877 1975 3934 fecit
2003 3896 2093 3950 po-

514 3967 792 4016 testatem.

658 4050 686 4123 §
721 4050 807 4106 lli.
848 4052 1030 4126 Neque
1049 4057 1393 4113 Anastasium
1420 4059 1608 4113 iisdem
1636 4076 1943 4131 repugnare.

586 4142 663 4198 De
710 4144 1008 4202 Anastasio
1057 4158 1271 4217 autem,
1318 4151 1414 4220 qui
1454 4149 1884 4207 Stichometriam
1935 4154 2087 4211 illam

513 4232 707 4291 Latine
740 4238 993 4304 reddidit,
1044 4240 1187 4295 idem
1231 4242 1457 4298 omnino
1490 4258 1554 4299 ac
1582 4244 1647 4299 de
1676 4245 1824 4301 illius
1864 4257 2087 4305 auctore

513 4330 894 4400 sentiendum;
916 4332 1000 4386 vel
1023 4334 1203 4403 potius
1224 4334 1517 4389 dicendum
1541 4345 1623 4393 est
1655 4338 1905 4393 eumdem
1945 4340 2088 4396 Ana-

511 4421 742 4476 stasium
771 4438 896 4478 cum
928 4425 1238 4493 interpretis
1276 4441 1385 4482 non
1417 4428 1594 4483 critici
1640 4430 1819 4485 ollicio
1860 4429 2082 4490 functus

509 4515 601 4581 sit,
622 4531 687 4571 ea
720 4532 844 4587 quae
882 4519 939 4572 in
969 4520 1341 4589 manuscripto
1372 4536 1474 4576 suo
1503 4521 1693 4578 codice
1722 4523 1908 4581 Graece
1942 4529 2080 4582 scri-

2223 647 2544 703 auctoritate
2580 646 2739 703 vanis
2769 646 2887 702 suis
2911 644 3322 700 velitationibus
3341 643 3523 698 locum
3550 643 3789 713 aliquem

2220 739 2439 794 dedisse
2464 738 2772 795 videantur.
2800 737 3033 793 Dallaeus
3056 737 3242 807 itaque
3262 750 3459 806 magna
3494 734 3789 790 verborum

2217 846 2415 902 pompa
2472 842 2856 903 argumentum
2903 846 3065 885 suum
3123 828 3438 898 negativum
3505 827 3786 897 proponit,

2218 925 2361 994 quod
2396 924 2537 979 hanc
2578 924 2633 977 in
2662 921 2893 977 formam
2939 932 3111 977 totum
3145 922 3427 977 reducitur
3454 940 3467 974 :
3491 939 3510 973 ι
3537 920 3786 988 Constat,

2219 1017 2396 1087 inquit
2422 1016 2512 1070 ille
2537 1017 2602 1078 ",
2636 1016 2756 1079 has,
2785 1031 2923 1085 quas
2952 1015 3115 1070 hodie
3159 1014 3392 1085 legimus
3429 1013 3711 1083 epistolas,
3740 1013 3788 1067 si

2217 1123 2345 1162 vere
2374 1105 2565 1177 lgnatii
2607 1113 2757 1170 sunt,
2799 1121 2911 1160 non
2954 1105 3198 1175 potuisse
3236 1118 3346 1157 non
3377 1118 3498 1158 esse
3532 1102 3790 1158 omnibus

2216 1199 2362 1253 illius
2402 1208 2456 1253 et
2502 1199 2764 1267 proximae
2804 1195 3061 1265 deinceps
3110 1195 3390 1250 memoriae
3435 1193 3786 1259 Christianis,

2215 1278 2515 1361 praesertim
2541 1303 2671 1343 vero
2701 1288 2956 1344 littel-atis
2994 1296 3049 1343 et
3098 1286 3350 1354 eruditis,
3380 1285 3428 1341 si
3457 1284 3552 1355 qui
3579 1294 3785 1352 essent;

2216 1382 2552 1437 notissimas.
2590 1381 2662 1436 At
2700 1382 2784 1437 bis
2812 1381 2969 1451 plane
2999 1379 3327 1450 penitusque
3366 1379 3579 1448 ignotas
3616 1376 3788 1432 fuisse

2215 1474 2315 1530 has
2363 1489 2576 1542 omnes,
2608 1488 2747 1546 quas
2798 1488 2947 1528 nunc
2991 1472 3279 1539 habemus,
3320 1468 3515 1540 lgnatii
3566 1469 3790 1524 nomine

2215 1566 2505 1637 inscriptas
2540 1566 2822 1636 epistolas,
2851 1566 3095 1634 ipsorum
3141 1578 3264 1635 quae
3296 1573 3592 1634 supersunt
3622 1578 3786 1634 Opera

2214 1657 2370 1725 satis,
2396 1664 2455 1713 ut
2488 1658 2624 1712 mihi
2659 1658 2879 1728 quidem
2920 1658 3153 1725 videtur,
3191 1666 3429 1729 arguunt
3454 1673 3520 1715 ac
3554 1658 3785 1715 demon-

2214 1757 2409 1804 strant.
2436 1749 2577 1821 Ergo
2600 1751 2909 1806 necessario
2942 1750 3074 1805 illud
3093 1765 3316 1821 quoque
3345 1749 3492 1819 quod
3518 1765 3619 1804 nos
3652 1764 3787 1804 con—

2214 1844 2507 1912 tendimus,
2540 1845 2908 1902 conﬁtendum
2935 1856 3038 1912 est,
3061 1844 3323 1914 epistolas
3345 1844 3468 1900 illas
3504 1858 3784 1913 nunquam

2142 1909 2184 1965 Β
2214 1936 2385 1993 fuisse
2429 1909 2501 1993 ab
2529 1937 2739 2009 lgnatio
2785 1909 3037 2009 scriptas.
3062 1909 3329 1992 i—Verum
3367 1952 3533 2007 quam
3569 1936 3784 1990 inﬁrma

2212 2031 2607 2101 nugatoriaque
2636 2031 2707 2086 sit
2738 2031 2854 2086 haec
2883 2030 3307 2102 argumentatio,
3333 2045 3398 2085 eo
3423 2030 3620 2083 invicte
3649 2044 3785 2083 con-

2210 2122 2410 2189 ﬁcitur,
2445 2124 2613 2192 quod,
2646 2124 2693 2179 si
2722 2124 2937 2180 roboris
2968 2123 3173 2193 aliquid
3204 2123 3426 2188 habeat,
3451 2122 3520 2177 ab
3553 2137 3615 2177 ea
3656 2120 3784 2176 Dal-

2209 2215 2341 2271 heus
2386 2216 2614 2286 ejusque
2666 2215 2907 2270 fautores
2963 2214 3349 2271 tantummodo
3407 2212 3676 2269 feriantur
3728 2223 3784 2269 et

2208 2306 2528 2361 obruantur.
2574 2306 2631 2361 In
2672 2307 2793 2363 illos
2844 2308 3112 2377 siquidem
3161 2309 3334 2377 ipsos,
3371 2307 3463 2376 qui
3512 2306 3784 2378 lgnatium

2207 2396 2436 2465 aliquas,
2464 2406 2524 2452 ut
2546 2397 2805 2464 diximus,
2835 2398 3095 2469 epistolas
3138 2399 3429 2467 scripsisse
3466 2398 3782 2453 ﬁrmissima

2206 2489 2611 2546 asseveratione
2637 2490 2927 2555 affirmant,
2952 2490 3061 2544 hoc
3088 2490 3231 2545 idem
3255 2499 3637 2560 argumentum
3668 2499 3782 2545 tota

2206 2593 2306 2634 sua
2341 2581 2416 2649 vi,
2453 2582 2713 2651 omnique
2766 2581 2968 2652 impetu
3014 2582 3096 2638 sic
3139 2582 3351 2637 recidit.
3388 2582 3617 2638 Constat
3668 2582 3781 2652 epi-

2204 2672 2374 2729 stolas
2414 2672 2482 2728 ab
2530 2673 2738 2745 lgnatio
2791 2675 3025 2743 scriptas
3069 2688 3177 2729 non
3211 2674 3458 2744 potuisse
3505 2691 3617 2730 non
3662 2690 3782 2731 esse

2203 2764 2457 2821 omnibus
2482 2774 2538 2821 et
2566 2767 2825 2836 proximae
2844 2766 3101 2837 deinceps
3126 2767 3405 2823 memoria:
3429 2767 3782 2835 Christianis,

2202 2857 2503 2929 praesertim
2552 2872 2682 2913 vero
2728 2858 2979 2913 litteratis
3024 2868 3079 2913 et
3142 2859 3376 2914 eruditis
3435 2860 3779 2917 notissimas.

2202 2947 2366 3019 Atqui
2399 2949 2677 3019 epistolas,
2710 2964 2847 3020 quas
2880 2949 3143 3006 Dallzeani
3189 2955 3258 3007 ab
3289 2950 3502 3021 lgnatio
3545 2954 3779 3022 scriptas

2199 3055 2323 3097 esse
2347 3041 2706 3109 contendunt,
2739 3059 2848 3098 non
2879 3043 2966 3099 his
2999 3045 3201 3109 solum,
3236 3044 3333 3100 sed
3366 3045 3621 3100 omnibus
3654 3055 3782 3101 ante

2197 3142 2399 3206 etpost
2430 3132 2752 3199 Eusebium,
2780 3133 2937 3203 plane
2977 3135 3307 3204 penitusque
3347 3134 3562 3204 ignotas
3606 3137 3782 3192 fuisse

2199 3234 2407 3282 eertum
2430 3236 2533 3280 est.
2562 3222 2779 3281 Nullum
2808 3227 2955 3282 enim
2979 3226 3072 3297 qui
3099 3241 3194 3282 eas
3216 3226 3466 3281 citaverit
3491 3236 3586 3281 aut
3607 3241 3780 3298 agno-

2198 3314 2339 3369 verit
2365 3323 2645 3369 auctorem
2696 3331 2938 3386 unquam
2985 3323 3284 3388 potuerunt
3318 3317 3581 3373 indicare.
3634 3317 3779 3387 Ergo

2198 3407 2514 3464 necessario
2548 3407 2680 3463 illud
2724 3423 2942 3478 quoque
2970 3409 3336 3466 conﬁtendum
3376 3422 3461 3467 est
3484 3413 3604 3478 has,
3639 3426 3780 3482 quas

2198 3500 2387 3554 dicunt
2404 3499 2683 3566 Dallaeani,
2711 3515 2994 3571 nunquam
3023 3502 3093 3556 ab
3117 3501 3327 3573 lgnatio
3349 3505 3583 3574 scriptas
3607 3503 3780 3558 fuisse

2195 3592 2477 3663 epiSIolas.
2525 3591 2639 3648 Hoc
2671 3602 2854 3647 autem
2909 3595 3057 3665 quod
3105 3596 3208 3666 ipsi
3254 3596 3414 3651 nobis
3462 3600 3778 3657 ministrant

2194 3695 2598 3756 argumentum,
2623 3701 2690 3742 eo
2722 3686 2955 3743 validius
2981 3695 3085 3753 est,
3111 3688 3258 3758 quod
3294 3689 3544 3746 lethalem
3581 3691 3774 3762 ictum,

2192 3792 2353 3847 quem
2391 3779 2510 3834 suis
2546 3778 2648 3849 ipsi
2684 3778 2940 3834 manibus
2989 3779 3094 3835 sibi
3129 3780 3450 3850 intulerunt,
3491 3798 3774 3855 nunquam

2192 3878 2337 3924 certe
2370 3870 2651 3926 declinare
2684 3870 2917 3940 possint.

2261 3959 2530 4018 Praeterea
2574 3960 2814 4017 fatentur
2858 3960 3180 4027 adversarii,
3208 3962 3354 4033 quod
3396 3979 3559 4021 nemo
3604 3966 3770 4022 etiam

2188 4066 2387 4123 negare
2416 4060 2606 4122 queat,
2646 4063 3031 4123 argumentum
3085 4054 3467 4109 aﬂirmativum
3512 4059 3771 4129 negativo

2187 4157 2402 4213 semper
2432 4159 2554 4201 esse
2584 4146 3010 4215 prmferendum.
3045 4144 3233 4217 Neque
3257 4147 3404 4201 enim
3437 4148 3768 4218 scriptorum

2185 4234 2556 4303 quorumlibet
2584 4235 2882 4304 silentium,
2914 4238 3025 4293 imo
3055 4254 3232 4309 neque
3257 4240 3531 4310 ignoratio
3554 4241 3769 4297 efﬁcere

2184 4333 2393 4394 potest,
2424 4336 2484 4381 ut
2512 4341 2576 4382 ea
2619 4340 2785 4397 opera
2815 4343 2939 4400 qua:
2970 4331 3037 4385 ab
3069 4332 3190 4388 aliis
3215 4332 3333 4387 visa
3366 4343 3420 4389 et
3445 4335 3581 4389 lecta
3610 4343 3763 4402 sunt,

2183 4435 2311 4474 vere
2338 4434 2447 4474 non
2473 4420 2803 4489 exstiterint,
2837 4431 2892 4478 et
2923 4439 3051 4479 vere
3077 4440 3184 4479 non
3210 4426 3320 4480 sint
3343 4427 3412 4481 ab
3439 4428 3763 4484 auctoribus

2183 4512 2299 4566 suis
2352 4510 2616 4580 profecta.
2667 4511 2835 4582 Atqui
2886 4524 3208 4584 argumento
3266 4516 3587 4573 aﬂirmativo
3634 4519 3760 4587 has,

510 4615 602 4676 pta
644 4608 948 4675 invenerat,
992 4609 1185 4666 Latina
1219 4613 1415 4669 fecisse
1441 4634 1455 4669 :
1482 4616 1573 4669 sed
1608 4617 1674 4671 de
1719 4618 1822 4674 hac
1867 4617 2080 4675 Sticho-

2198 4620 2325 4674 ]uas
2353 4603 3008 4674 sine-interpolationibus
3034 4606 3299 4663 habemus
3326 4610 3607 4678 epistolas,
3632 4625 3764 4664 vere

510 4700 719 4766 metria,
750 4716 872 4771 quae
898 4703 1140 4758 auctoris
1167 4705 1392 4762 alterius
1419 4708 1679 4778 Operibus
1702 4710 1913 4781 adjecta
1938 4723 2075 4781 erat,

508 4792 719 4847 nullum
751 4794 1244 4863 tulissejudieium.

1116 4909 1345 4965 CAPUT
1385 4911 1475 4968 1X.

503 5032 838 5072 REFELLITUR
891 5035 1251 5079 ARGUMENTUM
1306 5042 1647 5095 NECATIVUM,
1710 5048 1776 5085 EX
1830 5047 2073 5095 QUARUII-

621 5104 728 5142 DA“
765 5103 1128 5148 EGCLESIARUI
1169 5110 1654 5157 CONSUBTUDINIBUS
1691 5119 1951 5158 PETITUM.

539 5201 567 5273 ᾗ
604 5204 640 5256 Ι.
688 5202 803 5256 Iloc
823 5216 1187 5275 argumentum
1214 5222 1397 5266 contra
1428 5214 1758 5270 adversarios
1792 5218 2014 5272 militat.

566 5315 703 5369 Cum
758 5316 1052 5375 adversarii
1104 5325 1279 5379 nostri
1325 5329 1644 5397 scriptorem
1686 5332 1920 5399 nullum,
1967 5348 2070 5402 pro

497 5423 596 5461 sua
648 5408 903 5477 opinione
954 5412 1297 5485 loquentem,
1349 5434 1509 5488 quem
1570 5422 1942 5479 invictissimae
1994 5432 2072 5479 tot

494 5508 879 5572 tantorumque
909 5507 1170 5576 virorum,
1196 5527 1293 5581 pro
1323 5522 1506 5569 nostra
1532 5517 1799 5571 sententia
1825 5533 2070 5587 pugnan-

496 5592 631 5647 tium
661 5605 887 5653 caterva:
914 5615 1209 5673 opponant,
1234 5609 1445 5676 possint
1470 5610 1798 5679 producere;
1833 5613 1900 5666 ad
1930 5613 2067 5666 alio-

494 5699 613 5738 rum
644 5684 944 5759 silentium,
970 5703 1233 5767 tanquam
1284 5700 1350 5753 ad
1402 5716 1613 5756 sacram
1656 5704 1951 5758 anchoram
1991 5706 2063 5760 ita

576 5809 616 5839 ¹⁹
651 5827 766 5878 (ευ.
802 5815 852 5876 5,
900 5832 949 5883 p.
985 5815 1106 5870 $256.

2185 4697 2254 4750 ab
2278 4695 2488 4767 Ignatio
2517 4706 2707 4751 nostro
2737 4706 2989 4753 exaratas
3015 4698 3184 4755 fuisse
3215 4716 3246 4754 a
3268 4702 3427 4757 nobis
3456 4703 3760 4759 evidentis-

2185 4787 2323 4842 sime
2344 4786 2777 4842 demonstratum
2800 4800 2904 4857 est,
2924 4792 3184 4846 nimirum
3214 4790 3519 4864 Polycarpi,
3542 4794 3755 4861 lrenaai,

2185 4878 2457 4951 Origenis,
2502 4872 2791 4936 Athanasii
2831 4882 3172 4953 aliorumque
3220 4886 3546 4941 auctoritate
3585 4899 3639 4942 et
3672 4896 3761 4943 te-

2184 4971 2482 5039 stimoniis,
2508 4988 2632 5043 qua:
2670 4973 2739 5027 ab
2785 4975 3043 5030 omnibus
3075 4974 3261 5031 ι)δὶιωί
3295 4976 3762 5048 defensorumque

2183 5062 2303 5131 ejus
2333 5064 2774 5133 exceptionibus,
2820 5067 3070 5137 argutiis,
3109 5074 3164 5124 et
3207 5070 3646 5127 cavillationibus
3672 5074 3759 5127 in-

2181 5156 2479 5211 victissime
2509 5158 2925 5215 vindicarimus.

2251 5246 2375 5303 Haec
2422 5248 2585 5319 igitur
2633 5251 2767 5307 satis
2801 5268 3078 5324 superque
3110 5269 3230 5311 esse
3272 5255 3533 5313 deberent
3561 5259 3628 5315 ad
3657 5275 3757 5315 va-

2182 5356 2306 5395 nam
2341 5356 2531 5397 eorum
2564 5344 2871 5415 negativam
2899 5347 3446 5416 argumentationem,
3470 5366 3591 5420 quae
3622 5352 3752 5407 nul-

2178 5430 2285 5486 lam
2320 5448 2587 5503 unquam,
2616 5436 2724 5490 nisi
2766 5445 2957 5492 contra
2987 5453 3102 5505 eos,
3136 5440 3243 5493 vim
3279 5442 3558 5512 roburque
3591 5443 3755 5497 habi-

2176 5532 2296 5577 tura
2321 5534 2424 5589 est,
2457 5526 2674 5595 penitus
2715 5527 3133 5598 explodendam.
3186 5528 3265 5586 Ne
3311 5540 3491 5587 tamen
3541 5533 3755 5603 aliquid

2172 5619 2557 5687 probationum
2608 5637 2833 5679 suarum
2870 5626 3088 5681 anobis
3140 5633 3571 5697 praetermissum
3622 5643 3755 5685 esse

2171 5722 2600 5781 conquerantur,
2634 5722 2797 5785 atque
2841 5726 2899 5772 ut
2936 5719 3193 5775 omnibus
3242 5737 3405 5791 quam
3463 5721 3750 5777 inﬁrmum
