4138 6426
426 447 538 507 505

432 574 509 630 sit
552 570 887 642 pracipuum
926 580 1120 622 eorum
1174 568 1561 633 argumentum
1609 562 1813 626 pateat,
1859 551 2017 621 juvat
2044 551 2092 608 Α

431 664 620 719 omnia
655 661 919 731 negativa
958 658 1107 713 illius
1144 652 1482 711 defensionis
1510 656 1789 705 momenta
1836 653 2012 699 atten-

433 757 651 813 tissime
677 752 1003 825 ponderare.

438 868 471 942 §
508 867 569 924 ll.
607 864 881 937 Epistolas
916 861 1123 942 Ignotii
1145 875 1265 942 lnon
1302 857 1468 942 [uisse
1496 852 1796 925 incognitas
1829 848 2015 904 Eccle—

963 929 1059 988 sia:
1090 929 1489 986 Alexandrina.

508 1048 805 1107 Contendit
845 1046 1010 1117 igitur
1053 1044 1288 1100 Dallaus
1325 1041 1585 1112 epistolas
1628 1036 1824 1110 lgnatii
1865 1036 2018 1091 inco-

436 1145 620 1214 gnitas
646 1140 820 1196 fuisse
858 1137 1116 1193 Ecclesiis
1158 1133 1505 1189 Alexandria
1545 1130 1892 1198 aliarumque
1928 1140 2021 1180 re—

436 1240 695 1310 gionum,
737 1251 842 1291 nec
892 1250 1005 1289 non
1048 1231 1211 1287 etiam
1259 1226 1632 1293 Tertulliano,
1680 1222 1833 1307 Caio,
1872 1218 2019 1275 Julio

436 1297 723 1395 Africano,
750 1326 1021 1384 Clementi
1050 1321 1443 1387 Alexandrino,
1474 1297 1736 1387 aliisque;
1774 1312 2023 1385 quando-

437 1423 661 1495 quidem
700 1422 738 1476 ii
774 1434 965 1476 omnes
1013 1418 1220 1472 nullam
1254 1429 1441 1470 earum
1498 1411 1745 1467 fecerunt
1775 1420 2021 1476 unquam

438 1514 797 1570 mentionem.
830 1510 921 1565 Sic
945 1518 1127 1565 autem
1159 1508 1249 1562 ille
1280 1506 1347 1561 de
1377 1504 1620 1560 Ecclesia
1651 1498 2022 1557 Alexandrina

438 1608 703 1677 disputat.
757 1602 1040 1669 Doctrina,
1088 1600 1269 1671 inquit
1291 1600 1361 1667 '°,
1393 1613 1515 1668 qua
1556 1597 1610 1651 in
1669 1596 1737 1650 iis
1779 1591 2024 1663 epistolis

441 1701 645 1770 sapius
695 1696 1022 1759 inculcatur,
1059 1709 1125 1749 ea
1170 1700 1292 1748 est:
1327 1711 1345 1744 ι
1376 1690 1495 1744 Non
1536 1689 1697 1744 aliter
1746 1699 1912 1756 quam
1955 1682 2025 1737 ab

442 1806 558 1847 uno
594 1789 876 1860 episcopo,
926 1784 1261 1856 presbyteris
1312 1782 1658 1853 praesidente,
1693 1778 1808 1848 regi
1863 1788 2027 1846 posse

444 1899 513 1939 ac
541 1882 739 1937 debere
787 1880 1032 1950 singulas
1078 1877 1286 1934 Christi
1318 1875 1608 1931 Ecclesias.
1634 1893 1652 1925 ι
1689 1871 1854 1940 Atqui
1884 1867 2027 1923 alius

442 1972 693 2039 omnino,
738 1979 876 2027 teste
923 1968 1256 2042 Hieronymo
1300 1978 1357 2024 et
1393 1966 1665 2037 Eutychio
1709 1961 2024 2035 patriarcha

443 2066 839 2147 Alexandrino,
874 2074 993 2120 erat
1018 2063 1274 2121 Ecclesia
1303 2060 1686 2116 Alexandrina
1716 2070 1870 2112 usus.
1905 2053 2032 2109 Hie-

444 2172 711 2229 ronymus
758 2156 958 2226 quippe
1003 2156 1121 2210 hac
1159 2155 1226 2210 de
1260 2154 1353 2208 illo
1388 2151 1677 2207 tradidit"
1705 2168 1719 2204 :
1750 2168 1768 2200 ι
1792 2148 2033 2202 Alexan-

446 2247 635 2303 driaa
682 2244 868 2301 Marco
916 2244 1252 2316 evangelista
1313 2257 1490 2313 usque
1534 2240 1601 2296 ad
1651 2238 1936 2294 Heraclam
1978 2243 2031 2290 et

450 2340 777 2412 Dionysium
810 2339 1119 2410 episcopos,
1153 2336 1456 2409 presbyteri
1504 2349 1719 2403 semper
1749 2346 1921 2386 unum
1964 2345 2033 2385 ex

448 2446 511 2488 se
554 2431 787 2487 electum
817 2431 871 2485 in
904 2429 1193 2485 excelsiori
1226 2429 1400 2499 gradu
1443 2427 1771 2483 collocatum
1818 2425 2036 2493 episco-

448 2539 583 2594 pum
614 2522 978 2577 nominabant
1006 2539 1019 2576 :
1045 2520 1327 2591 quomodo
1353 2518 1399 2574 si
1428 2516 1705 2574 exercitus
1740 2500 2037 2584 imperato-

448 2631 570 2670 rem
600 2611 785 2682 faciat,
816 2622 911 2669 aut
935 2613 1157 2668 diaconi
1202 2612 1407 2682 eligant
1450 2610 1520 2665 de
1563 2624 1641 2674 se,
1665 2621 1830 2677 quem
1877 2605 2039 2659 indu-

450 2708 653 2762 strium
687 2705 959 2772 noverint,
987 2713 1042 2760 et
1079 2702 1529 2759 archidiaconum
1556 2705 1773 2755 vocent.
1800 2716 1819 2750 ι
1866 2695 2036 2766 Euty-

451 2800 613 2856 chius
627 2806 807 2854 autem
829 2797 896 2852 de
917 2796 1108 2853 eodem
1127 2812 1229 2851 usu
1252 2796 1369 2851 hac
1390 2792 1640 2850 scribit“
1664 2811 1677 2847 :
1702 2809 1720 2843 ‹
1743 2788 2043 2846 Constituit

451 2893 673 2949 Marcus
737 2889 1069 2962 evangelista
1140 2887 1428 2944 duodecim
1493 2885 1840 2956 presbyteros
1916 2897 2042 2938 cum

454 2986 692 3052 Anania,
719 2984 813 3055 qui
843 2996 1041 3053 nempe
1085 2990 1369 3036 manerent
1391 2992 1517 3034 cum
1543 2975 1875 3047 patriarcha,
1905 2975 2044 3030 adeo

454 3090 520 3135 ut
564 3093 692 3134 cum
742 3084 961 3131 vacaret
1012 3073 1440 3144 patriarchatus,
1488 3068 1750 3138 eligerent
1802 3080 1973 3121 unum
2015 3080 2048 3119 θ

456 3170 817 3245 presbyteris,
858 3168 1018 3239 cujus
1051 3164 1215 3236 capiti
1257 3163 1511 3219 undecim
1561 3175 1756 3215 manus
1798 3159 2047 3228 impone-

456 3270 616 3326 rent,
658 3272 895 3328 eumque
941 3256 1347 3317 benedicerent,
1395 3261 1449 3307 et
1497 3249 1868 3320 patriarcham
1918 3262 2045 3301 eum
2072 3252 2120 3315 ο

458 3362 733 3421 crearent,
760 3361 815 3408 et
846 3352 970 3407 dein
1000 3351 1181 3406 virum
1213 3350 1449 3419 aliquem
1476 3347 1745 3417 insignem
1784 3344 2047 3414 eligerent

457 3460 701 3517 eumque
733 3459 921 3500 secum
961 3442 1359 3499 constituerent
1387 3441 1511 3495 loco
1537 3439 1677 3506 ejus,
1714 3437 1809 3506 qui
1858 3435 1939 3491 sic
1966 3433 2049 3489 fa-

460 3550 589 3597 ctus
624 3547 709 3594 est
733 3537 1084 3608 patriarcha;
1114 3544 1175 3589 ut
1204 3534 1280 3587 ita
1309 3546 1525 3600 semper
1559 3535 1843 3585 exstarent
1872 3526 2048 3579 unde-

462 3633 597 3690 cim.
647 3631 837 3701 Neque
888 3629 1050 3685 desiit
1088 3614 1435 3682 Alexandria
1477 3622 1789 3677 institutum
1843 3619 1947 3672 hoc
1984 3617 2052 3672 de

462 3722 838 3796 presbyteris,
890 3728 953 3775 ut
1005 3717 1215 3773 scilicet
1271 3713 1617 3786 patriarchas
1687 3718 1939 3766 crearent
1984 3723 2053 3762 ex

462 3815 802 3892 presbyteris
838 3811 1149 3877 duodecim,
1178 3822 1356 3878 usque
1383 3807 1453 3861 ad
1480 3814 1728 3874 tempora
1756 3801 2053 3856 Alexandri

464 3910 799 3985 patriarcha
824 3904 1201 3970 Alexandrini,
1233 3901 1328 3972 qui
1365 3900 1471 3955 fuit
1508 3914 1576 3953 ex
1610 3912 1841 3952 numero
1870 3893 1999 3958 518,
2029 3912 2048 3944 ι

468 4006 526 4061 id
556 4014 640 4059 est
662 4001 886 4055 Patrum
912 3996 1148 4051 Nicana
1177 3992 1391 4065 synodi.
1412 3988 1781 4045 Alexandrina
1805 4001 1936 4058 ergo
1958 3985 2058 4041 Ec-

469 4096 641 4153 clesia
672 4092 905 4150 nescivit
926 4087 1266 4145 contrarium
1297 4098 1460 4140 usum
1490 4098 1613 4139 esse
1634 4096 1764 4137 vere
1798 4078 2058 4150 apostoli-

470 4205 623 4246 cum.
659 4185 852 4259 lgnatii
896 4184 1081 4253 itaque
1122 4180 1230 4235 viri
1275 4176 1563 4251 apostolici
1599 4174 1865 4246 epistolas
1899 4182 2059 4227 notas

472 4298 588 4339 non
616 4279 826 4336 habuit.

546 4372 724 4442 Quam
760 4370 978 4427 inﬁrma
1013 4367 1086 4423 sit
1114 4366 1229 4421 hac
1256 4361 1631 4427 ratiocinatio,
1664 4367 1727 4414 ut
1750 4355 2062 4413 evidentius

476 4475 760 4541 appareat,
789 4481 855 4521 ea
901 4465 957 4518 in
1003 4458 1305 4534 syllogismi
1359 4456 1593 4512 formam
1631 4454 1707 4508 ita
1750 4449 2063 4506 reducenda

477 4570 584 4617 est.
634 4558 893 4616 Ecclesia
928 4557 985 4611 in
1026 4554 1227 4625 quibus
1272 4566 1403 4606 usus
1452 4547 1654 4618 viguit,
1687 4543 1969 4623 doctrina,
1995 4542 2064 4595 ab

482 4654 694 4726 lgnatio
732 4652 789 4707 in
836 4647 1082 4720 epistolis
1129 4645 1245 4701 suis
1301 4640 1501 4713 sapius
1553 4638 1788 4702 tradita,
1837 4612 2065 4691 omnlino

481 4745 817 4810 contrarius,
849 4757 927 4797 ea
961 4738 1224 4810 epistolas
1258 4735 1381 4789 illas
1427 4731 1580 4786 nullo
1626 4744 1857 4799 prorsus
1902 4726 2068 4781 modo

481 4848 648 4896 notas
678 4836 1011 4891 habuerunt.
1046 4829 1212 4900 Atqui
1244 4829 1298 4881 in
1334 4824 1581 4880 Ecclesia
1614 4820 2008 4881 Alexandrina,
2038 4834 2069 4872 a

483 4931 673 4987 Marco
689 4927 1022 4998 evangelista
1044 4936 1219 4993 usque
1239 4919 1307 4975 ad
1328 4917 1616 4972 Heraclam
1639 4923 1697 4970 et
1722 4910 2067 4983 Dionysium,

484 5024 575 5080 vel
604 5019 999 5084 Alexandrum,
1037 5015 1117 5070 uti
1147 5011 1515 5081 Hieronymus
1544 5006 1955 5078 Eutychiusque
1986 5012 2071 5059 te-

488 5127 726 5183 stantur,
751 5112 927 5186 viguit
954 5124 1088 5165 usus
1113 5106 1395 5171 doctrina,
1415 5104 1484 5158 ab
1511 5101 1719 5173 lgnatio
1744 5101 1799 5154 in
1824 5099 2073 5169 epistolis

488 5212 611 5270 suis
643 5208 843 5279 sapius
871 5202 1101 5267 tradita,
1126 5199 1353 5255 omnino
1391 5195 1723 5252 contrarius.
1765 5192 1875 5263 ipsi
1901 5193 2071 5264 igitur

490 5305 654 5376 plane
674 5301 1001 5373 penitusque
1026 5291 1316 5363 incognita
1345 5288 1564 5344 fuerunt
1588 5286 1783 5357 lgnatii
1806 5285 2072 5355 epistola.

494 5394 671 5465 Hujus
723 5400 905 5446 autem
958 5382 1261 5457 syllogismi
1317 5389 1551 5448 utraque
1591 5375 1899 5447 pramissa,
1948 5388 2072 5429 cum

494 5462 675 5558 major
702 5494 823 5540 tum
854 5481 1036 5536 minor
1069 5474 1397 5547 propositio,
1431 5470 1658 5527 omnino
1688 5466 1825 5523 falsa
1853 5474 1956 5521 est.
2007 5462 2076 5519 Et

498 5556 720 5653 quidem
746 5570 1145 5647 propositionis
1179 5566 1407 5635 majoris
1446 5562 1658 5618 falsitas
1702 5574 1770 5614 ex
1816 5558 1952 5628 ipsis
1982 5556 2079 5610 ad-

503 5670 873 5727 versariorum
919 5663 1205 5737 principiis
1238 5659 1439 5715 invicte
1464 5656 1892 5711 demonstratur.
1939 5647 2077 5703 Nam

506 5762 807 5822 secundum
840 5760 1059 5815 illorum
1089 5764 1143 5812 et
1174 5754 1408 5810 aliorum
1453 5748 1707 5804 omnium
1729 5740 2080 5805 sententiam,

1410 432 1472 489 D.
1510 426 1805 488 NOURRH
1844 416 2323 482 DISSERTATIO.
2356 445 2429 499 θ-ο
2475 409 2656 468 PARS
2692 407 2735 461 1.

3586 384 3690 442 506

2125 544 2490 602 Hieronymus
2519 537 2640 602 bas,
2670 533 2737 589 de
2766 527 2966 599 quibus
3000 523 3235 594 agimus,
3259 516 3465 588 optime
3489 525 3694 581 cogno-

2114 639 2193 693 vit
2230 633 2516 706 epistolas,
2546 629 2659 682 imo
2688 622 2907 680 easdem
2950 615 3160 689 lgnatio
3206 615 3519 668 constanter
3554 603 3697 658 assi-

2117 730 2323 803 gnavit.
2352 724 2516 795 Atqui
2542 723 2696 792 juxta
2725 710 3167 774 adversariorum
3195 713 3565 764 communem,
3590 695 3696 751 etsi

2115 836 2404 881 erroneam
2429 808 3144 888 opinionem,Hieronymus
3160 798 3544 870 episcoporum
3568 802 3695 844 cum

2116 912 2449 989 presbyteris
2465 878 2865 980 aequalitatem,
2893 896 3090 969 quain
3118 893 3203 947 his
3228 886 3423 959 lgnatii
3450 878 3699 953 epistolis

2119 975 2324 1080 ubique
2364 975 2675 1065 damnatur,
2708 994 2987 1051 mordicus
3032 984 3291 1044 defendit.
3331 975 3517 1033 Potuit
3566 984 3699 1041 ergo

2120 1062 2364 1159 Ecclesia
2396 1062 2762 1149 Alexandrina
2808 1100 2916 1139 non
2963 1079 3143 1136 solum
3185 1071 3391 1142 aliquid
3431 1064 3557 1121 usui
3601 1062 3701 1116 ha-

2120 1196 2271 1257 bere,
2318 1187 2466 1260 quod
2518 1172 2574 1239 in
2624 1177 2869 1251 epistolis
2918 1169 3115 1244 lgnatii
3157 1167 3473 1225 damnatur,
3509 1167 3700 1210 verum

2121 1287 2287 1341 etiam
2338 1279 2468 1335 illud
2519 1290 2647 1332 cum
2691 1270 3026 1338 Hieronymo
3068 1257 3273 1330 passim
3328 1263 3384 1307 et
3420 1247 3703 1304 mordicus

2122 1375 2446 1441 defendere;
2500 1377 2665 1440 atque
2716 1362 2939 1419 easdem
3000 1348 3362 1410 nihilominus
3408 1348 3707 1412 agnoscere

2124 1474 2237 1528 imo
2270 1478 2323 1524 et
2354 1466 2566 1537 lgnatio
2594 1458 2876 1515 vindicare
2900 1447 3184 1520 epistolas.

2196 1563 2401 1618 Verum
2435 1571 2547 1613 non
2571 1568 2638 1608 ex
2667 1550 2783 1606 sola
2812 1556 3002 1601 eorum
3031 1550 3218 1593 secum
3250 1533 3326 1586 ita
3344 1522 3706 1599 pugnantium

2125 1652 2413 1715 discordia
2444 1647 2664 1705 elicitur
2700 1633 3096 1712 propositionis
3144 1627 3294 1683 illius
3338 1621 3585 1682 falsitas;
3614 1613 3711 1670 sed

2128 1750 2255 1806 inde
2301 1745 2466 1801 etiam
2514 1745 2702 1810 aperte
2758 1727 3047 1790 evincitur,
3080 1717 3229 1792 quod
3280 1712 3416 1769 varii
3458 1710 3567 1766 sint
3611 1721 3712 1759 va-

2126 1844 2334 1900 riarum
2377 1832 2746 1891 Ecclesiarum
2795 1838 2965 1885 usus,
3017 1825 3072 1872 et
3123 1829 3187 1869 ea
3216 1824 3340 1882 qua
3370 1807 3439 1861 ad
3479 1799 3716 1870 discipli-

2059 1903 2104 1959 Β
2131 1949 2257 1992 nam
2289 1934 2537 2000 spectant
2564 1924 2621 1978 in
2655 1916 2890 1976 diversis
2932 1907 3192 1967 Ecclesiis
3216 1904 3436 1959 diverso
3466 1894 3630 1951 modo
3658 1906 3717 1946 se

2132 1984 2391 2089 habeant,
2417 2033 2483 2074 ac
2519 2008 2917 2070 mutationibus
2945 2003 3058 2059 sint
3103 1994 3367 2054 obnoxia.
3405 1986 3564 2055 Quod
3594 1984 3718 2053 qui-

2133 2123 2256 2178 dem
2284 2130 2411 2173 cum
2449 2106 2758 2167 innumeris
2788 2102 2949 2158 facile
2977 2093 3199 2169 probari
3239 2080 3717 2160 possetexemplis,

2134 2233 2201 2273 ex
2230 2216 2372 2285 ipso,
2400 2206 2497 2279 qui
2547 2201 2826 2273 objicitur,
2874 2188 3261 2249 Alexandrinae
3308 2177 3569 2236 Ecclesia
3613 2188 3718 2227 usu

2135 2312 2543 2368 demonstrasse
2590 2293 2842 2352 sullieiat.
2895 2286 2997 2341 Hie
3049 2281 3334 2339 enimvero
3380 2267 3616 2340 eligendi
3667 2273 3724 2319 et

2137 2399 2359 2460 creandi
2385 2390 2629 2466 episcopi
2665 2400 2802 2442 usus
2835 2372 3223 2436 Alexandrinis
3254 2364 3553 2440 peculiaris
3579 2367 3719 2414 erat.

2136 2493 2274 2550 Nam
2301 2490 2347 2546 si
2388 2488 2442 2541 in
2470 2484 2594 2538 aliis
2623 2475 2887 2534 Ecclesiis
2918 2468 3202 2540 viguisset,
3238 2474 3416 2530 neque
3448 2455 3711 2520 Hierony-

2140 2602 2287 2651 mus,
2314 2594 2493 2650 neque
2534 2571 2840 2644 Eutychius
2889 2564 3036 2621 illius
3068 2569 3328 2627 tanquam
3373 2550 3453 2605 rei
3492 2545 3726 2615 alicujus

2143 2672 2440 2747 singularis
2469 2666 2726 2723 fecissent
2756 2657 3115 2714 mentionem.
3159 2651 3231 2703 At
3264 2644 3449 2701 nullus
3480 2637 3599 2696 sani
3633 2650 3730 2689 ca.-

2142 2728 2270 2841 pili:
2316 2767 2482 2820 homo
2523 2756 2787 2829 epistolas
2830 2758 2885 2806 et
2927 2762 3092 2818 opera
3141 2743 3387 2802 illorum,
3431 2734 3530 2805 qui
3573 2728 3730 2797 juxta

2145 2858 2405 2916 Ecclesia
2435 2867 2550 2910 sua
2577 2862 2787 2904 morem
2832 2842 3163 2900 scribentes,
3195 2830 3400 2901 aliquid
3442 2824 3568 2881 usui
3606 2822 3731 2875 Ale-

2146 2931 2429 3010 xandrina
2452 2941 2708 3003 Ecclesia
2758 2934 3096 2993 contrarium
3151 2925 3515 2984 tradiderunt,
3571 2917 3733 2985 plane

2146 3047 2474 3118 penitusque
2504 3038 2679 3094 eidem
2703 3030 2962 3089 Ecclesia
2996 3024 3169 3079 fuisse
3193 3015 3471 3086 incognita
3497 3009 3735 3065 afﬁrma-

2148 3139 2308 3195 verit.
3172 3156 3183 3171 ι

2222 3231 2340 3287 lam
2370 3240 2503 3291 vero
2551 3231 2612 3277 ut
2654 3218 2723 3274 ad
2771 3216 3043 3271 minorem
3075 3202 3506 3278 propositionem
3546 3191 3737 3249 venia-

2150 3342 2303 3389 mus,
2340 3321 2488 3376 illius
2517 3314 2729 3371 falsitas
2763 3325 2872 3365 non
2905 3305 3090 3361 minus
3131 3311 3298 3369 quam
3341 3287 3571 3360 majoris
3613 3299 3738 3355 per—

2152 3419 2341 3489 spicua
2374 3419 2457 3468 est
2492 3418 2548 3464 et
2588 3412 2795 3476 aperta.
2830 3399 3200 3465 Hieronymus
3243 3398 3441 3454 nempe
3473 3388 3530 3437 et
3568 3376 3739 3446 Euty-

2152 3465 2341 3489 "r"'-—
2384 3465 2426 3468 "'
2623 3465 2638 3476 ι

2151 3510 2309 3567 chius
2338 3507 2407 3561 de
2429 3500 2717 3561 electione,
2751 3486 3146 3549 constitutione
3188 3487 3243 3534 et
3273 3472 3549 3531 creatione
3572 3465 3739 3521 unius

2152 3595 2413 3654 Ecclesia
2458 3584 2842 3645 Alexandrina
2870 3572 3113 3647 episcopi
3157 3568 3464 3636 loquuntur
3491 3574 3505 3611 :
3531 3556 3586 3609 in
3630 3551 3742 3621 epi-

2156 3691 2313 3748 stolis
2359 3693 2542 3741 autem
2584 3675 2783 3749 lgnatii
2833 3670 3015 3741 agitur
3044 3673 3257 3718 tantum
3290 3656 3359 3711 de
3386 3645 3636 3707 Ecclesia
3670 3642 3738 3696 ab

2594 3735 2645 3826 ei
2696 3735 2926 3838 praeest,
2955 3756 3215 3827 episcopo
3257 3740 3634 3819 gubernanda.
3671 3735 3744 3789 At

2157 3839 2583 3941 nulla-profecto
2613 3868 2697 3918 est
2728 3850 3109 3926 repugnantia,
3144 3851 3205 3898 ut
3232 3839 3529 3910 episc0pus
3553 3847 3586 3886 a
3611 3843 3740 3900 pre-

2158 3926 2391 4037 sbyteris
2429 3959 2634 4013 electus
2665 3960 2719 4007 et
2747 3955 2987 4009 creatus,
3019 3937 3226 3994 eisdem
3258 3936 3472 4001 postea,
3501 3932 3556 3977 et
3582 3926 3744 3975 cate-

2160 4014 2247 4037 νη,
2347 4014 2386 4017 ,τ

2159 4060 2239 4115 ris
2264 4053 2524 4112 omnibus
2548 4041 2838 4105 ministris,
2864 4036 3073 4103 totique
3102 4024 3361 4083 Ecclesia
3385 4014 3741 4090 praliciatur.

2159 4147 2295 4215 Quis
2348 4144 2496 4199 enim
2542 4134 2755 4194 nesciat
2815 4123 3124 4186 cardinales
3176 4112 3434 4171 Ecclesia
3481 4108 3745 4162 Romana

2161 4255 2334 4298 unum
2365 4252 2432 4293 ex
2459 4248 2520 4289 se
2557 4230 2814 4289 electum,
2856 4221 2910 4274 in
2952 4210 3246 4272 cxcelsiori
3298 4204 3468 4278 gradu
3507 4200 3743 4255 colloca-

2164 4340 2306 4393 tum,
2330 4324 2647 4395 episcopum
2680 4322 2735 4370 et
2771 4322 3050 4367 summum
3084 4298 3401 4373 pontificem
3431 4290 3746 4350 nominare,

2164 4421 2364 4491 eligere
2398 4422 2449 4471 et
2477 4424 2666 4468 creare
2696 4426 2710 4462 :
2737 4406 2889 4460 illum
2921 4412 3105 4457 tamen
3132 4406 3260 4468 post
3284 4386 3557 4462 ejusmodi
3584 4382 3747 4438 insti-

2166 4513 2432 4567 tutionem
2482 4497 2780 4560 universali
2829 4491 3124 4556 Ecclesia,
3174 4486 3418 4556 ipsisque
3472 4494 3502 4532 a
3549 4475 3749 4546 quibus

2095 4597 2140 4652 ι)
2170 4618 2312 4674 papa
2360 4608 2581 4655 creatus
2627 4603 2735 4656 est,
2782 4585 3123 4657 superiorem
3167 4575 3434 4651 praeponi.
3475 4572 3654 4639 Atque
3691 4573 3751 4619 ut

2174 4690 2491 4763 Hieronymi
2520 4684 2767 4753 exemplo
2798 4688 3051 4742 utamur,
3082 4671 3187 4727 etsi
3219 4667 3491 4723 exercitus
3517 4661 3753 4729 impera-

2173 4798 2350 4844 torem
2402 4782 2612 4843 fecerit,
2641 4778 2760 4847 ipse
2803 4782 2987 4826 tamen
3034 4767 3333 4834 imperator
3370 4756 3573 4818 factus,
3600 4746 3753 4804 omni

2173 4886 2371 4952 praeest
2408 4871 2694 4930 exercitui.
2744 4864 2887 4920 Hinc
2924 4859 3173 4932 profecto
3218 4852 3586 4917 Hieronymus
3636 4840 3754 4911 epi-

2176 4987 2405 5043 scopum
2434 4969 2668 5023 eleclum
2692 4962 2747 5016 in
2777 4952 3067 5014 excelsiori
3097 4947 3267 5020 gradu
3295 4937 3554 4999 collocari
3581 4935 3753 4998 dixit;

2176 5077 2239 5123 ut
2278 5040 2409 5119 eum
2440 5054 2775 5132 presbyteris
2797 5060 2854 5107 et
2870 5047 3148 5110 Ecclesia,
3180 5043 3323 5097 sicut
3364 5040 3754 5105 imperatorem

2177 5156 2444 5215 exercitui
2485 5150 2802 5223 prafectum
2840 5153 2897 5201 et
2934 5140 3274 5212 superiorem
3316 5147 3440 5189 esse
3478 5126 3755 5200 significa-

2176 5267 2279 5311 τθι.

2253 5345 2418 5417 Urget
2448 5337 2634 5395 Dallai
2663 5330 3007 5392 defensor”:
3033 5347 3051 5379 ι
3082 5325 3142 5381 Si
3166 5315 3500 5395 presbyteris
3521 5313 3756 5367 Alexan-

2178 5441 2355 5498 drinis
2402 5436 2615 5493 licitum
2660 5431 2765 5485 fuit
2808 5428 3097 5497 episcopos
3147 5414 3511 5473 constituere,
3564 5402 3756 5477 quidni

2179 5539 2344 5594 etiam
2373 5533 2512 5586 alias
2536 5528 2743 5596 absque
2763 5496 3022 5591 episcopo
3048 5512 3357 5569 functiones
3379 5502 3568 5560 obire?
3602 5520 3621 5553 ι
3650 5496 3755 5552 Sed

2184 5631 2373 5688 eodem
2412 5624 2617 5695 pariter
2657 5616 2821 5671 modo
2859 5613 3104 5665 dicemus
3136 5624 3150 5660 :
3184 5603 3241 5657 Si
3291 5593 3678 5655 cardinaiibus,
3710 5588 3759 5644 si

2188 5719 2449 5780 exercitui
2482 5716 2689 5770 licitum
2736 5708 2839 5763 fuit
2877 5718 3070 5777 papam
3102 5700 3187 5755 vel
3216 5699 3601 5765 imperatorem
3629 5700 3761 5742 con-

581 5949 625 5980 ¹⁰
662 5962 781 6020 cap.
812 5947 862 6006 7.
902 5959 956 6003 0.
997 5941 1123 5997 272.
1200 5941 1239 5972 ²¹
1275 5936 1432 6008 epist.
1493 5933 1561 5990 85
1585 5934 1651 5988 ad
1686 5929 1879 5995 Evaqr.
1958 5928 2001 5959 ²²
2038 5924 2049 5978 i

2144 5916 2413 5975 lnnalibus
2442 5912 2629 5971 Roma
2662 5906 2821 5965 editis
2848 5918 2974 5957 ann.
3007 5898 3163 5956 1659.
3233 5894 3276 5929 ³³
3310 5907 3431 5962 pag.
3466 5889 3583 5946 121.
