4138 6454
434 437 539 493 507

1502 438 1561 495 s.
1605 437 1953 496 lGNATlUS.
1988 467 2055 477 -
2093 419 2629 493 Ριωιεαοκευᾼ.

432 558 679 624 stituere,
717 556 904 629 quidni
936 558 1099 615 etiam
1141 560 1276 617 alias
1306 562 1512 632 absque
1551 578 1687 633 papa
1714 562 1800 619 vel
1830 564 2006 632 impe-
2032 564 2084 623 Α
2178 559 2441 615 Praeterea
2473 560 2590 615 leve
2622 560 2849 616 omnino
2875 567 2932 615 et
2957 559 3210 616 sublesta
3252 559 3372 616 lldei
3405 568 3487 617 est
3528 562 3682 618 testi-

431 656 615 704 ratore
667 649 819 705 obire
858 651 1206 707 functiones?
1232 652 1363 719 Quae
1404 652 1627 724 quidem
1672 668 1835 725 quam
1868 653 2005 710 falsa

431 741 546 794 sint
578 748 632 796 ct
670 756 701 795 a
730 757 859 797 vero
888 743 1086 807 aliena,
1124 759 1305 810 nemo,
1340 746 1556 815 opinor,
1586 760 1699 801 non
1734 746 1897 801 videt.

433 850 463 922 ς
505 849 802 929 Ill.“qu
842 854 1079 929 epistola:
1130 853 1345 929 Ignaﬁi
1374 857 1608 911 ecclesiis
1655 857 1897 929 Egypti,
1929 860 2007 914 vel

500 921 893 998 [Ethiopiwpel
912 921 1216 998 Germania:
1239 926 1637 996 Bajoariorum,
1666 921 2004 998 au't'Scotia,

502 1001 597 1045 aut
626 995 749 1047 aliis
784 995 981 1063 fuerint
1003 997 1320 1067 incognita?

498 1107 672 1164 Instat
704 1116 887 1165 tamen
919 1109 1172 1180 Dallaeus,
1202 1128 1303 1168 nec
1344 1114 1444 1169 soli
1478 1114 1880 1182 Alexandrinae,
1911 1120 2007 1175 sed

429 1200 688 1255 omnibus
710 1201 949 1272 Egypti,
976 1218 1184 1258 necnon
1218 1203 1510 1275 Ethiopiaa
1527 1208 1787 1265 Ecclesiis
1809 1211 2010 1280 episto-

429 1292 513 1348 las
550 1293 741 1364 lgnatii
775 1296 1083 1366 incognitas
1135 1297 1307 1355 fuisse
1353 1314 1418 1354 ex
1469 1303 1658 1357 eodem
1718 1303 2007 1376 Eutychio,

428 1382 752 1452 eodemque,
784 1385 927 1453 quod
952 1386 1086 1441 satis
1122 1400 1391 1458 superque
1417 1391 1754 1446 confutatum
1785 1401 1888 1457 est,
1920 1394 2009 1449 ar-

430 1480 693 1541 gumento
729 1475 1001 1531 conficere
1032 1492 1090 1532 se
1120 1492 1283 1548 posse
1311 1480 1623 1536 arbitratur.
1662 1505 1681 1534 I
1725 1483 1842 1548 Hic,
1880 1504 1899 1538 ι
1934 1487 2010 1539 ait

432 1560 665 1618 Dallaeus
692 1564 758 1618 de
784 1563 1048 1637 Eutychio
1077 1568 1304 1638 loquens
1330 1569 1396 1639 “,
1428 1590 1447 1623 ‹
1485 1573 1646 1628 etiam
1676 1575 1821 1630 aliud
1846 1577 2009 1646 quid-

429 1653 558 1709 dam
602 1670 711 1710 non
742 1658 925 1714 minus
972 1660 1222 1715 mirabile
1261 1678 1362 1717 nos
1404 1664 1564 1719 docet
1602 1684 1615 1720 :
1652 1666 1733 1721 Ab
1774 1667 2006 1735 Anania,

432 1746 631 1817 inquit,
664 1764 825 1819 quem
856 1753 1142 1808 constituit
1179 1753 1395 1810 Marcus
1419 1758 1745 1828 evangelista
1776 1762 2012 1829 patriam

432 1839 592 1893 cham
638 1839 983 1897 Alexandriae
1026 1859 1202 1915 usque
1238 1846 1293 1899 in
1344 1854 1589 1916 tempora
1630 1848 1883 1906 Demetrii
1913 1866 2009 1921 pa-

432 1931 707 1998 triarchae,
738 1934 924 1989 nullus
963 1944 1082 1990 erat
1108 1937 1162 1990 in
1194 1938 1489 2006 provinciis
1534 1939 1760 2013 IEgypti
1799 1943 2012 2013 episco-

429 2037 536 2092 pus
564 2042 577 2078 :
608 2039 705 2080 nec
737 2026 1060 2094 patriarchae
1104 2037 1230 2084 ante
1258 2045 1381 2085 eum
1421 2044 1675 2089 crearunt
1702 2036 2007 2106 episcopos.

431 2113 501 2169 Et
544 2116 755 2185 primus
802 2118 891 2175 hic
938 2118 1042 2174 fuit
1090 2121 1398 2190 patriarcha
1449 2127 1872 2195 Alexandrinus,
1915 2130 2010 2201 qui

429 2207 715 2279 episcopos
744 2210 886 2268 fecit.
933 2232 953 2267 ›
988 2214 1062 2269 Ex
1098 2215 1333 2287 Egypto
1377 2229 1558 2275 autem
1590 2222 1643 2275 in
1678 2220 2011 2294 Ethiopiam

430 2304 775 2359 transvolans
810 2324 824 2359 :
862 2323 882 2357 ι
925 2307 982 2362 ln
1024 2311 1196 2379 omni,
1234 2332 1253 2365 ι
1290 2313 1488 2383 inquit,
1528 2334 1546 2366 ι
1585 2313 1879 2385 Ethiopian
1909 2316 2012 2373 Ec-

422 2395 600 2452 clesia
634 2412 779 2454 unus
807 2409 890 2455 est
912 2406 1022 2472 jam
1050 2403 1118 2458 ab
1152 2405 1393 2475 antiquis
1432 2407 1767 2478 temporibus
1801 2409 2014 2479 episco-

429 2502 537 2558 pus
564 2490 781 2557 Abuna,
818 2499 879 2546 ut
906 2504 1125 2563 vocant,
1158 2497 1209 2551 id
1241 2506 1323 2552 est
1361 2499 1688 2567 patriarcha.
1727 2500 1820 2570 qui
1848 2502 2009 2556 etiam

434 2580 595 2635 hodie
641 2583 711 2635 ab
758 2584 1133 2639 Alexandrino
1194 2588 1500 2656 patriarcha
1559 2600 1913 2647 consecratur
1957 2601 2012 2647 et

433 2672 688 2728 mittitur.
732 2672 886 2731 Unus
932 2676 1020 2732 hic
1063 2679 1117 2732 in
1148 2689 1260 2734 tota
1311 2679 1589 2751 Ethiopia
1619 2682 1837 2739 ordines
1880 2699 2012 2739 con-

432 2764 560 2831 fert,
598 2782 772 2837 neque
806 2769 944 2845 alios
974 2770 1185 2825 confert
1212 2787 1374 2842 quam
1416 2773 1766 2829 diaconatum
1799 2784 1852 2829 et
1889 2790 2013 2844 pre-

434 2856 791 2926 sbyteratum.
837 2877 856 2910 ι
892 2856 1082 2914 Testes
1114 2868 1295 2915 autem
1329 2862 1557 2931 hujusce
1586 2864 1663 2917 rei
1693 2864 1824 2919 citat
1850 2862 2014 2920 Nico-

433 2947 584 3001 laum
638 2946 929 3004 Godinium
974 2966 1005 3005 e
1039 2952 1309 3007 Societate
1357 2951 1521 3019 Jesu,
1571 2963 1625 3008 et
1672 2955 2011 3024 Alphonsum

434 3037 760 3094 Mindesium
808 3056 875 3095 ex
920 3043 1107 3097 eadem
1150 3042 1439 3111 Societate,
1470 3060 1535 3101 ac
1570 3054 1759 3115 postea
1798 3046 2015 3101 Ethio-

434 3131 571 3202 picae
618 3131 793 3199 gentis
842 3134 1230 3202 patriarcham,
1267 3143 1322 3190 et
1380 3134 1645 3191 Joannem
1690 3154 1720 3192 a
1774 3137 2010 3204 Sanctis,

2107 650 2349 706 monium
2385 649 2658 721 Eutychii,
2682 665 2846 720 quem
2879 660 2934 705 et
2975 650 3174 707 saeculo
3218 658 3426 706 tantum
3468 651 3681 707 decimo

2108 740 2415 810 scripsisse,
2447 756 2510 796 ac
2536 740 2691 810 plura
2729 741 2820 796 hic
2846 757 3102 812 peccasse
3137 758 3300 798 nemo
3326 742 3677 811 inllciabitur,

2107 830 2187 886 Ex
2217 831 2464 901 pluribus
2489 841 2671 886 autem
2701 832 2847 888 illius
2886 833 3081 888 erratis
3118 833 3249 889 illud
3289 836 3465 901 solum
3492 836 3683 891 obser-

2106 922 2377 988 vabimus,
2403 924 2547 993 quod
2593 923 2801 978 nullum
2840 923 2894 978 in
2934 925 3232 994 provinciis
3263 925 3478 998 (Egypti
3511 928 3683 983 fuisse

2107 1013 2421 1083 episcopum
2451 1022 2657 1079 narrat,
2686 1031 2817 1071 vero
2848 1030 2960 1071 non
2983 1016 3153 1072 videri
3178 1017 3374 1085 simile,
3406 1020 3499 1075 sed
3526 1019 3680 1075 falsi-

2109 1106 2237 1160 tatis
2271 1120 2498 1175 prorsus
2527 1114 2863 1176 suspectum.
2895 1106 2954 1163 ln
2983 1110 3189 1181 synodo
3226 1112 3426 1167 etenim
3456 1113 3524 1168 ab
3558 1114 3683 1168 Ale-

2109 1198 2317 1254 xandro
2340 1199 2594 1269 episcopo
2614 1198 2955 1256 Alexandriae
2975 1202 3234 1260 adversus
3254 1206 3445 1261 Arium
3470 1216 3678 1276 coacta,

2109 1289 2223 1345 fere
2250 1298 2467 1344 centum
2498 1290 2738 1360 episcopi
2764 1291 3096 1350 interfuere:
3130 1315 3149 1347 ι
3185 1295 3295 1353 Nos
3323 1314 3448 1354 cum
3475 1300 3620 1368 aliis,
3655 1320 3674 1355 ι

2110 1381 2306 1451 inquit,
2342 1399 2362 1433 ι
2398 1378 2509 1436 fere
2536 1391 2755 1437 centum
2786 1382 3007 1455 tEgypti
3035 1393 3090 1441 et
3114 1386 3301 1460 Libyae
3327 1391 3599 1463 episcopis
3626 1393 3681 1448 in

2111 1486 2281 1526 unum
2303 1472 2708 1535 convenientes,
2744 1491 2763 1526 ι
2791 1480 2895 1529 etc.
2920 1472 2990 1528 At
3018 1490 3147 1531 vero
3170 1492 3199 1531 a
3225 1476 3480 1533 Demetrii
3509 1487 3684 1536 morte

2112 1577 2283 1633 usque
2310 1562 2379 1617 ad
2406 1563 2761 1631 annum5l8,
2794 1579 2904 1635 quo
2930 1566 3222 1623 concilium
3269 1570 3402 1625 illud
3444 1573 3685 1627 celebra-

2110 1664 2225 1709 tum
2258 1661 2359 1719 est,
2396 1662 2473 1709 tot
2505 1654 2851 1725 episcopatus
2880 1671 3069 1713 recens
3098 1668 3311 1716 erectos
3334 1660 3524 1728 fuisse,
3556 1663 3681 1732 quis

2109 1745 2435 1801 crediderit?
2458 1744 2597 1812 Quid
2628 1746 2774 1817 quod
2804 1745 3069 1804 Eusebius
3095 1760 3326 1807 testatur
3357 1754 3402 1785 ’⁸
3424 1752 3681 1824 Nepotem

2113 1836 2331 1909 Egypti
2353 1852 2691 1908 episcopum,
2716 1838 2809 1909 qui
2831 1856 3047 1899 errores
3069 1843 3455 1899 Chiliastarum
3485 1846 3684 1903 docue-

2113 1937 2217 1994 rat,
2270 1937 2325 1982 et
2369 1929 2483 1998 jam
2524 1929 2729 1998 pridem
2777 1942 3008 1988 mortem
3055 1934 3298 2001 obierat,
3342 1951 3371 1990 a
3426 1935 3685 2009 Dionysio

2112 2018 2477 2075 Alexandrino
2510 2018 2680 2077 fuisse
2715 2022 3075 2081 confutatum.
3119 2023 3274 2082 Unde
3306 2042 3413 2082 non
3453 2030 3685 2086 absurde

2113 2111 2383 2180 Colligitur
2410 2112 2657 2167 eumdem
2690 2111 2952 2185 Nepotem
2972 2124 3122 2172 ante
3150 2117 3407 2174 Demetrii
3442 2129 3684 2191 tempora

2112 2202 2351 2273 aliquam
2400 2202 2455 2257 in
2506 2203 2739 2276 Egypto
2786 2206 2970 2263 sedem
3014 2210 3258 2267 tenuisse
3297 2212 3681 2283 episcopalem.

2114 2294 2356 2366 Denique
2380 2295 2793 2368 lletaphrastes,
2824 2316 2917 2371 qui
2954 2317 3066 2358 non
3114 2304 3344 2360 minoris
3392 2313 3476 2361 est
3522 2322 3685 2377 quam

2113 2386 2411 2459 Eutychius
2443 2392 2782 2449 auctoritatis
2827 2403 2883 2449 et
2925 2396 3201 2466 ponderis,
3233 2399 3397 2455 tradit
3441 2398 3683 2455 Marcum

2120 2500 2137 2531 ε
2174 2482 2295 2537 aliis
2336 2485 2847 2554 quoqueEcclesiis
2895 2487 3054 2561 longe
3103 2491 3317 2562 lateque
3365 2493 3683 2564 episcopos,

2114 2572 2458 2644 presbyteros
2487 2585 2543 2629 et
2569 2574 2830 2635 diaconos
2861 2578 3095 2637 dedisse.
3139 2602 3159 2635 ι

2182 2666 2458 2734 Quantum
2491 2670 2557 2724 ad
2586 2668 2879 2742 Ethiopian
2911 2671 3230 2741 Ecclesiam,
3260 2676 3386 2747 quis
3431 2692 3540 2732 non
3582 2678 3687 2733 mi-

2114 2766 2261 2812 retur
2284 2759 2587 2815 inauditum
2613 2760 2795 2816 Dallaei
2818 2762 3045 2834 ejusque
3067 2763 3372 2822 defensoris
3397 2782 3686 2836 argumen—

2113 2851 2262 2905 tandi
2284 2853 2493 2921 genus?
2531 2850 2769 2923 Uterque
2791 2856 2936 2909 enim
2958 2872 3025 2910 ex
3052 2859 3428 2914 recentissimo
3453 2868 3687 2928 quatuor

2114 2942 2281 3012 hujus
2312 2958 2366 2999 et
2406 2945 2707 3013 superioris
2738 2948 2921 3002 saeculi
2960 2958 3269 3016 auctorum,
3305 2950 3373 3005 de
3408 2951 3574 3007 rebus
3601 2952 3686 3007 sui

2116 3035 2377 3103 temporis
2426 3036 2803 3105 scribentium,
2836 3040 3147 3095 testimonio
3197 3057 3366 3096 unum
3422 3041 3688 3096 duntaxat

2114 3128 2428 3198 episcopum
2479 3129 2547 3183 ab
2590 3131 2744 3186 initio
2774 3131 3097 3187 Christianae
3138 3133 3418 3204 religionis
3448 3133 3520 3188 ibi
3555 3149 3687 3189 con-

436 3221 858 3277 Dominicanum
911 3240 941 3278 τι
998 3224 1233 3282 ϐοιιίῃίο
1296 3227 1577 3282 laudatum
1607 3269 1621 3296 ,
1676 3244 1741 3284 ac
1795 3230 2082 3293 tandemc
2117 3221 2366 3276 stitutum
2418 3212 2589 3277 fuisse
2640 3224 2994 3280 concludunt.
3044 3223 3213 3291 Quasi
3255 3240 3388 3280 vero
3434 3241 3530 3294 per
3577 3234 3686 3281 tam

436 3315 792 3372 Franciscum
826 3318 1072 3384 Alvarez,
1112 3335 1304 3376 omnes
1352 3319 1581 3389 hujusce
1622 3322 1708 3376 vel
1753 3321 2013 3391 praeteriti

435 3412 621 3467 saeculi
649 3411 965 3481 scriptores.
1008 3413 1169 3482 Atqui
1205 3414 1334 3469 huic
1383 3413 1751 3468 Ecclesiarum
1795 3412 2013 3484 Egypti

435 3512 492 3559 et
521 3504 813 3574 Ethiopize
844 3506 990 3571 usui,
1022 3506 1201 3575 inquit
1226 3505 1482 3571 Dallaeus,
1511 3507 1758 3561 doctrina
1781 3507 1835 3561 in
1867 3504 2019 3575 lgna-

434 3595 501 3650 tii
530 3596 773 3665 epistolis
803 3598 1023 3658 tradita,
1066 3613 1171 3666 qua
1201 3596 1337 3651 nihil
1369 3598 1487 3652 sine
1514 3599 1770 3667 episcopo
1812 3597 2018 3653 facien—

436 3687 568 3740 dum
599 3702 722 3743 esse
748 3687 1026 3754 delinitur,
1057 3689 1215 3758 plane
1250 3690 1574 3760 penitusque
1606 3692 1877 3745 contraria
1912 3699 2012 3745 est.

441 3776 598 3833 lianc
623 3793 754 3849 ergo
790 3781 1145 3849 apostolicam
1176 3781 1483 3838 doctrinam
1515 3797 1658 3849 esse,
1694 3792 1856 3853 atque
1880 3782 2015 3837 adeo

436 3871 697 3941 epistolas
728 3870 917 3941 lgnatii
942 3873 1100 3941 plane
1133 3881 1365 3944 utraque
1392 3874 1633 3931 Ecclesia
1668 3875 1914 3931 nescivit.

511 3962 713 4018 Verum
746 3965 792 4019 si
824 3963 1121 4035 Eutychius
1160 3967 1414 4035 quiddam
1458 3966 1526 4021 de
1566 3967 1882 4038 Egyptiaca
1915 3966 2017 4022 Ec-

442 4056 609 4111 clesia
650 4058 902 4112 mirabile
943 4073 1045 4114 nos
1090 4059 1294 4124 docuit,
1330 4061 1629 4116 mirabilior
1659 4062 1906 4131 profecto
1934 4071 2019 4118 est

441 4147 579 4204 falsa
633 4148 815 4204 Dallaei
865 4165 931 4205 ex
990 4150 1253 4221 Eutychio
1312 4154 1537 4222 repetita
1596 4157 2013 4224 argumentatio.

444 4240 578 4296 Esto
611 4242 755 4295 enim
790 4256 933 4298 unus
982 4244 1037 4297 in
1081 4251 1191 4297 toto
1233 4243 1464 4314 ngypto
1501 4245 1665 4299 fuerit
1706 4247 2016 4316 episcopus,

447 4347 592 4386 unus
622 4332 676 4385 in
702 4331 1001 4402 Ethiopia,
1036 4349 1176 4389 unus
1220 4334 1385 4389 etiam
1419 4335 1473 4388 in
1518 4320 1759 4405 Scythia,
1789 4337 2019 4405 aliisque

446 4438 477 4477 a
509 4422 691 4476 Dallaei
717 4422 1005 4481 defensore
1046 4441 1154 4480 non
1186 4426 1304 4480 sine
1350 4425 1492 4480 fastu
1522 4427 1748 4496 objectis
1782 4428 2021 4498 regioni-

448 4514 572 4569 bus.
600 4512 743 4568 Nihil
786 4530 919 4570 sane
967 4515 1041 4571 ibi
1090 4516 1282 4588 lgnatii
1311 4517 1558 4587 epistolis
1591 4532 1900 4588 repugnans
1925 4519 2020 4573 dc-

447 4608 821 4679 prehenditur.
853 4609 1062 4665 Etenim
1096 4612 1345 4681 quamvis
1382 4627 1523 4667 unus
1554 4612 1607 4665 in
1636 4613 1726 4679 iis,
1750 4621 1810 4668 ut
1843 4614 2013 4681 aiunt,

449 4701 764 4773 regionibus
798 4702 989 4759 fuisset
1019 4705 1328 4775 episcopus,
1372 4704 1425 4759 id
1469 4711 1649 4760 tamen
1684 4719 1794 4760 non
1833 4705 2021 4778 prohi-

447 4792 588 4856 buit,
619 4795 913 4864 quominus
941 4796 1035 4863 ibi,
1065 4796 1223 4852 sicuti
1265 4812 1411 4852 nunc
1468 4793 1523 4848 in
1589 4795 1845 4854 omnibus
1900 4813 2019 4852 am-

449 4885 711 4954 plissimae
739 4886 989 4941 diteccsis
1022 4887 1355 4950 civitatibus,
1395 4886 1609 4957 oppidis
1635 4894 1690 4941 et
1712 4888 1871 4954 vicis,
1899 4904 2022 4958 quae

452 4979 555 5033 sub
594 4982 757 5035 unius
791 4980 1033 5050 episc0pi
1083 4981 1289 5035 ditione
1336 4989 1483 5047 sunt,
1531 4981 1714 5035 omnia
1760 4996 1825 5036 ex
1874 4982 2021 5036 illius

450 5070 705 5141 imperio,
736 5073 982 5144 nihilque
1011 5074 1128 5129 sine
1156 5074 1275 5143 ejus
1305 5074 1573 5130 sententia
1605 5078 1774 5130 fieret.
1802 5075 1869 5130 Et
1891 5091 2023 5131 sane

449 5160 585 5216 illud
626 5160 879 5217 Patribus
907 5164 1123 5218 concilii
1156 5163 1445 5219 Laudiceni
1473 5165 1610 5219 adeo
1653 5175 1763 5222 erat
1792 5181 2020 5235 persua»

450 5273 609 5325 sum,
653 5266 715 5313 ut
752 5256 808 5311 in
846 5257 1047 5313 villulis
1086 5264 1139 5312 et
1174 5258 1318 5327 agris
1346 5257 1479 5310 nihil
1513 5267 1709 5327 praeter
1734 5263 2015 5316 conscien-

451 5350 583 5404 tiam
622 5349 861 5419 episcopi
906 5349 1137 5405 civitatis
1172 5348 1438 5418 agendum
1470 5363 1593 5406 esse
1623 5352 2015 5406 -sanciverint:

457 5458 479 5492 ι
515 5438 634 5493 Non
673 5447 907 5509 oportet,
948 5458 968 5493 ο
1002 5438 1256 5509 inquiunt
1283 5438 1348 5502 ”,
1383 5457 1402 5490 t
1444 5439 1497 5493 in
1527 5441 1729 5497 villulis
1759 5443 1843 5497 vel
1873 5445 2021 5515 agris

452 5530 740 5601 episcopos
787 5532 1069 5593 constitui,
1120 5531 1214 5585 sed
1260 5529 1591 5590 visitatores.
1635 5533 2021 5593 Verumtamen

449 5622 774 5692 jampridem
803 5623 1081 5679 constituti
1120 5621 1253 5676 nihil
1290 5621 1491 5681 faciant
1517 5632 1711 5695 praeter
1738 5628 2025 5683 conscien-

454 5718 587 5773 tiam
619 5718 857 5790 episcopi
887 5720 1137 5777 civitatis.
1179 5740 1199 5773 ι
1290 5785 1294 5788 ⁴

2114 3314 2276 3386 longa
2301 3316 2625 3372 saeculorum
2660 3318 2834 3386 spatia
2875 3318 3105 3373 mutatio
3135 3319 3282 3372 nulla
3319 3319 3393 3374 ibi
3438 3318 3558 3373 ﬁeri
3598 3334 3691 3388 po-

2118 3410 2317 3465 tuerit?
2345 3410 2535 3466 Plures
2563 3427 2693 3467 sane
2718 3413 2773 3467 in
2802 3410 3081 3483 Ethiopia
3119 3413 3249 3468 olim
3276 3413 3443 3470 fuisse
3474 3414 3688 3484 episco-

2116 3517 2214 3571 pos
2249 3518 2315 3556 ex
2362 3503 2497 3573 ipsis
2534 3503 2971 3560 adversariorum
3015 3505 3299 3575 principiis
3350 3506 3558 3577 liquido
3595 3507 3682 3562 de-

2118 3603 2474 3651 monstratur.
2534 3593 2766 3652 Dallaeus
2807 3612 3045 3667 namque
3091 3596 3456 3669 Ethiopicam
3501 3598 3687 3655 Eccle-

2118 3685 2254 3742 siam
2288 3688 2521 3756 appellat
2550 3689 2992 3758 antiquissimam
3038 3698 3091 3745 et
3133 3691 3530 3747 nobilissimam
3583 3692 3690 3747 Ec-

2117 3777 2297 3833 clesiae
2330 3777 2663 3849 Egyptiacae
2706 3782 3004 3837 traducem.
3044 3781 3210 3852 Atqui
3241 3798 3307 3837 ex
3336 3784 3525 3839 eodem
3566 3783 3691 3838 Dal-

2118 3869 2218 3925 ltco
2269 3869 2514 3927 Ecclesia
2570 3871 2938 3928 Alexandrina
3001 3874 3192 3929 saltem
3247 3882 3372 3944 post
3433 3874 3690 3931 Demetrii

2118 3970 2330 4018 aetatem
2359 3963 2542 4031 plures
2572 3964 2771 4020 habuit
2806 3965 3114 4036 episcopos.
3156 3964 3320 4021 Recte
3352 3966 3517 4036 igitur
3547 3967 3692 4023 hunc

2119 4054 2300 4123 plures
2328 4054 2550 4109 creandi
2592 4056 2875 4126 episcopos
2905 4074 3062 4114 usum
3095 4059 3164 4113 ab
3202 4058 3568 4115 Alexandrina
3596 4058 3693 4114 Ec-

2120 4146 2285 4200 clesia
2315 4146 2385 4200 ad
2424 4146 2814 4217 Ethiopieam,
2848 4165 2973 4219 quae
3002 4150 3079 4203 illi
3110 4151 3348 4218 suberat,
3370 4152 3481 4221 jam
3513 4153 3582 4207 ab
3608 4153 3691 4207 his

2122 4237 2457 4306 temporibus
2497 4239 2877 4295 transmissum
2910 4241 3079 4297 fuisse
3106 4243 3231 4298 inde
3251 4243 3493 4313 colligas.
3521 4242 3690 4299 Porro

2086 4336 2301 4383 .autem
2327 4329 2623 4384 adversarii
2649 4340 2774 4387 ante
2810 4330 3066 4386 Demetrii
3112 4341 3353 4403 tempora
3389 4333 3686 4389 Ecclesiam

2122 4419 2415 4490 Ethiopiai
2451 4421 2521 4475 ab
2548 4419 2915 4476 Alexandrina
2945 4424 3208 4492 originem
3253 4440 3405 4479 suam
3442 4424 3690 4481 hausisse

2123 4512 2389 4567 incertum
2430 4528 2553 4569 esse
2592 4516 2918 4581 concedunt,
2956 4530 3117 4585 quam
3152 4516 3243 4569 alii
3271 4517 3339 4571 ad
3378 4517 3689 4573 eunuchum

2124 4608 2322 4677 reginae
2366 4605 2709 4675 1Ethiopum,
2735 4608 2820 4662 vel
2866 4609 2933 4664 ad
2984 4609 3258 4678 apostolos
3300 4608 3567 4666 Thomam
3607 4613 3690 4667 vel

2122 4698 2434 4754 Matthaeum
2466 4698 2807 4754 referendam
2839 4715 2963 4757 esse
2987 4701 3342 4757 arbitrantur.

2194 4789 2300 4846 Sed
2324 4790 2437 4845 hac
2459 4804 2521 4844 ex
2548 4790 2845 4845 abundanti
2868 4792 3011 4847 dicta
3034 4801 3218 4848 sunto.
3250 4792 3384 4848 Nam
3415 4793 3527 4848 sive
3548 4810 3692 4850 unus

2121 4881 2237 4938 sive
2264 4882 2446 4951 plures
2477 4881 2531 4936 in
2562 4880 2796 4952 IEgypto
2826 4891 2881 4937 et
2913 4881 3215 4952 Ethiopia,
3242 4892 3406 4955 atque
3436 4885 3598 4939 etiam
3634 4886 3691 4939 in

2123 4969 2344 5044 Scythia
2382 4970 2582 5027 fuerint
2625 4972 2892 5042 episcopi,
2941 4972 3077 5028 nihil
3110 4973 3235 5029 inde
3276 4984 3465 5030 contra
3503 4974 3691 5046 lgnatii

2121 5065 2294 5120 nostri
2328 5064 2667 5130 doctrinam;
2698 5065 2869 5119 multo
2908 5074 3089 5120 autem
3133 5065 3315 5122 minus
3356 5075 3547 5122 contra
3586 5071 3694 5138 epi-

2122 5157 2385 5212 stolarum
2407 5156 2527 5226 ejus
2557 5157 2839 5213 veritatem
2866 5158 3063 5214 confici
3091 5166 3286 5227 potest.
3321 5158 3389 5213 Et
3416 5174 3541 5213 vero
3569 5160 3692 5213 diu-

2121 5251 2331 5309 tissime
2366 5260 2653 5322 postquam
2690 5253 2933 5321 epistolze
2986 5251 3176 5321 lgnatii
3231 5252 3321 5307 toti
3379 5252 3692 5309 Christiano

2123 5344 2243 5402 orbi
2286 5345 2585 5401 notissima:
2632 5344 2877 5412 fuerunt,
2907 5346 2962 5400 in
3015 5345 3238 5417 Scythia
3286 5348 3517 5417 aliisque
3562 5362 3691 5415 pro-

2123 5436 2318 5493 vinciis
2376 5452 2521 5492 unus
2568 5445 2779 5492 tantum
2826 5446 2945 5492 erat
2995 5437 3314 5508 episc0pus,
3357 5438 3696 5509 proindcque

2125 5529 2275 5584 hunc
2301 5544 2510 5585 morem
2559 5544 2684 5584 cum
2727 5530 2996 5597 doctrina,
3038 5530 3094 5585 in
3135 5532 3268 5587 tanti
3302 5532 3555 5602 martyris
3578 5533 3694 5602 epi-

2127 5622 2282 5678 stolis
2314 5622 2531 5689 tradita,
2563 5636 2805 5694 pugnare
2836 5639 3157 5693 persuasum
3188 5639 3296 5680 non
3327 5624 3617 5679 habebant.

2198 5714 2340 5770 llinc
2365 5715 2477 5771 ruit
2504 5715 2650 5784 quod
2677 5715 2927 5773 similiter
2954 5716 3021 5773 de
3057 5715 3380 5773 Germanica
3410 5714 3693 5787 Bajoario-

561 5835 605 5869 "’
638 5852 759 5909 pag.
787 5836 913 5896 274.
991 5842 1037 5874 ’⁸
1061 5839 1258 5899 concil.
1290 5837 1458 5896 Laud.
1488 5856 1608 5895 can.
1641 5839 1727 5894 57.
1808 5841 1851 5873 ²⁶
1888 5838 2090 5895 Ilistor.
2120 5836 2212 5892 lib.
2247 5850 2341 5903 vn,
2373 5849 2491 5905 cap.
2519 5832 2609 5887 Ἡ.
