4138 6456
456 451 564 512 509

1433 454 1496 509 D.
1531 447 1828 509 NOURRII
1865 446 2346 506 DlSSERTATlO.
2388 481 2456 491 —
2494 447 2674 504 PARS
2712 446 2754 503 1.

3625 452 3726 506 510

455 589 578 630 rum
610 584 790 646 gente,
831 587 884 633 et
913 579 979 635 de
1019 579 1200 635 Scotis
1255 577 1535 645 subiunxit
1576 575 1832 640 Dallaeus,
1877 572 2039 628 nimi-
2067 574 2116 634 Α
2143 573 2249 638 las,
2304 586 2482 642 neque
2526 571 2758 626 aliorum
2807 567 3168 639 plurimorum
3213 568 3416 640 scripta
3461 567 3723 634 laudavit,

453 684 575 723 rum
613 671 756 739 apud
808 668 1128 740 Bajoarios,
1178 678 1238 726 ut
1295 666 1590 739 Gregorius
1639 665 1735 734 ΙΙΙ,
1787 680 2036 721 summus

451 762 717 830 pontifex,
766 774 1055 832 memorat,
1095 764 1305 819 nullum
1356 772 1482 817 ante
1520 759 1825 816 Vivilonem
1867 759 2036 817 fuisse

447 855 765 923 episcopum
801 878 814 911 -.
849 858 992 926 apud
1045 855 1238 911 Scotos
1279 870 1429 917 vero,
1459 852 1602 908 Beda
1653 861 1810 918 teste,
1841 851 2035 907 insulae

444 943 599 1000 Jonas
624 947 875 1002 abbatem
901 949 1274 1019 presbyterum
1312 945 1460 1001 omni
1484 944 1800 1015 provinciae,
1827 954 1879 999 et
1899 943 2033 1013 ipsis

441 1039 609 1092 etiam
645 1039 921 1109 episcopis
953 1040 1145 1095 ordine
1187 1040 1450 1094 inusitato
1491 1037 1660 1092 fuisse
1690 1036 2026 1108 praefectum.

436 1127 578 1184 Nam
609 1137 970 1202 praeterquam
1005 1133 1149 1202 quod
1172 1130 1300 1185 huic
1327 1138 1648 1201 argumento
1673 1128 1785 1198 jam
1811 1144 2032 1199 respon-

435 1238 562 1277 sum
620 1231 738 1290 est,
801 1230 947 1279 certe
995 1221 1291 1292 Gregorius
1339 1221 1435 1290 lll,
1481 1221 1614 1276 illud
1656 1230 1847 1277 contra
1883 1239 1902 1274 ‹
1937 1235 2030 1275 ec-

433 1319 804 1378 clesiasticum
865 1319 1108 1375 ordinem
1132 1357 1147 1384 ,
1187 1335 1206 1369 ι
1238 1315 1379 1372 Beda
1421 1325 1601 1371 autem
1667 1317 1770 1370 hoc
1806 1333 1825 1367 ‹
1871 1329 2026 1370 more

431 1415 698 1472 inusitato
748 1433 766 1469 ι
817 1421 1098 1483 peractum
1145 1426 1268 1467 esse
1325 1409 1615 1465 atlirmant.
1669 1409 1810 1476 Quid
1863 1409 2028 1481 ergo?

430 1506 659 1562 Dicetne
705 1505 939 1561 Dallaeus
979 1504 1206 1575 ejusque
1256 1502 1514 1560 defensor
1563 1504 1746 1558 omnia
1797 1518 1919 1576 qua
1969 1502 2024 1556 in

427 1599 664 1654 aliorum
714 1609 1000 1655 auctorum
1051 1597 1270 1668 scriptis
1302 1598 1599 1655 secundum
1641 1596 1888 1652 ordinem
1929 1611 2022 1652 ec-

428 1692 825 1757 clesiasticum,
856 1700 910 1747 et
945 1705 1098 1745 more
1124 1691 1327 1746 usitato
1354 1689 1662 1761 peragenda
1698 1704 1820 1745 esse
1861 1689 2024 1745 doce-

423 1786 650 1851 bantur,
684 1800 747 1842 ea
778 1784 1044 1853 Bajoariis
1070 1792 1123 1839 et
1153 1783 1330 1840 Scotis
1356 1782 1651 1854 incognita,
1681 1783 2021 1852 proindeque

420 1871 616 1926 eadem
651 1873 854 1942 scripta
884 1872 1021 1927 falsa
1068 1887 1190 1929 esse
1229 1882 1283 1928 et
1319 1873 1707 1943 supposititia?
1734 1871 1790 1927 Si
1830 1872 1884 1927 id
1912 1873 2015 1929 sibi

2135 662 2394 733 quoniam
2430 678 2498 718 ex
2544 661 2768 716 Patrum
2824 663 3152 718 testimoniis
3201 672 3392 718 contra
3439 663 3723 718 haereticos

2133 769 2379 824 pugnare
2421 769 2574 810 mens
2621 754 2697 808 illi
2754 768 2864 808 non
2915 763 3050 810 erat.
3098 753 3164 808 Et
3211 769 3270 809 re
3316 751 3535 824 quidem
3581 754 3718 823 ipsa,

2132 845 2288 900 nulla
2332 855 2522 901 contra
2563 845 2786 900 Aerium
2835 844 3060 915 profert,
3095 845 3189 900 sed
3239 846 3456 903 duobus
3510 855 3719 900 tantum

2131 936 2284 992 Pauli
2313 936 2599 993 sententiis
2624 938 2692 992 ab
2714 937 2908 994 eodem
2930 936 3095 993 Aerio
3119 938 3348 1009 objectis
3371 939 3721 1009 respondisse

2131 1027 2348 1098 legitur.
3506 1069 3515 1076 ,

2201 1118 2372 1174 Instat
2423 1117 2653 1175 Dallaaus
2675 1121 2721 1153 '9
2751 1138 2764 1175 :
2807 1137 2825 1173 ‹
2861 1117 3122 1186 Quaedam
3159 1119 3270 1175 illic
3300 1121 3452 1190 ponit
3479 1121 3719 1192 Epipha-

2128 1213 2277 1278 nius,
2304 1227 2428 1267 cum
2459 1211 2757 1283 lgnatianis
2799 1213 3145 1283 apertissime
3192 1216 3510 1284 pugnantia,
3557 1217 3717 1284 quale

2127 1303 2260 1358 illud
2301 1311 2386 1358 est
2425 1302 2571 1372 quod
2601 1304 2844 1360 decernit
2892 1323 2906 1358 :
2945 1305 2989 1357 A
3026 1305 3356 1375 presbyteris
3389 1313 3442 1360 et
3467 1306 3714 1364 diaconis

2126 1394 2497 1449 ecclesiastica
2563 1396 2780 1466 negotia
2841 1396 3090 1466 impleri,
3153 1397 3268 1452 sive
3336 1399 3711 1455 administrari

2126 1499 2306 1554 posse.
2340 1484 2471 1540 Item
2497 1485 2668 1542 fuisse
2697 1487 2961 1556 quasdam
2993 1487 3060 1541 ab
3087 1489 3352 1558 apostolis
3382 1493 3709 1548 constitutas

2125 1577 2420 1643 Ecclesias,
2437 1594 2559 1647 quae
2585 1593 2614 1632 a
2639 1579 2770 1633 solis
2797 1579 3129 1650 presbyteris
3151 1589 3204 1635 et
3230 1580 3478 1635 diaconis
3504 1583 3712 1653 absque

2124 1668 2379 1738 episcopo
2409 1679 2750 1740 regerentur.
2784 1670 2917 1736 Qua:
2949 1671 3172 1726 totidem
3201 1680 3446 1727 monstra
3491 1685 3618 1730 sunt
3653 1684 3712 1730 et

2124 1759 2316 1831 Ignatii
2340 1763 2559 1832 quidem
2607 1763 2783 1818 nostri
2812 1764 3079 1833 epistulici
3118 1761 3475 1822 hierarchicis
3499 1768 3709 1837 legibus

2123 1863 2337 1908 exserte
2384 1854 2693 1909 definientis
2747 1855 2868 1910 sine
2906 1855 3206 1926 eplscopis,
3258 1859 3591 1930 presbyteris
3643 1877 3708 1916 ac

420 1919 1028 2034 persuadererpossim,
1054 1964 1259 2019 nemini
1290 1919 1620 2035 mfgmuo
1652 1981 1834 2020 rerum
1867 1965 2015 2020 aes“-
2044 1919 2088 1974 Β
2115 1945 2359 2001 diaconis
2387 1961 2494 2002 non
2521 1947 2705 2002 vocari
2732 1947 3059 2013 Ecclesiam,
3091 1959 3146 2005 et
3175 1953 3548 2006 necessarium
3581 1969 3706 2010 esse

419 2053 624 2107 matori
655 2054 1081 2122 persuadebunt.
1117 2054 1386 2110 Caeterum
1427 2055 1639 2111 tametsi
1669 2055 1862 2127 lgnatii
1893 2056 2010 2126 epi-

418 2144 576 2200 stolae
621 2144 690 2199 ad
736 2144 1115 2215 Bajoariorum
1175 2143 1580 2216 Scotorumque
1635 2155 1849 2216 gentem
1897 2161 2012 2200 non

418 2236 831 2308 pervenissent,
865 2252 975 2292 non
1004 2239 1109 2293 illae
1140 2248 1342 2303 tamen,
1369 2237 1528 2292 sicuti
1562 2252 1663 2294 nec
1689 2239 1796 2293 alia
1825 2239 2010 2294 omnia

417 2327 646 2384 Patrum
697 2329 923 2399 scripta,
966 2345 1089 2401 quae
1135 2331 1204 2385 ad
1252 2330 1474 2386 eosdem
1524 2345 1634 2385 non
1685 2331 2008 2388 transmissa

418 2429 569 2487 sunt,
601 2419 855 2476 falsitatis
886 2430 941 2477 et
968 2422 1362 2493 suppositionis
1391 2430 1576 2478 essent
1600 2423 1896 2492 arguenda.

1047 2556 1277 2613 CAPUT
1316 2556 1385 2612 Χ.

419 2685 750 2726 ηιηιιιτῑῖιι
776 2687 935 2726 ALIUD
965 2686 1330 2726 ARGUMENTUM
1355 2686 1660 2728 NECA'I‘IVUH
1693 2689 1761 2728 ΕΧ
1796 2693 2001 2734 ΑυοΤο-

820 2757 930 2796 BUH
957 2757 1205 2797 SILENTIO
1237 2758 1542 2799 DEDUCTUH.

677 2851 704 2924 §
736 2852 776 2906 l.
809 2851 1055 2907 Primum
1084 2869 1149 2908 ex
1178 2853 1472 2925 Epipltanii
1501 2856 1736 2913 silentio.

482 2967 565 3022 Ab
591 2967 965 3024 Ecclesiarum
1021 2970 1087 3026 de
1137 2971 1436 3043 lgnatianis
1492 2973 1736 3042 epistolis
1782 2974 2000 3032 silentio

409 3057 476 3112 ad
507 3060 870 3127 quorumdam
917 3064 1248 3130 scriptorum
1296 3063 1725 3119 taciturnitatem
1763 3065 1996 3124 Dallaeus

408 3151 682 3206 transivit.
715 3151 820 3207 Sed
852 3153 1054 3208 frustra
1095 3155 1184 3209 ille
1228 3155 1419 3211 eodem
1452 3171 1668 3227 semper
1706 3173 1998 3230 argumen-

2114 2037 2251 2092 nibil
2282 2039 2400 2094 sine
2445 2040 2701 2109 episcopo
2742 2041 2981 2110 cperari.
3019 2060 3038 2094 ι
3067 2041 3270 2097 Verum
3309 2043 3355 2098 si
3383 2059 3472 2100 res
3520 2046 3594 2100 ita
3646 2061 3707 2102 se

2111 2127 2329 2197 habeat,
2356 2139 2503 2186 certe
2535 2131 2873 2201 Epiphanius
2903 2135 3147 2188 omnium
3174 2134 3461 2190 hominum
3495 2137 3704 2206 impru-

2111 2220 2489 2290 dentissimus,
2519 2223 2614 2279 ubi
2646 2233 2836 2279 contra
2862 2224 3245 2295 episcoporum
3296 2242 3408 2297 pra:
3448 2228 3570 2282 aliis
3597 2227 3704 2282 Ec-

2109 2314 2290 2370 clesia:
2321 2315 2591 2372 ministris
2622 2317 2998 2372 excellentiam
3024 2319 3285 2388 disputat,
3324 2319 3490 2375 Aerio
3531 2321 3701 2391 jugu-

2109 2405 2223 2460 lum
2270 2406 2386 2476 ipse
2428 2407 2678 2476 praebuit.
2731 2407 2888 2474 Quod
2951 2423 3082 2465 sane
3126 2425 3250 2465 cum
3290 2410 3396 2466 dici
3441 2420 3699 2481 nequeat,

2107 2513 2284 2569 neque
2307 2499 2472 2554 etiam
2504 2499 2610 2554 dici
2636 2507 2816 2569 potest
2836 2516 2960 2554 eum
2987 2502 3275 2571 scripsisse
3297 2503 3525 2572 aliquid,
3551 2505 3700 2573 quod

2109 2606 2229 2644 cum
2253 2589 2444 2661 lgnatii
2478 2593 2652 2646 nostri
2675 2593 2921 2662 epistolis
2944 2595 3170 2648 omnino
3196 2609 3307 2648 non
3343 2604 3608 2664 congruat
3644 2604 3701 2650 et

2105 2682 2420 2738 concordet.
2467 2681 2535 2736 Et
2564 2699 2696 2738 vero
2747 2685 2800 2740 in
2839 2701 2905 2740 eo
2946 2686 3040 2755 qui
3072 2687 3232 2741 nobis
3263 2685 3521 2755 objicitur
3550 2689 3696 2755 loco,

2103 2773 2442 2844 Epiphanius
2484 2775 2714 2845 objectis
2743 2777 2810 2832 ab
2846 2777 3011 2831 Aerio
3049 2775 3430 2842 Pauliverbis,
3461 2793 3696 2848 respon-

2100 2866 2192 2920 det
2215 2867 2290 2920 ibi
2317 2866 2639 2936 Apostolum
2687 2869 2756 2924 de
2793 2870 2861 2924 iis
2892 2884 3199 2926 sermonem
3239 2869 3549 2936 instituere,
3574 2886 3697 2939 qua:

2100 2957 2260 3013 initio
2306 2961 2587 3016 nascentis
2641 2959 2901 3016 Ecclesia:
2949 2963 3273 3033 agebantur,
3315 2979 3424 3032 quo
3471 2964 3692 3032 quidem

2098 3056 2344 3119 tempore
2363 3066 2488 3105 cum
2519 3051 2763 3106 nondum
2790 3054 2993 3123 ubique
3020 3053 3188 3108 creati
3212 3063 3399 3110 essent
3421 3056 3692 3126 episcopi,

2097 3150 2213 3197 tum
2247 3157 2280 3196 a
2309 3142 2641 3213 presbyteris
2668 3144 2751 3200 vel
2784 3143 3032 3200 diaconis
3060 3146 3432 3203 ecclesiastica
3474 3147 3690 3218 negotia

407 3249 586 3295 torum
620 3258 814 3313 genere
844 3259 1115 3315 pugnans,
1140 3246 1426 3316 caliginem
1476 3249 1842 3320 tenebrasque
1874 3251 1995 3308 illas

2098 3233 2370 3305 implenda
2407 3245 2564 3292 erant
2608 3244 2662 3292 et
2706 3237 3158 3293 administranda.
3203 3239 3274 3294 At
3325 3237 3568 3309 lgnatius
3613 3240 3685 3294 ab

405 3333 688 3389 oti‘undere
737 3347 984 3401 conatur,
1032 3355 1170 3408 quas
1217 3339 1339 3394 luce
1387 3355 1486 3396 sua
1535 3339 1687 3410 fugat
1727 3343 1991 3412 Ignatius.

402 3422 588 3480 Primo
623 3426 770 3480 enim
808 3425 1041 3483 Dallazus
1078 3427 1444 3499 Epiphanium
1470 3431 1569 3486 has
1601 3432 1808 3487 litteras
1837 3433 1995 3503 igno-

402 3532 556 3572 rasse
588 3536 601 3572 :
646 3537 666 3570 ‹
699 3518 828 3586 Aut,
869 3538 888 3572 ›
923 3529 980 3574 ut
1019 3520 1134 3590 ipse
1169 3523 1432 3592 loquitur,
1471 3543 1490 3575 ‹
1526 3524 1671 3592 quod
1703 3538 1834 3580 vero
1862 3541 1994 3596 pro-

402 3610 528 3678 pius
583 3610 819 3678 videtur,
869 3613 1265 3682 contempsisse
1315 3614 1462 3670 velut
1515 3614 1708 3680 ﬁctas,
1754 3633 1772 3668 ι
1808 3631 1874 3671 ex
1924 3631 1992 3673 eo

400 3702 632 3770 probare
671 3718 728 3758 se
760 3719 922 3773 posse
968 3705 1286 3772 arbitratur,
1319 3707 1466 3776 quod
1510 3707 1604 3762 ubi
1651 3705 1991 3778 Epiphanius

400 3792 689 3849 adversum
731 3795 876 3850 Aerii
929 3797 997 3851 de
1047 3797 1489 3868 presbyterorum
1544 3814 1670 3854 cum
1717 3800 1988 3870 episcopis

397 3887 706 3955 aequalitate
746 3902 962 3943 errores
1006 3888 1248 3957 disputat
1280 3890 1345 3956 ³⁷,
1377 3890 1570 3944 nullibi
1609 3906 1850 3960 unquam
1887 3892 1986 3947 has

398 3982 704 4036 laudaverit
735 3983 926 4052 lgnatii
958 3983 1206 4038 litteras:
1242 4001 1262 4036 (
1299 3983 1539 4048 Quibus,
1573 4002 1592 4035 ι
1625 3983 1799 4054 inquit
1841 3984 1984 4040 idem

398 4072 630 4128 Dallaeus
659 4073 725 4140 ’³,
763 4090 781 4124 ‹
819 4073 955 4128 nihil
994 4083 1078 4130 est
1119 4074 1174 4128 in
1217 4083 1330 4129 tota
1361 4075 1686 4145 antiquitate
1720 4077 1984 4134 adversus

398 4160 544 4220 illam
577 4165 722 4221 Aerii
751 4167 1062 4237 opinionem
1104 4166 1383 4222 disertius.
1425 4186 1444 4220 ι
1482 4167 1586 4224 Sed
1617 4177 1827 4236 contra,
1860 4186 1982 4227 cer-

395 4265 506 4311 tum
537 4268 621 4314 est
651 4257 1016 4328 Epiphanium
1064 4259 1180 4312 haec
1216 4258 1504 4328 scripsisse
1537 4269 1660 4329 post
1681 4261 1978 4331 vulgatam,

393 4365 554 4418 quam
587 4350 678 4405 ille
715 4351 903 4420 procul
949 4351 1115 4405 dubio
1157 4351 1380 4421 legerat,
1413 4351 1632 4407 Eusebii
1675 4353 1979 4423 historiam,

393 4443 445 4498 in
495 4457 603 4513 qua
642 4453 754 4497 tam
807 4443 1108 4497 honorifica
1152 4442 1344 4497 harum
1390 4441 1580 4513 lgnatii
1621 4445 1978 4514 epistolarum

391 4535 595 4590 mentio
622 4535 872 4589 habetur.
908 4533 1026 4589 Non
1063 4544 1360 4605 potuerunt
1397 4551 1528 4606 ergo
1563 4537 1640 4590 illi
1670 4552 1793 4594 esse
1823 4538 1978 4594 inco-

2095 3323 2388 3394 episcopis,
2417 3340 2657 3394 quorum
2681 3341 2948 3381 numerus
2971 3343 3070 3382 sua
3097 3336 3254 3383 aetate
3277 3328 3476 3383 mirum
3499 3330 3553 3382 in
3577 3343 3691 3384 mo-

2093 3413 2222 3469 dum
2261 3425 2526 3483 creverat,
2556 3417 2744 3472 eadem
2795 3419 3013 3487 negotia
3058 3420 3231 3474 voluit
3279 3421 3688 3479 administrari.

2093 3503 2251 3571 Quod
2280 3506 2499 3576 quidem
2549 3509 2744 3563 nullibi
2791 3526 3036 3580 unquam
3078 3513 3296 3582 negavit
3318 3511 3681 3583 Epiphanius.

2090 3595 2250 3652 Nulla
2289 3597 2454 3668 igitur
2485 3598 2626 3654 inter
2675 3614 2772 3655 eos
2820 3601 3095 3658 discordia
3141 3618 3320 3674 neque
3357 3621 3560 3676 pugna,
3589 3607 3686 3662 sed

2061 3723 2065 3743 ε
2097 3703 2311 3745 summa
2350 3690 2635 3762 utriusque
2662 3693 2979 3750 consensio.

2163 3804 2289 3879 ﬁll.
2327 3805 2473 3864 Num
2519 3811 2764 3894 epistole
2789 3810 2990 3895 Ignatii
3031 3813 3365 3872 Tertulliano
3413 3817 3613 3886 fuerint

2747 3893 3047 3953 incognita.

2157 3968 2323 4027 Plura
2353 3971 2421 4026 de
2439 3970 2774 4029 Tertulliano
2803 3977 3049 4048 congerit
3079 3976 3313 4036 Dallzeus
3341 3981 3410 4047 '°,
3437 3989 3601 4052 atque
3628 3984 3679 4039 ei

2085 4058 2302 4130 ignotas
2327 4061 2496 4119 fuisse
2524 4063 2717 4134 lgnatii
2743 4067 3006 4136 epistolas
3035 4078 3274 4138 quatuor
3302 4071 3555 4129 adductis
3582 4089 3674 4130 ra-

2085 4153 2328 4210 tionibus
2371 4156 2606 4225 probare
2651 4157 2866 4214 nititur.
2901 4159 2954 4214 1.
2998 4159 3056 4216 Si
3086 4159 3455 4219 Tertullianus
3482 4180 3578 4222 eas
3605 4167 3676 4222 ab

2082 4245 2294 4316 lgnatio
2317 4248 2632 4305 reseivisset
2653 4266 2777 4307 esse
2806 4251 3060 4322 scriptas,
3093 4263 3286 4310 contra
3317 4258 3492 4312 sancti
3523 4274 3676 4314 mar-

2083 4341 2220 4410 tyris
2266 4341 2598 4411 doctrinam,
2643 4361 2662 4395 c
2697 4345 2817 4401 sine
2866 4346 3142 4416 episcopis
3191 4358 3247 4404 et
3283 4349 3533 4407 diaconis
3575 4352 3678 4410 Ec-

2082 4432 2305 4489 clesiam
2331 4449 2439 4489 non
2467 4435 2672 4503 vocari,
2711 4455 2730 4488 i
2768 4436 2902 4491 illud
2944 4437 3134 4506 utique
3169 4455 3280 4495 non
3308 4443 3621 4512 scripsisset
3653 4464 3670 4500 :

2089 4543 2108 4577 ι
2141 4524 2241 4580 Ubi
2270 4534 2401 4594 tres,
2447 4525 2692 4582 Ecclesia
2719 4538 2824 4597 est,
2865 4530 2992 4588 licet
3032 4533 3157 4588 laici
3189 4534 3253 4592 ³³.
3286 4553 3305 4587 ι
3337 4536 3391 4588 2.
3435 4534 3534 4591 Ubi
3577 4553 3673 4594 eos

389 4628 568 4695 gnitze.
598 4626 770 4682 Porro
810 4627 854 4681 si
895 4641 990 4681 eas
1038 4603 1211 4693 novit,
1263 4637 1427 4697 atque
1466 4603 1540 4683 ab
1575 4627 1784 4699 lgnatio
1812 4631 1973 4686 sicuti
2005 4603 2050 4659 D
2079 4632 2111 4672 3
2151 4617 2353 4687 quibus
2400 4617 2672 4676 Γθῖυιδῑυε
2727 4631 2811 4677 εει
2863 4624 3211 4693 Valentinus.
3253 4638 3540 4683 enumerat
3591 4631 3669 4694 ³⁵³,

387 4717 676 4786 Eusebius,
708 4719 943 4789 scriptas
978 4718 1228 4786 credidit,
1268 4721 1453 4777 nullus
1498 4736 1632 4777 sane
1681 4721 1972 4781 dubitandi

385 4809 537 4865 locus
576 4819 660 4866 est
688 4810 951 4865 eximium
986 4811 1122 4866 tanti
1169 4812 1427 4884 martyris
1476 4828 1616 4882 opus
1653 4814 1721 4869 ab
1757 4829 1825 4869 eo
1862 4831 1973 4870 non

386 4903 546 4958 modo
585 4917 690 4957 non
724 4911 969 4974 spretum
992 4943 1008 4970 ,
1060 4903 1153 4957 sed
1187 4918 1251 4958 ea
1277 4905 1440 4958 etiam
1467 4921 1589 4975 quae
1624 4907 1975 4963 sanctissimo

383 4995 500 5048 viro
531 4994 850 5062 debebatur,
878 4996 1230 5052 veneratione
1259 5005 1597 5066 susceptum.

449 5088 537 5154 At,
571 5090 810 5159 inquies,
852 5104 953 5144 cur
977 5089 1066 5145 ille
1093 5090 1356 5145 adversus
1383 5090 1604 5144 Aerium
1633 5106 1824 5146 earum
1868 5107 1972 5146 au-

382 5181 627 5236 ctoritate
673 5196 783 5236 non
835 5182 1046 5238 utitur?
1077 5182 1190 5236 Cur
1223 5182 1411 5248 etiam,
1455 5183 1737 5252 inquimus
1763 5193 1816 5239 et
1845 5200 1968 5253 nos,

383 5273 643 5328 adversus
686 5273 824 5328 alias
853 5271 1088 5328 hazreses
1120 5281 1200 5327 tot
1240 5271 1463 5326 Patrum
1496 5274 1736 5343 scriptis,
1768 5275 1969 5344 quibus

381 5380 452 5418 etc
479 5364 729 5420 funditus
760 5365 1166 5430 evertebantur,
1195 5364 1604 5434 praztermissis,
1634 5375 1743 5418 tam
1774 5367 1966 5435 paucis

382 5453 605 5522 ipsemet
637 5471 770 5510 usus
799 5456 914 5511 est?
943 5454 1199 5524 Nunquid
1226 5470 1289 5510 ea
1322 5470 1444 5524 quae
1478 5456 1754 5521 omiserat,
1780 5456 1960 5526 ignota

380 5542 584 5608 habuit,
618 5555 713 5599 aut
751 5546 1081 5615 contempsit
1108 5546 1273 5600 veluti
1306 5546 1428 5601 ficta
1463 5555 1518 5600 et
1547 5548 1960 5601 commentitia?

381 5634 596 5692 Minime
631 5637 895 5708 gentium.
929 5635 1054 5691 Ideo
1097 5637 1265 5708 igitur
1309 5653 1483 5708 neque
1525 5636 1716 5707 lgnatii
1748 5639 1954 5707 episto-

444 5824 489 5854 "
525 5824 720 5878 ba'res.
758 5823 844 5876 75.
924 5822 969 5854 ⁸⁸
1002 5838 1121 5890 cap.
1181 5823 1230 5885 7,
1258 5839 1311 5891 p.
1345 5822 1470 5878 276.
1579 5825 1621 5856 ’θ
1682 5822 1810 5877 Ibid.
1914 5825 1957 5855 ³ο

381 5906 495 5957 cap.
539 5894 590 5949 7.
671 5895 714 5926 ³³
750 5892 866 5947 Lib.
901 5892 1052 5947 Cant.
1093 5891 1323 5958 Va'eut.,
1353 5908 1471 5963 cap.
1501 5894 1548 5948 ἲ).

1682 5826 1810 5877 Ibid.
1914 5826 1957 5855 ³⁰
2012 5841 2129 5890 cap.
2185 5826 2249 5884 8,
2331 5837 2383 5890 Ρ.
2456 5826 2553 5886 77,
2612 5834 2666 5879 ct
2742 5842 2854 5894 seq.
2958 5827 2996 5858 ³¹
3041 5826 3112 5880 De
3150 5827 3330 5880 (πήρη

1635 5891 1676 5922 ⁸³
1714 5893 1806 5947 lib.
1838 5907 1899 5947 ιιι
1953 5891 2153 5947 Contra
2185 5892 2466 5959 Martium,
2505 5911 2624 5961 cap.
2665 5896 2716 5950 6.
2797 5897 2838 5928 "’
2875 5896 2969 5951 lib.
3005 5896 3077 5950 Dc
3104 5899 3330 5965 pudicit.

2081 4724 2277 4779 nempe
2313 4708 2590 4767 Iustinum
2620 4713 3005 4784 philosophum
3035 4727 3088 4773 et
3115 4728 3434 4789 martyrem,
3468 4721 3670 4776 Miltia-

2079 4802 2225 4869 dem,
2250 4802 2513 4860 Irenaeum
2545 4815 2599 4862 et
2630 4805 2944 4877 Proculum,
2979 4811 3183 4865 nullam
3222 4812 3289 4868 de
3326 4813 3551 4882 lgnatio,
3584 4815 3671 4871 bis

2079 4897 2338 4954 omnibus
2365 4899 2696 4969 antiquiore,
2728 4903 3058 4958 mentionem
3110 4903 3260 4958 facit.
3291 4906 3345 4960 5.
3375 4905 3588 4972 Quibus
3613 4910 3668 4964 in

2079 4989 2218 5046 locis
2261 4990 2640 5048 vehementius
2684 4994 2928 5064 disputat
2971 5005 3164 5051 contra
3215 4996 3543 5053 Marcionem
3598 5003 3666 5066 ³³,

2077 5082 2238 5153 eique
2287 5100 2356 5140 ex
2391 5083 2602 5141 Joanne
2651 5087 2902 5156 apostolo
2946 5090 3182 5145 ostendit
3212 5108 3231 5142 α
3264 5106 3584 5161 praecoques
3613 5103 3668 5148 et

2079 5177 2359 5232 abortivos
2413 5179 2820 5248 quodammodo
2879 5179 3225 5239 Marcionitas
3306 5183 3518 5249 fuisse,
3569 5187 3663 5255 qui

2074 5264 2353 5322 Christum
2387 5268 2713 5339 phantasma
2755 5286 2879 5326 cum
2908 5271 3000 5326 illo
3028 5272 3386 5340 vindicarent,
3406 5295 3424 5329 ι
3477 5276 3548 5330 ibi
3580 5277 3663 5332 al-

2069 5359 2346 5414 tissimum
2422 5359 2490 5415 de
2547 5360 2757 5431 lgnatio
2817 5363 3135 5432 silentium;
3184 5367 3286 5420 etsi
3327 5385 3344 5418 (
3394 5383 3556 5422 nemo
3605 5370 3660 5423 in

2066 5451 2246 5520 primo
2265 5452 2358 5506 illo
2375 5452 2801 5511 Christianismo
2829 5471 3007 5526 neque
3031 5459 3252 5528 saepius,
3279 5474 3454 5529 neque
3477 5461 3660 5518 acrius

2063 5545 2441 5616 phantasticos
2465 5545 2585 5602 illos
2615 5548 2930 5618 exagitavit.
2969 5564 2988 5599 ι
3025 5549 3078 5603 4.
3109 5549 3478 5604 Tertullianus
3504 5550 3665 5605 Mon-

2065 5638 2266 5693 tanista
2316 5634 2495 5694 factus
2551 5647 2742 5695 contra
2798 5638 2986 5710 lgnatii
3043 5643 3369 5697 sententiam
3423 5642 3582 5698 docet
3614 5646 3662 5675 ³⁸

2331 5837 2383 5890 p.
2456 5822 2553 5886 77,
2612 5834 2666 5879 ct
2742 5842 2854 5894 seq.
2958 5827 2996 5858 ³¹
3041 5826 3112 5880 De
3150 5827 3413 5884 (κήρυγμα.
3466 5828 3648 5882 cauit.
