  <div class='ocr_page' id='page_1' title='image "/cluster/home/n/w/nwhite01/storage/ocr_20150623/5/coo.31924054872845/263.png"; bbox 0 0 4138 6456; ppageno 0'>
   <div class='ocr_carea' id='block_1_1' title="bbox 393 5802 423 5844">
    <p class='ocr_par' dir='ltr' id='par_1_1' title="bbox 393 5802 423 5844">
     <span class='ocr_line' id='line_1_1' title="bbox 393 5802 423 5844; baseline 0 -39"><span class='ocrx_word' id='word_1_1' title='bbox 393 5802 423 5844; x_wconf 44' lang='grc' dir='ltr'><strong>,η</strong></span> 
     </span>
    </p>
   </div>
   <div class='ocr_carea' id='block_1_2' title="bbox 446 441 547 496">
    <p class='ocr_par' dir='ltr' id='par_1_2' title="bbox 446 441 547 496">
     <span class='ocr_line' id='line_1_2' title="bbox 446 441 547 496; baseline -0.04 0"><span class='ocrx_word' id='word_1_2' title='bbox 446 441 547 496; x_wconf 86' lang='grc'><strong>511</strong></span> 
     </span>
    </p>
   </div>
   <div class='ocr_carea' id='block_1_3' title="bbox 1500 420 2640 483">
    <p class='ocr_par' dir='ltr' id='par_1_3' title="bbox 1500 420 2640 483">
     <span class='ocr_line' id='line_1_3' title="bbox 1500 420 2640 483; baseline -0.005 0"><span class='ocrx_word' id='word_1_3' title='bbox 1500 427 1559 483; x_wconf 90' lang='lat' dir='ltr'><strong>S.</strong></span> <span class='ocrx_word' id='word_1_4' title='bbox 1601 424 1949 483; x_wconf 77' lang='lat' dir='ltr'><strong>IGNATIUS.</strong></span> <span class='ocrx_word' id='word_1_5' title='bbox 1991 455 2057 462; x_wconf 95' lang='lat'><strong><em>—</em></strong></span> <span class='ocrx_word' id='word_1_6' title='bbox 2097 420 2640 479; x_wconf 74' lang='lat' dir='ltr'><strong>PROLEGOMENA.</strong></span> 
     </span>
    </p>
   </div>
   <div class='ocr_carea' id='block_1_4' title="bbox 3600 418 3705 475">
    <p class='ocr_par' dir='ltr' id='par_1_4' title="bbox 3600 418 3705 475">
     <span class='ocr_line' id='line_1_4' title="bbox 3600 418 3705 475; baseline -0.038 0"><span class='ocrx_word' id='word_1_7' title='bbox 3600 418 3705 475; x_wconf 73' lang='lat' dir='ltr'><strong>5H</strong></span> 
     </span>
    </p>
   </div>
   <div class='ocr_carea' id='block_1_5' title="bbox 454 534 3705 626">
    <p class='ocr_par' dir='ltr' id='par_1_5' title="bbox 454 534 3705 626">
     <span class='ocr_line' id='line_1_5' title="bbox 454 534 3705 626; baseline -0.006 -16"><span class='ocrx_word' id='word_1_8' title='bbox 454 579 473 610; x_wconf 76' lang='grc' dir='ltr'>ι</span> <span class='ocrx_word' id='word_1_9' title='bbox 514 572 703 613; x_wconf 88' lang='lat' dir='ltr'><strong>omnes</strong></span> <span class='ocrx_word' id='word_1_10' title='bbox 732 564 855 626; x_wconf 87' lang='lat' dir='ltr'><strong>post</strong></span> <span class='ocrx_word' id='word_1_11' title='bbox 884 556 1213 626; x_wconf 76' lang='lat' dir='ltr'><strong>baptismum</strong></span> <span class='ocrx_word' id='word_1_12' title='bbox 1244 553 1449 622; x_wconf 91' lang='lat' dir='ltr'><strong>lapsos,</strong></span> <span class='ocrx_word' id='word_1_13' title='bbox 1488 568 1506 601; x_wconf 74' lang='grc' dir='ltr'><strong>ι</strong></span> <span class='ocrx_word' id='word_1_14' title='bbox 1549 550 1617 605; x_wconf 84' lang='lat' dir='ltr'><strong>ad</strong></span> <span class='ocrx_word' id='word_1_15' title='bbox 1644 549 2017 620; x_wconf 78' lang='lat' dir='ltr'><strong>ptenitentiam</strong></span> <span class='ocrx_word' id='word_1_16' title='bbox 2049 552 2097 609; x_wconf 77' lang='grc' dir='ltr'><strong>Α</strong></span> <span class='ocrx_word' id='word_1_17' title='bbox 2122 544 2317 600; x_wconf 88' lang='lat' dir='ltr'><strong>eodem</strong></span> <span class='ocrx_word' id='word_1_18' title='bbox 2350 543 2603 614; x_wconf 80' lang='lat' dir='ltr'><strong>apostolo</strong></span> <span class='ocrx_word' id='word_1_19' title='bbox 2631 542 2917 597; x_wconf 88' lang='lat' dir='ltr'><strong>damnatos</strong></span> <span class='ocrx_word' id='word_1_20' title='bbox 2952 542 3125 597; x_wconf 88' lang='lat' dir='ltr'><strong>fuisse</strong></span> <span class='ocrx_word' id='word_1_21' title='bbox 3172 538 3527 597; x_wconf 73' lang='lat' dir='ltr'><strong>ostenderet?</strong></span> <span class='ocrx_word' id='word_1_22' title='bbox 3551 534 3705 593; x_wconf 81' lang='lat' dir='ltr'><strong>Nun-</strong></span> 
     </span>
    </p>
   </div>
   <div class='ocr_carea' id='block_1_6' title="bbox 448 641 2025 718">
    <p class='ocr_par' dir='ltr' id='par_1_6' title="bbox 448 641 2025 718">
     <span class='ocr_line' id='line_1_6' title="bbox 448 641 2025 718; baseline -0.006 -15"><span class='ocrx_word' id='word_1_23' title='bbox 448 648 711 718; x_wconf 86' lang='lat' dir='ltr'><strong>agendam</strong></span> <span class='ocrx_word' id='word_1_24' title='bbox 748 662 856 701; x_wconf 94' lang='lat' dir='ltr'><strong>non</strong></span> <span class='ocrx_word' id='word_1_25' title='bbox 893 646 1281 701; x_wconf 73' lang='lat' dir='ltr'><strong>admittendos.</strong></span> <span class='ocrx_word' id='word_1_26' title='bbox 1330 642 1627 699; x_wconf 82' lang='lat' dir='ltr'><strong>Ortbodoxi</strong></span> <span class='ocrx_word' id='word_1_27' title='bbox 1668 656 1886 711; x_wconf 83' lang='lat' dir='ltr'><strong>quoque</strong></span> <span class='ocrx_word' id='word_1_28' title='bbox 1930 641 2025 710; x_wconf 89' lang='lat' dir='ltr'><strong>qui</strong></span> 
     </span>
    </p>
   </div>
   <div class='ocr_carea' id='block_1_7' title="bbox 450 734 2026 809">
    <p class='ocr_par' dir='ltr' id='par_1_7' title="bbox 450 734 2026 809">
     <span class='ocr_line' id='line_1_7' title="bbox 450 734 2026 809; baseline -0.005 -15"><span class='ocrx_word' id='word_1_29' title='bbox 450 739 647 794; x_wconf 86' lang='lat' dir='ltr'><strong>ibidem</strong></span> <span class='ocrx_word' id='word_1_30' title='bbox 679 737 972 809; x_wconf 74' lang='lat' dir='ltr'><strong>Scriptum</strong></span> <span class='ocrx_word' id='word_1_31' title='bbox 1001 754 1192 804; x_wconf 67' lang='lat' dir='ltr'><strong>sacrae,</strong></span> <span class='ocrx_word' id='word_1_32' title='bbox 1222 748 1277 793; x_wconf 89' lang='lat' dir='ltr'><strong>et</strong></span> <span class='ocrx_word' id='word_1_33' title='bbox 1305 739 1432 793; x_wconf 86' lang='lat' dir='ltr'><strong>libri</strong></span> <span class='ocrx_word' id='word_1_34' title='bbox 1478 736 1692 791; x_wconf 70' lang='lat' dir='ltr'><strong>Herma:</strong></span> <span class='ocrx_word' id='word_1_35' title='bbox 1730 734 2026 789; x_wconf 79' lang='lat' dir='ltr'><strong>auctorita-</strong></span> 
     </span>
    </p>
   </div>
   <div class='ocr_carea' id='block_1_8' title="bbox 450 826 2027 901">
    <p class='ocr_par' dir='ltr' id='par_1_8' title="bbox 450 826 2027 901">
     <span class='ocr_line' id='line_1_8' title="bbox 450 826 2027 901; baseline -0.004 -16"><span class='ocrx_word' id='word_1_36' title='bbox 450 841 557 886; x_wconf 90' lang='lat' dir='ltr'><strong>tem</strong></span> <span class='ocrx_word' id='word_1_37' title='bbox 593 832 695 900; x_wconf 90' lang='lat' dir='ltr'><strong>ipsi</strong></span> <span class='ocrx_word' id='word_1_38' title='bbox 718 839 1017 901; x_wconf 91' lang='lat' dir='ltr'><strong>opponunt,</strong></span> <span class='ocrx_word' id='word_1_39' title='bbox 1045 846 1113 885; x_wconf 89' lang='lat' dir='ltr'><strong>ne</strong></span> <span class='ocrx_word' id='word_1_40' title='bbox 1141 847 1308 886; x_wconf 92' lang='lat' dir='ltr'><strong>unum</strong></span> <span class='ocrx_word' id='word_1_41' title='bbox 1334 830 1550 901; x_wconf 83' lang='lat' dir='ltr'><strong>quidem</strong></span> <span class='ocrx_word' id='word_1_42' title='bbox 1580 831 1647 883; x_wconf 92' lang='lat' dir='ltr'><strong>de</strong></span> <span class='ocrx_word' id='word_1_43' title='bbox 1673 826 1885 898; x_wconf 83' lang='lat' dir='ltr'><strong>lgnatio</strong></span> <span class='ocrx_word' id='word_1_44' title='bbox 1906 841 2027 880; x_wconf 89' lang='lat' dir='ltr'><strong>ver-</strong></span> 
     </span>
    </p>
   </div>
   <div class='ocr_carea' id='block_1_9' title="bbox 449 917 2026 992">
    <p class='ocr_par' dir='ltr' id='par_1_9' title="bbox 449 917 2026 992">
     <span class='ocr_line' id='line_1_9' title="bbox 449 917 2026 992; baseline -0.005 -14"><span class='ocrx_word' id='word_1_45' title='bbox 449 925 579 978; x_wconf 89' lang='lat' dir='ltr'><strong>bum</strong></span> <span class='ocrx_word' id='word_1_46' title='bbox 615 924 837 980; x_wconf 86' lang='lat' dir='ltr'><strong>habent.</strong></span> <span class='ocrx_word' id='word_1_47' title='bbox 868 922 945 977; x_wconf 84' lang='lat' dir='ltr'><strong>Ex</strong></span> <span class='ocrx_word' id='word_1_48' title='bbox 978 924 1177 992; x_wconf 87' lang='lat' dir='ltr'><strong>quibus</strong></span> <span class='ocrx_word' id='word_1_49' title='bbox 1232 922 1395 977; x_wconf 83' lang='lat' dir='ltr'><strong>infert</strong></span> <span class='ocrx_word' id='word_1_50' title='bbox 1441 921 1673 976; x_wconf 66' lang='lat' dir='ltr'><strong>Dallaeus</strong></span> <span class='ocrx_word' id='word_1_51' title='bbox 1720 929 1773 974; x_wconf 90' lang='lat' dir='ltr'><strong>et</strong></span> <span class='ocrx_word' id='word_1_52' title='bbox 1805 917 2026 972; x_wconf 86' lang='lat' dir='ltr'><strong>Tertul-</strong></span> 
     </span>
    </p>
   </div>
   <div class='ocr_carea' id='block_1_10' title="bbox 451 1010 2029 1082">
    <p class='ocr_par' dir='ltr' id='par_1_10' title="bbox 451 1010 2029 1082">
     <span class='ocr_line' id='line_1_10' title="bbox 451 1010 2029 1082; baseline -0.004 -12"><span class='ocrx_word' id='word_1_53' title='bbox 451 1017 597 1071; x_wconf 89' lang='lat' dir='ltr'><strong>liano</strong></span> <span class='ocrx_word' id='word_1_54' title='bbox 626 1017 884 1071; x_wconf 86' lang='lat' dir='ltr'><strong>haeretico</strong></span> <span class='ocrx_word' id='word_1_55' title='bbox 901 1015 1265 1073; x_wconf 90' lang='lat' dir='ltr'><strong>etCatholicis</strong></span> <span class='ocrx_word' id='word_1_56' title='bbox 1294 1015 1548 1070; x_wconf 88' lang='lat' dir='ltr'><strong>omnibus</strong></span> <span class='ocrx_word' id='word_1_57' title='bbox 1578 1012 1807 1069; x_wconf 84' lang='lat' dir='ltr'><strong>latuisse</strong></span> <span class='ocrx_word' id='word_1_58' title='bbox 1833 1010 2029 1082; x_wconf 82' lang='lat' dir='ltr'><strong>Ignatii</strong></span> 
     </span>
    </p>
   </div>
   <div class='ocr_carea' id='block_1_11' title="bbox 450 1112 731 1168">
    <p class='ocr_par' dir='ltr' id='par_1_11' title="bbox 450 1112 731 1168">
     <span class='ocr_line' id='line_1_11' title="bbox 450 1112 731 1168; baseline -0.011 0"><span class='ocrx_word' id='word_1_59' title='bbox 450 1112 731 1168; x_wconf 87' lang='lat' dir='ltr'><strong>eoistolas.</strong></span> 
     </span>
    </p>
   </div>
   <div class='ocr_carea' id='block_1_12' title="bbox 487 1129 2032 1265">
    <p class='ocr_par' dir='ltr' id='par_1_12' title="bbox 487 1129 2032 1265">
     <span class='ocr_line' id='line_1_12' title="bbox 487 1129 731 1183; baseline -0.004 -17"><span class='ocrx_word' id='word_1_60' title='bbox 487 1129 731 1183; x_wconf 82' lang='lat' dir='ltr'><strong>pIStOIas.</strong></span> 
     </span>
     <span class='ocr_line' id='line_1_13' title="bbox 524 1192 2032 1265; baseline -0.007 -9"><span class='ocrx_word' id='word_1_61' title='bbox 524 1200 631 1256; x_wconf 88' lang='lat' dir='ltr'><strong>Sed</strong></span> <span class='ocrx_word' id='word_1_62' title='bbox 663 1202 777 1255; x_wconf 76' lang='lat' dir='ltr'><strong>hzec</strong></span> <span class='ocrx_word' id='word_1_63' title='bbox 810 1199 1047 1253; x_wconf 87' lang='lat' dir='ltr'><strong>futilium</strong></span> <span class='ocrx_word' id='word_1_64' title='bbox 1070 1197 1425 1265; x_wconf 89' lang='lat' dir='ltr'><strong>inaniumque</strong></span> <span class='ocrx_word' id='word_1_65' title='bbox 1446 1194 1721 1249; x_wconf 86' lang='lat' dir='ltr'><strong>rationum</strong></span> <span class='ocrx_word' id='word_1_66' title='bbox 1752 1192 1921 1248; x_wconf 90' lang='lat' dir='ltr'><strong>series</strong></span> <span class='ocrx_word' id='word_1_67' title='bbox 1948 1199 2032 1247; x_wconf 90' lang='lat' dir='ltr'><strong>est</strong></span> 
     </span>
    </p>
   </div>
   <div class='ocr_carea' id='block_1_13' title="bbox 450 1284 2029 1351">
    <p class='ocr_par' dir='ltr' id='par_1_13' title="bbox 450 1284 2029 1351">
     <span class='ocr_line' id='line_1_14' title="bbox 450 1284 2029 1351; baseline -0.006 -4"><span class='ocrx_word' id='word_1_68' title='bbox 450 1302 506 1348; x_wconf 90' lang='lat' dir='ltr'><strong>et</strong></span> <span class='ocrx_word' id='word_1_69' title='bbox 550 1292 954 1347; x_wconf 86' lang='lat' dir='ltr'><strong>concatenatio.</strong></span> <span class='ocrx_word' id='word_1_70' title='bbox 1005 1289 1313 1345; x_wconf 89' lang='lat' dir='ltr'><strong>Salmasius</strong></span> <span class='ocrx_word' id='word_1_71' title='bbox 1364 1288 1677 1351; x_wconf 88' lang='lat' dir='ltr'><strong>enimvero,</strong></span> <span class='ocrx_word' id='word_1_72' title='bbox 1718 1284 2029 1339; x_wconf 89' lang='lat' dir='ltr'><strong>Blondellus</strong></span> 
     </span>
    </p>
   </div>
   <div class='ocr_carea' id='block_1_14' title="bbox 452 1377 2032 1454">
    <p class='ocr_par' dir='ltr' id='par_1_14' title="bbox 452 1377 2032 1454">
     <span class='ocr_line' id='line_1_15' title="bbox 452 1377 2032 1454; baseline -0.007 -15"><span class='ocrx_word' id='word_1_73' title='bbox 452 1394 618 1454; x_wconf 90' lang='lat' dir='ltr'><strong>atque</strong></span> <span class='ocrx_word' id='word_1_74' title='bbox 656 1383 989 1449; x_wconf 85' lang='lat' dir='ltr'><strong>Albertinus,</strong></span> <span class='ocrx_word' id='word_1_75' title='bbox 1014 1382 1259 1451; x_wconf 88' lang='lat' dir='ltr'><strong>ejusdem</strong></span> <span class='ocrx_word' id='word_1_76' title='bbox 1294 1395 1419 1434; x_wconf 90' lang='lat' dir='ltr'><strong>cum</strong></span> <span class='ocrx_word' id='word_1_77' title='bbox 1469 1378 1672 1433; x_wconf 83' lang='lat' dir='ltr'><strong>Dallaeo</strong></span> <span class='ocrx_word' id='word_1_78' title='bbox 1698 1377 2032 1431; x_wconf 65' lang='lat' dir='ltr'><strong>Calvinianm</strong></span> 
     </span>
    </p>
   </div>
   <div class='ocr_carea' id='block_1_15' title="bbox 456 1467 2032 1540">
    <p class='ocr_par' dir='ltr' id='par_1_15' title="bbox 456 1467 2032 1540">
     <span class='ocr_line' id='line_1_16' title="bbox 456 1467 2032 1540; baseline -0.007 -9"><span class='ocrx_word' id='word_1_79' title='bbox 456 1478 729 1531; x_wconf 65' lang='lat' dir='ltr'><strong>haereseos</strong></span> <span class='ocrx_word' id='word_1_80' title='bbox 777 1482 1105 1540; x_wconf 82' lang='lat' dir='ltr'><strong>sectatores,</strong></span> <span class='ocrx_word' id='word_1_81' title='bbox 1145 1473 1247 1527; x_wconf 90' lang='lat' dir='ltr'><strong>bas</strong></span> <span class='ocrx_word' id='word_1_82' title='bbox 1288 1472 1498 1527; x_wconf 85' lang='lat' dir='ltr'><strong>litteras</strong></span> <span class='ocrx_word' id='word_1_83' title='bbox 1546 1478 1671 1525; x_wconf 89' lang='lat' dir='ltr'><strong>ante</strong></span> <span class='ocrx_word' id='word_1_84' title='bbox 1713 1467 2032 1523; x_wconf 85' lang='lat' dir='ltr'><strong>Tertulliani</strong></span> 
     </span>
    </p>
   </div>
   <div class='ocr_carea' id='block_1_16' title="bbox 455 1559 2032 1638">
    <p class='ocr_par' dir='ltr' id='par_1_16' title="bbox 455 1559 2032 1638">
     <span class='ocr_line' id='line_1_17' title="bbox 455 1559 2032 1638; baseline -0.006 -14"><span class='ocrx_word' id='word_1_85' title='bbox 455 1575 668 1625; x_wconf 81' lang='lat' dir='ltr'><strong>aetatem</strong></span> <span class='ocrx_word' id='word_1_86' title='bbox 702 1568 935 1638; x_wconf 89' lang='lat' dir='ltr'><strong>scriptas</strong></span> <span class='ocrx_word' id='word_1_87' title='bbox 958 1582 1079 1622; x_wconf 91' lang='lat' dir='ltr'><strong>esse</strong></span> <span class='ocrx_word' id='word_1_88' title='bbox 1119 1564 1407 1620; x_wconf 78' lang='lat' dir='ltr'><strong>aﬁirmant.</strong></span> <span class='ocrx_word' id='word_1_89' title='bbox 1451 1562 1610 1618; x_wconf 89' lang='lat' dir='ltr'><strong>Prius</strong></span> <span class='ocrx_word' id='word_1_90' title='bbox 1638 1577 1767 1631; x_wconf 81' lang='lat' dir='ltr'><strong>ergo</strong></span> <span class='ocrx_word' id='word_1_91' title='bbox 1799 1559 2032 1614; x_wconf 74' lang='lat' dir='ltr'><strong>Dallzeus</strong></span> 
     </span>
    </p>
   </div>
   <div class='ocr_carea' id='block_1_17' title="bbox 458 1652 2031 1723">
    <p class='ocr_par' dir='ltr' id='par_1_17' title="bbox 458 1652 2031 1723">
     <span class='ocr_line' id='line_1_18' title="bbox 458 1652 2031 1723; baseline -0.007 -8"><span class='ocrx_word' id='word_1_92' title='bbox 458 1662 599 1716; x_wconf 87' lang='lat' dir='ltr'><strong>hanc</strong></span> <span class='ocrx_word' id='word_1_93' title='bbox 624 1660 891 1715; x_wconf 88' lang='lat' dir='ltr'><strong>sodalium</strong></span> <span class='ocrx_word' id='word_1_94' title='bbox 915 1674 1141 1714; x_wconf 88' lang='lat' dir='ltr'><strong>suorum</strong></span> <span class='ocrx_word' id='word_1_95' title='bbox 1170 1656 1357 1712; x_wconf 90' lang='lat' dir='ltr'><strong>debuit</strong></span> <span class='ocrx_word' id='word_1_96' title='bbox 1377 1653 1661 1710; x_wconf 87' lang='lat' dir='ltr'><strong>confutare</strong></span> <span class='ocrx_word' id='word_1_97' title='bbox 1683 1652 2031 1723; x_wconf 86' lang='lat' dir='ltr'><strong>opinionem;</strong></span> 
     </span>
    </p>
   </div>
   <div class='ocr_carea' id='block_1_18' title="bbox 456 1747 2031 1825">
    <p class='ocr_par' dir='ltr' id='par_1_18' title="bbox 456 1747 2031 1825">
     <span class='ocr_line' id='line_1_19' title="bbox 456 1747 2031 1825; baseline -0.006 -18"><span class='ocrx_word' id='word_1_98' title='bbox 456 1756 657 1823; x_wconf 79' lang='lat' dir='ltr'><strong>quippe</strong></span> <span class='ocrx_word' id='word_1_99' title='bbox 689 1769 795 1823; x_wconf 91' lang='lat' dir='ltr'><strong>qua</strong></span> <span class='ocrx_word' id='word_1_100' title='bbox 835 1761 1033 1815; x_wconf 88' lang='lat' dir='ltr'><strong>stante,</strong></span> <span class='ocrx_word' id='word_1_101' title='bbox 1079 1751 1179 1804; x_wconf 85' lang='lat' dir='ltr'><strong>has</strong></span> <span class='ocrx_word' id='word_1_102' title='bbox 1223 1748 1417 1819; x_wconf 80' lang='lat' dir='ltr'><strong>lgnatii</strong></span> <span class='ocrx_word' id='word_1_103' title='bbox 1445 1747 1727 1817; x_wconf 88' lang='lat' dir='ltr'><strong>epistolas,</strong></span> <span class='ocrx_word' id='word_1_104' title='bbox 1757 1761 1879 1825; x_wconf 65' lang='lat' dir='ltr'><strong>quze</strong></span> <span class='ocrx_word' id='word_1_105' title='bbox 1909 1761 2031 1800; x_wconf 91' lang='lat' dir='ltr'><strong>cum</strong></span> 
     </span>
    </p>
   </div>
   <div class='ocr_carea' id='block_1_19' title="bbox 457 1839 2033 1907">
    <p class='ocr_par' dir='ltr' id='par_1_19' title="bbox 457 1839 2033 1907">
     <span class='ocr_line' id='line_1_20' title="bbox 457 1839 2033 1907; baseline -0.005 -6"><span class='ocrx_word' id='word_1_106' title='bbox 457 1848 716 1901; x_wconf 89' lang='lat' dir='ltr'><strong>omnibus</strong></span> <span class='ocrx_word' id='word_1_107' title='bbox 753 1844 1322 1907; x_wconf 89' lang='lat' dir='ltr'><strong>communicabantur,</strong></span> <span class='ocrx_word' id='word_1_108' title='bbox 1370 1842 1424 1895; x_wconf 93' lang='lat' dir='ltr'><strong>in</strong></span> <span class='ocrx_word' id='word_1_109' title='bbox 1475 1857 1671 1895; x_wconf 86' lang='lat' dir='ltr'><strong>manus</strong></span> <span class='ocrx_word' id='word_1_110' title='bbox 1714 1839 2033 1894; x_wconf 86' lang='lat' dir='ltr'><strong>Tertulliani</strong></span> 
     </span>
    </p>
   </div>
   <div class='ocr_carea' id='block_1_20' title="bbox 456 1934 1517 2009">
    <p class='ocr_par' dir='ltr' id='par_1_20' title="bbox 456 1934 1517 2009">
     <span class='ocr_line' id='line_1_21' title="bbox 456 1934 1517 2009; baseline -0.005 -16"><span class='ocrx_word' id='word_1_111' title='bbox 456 1939 742 2009; x_wconf 87' lang='lat' dir='ltr'><strong>pervenire</strong></span> <span class='ocrx_word' id='word_1_112' title='bbox 774 1938 1018 2007; x_wconf 88' lang='lat' dir='ltr'><strong>potuisse</strong></span> <span class='ocrx_word' id='word_1_113' title='bbox 1043 1934 1202 1990; x_wconf 80' lang='lat' dir='ltr'><strong>facile</strong></span> <span class='ocrx_word' id='word_1_114' title='bbox 1229 1934 1517 1989; x_wconf 86' lang='lat' dir='ltr'><strong>evincitur.</strong></span> 
     </span>
    </p>
   </div>
   <div class='ocr_carea' id='block_1_21' title="bbox 528 2024 2031 2097">
    <p class='ocr_par' dir='ltr' id='par_1_21' title="bbox 528 2024 2031 2097">
     <span class='ocr_line' id='line_1_22' title="bbox 528 2024 2031 2097; baseline -0.003 -13"><span class='ocrx_word' id='word_1_115' title='bbox 528 2030 610 2084; x_wconf 85' lang='lat' dir='ltr'><strong>Ad</strong></span> <span class='ocrx_word' id='word_1_116' title='bbox 639 2030 822 2084; x_wconf 69' lang='lat' dir='ltr'><strong>Dallzei</strong></span> <span class='ocrx_word' id='word_1_117' title='bbox 858 2036 1038 2083; x_wconf 89' lang='lat' dir='ltr'><strong>autem</strong></span> <span class='ocrx_word' id='word_1_118' title='bbox 1086 2028 1328 2081; x_wconf 87' lang='lat' dir='ltr'><strong>rationes</strong></span> <span class='ocrx_word' id='word_1_119' title='bbox 1357 2027 1585 2097; x_wconf 84' lang='lat' dir='ltr'><strong>gradum</strong></span> <span class='ocrx_word' id='word_1_120' title='bbox 1638 2034 1699 2081; x_wconf 85' lang='lat' dir='ltr'><strong>ut</strong></span> <span class='ocrx_word' id='word_1_121' title='bbox 1736 2024 2031 2092; x_wconf 82' lang='lat' dir='ltr'><strong>faciamus,</strong></span> 
     </span>
    </p>
   </div>
   <div class='ocr_carea' id='block_1_22' title="bbox 458 2117 2029 2192">
    <p class='ocr_par' dir='ltr' id='par_1_22' title="bbox 458 2117 2029 2192">
     <span class='ocr_line' id='line_1_23' title="bbox 458 2117 2029 2192; baseline -0.002 -17"><span class='ocrx_word' id='word_1_122' title='bbox 458 2122 581 2192; x_wconf 89' lang='lat' dir='ltr'><strong>quis</strong></span> <span class='ocrx_word' id='word_1_123' title='bbox 610 2124 843 2191; x_wconf 90' lang='lat' dir='ltr'><strong>primam</strong></span> <span class='ocrx_word' id='word_1_124' title='bbox 888 2135 997 2175; x_wconf 92' lang='lat' dir='ltr'><strong>non</strong></span> <span class='ocrx_word' id='word_1_125' title='bbox 1022 2120 1203 2175; x_wconf 90' lang='lat' dir='ltr'><strong>videat</strong></span> <span class='ocrx_word' id='word_1_126' title='bbox 1230 2118 1438 2173; x_wconf 92' lang='lat' dir='ltr'><strong>nullam</strong></span> <span class='ocrx_word' id='word_1_127' title='bbox 1472 2121 1595 2172; x_wconf 82' lang='lat' dir='ltr'><strong>esse</strong></span> <span class='ocrx_word' id='word_1_128' title='bbox 1624 2127 1678 2173; x_wconf 91' lang='lat' dir='ltr'><strong>et</strong></span> <span class='ocrx_word' id='word_1_129' title='bbox 1710 2117 1993 2172; x_wconf 89' lang='lat' dir='ltr'><strong>ridiculam</strong></span> <span class='ocrx_word' id='word_1_130' title='bbox 2017 2136 2029 2172; x_wconf 94' lang='lat'>:</span> 
     </span>
    </p>
   </div>
   <div class='ocr_carea' id='block_1_23' title="bbox 456 2208 2035 2284">
    <p class='ocr_par' dir='ltr' id='par_1_23' title="bbox 456 2208 2035 2284">
     <span class='ocr_line' id='line_1_24' title="bbox 456 2208 2035 2284; baseline -0.004 -15"><span class='ocrx_word' id='word_1_131' title='bbox 456 2212 899 2284; x_wconf 89' lang='lat' dir='ltr'><strong>quandoquidem</strong></span> <span class='ocrx_word' id='word_1_132' title='bbox 922 2210 1288 2267; x_wconf 89' lang='lat' dir='ltr'><strong>Tertullianus</strong></span> <span class='ocrx_word' id='word_1_133' title='bbox 1308 2208 1759 2265; x_wconf 83' lang='lat' dir='ltr'><strong>Montanistarum</strong></span> <span class='ocrx_word' id='word_1_134' title='bbox 1784 2209 2035 2265; x_wconf 67' lang='lat' dir='ltr'><strong>haeresim</strong></span> 
     </span>
    </p>
   </div>
   <div class='ocr_carea' id='block_1_24' title="bbox 452 2300 2039 2377">
    <p class='ocr_par' dir='ltr' id='par_1_24' title="bbox 452 2300 2039 2377">
     <span class='ocr_line' id='line_1_25' title="bbox 452 2300 2039 2377; baseline -0.001 -17"><span class='ocrx_word' id='word_1_135' title='bbox 452 2306 564 2377; x_wconf 87' lang='lat' dir='ltr'><strong>jam</strong></span> <span class='ocrx_word' id='word_1_136' title='bbox 578 2314 692 2361; x_wconf 92' lang='lat' dir='ltr'><strong>tum</strong></span> <span class='ocrx_word' id='word_1_137' title='bbox 716 2306 1053 2376; x_wconf 80' lang='lat' dir='ltr'><strong>amplexatus</strong></span> <span class='ocrx_word' id='word_1_138' title='bbox 1066 2312 1200 2371; x_wconf 90' lang='lat' dir='ltr'><strong>erat,</strong></span> <span class='ocrx_word' id='word_1_139' title='bbox 1215 2319 1339 2359; x_wconf 92' lang='lat' dir='ltr'><strong>cum</strong></span> <span class='ocrx_word' id='word_1_140' title='bbox 1360 2303 1599 2373; x_wconf 89' lang='lat' dir='ltr'><strong>scripsit:</strong></span> <span class='ocrx_word' id='word_1_141' title='bbox 1616 2322 1635 2355; x_wconf 85' lang='grc'><strong>‹</strong></span> <span class='ocrx_word' id='word_1_142' title='bbox 1661 2300 1767 2359; x_wconf 88' lang='lat' dir='ltr'><strong>Sed</strong></span> <span class='ocrx_word' id='word_1_143' title='bbox 1788 2302 1877 2358; x_wconf 89' lang='lat' dir='ltr'><strong>ubi</strong></span> <span class='ocrx_word' id='word_1_144' title='bbox 1905 2312 2039 2371; x_wconf 89' lang='lat' dir='ltr'><strong>tres,</strong></span> 
     </span>
    </p>
   </div>
   <div class='ocr_carea' id='block_1_25' title="bbox 458 2394 2035 2465">
    <p class='ocr_par' dir='ltr' id='par_1_25' title="bbox 458 2394 2035 2465">
     <span class='ocr_line' id='line_1_26' title="bbox 458 2394 2035 2465; baseline -0.001 -14"><span class='ocrx_word' id='word_1_145' title='bbox 458 2397 702 2453; x_wconf 85' lang='lat' dir='ltr'><strong>Ecclesia</strong></span> <span class='ocrx_word' id='word_1_146' title='bbox 749 2408 855 2465; x_wconf 88' lang='lat' dir='ltr'><strong>est,</strong></span> <span class='ocrx_word' id='word_1_147' title='bbox 895 2398 1022 2452; x_wconf 91' lang='lat' dir='ltr'><strong>licet</strong></span> <span class='ocrx_word' id='word_1_148' title='bbox 1071 2398 1216 2451; x_wconf 90' lang='lat' dir='ltr'><strong>laici.</strong></span> <span class='ocrx_word' id='word_1_149' title='bbox 1244 2416 1262 2448; x_wconf 75' lang='grc' dir='ltr'><strong><em>ι</em></strong></span> <span class='ocrx_word' id='word_1_150' title='bbox 1294 2396 1435 2463; x_wconf 87' lang='lat' dir='ltr'><strong>Quid</strong></span> <span class='ocrx_word' id='word_1_151' title='bbox 1498 2394 1668 2464; x_wconf 78' lang='lat' dir='ltr'><strong>igitur</strong></span> <span class='ocrx_word' id='word_1_152' title='bbox 1716 2396 1941 2459; x_wconf 90' lang='lat' dir='ltr'><strong>mirum,</strong></span> <span class='ocrx_word' id='word_1_153' title='bbox 1989 2396 2035 2451; x_wconf 89' lang='lat' dir='ltr'><strong>si</strong></span> 
     </span>
    </p>
   </div>
   <div class='ocr_carea' id='block_1_26' title="bbox 460 2486 2038 2558">
    <p class='ocr_par' dir='ltr' id='par_1_26' title="bbox 460 2486 2038 2558">
     <span class='ocr_line' id='line_1_27' title="bbox 460 2486 2038 2558; baseline -0.001 -15"><span class='ocrx_word' id='word_1_154' title='bbox 460 2490 627 2545; x_wconf 92' lang='lat' dir='ltr'><strong>homo</strong></span> <span class='ocrx_word' id='word_1_155' title='bbox 677 2489 1002 2555; x_wconf 66' lang='lat' dir='ltr'><strong>haereticus,</strong></span> <span class='ocrx_word' id='word_1_156' title='bbox 1053 2489 1145 2558; x_wconf 90' lang='lat' dir='ltr'><strong>qui</strong></span> <span class='ocrx_word' id='word_1_157' title='bbox 1190 2487 1472 2557; x_wconf 91' lang='lat' dir='ltr'><strong>oppositos</strong></span> <span class='ocrx_word' id='word_1_158' title='bbox 1513 2501 1682 2542; x_wconf 65' lang='lat' dir='ltr'><strong>sacrae</strong></span> <span class='ocrx_word' id='word_1_159' title='bbox 1743 2486 2038 2556; x_wconf 60' lang='lat' dir='ltr'><strong>Scriptura:</strong></span> 
     </span>
    </p>
   </div>
   <div class='ocr_carea' id='block_1_27' title="bbox 456 2577 2038 2648">
    <p class='ocr_par' dir='ltr' id='par_1_27' title="bbox 456 2577 2038 2648">
     <span class='ocr_line' id='line_1_28' title="bbox 456 2577 2038 2648; baseline -0.003 -12"><span class='ocrx_word' id='word_1_160' title='bbox 456 2594 675 2637; x_wconf 85' lang='lat' dir='ltr'><strong>errores</strong></span> <span class='ocrx_word' id='word_1_161' title='bbox 695 2581 893 2647; x_wconf 89' lang='lat' dir='ltr'><strong>docet,</strong></span> <span class='ocrx_word' id='word_1_162' title='bbox 925 2590 1114 2635; x_wconf 90' lang='lat' dir='ltr'><strong>contra</strong></span> <span class='ocrx_word' id='word_1_163' title='bbox 1167 2580 1525 2634; x_wconf 80' lang='lat' dir='ltr'><strong>orthodoxam</strong></span> <span class='ocrx_word' id='word_1_164' title='bbox 1587 2577 1780 2648; x_wconf 80' lang='lat' dir='ltr'><strong>lgnatii</strong></span> <span class='ocrx_word' id='word_1_165' title='bbox 1831 2578 2038 2633; x_wconf 86' lang='lat' dir='ltr'><strong>doctri-</strong></span> 
     </span>
    </p>
   </div>
   <div class='ocr_carea' id='block_1_28' title="bbox 459 2669 2039 2741">
    <p class='ocr_par' dir='ltr' id='par_1_28' title="bbox 459 2669 2039 2741">
     <span class='ocr_line' id='line_1_29' title="bbox 459 2669 2039 2741; baseline -0.002 -14"><span class='ocrx_word' id='word_1_166' title='bbox 459 2688 585 2728; x_wconf 89' lang='lat' dir='ltr'><strong>nam</strong></span> <span class='ocrx_word' id='word_1_167' title='bbox 619 2672 824 2727; x_wconf 78' lang='lat' dir='ltr'><strong>scribat</strong></span> <span class='ocrx_word' id='word_1_168' title='bbox 865 2680 919 2725; x_wconf 91' lang='lat' dir='ltr'><strong>et</strong></span> <span class='ocrx_word' id='word_1_169' title='bbox 948 2669 1454 2740; x_wconf 88' lang='lat' dir='ltr'><strong>loquatur?Nonne</strong></span> <span class='ocrx_word' id='word_1_170' title='bbox 1508 2670 1707 2741; x_wconf 89' lang='lat' dir='ltr'><strong>potiori</strong></span> <span class='ocrx_word' id='word_1_171' title='bbox 1748 2669 1872 2739; x_wconf 86' lang='lat' dir='ltr'><strong>jure</strong></span> <span class='ocrx_word' id='word_1_172' title='bbox 1910 2670 2039 2739; x_wconf 86' lang='lat' dir='ltr'><strong>quis</strong></span> 
     </span>
    </p>
   </div>
   <div class='ocr_carea' id='block_1_29' title="bbox 460 2759 2036 2831">
    <p class='ocr_par' dir='ltr' id='par_1_29' title="bbox 460 2759 2036 2831">
     <span class='ocr_line' id='line_1_30' title="bbox 460 2759 2036 2831; baseline -0.003 -14"><span class='ocrx_word' id='word_1_173' title='bbox 460 2762 535 2817; x_wconf 89' lang='lat' dir='ltr'><strong>ita</strong></span> <span class='ocrx_word' id='word_1_174' title='bbox 563 2761 1081 2831; x_wconf 82' lang='lat' dir='ltr'><strong>argumentaretur?</strong></span> <span class='ocrx_word' id='word_1_175' title='bbox 1112 2759 1480 2815; x_wconf 87' lang='lat' dir='ltr'><strong>Tertullianus</strong></span> <span class='ocrx_word' id='word_1_176' title='bbox 1522 2760 1823 2815; x_wconf 90' lang='lat' dir='ltr'><strong>catholicus</strong></span> <span class='ocrx_word' id='word_1_177' title='bbox 1848 2759 2036 2814; x_wconf 90' lang='lat' dir='ltr'><strong>eadem</strong></span> 
     </span>
    </p>
   </div>
   <div class='ocr_carea' id='block_1_30' title="bbox 461 2850 2038 2924">
    <p class='ocr_par' dir='ltr' id='par_1_30' title="bbox 461 2850 2038 2924">
     <span class='ocr_line' id='line_1_31' title="bbox 461 2850 2038 2924; baseline -0.004 -13"><span class='ocrx_word' id='word_1_178' title='bbox 461 2870 527 2911; x_wconf 85' lang='lat' dir='ltr'><strong>ac</strong></span> <span class='ocrx_word' id='word_1_179' title='bbox 554 2854 795 2924; x_wconf 84' lang='lat' dir='ltr'><strong>lguatius</strong></span> <span class='ocrx_word' id='word_1_180' title='bbox 817 2852 885 2908; x_wconf 92' lang='lat' dir='ltr'><strong>de</strong></span> <span class='ocrx_word' id='word_1_181' title='bbox 909 2852 1154 2908; x_wconf 90' lang='lat' dir='ltr'><strong>Ecclesia</strong></span> <span class='ocrx_word' id='word_1_182' title='bbox 1178 2852 1418 2921; x_wconf 83' lang='lat' dir='ltr'><strong>scripsit.</strong></span> <span class='ocrx_word' id='word_1_183' title='bbox 1452 2851 1594 2921; x_wconf 78' lang='lat' dir='ltr'><strong>Ergo</strong></span> <span class='ocrx_word' id='word_1_184' title='bbox 1621 2850 1814 2922; x_wconf 74' lang='lat' dir='ltr'><strong>Ignatii</strong></span> <span class='ocrx_word' id='word_1_185' title='bbox 1835 2851 2038 2921; x_wconf 90' lang='lat' dir='ltr'><strong>episto-</strong></span> 
     </span>
    </p>
   </div>
   <div class='ocr_carea' id='block_1_31' title="bbox 460 2944 1603 3015">
    <p class='ocr_par' dir='ltr' id='par_1_31' title="bbox 460 2944 1603 3015">
     <span class='ocr_line' id='line_1_32' title="bbox 460 2944 1603 3015; baseline -0.003 -14"><span class='ocrx_word' id='word_1_186' title='bbox 460 2946 527 3001; x_wconf 71' lang='lat' dir='ltr'><strong>la:</strong></span> <span class='ocrx_word' id='word_1_187' title='bbox 549 2945 891 3001; x_wconf 91' lang='lat' dir='ltr'><strong>Tertulliano</strong></span> <span class='ocrx_word' id='word_1_188' title='bbox 919 2961 1027 3001; x_wconf 90' lang='lat' dir='ltr'><strong>non</strong></span> <span class='ocrx_word' id='word_1_189' title='bbox 1050 2944 1276 3001; x_wconf 89' lang='lat' dir='ltr'><strong>fuerunt</strong></span> <span class='ocrx_word' id='word_1_190' title='bbox 1296 2944 1603 3015; x_wconf 60' lang='lat' dir='ltr'><strong>incognitae.</strong></span> 
     </span>
    </p>
   </div>
   <div class='ocr_carea' id='block_1_32' title="bbox 531 3036 2037 3126">
    <p class='ocr_par' dir='ltr' id='par_1_32' title="bbox 531 3036 2037 3126">
     <span class='ocr_line' id='line_1_33' title="bbox 531 3036 2037 3126; baseline -0.003 -15"><span class='ocrx_word' id='word_1_191' title='bbox 531 3057 613 3113; x_wconf 81' lang='lat' dir='ltr'><strong>Ad</strong></span> <span class='ocrx_word' id='word_1_192' title='bbox 642 3058 938 3113; x_wconf 91' lang='lat' dir='ltr'><strong>secundam</strong></span> <span class='ocrx_word' id='word_1_193' title='bbox 968 3056 1154 3111; x_wconf 70' lang='lat' dir='ltr'><strong>Dallaei</strong></span> <span class='ocrx_word' id='word_1_194' title='bbox 1192 3056 1457 3111; x_wconf 89' lang='lat' dir='ltr'><strong>rationem</strong></span> <span class='ocrx_word' id='word_1_195' title='bbox 1490 3056 1882 3126; x_wconf 87' lang='lat' dir='ltr'><strong>respondemus</strong></span> <span class='ocrx_word' id='word_1_196' title='bbox 1906 3036 2037 3108; x_wconf 75' lang='lat' dir='ltr'><strong>Ter-</strong></span> 
     </span>
    </p>
   </div>
   <div class='ocr_carea' id='block_1_33' title="bbox 461 3145 2034 3217">
    <p class='ocr_par' dir='ltr' id='par_1_33' title="bbox 461 3145 2034 3217">
     <span class='ocr_line' id='line_1_34' title="bbox 461 3145 2034 3217; baseline -0.004 -14"><span class='ocrx_word' id='word_1_197' title='bbox 461 3149 692 3203; x_wconf 91' lang='lat' dir='ltr'><strong>tulliano</strong></span> <span class='ocrx_word' id='word_1_198' title='bbox 726 3148 903 3203; x_wconf 84' lang='lat' dir='ltr'><strong>visum</strong></span> <span class='ocrx_word' id='word_1_199' title='bbox 928 3162 1050 3203; x_wconf 89' lang='lat' dir='ltr'><strong>esse</strong></span> <span class='ocrx_word' id='word_1_200' title='bbox 1069 3192 1082 3215; x_wconf 94' lang='lat'><strong>,</strong></span> <span class='ocrx_word' id='word_1_201' title='bbox 1107 3156 1167 3202; x_wconf 91' lang='lat' dir='ltr'><strong>ut</strong></span> <span class='ocrx_word' id='word_1_202' title='bbox 1197 3148 1390 3202; x_wconf 87' lang='lat' dir='ltr'><strong>borum</strong></span> <span class='ocrx_word' id='word_1_203' title='bbox 1420 3162 1557 3217; x_wconf 87' lang='lat' dir='ltr'><strong>quos</strong></span> <span class='ocrx_word' id='word_1_204' title='bbox 1583 3148 1768 3203; x_wconf 87' lang='lat' dir='ltr'><strong>citavit</strong></span> <span class='ocrx_word' id='word_1_205' title='bbox 1790 3145 2034 3211; x_wconf 87' lang='lat' dir='ltr'><strong>Patrum,</strong></span> 
     </span>
    </p>
   </div>
   <div class='ocr_carea' id='block_1_34' title="bbox 462 3236 2104 3310">
    <p class='ocr_par' dir='ltr' id='par_1_34' title="bbox 462 3236 2104 3310">
     <span class='ocr_line' id='line_1_35' title="bbox 462 3236 2104 3310; baseline -0.004 -17"><span class='ocrx_word' id='word_1_206' title='bbox 462 3256 571 3295; x_wconf 92' lang='lat' dir='ltr'><strong>non</strong></span> <span class='ocrx_word' id='word_1_207' title='bbox 604 3240 842 3310; x_wconf 90' lang='lat' dir='ltr'><strong>plurium</strong></span> <span class='ocrx_word' id='word_1_208' title='bbox 895 3240 1215 3294; x_wconf 89' lang='lat' dir='ltr'><strong>auctoritate</strong></span> <span class='ocrx_word' id='word_1_209' title='bbox 1258 3248 1445 3294; x_wconf 89' lang='lat' dir='ltr'><strong>contra</strong></span> <span class='ocrx_word' id='word_1_210' title='bbox 1493 3237 1904 3292; x_wconf 80' lang='lat' dir='ltr'><strong>Valentinianos</strong></span> <span class='ocrx_word' id='word_1_211' title='bbox 1940 3236 2036 3289; x_wconf 91' lang='lat' dir='ltr'><strong>de-</strong></span> <span class='ocrx_word' id='word_1_212' title='bbox 2063 3241 2104 3297; x_wconf 88' lang='lat' dir='ltr'><strong>C</strong></span> 
     </span>
    </p>
   </div>
   <div class='ocr_carea' id='block_1_35' title="bbox 462 3329 2029 3400">
    <p class='ocr_par' dir='ltr' id='par_1_35' title="bbox 462 3329 2029 3400">
     <span class='ocr_line' id='line_1_36' title="bbox 462 3329 2029 3400; baseline -0.005 -13"><span class='ocrx_word' id='word_1_213' title='bbox 462 3340 718 3387; x_wconf 90' lang='lat' dir='ltr'><strong>certaret.</strong></span> <span class='ocrx_word' id='word_1_214' title='bbox 748 3329 857 3386; x_wconf 89' lang='lat' dir='ltr'><strong>Nec</strong></span> <span class='ocrx_word' id='word_1_215' title='bbox 898 3345 1031 3385; x_wconf 88' lang='lat' dir='ltr'><strong>sane</strong></span> <span class='ocrx_word' id='word_1_216' title='bbox 1062 3329 1257 3384; x_wconf 71' lang='lat' dir='ltr'><strong>Dallazo</strong></span> <span class='ocrx_word' id='word_1_217' title='bbox 1278 3330 1363 3386; x_wconf 91' lang='lat' dir='ltr'><strong>vel</strong></span> <span class='ocrx_word' id='word_1_218' title='bbox 1407 3330 1498 3384; x_wconf 91' lang='lat' dir='ltr'><strong>ulli</strong></span> <span class='ocrx_word' id='word_1_219' title='bbox 1546 3330 1634 3400; x_wconf 87' lang='lat' dir='ltr'><strong>jus</strong></span> <span class='ocrx_word' id='word_1_220' title='bbox 1663 3338 1747 3383; x_wconf 89' lang='lat' dir='ltr'><strong>est</strong></span> <span class='ocrx_word' id='word_1_221' title='bbox 1775 3341 1898 3382; x_wconf 94' lang='lat' dir='ltr'><strong>cum</strong></span> <span class='ocrx_word' id='word_1_222' title='bbox 1929 3342 2029 3380; x_wconf 88' lang='lat' dir='ltr'><strong>au-</strong></span> 
     </span>
    </p>
   </div>
   <div class='ocr_carea' id='block_1_36' title="bbox 464 3418 2030 3493">
    <p class='ocr_par' dir='ltr' id='par_1_36' title="bbox 464 3418 2030 3493">
     <span class='ocr_line' id='line_1_37' title="bbox 464 3418 2030 3493; baseline -0.006 -13"><span class='ocrx_word' id='word_1_223' title='bbox 464 3435 615 3481; x_wconf 92' lang='lat' dir='ltr'><strong>ctore</strong></span> <span class='ocrx_word' id='word_1_224' title='bbox 649 3425 833 3492; x_wconf 88' lang='lat' dir='ltr'><strong>aliquo</strong></span> <span class='ocrx_word' id='word_1_225' title='bbox 855 3424 1231 3493; x_wconf 80' lang='lat' dir='ltr'><strong>expostulare,</strong></span> <span class='ocrx_word' id='word_1_226' title='bbox 1258 3439 1357 3479; x_wconf 94' lang='lat' dir='ltr'><strong>cur</strong></span> <span class='ocrx_word' id='word_1_227' title='bbox 1412 3436 1520 3477; x_wconf 92' lang='lat' dir='ltr'><strong>non</strong></span> <span class='ocrx_word' id='word_1_228' title='bbox 1560 3420 1809 3489; x_wconf 87' lang='lat' dir='ltr'><strong>pluribus</strong></span> <span class='ocrx_word' id='word_1_229' title='bbox 1837 3418 2030 3481; x_wconf 90' lang='lat' dir='ltr'><strong>armis,</strong></span> 
     </span>
    </p>
   </div>
   <div class='ocr_carea' id='block_1_37' title="bbox 461 3509 2037 3589">
    <p class='ocr_par' dir='ltr' id='par_1_37' title="bbox 461 3509 2037 3589">
     <span class='ocr_line' id='line_1_38' title="bbox 461 3509 2037 3589; baseline -0.006 -14"><span class='ocrx_word' id='word_1_230' title='bbox 461 3519 547 3575; x_wconf 95' lang='lat' dir='ltr'><strong>vel</strong></span> <span class='ocrx_word' id='word_1_231' title='bbox 581 3517 777 3589; x_wconf 88' lang='lat' dir='ltr'><strong>majori</strong></span> <span class='ocrx_word' id='word_1_232' title='bbox 818 3517 1101 3572; x_wconf 86' lang='lat' dir='ltr'><strong>hominum</strong></span> <span class='ocrx_word' id='word_1_233' title='bbox 1149 3515 1499 3571; x_wconf 86' lang='lat' dir='ltr'><strong>multitudine</strong></span> <span class='ocrx_word' id='word_1_234' title='bbox 1535 3524 1659 3565; x_wconf 91' lang='lat' dir='ltr'><strong>cum</strong></span> <span class='ocrx_word' id='word_1_235' title='bbox 1708 3509 2037 3566; x_wconf 82' lang='lat' dir='ltr'><strong>adversariis</strong></span> 
     </span>
    </p>
   </div>
   <div class='ocr_carea' id='block_1_38' title="bbox 464 3603 2041 3681">
    <p class='ocr_par' dir='ltr' id='par_1_38' title="bbox 464 3603 2041 3681">
     <span class='ocr_line' id='line_1_39' title="bbox 464 3603 2041 3681; baseline -0.006 -14"><span class='ocrx_word' id='word_1_236' title='bbox 464 3611 870 3681; x_wconf 78' lang='lat' dir='ltr'><strong>congrediatur,</strong></span> <span class='ocrx_word' id='word_1_237' title='bbox 900 3608 983 3665; x_wconf 86' lang='lat' dir='ltr'><strong>cui</strong></span> <span class='ocrx_word' id='word_1_238' title='bbox 1015 3609 1150 3673; x_wconf 71' lang='lat' dir='ltr'><strong>hmc,</strong></span> <span class='ocrx_word' id='word_1_239' title='bbox 1184 3608 1384 3680; x_wconf 85' lang='lat' dir='ltr'><strong>quibus</strong></span> <span class='ocrx_word' id='word_1_240' title='bbox 1427 3603 1618 3666; x_wconf 88' lang='lat' dir='ltr'><strong>utitur,</strong></span> <span class='ocrx_word' id='word_1_241' title='bbox 1635 3603 1703 3657; x_wconf 89' lang='lat' dir='ltr'><strong>ad</strong></span> <span class='ocrx_word' id='word_1_242' title='bbox 1733 3617 2041 3675; x_wconf 82' lang='lat' dir='ltr'><strong>expugnan-</strong></span> 
     </span>
    </p>
   </div>
   <div class='ocr_carea' id='block_1_39' title="bbox 464 3693 2039 3757">
    <p class='ocr_par' dir='ltr' id='par_1_39' title="bbox 464 3693 2039 3757">
     <span class='ocr_line' id='line_1_40' title="bbox 464 3693 2039 3757; baseline -0.004 0"><span class='ocrx_word' id='word_1_243' title='bbox 464 3703 565 3757; x_wconf 87' lang='lat' dir='ltr'><strong>dos</strong></span> <span class='ocrx_word' id='word_1_244' title='bbox 616 3704 802 3757; x_wconf 87' lang='lat' dir='ltr'><strong>hostes</strong></span> <span class='ocrx_word' id='word_1_245' title='bbox 848 3715 978 3756; x_wconf 90' lang='lat' dir='ltr'><strong>suos</strong></span> <span class='ocrx_word' id='word_1_246' title='bbox 1009 3699 1304 3755; x_wconf 72' lang='lat' dir='ltr'><strong>sufficiunt.</strong></span> <span class='ocrx_word' id='word_1_247' title='bbox 1335 3693 1707 3750; x_wconf 89' lang='lat' dir='ltr'><strong>Tertullianus</strong></span> <span class='ocrx_word' id='word_1_248' title='bbox 1731 3702 1911 3748; x_wconf 84' lang='lat' dir='ltr'><strong>autem</strong></span> <span class='ocrx_word' id='word_1_249' title='bbox 1941 3709 2039 3750; x_wconf 87' lang='lat' dir='ltr'><strong>eos</strong></span> 
     </span>
    </p>
   </div>
   <div class='ocr_carea' id='block_1_40' title="bbox 465 3784 2039 3864">
    <p class='ocr_par' dir='ltr' id='par_1_40' title="bbox 465 3784 2039 3864">
     <span class='ocr_line' id='line_1_41' title="bbox 465 3784 2039 3864; baseline -0.004 -16"><span class='ocrx_word' id='word_1_250' title='bbox 465 3808 607 3864; x_wconf 89' lang='lat' dir='ltr'><strong>quos</strong></span> <span class='ocrx_word' id='word_1_251' title='bbox 630 3792 815 3848; x_wconf 85' lang='lat' dir='ltr'><strong>citavit</strong></span> <span class='ocrx_word' id='word_1_252' title='bbox 843 3791 1033 3847; x_wconf 90' lang='lat' dir='ltr'><strong>Patres</strong></span> <span class='ocrx_word' id='word_1_253' title='bbox 1081 3790 1151 3845; x_wconf 90' lang='lat' dir='ltr'><strong>ad</strong></span> <span class='ocrx_word' id='word_1_254' title='bbox 1185 3786 1534 3845; x_wconf 87' lang='lat' dir='ltr'><strong>debellandos</strong></span> <span class='ocrx_word' id='word_1_255' title='bbox 1562 3784 1837 3842; x_wconf 81' lang='lat' dir='ltr'><strong>Valentini</strong></span> <span class='ocrx_word' id='word_1_256' title='bbox 1859 3796 2039 3844; x_wconf 89' lang='lat' dir='ltr'><strong>secta-</strong></span> 
     </span>
    </p>
   </div>
   <div class='ocr_carea' id='block_1_41' title="bbox 467 3881 2041 3955">
    <p class='ocr_par' dir='ltr' id='par_1_41' title="bbox 467 3881 2041 3955">
     <span class='ocr_line' id='line_1_42' title="bbox 467 3881 2041 3955; baseline -0.004 -14"><span class='ocrx_word' id='word_1_257' title='bbox 467 3894 614 3941; x_wconf 88' lang='lat' dir='ltr'><strong>tores</strong></span> <span class='ocrx_word' id='word_1_258' title='bbox 638 3885 739 3940; x_wconf 89' lang='lat' dir='ltr'><strong>sibi</strong></span> <span class='ocrx_word' id='word_1_259' title='bbox 770 3886 904 3941; x_wconf 87' lang='lat' dir='ltr'><strong>satis</strong></span> <span class='ocrx_word' id='word_1_260' title='bbox 924 3898 1197 3955; x_wconf 89' lang='lat' dir='ltr'><strong>superque</strong></span> <span class='ocrx_word' id='word_1_261' title='bbox 1218 3894 1359 3946; x_wconf 87' lang='lat' dir='ltr'><strong>esse,</strong></span> <span class='ocrx_word' id='word_1_262' title='bbox 1382 3896 1482 3935; x_wconf 90' lang='lat' dir='ltr'><strong>nec</strong></span> <span class='ocrx_word' id='word_1_263' title='bbox 1511 3881 1648 3937; x_wconf 89' lang='lat' dir='ltr'><strong>alios</strong></span> <span class='ocrx_word' id='word_1_264' title='bbox 1672 3896 1731 3936; x_wconf 88' lang='lat' dir='ltr'><strong>se</strong></span> <span class='ocrx_word' id='word_1_265' title='bbox 1753 3881 1921 3936; x_wconf 90' lang='lat' dir='ltr'><strong>citare</strong></span> <span class='ocrx_word' id='word_1_266' title='bbox 1941 3894 2041 3934; x_wconf 91' lang='lat' dir='ltr'><strong>vo-</strong></span> 
     </span>
    </p>
   </div>
   <div class='ocr_carea' id='block_1_42' title="bbox 466 3968 2042 4044">
    <p class='ocr_par' dir='ltr' id='par_1_42' title="bbox 466 3968 2042 4044">
     <span class='ocr_line' id='line_1_43' title="bbox 466 3968 2042 4044; baseline -0.004 -15"><span class='ocrx_word' id='word_1_267' title='bbox 466 3975 635 4032; x_wconf 91' lang='lat' dir='ltr'><strong>luisse</strong></span> <span class='ocrx_word' id='word_1_268' title='bbox 662 3990 769 4029; x_wconf 94' lang='lat' dir='ltr'><strong>non</strong></span> <span class='ocrx_word' id='word_1_269' title='bbox 804 3976 1034 4031; x_wconf 91' lang='lat' dir='ltr'><strong>obscure</strong></span> <span class='ocrx_word' id='word_1_270' title='bbox 1056 3973 1328 4044; x_wconf 79' lang='lat' dir='ltr'><strong>signiﬁcat</strong></span> <span class='ocrx_word' id='word_1_271' title='bbox 1350 4011 1363 4035; x_wconf 90' lang='lat'><strong>,</strong></span> <span class='ocrx_word' id='word_1_272' title='bbox 1392 3984 1518 4025; x_wconf 90' lang='lat' dir='ltr'><strong>cum</strong></span> <span class='ocrx_word' id='word_1_273' title='bbox 1539 3970 1607 4025; x_wconf 90' lang='lat' dir='ltr'><strong>de</strong></span> <span class='ocrx_word' id='word_1_274' title='bbox 1640 3970 1748 4026; x_wconf 85' lang='lat' dir='ltr'><strong>illis</strong></span> <span class='ocrx_word' id='word_1_275' title='bbox 1784 3970 1865 4024; x_wconf 91' lang='lat' dir='ltr'><strong>sic</strong></span> <span class='ocrx_word' id='word_1_276' title='bbox 1896 3968 2042 4023; x_wconf 89' lang='lat' dir='ltr'><strong>fatur</strong></span> 
     </span>
    </p>
   </div>
   <div class='ocr_carea' id='block_1_43' title="bbox 467 4061 2041 4136">
    <p class='ocr_par' dir='ltr' id='par_1_43' title="bbox 467 4061 2041 4136">
     <span class='ocr_line' id='line_1_44' title="bbox 467 4061 2041 4136; baseline -0.004 -15"><span class='ocrx_word' id='word_1_277' title='bbox 467 4068 549 4121; x_wconf 74' lang='lat'><strong>&quot;:</strong></span> <span class='ocrx_word' id='word_1_278' title='bbox 587 4085 605 4118; x_wconf 84' lang='grc'>‹</span> <span class='ocrx_word' id='word_1_279' title='bbox 636 4065 739 4131; x_wconf 86' lang='lat' dir='ltr'><strong>Qui</strong></span> <span class='ocrx_word' id='word_1_280' title='bbox 778 4066 1023 4136; x_wconf 91' lang='lat' dir='ltr'><strong>ipsorum</strong></span> <span class='ocrx_word' id='word_1_281' title='bbox 1075 4061 1561 4118; x_wconf 64' lang='lat' dir='ltr'><strong>haeresiarcharum</strong></span> <span class='ocrx_word' id='word_1_282' title='bbox 1606 4061 2041 4129; x_wconf 86' lang='lat' dir='ltr'><strong>contemporales</strong></span> 
     </span>
    </p>
   </div>
   <div class='ocr_carea' id='block_1_44' title="bbox 468 4153 2043 4224">
    <p class='ocr_par' dir='ltr' id='par_1_44' title="bbox 468 4153 2043 4224">
     <span class='ocr_line' id='line_1_45' title="bbox 468 4153 2043 4224; baseline -0.006 -10"><span class='ocrx_word' id='word_1_283' title='bbox 468 4159 907 4215; x_wconf 88' lang='lat' dir='ltr'><strong>instructissimis</strong></span> <span class='ocrx_word' id='word_1_284' title='bbox 930 4156 1303 4213; x_wconf 89' lang='lat' dir='ltr'><strong>voluminibus</strong></span> <span class='ocrx_word' id='word_1_285' title='bbox 1325 4164 1381 4209; x_wconf 89' lang='lat' dir='ltr'><strong>et</strong></span> <span class='ocrx_word' id='word_1_286' title='bbox 1406 4153 1761 4224; x_wconf 90' lang='lat' dir='ltr'><strong>prodiderunt</strong></span> <span class='ocrx_word' id='word_1_287' title='bbox 1788 4160 1845 4206; x_wconf 89' lang='lat' dir='ltr'><strong>et</strong></span> <span class='ocrx_word' id='word_1_288' title='bbox 1867 4159 2043 4206; x_wconf 89' lang='lat' dir='ltr'><strong>retu-</strong></span> 
     </span>
    </p>
   </div>
   <div class='ocr_carea' id='block_1_45' title="bbox 467 4244 2041 4316">
    <p class='ocr_par' dir='ltr' id='par_1_45' title="bbox 467 4244 2041 4316">
     <span class='ocr_line' id='line_1_46' title="bbox 467 4244 2041 4316; baseline -0.008 -9"><span class='ocrx_word' id='word_1_289' title='bbox 467 4252 683 4307; x_wconf 89' lang='lat' dir='ltr'><strong>derunt.</strong></span> <span class='ocrx_word' id='word_1_290' title='bbox 720 4270 739 4302; x_wconf 73' lang='grc' dir='ltr'><strong><em>ι</em></strong></span> <span class='ocrx_word' id='word_1_291' title='bbox 773 4249 899 4305; x_wconf 92' lang='lat' dir='ltr'><strong>lllos</strong></span> <span class='ocrx_word' id='word_1_292' title='bbox 919 4250 1063 4305; x_wconf 92' lang='lat' dir='ltr'><strong>enim</strong></span> <span class='ocrx_word' id='word_1_293' title='bbox 1101 4247 1396 4316; x_wconf 85' lang='lat' dir='ltr'><strong>scriptores</strong></span> <span class='ocrx_word' id='word_1_294' title='bbox 1420 4256 1473 4300; x_wconf 89' lang='lat' dir='ltr'><strong>et</strong></span> <span class='ocrx_word' id='word_1_295' title='bbox 1499 4244 1769 4299; x_wconf 65' lang='lat' dir='ltr'><strong>hmreticis</strong></span> <span class='ocrx_word' id='word_1_296' title='bbox 1794 4250 2041 4297; x_wconf 85' lang='lat' dir='ltr'><strong>contem-</strong></span> 
     </span>
    </p>
   </div>
   <div class='ocr_carea' id='block_1_46' title="bbox 466 4332 2045 4409">
    <p class='ocr_par' dir='ltr' id='par_1_46' title="bbox 466 4332 2045 4409">
     <span class='ocr_line' id='line_1_47' title="bbox 466 4332 2045 4409; baseline -0.005 -16"><span class='ocrx_word' id='word_1_297' title='bbox 466 4338 702 4409; x_wconf 89' lang='lat' dir='ltr'><strong>porales,</strong></span> <span class='ocrx_word' id='word_1_298' title='bbox 729 4347 783 4392; x_wconf 91' lang='lat' dir='ltr'><strong>et</strong></span> <span class='ocrx_word' id='word_1_299' title='bbox 814 4353 1003 4393; x_wconf 88' lang='lat' dir='ltr'><strong>eorum</strong></span> <span class='ocrx_word' id='word_1_300' title='bbox 1031 4350 1247 4391; x_wconf 90' lang='lat' dir='ltr'><strong>errores</strong></span> <span class='ocrx_word' id='word_1_301' title='bbox 1284 4333 1725 4389; x_wconf 85' lang='lat' dir='ltr'><strong>instructissimis</strong></span> <span class='ocrx_word' id='word_1_302' title='bbox 1751 4332 2045 4386; x_wconf 90' lang='lat' dir='ltr'><strong>volumini-</strong></span> 
     </span>
    </p>
   </div>
   <div class='ocr_carea' id='block_1_47' title="bbox 468 4424 2041 4496">
    <p class='ocr_par' dir='ltr' id='par_1_47' title="bbox 468 4424 2041 4496">
     <span class='ocr_line' id='line_1_48' title="bbox 468 4424 2041 4496; baseline -0.006 -9"><span class='ocrx_word' id='word_1_303' title='bbox 468 4432 572 4487; x_wconf 85' lang='lat' dir='ltr'><strong>bus</strong></span> <span class='ocrx_word' id='word_1_304' title='bbox 597 4431 865 4486; x_wconf 90' lang='lat' dir='ltr'><strong>retudisse</strong></span> <span class='ocrx_word' id='word_1_305' title='bbox 892 4446 1016 4485; x_wconf 91' lang='lat' dir='ltr'><strong>cum</strong></span> <span class='ocrx_word' id='word_1_306' title='bbox 1056 4428 1225 4493; x_wconf 88' lang='lat' dir='ltr'><strong>dicat,</strong></span> <span class='ocrx_word' id='word_1_307' title='bbox 1251 4428 1389 4482; x_wconf 87' lang='lat' dir='ltr'><strong>duas</strong></span> <span class='ocrx_word' id='word_1_308' title='bbox 1424 4426 1617 4496; x_wconf 92' lang='lat' dir='ltr'><strong>procul</strong></span> <span class='ocrx_word' id='word_1_309' title='bbox 1650 4424 1818 4479; x_wconf 91' lang='lat' dir='ltr'><strong>dubio</strong></span> <span class='ocrx_word' id='word_1_310' title='bbox 1846 4438 2041 4493; x_wconf 75' lang='lat' dir='ltr'><strong>sugge-</strong></span> 
     </span>
    </p>
   </div>
   <div class='ocr_carea' id='block_1_48' title="bbox 466 4513 2045 4592">
    <p class='ocr_par' dir='ltr' id='par_1_48' title="bbox 466 4513 2045 4592">
     <span class='ocr_line' id='line_1_49' title="bbox 466 4513 2045 4592; baseline -0.006 -15"><span class='ocrx_word' id='word_1_311' title='bbox 466 4524 543 4577; x_wconf 86' lang='lat' dir='ltr'><strong>rit</strong></span> <span class='ocrx_word' id='word_1_312' title='bbox 590 4523 866 4589; x_wconf 87' lang='lat' dir='ltr'><strong>rationes,</strong></span> <span class='ocrx_word' id='word_1_313' title='bbox 899 4522 1100 4592; x_wconf 89' lang='lat' dir='ltr'><strong>quibus</strong></span> <span class='ocrx_word' id='word_1_314' title='bbox 1154 4518 1467 4574; x_wconf 88' lang='lat' dir='ltr'><strong>testimonia</strong></span> <span class='ocrx_word' id='word_1_315' title='bbox 1508 4532 1697 4572; x_wconf 86' lang='lat' dir='ltr'><strong>eorum</strong></span> <span class='ocrx_word' id='word_1_316' title='bbox 1747 4514 1851 4571; x_wconf 91' lang='lat' dir='ltr'><strong>sibi</strong></span> <span class='ocrx_word' id='word_1_317' title='bbox 1896 4513 2045 4569; x_wconf 79' lang='lat' dir='ltr'><strong>solli—</strong></span> 
     </span>
    </p>
   </div>
   <div class='ocr_carea' id='block_1_49' title="bbox 2126 629 3706 706">
    <p class='ocr_par' dir='ltr' id='par_1_49' title="bbox 2126 629 3706 706">
     <span class='ocr_line' id='line_1_50' title="bbox 2126 629 3706 706; baseline -0.003 -17"><span class='ocrx_word' id='word_1_318' title='bbox 2126 637 2259 706; x_wconf 78' lang='lat' dir='ltr'><strong>quid</strong></span> <span class='ocrx_word' id='word_1_319' title='bbox 2313 631 2480 704; x_wconf 81' lang='lat' dir='ltr'><strong>igitur</strong></span> <span class='ocrx_word' id='word_1_320' title='bbox 2526 634 2594 687; x_wconf 90' lang='lat' dir='ltr'><strong>ad</strong></span> <span class='ocrx_word' id='word_1_321' title='bbox 2639 633 2692 687; x_wconf 89' lang='lat' dir='ltr'><strong>id</strong></span> <span class='ocrx_word' id='word_1_322' title='bbox 2748 633 3089 703; x_wconf 90' lang='lat' dir='ltr'><strong>probandum</strong></span> <span class='ocrx_word' id='word_1_323' title='bbox 3135 630 3361 686; x_wconf 86' lang='lat' dir='ltr'><strong>Joannis</strong></span> <span class='ocrx_word' id='word_1_324' title='bbox 3406 629 3706 685; x_wconf 89' lang='lat' dir='ltr'><strong>auctoritas</strong></span> 
     </span>
    </p>
   </div>
   <div class='ocr_carea' id='block_1_50' title="bbox 2128 724 3707 796">
    <p class='ocr_par' dir='ltr' id='par_1_50' title="bbox 2128 724 3707 796">
     <span class='ocr_line' id='line_1_51' title="bbox 2128 724 3707 796; baseline -0.003 -14"><span class='ocrx_word' id='word_1_325' title='bbox 2128 728 2464 785; x_wconf 82' lang='lat' dir='ltr'><strong>Tertulliano</strong></span> <span class='ocrx_word' id='word_1_326' title='bbox 2489 729 2623 784; x_wconf 87' lang='lat' dir='ltr'><strong>satis</strong></span> <span class='ocrx_word' id='word_1_327' title='bbox 2642 743 2751 781; x_wconf 92' lang='lat' dir='ltr'><strong>non</strong></span> <span class='ocrx_word' id='word_1_328' title='bbox 2775 735 2913 794; x_wconf 86' lang='lat' dir='ltr'><strong>erat,</strong></span> <span class='ocrx_word' id='word_1_329' title='bbox 2944 725 3053 780; x_wconf 91' lang='lat' dir='ltr'><strong>nisi</strong></span> <span class='ocrx_word' id='word_1_330' title='bbox 3086 724 3399 796; x_wconf 82' lang='lat' dir='ltr'><strong>etlgnatius</strong></span> <span class='ocrx_word' id='word_1_331' title='bbox 3428 725 3478 779; x_wconf 90' lang='lat' dir='ltr'><strong>ei</strong></span> <span class='ocrx_word' id='word_1_332' title='bbox 3512 725 3707 794; x_wconf 89' lang='lat' dir='ltr'><strong>adjun-</strong></span> 
     </span>
    </p>
   </div>
   <div class='ocr_carea' id='block_1_51' title="bbox 2132 818 2388 889">
    <p class='ocr_par' dir='ltr' id='par_1_51' title="bbox 2132 818 2388 889">
     <span class='ocr_line' id='line_1_52' title="bbox 2132 818 2388 889; baseline -0.012 -16"><span class='ocrx_word' id='word_1_333' title='bbox 2132 825 2349 889; x_wconf 83' lang='lat' dir='ltr'><strong>geretur</strong></span> <span class='ocrx_word' id='word_1_334' title='bbox 2364 818 2388 871; x_wconf 83' lang='lat'><strong>?</strong></span> 
     </span>
    </p>
   </div>
   <div class='ocr_carea' id='block_1_52' title="bbox 2198 905 3708 979">
    <p class='ocr_par' dir='ltr' id='par_1_52' title="bbox 2198 905 3708 979">
     <span class='ocr_line' id='line_1_53' title="bbox 2198 905 3708 979; baseline -0.001 -17"><span class='ocrx_word' id='word_1_335' title='bbox 2198 909 2266 963; x_wconf 87' lang='lat' dir='ltr'><strong>At</strong></span> <span class='ocrx_word' id='word_1_336' title='bbox 2294 924 2443 977; x_wconf 85' lang='lat' dir='ltr'><strong>vero,</strong></span> <span class='ocrx_word' id='word_1_337' title='bbox 2472 909 2650 979; x_wconf 85' lang='lat' dir='ltr'><strong>inquit</strong></span> <span class='ocrx_word' id='word_1_338' title='bbox 2672 907 2927 970; x_wconf 69' lang='lat' dir='ltr'><strong>Dallarus,</strong></span> <span class='ocrx_word' id='word_1_339' title='bbox 2954 921 3057 962; x_wconf 91' lang='lat' dir='ltr'><strong>nec</strong></span> <span class='ocrx_word' id='word_1_340' title='bbox 3086 906 3141 960; x_wconf 94' lang='lat' dir='ltr'><strong>in</strong></span> <span class='ocrx_word' id='word_1_341' title='bbox 3164 905 3379 975; x_wconf 87' lang='lat' dir='ltr'><strong>reliquo</strong></span> <span class='ocrx_word' id='word_1_342' title='bbox 3411 906 3509 960; x_wconf 92' lang='lat' dir='ltr'><strong>illo</strong></span> <span class='ocrx_word' id='word_1_343' title='bbox 3540 921 3708 973; x_wconf 90' lang='lat' dir='ltr'><strong>opere</strong></span> 
     </span>
    </p>
   </div>
   <div class='ocr_carea' id='block_1_53' title="bbox 2128 995 3706 1069">
    <p class='ocr_par' dir='ltr' id='par_1_53' title="bbox 2128 995 3706 1069">
     <span class='ocr_line' id='line_1_54' title="bbox 2128 995 3706 1069; baseline -0.003 -15"><span class='ocrx_word' id='word_1_344' title='bbox 2128 998 2501 1056; x_wconf 88' lang='lat' dir='ltr'><strong>Tertullianus</strong></span> <span class='ocrx_word' id='word_1_345' title='bbox 2531 1000 2700 1056; x_wconf 88' lang='lat' dir='ltr'><strong>ullam</strong></span> <span class='ocrx_word' id='word_1_346' title='bbox 2750 998 2944 1069; x_wconf 82' lang='lat' dir='ltr'><strong>lgnatii</strong></span> <span class='ocrx_word' id='word_1_347' title='bbox 2988 996 3118 1051; x_wconf 88' lang='lat' dir='ltr'><strong>facit</strong></span> <span class='ocrx_word' id='word_1_348' title='bbox 3155 997 3509 1051; x_wconf 87' lang='lat' dir='ltr'><strong>mentionem.</strong></span> <span class='ocrx_word' id='word_1_349' title='bbox 3560 995 3706 1062; x_wconf 84' lang='lat' dir='ltr'><strong>Quid</strong></span> 
     </span>
    </p>
   </div>
   <div class='ocr_carea' id='block_1_54' title="bbox 2130 1090 3706 1158">
    <p class='ocr_par' dir='ltr' id='par_1_54' title="bbox 2130 1090 3706 1158">
     <span class='ocr_line' id='line_1_55' title="bbox 2130 1090 3706 1158; baseline -0.003 -12"><span class='ocrx_word' id='word_1_350' title='bbox 2130 1090 2544 1147; x_wconf 85' lang='lat' dir='ltr'><strong>inde?Nullum</strong></span> <span class='ocrx_word' id='word_1_351' title='bbox 2589 1091 2753 1146; x_wconf 89' lang='lat' dir='ltr'><strong>etiam</strong></span> <span class='ocrx_word' id='word_1_352' title='bbox 2804 1090 2969 1144; x_wconf 91' lang='lat' dir='ltr'><strong>alium</strong></span> <span class='ocrx_word' id='word_1_353' title='bbox 3015 1090 3281 1154; x_wconf 90' lang='lat' dir='ltr'><strong>nominat,</strong></span> <span class='ocrx_word' id='word_1_354' title='bbox 3308 1103 3485 1158; x_wconf 90' lang='lat' dir='ltr'><strong>neque</strong></span> <span class='ocrx_word' id='word_1_355' title='bbox 3524 1098 3706 1149; x_wconf 89' lang='lat' dir='ltr'><strong>tamen</strong></span> 
     </span>
    </p>
   </div>
   <div class='ocr_carea' id='block_1_55' title="bbox 2130 1181 3705 1251">
    <p class='ocr_par' dir='ltr' id='par_1_55' title="bbox 2130 1181 3705 1251">
     <span class='ocr_line' id='line_1_56' title="bbox 2130 1181 3705 1251; baseline -0.004 -11"><span class='ocrx_word' id='word_1_356' title='bbox 2130 1183 2334 1240; x_wconf 92' lang='lat' dir='ltr'><strong>idcirco</strong></span> <span class='ocrx_word' id='word_1_357' title='bbox 2355 1183 2750 1238; x_wconf 88' lang='lat' dir='ltr'><strong>Tertullianum</strong></span> <span class='ocrx_word' id='word_1_358' title='bbox 2790 1196 2955 1251; x_wconf 87' lang='lat' dir='ltr'><strong>opera</strong></span> <span class='ocrx_word' id='word_1_359' title='bbox 2992 1181 3245 1245; x_wconf 91' lang='lat' dir='ltr'><strong>aliorum,</strong></span> <span class='ocrx_word' id='word_1_360' title='bbox 3265 1182 3359 1250; x_wconf 89' lang='lat' dir='ltr'><strong>qui</strong></span> <span class='ocrx_word' id='word_1_361' title='bbox 3381 1182 3527 1235; x_wconf 87' lang='lat' dir='ltr'><strong>hunc</strong></span> <span class='ocrx_word' id='word_1_362' title='bbox 3552 1196 3705 1234; x_wconf 89' lang='lat' dir='ltr'><strong>erro-</strong></span> 
     </span>
    </p>
   </div>
   <div class='ocr_carea' id='block_1_56' title="bbox 2132 1266 3710 1342">
    <p class='ocr_par' dir='ltr' id='par_1_56' title="bbox 2132 1266 3710 1342">
     <span class='ocr_line' id='line_1_57' title="bbox 2132 1266 3710 1342; baseline -0.004 -12"><span class='ocrx_word' id='word_1_363' title='bbox 2132 1290 2244 1330; x_wconf 92' lang='lat' dir='ltr'><strong>rem</strong></span> <span class='ocrx_word' id='word_1_364' title='bbox 2277 1272 2722 1342; x_wconf 90' lang='lat' dir='ltr'><strong>antiquissimum</strong></span> <span class='ocrx_word' id='word_1_365' title='bbox 2773 1266 3156 1334; x_wconf 89' lang='lat' dir='ltr'><strong>confutarunt,</strong></span> <span class='ocrx_word' id='word_1_366' title='bbox 3186 1267 3500 1337; x_wconf 82' lang='lat' dir='ltr'><strong>ignorasse,</strong></span> <span class='ocrx_word' id='word_1_367' title='bbox 3542 1278 3710 1337; x_wconf 85' lang='lat' dir='ltr'><strong>atque</strong></span> 
     </span>
    </p>
   </div>
   <div class='ocr_carea' id='block_1_57' title="bbox 2132 1358 3401 1430">
    <p class='ocr_par' dir='ltr' id='par_1_57' title="bbox 2132 1358 3401 1430">
     <span class='ocr_line' id='line_1_58' title="bbox 2132 1358 3401 1430; baseline -0.004 -13"><span class='ocrx_word' id='word_1_368' title='bbox 2132 1363 2267 1417; x_wconf 87' lang='lat' dir='ltr'><strong>adeo</strong></span> <span class='ocrx_word' id='word_1_369' title='bbox 2299 1363 2446 1417; x_wconf 91' lang='lat' dir='ltr'><strong>nulla</strong></span> <span class='ocrx_word' id='word_1_370' title='bbox 2480 1376 2721 1430; x_wconf 88' lang='lat' dir='ltr'><strong>unquam</strong></span> <span class='ocrx_word' id='word_1_371' title='bbox 2753 1358 2925 1415; x_wconf 89' lang='lat' dir='ltr'><strong>fuisse</strong></span> <span class='ocrx_word' id='word_1_372' title='bbox 2954 1359 3280 1415; x_wconf 89' lang='lat' dir='ltr'><strong>credendum</strong></span> <span class='ocrx_word' id='word_1_373' title='bbox 3300 1368 3401 1414; x_wconf 88' lang='lat' dir='ltr'><strong>est.</strong></span> 
     </span>
    </p>
   </div>
   <div class='ocr_carea' id='block_1_58' title="bbox 2205 1449 3703 1520">
    <p class='ocr_par' dir='ltr' id='par_1_58' title="bbox 2205 1449 3703 1520">
     <span class='ocr_line' id='line_1_59' title="bbox 2205 1449 3703 1520; baseline -0.003 -13"><span class='ocrx_word' id='word_1_374' title='bbox 2205 1452 2407 1508; x_wconf 90' lang='lat' dir='ltr'><strong>Ultima</strong></span> <span class='ocrx_word' id='word_1_375' title='bbox 2448 1451 2633 1505; x_wconf 73' lang='lat' dir='ltr'><strong>Dallzei</strong></span> <span class='ocrx_word' id='word_1_376' title='bbox 2675 1450 2816 1505; x_wconf 89' lang='lat' dir='ltr'><strong>ratio</strong></span> <span class='ocrx_word' id='word_1_377' title='bbox 2860 1464 2969 1503; x_wconf 93' lang='lat' dir='ltr'><strong>non</strong></span> <span class='ocrx_word' id='word_1_378' title='bbox 3008 1449 3234 1519; x_wconf 90' lang='lat' dir='ltr'><strong>majoris</strong></span> <span class='ocrx_word' id='word_1_379' title='bbox 3292 1460 3376 1505; x_wconf 91' lang='lat' dir='ltr'><strong>est</strong></span> <span class='ocrx_word' id='word_1_380' title='bbox 3425 1449 3703 1520; x_wconf 89' lang='lat' dir='ltr'><strong>ponderis.</strong></span> 
     </span>
    </p>
   </div>
   <div class='ocr_carea' id='block_1_59' title="bbox 2135 1541 3710 1609">
    <p class='ocr_par' dir='ltr' id='par_1_59' title="bbox 2135 1541 3710 1609">
     <span class='ocr_line' id='line_1_60' title="bbox 2135 1541 3710 1609; baseline -0.003 -10"><span class='ocrx_word' id='word_1_381' title='bbox 2135 1544 2507 1599; x_wconf 88' lang='lat' dir='ltr'><strong>Tertullianus</strong></span> <span class='ocrx_word' id='word_1_382' title='bbox 2536 1543 2702 1609; x_wconf 90' lang='lat' dir='ltr'><strong>enim,</strong></span> <span class='ocrx_word' id='word_1_383' title='bbox 2737 1555 2860 1596; x_wconf 91' lang='lat' dir='ltr'><strong>cum</strong></span> <span class='ocrx_word' id='word_1_384' title='bbox 2890 1556 2953 1594; x_wconf 93' lang='lat' dir='ltr'><strong>ea</strong></span> <span class='ocrx_word' id='word_1_385' title='bbox 2982 1555 3103 1609; x_wconf 67' lang='lat' dir='ltr'><strong>qua:</strong></span> <span class='ocrx_word' id='word_1_386' title='bbox 3136 1541 3472 1609; x_wconf 91' lang='lat' dir='ltr'><strong>objiciuntur</strong></span> <span class='ocrx_word' id='word_1_387' title='bbox 3500 1542 3710 1597; x_wconf 82' lang='lat' dir='ltr'><strong>scribe-</strong></span> 
     </span>
    </p>
   </div>
   <div class='ocr_carea' id='block_1_60' title="bbox 2135 1630 3709 1703">
    <p class='ocr_par' dir='ltr' id='par_1_60' title="bbox 2135 1630 3709 1703">
     <span class='ocr_line' id='line_1_61' title="bbox 2135 1630 3709 1703; baseline -0.003 -12"><span class='ocrx_word' id='word_1_388' title='bbox 2135 1646 2256 1703; x_wconf 90' lang='lat' dir='ltr'><strong>ret,</strong></span> <span class='ocrx_word' id='word_1_389' title='bbox 2291 1636 2578 1690; x_wconf 83' lang='lat' dir='ltr'><strong>haereticus</strong></span> <span class='ocrx_word' id='word_1_390' title='bbox 2633 1641 2771 1699; x_wconf 89' lang='lat' dir='ltr'><strong>erat,</strong></span> <span class='ocrx_word' id='word_1_391' title='bbox 2802 1648 2866 1688; x_wconf 91' lang='lat' dir='ltr'><strong>ac</strong></span> <span class='ocrx_word' id='word_1_392' title='bbox 2920 1630 3174 1703; x_wconf 89' lang='lat' dir='ltr'><strong>proinde,</strong></span> <span class='ocrx_word' id='word_1_393' title='bbox 3206 1634 3284 1687; x_wconf 90' lang='lat' dir='ltr'><strong>uti</strong></span> <span class='ocrx_word' id='word_1_394' title='bbox 3334 1632 3447 1703; x_wconf 91' lang='lat' dir='ltr'><strong>jam</strong></span> <span class='ocrx_word' id='word_1_395' title='bbox 3497 1634 3709 1687; x_wconf 84' lang='lat' dir='ltr'><strong>monui-</strong></span> 
     </span>
    </p>
   </div>
   <div class='ocr_carea' id='block_1_61' title="bbox 2136 1723 3710 1796">
    <p class='ocr_par' dir='ltr' id='par_1_61' title="bbox 2136 1723 3710 1796">
     <span class='ocr_line' id='line_1_62' title="bbox 2136 1723 3710 1796; baseline -0.003 -14"><span class='ocrx_word' id='word_1_396' title='bbox 2136 1744 2283 1796; x_wconf 89' lang='lat' dir='ltr'><strong>mus,</strong></span> <span class='ocrx_word' id='word_1_397' title='bbox 2311 1726 2633 1783; x_wconf 83' lang='lat' dir='ltr'><strong>catholicam</strong></span> <span class='ocrx_word' id='word_1_398' title='bbox 2658 1724 2850 1795; x_wconf 82' lang='lat' dir='ltr'><strong>lgnatii</strong></span> <span class='ocrx_word' id='word_1_399' title='bbox 2881 1724 3185 1779; x_wconf 89' lang='lat' dir='ltr'><strong>doctrinam</strong></span> <span class='ocrx_word' id='word_1_400' title='bbox 3218 1723 3322 1779; x_wconf 90' lang='lat' dir='ltr'><strong>sibi</strong></span> <span class='ocrx_word' id='word_1_401' title='bbox 3365 1724 3589 1779; x_wconf 88' lang='lat' dir='ltr'><strong>omnino</strong></span> <span class='ocrx_word' id='word_1_402' title='bbox 3614 1725 3710 1778; x_wconf 92' lang='lat' dir='ltr'><strong>ad-</strong></span> 
     </span>
    </p>
   </div>
   <div class='ocr_carea' id='block_1_62' title="bbox 2136 1815 3706 1886">
    <p class='ocr_par' dir='ltr' id='par_1_62' title="bbox 2136 1815 3706 1886">
     <span class='ocr_line' id='line_1_63' title="bbox 2136 1815 3706 1886; baseline -0.004 -10"><span class='ocrx_word' id='word_1_403' title='bbox 2136 1834 2352 1876; x_wconf 83' lang='lat' dir='ltr'><strong>versam</strong></span> <span class='ocrx_word' id='word_1_404' title='bbox 2389 1819 2443 1872; x_wconf 93' lang='lat' dir='ltr'><strong>in</strong></span> <span class='ocrx_word' id='word_1_405' title='bbox 2475 1817 2713 1871; x_wconf 85' lang='lat' dir='ltr'><strong>medium</strong></span> <span class='ocrx_word' id='word_1_406' title='bbox 2746 1815 3150 1885; x_wconf 90' lang='lat' dir='ltr'><strong>producendam</strong></span> <span class='ocrx_word' id='word_1_407' title='bbox 3180 1831 3301 1872; x_wconf 89' lang='lat' dir='ltr'><strong>esse</strong></span> <span class='ocrx_word' id='word_1_408' title='bbox 3340 1832 3447 1871; x_wconf 93' lang='lat' dir='ltr'><strong>non</strong></span> <span class='ocrx_word' id='word_1_409' title='bbox 3478 1817 3706 1886; x_wconf 89' lang='lat' dir='ltr'><strong>putavit.</strong></span> 
     </span>
    </p>
   </div>
   <div class='ocr_carea' id='block_1_63' title="bbox 2063 1905 3710 1979">
    <p class='ocr_par' dir='ltr' id='par_1_63' title="bbox 2063 1905 3710 1979">
     <span class='ocr_line' id='line_1_64' title="bbox 2063 1905 3710 1979; baseline 0.001 -19"><span class='ocrx_word' id='word_1_410' title='bbox 2063 1905 2106 1960; x_wconf 89' lang='lat' dir='ltr'><strong>B</strong></span> <span class='ocrx_word' id='word_1_411' title='bbox 2136 1911 2293 1979; x_wconf 92' lang='lat' dir='ltr'><strong>Quod</strong></span> <span class='ocrx_word' id='word_1_412' title='bbox 2317 1918 2497 1965; x_wconf 88' lang='lat' dir='ltr'><strong>autem</strong></span> <span class='ocrx_word' id='word_1_413' title='bbox 2536 1908 2603 1963; x_wconf 90' lang='lat' dir='ltr'><strong>ad</strong></span> <span class='ocrx_word' id='word_1_414' title='bbox 2638 1908 2973 1963; x_wconf 82' lang='lat' dir='ltr'><strong>orthodoxos</strong></span> <span class='ocrx_word' id='word_1_415' title='bbox 3019 1907 3234 1975; x_wconf 86' lang='lat' dir='ltr'><strong>attinet,</strong></span> <span class='ocrx_word' id='word_1_416' title='bbox 3259 1917 3560 1977; x_wconf 88' lang='lat' dir='ltr'><strong>potuerunt</strong></span> <span class='ocrx_word' id='word_1_417' title='bbox 3587 1909 3710 1977; x_wconf 80' lang='lat' dir='ltr'><strong>qui-</strong></span> 
     </span>
    </p>
   </div>
   <div class='ocr_carea' id='block_1_64' title="bbox 2135 2000 3711 2079">
    <p class='ocr_par' dir='ltr' id='par_1_64' title="bbox 2135 2000 3711 2079">
     <span class='ocr_line' id='line_1_65' title="bbox 2135 2000 3711 2079; baseline -0.003 -18"><span class='ocrx_word' id='word_1_418' title='bbox 2135 2006 2259 2061; x_wconf 90' lang='lat' dir='ltr'><strong>dem</strong></span> <span class='ocrx_word' id='word_1_419' title='bbox 2298 2011 2488 2059; x_wconf 89' lang='lat' dir='ltr'><strong>contra</strong></span> <span class='ocrx_word' id='word_1_420' title='bbox 2520 2000 2841 2079; x_wconf 84' lang='lat' dir='ltr'><strong>Tertulliani</strong></span> <span class='ocrx_word' id='word_1_421' title='bbox 2871 2016 3085 2056; x_wconf 91' lang='lat' dir='ltr'><strong>errores</strong></span> <span class='ocrx_word' id='word_1_422' title='bbox 3138 2002 3461 2056; x_wconf 83' lang='lat' dir='ltr'><strong>auctoritate</strong></span> <span class='ocrx_word' id='word_1_423' title='bbox 3519 2001 3711 2071; x_wconf 85' lang='lat' dir='ltr'><strong>lgnatii</strong></span> 
     </span>
    </p>
   </div>
   <div class='ocr_carea' id='block_1_65' title="bbox 2134 2090 3707 2165">
    <p class='ocr_par' dir='ltr' id='par_1_65' title="bbox 2134 2090 3707 2165">
     <span class='ocr_line' id='line_1_66' title="bbox 2134 2090 3707 2165; baseline -0.001 -18"><span class='ocrx_word' id='word_1_424' title='bbox 2134 2108 2378 2165; x_wconf 79' lang='lat' dir='ltr'><strong>pugnare</strong></span> <span class='ocrx_word' id='word_1_425' title='bbox 2415 2112 2428 2148; x_wconf 90' lang='lat'><strong>:</strong></span> <span class='ocrx_word' id='word_1_426' title='bbox 2468 2091 2563 2147; x_wconf 89' lang='lat' dir='ltr'><strong>sed</strong></span> <span class='ocrx_word' id='word_1_427' title='bbox 2613 2106 2737 2146; x_wconf 93' lang='lat' dir='ltr'><strong>cum</strong></span> <span class='ocrx_word' id='word_1_428' title='bbox 2783 2104 2972 2145; x_wconf 91' lang='lat' dir='ltr'><strong>eorum</strong></span> <span class='ocrx_word' id='word_1_429' title='bbox 3024 2090 3229 2160; x_wconf 90' lang='lat' dir='ltr'><strong>scripta</strong></span> <span class='ocrx_word' id='word_1_430' title='bbox 3301 2107 3411 2147; x_wconf 91' lang='lat' dir='ltr'><strong>non</strong></span> <span class='ocrx_word' id='word_1_431' title='bbox 3477 2101 3707 2157; x_wconf 80' lang='lat' dir='ltr'><strong>exstent,</strong></span> 
     </span>
    </p>
   </div>
   <div class='ocr_carea' id='block_1_66' title="bbox 2137 2179 3712 2251">
    <p class='ocr_par' dir='ltr' id='par_1_66' title="bbox 2137 2179 3712 2251">
     <span class='ocr_line' id='line_1_67' title="bbox 2137 2179 3712 2251; baseline -0.001 -14"><span class='ocrx_word' id='word_1_432' title='bbox 2137 2183 2274 2238; x_wconf 92' lang='lat' dir='ltr'><strong>nihil</strong></span> <span class='ocrx_word' id='word_1_433' title='bbox 2305 2183 2409 2237; x_wconf 90' lang='lat' dir='ltr'><strong>hac</strong></span> <span class='ocrx_word' id='word_1_434' title='bbox 2438 2182 2505 2237; x_wconf 89' lang='lat' dir='ltr'><strong>de</strong></span> <span class='ocrx_word' id='word_1_435' title='bbox 2542 2196 2601 2236; x_wconf 92' lang='lat' dir='ltr'><strong>re</strong></span> <span class='ocrx_word' id='word_1_436' title='bbox 2645 2196 2675 2236; x_wconf 92' lang='lat' dir='ltr'><strong>a</strong></span> <span class='ocrx_word' id='word_1_437' title='bbox 2717 2196 2991 2251; x_wconf 90' lang='lat' dir='ltr'><strong>quoquam</strong></span> <span class='ocrx_word' id='word_1_438' title='bbox 3026 2180 3242 2236; x_wconf 81' lang='lat' dir='ltr'><strong>deliniri</strong></span> <span class='ocrx_word' id='word_1_439' title='bbox 3294 2189 3493 2249; x_wconf 89' lang='lat' dir='ltr'><strong>potest.</strong></span> <span class='ocrx_word' id='word_1_440' title='bbox 3525 2179 3712 2250; x_wconf 88' lang='lat' dir='ltr'><strong>Neque</strong></span> 
     </span>
    </p>
   </div>
   <div class='ocr_carea' id='block_1_67' title="bbox 2135 2272 3712 2334">
    <p class='ocr_par' dir='ltr' id='par_1_67' title="bbox 2135 2272 3712 2334">
     <span class='ocr_line' id='line_1_68' title="bbox 2135 2272 3712 2334; baseline -0.004 0"><span class='ocrx_word' id='word_1_441' title='bbox 2135 2276 2282 2334; x_wconf 89' lang='lat' dir='ltr'><strong>enim</strong></span> <span class='ocrx_word' id='word_1_442' title='bbox 2311 2275 2456 2331; x_wconf 85' lang='lat' dir='ltr'><strong>ullus</strong></span> <span class='ocrx_word' id='word_1_443' title='bbox 2488 2272 2881 2329; x_wconf 87' lang='lat' dir='ltr'><strong>Tertullianum</strong></span> <span class='ocrx_word' id='word_1_444' title='bbox 2913 2272 3095 2330; x_wconf 92' lang='lat' dir='ltr'><strong>omnia</strong></span> <span class='ocrx_word' id='word_1_445' title='bbox 3140 2272 3243 2327; x_wconf 93' lang='lat' dir='ltr'><strong>sibi</strong></span> <span class='ocrx_word' id='word_1_446' title='bbox 3281 2272 3350 2326; x_wconf 92' lang='lat' dir='ltr'><strong>ab</strong></span> <span class='ocrx_word' id='word_1_447' title='bbox 3390 2273 3712 2327; x_wconf 90' lang='lat' dir='ltr'><strong>orthodoxis</strong></span> 
     </span>
    </p>
   </div>
   <div class='ocr_carea' id='block_1_68' title="bbox 2137 2363 3712 2437">
    <p class='ocr_par' dir='ltr' id='par_1_68' title="bbox 2137 2363 3712 2437">
     <span class='ocr_line' id='line_1_69' title="bbox 2137 2363 3712 2437; baseline -0.003 -16"><span class='ocrx_word' id='word_1_448' title='bbox 2137 2367 2346 2437; x_wconf 90' lang='lat' dir='ltr'><strong>objecta</strong></span> <span class='ocrx_word' id='word_1_449' title='bbox 2379 2364 2609 2419; x_wconf 78' lang='lat' dir='ltr'><strong>fideliter</strong></span> <span class='ocrx_word' id='word_1_450' title='bbox 2642 2363 2886 2419; x_wconf 91' lang='lat' dir='ltr'><strong>retulisse</strong></span> <span class='ocrx_word' id='word_1_451' title='bbox 2909 2406 2921 2430; x_wconf 92' lang='lat'><strong>,</strong></span> <span class='ocrx_word' id='word_1_452' title='bbox 2955 2364 3131 2433; x_wconf 89' lang='lat' dir='ltr'><strong>iisque</strong></span> <span class='ocrx_word' id='word_1_453' title='bbox 3174 2363 3431 2418; x_wconf 90' lang='lat' dir='ltr'><strong>omnibus</strong></span> <span class='ocrx_word' id='word_1_454' title='bbox 3492 2379 3712 2433; x_wconf 89' lang='lat' dir='ltr'><strong>respon-</strong></span> 
     </span>
    </p>
   </div>
   <div class='ocr_carea' id='block_1_69' title="bbox 2143 2451 3711 2524">
    <p class='ocr_par' dir='ltr' id='par_1_69' title="bbox 2143 2451 3711 2524">
     <span class='ocr_line' id='line_1_70' title="bbox 2143 2451 3711 2524; baseline -0.004 -11"><span class='ocrx_word' id='word_1_455' title='bbox 2143 2458 2312 2521; x_wconf 85' lang='lat' dir='ltr'><strong>disse,</strong></span> <span class='ocrx_word' id='word_1_456' title='bbox 2327 2464 2477 2512; x_wconf 91' lang='lat' dir='ltr'><strong>certo</strong></span> <span class='ocrx_word' id='word_1_457' title='bbox 2503 2454 2867 2510; x_wconf 78' lang='lat' dir='ltr'><strong>atlirmaverit.</strong></span> <span class='ocrx_word' id='word_1_458' title='bbox 2904 2451 2970 2508; x_wconf 86' lang='lat' dir='ltr'><strong>Et</strong></span> <span class='ocrx_word' id='word_1_459' title='bbox 3008 2468 3067 2509; x_wconf 90' lang='lat' dir='ltr'><strong>re</strong></span> <span class='ocrx_word' id='word_1_460' title='bbox 3118 2453 3337 2524; x_wconf 90' lang='lat' dir='ltr'><strong>quidem</strong></span> <span class='ocrx_word' id='word_1_461' title='bbox 3392 2455 3507 2523; x_wconf 90' lang='lat' dir='ltr'><strong>ipsa</strong></span> <span class='ocrx_word' id='word_1_462' title='bbox 3540 2470 3711 2524; x_wconf 87' lang='lat' dir='ltr'><strong>pauca</strong></span> 
     </span>
    </p>
   </div>
   <div class='ocr_carea' id='block_1_70' title="bbox 2137 2547 3711 2621">
    <p class='ocr_par' dir='ltr' id='par_1_70' title="bbox 2137 2547 3711 2621">
     <span class='ocr_line' id='line_1_71' title="bbox 2137 2547 3711 2621; baseline -0.003 -16"><span class='ocrx_word' id='word_1_463' title='bbox 2137 2550 2385 2621; x_wconf 83' lang='lat' dir='ltr'><strong>quaedam</strong></span> <span class='ocrx_word' id='word_1_464' title='bbox 2430 2548 2601 2605; x_wconf 92' lang='lat' dir='ltr'><strong>fuisse</strong></span> <span class='ocrx_word' id='word_1_465' title='bbox 2623 2548 2692 2603; x_wconf 91' lang='lat' dir='ltr'><strong>ab</strong></span> <span class='ocrx_word' id='word_1_466' title='bbox 2718 2563 2785 2603; x_wconf 89' lang='lat' dir='ltr'><strong>eo</strong></span> <span class='ocrx_word' id='word_1_467' title='bbox 2826 2547 3026 2603; x_wconf 91' lang='lat' dir='ltr'><strong>selecta</strong></span> <span class='ocrx_word' id='word_1_468' title='bbox 3071 2563 3200 2602; x_wconf 90' lang='lat' dir='ltr'><strong>vero</strong></span> <span class='ocrx_word' id='word_1_469' title='bbox 3234 2562 3460 2617; x_wconf 90' lang='lat' dir='ltr'><strong>prorsus</strong></span> <span class='ocrx_word' id='word_1_470' title='bbox 3496 2547 3711 2601; x_wconf 90' lang='lat' dir='ltr'><strong>videtur</strong></span> 
     </span>
    </p>
   </div>
   <div class='ocr_carea' id='block_1_71' title="bbox 2138 2644 2500 2699">
    <p class='ocr_par' dir='ltr' id='par_1_71' title="bbox 2138 2644 2500 2699">
     <span class='ocr_line' id='line_1_72' title="bbox 2138 2644 2500 2699; baseline 0 -1"><span class='ocrx_word' id='word_1_471' title='bbox 2138 2644 2500 2699; x_wconf 88' lang='lat' dir='ltr'><strong>simillimum.</strong></span> 
     </span>
    </p>
   </div>
   <div class='ocr_carea' id='block_1_72' title="bbox 2212 2728 3712 2804">
    <p class='ocr_par' dir='ltr' id='par_1_72' title="bbox 2212 2728 3712 2804">
     <span class='ocr_line' id='line_1_73' title="bbox 2212 2728 3712 2804; baseline -0.003 -15"><span class='ocrx_word' id='word_1_472' title='bbox 2212 2732 2380 2804; x_wconf 81' lang='lat' dir='ltr'><strong>Urget</strong></span> <span class='ocrx_word' id='word_1_473' title='bbox 2404 2731 2655 2797; x_wconf 62' lang='lat' dir='ltr'><strong>Dallmus,</strong></span> <span class='ocrx_word' id='word_1_474' title='bbox 2683 2745 2782 2784; x_wconf 91' lang='lat' dir='ltr'><strong>cur</strong></span> <span class='ocrx_word' id='word_1_475' title='bbox 2809 2729 2898 2785; x_wconf 92' lang='lat' dir='ltr'><strong>ille</strong></span> <span class='ocrx_word' id='word_1_476' title='bbox 2923 2728 3157 2795; x_wconf 69' lang='lat' dir='ltr'><strong>Hennae,</strong></span> <span class='ocrx_word' id='word_1_477' title='bbox 3192 2745 3301 2784; x_wconf 93' lang='lat' dir='ltr'><strong>non</strong></span> <span class='ocrx_word' id='word_1_478' title='bbox 3344 2746 3473 2785; x_wconf 90' lang='lat' dir='ltr'><strong>vero</strong></span> <span class='ocrx_word' id='word_1_479' title='bbox 3501 2729 3712 2801; x_wconf 82' lang='lat' dir='ltr'><strong>lgnatii,</strong></span> 
     </span>
    </p>
   </div>
   <div class='ocr_carea' id='block_1_73' title="bbox 2138 2820 3715 2887">
    <p class='ocr_par' dir='ltr' id='par_1_73' title="bbox 2138 2820 3715 2887">
     <span class='ocr_line' id='line_1_74' title="bbox 2138 2820 3715 2887; baseline -0.004 -5"><span class='ocrx_word' id='word_1_480' title='bbox 2138 2826 2327 2883; x_wconf 89' lang='lat' dir='ltr'><strong>citavit</strong></span> <span class='ocrx_word' id='word_1_481' title='bbox 2351 2824 2549 2878; x_wconf 91' lang='lat' dir='ltr'><strong>librum</strong></span> <span class='ocrx_word' id='word_1_482' title='bbox 2573 2824 2596 2874; x_wconf 89' lang='lat'><strong>?</strong></span> <span class='ocrx_word' id='word_1_483' title='bbox 2617 2820 2891 2877; x_wconf 88' lang='lat' dir='ltr'><strong>lnstamus</strong></span> <span class='ocrx_word' id='word_1_484' title='bbox 2918 2831 2971 2877; x_wconf 88' lang='lat' dir='ltr'><strong>et</strong></span> <span class='ocrx_word' id='word_1_485' title='bbox 2990 2836 3113 2887; x_wconf 91' lang='lat' dir='ltr'><strong>nos,</strong></span> <span class='ocrx_word' id='word_1_486' title='bbox 3132 2837 3232 2876; x_wconf 91' lang='lat' dir='ltr'><strong>cur</strong></span> <span class='ocrx_word' id='word_1_487' title='bbox 3256 2837 3365 2875; x_wconf 91' lang='lat' dir='ltr'><strong>non</strong></span> <span class='ocrx_word' id='word_1_488' title='bbox 3396 2822 3559 2876; x_wconf 90' lang='lat' dir='ltr'><strong>etiam</strong></span> <span class='ocrx_word' id='word_1_489' title='bbox 3587 2823 3715 2877; x_wconf 84' lang='lat' dir='ltr'><strong>alio-</strong></span> 
     </span>
    </p>
   </div>
   <div class='ocr_carea' id='block_1_74' title="bbox 2138 2912 3713 2983">
    <p class='ocr_par' dir='ltr' id='par_1_74' title="bbox 2138 2912 3713 2983">
     <span class='ocr_line' id='line_1_75' title="bbox 2138 2912 3713 2983; baseline -0.004 -10"><span class='ocrx_word' id='word_1_490' title='bbox 2138 2933 2260 2973; x_wconf 91' lang='lat' dir='ltr'><strong>rum</strong></span> <span class='ocrx_word' id='word_1_491' title='bbox 2285 2916 2308 2970; x_wconf 86' lang='lat'><strong>?</strong></span> <span class='ocrx_word' id='word_1_492' title='bbox 2328 2915 2499 2969; x_wconf 90' lang='lat' dir='ltr'><strong>Porro</strong></span> <span class='ocrx_word' id='word_1_493' title='bbox 2516 2914 2910 2983; x_wconf 89' lang='lat' dir='ltr'><strong>respondemus</strong></span> <span class='ocrx_word' id='word_1_494' title='bbox 2938 2913 3059 2968; x_wconf 87' lang='lat' dir='ltr'><strong>ideo</strong></span> <span class='ocrx_word' id='word_1_495' title='bbox 3089 2912 3339 2967; x_wconf 83' lang='lat' dir='ltr'><strong>Ilermam</strong></span> <span class='ocrx_word' id='word_1_496' title='bbox 3363 2914 3538 2968; x_wconf 89' lang='lat' dir='ltr'><strong>abillo</strong></span> <span class='ocrx_word' id='word_1_497' title='bbox 3558 2914 3713 2968; x_wconf 90' lang='lat' dir='ltr'><strong>citari</strong></span> 
     </span>
    </p>
   </div>
   <div class='ocr_carea' id='block_1_75' title="bbox 2138 3003 3709 3077">
    <p class='ocr_par' dir='ltr' id='par_1_75' title="bbox 2138 3003 3709 3077">
     <span class='ocr_line' id='line_1_76' title="bbox 2138 3003 3709 3077; baseline -0.004 -15"><span class='ocrx_word' id='word_1_498' title='bbox 2138 3008 2221 3062; x_wconf 91' lang='lat' dir='ltr'><strong>vel</strong></span> <span class='ocrx_word' id='word_1_499' title='bbox 2245 3006 2371 3077; x_wconf 87' lang='lat' dir='ltr'><strong>quia</strong></span> <span class='ocrx_word' id='word_1_500' title='bbox 2398 3006 2519 3059; x_wconf 86' lang='lat' dir='ltr'><strong>libri</strong></span> <span class='ocrx_word' id='word_1_501' title='bbox 2549 3006 2668 3074; x_wconf 88' lang='lat' dir='ltr'><strong>ejus</strong></span> <span class='ocrx_word' id='word_1_502' title='bbox 2702 3004 2756 3058; x_wconf 91' lang='lat' dir='ltr'><strong>in</strong></span> <span class='ocrx_word' id='word_1_503' title='bbox 2779 3020 2993 3059; x_wconf 89' lang='lat' dir='ltr'><strong>sacrum</strong></span> <span class='ocrx_word' id='word_1_504' title='bbox 3016 3003 3419 3072; x_wconf 88' lang='lat' dir='ltr'><strong>Scripturarum</strong></span> <span class='ocrx_word' id='word_1_505' title='bbox 3446 3018 3709 3057; x_wconf 90' lang='lat' dir='ltr'><strong>canonem</strong></span> 
     </span>
    </p>
   </div>
   <div class='ocr_carea' id='block_1_76' title="bbox 2140 3093 3710 3167">
    <p class='ocr_par' dir='ltr' id='par_1_76' title="bbox 2140 3093 3710 3167">
     <span class='ocr_line' id='line_1_77' title="bbox 2140 3093 3710 3167; baseline -0.004 -17"><span class='ocrx_word' id='word_1_506' title='bbox 2140 3113 2171 3151; x_wconf 89' lang='lat' dir='ltr'><strong>a</strong></span> <span class='ocrx_word' id='word_1_507' title='bbox 2202 3095 2530 3167; x_wconf 89' lang='lat' dir='ltr'><strong>quihusdam</strong></span> <span class='ocrx_word' id='word_1_508' title='bbox 2558 3094 2993 3159; x_wconf 88' lang='lat' dir='ltr'><strong>ascribebantur,</strong></span> <span class='ocrx_word' id='word_1_509' title='bbox 3011 3095 3095 3149; x_wconf 91' lang='lat' dir='ltr'><strong>vel</strong></span> <span class='ocrx_word' id='word_1_510' title='bbox 3126 3095 3194 3148; x_wconf 91' lang='lat' dir='ltr'><strong>ob</strong></span> <span class='ocrx_word' id='word_1_511' title='bbox 3216 3109 3335 3147; x_wconf 90' lang='lat' dir='ltr'><strong>eam</strong></span> <span class='ocrx_word' id='word_1_512' title='bbox 3366 3093 3710 3162; x_wconf 90' lang='lat' dir='ltr'><strong>potissimum</strong></span> 
     </span>
    </p>
   </div>
   <div class='ocr_carea' id='block_1_77' title="bbox 2140 3184 3711 3257">
    <p class='ocr_par' dir='ltr' id='par_1_77' title="bbox 2140 3184 3711 3257">
     <span class='ocr_line' id='line_1_78' title="bbox 2140 3184 3711 3257; baseline -0.004 -15"><span class='ocrx_word' id='word_1_513' title='bbox 2140 3203 2302 3257; x_wconf 90' lang='lat' dir='ltr'><strong>quam</strong></span> <span class='ocrx_word' id='word_1_514' title='bbox 2338 3187 2525 3241; x_wconf 89' lang='lat' dir='ltr'><strong>eodem</strong></span> <span class='ocrx_word' id='word_1_515' title='bbox 2582 3187 2635 3241; x_wconf 92' lang='lat' dir='ltr'><strong>in</strong></span> <span class='ocrx_word' id='word_1_516' title='bbox 2670 3186 2814 3239; x_wconf 91' lang='lat' dir='ltr'><strong>libro</strong></span> <span class='ocrx_word' id='word_1_517' title='bbox 2853 3185 3089 3240; x_wconf 91' lang='lat' dir='ltr'><strong>reddidit</strong></span> <span class='ocrx_word' id='word_1_518' title='bbox 3135 3186 3402 3239; x_wconf 90' lang='lat' dir='ltr'><strong>rationem</strong></span> <span class='ocrx_word' id='word_1_519' title='bbox 3460 3185 3539 3249; x_wconf 82' lang='grc'><strong>⁸⁷,</strong></span> <span class='ocrx_word' id='word_1_520' title='bbox 3583 3184 3711 3254; x_wconf 90' lang='lat' dir='ltr'><strong>quia</strong></span> 
     </span>
    </p>
   </div>
   <div class='ocr_carea' id='block_1_78' title="bbox 2140 3276 3713 3347">
    <p class='ocr_par' dir='ltr' id='par_1_78' title="bbox 2140 3276 3713 3347">
     <span class='ocr_line' id='line_1_79' title="bbox 2140 3276 3713 3347; baseline -0.002 -14"><span class='ocrx_word' id='word_1_521' title='bbox 2140 3279 2419 3347; x_wconf 89' lang='lat' dir='ltr'><strong>Scriptura</strong></span> <span class='ocrx_word' id='word_1_522' title='bbox 2472 3286 2555 3332; x_wconf 90' lang='lat' dir='ltr'><strong>est</strong></span> <span class='ocrx_word' id='word_1_523' title='bbox 2588 3296 2606 3329; x_wconf 85' lang='grc'><strong>‹</strong></span> <span class='ocrx_word' id='word_1_524' title='bbox 2637 3291 2759 3346; x_wconf 86' lang='lat' dir='ltr'><strong>quae</strong></span> <span class='ocrx_word' id='word_1_525' title='bbox 2812 3276 2928 3331; x_wconf 88' lang='lat' dir='ltr'><strong>sola</strong></span> <span class='ocrx_word' id='word_1_526' title='bbox 2960 3276 3206 3332; x_wconf 87' lang='lat' dir='ltr'><strong>moechos</strong></span> <span class='ocrx_word' id='word_1_527' title='bbox 3258 3286 3423 3330; x_wconf 88' lang='lat' dir='ltr'><strong>amat.</strong></span> <span class='ocrx_word' id='word_1_528' title='bbox 3460 3295 3477 3327; x_wconf 75' lang='grc' dir='ltr'><strong><em>ι</em></strong></span> <span class='ocrx_word' id='word_1_529' title='bbox 3514 3276 3595 3330; x_wconf 81' lang='lat' dir='ltr'><strong>Ab</strong></span> <span class='ocrx_word' id='word_1_530' title='bbox 3645 3292 3713 3330; x_wconf 93' lang='lat' dir='ltr'><strong>eo</strong></span> 
     </span>
    </p>
   </div>
   <div class='ocr_carea' id='block_1_79' title="bbox 2138 3367 3715 3439">
    <p class='ocr_par' dir='ltr' id='par_1_79' title="bbox 2138 3367 3715 3439">
     <span class='ocr_line' id='line_1_80' title="bbox 2138 3367 3715 3439; baseline -0.003 -16"><span class='ocrx_word' id='word_1_531' title='bbox 2138 3370 2338 3439; x_wconf 89' lang='lat' dir='ltr'><strong>quippe</strong></span> <span class='ocrx_word' id='word_1_532' title='bbox 2367 3368 2432 3423; x_wconf 91' lang='lat' dir='ltr'><strong>de</strong></span> <span class='ocrx_word' id='word_1_533' title='bbox 2455 3367 2685 3423; x_wconf 74' lang='lat' dir='ltr'><strong>mmchis</strong></span> <span class='ocrx_word' id='word_1_534' title='bbox 2711 3375 2893 3421; x_wconf 90' lang='lat' dir='ltr'><strong>utrum</strong></span> <span class='ocrx_word' id='word_1_535' title='bbox 2926 3367 2992 3422; x_wconf 90' lang='lat' dir='ltr'><strong>ad</strong></span> <span class='ocrx_word' id='word_1_536' title='bbox 3024 3367 3397 3439; x_wconf 80' lang='lat' dir='ltr'><strong>paenitentiam</strong></span> <span class='ocrx_word' id='word_1_537' title='bbox 3428 3367 3715 3421; x_wconf 87' lang='lat' dir='ltr'><strong>admitten-</strong></span> 
     </span>
    </p>
   </div>
   <div class='ocr_carea' id='block_1_80' title="bbox 2136 3456 3711 3529">
    <p class='ocr_par' dir='ltr' id='par_1_80' title="bbox 2136 3456 3711 3529">
     <span class='ocr_line' id='line_1_81' title="bbox 2136 3456 3711 3529; baseline -0.003 -14"><span class='ocrx_word' id='word_1_538' title='bbox 2136 3460 2189 3515; x_wconf 93' lang='lat' dir='ltr'><strong>di</strong></span> <span class='ocrx_word' id='word_1_539' title='bbox 2216 3468 2422 3523; x_wconf 90' lang='lat' dir='ltr'><strong>essent,</strong></span> <span class='ocrx_word' id='word_1_540' title='bbox 2480 3460 2710 3529; x_wconf 73' lang='lat' dir='ltr'><strong>qna‘slio</strong></span> <span class='ocrx_word' id='word_1_541' title='bbox 2739 3459 3072 3513; x_wconf 82' lang='lat' dir='ltr'><strong>movebatur.</strong></span> <span class='ocrx_word' id='word_1_542' title='bbox 3102 3456 3226 3513; x_wconf 67' lang='lat' dir='ltr'><strong>Haec</strong></span> <span class='ocrx_word' id='word_1_543' title='bbox 3254 3474 3383 3529; x_wconf 84' lang='lat' dir='ltr'><strong>ergo</strong></span> <span class='ocrx_word' id='word_1_544' title='bbox 3412 3458 3711 3528; x_wconf 75' lang='lat' dir='ltr'><strong>Scriptura,</strong></span> 
     </span>
    </p>
   </div>
   <div class='ocr_carea' id='block_1_81' title="bbox 2137 3548 3712 3620">
    <p class='ocr_par' dir='ltr' id='par_1_81' title="bbox 2137 3548 3712 3620">
     <span class='ocr_line' id='line_1_82' title="bbox 2137 3548 3712 3620; baseline 0.001 -15"><span class='ocrx_word' id='word_1_545' title='bbox 2137 3564 2260 3620; x_wconf 74' lang='lat' dir='ltr'><strong>quae</strong></span> <span class='ocrx_word' id='word_1_546' title='bbox 2297 3563 2326 3605; x_wconf 90' lang='lat' dir='ltr'><strong>a</strong></span> <span class='ocrx_word' id='word_1_547' title='bbox 2362 3548 2700 3605; x_wconf 89' lang='lat' dir='ltr'><strong>Tertulliano</strong></span> <span class='ocrx_word' id='word_1_548' title='bbox 2725 3549 2838 3606; x_wconf 89' lang='lat' dir='ltr'><strong>sola</strong></span> <span class='ocrx_word' id='word_1_549' title='bbox 2865 3550 3109 3608; x_wconf 86' lang='lat' dir='ltr'><strong>moechos</strong></span> <span class='ocrx_word' id='word_1_550' title='bbox 3134 3565 3318 3605; x_wconf 91' lang='lat' dir='ltr'><strong>amare</strong></span> <span class='ocrx_word' id='word_1_551' title='bbox 3344 3550 3565 3617; x_wconf 86' lang='lat' dir='ltr'><strong>dicitur,</strong></span> <span class='ocrx_word' id='word_1_552' title='bbox 3597 3553 3712 3609; x_wconf 89' lang='lat' dir='ltr'><strong>sola</strong></span> 
     </span>
    </p>
   </div>
   <div class='ocr_carea' id='block_1_82' title="bbox 2139 3641 2762 3696">
    <p class='ocr_par' dir='ltr' id='par_1_82' title="bbox 2139 3641 2762 3696">
     <span class='ocr_line' id='line_1_83' title="bbox 2139 3641 2762 3696; baseline 0 -1"><span class='ocrx_word' id='word_1_553' title='bbox 2139 3641 2208 3696; x_wconf 91' lang='lat' dir='ltr'><strong>ab</strong></span> <span class='ocrx_word' id='word_1_554' title='bbox 2236 3656 2302 3695; x_wconf 91' lang='lat' dir='ltr'><strong>eo</strong></span> <span class='ocrx_word' id='word_1_555' title='bbox 2325 3642 2533 3696; x_wconf 89' lang='lat' dir='ltr'><strong>laudari</strong></span> <span class='ocrx_word' id='word_1_556' title='bbox 2556 3642 2762 3696; x_wconf 83' lang='lat' dir='ltr'><strong>debuit.</strong></span> 
     </span>
    </p>
   </div>
   <div class='ocr_carea' id='block_1_83' title="bbox 2143 3778 3713 3852">
    <p class='ocr_par' dir='ltr' id='par_1_83' title="bbox 2143 3778 3713 3852">
     <span class='ocr_line' id='line_1_84' title="bbox 2143 3778 3713 3852; baseline -0.002 -18"><span class='ocrx_word' id='word_1_557' title='bbox 2143 3780 2170 3852; x_wconf 88' lang='lat'>§</span> <span class='ocrx_word' id='word_1_558' title='bbox 2212 3778 2303 3835; x_wconf 86' lang='grc'><strong>111.</strong></span> <span class='ocrx_word' id='word_1_559' title='bbox 2340 3778 2485 3834; x_wconf 87' lang='lat' dir='ltr'><strong>Num</strong></span> <span class='ocrx_word' id='word_1_560' title='bbox 2512 3778 2643 3835; x_wconf 80' lang='lat' dir='ltr'><strong>Caio</strong></span> <span class='ocrx_word' id='word_1_561' title='bbox 2670 3781 2839 3852; x_wconf 9' lang='lat' dir='ltr'><strong>etiam,</strong></span> <span class='ocrx_word' id='word_1_562' title='bbox 2871 3789 2918 3832; x_wconf 87' lang='lat' dir='ltr'><strong>et</strong></span> <span class='ocrx_word' id='word_1_563' title='bbox 2950 3778 3205 3852; x_wconf 76' lang='lat' dir='ltr'><strong>Clementi</strong></span> <span class='ocrx_word' id='word_1_564' title='bbox 3238 3778 3595 3833; x_wconf 65' lang='lat' dir='ltr'><strong>Alexandrino</strong></span> <span class='ocrx_word' id='word_1_565' title='bbox 3626 3780 3713 3833; x_wconf 39' lang='lat' dir='ltr'><strong>ina</strong></span> 
     </span>
    </p>
   </div>
   <div class='ocr_carea' id='block_1_84' title="bbox 2694 3849 3163 3919">
    <p class='ocr_par' dir='ltr' id='par_1_84' title="bbox 2694 3849 3163 3919">
     <span class='ocr_line' id='line_1_85' title="bbox 2694 3849 3163 3919; baseline -0.002 -16"><span class='ocrx_word' id='word_1_566' title='bbox 2694 3850 2913 3919; x_wconf 77' lang='lat' dir='ltr'><strong>coynila:</strong></span> <span class='ocrx_word' id='word_1_567' title='bbox 2942 3849 3163 3917; x_wconf 73' lang='lat' dir='ltr'><strong>fuerint.</strong></span> 
     </span>
    </p>
   </div>
   <div class='ocr_carea' id='block_1_85' title="bbox 2209 3977 3717 4050">
    <p class='ocr_par' dir='ltr' id='par_1_85' title="bbox 2209 3977 3717 4050">
     <span class='ocr_line' id='line_1_86' title="bbox 2209 3977 3717 4050; baseline -0.001 -13"><span class='ocrx_word' id='word_1_568' title='bbox 2209 3978 2343 4037; x_wconf 87' lang='lat' dir='ltr'><strong>Caio</strong></span> <span class='ocrx_word' id='word_1_569' title='bbox 2377 3994 2593 4048; x_wconf 90' lang='lat' dir='ltr'><strong>quoque</strong></span> <span class='ocrx_word' id='word_1_570' title='bbox 2615 3980 2831 4049; x_wconf 82' lang='lat' dir='ltr'><strong>ignotas</strong></span> <span class='ocrx_word' id='word_1_571' title='bbox 2848 3978 3019 4034; x_wconf 90' lang='lat' dir='ltr'><strong>fuisse</strong></span> <span class='ocrx_word' id='word_1_572' title='bbox 3042 3977 3234 4050; x_wconf 78' lang='lat' dir='ltr'><strong>Ignatii</strong></span> <span class='ocrx_word' id='word_1_573' title='bbox 3260 3979 3433 4033; x_wconf 90' lang='lat' dir='ltr'><strong>nostri</strong></span> <span class='ocrx_word' id='word_1_574' title='bbox 3456 3979 3717 4048; x_wconf 80' lang='lat' dir='ltr'><strong>epistolas</strong></span> 
     </span>
    </p>
   </div>
   <div class='ocr_carea' id='block_1_86' title="bbox 2140 4070 3717 4140">
    <p class='ocr_par' dir='ltr' id='par_1_86' title="bbox 2140 4070 3717 4140">
     <span class='ocr_line' id='line_1_87' title="bbox 2140 4070 3717 4140; baseline 0.001 -16"><span class='ocrx_word' id='word_1_575' title='bbox 2140 4079 2203 4126; x_wconf 89' lang='lat' dir='ltr'><strong>ut</strong></span> <span class='ocrx_word' id='word_1_576' title='bbox 2228 4072 2478 4140; x_wconf 87' lang='lat' dir='ltr'><strong>probaret</strong></span> <span class='ocrx_word' id='word_1_577' title='bbox 2522 4070 2788 4137; x_wconf 65' lang='lat' dir='ltr'><strong>Dallaaus,</strong></span> <span class='ocrx_word' id='word_1_578' title='bbox 2828 4072 3056 4140; x_wconf 91' lang='lat' dir='ltr'><strong>protulit</strong></span> <span class='ocrx_word' id='word_1_579' title='bbox 3085 4072 3131 4103; x_wconf 82' lang='grc'><strong>³⁸</strong></span> <span class='ocrx_word' id='word_1_580' title='bbox 3169 4072 3411 4140; x_wconf 87' lang='lat' dir='ltr'><strong>ejusdem</strong></span> <span class='ocrx_word' id='word_1_581' title='bbox 3449 4071 3566 4125; x_wconf 83' lang='lat' dir='ltr'><strong>Caii</strong></span> <span class='ocrx_word' id='word_1_582' title='bbox 3612 4072 3717 4126; x_wconf 66' lang='lat' dir='ltr'><strong>frao</strong></span> 
     </span>
    </p>
   </div>
   <div class='ocr_carea' id='block_1_87' title="bbox 2141 4161 3715 4234">
    <p class='ocr_par' dir='ltr' id='par_1_87' title="bbox 2141 4161 3715 4234">
     <span class='ocr_line' id='line_1_88' title="bbox 2141 4161 3715 4234; baseline 0.002 -18"><span class='ocrx_word' id='word_1_583' title='bbox 2141 4171 2440 4231; x_wconf 83' lang='lat' dir='ltr'><strong>gmentum,</strong></span> <span class='ocrx_word' id='word_1_584' title='bbox 2459 4163 2528 4217; x_wconf 92' lang='lat' dir='ltr'><strong>ab</strong></span> <span class='ocrx_word' id='word_1_585' title='bbox 2548 4161 2784 4217; x_wconf 81' lang='lat' dir='ltr'><strong>Eusebio</strong></span> <span class='ocrx_word' id='word_1_586' title='bbox 2795 4164 3185 4232; x_wconf 84' lang='lat' dir='ltr'><strong>transcriptum</strong></span> <span class='ocrx_word' id='word_1_587' title='bbox 3198 4165 3263 4229; x_wconf 79' lang='grc'><strong>³³,</strong></span> <span class='ocrx_word' id='word_1_588' title='bbox 3281 4164 3370 4218; x_wconf 93' lang='lat' dir='ltr'><strong>ubi</strong></span> <span class='ocrx_word' id='word_1_589' title='bbox 3386 4178 3447 4217; x_wconf 77' lang='lat' dir='ltr'><strong>ex</strong></span> <span class='ocrx_word' id='word_1_590' title='bbox 3476 4165 3715 4234; x_wconf 89' lang='lat' dir='ltr'><strong>antiquis</strong></span> 
     </span>
    </p>
   </div>
   <div class='ocr_carea' id='block_1_88' title="bbox 2140 4251 3715 4318">
    <p class='ocr_par' dir='ltr' id='par_1_88' title="bbox 2140 4251 3715 4318">
     <span class='ocr_line' id='line_1_89' title="bbox 2140 4251 3715 4318; baseline 0.001 -11"><span class='ocrx_word' id='word_1_591' title='bbox 2140 4251 2396 4307; x_wconf 89' lang='lat' dir='ltr'><strong>Patribus</strong></span> <span class='ocrx_word' id='word_1_592' title='bbox 2421 4262 2615 4307; x_wconf 90' lang='lat' dir='ltr'><strong>contra</strong></span> <span class='ocrx_word' id='word_1_593' title='bbox 2644 4253 2894 4307; x_wconf 61' lang='lat' dir='ltr'><strong>haeresim</strong></span> <span class='ocrx_word' id='word_1_594' title='bbox 2930 4252 3264 4318; x_wconf 86' lang='lat' dir='ltr'><strong>Artemonis,</strong></span> <span class='ocrx_word' id='word_1_595' title='bbox 3291 4253 3569 4307; x_wconf 89' lang='lat' dir='ltr'><strong>Christum</strong></span> <span class='ocrx_word' id='word_1_596' title='bbox 3602 4269 3715 4309; x_wconf 87' lang='lat' dir='ltr'><strong>mc-</strong></span> 
     </span>
    </p>
   </div>
   <div class='ocr_carea' id='block_1_89' title="bbox 2142 4345 3716 4415">
    <p class='ocr_par' dir='ltr' id='par_1_89' title="bbox 2142 4345 3716 4415">
     <span class='ocr_line' id='line_1_90' title="bbox 2142 4345 3716 4415; baseline 0.004 -17"><span class='ocrx_word' id='word_1_597' title='bbox 2142 4360 2263 4399; x_wconf 90' lang='lat' dir='ltr'><strong>rum</strong></span> <span class='ocrx_word' id='word_1_598' title='bbox 2304 4345 2583 4399; x_wconf 84' lang='lat' dir='ltr'><strong>hominem</strong></span> <span class='ocrx_word' id='word_1_599' title='bbox 2614 4360 2734 4399; x_wconf 91' lang='lat' dir='ltr'><strong>esse</strong></span> <span class='ocrx_word' id='word_1_600' title='bbox 2755 4345 3148 4409; x_wconf 88' lang='lat' dir='ltr'><strong>delirantis,sic</strong></span> <span class='ocrx_word' id='word_1_601' title='bbox 3172 4346 3261 4400; x_wconf 91' lang='lat' dir='ltr'><strong>ille</strong></span> <span class='ocrx_word' id='word_1_602' title='bbox 3283 4346 3524 4415; x_wconf 89' lang='lat' dir='ltr'><strong>disputat</strong></span> <span class='ocrx_word' id='word_1_603' title='bbox 3550 4365 3563 4400; x_wconf 91' lang='lat'><strong>:</strong></span> <span class='ocrx_word' id='word_1_604' title='bbox 3593 4366 3610 4397; x_wconf 75' lang='grc' dir='ltr'><strong>ε</strong></span> <span class='ocrx_word' id='word_1_605' title='bbox 3639 4348 3716 4404; x_wconf 86' lang='lat' dir='ltr'><strong>Ac</strong></span> 
     </span>
    </p>
   </div>
   <div class='ocr_carea' id='block_1_90' title="bbox 2144 4435 3716 4506">
    <p class='ocr_par' dir='ltr' id='par_1_90' title="bbox 2144 4435 3716 4506">
     <span class='ocr_line' id='line_1_91' title="bbox 2144 4435 3716 4506; baseline 0.002 -15"><span class='ocrx_word' id='word_1_606' title='bbox 2144 4435 2377 4492; x_wconf 84' lang='lat' dir='ltr'><strong>fortasse</strong></span> <span class='ocrx_word' id='word_1_607' title='bbox 2402 4437 2456 4491; x_wconf 92' lang='lat' dir='ltr'><strong>id</strong></span> <span class='ocrx_word' id='word_1_608' title='bbox 2486 4435 2632 4506; x_wconf 90' lang='lat' dir='ltr'><strong>quod</strong></span> <span class='ocrx_word' id='word_1_609' title='bbox 2664 4436 2852 4490; x_wconf 91' lang='lat' dir='ltr'><strong>dicunt</strong></span> <span class='ocrx_word' id='word_1_610' title='bbox 2872 4436 3131 4489; x_wconf 88' lang='lat' dir='ltr'><strong>credibile</strong></span> <span class='ocrx_word' id='word_1_611' title='bbox 3160 4437 3453 4503; x_wconf 86' lang='lat' dir='ltr'><strong>videretur,</strong></span> <span class='ocrx_word' id='word_1_612' title='bbox 3500 4439 3603 4493; x_wconf 88' lang='lat' dir='ltr'><strong>nisi</strong></span> <span class='ocrx_word' id='word_1_613' title='bbox 3635 4440 3716 4495; x_wconf 90' lang='lat' dir='ltr'><strong>eis</strong></span> 
     </span>
    </p>
   </div>
   <div class='ocr_carea' id='block_1_91' title="bbox 2145 4522 3713 4605">
    <p class='ocr_par' dir='ltr' id='par_1_91' title="bbox 2145 4522 3713 4605">
     <span class='ocr_line' id='line_1_92' title="bbox 2145 4522 3713 4605; baseline 0 -25"><span class='ocrx_word' id='word_1_614' title='bbox 2145 4524 2549 4595; x_wconf 84' lang='lat' dir='ltr'><strong>refragarentur</strong></span> <span class='ocrx_word' id='word_1_615' title='bbox 2599 4524 2836 4605; x_wconf 89' lang='lat' dir='ltr'><strong>primum</strong></span> <span class='ocrx_word' id='word_1_616' title='bbox 2882 4522 3102 4592; x_wconf 88' lang='lat' dir='ltr'><strong>quidem</strong></span> <span class='ocrx_word' id='word_1_617' title='bbox 3141 4524 3337 4578; x_wconf 64' lang='lat' dir='ltr'><strong>divinae</strong></span> <span class='ocrx_word' id='word_1_618' title='bbox 3398 4524 3713 4593; x_wconf 69' lang='lat' dir='ltr'><strong>Scriptum,</strong></span> 
     </span>
    </p>
   </div>
   <div class='ocr_carea' id='block_1_92' title="bbox 470 4587 3716 4686">
    <p class='ocr_par' dir='ltr' id='par_1_92' title="bbox 470 4587 3716 4686">
     <span class='ocr_line' id='line_1_93' title="bbox 470 4587 3716 4686; baseline -0 -15"><span class='ocrx_word' id='word_1_619' title='bbox 470 4632 627 4683; x_wconf 91' lang='lat' dir='ltr'><strong>cere,</strong></span> <span class='ocrx_word' id='word_1_620' title='bbox 657 4631 758 4672; x_wconf 91' lang='lat' dir='ltr'><strong>nec</strong></span> <span class='ocrx_word' id='word_1_621' title='bbox 795 4616 951 4685; x_wconf 83' lang='lat' dir='ltr'><strong>plura</strong></span> <span class='ocrx_word' id='word_1_622' title='bbox 988 4611 1283 4668; x_wconf 88' lang='lat' dir='ltr'><strong>desiderari</strong></span> <span class='ocrx_word' id='word_1_623' title='bbox 1326 4609 1524 4667; x_wconf 90' lang='lat' dir='ltr'><strong>debere</strong></span> <span class='ocrx_word' id='word_1_624' title='bbox 1569 4616 1753 4680; x_wconf 88' lang='lat' dir='ltr'><strong>aperte</strong></span> <span class='ocrx_word' id='word_1_625' title='bbox 1802 4622 2047 4679; x_wconf 82' lang='lat' dir='ltr'><strong>pronun-</strong></span> <span class='ocrx_word' id='word_1_626' title='bbox 2076 4587 2121 4641; x_wconf 69' lang='grc' dir='ltr'>θ</span> <span class='ocrx_word' id='word_1_627' title='bbox 2151 4617 2383 4674; x_wconf 90' lang='lat' dir='ltr'><strong>fratrum</strong></span> <span class='ocrx_word' id='word_1_628' title='bbox 2431 4598 2794 4686; x_wconf 84' lang='lat' dir='ltr'><strong>quorumdam</strong></span> <span class='ocrx_word' id='word_1_629' title='bbox 2850 4587 3083 4683; x_wconf 78' lang='lat' dir='ltr'><strong>scripta,</strong></span> <span class='ocrx_word' id='word_1_630' title='bbox 3106 4614 3341 4671; x_wconf 82' lang='lat' dir='ltr'><strong>Victoris</strong></span> <span class='ocrx_word' id='word_1_631' title='bbox 3389 4587 3546 4673; x_wconf 67' lang='lat' dir='ltr'><strong>aetate</strong></span> <span class='ocrx_word' id='word_1_632' title='bbox 3576 4587 3716 4673; x_wconf 41' lang='lat' dir='ltr'><strong>antis</strong></span> 
     </span>
    </p>
   </div>
   <div class='ocr_carea' id='block_1_93' title="bbox 471 4719 592 4763">
    <p class='ocr_par' dir='ltr' id='par_1_93' title="bbox 471 4719 592 4763">
     <span class='ocr_line' id='line_1_94' title="bbox 471 4719 592 4763; baseline 0 -1"><span class='ocrx_word' id='word_1_633' title='bbox 471 4719 592 4763; x_wconf 72' lang='grc' dir='ltr'><strong>ιιειῐ.</strong></span> 
     </span>
    </p>
   </div>
   <div class='ocr_carea' id='block_1_94' title="bbox 543 4789 2042 4863">
    <p class='ocr_par' dir='ltr' id='par_1_94' title="bbox 543 4789 2042 4863">
     <span class='ocr_line' id='line_1_95' title="bbox 543 4789 2042 4863; baseline -0.007 -9"><span class='ocrx_word' id='word_1_634' title='bbox 543 4798 727 4854; x_wconf 87' lang='lat' dir='ltr'><strong>Tertia</strong></span> <span class='ocrx_word' id='word_1_635' title='bbox 749 4795 933 4852; x_wconf 83' lang='lat' dir='ltr'><strong>Dallaei</strong></span> <span class='ocrx_word' id='word_1_636' title='bbox 964 4794 1104 4849; x_wconf 91' lang='lat' dir='ltr'><strong>ratio</strong></span> <span class='ocrx_word' id='word_1_637' title='bbox 1134 4792 1328 4863; x_wconf 88' lang='lat' dir='ltr'><strong>positis</strong></span> <span class='ocrx_word' id='word_1_638' title='bbox 1364 4793 1633 4849; x_wconf 80' lang='lat' dir='ltr'><strong>duntaxat</strong></span> <span class='ocrx_word' id='word_1_639' title='bbox 1654 4801 1779 4847; x_wconf 89' lang='lat' dir='ltr'><strong>ante</strong></span> <span class='ocrx_word' id='word_1_640' title='bbox 1794 4789 2042 4846; x_wconf 91' lang='lat' dir='ltr'><strong>omnium</strong></span> 
     </span>
    </p>
   </div>
   <div class='ocr_carea' id='block_1_95' title="bbox 470 4883 2045 4956">
    <p class='ocr_par' dir='ltr' id='par_1_95' title="bbox 470 4883 2045 4956">
     <span class='ocr_line' id='line_1_96' title="bbox 470 4883 2045 4956; baseline -0.006 -7"><span class='ocrx_word' id='word_1_641' title='bbox 470 4893 662 4949; x_wconf 86' lang='lat' dir='ltr'><strong>oculos</strong></span> <span class='ocrx_word' id='word_1_642' title='bbox 697 4887 1018 4946; x_wconf 88' lang='lat' dir='ltr'><strong>Tertulliani</strong></span> <span class='ocrx_word' id='word_1_643' title='bbox 1055 4886 1237 4942; x_wconf 88' lang='lat' dir='ltr'><strong>verbis</strong></span> <span class='ocrx_word' id='word_1_644' title='bbox 1276 4886 1421 4942; x_wconf 92' lang='lat' dir='ltr'><strong>illico</strong></span> <span class='ocrx_word' id='word_1_645' title='bbox 1446 4885 1770 4956; x_wconf 86' lang='lat' dir='ltr'><strong>exploditur.</strong></span> <span class='ocrx_word' id='word_1_646' title='bbox 1797 4883 1873 4939; x_wconf 86' lang='lat' dir='ltr'><strong>Ita</strong></span> <span class='ocrx_word' id='word_1_647' title='bbox 1900 4884 2045 4939; x_wconf 91' lang='lat' dir='ltr'><strong>enim</strong></span> 
     </span>
    </p>
   </div>
   <div class='ocr_carea' id='block_1_96' title="bbox 472 4975 2046 5048">
    <p class='ocr_par' dir='ltr' id='par_1_96' title="bbox 472 4975 2046 5048">
     <span class='ocr_line' id='line_1_97' title="bbox 472 4975 2046 5048; baseline -0.004 -9"><span class='ocrx_word' id='word_1_648' title='bbox 472 4984 563 5040; x_wconf 81' lang='lat' dir='ltr'><strong>ille</strong></span> <span class='ocrx_word' id='word_1_649' title='bbox 590 5001 607 5039; x_wconf 89' lang='lat'><strong>:</strong></span> <span class='ocrx_word' id='word_1_650' title='bbox 637 5002 655 5036; x_wconf 71' lang='grc' dir='ltr'><strong><em>ι</em></strong></span> <span class='ocrx_word' id='word_1_651' title='bbox 679 4982 919 5046; x_wconf 81' lang='lat' dir='ltr'><strong>Desinat,</strong></span> <span class='ocrx_word' id='word_1_652' title='bbox 942 4979 1197 5048; x_wconf 76' lang='lat' dir='ltr'><strong>inquit“,</strong></span> <span class='ocrx_word' id='word_1_653' title='bbox 1228 4993 1376 5033; x_wconf 89' lang='lat' dir='ltr'><strong>nunc</strong></span> <span class='ocrx_word' id='word_1_654' title='bbox 1405 4978 1781 5033; x_wconf 59' lang='lat' dir='ltr'><strong>haereticus...</strong></span> <span class='ocrx_word' id='word_1_655' title='bbox 1811 4975 2046 5033; x_wconf 84' lang='lat' dir='ltr'><strong>aJudaeo</strong></span> 
     </span>
    </p>
   </div>
   <div class='ocr_carea' id='block_1_97' title="bbox 475 5068 2039 5144">
    <p class='ocr_par' dir='ltr' id='par_1_97' title="bbox 475 5068 2039 5144">
     <span class='ocr_line' id='line_1_98' title="bbox 475 5068 2039 5144; baseline -0.006 -13"><span class='ocrx_word' id='word_1_656' title='bbox 475 5075 713 5131; x_wconf 87' lang='lat' dir='ltr'><strong>mutuari</strong></span> <span class='ocrx_word' id='word_1_657' title='bbox 745 5072 1068 5144; x_wconf 90' lang='lat' dir='ltr'><strong>phantasma</strong></span> <span class='ocrx_word' id='word_1_658' title='bbox 1091 5070 1375 5127; x_wconf 77' lang='lat' dir='ltr'><strong>vindicans</strong></span> <span class='ocrx_word' id='word_1_659' title='bbox 1403 5069 1716 5135; x_wconf 82' lang='lat' dir='ltr'><strong>Christum;</strong></span> <span class='ocrx_word' id='word_1_660' title='bbox 1762 5068 1867 5124; x_wconf 90' lang='lat' dir='ltr'><strong>nisi</strong></span> <span class='ocrx_word' id='word_1_661' title='bbox 1893 5068 2039 5138; x_wconf 91' lang='lat' dir='ltr'><strong>quod</strong></span> 
     </span>
    </p>
   </div>
   <div class='ocr_carea' id='block_1_98' title="bbox 473 5162 2044 5233">
    <p class='ocr_par' dir='ltr' id='par_1_98' title="bbox 473 5162 2044 5233">
     <span class='ocr_line' id='line_1_99' title="bbox 473 5162 2044 5233; baseline -0.007 -8"><span class='ocrx_word' id='word_1_662' title='bbox 473 5178 530 5225; x_wconf 92' lang='lat' dir='ltr'><strong>et</strong></span> <span class='ocrx_word' id='word_1_663' title='bbox 552 5168 654 5222; x_wconf 90' lang='lat' dir='ltr'><strong>ista</strong></span> <span class='ocrx_word' id='word_1_664' title='bbox 680 5162 950 5221; x_wconf 89' lang='lat' dir='ltr'><strong>sententia</strong></span> <span class='ocrx_word' id='word_1_665' title='bbox 972 5164 1109 5220; x_wconf 93' lang='lat' dir='ltr'><strong>alios</strong></span> <span class='ocrx_word' id='word_1_666' title='bbox 1130 5162 1352 5219; x_wconf 89' lang='lat' dir='ltr'><strong>habebit</strong></span> <span class='ocrx_word' id='word_1_667' title='bbox 1369 5170 1624 5218; x_wconf 87' lang='lat' dir='ltr'><strong>auctores</strong></span> <span class='ocrx_word' id='word_1_668' title='bbox 1648 5176 1968 5233; x_wconf 71' lang='lat' dir='ltr'><strong>prtecoquos</strong></span> <span class='ocrx_word' id='word_1_669' title='bbox 1990 5168 2044 5214; x_wconf 93' lang='lat' dir='ltr'><strong>et</strong></span> 
     </span>
    </p>
   </div>
   <div class='ocr_carea' id='block_1_99' title="bbox 476 5254 2045 5327">
    <p class='ocr_par' dir='ltr' id='par_1_99' title="bbox 476 5254 2045 5327">
     <span class='ocr_line' id='line_1_100' title="bbox 476 5254 2045 5327; baseline -0.006 -10"><span class='ocrx_word' id='word_1_670' title='bbox 476 5260 755 5317; x_wconf 88' lang='lat' dir='ltr'><strong>abortivos</strong></span> <span class='ocrx_word' id='word_1_671' title='bbox 778 5257 1181 5327; x_wconf 89' lang='lat' dir='ltr'><strong>quodammodo</strong></span> <span class='ocrx_word' id='word_1_672' title='bbox 1205 5256 1572 5319; x_wconf 86' lang='lat' dir='ltr'><strong>Marcionitas,</strong></span> <span class='ocrx_word' id='word_1_673' title='bbox 1602 5270 1741 5325; x_wconf 90' lang='lat' dir='ltr'><strong>quos</strong></span> <span class='ocrx_word' id='word_1_674' title='bbox 1764 5254 2045 5323; x_wconf 90' lang='lat' dir='ltr'><strong>apostolus</strong></span> 
     </span>
    </p>
   </div>
   <div class='ocr_carea' id='block_1_100' title="bbox 475 5346 2045 5419">
    <p class='ocr_par' dir='ltr' id='par_1_100' title="bbox 475 5346 2045 5419">
     <span class='ocr_line' id='line_1_101' title="bbox 475 5346 2045 5419; baseline -0.005 -12"><span class='ocrx_word' id='word_1_675' title='bbox 475 5352 717 5407; x_wconf 80' lang='lat' dir='ltr'><strong>Joannes</strong></span> <span class='ocrx_word' id='word_1_676' title='bbox 747 5348 1113 5405; x_wconf 86' lang='lat' dir='ltr'><strong>Antichristos</strong></span> <span class='ocrx_word' id='word_1_677' title='bbox 1157 5348 1548 5419; x_wconf 89' lang='lat' dir='ltr'><strong>pronuntiavit.</strong></span> <span class='ocrx_word' id='word_1_678' title='bbox 1583 5366 1601 5400; x_wconf 70' lang='grc' dir='ltr'><strong>ι</strong></span> <span class='ocrx_word' id='word_1_679' title='bbox 1631 5347 1765 5412; x_wconf 89' lang='lat' dir='ltr'><strong>Quis</strong></span> <span class='ocrx_word' id='word_1_680' title='bbox 1806 5346 1950 5401; x_wconf 92' lang='lat' dir='ltr'><strong>enim</strong></span> <span class='ocrx_word' id='word_1_681' title='bbox 1978 5361 2045 5399; x_wconf 82' lang='lat' dir='ltr'><strong>ex</strong></span> 
     </span>
    </p>
   </div>
   <div class='ocr_carea' id='block_1_101' title="bbox 480 5439 2044 5511">
    <p class='ocr_par' dir='ltr' id='par_1_101' title="bbox 480 5439 2044 5511">
     <span class='ocr_line' id='line_1_102' title="bbox 480 5439 2044 5511; baseline -0.006 -11"><span class='ocrx_word' id='word_1_682' title='bbox 480 5445 566 5499; x_wconf 90' lang='lat' dir='ltr'><strong>his</strong></span> <span class='ocrx_word' id='word_1_683' title='bbox 588 5442 748 5498; x_wconf 90' lang='lat' dir='ltr'><strong>facile</strong></span> <span class='ocrx_word' id='word_1_684' title='bbox 775 5457 885 5497; x_wconf 89' lang='lat' dir='ltr'><strong>non</strong></span> <span class='ocrx_word' id='word_1_685' title='bbox 914 5441 1179 5511; x_wconf 84' lang='lat' dir='ltr'><strong>intelligat</strong></span> <span class='ocrx_word' id='word_1_686' title='bbox 1225 5441 1371 5496; x_wconf 89' lang='lat' dir='ltr'><strong>aliud</strong></span> <span class='ocrx_word' id='word_1_687' title='bbox 1399 5439 1722 5495; x_wconf 89' lang='lat' dir='ltr'><strong>Tertulliani</strong></span> <span class='ocrx_word' id='word_1_688' title='bbox 1757 5439 2044 5493; x_wconf 92' lang='lat' dir='ltr'><strong>consilium</strong></span> 
     </span>
    </p>
   </div>
   <div class='ocr_carea' id='block_1_102' title="bbox 478 5532 2049 5605">
    <p class='ocr_par' dir='ltr' id='par_1_102' title="bbox 478 5532 2049 5605">
     <span class='ocr_line' id='line_1_103' title="bbox 478 5532 2049 5605; baseline -0.004 -14"><span class='ocrx_word' id='word_1_689' title='bbox 478 5553 588 5591; x_wconf 89' lang='lat' dir='ltr'><strong>non</strong></span> <span class='ocrx_word' id='word_1_690' title='bbox 617 5535 806 5602; x_wconf 89' lang='lat' dir='ltr'><strong>fuisse,</strong></span> <span class='ocrx_word' id='word_1_691' title='bbox 840 5550 1002 5605; x_wconf 90' lang='lat' dir='ltr'><strong>quam</strong></span> <span class='ocrx_word' id='word_1_692' title='bbox 1051 5546 1172 5589; x_wconf 87' lang='lat' dir='ltr'><strong>uta</strong></span> <span class='ocrx_word' id='word_1_693' title='bbox 1202 5533 1424 5590; x_wconf 80' lang='lat' dir='ltr'><strong>Joannis</strong></span> <span class='ocrx_word' id='word_1_694' title='bbox 1467 5542 1708 5602; x_wconf 89' lang='lat' dir='ltr'><strong>tempore</strong></span> <span class='ocrx_word' id='word_1_695' title='bbox 1763 5532 2049 5587; x_wconf 77' lang='lat' dir='ltr'><strong>lnereticos</strong></span> 
     </span>
    </p>
   </div>
   <div class='ocr_carea' id='block_1_103' title="bbox 480 5623 2049 5697">
    <p class='ocr_par' dir='ltr' id='par_1_103' title="bbox 480 5623 2049 5697">
     <span class='ocr_line' id='line_1_104' title="bbox 480 5623 2049 5697; baseline -0.003 -14"><span class='ocrx_word' id='word_1_696' title='bbox 480 5625 922 5684; x_wconf 79' lang='lat' dir='ltr'><strong>Marcionitarum</strong></span> <span class='ocrx_word' id='word_1_697' title='bbox 941 5643 1305 5697; x_wconf 67' lang='lat' dir='ltr'><strong>prazcursores</strong></span> <span class='ocrx_word' id='word_1_698' title='bbox 1323 5626 1617 5693; x_wconf 83' lang='lat' dir='ltr'><strong>exstitisse,</strong></span> <span class='ocrx_word' id='word_1_699' title='bbox 1640 5633 1803 5694; x_wconf 85' lang='lat' dir='ltr'><strong>atque</strong></span> <span class='ocrx_word' id='word_1_700' title='bbox 1828 5623 1949 5678; x_wconf 89' lang='lat' dir='ltr'><strong>illos</strong></span> <span class='ocrx_word' id='word_1_701' title='bbox 1979 5624 2049 5678; x_wconf 87' lang='lat' dir='ltr'><strong>ab</strong></span> 
     </span>
    </p>
   </div>
   <div class='ocr_carea' id='block_1_104' title="bbox 554 5860 1141 5919">
    <p class='ocr_par' dir='ltr' id='par_1_104' title="bbox 554 5860 1141 5919">
     <span class='ocr_line' id='line_1_105' title="bbox 554 5860 1141 5919; baseline -0.002 -2"><span class='ocrx_word' id='word_1_702' title='bbox 554 5861 599 5894; x_wconf 84' lang='lat'>&quot;</span> <span class='ocrx_word' id='word_1_703' title='bbox 631 5860 740 5918; x_wconf 90' lang='lat' dir='ltr'><strong>loc.</strong></span> <span class='ocrx_word' id='word_1_704' title='bbox 774 5862 868 5918; x_wconf 87' lang='lat' dir='ltr'><strong>cit.</strong></span> <span class='ocrx_word' id='word_1_705' title='bbox 944 5868 985 5899; x_wconf 70' lang='grc'><strong>³⁸</strong></span> <span class='ocrx_word' id='word_1_706' title='bbox 1006 5861 1141 5919; x_wconf 88' lang='lat' dir='ltr'><strong>lhid.</strong></span> 
     </span>
    </p>
   </div>
   <div class='ocr_carea' id='block_1_105' title="bbox 2150 4707 3717 4783">
    <p class='ocr_par' dir='ltr' id='par_1_105' title="bbox 2150 4707 3717 4783">
     <span class='ocr_line' id='line_1_106' title="bbox 2150 4707 3717 4783; baseline 0.001 -18"><span class='ocrx_word' id='word_1_707' title='bbox 2150 4710 2366 4783; x_wconf 90' lang='lat' dir='ltr'><strong>quiora,</strong></span> <span class='ocrx_word' id='word_1_708' title='bbox 2394 4724 2516 4779; x_wconf 77' lang='lat' dir='ltr'><strong>qua:</strong></span> <span class='ocrx_word' id='word_1_709' title='bbox 2542 4709 2620 4763; x_wconf 91' lang='lat' dir='ltr'><strong>illi</strong></span> <span class='ocrx_word' id='word_1_710' title='bbox 2649 4707 2913 4763; x_wconf 86' lang='lat' dir='ltr'><strong>adversus</strong></span> <span class='ocrx_word' id='word_1_711' title='bbox 2935 4718 3143 4779; x_wconf 77' lang='lat' dir='ltr'><strong>gentes,</strong></span> <span class='ocrx_word' id='word_1_712' title='bbox 3170 4718 3224 4763; x_wconf 90' lang='lat' dir='ltr'><strong>et</strong></span> <span class='ocrx_word' id='word_1_713' title='bbox 3247 4719 3434 4763; x_wconf 81' lang='lat' dir='ltr'><strong>contra</strong></span> <span class='ocrx_word' id='word_1_714' title='bbox 3464 4711 3547 4765; x_wconf 91' lang='lat' dir='ltr'><strong>sui</strong></span> <span class='ocrx_word' id='word_1_715' title='bbox 3580 4720 3717 4766; x_wconf 87' lang='lat' dir='ltr'><strong>tem-</strong></span> 
     </span>
    </p>
   </div>
   <div class='ocr_carea' id='block_1_106' title="bbox 2150 4796 3713 4870">
    <p class='ocr_par' dir='ltr' id='par_1_106' title="bbox 2150 4796 3713 4870">
     <span class='ocr_line' id='line_1_107' title="bbox 2150 4796 3713 4870; baseline 0.003 -19"><span class='ocrx_word' id='word_1_716' title='bbox 2150 4797 2301 4868; x_wconf 90' lang='lat' dir='ltr'><strong>poris</strong></span> <span class='ocrx_word' id='word_1_717' title='bbox 2325 4798 2607 4852; x_wconf 62' lang='lat' dir='ltr'><strong>haereticos</strong></span> <span class='ocrx_word' id='word_1_718' title='bbox 2624 4812 2723 4866; x_wconf 87' lang='lat' dir='ltr'><strong>pro</strong></span> <span class='ocrx_word' id='word_1_719' title='bbox 2752 4796 2999 4852; x_wconf 88' lang='lat' dir='ltr'><strong>veritatis</strong></span> <span class='ocrx_word' id='word_1_720' title='bbox 3018 4796 3333 4853; x_wconf 91' lang='lat' dir='ltr'><strong>defensione</strong></span> <span class='ocrx_word' id='word_1_721' title='bbox 3361 4802 3713 4870; x_wconf 91' lang='lat' dir='ltr'><strong>scripserunt,</strong></span> 
     </span>
    </p>
   </div>
   <div class='ocr_carea' id='block_1_107' title="bbox 2148 4888 3719 4959">
    <p class='ocr_par' dir='ltr' id='par_1_107' title="bbox 2148 4888 3719 4959">
     <span class='ocr_line' id='line_1_108' title="bbox 2148 4888 3719 4959; baseline 0.002 -14"><span class='ocrx_word' id='word_1_722' title='bbox 2148 4888 2426 4945; x_wconf 79' lang='lat' dir='ltr'><strong>Justinum</strong></span> <span class='ocrx_word' id='word_1_723' title='bbox 2460 4888 2725 4959; x_wconf 83' lang='lat' dir='ltr'><strong>intelligo,</strong></span> <span class='ocrx_word' id='word_1_724' title='bbox 2753 4898 2809 4944; x_wconf 90' lang='lat' dir='ltr'><strong>et</strong></span> <span class='ocrx_word' id='word_1_725' title='bbox 2842 4888 3169 4955; x_wconf 82' lang='lat' dir='ltr'><strong>Miltiadem,</strong></span> <span class='ocrx_word' id='word_1_726' title='bbox 3198 4898 3253 4945; x_wconf 92' lang='lat' dir='ltr'><strong>ct</strong></span> <span class='ocrx_word' id='word_1_727' title='bbox 3294 4890 3607 4959; x_wconf 92' lang='lat' dir='ltr'><strong>Tatianum,</strong></span> <span class='ocrx_word' id='word_1_728' title='bbox 3652 4909 3719 4949; x_wconf 89' lang='lat' dir='ltr'><strong>ac</strong></span> 
     </span>
    </p>
   </div>
   <div class='ocr_carea' id='block_1_108' title="bbox 2149 4981 3716 5053">
    <p class='ocr_par' dir='ltr' id='par_1_108' title="bbox 2149 4981 3716 5053">
     <span class='ocr_line' id='line_1_109' title="bbox 2149 4981 3716 5053; baseline 0.002 -16"><span class='ocrx_word' id='word_1_729' title='bbox 2149 4982 2504 5046; x_wconf 86' lang='lat' dir='ltr'><strong>Clementem,</strong></span> <span class='ocrx_word' id='word_1_730' title='bbox 2537 4981 2783 5049; x_wconf 87' lang='lat' dir='ltr'><strong>aliosque</strong></span> <span class='ocrx_word' id='word_1_731' title='bbox 2808 4982 3258 5051; x_wconf 89' lang='lat' dir='ltr'><strong>quamplurimos,</strong></span> <span class='ocrx_word' id='word_1_732' title='bbox 3300 4983 3354 5037; x_wconf 91' lang='lat' dir='ltr'><strong>in</strong></span> <span class='ocrx_word' id='word_1_733' title='bbox 3382 5000 3613 5053; x_wconf 89' lang='lat' dir='ltr'><strong>quorum</strong></span> <span class='ocrx_word' id='word_1_734' title='bbox 3646 4986 3716 5039; x_wconf 89' lang='lat' dir='ltr'><strong>li-</strong></span> 
     </span>
    </p>
   </div>
   <div class='ocr_carea' id='block_1_109' title="bbox 2144 5071 3712 5145">
    <p class='ocr_par' dir='ltr' id='par_1_109' title="bbox 2144 5071 3712 5145">
     <span class='ocr_line' id='line_1_110' title="bbox 2144 5071 3712 5145; baseline 0.002 -18"><span class='ocrx_word' id='word_1_735' title='bbox 2144 5072 2259 5127; x_wconf 89' lang='lat' dir='ltr'><strong>bris</strong></span> <span class='ocrx_word' id='word_1_736' title='bbox 2293 5071 2495 5127; x_wconf 86' lang='lat' dir='ltr'><strong>Christi</strong></span> <span class='ocrx_word' id='word_1_737' title='bbox 2544 5072 2800 5128; x_wconf 89' lang='lat' dir='ltr'><strong>divinitas</strong></span> <span class='ocrx_word' id='word_1_738' title='bbox 2857 5074 3143 5128; x_wconf 87' lang='lat' dir='ltr'><strong>asseritur.</strong></span> <span class='ocrx_word' id='word_1_739' title='bbox 3182 5072 3318 5129; x_wconf 87' lang='lat' dir='ltr'><strong>Nam</strong></span> <span class='ocrx_word' id='word_1_740' title='bbox 3369 5076 3557 5130; x_wconf 69' lang='lat' dir='ltr'><strong>lrenrei</strong></span> <span class='ocrx_word' id='word_1_741' title='bbox 3592 5078 3712 5145; x_wconf 87' lang='lat' dir='ltr'><strong>qui-</strong></span> 
     </span>
    </p>
   </div>
   <div class='ocr_carea' id='block_1_110' title="bbox 2144 5160 3716 5235">
    <p class='ocr_par' dir='ltr' id='par_1_110' title="bbox 2144 5160 3716 5235">
     <span class='ocr_line' id='line_1_111' title="bbox 2144 5160 3716 5235; baseline 0.004 -18"><span class='ocrx_word' id='word_1_742' title='bbox 2144 5162 2288 5228; x_wconf 91' lang='lat' dir='ltr'><strong>dem,</strong></span> <span class='ocrx_word' id='word_1_743' title='bbox 2314 5172 2369 5216; x_wconf 89' lang='lat' dir='ltr'><strong>et</strong></span> <span class='ocrx_word' id='word_1_744' title='bbox 2397 5160 2688 5225; x_wconf 85' lang='lat' dir='ltr'><strong>Melitonis,</strong></span> <span class='ocrx_word' id='word_1_745' title='bbox 2721 5171 2775 5217; x_wconf 86' lang='lat' dir='ltr'><strong>et</strong></span> <span class='ocrx_word' id='word_1_746' title='bbox 2818 5163 3155 5233; x_wconf 89' lang='lat' dir='ltr'><strong>reliquorum</strong></span> <span class='ocrx_word' id='word_1_747' title='bbox 3206 5164 3441 5233; x_wconf 83' lang='lat' dir='ltr'><strong>scripta,</strong></span> <span class='ocrx_word' id='word_1_748' title='bbox 3477 5168 3600 5235; x_wconf 88' lang='lat' dir='ltr'><strong>quis</strong></span> <span class='ocrx_word' id='word_1_749' title='bbox 3634 5180 3716 5224; x_wconf 86' lang='lat' dir='ltr'><strong>est</strong></span> 
     </span>
    </p>
   </div>
   <div class='ocr_carea' id='block_1_111' title="bbox 2147 5254 3716 5324">
    <p class='ocr_par' dir='ltr' id='par_1_111' title="bbox 2147 5254 3716 5324">
     <span class='ocr_line' id='line_1_112' title="bbox 2147 5254 3716 5324; baseline 0.005 -16"><span class='ocrx_word' id='word_1_750' title='bbox 2147 5254 2243 5324; x_wconf 90' lang='lat' dir='ltr'><strong>qui</strong></span> <span class='ocrx_word' id='word_1_751' title='bbox 2280 5254 2525 5323; x_wconf 81' lang='lat' dir='ltr'><strong>ignoret,</strong></span> <span class='ocrx_word' id='word_1_752' title='bbox 2565 5256 2620 5309; x_wconf 93' lang='lat' dir='ltr'><strong>in</strong></span> <span class='ocrx_word' id='word_1_753' title='bbox 2660 5256 2860 5323; x_wconf 89' lang='lat' dir='ltr'><strong>quibus</strong></span> <span class='ocrx_word' id='word_1_754' title='bbox 2894 5256 3171 5312; x_wconf 88' lang='lat' dir='ltr'><strong>Christum</strong></span> <span class='ocrx_word' id='word_1_755' title='bbox 3216 5254 3385 5310; x_wconf 88' lang='lat' dir='ltr'><strong>Deum</strong></span> <span class='ocrx_word' id='word_1_756' title='bbox 3436 5261 3599 5314; x_wconf 86' lang='lat' dir='ltr'><strong>simul</strong></span> <span class='ocrx_word' id='word_1_757' title='bbox 3652 5277 3716 5316; x_wconf 86' lang='lat' dir='ltr'><strong>ac</strong></span> 
     </span>
    </p>
   </div>
   <div class='ocr_carea' id='block_1_112' title="bbox 2149 5346 3712 5421">
    <p class='ocr_par' dir='ltr' id='par_1_112' title="bbox 2149 5346 3712 5421">
     <span class='ocr_line' id='line_1_113' title="bbox 2149 5346 3712 5421; baseline 0.004 -22"><span class='ocrx_word' id='word_1_758' title='bbox 2149 5346 2424 5401; x_wconf 91' lang='lat' dir='ltr'><strong>hominem</strong></span> <span class='ocrx_word' id='word_1_759' title='bbox 2475 5347 3122 5419; x_wconf 62' lang='lat' dir='ltr'><strong>pratdicarunt?»Atqui,</strong></span> <span class='ocrx_word' id='word_1_760' title='bbox 3165 5351 3341 5421; x_wconf 90' lang='lat' dir='ltr'><strong>inquit</strong></span> <span class='ocrx_word' id='word_1_761' title='bbox 3377 5351 3643 5415; x_wconf 74' lang='lat' dir='ltr'><strong>Dallreus,</strong></span> <span class='ocrx_word' id='word_1_762' title='bbox 3668 5354 3712 5407; x_wconf 90' lang='lat' dir='ltr'><strong>si</strong></span> 
     </span>
    </p>
   </div>
   <div class='ocr_carea' id='block_1_113' title="bbox 2150 5437 3717 5510">
    <p class='ocr_par' dir='ltr' id='par_1_113' title="bbox 2150 5437 3717 5510">
     <span class='ocr_line' id='line_1_114' title="bbox 2150 5437 3717 5510; baseline 0.004 -17"><span class='ocrx_word' id='word_1_763' title='bbox 2150 5437 2315 5494; x_wconf 91' lang='lat' dir='ltr'><strong>Caius</strong></span> <span class='ocrx_word' id='word_1_764' title='bbox 2360 5440 2618 5508; x_wconf 87' lang='lat' dir='ltr'><strong>epistolas</strong></span> <span class='ocrx_word' id='word_1_765' title='bbox 2658 5456 2797 5510; x_wconf 89' lang='lat' dir='ltr'><strong>quas</strong></span> <span class='ocrx_word' id='word_1_766' title='bbox 2853 5440 3218 5507; x_wconf 90' lang='lat' dir='ltr'><strong>defendimus,</strong></span> <span class='ocrx_word' id='word_1_767' title='bbox 3263 5444 3353 5498; x_wconf 87' lang='lat' dir='ltr'><strong>ubi</strong></span> <span class='ocrx_word' id='word_1_768' title='bbox 3403 5445 3717 5499; x_wconf 88' lang='lat' dir='ltr'><strong>Artemonis</strong></span> 
     </span>
    </p>
   </div>
   <div class='ocr_carea' id='block_1_114' title="bbox 2149 5530 3717 5605">
    <p class='ocr_par' dir='ltr' id='par_1_114' title="bbox 2149 5530 3717 5605">
     <span class='ocr_line' id='line_1_115' title="bbox 2149 5530 3717 5605; baseline 0.004 -22"><span class='ocrx_word' id='word_1_769' title='bbox 2149 5530 2374 5585; x_wconf 66' lang='lat' dir='ltr'><strong>haeresis</strong></span> <span class='ocrx_word' id='word_1_770' title='bbox 2398 5531 2678 5600; x_wconf 84' lang='lat' dir='ltr'><strong>splendide</strong></span> <span class='ocrx_word' id='word_1_771' title='bbox 2708 5531 3045 5597; x_wconf 86' lang='lat' dir='ltr'><strong>confutatur,</strong></span> <span class='ocrx_word' id='word_1_772' title='bbox 3079 5534 3149 5589; x_wconf 88' lang='lat' dir='ltr'><strong>ab</strong></span> <span class='ocrx_word' id='word_1_773' title='bbox 3187 5533 3393 5605; x_wconf 81' lang='lat' dir='ltr'><strong>lgnatio</strong></span> <span class='ocrx_word' id='word_1_774' title='bbox 3447 5536 3717 5605; x_wconf 80' lang='lat' dir='ltr'><strong>profectas</strong></span> 
     </span>
    </p>
   </div>
   <div class='ocr_carea' id='block_1_115' title="bbox 2148 5626 3717 5696">
    <p class='ocr_par' dir='ltr' id='par_1_115' title="bbox 2148 5626 3717 5696">
     <span class='ocr_line' id='line_1_116' title="bbox 2148 5626 3717 5696; baseline 0.002 -16"><span class='ocrx_word' id='word_1_775' title='bbox 2148 5640 2269 5680; x_wconf 87' lang='lat' dir='ltr'><strong>esse</strong></span> <span class='ocrx_word' id='word_1_776' title='bbox 2312 5626 2641 5692; x_wconf 85' lang='lat' dir='ltr'><strong>rescivisset,</strong></span> <span class='ocrx_word' id='word_1_777' title='bbox 2681 5626 2760 5681; x_wconf 90' lang='lat' dir='ltr'><strong>cis</strong></span> <span class='ocrx_word' id='word_1_778' title='bbox 2810 5626 2999 5696; x_wconf 75' lang='lat' dir='ltr'><strong>procul</strong></span> <span class='ocrx_word' id='word_1_779' title='bbox 3042 5627 3208 5684; x_wconf 85' lang='lat' dir='ltr'><strong>dubio</strong></span> <span class='ocrx_word' id='word_1_780' title='bbox 3256 5630 3490 5689; x_wconf 82' lang='lat' dir='ltr'><strong>primum</strong></span> <span class='ocrx_word' id='word_1_781' title='bbox 3516 5630 3569 5682; x_wconf 91' lang='lat' dir='ltr'><strong>in</strong></span> <span class='ocrx_word' id='word_1_782' title='bbox 3616 5630 3717 5683; x_wconf 77' lang='lat' dir='ltr'><strong>hoc</strong></span> 
     </span>
    </p>
   </div>
   <div class='ocr_carea' id='block_1_116' title="bbox 1232 5848 3573 5930">
    <p class='ocr_par' dir='ltr' id='par_1_116' title="bbox 1232 5848 3573 5930">
     <span class='ocr_line' id='line_1_117' title="bbox 1232 5848 3573 5930; baseline -0.005 -16"><span class='ocrx_word' id='word_1_783' title='bbox 1232 5862 1272 5893; x_wconf 79' lang='grc'><strong>³⁷</strong></span> <span class='ocrx_word' id='word_1_784' title='bbox 1308 5861 1401 5915; x_wconf 90' lang='lat' dir='ltr'><strong>lib.</strong></span> <span class='ocrx_word' id='word_1_785' title='bbox 1442 5859 1511 5912; x_wconf 83' lang='lat' dir='ltr'><strong>De</strong></span> <span class='ocrx_word' id='word_1_786' title='bbox 1537 5858 1779 5929; x_wconf 72' lang='lat' dir='ltr'><strong>pudicit.,</strong></span> <span class='ocrx_word' id='word_1_787' title='bbox 1806 5874 1926 5930; x_wconf 83' lang='lat' dir='ltr'><strong>cap.</strong></span> <span class='ocrx_word' id='word_1_788' title='bbox 1964 5858 2045 5913; x_wconf 87' lang='grc'><strong>10.</strong></span> <span class='ocrx_word' id='word_1_789' title='bbox 2126 5859 2167 5889; x_wconf 70' lang='grc'><strong>³³</strong></span> <span class='ocrx_word' id='word_1_790' title='bbox 2202 5875 2319 5927; x_wconf 83' lang='lat' dir='ltr'><strong>cap.</strong></span> <span class='ocrx_word' id='word_1_791' title='bbox 2353 5860 2403 5925; x_wconf 78' lang='lat'><strong>9,</strong></span> <span class='ocrx_word' id='word_1_792' title='bbox 2436 5874 2555 5928; x_wconf 76' lang='lat' dir='ltr'><strong>pag.</strong></span> <span class='ocrx_word' id='word_1_793' title='bbox 2584 5856 2709 5911; x_wconf 70' lang='lat'><strong>9.80.</strong></span> <span class='ocrx_word' id='word_1_794' title='bbox 2788 5857 2829 5886; x_wconf 65' lang='lat'><strong>3“</strong></span> <span class='ocrx_word' id='word_1_795' title='bbox 2866 5853 3090 5918; x_wconf 88' lang='lat' dir='ltr'><strong>Euscb.,</strong></span> <span class='ocrx_word' id='word_1_796' title='bbox 3124 5854 3218 5907; x_wconf 89' lang='lat' dir='ltr'><strong>lib.</strong></span> <span class='ocrx_word' id='word_1_797' title='bbox 3248 5868 3299 5920; x_wconf 82' lang='grc' dir='ltr'><strong><em>ν,</em></strong></span> <span class='ocrx_word' id='word_1_798' title='bbox 3331 5867 3447 5920; x_wconf 76' lang='lat' dir='ltr'><strong>cap.</strong></span> <span class='ocrx_word' id='word_1_799' title='bbox 3482 5848 3573 5904; x_wconf 77' lang='lat'><strong>‘28.</strong></span> 
     </span>
    </p>
   </div>
  </div>
