4138 6412
388 356 491 411 ⁸313

1372 342 1437 396 D.
1478 338 1768 397 NOURBII
1808 333 2292 393 DlSSERTATlO.
2330 364 2399 376 -—
2437 336 2620 391 PARS
2656 335 2698 389 1.

3553 335 3657 390 5η

385 475 698 543 fragmento
744 469 983 525 dedisset
1039 466 1240 521 locum.
1291 463 1490 519 Verum
1538 475 1598 518 ut
1659 464 1976 517 omittamus
2005 461 2163 520 Avcl
2191 476 2379 514 errore
2406 460 2491 514 vel
2528 458 2885 527 incogitantia
2941 456 3029 510 vel
3080 452 3356 509 memoria:
3384 454 3540 523 lapsu
3591 455 3661 509 ab

380 566 580 618 Caium
632 568 927 631 postquam
986 559 1069 611 hae
1112 555 1305 625 lgnatii
1338 554 1617 624 epistolze,
1654 553 1811 623 juxta
1860 550 1980 604 Sal-

385 655 572 722 masii,
608 653 877 709 Blondelli
909 660 964 707 et
989 650 1276 715 Albertini,
1301 656 1359 702 ut
1377 649 1639 712 diximus,
1665 647 1979 716 Opinionem

389 751 443 802 in
473 747 677 817 vulgus
718 745 1068 815 prodierant,
1112 741 1273 797 tertio
1312 739 1564 796 ﬂoruisse
1610 739 1845 802 saeculo;
1896 753 1981 791 re.

391 842 738 909 spondemus
784 840 887 893 hac
917 833 1388 907 argumentatione
1416 832 1551 886 nihil
1587 847 1750 902 posse
1786 831 1981 885 conﬁci

406 932 514 987 nisi
543 931 697 1001 prius
712 930 905 985 Caium
938 931 1005 984 ad
1037 926 1230 997 Ignatii
1252 924 1427 979 nostri
1456 924 1700 979 citandas
1721 923 1981 993 epistolas

403 1022 730 1077 necessitate
784 1021 968 1090 aliqua
1019 1020 1272 1073 adactum
1328 1014 1500 1069 fuisse
1553 1014 1977 1069 demonstretur.

395 1115 469 1169 At
497 1129 622 1168 cum
681 1112 804 1174 ille,
854 1108 1047 1179 paucis
1106 1103 1468 1175 scriptoribus
1516 1103 1980 1169 commemoratis,

397 1206 535 1261 alios
564 1202 1001 1275 quamplurimos
1030 1216 1089 1256 se
1114 1200 1529 1270 praetermisisse
1551 1205 1798 1261 testetur,
1832 1196 1981 1249 nulla

398 1297 627 1350 omnino
652 1294 721 1349 ad
755 1308 850 1348 eas
878 1293 1179 1349 laudandas
1208 1293 1530 1349 necessitate
1553 1306 1612 1347 se
1637 1290 1981 1360 compulsum

398 1390 572 1443 fuisse
604 1387 951 1457 apertissime
974 1385 1264 1456 signiﬁcat.

472 1481 644 1535 instat
698 1479 1005 1533 Dallasanus
1076 1476 1332 1532 defensor
1374 1494 1387 1530 :
1422 1474 1664 1546 lgnatius
1737 1472 1981 1527 omnium

402 1573 496 1644 qui
520 1590 551 1627 a
576 1573 708 1626 Caio
734 1577 1108 1625 memorantur
1137 1568 1419 1638 antiquior
1449 1576 1504 1622 et
1526 1564 1791 1622 celebrior
1822 1572 1939 1619 erat
1965 1580 1977 1615 :

402 1681 534 1736 ergo
570 1664 639 1717 ab
666 1677 731 1717 co
752 1662 941 1717 debuit
974 1661 1151 1716 citari.
1179 1660 1282 1716 Sed
1310 1660 1444 1717 falsa
1482 1668 1566 1714 est
1592 1674 1659 1712 ex
1680 1673 1810 1713 vero
1832 1666 1987 1711 aute-

408 1757 634 1812 cedente
681 1756 917 1809 deducta
955 1754 1368 1822 consequentia.
1424 1752 1614 1822 Neque
1647 1752 1792 1805 enim
1819 1751 1986 1807 Caius

2088 550 2283 621 lgnatii
2328 551 2585 620 Opinione
2629 548 2900 603 recedere.
2952 545 3122 600 Porro
3173 553 3356 600 autem
3402 545 3493 599 ille
3545 545 3662 614 ipse

2088 660 2247 714 quem
2297 643 2529 697 Dallaeus
2573 644 2750 695 virum
2811 654 3040 696 summae
3088 637 3413 692 eruditionis
3466 635 3664 691 merito

2088 737 2355 798 nominat,
2384 736 2597 789 nescire
2627 749 2733 787 non
2786 741 3004 803 poterat
3044 731 3226 800 plures
3256 731 3323 783 ab
3354 730 3511 783 initio
3534 744 3662 783 nas-

2087 827 2259 881 centis
2293 825 2551 880 Ecclesiae
2594 833 2744 878 ortas
2768 824 3025 878 haereses.
3076 822 3421 890 QuaprOpter
3462 821 3517 873 in
3566 819 3662 873 illo

2088 927 2421 989 opportuno,
2463 918 2623 972 sicuti
2652 917 2897 986 loquitur
2929 915 3158 969 Dallaeus
3187 957 3200 980 ,
3233 915 3355 968 loco
3385 929 3490 966 non
3515 913 3661 966 aliud

2089 1012 2275 1065 animo
2304 1008 2615 1063 intendebat
2642 1007 2911 1073 Clemens,
2949 1022 3112 1075 quam
3151 1015 3211 1058 ut
3239 1020 3333 1059 eos
3356 1004 3423 1058 de
3462 1003 3663 1072 quibus

2087 1103 2311 1157 disserit
2369 1100 2688 1163 haereticos,
2734 1114 2841 1152 non
2878 1106 3071 1159 tantae,
3119 1106 3383 1167 quantum
3430 1095 3466 1148 ii
3501 1094 3664 1163 jacti-

2086 1195 2295 1259 tabant,
2318 1190 2660 1261 antiquitatis
2686 1190 2857 1245 fuisse
2885 1189 3215 1243 ostenderet.
3259 1187 3339 1241 Ad
3386 1187 3437 1240 id
3483 1195 3664 1239 autem

2089 1284 2431 1355 probandum
2460 1282 2771 1338 necessaria
2818 1297 2929 1335 non
2972 1289 3091 1335 erat
3129 1279 3320 1348 lgnatii
3354 1278 3528 1333 nostri
3576 1292 3669 1329 au-

2088 1380 2224 1435 ctori
2234 1388 2335 1433 tas.

2162 1472 2339 1541 Atque
2374 1468 2465 1523 hic
2510 1467 2838 1521 terminatur
2873 1464 3188 1534 negativum
3224 1463 3665 1518 adversariorum

2090 1571 2498 1631 argumentum,
2529 1576 2559 1615 e
2586 1558 2913 1628 scriptorum
2945 1556 3013 1611 de
3062 1555 3253 1625 lgnatii
3302 1554 3550 1626 epistolis
3596 1555 3673 1609 si-

2093 1654 2264 1708 lentio
2286 1652 2547 1723 petitum:
2596 1648 2744 1719 quod
2787 1661 2988 1718 magno
3015 1647 3235 1716 quidem
3261 1647 3551 1700 verborum
3578 1659 3673 1714 ap-

2090 1755 2308 1815 paratu,
2334 1744 2584 1813 miraque
2619 1739 2897 1795 inutilium
2944 1738 3283 1809 argutiarum
3312 1753 3510 1807 pompa
3542 1751 3673 1789 ven—

406 1849 549 1904 dixit
579 1863 635 1902 se
666 1847 962 1916 scriptores
987 1817 1233 1899 omnium
1269 1817 1608 1915 antiquiores
1636 1853 1689 1898 et
1722 1843 1988 1898 celebrio-
2020 1817 2063 1872 Β
2094 1839 2269 1894 ditant
2305 1854 2317 1890 :
2356 1836 2452 1891 sed
2484 1835 2635 1890 nullo
2686 1834 2963 1888 rationum
3013 1831 3252 1900 pondere
3276 1872 3290 1897 ,
3316 1830 3465 1883 nulla
3514 1828 3675 1897 plane

412 1958 499 1996 res
529 1938 869 2009 appellasse;
903 1932 997 1987 sed
1020 1952 1038 1984 ι
1066 1934 1295 1990 fratrum
1334 1935 1702 2005 quorumdam
1762 1934 1987 2005 scripta,

425 2031 665 2086 Victoris
698 2036 857 2084 mtate
880 2028 1208 2101 antiquiora.
1236 2044 1255 2078 ›
1274 2026 1342 2082 At
1372 2036 1516 2082 certe
1547 2026 1671 2081 data
1702 2039 1868 2096 Opera
1897 2026 1994 2081 ad-

410 2125 547 2179 didit
583 2143 601 2174 ι
634 2120 1033 2192 quorumdam;
1068 2138 1087 2171 ι
1121 2127 1181 2174 ιιι
1208 2121 1313 2175 boc
1345 2119 1512 2175 verbo
1558 2119 1700 2181 inter
1722 2133 1818 2174 eos
1854 2134 1994 2189 quos

414 2216 624 2281 omisit,
668 2214 852 2284 plures
877 2210 1049 2268 fuisse
1076 2212 1168 2278 iis,
1198 2226 1337 2282 quos
1359 2210 1621 2278 laudavit,
1652 2211 1996 2281 antiquiores

412 2319 467 2364 et
495 2305 1040 2370 celebriores,nemo
1086 2302 1443 2358 inﬁciaretur.
1479 2302 1646 2357 Caius
1672 2302 1838 2373 igitur
1884 2316 1996 2355 non

418 2400 593 2470 magis
639 2396 897 2468 epistolas
937 2394 1131 2465 lgnatii
1169 2410 1333 2466 quam
1360 2394 1595 2450 aliorum
1622 2395 1846 2465 scripta,
1875 2409 1999 2465 quae

422 2507 530 2546 non
558 2490 766 2556 citavit,
800 2489 1079 2560 ignorasse
1108 2487 1374 2543 dicendus
1399 2494 1502 2542 est.

493 2604 511 2636 ι
542 2583 687 2637 Idem
713 2580 1073 2651 judicandum
1105 2579 1173 2633 de
1215 2578 1497 2634 Clemente
1542 2578 1934 2645 Alexandrino,
1974 2595 1994 2630 ι

415 2674 769 2747 prosequitur
819 2673 1053 2727 Dallaeus
1105 2672 1173 2723 ιο.
1231 2671 1289 2725 Si
1337 2670 1479 2725 idem
1527 2669 1885 2738 judicandum
1934 2669 2004 2725 de

417 2768 718 2830 Clemente,
762 2765 876 2835 jam
910 2764 1138 2834 ipsemet
1177 2763 1412 2819 Dallaeus
1443 2778 1610 2818 causa
1644 2777 1741 2817 sua
1783 2761 2001 2817 cecidit.

425 2859 606 2930 Ipsum
638 2868 818 2914 tamen
851 2858 1164 2913 audiamus.
1190 2856 1280 2910 Ait
1320 2856 1503 2925 itaque
1532 2855 1865 2909 Clementem
1912 2869 2007 2908 ve-

421 2953 793 3007 tustissimum
848 2965 971 3005 esse
1009 2958 1063 3004 et
1113 2948 1493 3004 doctissimum
1549 2948 1775 3003 secundi
1822 2946 2008 3003 saeculi

423 3044 714 3115 praecipitis
758 3041 1104 3111 scriptorem.
1141 3037 1199 3093 Id
1246 3046 1300 3093 et
1347 3054 1450 3095 nos
1496 3038 1847 3093 verissimum
1886 3054 2008 3095 esse

422 3136 681 3190 dicimus.
739 3133 832 3188 Ait
863 3146 1058 3187 rursus
1092 3146 1218 3186 eum
1265 3145 1367 3200 pro
1396 3129 1665 3186 immensa
1694 3145 1794 3185 sua
1824 3130 2009 3185 erudi-

424 3227 573 3283 tione
614 3224 885 3297 plurimos
922 3232 1213 3285 auctores,
1258 3236 1383 3276 cum
1425 3223 1675 3292 gentiles,
1700 3230 1812 3276 tum
1844 3221 2005 3277 Chri-

424 3320 633 3374 stianos
661 3317 868 3387 passim
892 3313 1261 3371 laudasse.De
1284 3313 1587 3385 gentilibus
1624 3312 1846 3382 quidem
1894 3328 2008 3367 non

424 3412 845 3482 refragabimur,
885 3409 979 3464 sed
1010 3408 1172 3478 longe
1229 3407 1413 3476 plures
1459 3404 1806 3460 Christianos
1848 3403 1919 3458 ab
1943 3417 2010 3457 eo

426 3503 844 3575 praetermissos,
877 3516 1043 3571 quam
1073 3501 1270 3555 citatos
1299 3498 1698 3555 contendimus.
1726 3496 2009 3562 Quomodo

427 3606 609 3652 tamen
640 3610 881 3665 cumque
905 3609 965 3649 se
988 3608 1076 3649 res
1099 3592 1318 3657 habeat,
1343 3592 1475 3661 quid
1499 3590 1624 3645 inde
1643 3598 1831 3645 contra
1850 3589 2011 3659 lgna-

430 3689 493 3743 tii
523 3689 696 3743 nostri
737 3686 1033 3757 epistolas?
1063 3702 1082 3736 ι
1117 3684 1277 3739 Certe
1299 3724 1315 3750 ,
1374 3683 1552 3753 inquit
1600 3681 1869 3748 Dallaaus,
1920 3679 2012 3733 ubi

431 3776 595 3831 tradit
626 3776 1006 3831 haereticorum
1056 3782 1232 3828 sectas
1282 3772 1511 3827 Adriani
1539 3771 1771 3843 Augusti
1802 3779 2015 3840 tempo-

431 3870 585 3923 ribus
629 3868 935 3923 coalescere
986 3866 1260 3935 cmpisse,
1312 3872 1653 3934 opportunus
1696 3871 1815 3918 erat
1859 3863 2015 3918 locus

432 3961 716 4033 lgnatiana
747 3958 1240 4024 commemorandi,
1275 3977 1295 4010 ι
1325 3973 1561 4029 quorum
1603 3957 1679 4011 ibi
1717 3970 1787 4010 ne
1816 3956 2015 4010 memi-

434 4055 514 4109 nit
536 4055 777 4123 quidem.
807 4052 952 4121 Quid
975 4054 1146 4123 ergo?
1175 4052 1405 4118 Quoties
1449 4050 1700 4121 scriptori
1748 4057 2016 4119 Opportu-

436 4161 540 4200 nus
596 4145 699 4200 fuit
754 4145 912 4201 locus
953 4143 1236 4216 lgnatiana
1293 4141 1764 4198 commemorandi
1796 4183 1811 4208 ,
1856 4139 2017 4195 toties

436 4250 627 4290 eorum
664 4236 709 4291 si
734 4251 841 4290 non
870 4235 1256 4302 meminit,nec
1280 4234 1359 4288 illi
1386 4234 1749 4304 cognita,nec
1769 4232 1839 4286 ab
1860 4230 2018 4301 Igna-

437 4328 512 4381 tio
542 4327 747 4397 scripta
790 4341 912 4382 esse
952 4326 1440 4396 pronuntiabitur?
1483 4324 1621 4379 Mira
1667 4340 1799 4379 sane
1854 4339 2019 4393 argu-

438 4420 717 4473 mentandi
760 4418 921 4473 ratio.
952 4416 1058 4472 Sed
1104 4417 1413 4472 mirabilius
1444 4416 1862 4487 profectoquem
1894 4415 2019 4470 Dal-

439 4512 573 4567 laeus
620 4520 990 4581 opportunum
1025 4509 1294 4564 Clementi
1343 4509 1625 4580 lgnatiana
1677 4524 2013 4564 commemo-
2043 4510 2089 4567 D

439 4603 595 4657 randi
642 4604 823 4657 locum
872 4601 1254 4671 assignaverit.
1284 4618 1302 4651 ι
1334 4600 1646 4670 lgnatianas
1684 4599 1963 4668 epistolas,
1986 4617 2005 4649 ›

440 4694 600 4748 verba
630 4692 816 4747 Dallaei
839 4699 990 4758 sunt,
1021 4710 1041 4742 ι
1077 4706 1193 4745 sua:
1222 4688 1501 4744 traditioni
1551 4697 1915 4759 repugnantes
1968 4688 2019 4742 si

441 4787 713 4852 scivisset,
740 4784 828 4839 vel
855 4799 950 4840 eas
975 4783 1291 4845 refutasset,
1321 4781 1407 4835 vel
1430 4796 1586 4836 suam
1612 4780 1728 4848 ipse
1764 4777 2019 4834 traditio-

442 4894 567 4933 nem
601 4878 667 4931 ad
698 4891 889 4932 earum
919 4891 1168 4930 normam
1200 4874 1549 4930 correxisset.
1576 4891 1595 4925 ι
1619 4870 1829 4926 Novum
1860 4872 2021 4941 plane

441 4978 497 5023 et
528 4969 835 5024 inauditum
879 4967 1190 5039 argumenti
1242 4964 1480 5036 negativi
1516 4965 1725 5034 genus!
1759 4961 2020 5032 Nunquid

443 5070 505 5113 ut
547 5060 878 5116 sanctissimi
922 5058 1158 5129 alicujus
1186 5056 1473 5126 scriptoris
1519 5053 1783 5109 sententia
1808 5051 2023 5107 refellat--

444 5160 554 5219 tur,
574 5153 661 5207 ille
688 5153 910 5208 nomine
944 5167 1046 5208 suo
1074 5148 1430 5219 appellandus
1462 5146 1589 5202 est?
1631 5144 1748 5200 Imo
1788 5154 1848 5199 ut
1892 5159 2021 5214 pru-

446 5244 661 5300 dentius
690 5245 1048 5315 securiusque
1074 5244 1317 5316 lgnatius
1356 5239 1753 5305 confutaretur,
1785 5236 2022 5292 celeber-

446 5336 587 5389 rimo
619 5336 766 5392 illius
793 5337 1003 5392 nomini
1033 5336 1369 5407 parcendum
1394 5342 1534 5388 erat.

520 5427 724 5482 Saltem
753 5426 1008 5483 Clemens
1045 5426 1116 5481 ad
1158 5423 1355 5497 lgnatii
1386 5434 1675 5485 normam,
1706 5423 1863 5486 urget
1895 5414 2023 5468 Dal-

448 5518 616 5586 laeus,
661 5519 1008 5574 traditionem
1063 5534 1219 5574 suam
1276 5514 1627 5573 correxisset.
1682 5508 1867 5579 Neque
1916 5507 2023 5561 hoc

450 5613 625 5685 magis
665 5612 1062 5669 necessarium.
1093 5611 1278 5669 Potuit
1305 5609 1452 5666 enim
1497 5606 1750 5664 Clemens
1794 5601 2017 5667 alicubi,

524 5792 570 5823 '°
603 5805 724 5863 cap.
753 5789 807 5858 9,
845 5802 899 5859 p.
930 5785 1059 5843 280.

2093 1928 2271 1984 valida
2302 1938 2359 1982 et
2400 1926 2558 1979 ﬁrma
2598 1922 2926 1994 probatione
2975 1928 3195 1975 tuentur
3241 1936 3306 1974 ac
3347 1918 3669 1974 defendunt.

2092 2020 2203 2075 Nos
2228 2035 2259 2075 e
2284 2016 2565 2074 contrario
2589 2014 2928 2085 argumentis
2972 2012 3420 2077 aiIirmativis,ab
3443 2010 3677 2079 scripto—

2094 2126 2218 2166 rum
2278 2105 2747 2163 nobilissimorum
2799 2103 3127 2157 auctoritate
3162 2100 3502 2169 desumptis,
3534 2099 3677 2152 hanc

2097 2200 2329 2270 primam
2399 2194 2751 2265 epistolarum
2804 2192 3039 2247 classem
3082 2188 3290 2259 lgnatio
3333 2198 3553 2253 nostro,
3598 2187 3675 2242 uti

2100 2291 2455 2353 arbitramur,
2486 2284 2844 2341 invictissime
2870 2283 3288 2338 vindicarimus.

2706 2416 2933 2474 CAPUT
2976 2414 3070 2471 XI.

2100 2530 2384 2573 νιουτυιι
2419 2530 2490 2570 ιι
2532 2528 2664 2567 IPSIS
2691 2526 2967 2565 EPIS'I'OLIS
3006 2523 3263 2563 IGNATIUM
3300 2520 3679 2561 ANTIOCHENUI

2469 2599 2648 2640 EARUI
2694 2598 2823 2635 VERE
2861 2596 2986 2635 ESSE
3025 2593 3331 2632 AUCTOBEM.

2511 2690 2543 2765 ς
2564 2692 2606 2747 1.
2636 2691 2877 2746 Primum
2900 2699 3290 2759 argumentum.

2175 2812 2288 2868 Has
2321 2826 2484 2885 porro
2514 2806 2709 2877 lanatii
2758 2807 3015 2878 epistolas
3049 2820 3159 2860 non
3206 2804 3320 2860 sola
3348 2799 3683 2874 praestantis-

2106 2906 2376 2963 simorum
2407 2914 2694 2959 auctorum
2739 2898 3049 2955 testimonia
3097 2897 3202 2967 ipsi
3232 2895 3536 2951 certissime
3564 2892 3685 2947 vin-

2109 2998 2325 3063 dicant;
2357 2995 2453 3051 sed
2508 2994 2756 3064 ipsaemet
2805 2991 2966 3047 etiam
3016 2989 3259 3058 epistola:
3306 3002 3366 3043 se
3401 2986 3470 3041 ab
3494 2985 3686 3041 eodem

2123 3089 2475 3145 sanctissimo
2534 3093 2777 3158 martyre
2829 3082 3064 3151 scriptas
3097 3094 3220 3136 esse
3254 3080 3432 3149 palam
3474 3085 3689 3148 aperte-

2035 3170 2080 3233 C
2111 3197 2221 3251 que
2263 3180 2645 3237 testiﬁcantur.
2688 3173 2749 3232 In
2796 3177 2867 3232 iis
2899 3175 3046 3230 enim
3094 3188 3258 3227 verus
3307 3171 3691 3243 genuinusqne

2110 3274 2212 3328 viri
2265 3272 2589 3343 apostolici,
2638 3269 2825 3325 divino
2853 3268 2977 3337 igne
3019 3264 3378 3327 inﬂammati,
3410 3272 3574 3331 atque
3622 3262 3690 3315 ad

2110 3367 2433 3438 martyrium
2484 3361 2794 3419 incredibili
2856 3362 3055 3414 ardore
3118 3355 3462 3427 properantis
3517 3354 3691 3425 stylus

2113 3461 2319 3531 ubique
2372 3459 2564 3523 micat,
2616 3467 2671 3511 et
2708 3454 2778 3508 ab
2830 3452 3086 3507 omnibus
3138 3450 3295 3504 facile
3352 3447 3690 3519 agnoscitur.

2111 3552 2306 3606 Modus
2337 3550 2499 3605 etiam
2524 3549 2638 3619 ipse
2661 3562 2771 3617 quo
2798 3546 2993 3600 litterae
3022 3549 3258 3598 exarata:
3283 3548 3444 3604 sunt,
3476 3552 3692 3593 errores

2114 3645 2457 3711 baeresesque
2482 3641 2537 3694 in
2566 3638 2645 3695 eis
2665 3639 3014 3706 impugnata,
3044 3630 3291 3687 doctrina
3309 3630 3422 3684 sive
3453 3643 3692 3693 morum,

2114 3735 2229 3791 sive
2276 3732 2401 3788 ﬁdei
2445 3729 2772 3786 Christiana:
2817 3726 2891 3781 ibi
2936 3722 3129 3778 tradita
3161 3762 3178 3786 ,
3216 3728 3416 3776 caetera
3457 3718 3695 3786 denique

2112 3825 2298 3881 omnia
2338 3838 2448 3879 non
2487 3821 2655 3876 alium
2704 3833 2872 3888 quam
2917 3816 3094 3869 virum
3142 3812 3288 3867 inter
3318 3808 3692 3879 apostolorum

2113 3919 2412 3989 discipulos
2434 3914 2841 3973 sanctissimum
2866 3951 2883 3977 ,
2914 3911 3055 3963 inter
3084 3904 3465 3962 sanctissimos
3489 3910 3696 3971 marty-

2114 4028 2205 4069 res
2253 4009 2693 4073 celeberrimum,
2736 4006 2880 4059 inter
2924 4000 3312 4058 celeberrimos
3373 3996 3696 4067 primosque

2115 4102 2372 4158 Ecclesia:
2396 4098 2658 4170 praesules
2703 4093 3216 4166 praastantissimum
3239 4132 3253 4157 ,
3280 4104 3392 4143 uno
3418 4088 3584 4142 verbo
3614 4087 3697 4155 ip-

2115 4201 2354 4249 summet
2379 4189 2649 4261 lgnatium
2673 4186 2979 4256 designant,
3004 4184 3399 4245 demonstrant,
3435 4177 3698 4246 produnt-

2117 4299 2225 4355 que
2251 4289 2553 4337 auetorem.
2590 4276 2646 4332 ld
2681 4276 2900 4346 quidem
2938 4274 3096 4340 longa
3123 4269 3441 4325 inductione
3465 4263 3699 4335 probare

2117 4391 2227 4431 non
2260 4372 2629 4442 suscepimus,
2661 4367 2809 4438 quod
2835 4365 2975 4431 sola,
3002 4377 3165 4433 quam
3198 4360 3471 4425 dedimus,
3501 4356 3697 4411 harum

2119 4467 2475 4538 epistolarum
2540 4461 2752 4532 analysi
2823 4460 3047 4529 planum
3110 4456 3172 4509 ﬁt
3228 4452 3524 4517 omnibus,
3574 4464 3697 4503 om:

2118 4572 2359 4627 nmoque
2384 4554 2756 4627 perspicuum.
2789 4548 3174 4604 Verumtamen
3203 4543 3435 4598 Dallaeus
3481 4540 3536 4594 in
3590 4539 3698 4595 illis

2117 4664 2148 4705 e
2191 4646 2466 4703 contrario
2546 4652 2825 4699 auctorem
2873 4636 3084 4709 lgnatio
3128 4635 3286 4703 longe
3336 4630 3692 4701 posteriorem

2121 4754 2244 4795 sese
2310 4733 2735 4806 deprehendisse
2764 4738 2960 4800 putat;
2990 4727 3154 4795 idque
3182 4740 3293 4778 non
3322 4722 3507 4777 minus
3532 4734 3696 4789 quam

2120 4828 2404 4899 sexaginta
2450 4824 2753 4881 rationibus
2797 4821 3033 4892 probare
3094 4824 3344 4872 conatur.
3415 4811 3521 4866 Sed
3571 4825 3697 4865 cum

2122 4922 2375 4993 plurima:
2404 4918 2472 4973 ad
2508 4915 2910 4988 lgnatianarum
2939 4907 3292 4979 epistolarum
3326 4899 3700 4970 interpolatio-

2126 4989 2244 5079 nes,
2271 5009 2357 5064 vel
2402 5008 2472 5062 ad
2521 5004 2781 5076 epistolas
2829 4999 3035 5071 lgnatio
3085 5008 3367 5067 perperam
3431 4989 3700 5060 ascriptas

2126 5104 2453 5176 pertineant,
2482 5100 2568 5156 his
2595 5093 3008 5169 praetermissis,
3033 5090 3100 5145 ad
3121 5102 3215 5144 eas
3242 5095 3449 5142 tantum
3479 5098 3601 5152 quae
3629 5081 3700 5136 ad

2128 5196 2303 5252 solam
2346 5193 2708 5264 genuinarum
2764 5186 2911 5241 illius
2953 5185 3258 5237 litterarum
3299 5180 3531 5234 classem
3572 5188 3700 5245 spe-

2130 5295 2300 5352 ctant,
2323 5281 2766 5355 respondendum
2795 5292 2919 5334 esse
2944 5273 3294 5332 credidimus.

2470 5399 2497 5470 §
2541 5396 2606 5452 ll.
2652 5393 2953 5451 Secundum
2983 5395 3368 5461 argumentum.

2198 5508 2401 5567 Verum
2443 5516 2568 5563 ante
2600 5506 2783 5561 omnia
2813 5516 2995 5573 operae
3034 5499 3267 5570 pretium
3298 5503 3381 5551 est
3410 5493 3701 5549 observare

2128 5614 2319 5656 omnes
2369 5594 2549 5651 Dallzei
2592 5593 3050 5659 defensorumque
3081 5588 3199 5659 ejus
3233 5584 3567 5656 objectiones
3592 5622 3608 5649 ,
3634 5597 3699 5637 ex
