4138 6398
539 303 647 360 515

1602 301 1660 357 S.
1700 296 2055 359 iGNATIUS.
2100 328 2169 339 —
2208 297 2747 365 PROLEGOMENA.

3693 320 3802 377 5l6

537 426 608 483 iis
630 440 754 497 quae
782 440 950 497 supra
997 424 1286 483 retulimus
1308 463 1325 492 ,
1377 423 1603 481 Patrum
1650 422 1981 481 testimoniis
2004 421 2119 493 jam
2147 424 2195 483 Δ
2224 430 2511 495 aeternum,
2532 444 2643 486 non
2678 448 2710 489 a
2737 433 2960 497 silentio
2993 443 3368 514 progrediens.
3398 458 3417 497 ι
3446 438 3641 499 Omnis
3672 454 3801 496 vero

535 535 659 574 esse
691 518 932 573 funditus
953 532 1199 574 eversas.
1226 518 1563 591 Polycarpus
1595 533 1853 589 namque,
1886 515 2125 571 irenteus

533 618 588 663 et
635 606 901 679 Origenes
950 609 1094 663 nihil
1143 610 1199 664 in
1243 608 1330 664 his
1368 609 1566 664 litteris
1596 604 2122 672 animadverterunt,

532 700 680 770 quod
710 699 912 770 lgnati'r
938 700 1161 769 ingenio
1183 740 1198 763 ,
1221 700 1470 757 moribus
1500 710 1553 755 et
1578 700 1724 756 aetati
1755 698 1982 755 omnino
2012 712 2123 753 non

530 803 879 863 congrueret.
917 792 974 847 Si
1011 808 1142 847 vero
1169 794 1414 863 pressius
1463 809 1589 849 cum
1636 790 1968 849 adversariis
1999 805 2123 862 aga—

533 898 678 950 mus,
708 883 842 941 illud
870 884 1011 938 idem
1042 899 1107 939 ex
1144 885 1210 940 iis
1240 900 1363 954 quae
1388 885 1492 955 ipsi
1516 886 1800 942 verissima
1830 900 1951 942 esse
1979 899 2117 940 con-

530 975 776 1042 cedunt,
846 975 1210 1032 invictissime
1283 977 1809 1035 demonstrabimus.
1861 980 2120 1037 Fatentur

530 1069 677 1122 enim
701 1070 802 1125 has
831 1071 1093 1140 epistolas
1117 1068 1379 1137 Eusebio,
1412 1070 1735 1137 Athanasio,
1764 1071 2114 1145 Hieronymo,

532 1161 903 1229 Theodoreto,
925 1163 1159 1233 aliisque
1183 1163 1488 1220 innumeris
1516 1165 1879 1235 scriptoribus
1907 1174 1963 1221 et
2013 1180 2117 1221 no-

533 1255 775 1310 tissimas
807 1255 1009 1321 fuisse,
1040 1265 1095 1311 et
1122 1255 1332 1325 lgnatio
1379 1257 1695 1312 attributas.
1751 1259 1821 1312 At
1872 1257 1917 1313 si
1946 1257 1999 1311 in
2046 1257 2116 1314 iis

532 1358 642 1403 tam
671 1350 861 1420 paucis
902 1358 1066 1418 atque
1110 1349 1247 1403 adeo
1292 1349 1549 1405 brevibus
1575 1351 1820 1421 epistolis
1850 1358 2021 1418 tanta,
2055 1363 2117 1408 ut

531 1442 831 1498 adversarii
879 1442 1255 1509 contendunt,
1292 1457 1416 1498 esse
1451 1443 1726 1498 rationum
1757 1459 1881 1498 cum
1922 1441 2113 1515 Ignatii

533 1534 775 1605 ingenio,
802 1534 1049 1589 moribus
1091 1543 1146 1588 et
1174 1535 1377 1589 saeculo
1408 1534 1767 1604 pugnantium
1800 1534 2111 1600 multitudo,

531 1626 648 1680 fieri
695 1640 829 1679 sane
883 1640 992 1679 non
1052 1624 1231 1695 potuit
1282 1635 1344 1681 ut
1385 1641 1464 1680 eae
1497 1640 1689 1680 omnes
1718 1633 1797 1679 tot
1823 1625 1968 1679 viros
1989 1639 2115 1679 eru-

2226 515 2517 576 diiiicultas
2565 521 2620 579 in
2668 526 2753 582 his
2800 531 2981 588 verbis
3017 535 3194 604 posita
3224 544 3336 593 est:
3360 554 3378 587 ε
3404 532 3803 589 ηοηαείιθηῑίο

2221 610 2640 697 progrediens»
2664 617 2763 675 οὐκ
2812 619 2920 675 ἀπὸ
2970 623 3096 694 σιγῆ
3137 622 3434 697 προελθών.
3468 622 3596 681 Haec
3624 624 3798 690 enim.

2222 696 2304 752 uti
2345 698 2503 756 aiunt
2534 700 2600 767 ⁸⁸,
2624 704 2791 761 verba
2827 706 3031 765 feriunt
3058 708 3429 781 Valentinum,
3458 712 3670 785 lgnatio
3702 728 3805 783 po-

2222 790 2532 859 steriorem,
2568 795 2664 865 qui
2689 810 2757 851 ex
2791 797 2919 869 Sige
2945 809 3128 855 ortum
3156 801 3343 872 Logou
3365 804 3615 860 docebat.
3645 803 3804 871 Quod

2221 881 2473 951 quidem,
2506 884 2783 956 inquiunt,
2810 903 2934 945 eum
2968 892 3151 948 nullus
3180 903 3303 948 ante
3330 908 3457 949 eum
3494 896 3806 953 somniasse

2220 985 2575 1045 memoretur,
2618 979 2751 1035 illud
2781 982 2851 1036 ab
2880 980 3087 1053 lgnatio
3132 985 3288 1055 argui
3348 986 3500 1042 nullo
3552 1001 3803 1057 unquam

2218 1070 2385 1125 modo
2409 1070 2604 1139 potuit.
2637 1071 2794 1139 Quod
2845 1073 2892 1130 si
2935 1077 3271 1147 respondeas
3315 1076 3666 1135 Valentinum
3712 1096 3802 1136 er.

2216 1180 2370 1220 rores
2398 1179 2529 1221 suos
2569 1182 2601 1221 a
2630 1166 2907 1224 Gnosticis
2935 1169 3207 1237 hausisse,
3240 1172 3548 1227 concedunt
3576 1172 3801 1243 quidem

2215 1253 2570 1311 Dallaaani":
2600 1275 2619 1308 ‹
2649 1258 2830 1328 Ipsam
2857 1273 3040 1314 rerum
3067 1260 3263 1315 silvam
3293 1270 3459 1332 atque
3487 1263 3798 1330 materiam,

2215 1362 2281 1403 ex
2318 1364 2427 1419 qua
2462 1347 2786 1406 Valentinus
2824 1366 2923 1406 sua
2960 1344 3295 1423 composuit,
3318 1352 3434 1423 jam
3467 1355 3613 1424 apud
3642 1365 3799 1411 vetu-

2214 1441 2412 1497 stiores
2456 1443 2654 1513 partim
2699 1442 2992 1500 Gnosticos
3042 1445 3352 1514 luereticos,
3382 1447 3581 1516 partim
3628 1449 3798 1504 etiam

2211 1543 2423 1604 poetas,
2438 1543 2534 1589 aut
2557 1535 2915 1606 philosophos
2927 1534 3175 1593 ethnicos
3189 1536 3377 1593 fuisse.
3400 1556 3420 1590 ι
3440 1536 3555 1594 Sed
3569 1547 3797 1595 conten-

2212 1625 2353 1681 dunt
2404 1641 2603 1681 novam
2660 1627 2901 1697 aliquam
2961 1628 3103 1684 inter
3154 1627 3448 1685 Gnosticos
3502 1640 3710 1687 sectam
3761 1645 3796 1686 a

529 1718 837 1772 ditissimos
867 1759 881 1783 ,
914 1717 1300 1783 acutissimos,
1340 1716 1905 1789 diligentissimosque.
1958 1715 2111 1787 fuge-
2138 1782 2179 1793 _
2214 1715 2506 1775 Valentino
2550 1718 2895 1786 fabricatam,
2928 1720 3086 1792 cujus
3116 1721 3233 1776 haec
3266 1720 3580 1790 peculiaris,
3608 1737 3717 1793 qua
3761 1738 3795 1778 a

528 1811 661 1876 rint,
693 1821 856 1880 atque
880 1811 931 1864 in
962 1810 1181 1864 illorum
1218 1809 1431 1865 animos
1458 1810 1524 1864 de
1550 1810 1863 1865 earumdem
1904 1810 2109 1880 episto-
2138 1782 2182 1839 Β
2210 1813 2422 1868 caeteris
2478 1812 2989 1881 discriminabatur,
3044 1813 3233 1884 opinio
3281 1822 3401 1869 erat
3434 1834 3449 1869 :
3483 1832 3502 1866 ε
3540 1814 3728 1887 Logon
3759 1832 3793 1873 a

529 1902 707 1956 larum
761 1901 1141 1971 suppositione
1186 1916 1256 1956 ne
1298 1902 1586 1956 minimum
1616 1902 1837 1972 quidem
1876 1919 2105 1974 scrupu-

530 1994 643 2049 lum
692 1993 927 2049 ullamve
972 1994 1261 2063 injecerint
1310 1993 1700 2063 suspicionem.
1755 1994 1819 2049 Et
1854 1995 2107 2066 quamvis

527 2102 721 2141 omnes
760 2087 1005 2140 czecitate
1033 2085 1271 2155 perculsi
1312 2084 1566 2152 fuissent,
1607 2086 1723 2141 fieri
1754 2088 1947 2143 saltem
1996 2105 2106 2145 non

527 2179 704 2248 potuit
737 2187 796 2232 ut
831 2178 1100 2232 Eusebius
1132 2178 1200 2233 ab
1222 2176 1416 2249 lgnatii
1449 2188 1691 2250 tempore
1723 2196 1829 2236 non
1863 2182 1996 2237 adeo
2021 2198 2108 2238 re-

531 2275 733 2327 motus,
758 2263 1051 2320 Historiam
1085 2280 1239 2320 suam
1272 2281 1338 2321 ex
1367 2269 1606 2338 antiquis
1637 2268 1858 2325 Patrum
1891 2287 2093 2328 monu—

532 2357 733 2412 mentis
757 2356 1157 2425 concinnando,
1200 2373 1263 2414 ea
1306 2376 1413 2414 non
1452 2362 1670 2426 viderit,
1702 2378 1824 2433 quae
1854 2366 2098 2421 moribus

532 2451 801 2519 rebusque
836 2451 1090 2505 omnibus
1132 2451 1322 2521 lgnatii
1359 2462 1600 2523 tempore
1630 2456 1879 2522 usitatis,
1922 2468 2100 2513 tanto-

532 2557 661 2611 pere
710 2542 1152 2598 adversabantur.
1202 2544 1499 2602 Dicendum
1547 2548 1711 2618 igitur
1770 2551 1915 2619 quod
1973 2567 2097 2606 cum

532 2632 822 2698 Eusebius,
849 2636 1048 2705 aliique
1082 2651 1271 2692 omnes
1314 2639 1367 2693 in
1410 2640 1495 2695 his
1537 2641 1783 2711 epistolis
1816 2642 1949 2697 nihil
1987 2659 2095 2698 non

535 2724 871 2795 lgnatianum
904 2728 1373 2797 deprehenderint,
1407 2733 1541 2788 nihil
1567 2748 1754 2790 revera
1795 2735 1849 2789 in
1892 2735 1957 2791 iis
1975 2751 2097 2793 esse

534 2818 677 2883 quod
708 2820 774 2873 ab
806 2819 1009 2889 lgnatio
1041 2822 1298 2891 scriptum
1323 2840 1429 2879 non
1467 2825 1647 2882 fuerit.

1120 2949 1351 3007 CAPUT
1381 2950 1502 3008 XII.

522 3080 874 3121 OBJEC'I'IONES
900 3084 1113 3122 DALLEI
1149 3084 1219 3123 EI
1261 3082 1558 3123 HERETICIS
1586 3083 1655 3123 ΕΤ
1678 3081 2007 3137 υεηεειυυε,
2038 3084 2103 3125 ΑΒ

665 3152 881 3193 IGNA'I‘IO
912 3154 1354 3206 CUIMEIORATIS,
1384 3154 1595 3194 ΡΕΤΙΤΕ
1626 3155 1973 3195 εοινῐιιςτυκί

596 3251 624 3321 §
654 3250 694 3306 l.
731 3251 969 3321 Objectio
991 3269 1056 3308 ea:
1086 3252 1354 3309 Saturnili
1378 3254 1567 3309 hwresi
1595 3256 1761 3339 petita
1783 3255 2024 3311 solvitur.

592 3364 903 3437 Sequamur
941 3379 1119 3425 tamen
1158 3368 1441 3437 Dallzeum,
1467 3370 1699 3443 ejusque
1722 3352 2127 3443 defensorem;

519 3468 682 3530 atque
735 3478 829 3517 eos
881 3464 1087 3533 ubique
1123 3464 1441 3519 aberrantes
1487 3464 1540 3518 in
1574 3465 1819 3520 veritatis
1850 3466 2015 3533 viam,
2048 3467 2095 3523 si

519 3553 635 3608 fieri
697 3558 905 3625 possit,
956 3557 1219 3611 reducere
1280 3567 1616 3628 satagamus.
1676 3558 1861 3614 Prima
1911 3560 2097 3631 itaque

520 3643 702 3700 Dallaai
758 3649 900 3701 ratio
940 3647 1249 3702 desumilur
1299 3663 1365 3702 ex
1406 3649 1495 3715 iis,
1524 3664 1642 3718 qua)
1668 3648 1721 3702 in
1747 3647 1938 3721 lguatii
1980 3651 2096 3720 epi—

516 3738 676 3793 stolis
708 3749 988 3805 notantur,
1019 3739 1132 3795 sive
1166 3740 1466 3796 hzeresibus
1496 3742 1610 3797 sive
1646 3742 2092 3813 haereticis,quos

516 3841 641 3899 post
689 3831 834 3886 illius
878 3842 1109 3886 mortem
1153 3843 1373 3887 exortus
1410 3831 1578 3887 fuisse
1604 3848 1726 3887 cum
1762 3845 1933 3903 putet,
1968 3834 2094 3889 inde

518 3918 616 3973 has
646 3921 905 3990 epistolas
936 3922 1002 3975 ab
1034 3920 1241 3992 ignatio
1277 3922 1441 3977 scribi
1472 3923 1699 3978 minime
1736 3924 1978 3994 potuisse
2009 3926 2093 3978 in-

515 4010 683 4065 ducit.
725 4010 835 4067 Has
888 4022 1068 4067 autem
1122 4013 1265 4067 inter
1311 4013 1545 4069 luercscs
1588 4013 1822 4069 Dallaeus
1846 4028 2089 4069 errorem

516 4100 799 4171 Saturnili,
819 4106 911 4176 qui
943 4105 1219 4159 Christum
1242 4107 1473 4175 putative
1498 4116 1705 4163 tantum
1734 4110 1901 4162 risum
1927 4109 2089 4177 fuisse

515 4196 819 4265 garriebat,
869 4197 1176 4266 impugnari
1230 4197 1426 4251 acriter
1482 4199 1834 4254 contendit“.
1891 4197 2088 4253 Verum

514 4296 626 4341 tam
664 4287 878 4342 infirma
902 4299 986 4343 est
1013 4290 1129 4343 haec
1160 4287 1341 4343 Dallzei
1370 4290 1681 4360 conjectura
1702 4331 1716 4353 ,
1749 4301 1807 4345 ut
1837 4289 2090 4345 defensor

512 4380 661 4435 illius
710 4391 893 4450 aperte
924 4389 978 4437 et
1018 4380 1250 4450 ingenue
1280 4381 1482 4435 dicat“
1509 4400 1522 4436 :
1552 4400 1571 4433 ‹
1591 4380 1721 4446 Qua.-
1742 4383 1927 4451 inillo,
1952 4383 2089 4438 »εεί-

512 4471 1250 4539 licetDallzeo,(observantur
1270 4473 1353 4527 vel
1384 4471 2088 4561 Vindiciarumaucioremn
2112 4477 2156 4532 D
2187 4471 2291 4561 ἴδε

513 4578 707 4632 nempe
720 4563 1101 4630 Pearsonium,
1121 4585 1139 4618 ι
1159 4578 1265 4619 non
1281 4572 1527 4636 tangunt,
1544 4565 1627 4619 vel
1656 4564 1791 4619 tanti
1820 4553 1926 4619 non
1952 4576 2081 4623 sunt

510 4657 792 4723 momenti,
827 4664 887 4711 ut
929 4672 1031 4711 nos
1072 4656 1317 4711 detinere
1340 4656 1590 4711 debeant.
1625 4674 1643 4708 ι
1683 4655 1749 4710 Et
1775 4671 1833 4711 re
1858 4657 2078 4727 quidem

511 4746 623 4815 ipsa
645 4747 924 4817 lgnatiano
944 4746 1047 4800 telo
1063 4760 1170 4799 non
1196 4745 1530 4813 Saturnilus,
1564 4756 1658 4801 aut
1687 4747 1887 4816 aliquis
1919 4748 2077 4817 lgna—

508 4835 583 4887 tio
611 4834 880 4903 posterior
909 4834 1217 4903 hmreticus,
1248 4836 1342 4891 sed
1381 4836 1759 4892 Menandriani
1810 4839 1894 4892 vel
1921 4837 2079 4892 Ebio—

508 4926 652 4991 niue,
682 4926 765 4980 vel
787 4925 1125 4984 Cerinthiani
1154 4931 1516 5001 conliguntur.

613 5036 642 5109 §
680 5041 747 5092 li.
778 5038 1014 5111 Objectio
1038 5056 1104 5096 ea:
1143 5040 1633 5099 Vatentiniauorum
1658 5041 1780 5114 Sige
1805 5044 1969 5115 petita

1115 5118 1449 5185 proponitur.

570 5222 866 5279 Maximum
894 5226 1057 5298 igitur
1080 5236 1133 5283 et
1152 5227 1474 5299 palmarium
1510 5224 1692 5282 Dallzei
1715 5240 1778 5281 ea
1808 5226 1874 5281 de
1900 5239 1958 5278 re
1982 5239 2071 5278 ar-

499 5326 815 5386 gumentum
832 5319 1049 5375 ducitur
1069 5336 1135 5375 ex
1165 5321 1268 5375 bac
1291 5320 1482 5391 lgnatii
1503 5320 1675 5375 nostri
1702 5319 2065 5376 sententia“:

504 5428 524 5461 ς
545 5407 697 5465 Unus
716 5421 797 5468 est
818 5410 982 5483 Deus,
1000 5418 1093 5487 qui
1118 5417 1488 5472 manifestavit
1506 5418 1743 5487 seipsum
1760 5433 1856 5488 per
1878 5417 2067 5475 Jesum

494 5500 773 5560 Christum
854 5507 1051 5565 Filium
1111 5510 1304 5581 ipsius,
1336 5510 1430 5580 qui
1480 5521 1565 5566 est
1618 5511 1789 5581 ipsius
1829 5511 2066 5569 Verbum

2210 1900 2337 1975 Sige
2365 1912 2545 1958 ortum
2578 1904 2660 1960 vel
2695 1905 3028 1972 immediate,
3055 1924 3075 1958 ι
3105 1914 3167 1961 ut
3202 1920 3234 1961 a
3272 1916 3446 1962 matre
3474 1906 3680 1977 tilium;
3706 1911 3795 1965 vel

2207 1997 2468 2063 mediate,
2500 2015 2518 2049 ι
2552 2006 2614 2052 ut
2656 1997 2725 2052 ab
2752 1996 2875 2052 avia
2927 2006 3200 2067 nepotem.
3240 2013 3260 2050 ι
3308 1995 3487 2064 Quam
3532 2014 3666 2056 sane
3722 2001 3794 2057 ob

2207 2102 2433 2143 causam
2467 2090 2727 2157 lrenaeus,
2768 2089 2935 2145 sicuti
2964 2088 3279 2160 opinantur,
3312 2090 3617 2159 tradidit“,
3642 2091 3793 2149 «νας

2207 2181 2476 2237 lentinum
2502 2190 2713 2239 veteres
2738 2182 3015 2239 doctrinas
3037 2182 3091 2237 in
3111 2183 3391 2254 proprium
3414 2184 3789 2246 characterem
3820 2210 3823 2213 λ

2206 2272 3125 2343 transtulisse.»Deniqueaudacter
3146 2274 3421 2331 aiiirmant
3448 2277 3565 2334 haec
3586 2294 3618 2334 a
3639 2279 3788 2336 Gno—

2208 2364 2475 2420 sticorum
2515 2363 2701 2435 aliquo
2743 2366 2790 2420 si
2840 2364 3043 2437 scripta
3081 2364 3215 2435 sint,
3238 2365 3391 2423 illum
3421 2365 3480 2423 in
3513 2366 3787 2429 Valentini

2207 2456 2397 2512 schola
2429 2455 2603 2513 fuisse
2626 2455 2905 2512 edoctum.

2209 2569 2238 2642 ς
2264 2572 2358 2624 lli.
2394 2569 2631 2625 Solvitur
2656 2571 2895 2640 superior
2921 2572 3165 2642 objectio,
3196 2588 3258 2626 ac
3284 2574 3473 2642 primo-
3492 2574 3790 2627 ostenditur

2278 2642 2535 2694 incertum
2568 2657 2677 2694 esse
2711 2653 2891 2714 uti-urit
2928 2640 3237 2696 leentinus
3272 2640 3386 2709 post
3418 2640 3621 2714 Ignatii
3656 2655 3787 2699 tem-

2274 2727 2406 2780 pora
2431 2727 2633 2765 errores
2664 2728 2787 2766 suos
2821 2712 3165 2768 disseminare
3192 2717 3423 2783 ceperit.

2277 2847 2455 2916 Atque
2502 2846 2605 2901 hoc
2644 2845 2978 2916 praecipuum
3027 2854 3112 2902 est
3144 2846 3585 2903 adversariorum
3621 2862 3787 2919 argu-

2204 2950 2472 3009 mentum,
2490 2941 2635 3012 qnod
2660 2940 2799 2995 mira
2825 2943 3191 2996 ostentatione
3212 2941 3635 2997 invictissimum
3659 2958 3785 2999 esse

2200 3030 2477 3101 jactitant.
2528 3030 2729 3087 Verum
2779 3029 3051 3102 Moynius,
3103 3029 3353 3100 ejusdem
3394 3045 3519 3085 cum
3578 3028 3783 3086 Dallaeo

2126 3128 2172 3187 (ς
2201 3122 2536 3179 Calvinianaa
2583 3131 2744 3178 secta:
2784 3120 3055 3186 minister,
3082 3121 3214 3175 illud
3258 3120 3394 3176 adeo
3418 3121 3538 3176 leve
3577 3135 3643 3176 ac
3673 3121 3779 3176 im-

2200 3216 2455 3272 becillum
2507 3230 2629 3271 esse
2657 3212 2954 3284 judicavit,
2984 3221 3048 3268 ut
3094 3213 3301 3268 nullam
3340 3214 3467 3270 inde
3491 3214 3779 3270 difﬁculta-

2200 3318 2308 3364 tem
2358 3307 2533 3365 creari
2562 3321 2726 3377 posse
2754 3305 2900 3360 uitro
2933 3303 3190 3361 fateatur.
3225 3304 3294 3359 Et
3316 3314 3464 3361 certe
3492 3305 3611 3361 haec
3650 3320 3752 3376 pro

2199 3401 2351 3456 batio
2380 3412 2663 3471 perperam
2718 3396 2788 3451 ab
2836 3395 2917 3452 eis
2965 3396 3268 3459 venditata.
3296 3397 3470 3453 variis
3511 3395 3778 3452 refellitur

2198 3492 2522 3554 rationibus,
2562 3501 2796 3560 quarum
2850 3504 3194 3560 unaquaeque
3258 3489 3328 3543 ad
3371 3504 3493 3545 eam
3555 3488 3778 3560 penitus

2196 3582 2578 3641 destruendam
2611 3581 2727 3637 sola
2774 3581 2993 3638 sufficit.
3047 3579 3537 3638 Verumenimvero
3590 3583 3777 3638 incer-

2195 3687 2308 3732 tum
2345 3674 2523 3746 primo
2553 3682 2637 3729 est
2667 3690 2799 3729 num
2828 3672 3148 3730 Valentinus
3173 3672 3365 3746 lgnatii
3390 3680 3635 3746 tempore
3664 3691 3774 3734 non

2193 3766 2411 3831 vixerit,
2436 3772 2679 3835 tuncque
2710 3764 2937 3836 casperit
2971 3780 3188 3820 errores
3217 3765 3580 3821 disseminare
3617 3781 3769 3821 suos.

2194 3856 2433 3910 lreuaaus
2481 3854 2776 3925 siquidem,
2805 3854 2901 3926 qui
2947 3852 3298 3910 Valentinum
3324 3857 3493 3928 probe
3522 3868 3769 3925 noverat,

2191 3949 2395 4019 quique
2422 3949 2535 4018 jam
2566 3949 2635 4004 ab
2662 3949 2958 4007 Eleutherii
2991 3966 3146 4022 papae
3188 3961 3366 4018 aetate,
3405 3952 3458 4009 id
3496 3961 3599 4020 est,
3626 3954 3768 4010 intra

2192 4055 2363 4096 annos
2390 4041 2494 4095 177
2531 4051 2587 4097 et
2616 4041 2740 4110 192,
2764 4043 3006 4114 ejusdem
3042 4041 3315 4097 Valentini
3352 4043 3603 4100 haeresim
3634 4060 3768 4101 con-

2191 4131 2415 4199 futarat,
2447 4134 2513 4189 de
2526 4134 2721 4189 eohtec
2746 4132 3027 4189 memoriae
3054 4132 3345 4202 prodidit"
3369 4150 3382 4186 :
3407 4153 3425 4186 ι
3447 4133 3768 4192 Valentinus

2189 4230 2338 4286 venit
2386 4229 2616 4286 Romam
2656 4230 2760 4286 sub
2807 4228 3044 4301 Hygino,
3080 4228 3311 4283 increvit
3351 4245 3481 4285 vero
3516 4230 3619 4288 sub
3640 4229 3763 4296 Pio,

2188 4332 2242 4378 et
2287 4325 2604 4393 prorogavit
2651 4328 2868 4391 tempus
2917 4334 3093 4390 usque
3135 4320 3201 4375 ad
3250 4321 3558 4379 Anicetum.
3599 4343 3618 4377 ›
3655 4323 3764 4398 Hy-

2190 4415 2412 4486 ginus“
2441 4423 2621 4470 autem
2643 4412 2798 4482 juxta
2822 4412 3101 4483 vulgarem
3147 4412 3459 4483 opinionem
3506 4416 3576 4471 ab
3617 4431 3763 4472 anno

2338 4505 2407 4561 ad
2455 4519 2659 4560 annum
2706 4502 2829 4569 156,
2858 4503 2942 4558 vel
2968 4503 3122 4573 juxta
3151 4505 3574 4561 emendatiorem
3613 4505 3760 4561 Hen-

2186 4595 2396 4651 scheuii
2425 4602 2481 4650 et
2502 4592 2858 4664 Papebrochii
2888 4593 3190 4664 catalogum
3215 4593 3590 4651 Romanorum
3623 4612 3762 4666 pon-

2186 4689 2392 4743 tificum
2442 4687 2513 4741 ab
2547 4698 2692 4740 anno
2733 4686 2837 4740 158
2865 4686 2932 4741 ad
2964 4701 3170 4742 annum
3208 4688 3332 4753 150,
3362 4688 3622 4746 Romanae
3650 4692 3757 4747 Ec-

2184 4781 2366 4837 clesia;
2413 4779 2589 4833 tenuit
2624 4778 3075 4848 gubernaculum.
3102 4777 3371 4836 Eusebius
3411 4797 3540 4837 vero
3574 4786 3665 4853 qui
3702 4785 3759 4840 in

2182 4871 2407 4928 historia
2446 4887 2546 4926 sua
2594 4871 2857 4926 Irenaeum
2884 4878 3103 4927 secutus
3128 4880 3233 4938 est,
3256 4872 3310 4926 in
3342 4872 3611 4930 Chronico
3642 4876 3759 4931 haec

2180 4964 2343 5018 habet
2358 4963 2427 5017 ad
2453 4977 2659 5017 annum
2684 4962 2787 5016 142
2805 4962 2871 5017 ι’,
2902 4981 2919 5015 ι
2946 4963 3060 5018 Sub
3083 4961 3294 5035 Hygino
3315 4963 3575 5021 Romana
3603 4968 3756 5024 urbis

2177 5057 2438 5125 episcopo
2476 5052 2795 5109 Valentinus
2840 5053 3229 5110 haresiarcbes
3268 5064 3323 5110 et
3368 5055 3543 5112 Cerdo
3582 5059 3755 5129 magi-

2178 5160 2290 5206 ster
2317 5146 2611 5203 Marcionis
2655 5146 2889 5202 Romam
2941 5155 3227 5204 venerunt.
3263 5165 3281 5199 ›
3332 5146 3399 5202 Et
3436 5148 3504 5203 ad
3542 5165 3749 5205 annum

2180 5240 2281 5296 M6
2314 5259 2330 5295 :
2367 5259 2386 5293 ι
2442 5237 2766 5296 Valentinus
2811 5240 3100 5294 hereticus
3140 5240 3479 5310 agnoscitur,
3535 5250 3589 5297 et
3626 5234 3797 5315 per-’j

2174 5344 2361 5389 manet
2408 5348 2585 5405 usque
2614 5333 2682 5389 ad
2711 5332 3023 5388 Anicetum.
3063 5350 3081 5385 ι
3117 5330 3289 5387 Porro
3333 5343 3514 5390 autem
3550 5332 3748 5390 Valen-

2174 5429 2372 5493 tinum,
2404 5436 2697 5498 antequam
2736 5425 2967 5481 Romam
2996 5426 3334 5493 adventaret,
3363 5443 3577 5483 errores
3614 5442 3749 5483 suos

2174 5538 2433 5595 spargere
2472 5522 2706 5593 cmpisse
2751 5535 2883 5576 vero
2933 5520 3095 5590 plane
3135 5518 3474 5574 simillimum
3507 5519 3744 5575 videtur.

558 5639 599 5728 ξ’
629 5643 853 5728 cap-ll,
885 5661 936 5715 p.
958 5647 1116 5728 291.“
1159 5646 1361 5728 “pag.
1389 5646 1509 5728 ιδῃ
1580 5648 1632 5728 ,⁸⁸
1658 5647 1927 5728 Ερίερελαά
1946 5654 2180 5727 Magnes.
2246 5658 2292 5692 “
2327 5659 2462 5715 Dall.
2487 5674 2607 5728 cap.
2645 5658 2806 5727 12,p.
2831 5656 2959 5728 295.
3007 5657 3082 5728 _f'
3115 5671 3239 5726 pag.
3277 5656 3399 5728 503.
3480 5656 3526 5728 δέ
3551 5656 3644 5728 ιη»,
3678 5671 3718 5711 tl

503 5710 627 5790 quin.
673 5710 903 5775 γαιρηε.;
934 5733 1052 5787 cap.
1084 5718 1138 5773 5.
1218 5710 1258 5749 ‘7
1292 5710 1432 5773 Ireu.
1468 5710 1769 5790 Prologfin
1798 5724 1894 5782 lib.
1926 5741 1979 5781 tv
2036 5710 2178 5784 3451'
2208 5710 2417 5786 Valent.

493 5780 584 5835 tib.
613 5800 686 5853 tv,
728 5805 846 5855 cap.
882 5790 962 5844 il.

2501 5726 2671 5785 M3lib.
2706 5726 2765 5784 ui
2844 5726 2967 5785 adv.
3006 5726 3240 5795 Valent.,
3276 5742 3326 5784 c.
3380 5727 3435 5783 8.
3514 5727 3558 5761 δ’
3592 5727 3741 5782 Hist.
