4138 6394
364 310 477 366 517

1354 300 1417 354 D.
1458 296 1745 355 NOURRII
1785 292 2346 351 DlSSERTATIO.-
2384 293 2563 348 PARS
2602 294 2641 349 l.

3514 298 3624 356 5l8

370 430 511 487 Nam
534 429 679 485 idem
709 426 1032 483 Valentinus
1069 425 1140 481 ab
1170 425 1260 491 iis,
1285 424 1380 494 qui
1414 424 1677 478 Irenaeum
1710 436 1939 490 prmees-
1968 424 2012 479 Α
2044 417 2727 486 formam,dispositioncm
2760 425 2812 471 et
2839 416 3118 485 ordinem;
3155 418 3376 488 quibus,
3427 417 3626 490 inquit,

371 531 580 589 serant,
604 522 715 593 jam
746 520 926 574 fuerat
971 516 1307 583 confutatus,
1342 528 1401 569 ut
1439 515 1665 585 ipsemet
1709 512 1942 565 Irenaeus

370 616 575 670 ibidem
649 610 1075 667 teStiﬁcatur“:
1115 627 1133 659 t
1172 606 1513 676 Quapropter
1557 604 1611 658 hi
1662 603 1753 673 qui
1820 613 1944 655 ante

370 723 475 763 nos
532 706 773 769 luerunt,
818 712 874 758 et
921 701 1093 757 multo
1124 700 1280 755 nobis
1323 697 1593 761 meliores,
1618 711 1727 749 non
1762 704 1942 749 tamen

371 801 507 856 satis
530 804 827 869 potuerunt
862 793 1236 849 contradicere
1263 792 1369 855 his,
1406 790 1501 859 qui
1535 796 1663 843 sunt
1685 804 1715 842 a
1746 786 1943 840 Valen~

371 892 520 958 tino;
550 889 682 960 quia
717 887 1047 959 ignorabant
1073 883 1317 954 regulam
1352 882 1619 951 ipsorum,
1648 894 1810 951 quam
1844 893 1943 933 nos

370 1000 499 1041 cum
521 982 671 1037 omni
692 980 973 1050 diligentia
995 980 1048 1033 in
1072 977 1249 1049 primo
1276 976 1416 1030 libro
1435 974 1529 1029 tibi
1548 973 1893 1028 tradidimus.
1918 991 1937 1025 ι

374 1077 443 1132 Et
483 1077 552 1132 de
595 1074 897 1146 Polycarpo
921 1072 1051 1127 alibi
1074 1068 1356 1127 scribit":
1394 1087 1412 1120 t
1459 1068 1510 1123 Is
1541 1066 1685 1121 enim
1714 1074 1816 1131 est,
1849 1064 1943 1135 qui

372 1171 478 1225 sub
518 1168 745 1223 Aniceto
791 1181 917 1221 cum
964 1164 1277 1219 advenisset
1318 1162 1371 1216 in
1403 1161 1615 1225 urbem,
1650 1158 1850 1212 mttltos
1876 1172 1944 1212 ex

370 1262 481 1327 his,
505 1274 645 1330 quos
668 1250 1727 1328 praediximus,h:crcticos,rValentinum
1752 1263 1946 1319 nempe

370 1360 427 1406 et
453 1348 805 1411 Marcionem,
830 1340 1513 1403 «convertitinEcclesiam
1542 1341 1657 1395 Dei.
1698 1358 1715 1390 ›
1752 1337 1944 1393 Utrum

370 1450 553 1495 autem
606 1438 700 1493 ditt
738 1445 865 1492 ante
901 1445 1145 1504 tempora
1194 1432 1387 1504 llygiui
1428 1431 1744 1487 Valentinus
1779 1430 1947 1484 inca:-

370 1531 513 1602 perit
563 1544 719 1583 suam
774 1526 1053 1597 publicare
1095 1523 1367 1587 haeresim,
1402 1521 1539 1576 nihil
1582 1535 1615 1575 a
1670 1535 1945 1590 quoquam

374 1623 745 1678 indubitatum
778 1618 945 1674 statui
978 1632 1217 1689 unquam
1251 1615 1445 1685 potuit.

443 1711 651 1783 Urgent
695 1720 877 1766 tamen
930 1724 997 1764 ex
1043 1708 1211 1762 citato
1261 1705 1479 1760 Eusebii
1531 1704 1803 1759 Chronico
1852 1702 1950 1757 Va-

368 1804 636 1859 lentinum
662 1819 805 1857 anno
829 1809 1038 1856 tantum
1084 1800 1184 1854 146
1228 1798 1491 1869 agnitum.
1516 1796 1658 1868 Ergo
1686 1796 1946 1859 inierunt,

370 1906 534 1951 antea
565 1912 665 1951 nec
688 1894 903 1966 agnitus
928 1900 1065 1959 erat,
1088 1907 1187 1948 nec
1213 1890 1439 1962 proinde
1462 1904 1591 1945 suos
1616 1888 1767 1943 ullibi
1795 1902 1950 1957 Spar-

369 1996 521 2045 serat
569 2002 805 2042 errores.
840 1985 946 2040 Sed
996 1984 1250 2055 quamvis
1282 1983 1401 2037 haec
1423 1997 1488 2037 ex
1518 1996 1582 2036 eo
1613 1996 1804 2050 urgere
1839 1994 1949 2034 non

369 2081 636 2135 deberent
680 2077 972 2144 Chronico,
1007 2077 1063 2130 in
1092 2090 1201 2146 quo
1228 2073 1422 2129 menda
1459 2087 1580 2128 esse
1614 2071 1945 2142 prmdieant;

369 2174 608 2228 dicimus
662 2179 843 2226 tamen
897 2170 953 2224 in
1007 2166 1386 2239 hujuscemodi
1434 2166 1653 2235 scriptis
1693 2164 1945 2229 verbum,

370 2268 700 2340 agnoscitur,
729 2280 842 2320 non
885 2265 962 2319 ita
1008 2262 1384 2333 accipiendum
1446 2274 1587 2325 esse,
1619 2273 1684 2313 ac
1728 2258 1775 2313 si
1803 2273 1948 2311 nun-

369 2376 535 2433 quam
562 2368 722 2414 antea
752 2357 1040 2413 haereticus
1072 2355 1161 2410 ille
1186 2372 1218 2409 a
1250 2369 1526 2426 quoquam
1556 2351 1772 2423 agnitus
1808 2350 1946 2406 l‘uis-

368 2462 490 2521 set;
538 2451 635 2507 sed
687 2450 825 2505 nihil
865 2448 1015 2504 aliud
1064 2447 1394 2519 signiﬁcare,
1426 2459 1593 2516 quam
1644 2443 1797 2497 illum
1846 2442 1943 2511 qui

368 2542 627 2613 privatim
682 2549 736 2597 et
785 2542 991 2597 sensim
1048 2540 1167 2594 sine
1218 2553 1382 2594 sensu
1412 2550 1662 2591 errorum
1710 2549 1940 2589 suorum

368 2651 577 2691 venena
632 2635 785 2705 prius
840 2632 1260 2704 propinaverat,
1313 2630 1427 2701 jam
1493 2628 1835 2700 apertissime
1876 2641 1940 2681 ea

369 2737 711 2798 spargentem
752 2727 822 2781 ab
850 2725 1107 2780 omnibus
1135 2724 1401 2795 agnitum.

2043 519 2097 563 et
2117 519 2261 564 secta
2287 508 2406 578 ejus
2431 524 2460 563 a
2479 508 2689 564 caeteris
2714 509 2969 564 omnibus
2992 520 3137 565 recte
3162 511 3414 566 distincta
3439 521 3542 578 est,
3570 520 3626 567 et

2045 599 2134 656 ille
2175 599 2243 654 ab
2286 598 2489 654 lrenaeo
2529 600 2653 669 jure
2701 601 3008 667 traditur",
3054 603 3311 672 antiquas
3360 605 3415 657 in
3461 617 3624 657 suum

2043 686 2415 741 characterem
2445 688 2810 743 transtulisse.
2860 686 2964 743 Sed
3015 706 3292 759 quaenam,
3326 692 3522 747 amabo
3548 701 3621 758 te,

2042 787 2126 834 est
2155 779 2243 832 illa
2280 776 2558 834 Valentina
2600 779 2811 833 forma?
2832 778 2951 833 Non
2977 795 3041 834 ea
3070 781 3291 851 quidem
3335 782 3440 837 sita
3465 791 3548 837 est
3573 782 3627 837 in

2044 871 2246 939 verbis,
2274 870 2409 938 Nus,
2447 870 2649 941 Logos,
2682 872 2761 926 vel
2797 870 2956 942 Sige;
3003 874 3438 944 quandoquidem
3468 894 3486 926 ι
3527 875 3632 931 Pa-

2046 965 2188 1016 trem
2218 962 2492 1025 innalum,
2526 962 2705 1031 inquit
2738 961 2969 1017 Dallaeus
2990 962 3057 1030 “,
3084 972 3139 1017 et
3177 962 3321 1031 Nun,
3352 974 3405 1019 et
3438 965 3626 1037 Logon

2044 1056 2188 1125 apud
2238 1055 2562 1120 Basilidem,
2594 1063 2650 1110 et
2691 1054 2855 1126 Sigen
2894 1057 3035 1126 apud
3075 1057 3443 1128 Antiphanem
3489 1074 3621 1129 poe-

2044 1156 2155 1200 tam
2207 1146 2443 1201 invenio.
2518 1165 2536 1197 t
2615 1146 2873 1213 Quaenam
2927 1155 3011 1201 est
3071 1163 3202 1218 ergo
3256 1147 3344 1202 illa
3412 1149 3627 1203 forma?

2052 1256 2071 1288 ε
2111 1236 2297 1307 Logon
2320 1254 2348 1293 e
2372 1237 2498 1311 Sige
2521 1248 2726 1302 ortum,
2755 1241 3103 1309 prosequitur
3133 1240 3365 1295 Dallreus
3387 1242 3456 1309 ",
3480 1243 3623 1311 apud

2047 1338 2301 1383 neutrum
2338 1330 2572 1385 invenio.
2607 1330 2681 1383 Ea
2712 1346 2893 1384 rerum
2923 1331 3213 1399 dispositio
3260 1333 3405 1402 apud
3457 1350 3628 1387 unum

2061 1419 2404 1475 Valentinum
2454 1423 2683 1492 ejusque
2710 1421 3010 1492 discipulos
3033 1432 3229 1477 exstat.
3264 1442 3282 1474 ι

2118 1511 2221 1567 Sed
2246 1512 2476 1568 Dallazus
2506 1529 2565 1568 ea
2606 1513 2872 1583 profecto,
2896 1529 3017 1583 quae
3048 1515 3212 1582 paulo
3246 1524 3371 1585 post
3401 1516 3633 1586 ipsemet

2051 1607 2257 1673 retulit,
2292 1607 2473 1661 lrenaei
2508 1608 2671 1661 verba
2703 1622 2811 1661 non
2850 1607 2985 1661 satis
3015 1616 3219 1662 attente
3264 1608 3484 1678 legerat.
3523 1606 3633 1662 Ire-

2049 1711 2201 1751 naeus
2227 1698 2427 1751 etenim
2454 1697 2527 1751 ibi
2563 1698 2629 1751 de
2662 1696 2970 1766 Antiphane
2999 1708 3156 1768 poeta
3184 1700 3265 1755 sic
3292 1700 3578 1755 disserit“
3610 1719 3625 1756 :

2059 1804 2078 1837 t
2122 1785 2276 1842 Unde
2294 1785 2479 1857 etipsi,
2532 1782 2916 1854 Valentiniani,
2974 1788 3078 1843 sibi
3111 1802 3456 1846 assumentes
3483 1790 3632 1847 labu-

2054 1876 2325 1931 lam.......
2377 1875 2725 1931 solummodo
2757 1876 3100 1933 demutantes
3143 1894 3333 1933 eorum
3386 1881 3631 1947 nomina,

2053 1967 2290 2038 idipsum
2340 1977 2520 2022 autem
2567 1968 2950 2023 universorunt
2994 1971 3361 2040 generationis
3389 1972 3629 2039 initium,

2050 2065 2106 2111 et
2150 2058 2504 2113 emissionem
2560 2060 2931 2127 ostendentes,
2970 2076 3068 2131 pro
3118 2070 3278 2117 nocte
3319 2073 3372 2117 et
3414 2064 3631 2119 silentio

2048 2150 2244 2206 Bithon
2270 2160 2324 2206 et
2352 2152 2513 2222 Sigen
2551 2154 3112 2210 nominantes.........
3154 2170 3217 2210 ac
3238 2170 3336 2225 pro
3360 2156 3552 2226 primis
3577 2166 3633 2212 et

2050 2244 2309 2299 maximis
2345 2243 2451 2299 diis
2492 2260 2675 2299 aeonas
2727 2243 3121 2313 formaverunt,
3148 2255 3202 2301 et
3241 2262 3340 2316 pro
3370 2248 3630 2303 secundis

2050 2336 2158 2391 diis
2198 2351 2342 2402 eam,
2371 2351 2495 2406 qua:
2525 2345 2679 2390 extra
2723 2337 3042 2407 pleromatis
3072 2338 3315 2408 ipsorum
3346 2348 3629 2405 enarrant,

2042 2431 2473 2501 dispositionem.
2518 2448 2535 2481 ι
2579 2428 2719 2496 Quid
2770 2446 2899 2485 vero
2956 2432 3103 2502 quod
3131 2430 3499 2487 Valentiniani
3529 2433 3631 2487 has

2041 2523 2343 2594 primorum
2405 2522 2631 2577 deorum
2663 2537 2729 2577 ac
2770 2537 2985 2577 menum
3028 2524 3428 2593 generationes,
3460 2524 3632 2578 emis-

2041 2615 2229 2672 siones‘
2255 2624 2312 2670 et
2348 2625 2503 2670 ortus
2533 2631 2642 2670 non
2675 2630 2705 2668 a
2739 2615 2967 2686 paganis
2994 2623 3229 2683 tantum,
3248 2616 3342 2671 sed
3363 2616 3529 2671 etiam
3557 2616 3629 2671 ab

2043 2706 2337 2774 haereticis,
2380 2707 2571 2764 eodem
2618 2709 2823 2763 Irenaeo
2867 2714 3032 2772 teste,
3064 2708 3474 2763 delibaverant?
3508 2710 3630 2780 Ipse

439 2822 533 2887 At,
558 2820 834 2890 inquiunt,
888 2816 1224 2883 Valentinus,
1269 2825 1406 2872 teste
1438 2812 1804 2877 Tertulliano,
1836 2812 1940 2867 sub
2037 2799 2375 2890 enimipaulo
2399 2816 2563 2870 supra
2599 2800 2820 2871 scriptis
2853 2800 3150 2856 tradiderat
3183 2818 3196 2855 ε
3235 2819 3253 2853 ε
3287 2799 3415 2856 "3‘30
3443 2809 3627 2857 autem

370 2928 630 2984 supremo
659 2911 957 2967 Eleutherii
986 2910 1327 2981 pontiﬁcatu,
1359 2908 1412 2963 id
1451 2916 1552 2974 est,
1583 2916 1645 2961 ut
1672 2905 1935 2971 diximus,

369 3007 517 3061 circa
564 3020 769 3060 annum
818 3002 944 3071 180,
1001 3001 1189 3057 Romae
1235 3001 1415 3055 adhuc
1470 2998 1933 3054 commorabatur.

2036 2906 2159 2961 quae
2181 2889 2324 2946 dicta
2349 2900 2477 2947 sunt
2506 2892 2572 2946 de
2592 2907 2758 2948 sensu
2796 2891 3133 2957 emissionis,
3170 2892 3423 2948 similiter
3448 2901 3503 2948 et
3528 2893 3627 2949 ad-

2037 2994 2227 3037 versus
2251 2996 2366 3049 eos,
2397 2982 2491 3053 qui
2529 2998 2561 3038 a
2608 2981 2843 3039 Basilide
2877 2992 3039 3053 sunt,
3068 2984 3333 3040 adversus
3375 2985 3621 3055 reliquos

368 3095 527 3154 Unde
577 3068 938 3154 concludunt.
964 3096 1115 3151 illum
1170 3094 1361 3166 lgnatii
1394 3101 1636 3163 tempore
1674 3102 1769 3147 aut
1799 3092 1940 3146 inter

2045 3068 2349 3137 Gnosticos,
2390 3087 2421 3126 a
2451 3071 2651 3141 quibus
2672 3072 2727 3127 bi
2751 3073 2902 3129 initia
2942 3074 3302 3130 emissionum
3335 3076 3612 3145 accipien-

368 3192 545 3258 vivos,
579 3200 677 3246 aut
722 3190 915 3245 saltem
947 3189 1087 3244 inter
1122 3202 1321 3257 pravos
1360 3187 1659 3242 haereseum
1689 3183 1940 3239 doctores

368 3302 480 3339 non
526 3283 773 3356 potuisse
804 3280 1173 3337 annumerari.
1205 3277 1310 3335 Sed
1354 3279 1408 3333 in
1435 3276 1755 3332 Tertulliani
1790 3275 1943 3330 libris

368 3373 750 3431 describendis
780 3381 1023 3428 erratum
1055 3371 1179 3439 fuit,
1207 3371 1291 3427 vel
1318 3368 1436 3441 ipse
1467 3387 1681 3428 errasse
1710 3385 1941 3425 censen-

368 3471 475 3526 dus
531 3478 636 3525 est.
678 3467 915 3523 irenaaus
964 3466 1166 3537 quippe
1204 3465 1654 3536 diligentissimus
1692 3478 1941 3518 errorum

370 3560 646 3616 Valentini
696 3558 1071 3630 investigator,
1116 3558 1170 3613 in
1217 3572 1340 3624 suo,
1394 3570 1556 3627 quem
1606 3554 1709 3609 sub
1751 3554 1943 3609 eodem

369 3652 687 3708 Eleutherio
727 3666 945 3707 summo
960 3650 1215 3721 pontiﬁce
1243 3649 1569 3720 composuit,
1595 3647 1758 3714 libro,
1790 3660 1942 3700 asse-

370 3749 525 3795 verat
561 3738 907 3794 Valentinum
939 3738 1315 3793 tantummodo
1347 3753 1519 3808 usque
1557 3737 1623 3792 ad
1656 3737 1943 3792 Anicetum

369 3845 586 3903 tempus
641 3832 828 3887 Romae
861 3846 1209 3903 prorogasse,
1234 3831 1286 3886 id
1314 3838 1396 3885 est
1454 3845 1561 3884 non
1597 3830 1819 3892 vixisse,
1851 3838 1947 3883 aut

370 3925 444 3978 ibi
484 3942 591 3979 non
622 3924 998 3993 comparuisse
1033 3923 1290 3993 amplius.
1322 3917 1461 3976 Huic
1495 3920 1688 3975 lrenazi
1722 3928 1943 3976 senten-

372 4018 461 4071 tiae
512 4016 837 4086 subscripsit
896 4014 1187 4082 Eusebius,
1234 4014 1468 4085 scriptor
1513 4012 1943 4068 oculatissimus.

370 4106 450 4161 Ex
481 4108 682 4178 quibus
713 4116 857 4161 recte
889 4106 1236 4161 concluditur
1264 4106 1558 4161 obscurum
1595 4120 1736 4172 esse,
1768 4105 1947 4159 omni»

370 4215 553 4270 noque
612 4200 883 4254 incertum
946 4214 1077 4253 num
1134 4196 1457 4253 Valentinus
1522 4194 1715 4267 lgnatii
1768 4194 1946 4252 nostri

374 4300 618 4361 tempore
646 4306 863 4346 errores
892 4291 1104 4360 aliquos
1140 4305 1247 4344 non
1280 4288 1541 4360 sparserit
1570 4287 1625 4341 in
1656 4286 1873 4360 vulgus.

508 4430 537 4503 ς
560 4429 650 4485 ιν.
696 4429 1093 4503 Valentiniano;
1116 4427 1263 4503 nunc
1286 4427 1351 4503 de
1379 4423 1501 4495 Sige
1528 4440 1756 4483 errorem
1781 4440 1814 4477 a

893 4498 1155 4569 Cnostt'cis
1187 4498 1450 4553 hausisse.

442 4638 553 4696 Fac
572 4648 757 4695 tamen
776 4637 1125 4694 Valentinum
1148 4634 1356 4706 lgnatio
1378 4634 1547 4691 fuisse
1562 4630 1945 4704 posteriorem,

375 4729 507 4802 quid
558 4731 685 4785 inde
735 4738 927 4785 contra
973 4724 1307 4783 sanctissimi
1351 4723 1608 4795 martyris
1652 4722 1945 4794 epistolas,

2045 3168 2149 3227 tes,
2178 3179 2197 3212 ι
2223 3170 2329 3217 etc.
2357 3162 2522 3232 Atqui
2554 3163 2675 3219 illas
2704 3164 2847 3220 inter
2867 3167 3093 3222 deorum
3117 3181 3182 3222 ac
3208 3182 3424 3221 atonum
3450 3170 3621 3224 emis-

2044 3253 2251 3319 siones,
2293 3254 2407 3309 sive
2447 3255 2678 3324 primas,
2711 3257 2826 3313 sive
2862 3258 3165 3325 secundas,
3199 3260 3389 3315 debuit
3436 3263 3629 3331 procul

2043 3344 2210 3400 dubio
2255 3362 2376 3401 esse
2424 3346 2602 3417 Logos
2642 3363 2673 3403 e
2711 3347 2837 3420 Sige
2874 3359 3049 3405 ortus.
3080 3349 3453 3407 Valentiniani
3484 3369 3619 3424 ergo

2045 3436 2199 3491 illum
2249 3436 2426 3509 Logos
2472 3448 2653 3494 ortum
2692 3457 2800 3496 non
2843 3457 3002 3496 secus
3026 3458 3090 3497 ac
3116 3443 3355 3512 reliquas
3398 3443 3628 3499 deorum

2045 3544 2273 3585 suorum
2307 3530 2635 3586 emissiones
2658 3531 2729 3585 ab
2751 3532 2990 3588 ethnicis
3012 3540 3175 3603 atque
3204 3532 3474 3588 haereticis
3506 3550 3630 3589 mu-

2048 3621 2187 3675 tuati
2228 3630 2377 3677 sunt.

2115 3711 2303 3783 Neque
2338 3728 2469 3768 vero
2502 3712 2575 3767 ibi
2605 3712 2751 3769 sistit
2778 3713 3033 3779 lrenzcus,
3065 3716 3160 3771 sed
3193 3716 3308 3787 ipse
3343 3718 3531 3774 eodem
3570 3719 3626 3774 itt

2044 3804 2167 3859 loco
2194 3803 2402 3859 addidit
2430 3822 2444 3858 :
2487 3823 2506 3856 ί
2549 3803 2624 3860 De
2647 3821 2711 3861 ea
2734 3817 2914 3861 autem
2940 3822 3060 3878 quae
3083 3816 3165 3863 est
3192 3825 3258 3863 ex
3282 3810 3365 3864 his
3389 3812 3627 3865 secunda

2043 3896 2341 3952 emissione
2390 3896 2632 3952 hominis
2672 3908 2726 3953 et
2778 3898 3040 3957 Ecclesiae
3073 3901 3178 3971 ipsi
3222 3911 3406 3972 patres
3435 3919 3626 3958 eorum

2046 3990 2186 4046 falso
2234 3992 2602 4061 c0gnominati
2665 3992 2909 4050 Gnostici
2974 3995 3292 4067 impugnant
3365 3998 3629 4053 adversus

2047 4083 2303 4151 invicem,
2333 4100 2432 4139 sua
2477 4085 2697 4156 propria
2725 4087 3087 4153 vindicantes,
3112 4098 3165 4143 et
3190 4089 3365 4143 malos
3392 4088 3541 4146 fures
3569 4104 3630 4145 se

2046 4193 2170 4233 esse
2217 4179 2626 4234 convincentes.
2659 4198 2678 4231 ›
2724 4178 2865 4247 Quid
2916 4190 3097 4236 autem
3138 4182 3255 4237 haec
3283 4184 3448 4237 verba
3478 4182 3629 4238 aliud

2053 4270 2390 4342 signiﬁcant,
2441 4286 2605 4341 quam
2658 4270 3169 4329 Valentiuianorum
3223 4283 3405 4345 patres
3454 4275 3630 4333 fuisse

2052 4360 2369 4427 Gnosticos,
2402 4377 2432 4416 a
2462 4363 2664 4433 quibus
2713 4363 2791 4418 illi
2847 4380 2956 4420 non
3000 4367 3228 4436 primam
3282 4368 3481 4436 solum,
3532 4370 3627 4425 sed

1978 4446 2024 4503 D
2051 4454 2213 4508 etiam
2258 4456 2554 4511 secundam
2611 4472 2826 4513 aeonum
2871 4459 3220 4515 emissionem
3273 4462 3629 4530 acceperant?

2044 4546 2179 4603 Eam
2212 4548 2355 4603 enim
2388 4549 2456 4603 ob
2476 4564 2701 4605 causam
2729 4551 2852 4620 puri
2884 4552 3130 4622 merique
3152 4551 3394 4609 Gnostiei
3431 4551 3628 4609 Valen-

2044 4637 2222 4692 tinum
2274 4637 2504 4708 ejusque
2534 4648 2854 4709 sectatores,
2891 4656 2958 4697 eo
2988 4643 3133 4712 quod
3162 4643 3217 4696 in
3249 4652 3464 4713 patrum
3496 4658 3629 4699 suo-

2048 4743 2171 4782 rum
2229 4728 2481 4784 doctrina
2533 4737 2589 4784 et
2639 4729 2855 4800 placitis
2908 4731 3145 4800 plurima
3205 4732 3625 4801 immutassent,

375 4825 424 4880 si
478 4822 801 4879 Valentinus
857 4824 998 4877 hanc
1048 4820 1116 4874 de
1148 4818 1296 4890 Logo
1333 4834 1363 4872 a
1395 4817 1521 4889 Sige
1551 4826 1672 4873 orto
1696 4816 1945 4872 haeresim
1975 4834 2018 4890 ς
2040 4818 2245 4873 «malos
2264 4818 2403 4873 feres
2418 4821 2994 4876 essemonvincebant.
3028 4822 3232 4878 Contra
3270 4826 3398 4881 verb
3429 4825 3627 4882 Valen-

375 4917 447 4971 ub
497 4915 769 4971 haereticis
822 4912 1212 4968 vetustioribus
1275 4911 1491 4977 hausit,
1544 4925 1708 4980 quam
1758 4910 1813 4964 in
1867 4909 1947 4967 eis

375 5008 602 5062 damnat
649 5006 924 5077 lgttatius?
968 5003 1228 5059 Concedit
1281 5010 1462 5057 autem
1514 5000 1766 5064 Dallzeus,
1798 5000 1873 5055 uti
1917 5016 1948 5055 a

377 5102 538 5155 nobis
564 5115 727 5170 supra
755 5100 1103 5155 observatum
1125 5104 1210 5151 est
1229 5096 1329 5160 “,t
1351 5095 1524 5165 ipsam
1541 5108 1722 5148 rerum
1755 5092 1948 5149 silvam

376 5204 541 5263 atque
563 5192 953 5257 materiam,ex
982 5204 1089 5261 qua
1126 5185 1449 5243 Valentinus
1482 5201 1579 5242 sua
1615 5187 1949 5257 composuit,

372 5286 487 5357 jam
520 5285 663 5356 apud
695 5284 1044 5346 vetustiores,
1074 5281 1272 5352 partim
1312 5279 1603 5335 Gnosticos
1642 5279 1949 5344 haereticos,

378 5378 573 5447 partim
586 5377 746 5432 etiam
764 5386 969 5446 poetas,
986 5372 1449 5444 autphilosophos
1462 5371 1708 5427 ethnicos
1722 5370 1746 5424 Ι·
1747 5371 1910 5426 uisse.
1923 5386 1944 5423 ι

375 5464 519 5529 Quid
584 5477 715 5534 ergo
771 5465 897 5518 novi
954 5462 1180 5534 protulit
1231 5460 1587 5517 Valentinus?
1638 5460 1952 5530 Respondet

383 5553 613 5610 Dallaeus
639 5555 792 5609 illum
816 5555 944 5611 huic
973 5554 1123 5610 silvae
1150 5568 1216 5610 ac
1243 5554 1486 5612 materiae
1515 5567 1712 5609 novam
1737 5553 1953 5609 dedisse

2052 4912 2250 4967 tiniani
2309 4912 2436 4967 illos
2496 4912 2583 4967 sui
2644 4915 2906 4985 temporis
2955 4913 3245 4972 Gnosticos
3304 4921 3625 4978 earumdem

2052 5004 2378 5059 incusabant
2428 5004 2893 5061 immutationum.
2937 5006 3058 5074 Quo
3110 5016 3257 5064 certe
3298 5026 3365 5065 ex
3397 5011 3627 5071 dissidio

2053 5106 2217 5165 atque
2264 5094 2524 5151 conﬂictu
2572 5106 2756 5166 aperte
2805 5099 3078 5170 colligitur
3126 5112 3392 5173 utrosque
3423 5112 3476 5159 et
3518 5104 3626 5160 Va-

2051 5187 2386 5243 lentinianos
2424 5196 2478 5243 et
2532 5190 2861 5259 posteriores
2894 5190 3182 5249 Gnosticos
3229 5195 3298 5248 ab
3343 5196 3623 5265 antiquio-

2052 5278 2207 5333 ribus
2253 5276 2527 5334 Gnosticis
2561 5293 2668 5333 non
2703 5280 2894 5334 silvam
2929 5281 3195 5337 duntaxat
3225 5292 3280 5338 et
3310 5286 3618 5353 materiam,

2054 5369 2148 5424 sed
2194 5370 2419 5425 deorum
2469 5385 2797 5442 teonumque
2849 5381 3005 5431 ortus
3065 5374 3319 5433 hausisse
3358 5384 3413 5433 et
3455 5379 3624 5435 emis-

2052 5476 2260 5519 810068.

2127 5552 2439 5624 Respondet
2490 5554 2798 5613 Dallzeanus
2842 5556 3098 5615 defensor
3156 5575 3264 5617 non
3307 5559 3625 5632 Gnosticos,

433 5677 479 5708 ‘°
508 5674 722 5748 Prolog.
753 5675 808 5729 in
842 5676 1020 5748 lib._tv
1074 5675 1210 5748 adv;
1234 5674 1448 5748 Valent.
1472 5676 1572 5748 UA“
1600 5674 1695 5730 lib.
1728 5687 1789 5748 tt_t
1849 5670 1970 5748 adv.
2007 5669 2196 5725 Valent
2226 5710 2242 5738 ,
2267 5686 2389 5748 cap.
2415 5672 2468 5728 5.
2511 5672 2557 5707 ⁸¹
2588 5689 2711 5746 pag.
2746 5673 2870 5731 305.
2913 5674 2959 5708 "
2986 5658 3081 5732 libi
3118 5691 3136 5731 ι
3195 5676 3320 5733 adv.
3383 5675 3622 5748 Valent.,

381 5760 503 5819 cap.
525 5748 579 5803 5.
659 5741 706 5779 ἰ
736 5760 862 5819 pag.
895 5746 1019 5803 503.
1096 5747 1143 5781 "
1173 5741 1307 5804 Ibid.

1394 5748 1440 5780 “
1470 5745 1565 5803 lib.
1600 5761 1639 5801 tt
1702 5744 1823 5804 adv.
1871 5740 2098 5810 Valcnt.,
2132 5757 2252 5814 cap.
2284 5740 2370 5797 t9.
