4138 6394
546 318 649 375 519

1616 318 1675 375 5.
1718 316 2073 375 lGNATlUS.
2118 350 2187 360 —-
2225 318 2760 377 PROLEGOMENA.

3722 328 3826 385 520

558 442 653 498 sed
707 440 984 497 Valentini
1020 442 1321 513 discipulos
1355 444 1454 500 has
1499 444 1876 500 doctrinarum
1908 461 2135 499 suarum
2165 449 2213 506 A
2239 446 2400 501 dictis
2441 466 2451 501 :
2490 467 2507 499 ι
2552 442 2787 503 Verbum
2827 465 2857 503 a
2898 450 3116 506 silentio
3157 449 3532 524 progrediens,
3566 469 3586 504 ι
3615 465 3828 520 praepo-

558 537 663 591 sibi
692 537 921 591 invicem
972 539 1337 606 exprobrasse
1369 548 1421 593 et
1462 538 1735 608 objecisse
1774 540 2131 595 mutationes.

557 627 663 684 Sed
727 630 905 700 ipsum
954 646 1165 697 eorum,
1213 647 1335 701 qua:
1383 647 1509 686 cum
1572 631 1775 685 Dallrco
1812 633 1976 701 paulo
2009 642 2135 687 ante

553 722 783 789 dixerat,
815 724 1101 792 Oportebat
1155 739 1278 778 esse
1341 739 1663 778 memorem.
1691 722 1826 777 Nam
1885 724 1974 777 ille
2024 739 2134 777 non

553 830 713 872 secus
764 832 831 871 ac
891 816 1126 872 Dallteus
1174 816 1524 872 Valentinum
1588 816 1777 872 Roma:
1836 816 2133 871 Eleutherii

550 907 710 977 Papze
742 918 1008 980 tempore,
1043 927 1152 981 quo
1185 914 1424 966 Irenzeus
1459 913 1624 977 hunc,
1661 926 1825 982 quem
1872 911 2130 977 citamus,

550 1004 750 1059 librum
786 1007 975 1069 edidit,
1018 1016 1420 1060 commoratum
1475 1004 1647 1061 fuisse
1693 1004 2132 1075 pertinacissime

550 1108 847 1153 asseverat.
902 1099 1066 1168 Atqui
1118 1099 1162 1153 si
1211 1101 1450 1153 lrenzeus
1484 1113 1550 1153 eo
1586 1099 1638 1152 in
1672 1098 1811 1153 libro
1854 1102 2132 1153 memorias

547 1192 785 1261 prodidit
827 1192 1225 1261 discipulorum
1262 1190 1534 1246 Valentini
1569 1193 1751 1261 patres
1787 1190 1957 1247 fuisse
1990 1192 2129 1247 alios

546 1284 791 1353 ejusdem
843 1283 1117 1339 Valentini
1177 1283 1511 1355 discipulos,
1548 1286 1621 1341 ita
1672 1294 1745 1340 'ut
1808 1283 2128 1339 Valentinus

550 1387 773 1446 nepotes
808 1388 937 1433 tunc
983 1379 1227 1446 haberet,
1253 1380 1319 1435 de
1352 1380 1521 1434 variis
1554 1380 1815 1436 doctrinae
1844 1396 1977 1447 suae,
2006 1394 2128 1452 quae

547 1471 616 1522 ab
664 1472 743 1525 cis
795 1470 951 1525 factae
1008 1473 1261 1539 fuerant,
1322 1473 1803 1529 immutationibus
1858 1477 2126 1530 acerrime

544 1562 917 1631 disputantes;
956 1564 1085 1618 hinc
1132 1565 1354 1633 planum
1410 1566 1872 1635 perspicuumque
1904 1564 2124 1619 fictVa-

544 1653 831 1721 leutinum,
881 1664 943 1709 ut
999 1671 1165 1725 supra
1224 1656 1573 1723 dicebamus,
1641 1657 1762 1727 ipso
1824 1656 2123 1711 Eleutherii

540 1747 856 1814 pontificatu
915 1762 1036 1802 esse
1087 1748 1245 1818 longe
1306 1748 1693 1818 antiquiorem.
1729 1747 1885 1814 Quod
1922 1765 2047 1803 cum
2090 1764 2119 1802 a

2237 547 2465 607 nuntur,
2494 555 2555 593 ea
2584 557 2709 595 cum
2738 540 3242 598 Valentinianorum
3273 544 3574 610 erroribus,
3602 540 3823 611 fabulis,

2236 638 2290 684 et
2343 630 2668 686 deliratioue
2721 635 2947 689 omnino
3004 637 3281 691 cohaerere
3336 634 3684 701 ostenderet;
3736 635 3826 692 ille

2236 730 2418 776 tamen
2447 724 2513 778 de
2529 723 2800 793 praecipuo
2812 726 2954 796 quod
2972 726 3169 783 ibidem
3193 728 3260 781 ab
3292 728 3507 798 lgnatio
3530 737 3819 795 tractatur,

2236 820 2583 881 argumento,
2639 813 2902 869 nimirum
2955 817 3125 870 vitam
3161 827 3405 873 nostram
3449 838 3469 871 ι
3515 820 3820 874 secundum

2233 900 2575 987 Judaismum
2639 924 2657 957 ›
2710 922 2821 962 non
2880 922 3005 963 esse
3050 909 3478 977 instituendam,
3530 927 3600 967 ne
3646 912 3820 967 ullum

2234 996 2454 1065 quidem
2499 997 2727 1052 verbum
2763 998 2910 1055 fecit.
2948 999 3103 1057 Unde
3133 1016 3265 1073 ergo
3296 1010 3407 1057 tam
3434 1004 3602 1058 altum
3632 1004 3817 1061 Dallzei

2233 1088 2696 1161 defensorumque
2742 1092 2863 1163 ejus
2919 1094 3022 1150 hac
3074 1096 3142 1150 de
3203 1111 3261 1151 re
3305 1097 3617 1152 silentium?
3657 1096 3817 1154 Nulla

2232 1194 2378 1239 certe
2407 1185 2510 1239 alia
2562 1186 2709 1241 illius
2751 1202 2919 1243 causa
2960 1188 3096 1255 fuit,
3130 1190 3237 1245 nisi
3283 1192 3412 1261 quia
3444 1190 3813 1248 Valentiniani

2231 1275 2337 1333 hoc
2392 1278 2460 1334 de
2517 1290 2843 1350 argumento
2895 1282 3084 1336 eadem
3134 1284 3814 1355 aclgnatius,cazterique

2230 1385 2421 1427 omnes
2475 1373 2770 1428 orthodoxi
2830 1376 3117 1431 sentirent.
3176 1374 3295 1430 Jam
3351 1391 3481 1431 vero
3537 1391 3663 1431 cum
3722 1391 3813 1432 res

2228 1463 2420 1531 procul
2451 1463 2620 1518 dubio
2661 1465 2735 1519 ita
2782 1480 2841 1520 se
2871 1464 3087 1532 habeat,
3116 1466 3185 1520 ab
3210 1466 3539 1521 adversariis
3564 1466 3810 1536 postula—

2228 1572 2373 1622 mus,
2411 1574 2543 1613 num
2589 1560 2753 1615 alicui
2805 1561 3089 1631 probabile
3128 1562 3221 1617 fiet
3252 1562 3521 1633 lgnatium
3547 1562 3616 1618 ad
3649 1561 3810 1617 refel-

2225 1651 2416 1706 lcndos
2457 1650 2871 1709 Valentinianos
2922 1654 2995 1708 ibi
3045 1655 3293 1709 animum
3359 1656 3669 1726 appulisse,
3713 1656 3808 1711 ubi

2225 1758 2467 1799 errorem
2500 1745 2568 1799 ab
2596 1746 2789 1801 haeresi
2815 1745 3197 1801 Valentiniana
3226 1750 3453 1804 omnino
3475 1749 3809 1816 alienu,m,et

544 1838 826 1894 I)allaeanis
859 1840 1143 1909 praefracte
1191 1851 1436 1911 negetur,
1474 1842 1605 1896 illud
1637 1842 1706 1897 ab
1745 1845 1953 1898 Irenaeo
1987 1844 2124 1899 seri-
2155 1828 2199 1888 Β
2226 1837 2533 1894 rationibus
2565 1837 2631 1891 ad
2661 1852 2780 1892 eam
2815 1838 2967 1893 nullo
3008 1840 3173 1895 modo
3210 1841 3586 1911 spectantibus
3626 1843 3808 1914 impu-

538 1938 689 1998 plum
734 1947 841 1985 non
876 1931 1044 1986 fuisse
1080 1933 1181 2001 ipsi
1217 1931 1490 1987 fateantur
1525 1950 1747 1990 necesse
1779 1944 1880 1990 est.

607 2023 696 2085 At,
718 2024 1219 2093 inquies,qu:enam
1248 2025 1413 2095 igitur
1440 2038 1559 2081 erat
1593 2010 1990 2085 Valentinianus
2030 2046 2119 2085 se-

534 2122 634 2169 cta:
667 2113 842 2169 forma
866 2116 1158 2187 peculiaris
1188 2126 1241 2172 et
1267 2120 1526 2189 propria?
1550 2119 1963 2191 Respondemus
1994 2139 2116 2177 eam

531 2223 674 2273 esse,
708 2224 831 2278 qua:
864 2211 1055 2264 Irenmi
1101 2210 1305 2277 verbis,
1328 2227 1358 2265 a
1389 2212 1549 2269 nobis
1579 2212 1693 2283 jam
1732 2216 1940 2282 relatis,
1968 2216 2118 2271 desi-

532 2310 730 2372 guatur
767 2321 778 2357 :
819 2322 837 2354 ι
880 2302 1234 2360 Demutautes
1272 2306 1520 2371 nomina,
1551 2314 1605 2361 et
1658 2322 1757 2377 pro
1818 2308 2013 2378 primis
2062 2318 2118 2365 et

531 2396 787 2451 maximis
820 2396 927 2451 diis
976 2412 1162 2453 aeonas
1213 2397 1612 2464 formaverunt,
1644 2410 1699 2454 et
1730 2414 1828 2468 pro
1859 2402 2115 2456 secundis

529 2486 635 2543 diis
662 2504 807 2554 eam,
850 2505 972 2557 quae
1000 2500 1154 2543 extra
1202 2490 1521 2559 pleromatis
1557 2490 1801 2561 ipsorum
1831 2502 2111 2559 enarrant,

527 2581 965 2649 dispositionem.
1012 2600 1029 2633 ›
1086 2584 1263 2652 Atque
1309 2583 1376 2637 iis
1423 2583 1742 2639 nominibus
1792 2600 1963 2639 novos
1995 2583 2111 2639 for-

529 2677 671 2729 sitan
715 2676 1065 2742 addiderunt,
1094 2677 1173 2731 vel
1199 2677 1631 2730 immutaverunt
1663 2676 2022 2732 emissionum
2058 2688 2113 2733 et

528 2778 750 2824 ortuum
808 2770 1047 2823 ordines.
1080 2768 1351 2823 Caeterum
1385 2769 1452 2823 ad
1478 2783 1677 2823 novatn
1722 2769 1863 2823 inter
1896 2769 2112 2825 lucreti-

526 2876 643 2927 cos,
679 2860 922 2915 maxime
953 2875 1084 2915 vero
1140 2859 1579 2926 Valentinianos,
1622 2859 1964 2915 condendam
2017 2875 2109 2916 se-

524 2965 668 3009 ctam
705 2968 816 3008 non
852 2969 1049 3023 magna
1083 2954 1344 3008 doctrina:
1366 2952 1675 3007 immutatio
1704 2952 2105 3023 requirebatur,

524 3058 587 3100 ut
618 3061 685 3100 ex
722 3045 813 3112 iis,
843 3059 965 3115 qua:
998 3046 1064 3101 de
1094 3044 1394 3099 Ptolomteo
1442 3054 1630 3099 narrat
1678 3045 2103 3115 Augustinus",

523 3142 704 3213 quivis
740 3140 899 3196 facile
926 3141 1190 3212 intelligat
1219 3160 1233 3195 :
1268 3159 1286 3192 ι
1323 3140 1675 3208 Ptolommus,
1701 3140 1897 3211 inquit,
1933 3142 2103 3197 disci-

2224 1932 2443 2001 gnabat.
2477 1929 2745 1987 Praeterea
2774 1946 2903 1987 vero
2931 1932 3065 1988 illud
3092 1936 3239 2005 quod
3262 1935 3528 2007 objiciunt
3553 1937 3622 1993 ab
3646 1941 3808 2012 Igna‘

2224 2023 2298 2078 tio
2345 2021 2552 2077 dictum
2592 2041 2610 2074 ι
2649 2022 2887 2079 Verbum
2931 2041 2960 2080 a
2992 2026 3211 2082 silentio
3239 2030 3630 2101 progrediens;
3673 2053 3691 2086 ι
3731 2035 3803 2092 ibi

2221 2116 2385 2170 unius
2440 2117 2705 2171 momenti
2767 2129 2820 2173 et
2872 2123 3395 2191 argumentationis,
3457 2141 3564 2197 qua
3628 2128 3802 2199 legem

2225 2204 2525 2263 Mosaicam
2580 2226 2687 2265 non
2725 2212 2960 2281 amplius
3011 2216 3335 2271 servandam
3382 2234 3506 2274 esse
3559 2222 3803 2291 lgnatius

2217 2299 2432 2369 probat,
2458 2310 2668 2371 partem
2701 2304 3061 2362 constituunt.
3098 2305 3235 2362 Cum
3285 2324 3417 2381 ergo
3454 2319 3565 2367 tota
3596 2313 3687 2368 illa
3713 2329 3800 2369 ar-

2217 2395 2554 2464 gumentatio
2608 2396 2675 2451 ad
2717 2394 3136 2457 Valentinianos
3184 2416 3295 2456 non
3343 2412 3582 2474 spectet;
3620 2421 3800 2478 neque

2217 2502 2383 2542 unam
2458 2488 2580 2559 ejus
2658 2501 2870 2560 partem
2930 2494 2998 2549 ad
3055 2509 3151 2551 eos
3216 2497 3527 2567 respexisse
3586 2510 3797 2557 certum

2213 2581 2448 2637 videtur.

2286 2676 2393 2734 Sed
2427 2693 2547 2748 age,
2579 2693 2694 2733 rem
2726 2680 2899 2749 ipsam
2934 2688 3190 2736 accurate
3224 2680 3606 2752 inspiciamus.
3652 2682 3797 2739 Dicit

2212 2771 2881 2829 DallazusValentinianos
2908 2773 3163 2830 docuisse
3194 2775 3251 2830 in
3274 2776 3398 2830 [icta
3424 2790 3637 2830 multum
3665 2792 3796 2833 suo-

2211 2882 2332 2921 rum
2368 2867 2705 2938 genealogia,
2742 2884 2759 2918 ι
2799 2882 2865 2921 ex
2896 2864 3021 2937 Sige
3049 2869 3304 2921 eductum
3346 2864 3535 2937 Logon
3565 2868 3651 2923 vel
3687 2869 3793 2923 im-

2209 2959 2465 3025 mediate,
2502 2969 2561 3013 ut
2590 2973 2619 3011 a
2643 2967 2818 3011 matre
2842 2956 3049 3023 filium;
3084 2957 3169 3012 vel
3196 2957 3450 3023 mediate,
3485 2966 3544 3010 ut
3578 2958 3646 3011 ab
3670 2960 3791 3012 avia

2207 3060 2485 3121 nepotem.
2527 3067 2546 3101 ι
2587 3047 2691 3103 Sed
2726 3050 2817 3105 ille
2858 3049 2961 3103 hac
3002 3048 3337 3116 disiunctiva
3374 3047 3786 3117 conjunctione,

2216 3158 2235 3193 ι
2255 3139 2900 3198 immediatevelmediate
2922 3152 2939 3190 ›
2962 3154 3069 3194 non
3090 3140 3208 3194 sine
3231 3140 3358 3195 dolo
3387 3140 3561 3194 utitur
3586 3156 3599 3191 :
3632 3150 3693 3194 ut
3722 3156 3788 3196 ea

523 3234 684 3301 pulus
719 3230 993 3285 Valentini
1027 3232 1280 3286 haeresim
1332 3247 1533 3287 novam
1578 3232 1818 3288 condere
1850 3235 2098 3302 cupiens,
2130 3208 2171 3266 Ο
2206 3235 2468 3289 nimirum
2516 3234 2710 3289 fraude
2756 3230 3173 3287 Valentinianos
3229 3232 3298 3288 ab
3332 3240 3555 3289 auctore
3598 3243 3789 3290 nostro

521 3337 758 3394 quatuor
786 3340 993 3390 azouas,
1026 3334 1078 3379 et
1112 3325 1250 3379 alios
1287 3333 1525 3396 quatuor
1551 3340 1799 3381 asserere
1830 3327 2043 3381 maluit.
2080 3345 2099 3378 ι

522 3419 578 3471 Si
632 3418 746 3473 hare
799 3419 912 3473 sola
966 3418 1198 3472 mutatio
1250 3432 1448 3471 novam
1504 3418 1645 3472 inter
1693 3416 2104 3474 Valentinianos

520 3522 723 3569 sectam
756 3516 982 3581 creavit,
1011 3514 1213 3568 frustra
1266 3512 1321 3567 in
1357 3512 1683 3582 inquirenda
1735 3528 1875 3567 nova
1906 3512 2105 3568 Valen-

520 3608 742 3663 tiuiana:
795 3619 956 3663 sectae
1005 3607 1182 3662 forma
1217 3606 1449 3661 desudat
1487 3605 1741 3672 Dallaeus,
1769 3622 1892 3677 qua:
1918 3605 1975 3660 in
2010 3620 2103 3660 su-

518 3704 827 3771 perioribus
852 3701 1037 3757 lrenaei
1067 3701 1250 3757 verbis
1281 3700 1440 3754 facile
1468 3700 1803 3771 agnoscitur.

586 3798 775 3867 Neque
831 3806 948 3852 erat
998 3795 1145 3866 quod
1188 3796 1332 3849 ultra
1367 3794 1455 3849 ille
1482 3794 1807 3864 objicerct“
1831 3792 2099 3863 scripturn

516 3908 546 3946 a
582 3891 979 3945 Tertulliano"
1012 3900 1137 3944 ante
1167 3888 1522 3955 Marcioncm,
1557 3898 1612 3943 et
1635 3887 1897 3958 Apellem,
1919 3896 1973 3943 et
2002 3902 2100 3941 au-

519 3996 736 4054 thuam
772 3982 1098 4037 Valentinus
1142 3996 1326 4035 :conas
1357 3995 1489 4035 suos
1519 3981 1888 4051 praedicasset,
1924 3980 2099 4035 nemi-

516 4092 641 4129 nem
677 4075 934 4129 docuisse
964 4074 1131 4127 alium
1159 4089 1282 4129 esse
1313 4072 1483 4127 Deum
1519 4081 1840 4129 creatorem.
1877 4072 1956 4127 Ex
1988 4088 2099 4143 quo

516 4167 785 4223 inferebat
820 4167 962 4221 idem
1016 4165 1247 4221 Dallazus
1290 4164 1639 4220 Valentinum
1672 4166 1808 4221 nihil
1840 4166 1911 4221 ab
1956 4167 2099 4221 anti-

516 4262 642 4331 quis
672 4274 795 4314 esse
835 4266 1166 4313 mutuatum.
1198 4256 1334 4312 Nam
1368 4267 1492 4311 ante
1529 4254 1807 4313 Valentini
1853 4267 2097 4329 tempora

515 4354 657 4407 hanc
691 4352 1023 4422 impietatem
1055 4366 1084 4405 a
1126 4350 1383 4417 Basilide,
1412 4349 1715 4417 Saturnilo,
1754 4360 1921 4418 atque
1947 4351 2100 4407 Gno:

515 4444 670 4500 sticis
703 4443 1106 4513 antiquioribus
1133 4442 1547 4498 disseminatam
1577 4441 1748 4497 fuisse
1782 4442 1857 4496 ita
1886 4454 2095 4497 certum

2205 3324 2553 3395 impugnatos
2590 3324 2823 3378 incautis
2852 3332 2905 3378 et
2938 3322 3370 3393 simplicioribus
3400 3326 3783 3394 persuaderet.

2203 3415 2340 3471 Nam
2369 3416 2731 3471 Valentiniani
2777 3430 3060 3485 nunquam
3091 3429 3157 3469 ex
3214 3414 3339 3487 Sige
3386 3414 3789 3487 Logonimme-

2202 3511 2347 3564 diale
2402 3510 2657 3564 eductum
2712 3508 2969 3564 docuisse
3022 3508 3399 3579 perhibentur.
3457 3508 3585 3565 Βίης
3618 3511 3787 3583 igitur

2201 3603 2585 3673 disjunctionis
2607 3601 2895 3657 Dallaeanm
2915 3617 3043 3673 pars
3065 3602 3388 3670 immediate,
3413 3617 3444 3657 e
3472 3601 3653 3658 medio
3679 3604 3786 3659 tol-

2201 3694 2361 3749 lenda
2385 3704 2485 3749 est.
2510 3694 2749 3749 lrenaeus
2779 3693 3082 3759 enimvero,
3114 3690 3508 3759 Tcrtulliauus,
3540 3690 3782 3761 Epipha-

2200 3787 2345 3850 nius,
2381 3786 2745 3856 Augustinus,
2797 3794 2960 3855 atque
3014 3785 3128 3849 alii,
3162 3785 3258 3856 qui
3292 3785 3360 3840 de
3388 3783 3780 3839 Valentiniana

2202 3880 2393 3935 haeresi
2428 3880 2757 3949 disseruere,
2792 3878 3015 3934 tradunt
3040 3879 3183 3933 inter
3230 3879 3387 3935 ﬁctos
3438 3878 3780 3935 Valentinia-

2201 3985 2397 4025 norum
2438 3971 2591 4037 deos,
2644 3980 2699 4027 et
2751 3971 3040 4041 utriusque
3096 3986 3262 4027 sexus
3306 3986 3521 4039 arenas,
3570 3971 3780 4041 primos

2200 4062 2373 4119 fuisse
2401 4062 2598 4118 Bithon
2629 4072 2684 4119 et
2718 4062 2905 4135 Sigen,
2942 4079 3039 4119 seu
3087 4062 3387 4131 silentium,
3419 4072 3473 4119 et
3497 4079 3563 4119 ex
3585 4079 3777 4120 eorum

2200 4156 2458 4227 conjugio
2494 4158 2831 4227 processisse
2881 4155 3005 4211 Nun
3054 4164 3110 4210 et
3139 4154 3433 4210 Veritatem
3455 4197 3473 4223 ,
3516 4165 3680 4227 atque
3710 4172 3779 4212 ex

2198 4250 2321 4306 istis
2354 4252 2551 4307 deinde
2594 4251 2932 4322 processisse
2958 4248 3197 4304 Verbum
3237 4264 3333 4304 seu
3366 4249 3577 4321 Logon,
3607 4260 3662 4307 et
3683 4250 3781 4305 Vi-

2198 4350 2334 4397 tam.
2371 4341 2449 4396 Ex
2480 4343 2682 4413 quibus
2715 4343 2838 4397 luce
2861 4340 3163 4396 meridiana
3183 4340 3386 4396 clarius
3403 4350 3487 4397 est
3514 4357 3611 4399 eos
3640 4343 3777 4397 nihil

2199 4435 2346 4490 aliud
2382 4435 2609 4501 dixisse,
2646 4449 2812 4505 quam
2842 4432 3029 4504 Logon
3056 4434 3395 4503 processisse
3422 4443 3635 4489 tantum
3664 4450 3776 4488 me-

514 4549 630 4605 est,
679 4547 737 4593 ut
785 4537 970 4591 Dallazi
1019 4536 1274 4592 defensor
1330 4536 1483 4591 illum
1544 4535 1649 4589 hac
1689 4534 1743 4588 in
1778 4549 1839 4589 re
1877 4535 2095 4604 penitus
2126 4559 2170 4614 ι)
2200 4528 2348 4581 diale
2372 4543 2439 4583 ex
2470 4526 2616 4597 Sige,
2650 4536 2909 4597 tanquam
2946 4526 3015 4581 ab
3041 4526 3162 4580 avia
3198 4527 3394 4582 tilium.
3425 4528 3562 4595 Quis
3591 4539 3774 4585 autem

514 4636 783 4698 deserere,
836 4645 1189 4699 erroremque
1222 4629 1389 4693 illius,
1443 4642 1606 4698 quem
1639 4625 1817 4680 celare
1857 4626 2095 4696 amplius

514 4741 624 4779 non
680 4732 911 4794 poterat,
947 4722 1242 4792 aliquando
1313 4722 1535 4775 tandem
1573 4715 1816 4773 confiteri
1870 4728 2095 4773 coactus

544 4818 643 4849 ςοσιο

544 4827 556 4872 l
598 4827 663 4871 '“’.

512 4835 537 4874 S
565 4827 634 4983 ιδ
663 4908 729 4964 V.
764 4908 1039 4981 Ignatium
1068 4909 1165 4983 ~ad
1212 4908 1621 4983 Valentinianos
1653 4906 1801 4961 nullo
1847 4905 2002 4958 modo

876 4981 1182 5050 respexisse,
1206 4980 1296 5034 sed
1326 4980 1394 5033 ad
1425 4978 1727 5032 Ebiom’tas.

579 5091 754 5147 Porro
787 5106 1129 5163 quaecunque
1156 5090 1249 5144 illa
1281 5089 1445 5144 fuerit
1478 5099 1640 5144 sectae
1670 5087 2087 5142 Valentiniano-

510 5201 634 5241 rum
666 5185 860 5250 forma,
883 5199 1148 5254 errorque
1172 5182 1468 5254 peculiaris
1501 5191 1554 5237 et
1583 5181 1860 5251 proprius,
1897 5181 1963 5235 ad
1992 5196 2088 5235 eos

511 5279 749 5351 lgnatius
767 5277 1083 5333 nullomodo
1106 5275 1438 5344 collineavit,
1463 5276 1742 5345 multoque
1763 5276 1946 5329 minus
1968 5289 2087 5339 eos,

512 5384 572 5429 ut
601 5375 676 5429 ait
702 5374 955 5439 Dallreus,
996 5393 1015 5425 ι
1053 5373 1400 5443 apertissime
1443 5370 1620 5426 caedit.
1655 5388 1674 5419 ι
1712 5368 1850 5421 Illud
1899 5375 2082 5420 autem

512 5485 578 5523 ex
612 5484 679 5524 eo
711 5469 858 5522 clare
895 5468 1326 5533 demonstratur,
1368 5464 1515 5535 quod
1548 5462 1800 5533 quamvis
1852 5459 2083 5513 Dallaeus

512 5559 647 5613 nulli
700 5557 1004 5627 pepercerit
1054 5557 1264 5622 labori,
1299 5565 1360 5611 ut
1401 5555 1587 5610 omnia
1621 5569 1743 5626 quae
1774 5552 1861 5608 his
1892 5549 2087 5622 lgnatii

591 5728 749 5793 "lib.
783 5755 799 5792 ι
850 5738 925 5793 De
948 5741 1132 5795 lateres.
1210 5740 1255 5772 ⁸⁸
1283 5753 1404 5809 cap.
1445 5738 1531 5805 η,
1567 5754 1621 5811 p.
1660 5735 1786 5793 298.

2198 4620 2255 4675 in
2283 4621 2529 4674 animum
2587 4620 2689 4675 sibi
2723 4620 2966 4685 inducat,
3008 4618 3279 4691 lgnatium
3313 4621 3404 4675 ubi
3438 4623 3577 4677 alios
3605 4637 3773 4693 quam

2202 4710 2708 4767 Valentinianorum
2759 4726 2975 4769 errores
3032 4712 3249 4781 refellit,
3298 4713 3369 4769 ad
3418 4728 3515 4769 eos
3564 4722 3772 4781 tamen,

2196 4819 2401 4875 eosque
2449 4805 2599 4861 solos
2648 4807 2981 4876 respexisse,
3023 4823 3150 4863 cum
3187 4824 3201 4860 :
3245 4826 3265 4860 ‹
3316 4806 3556 4863 Verbum
3594 4823 3703 4863 non
3739 4824 3772 4865 a

2198 4896 2419 4952 silentio
2454 4899 2843 4968 progrediens,
2883 4920 2901 4953 ι
2939 4915 3040 4956 nec
3061 4902 3216 4971 plura
3239 4902 3304 4957 ad
3336 4916 3432 4957 eos
3471 4902 3774 4971 spectantia

2197 4989 2399 5044 ibidem
2430 4991 2729 5046 scriberet?
2754 4992 2867 5048 Cur
2894 5008 2925 5047 a
2946 4992 3060 5048 ﬁlio
3084 4994 3150 5049 ad
3185 4994 3365 5050 aviam
3410 4996 3562 5050 nullo
3590 4996 3772 5051 medio

2195 5081 2488 5136 transivit?
2511 5082 2625 5138 Cur
2656 5100 2756 5141 nec
2798 5086 2867 5142 de
2893 5096 3069 5158 patre,
3098 5102 3201 5143 nec
3227 5089 3296 5145 de
3340 5100 3533 5155 matre,
3574 5107 3677 5148 nec
3704 5092 3772 5148 de

2195 5173 2338 5229 ﬁctis
2372 5174 2605 5230 aliorum
2625 5192 2842 5232 (conum
2875 5179 3167 5251 conjugiis,
3198 5183 3538 5253 parentibus,
3561 5183 3687 5240 ﬁliis
3704 5201 3773 5241 ne

2194 5283 2365 5322 unum
2395 5270 2615 5340 quidem
2651 5271 2844 5326 habuit
2872 5273 3136 5327 verbum?
3162 5272 3321 5329 Ratio
3343 5291 3476 5330 sane
3503 5277 3555 5330 in
3586 5291 3773 5347 prom-

2191 5374 2290 5431 ptu
2327 5372 2431 5429 est,
2481 5372 2536 5420 et
2573 5366 2749 5421 cuivis
2786 5379 2946 5435 aequo
2981 5380 3166 5421 rerum
3216 5369 3537 5424 aestimatori
3586 5371 3770 5438 obvia,

2193 5454 2461 5526 lgnatium
2514 5473 2709 5528 nempe
2752 5474 2878 5514 cum
2920 5474 3076 5515 suam
3106 5460 3256 5516 dedit
3288 5462 3597 5533 epistolam,
3631 5462 3769 5520 nihil

2193 5547 2262 5603 de
2287 5545 2681 5605 Valentinianis
2703 5550 2993 5620 cogitasse.

1868 5738 1912 5773 "
1941 5736 2149 5795 'l'ertul.
2187 5738 2261 5794 De
2292 5742 2615 5810 prtescript.,
2641 5756 2759 5812 cap.
2804 5742 2892 5799 54.
2937 5743 2980 5775 ⁸ο
3013 5756 3134 5813 pag.
3166 5742 3292 5800 2M,
