4138 6394
358 330 455 387 521

1334 330 1397 385 ι).
1439 329 1731 389 Νουιὶιὶιι
1768 334 2249 395 DISSERTATIO.
2286 370 2351 378 —
2390 338 2570 395 PARS
2606 339 2649 394 1.

3520 347 3624 402 539.

422 431 494 485 At
518 427 565 485 si
602 425 955 499 perspicuum
990 436 1076 483 est
1101 425 1371 500 lgnatium
1418 432 1486 485 ad
1531 430 1938 490 Valentinianos
1968 443 2014 497 Α
2043 437 2293 505 silentio,
2316 440 2445 508 quia
2472 439 2589 509 ipsa
2613 448 2698 495 est
2746 438 2923 498 Patris
2965 442 3292 513 sempiterna
3337 439 3562 500 locutio.
3600 467 3619 496 ι

352 538 460 576 non
492 520 840 583 collincasse,
871 529 1021 575 certe
1068 519 1358 575 manifeste
1387 533 1613 591 apparet
1652 522 1940 580 Ebionitas

351 615 423 668 ab
450 628 518 667 eo
548 611 882 683 impugnari.
933 609 991 666 ld
1032 610 1271 682 Moynio,
1294 612 1489 667 ultimo
1523 615 1617 683 qui
1650 615 1753 671 hac
1784 616 1852 671 de
1882 632 1942 671 re

351 706 600 776 scripsit,
625 705 752 760 licet
774 704 1109 759 Calvinianae
1138 713 1302 760 secta:
1330 706 1610 774 ministro,
1640 708 1777 764 adeo
1816 724 1940 779 per-

353 813 589 854 suasum
624 807 773 863 erat,
829 806 891 851 ut
936 798 1081 852 hanc
1139 797 1324 852 Dallaei
1361 799 1745 869 objectionem,
1778 802 1940 857 sicuti

354 906 528 963 supra
571 888 1040 952 memorabamus,
1075 890 1282 946 nullius
1311 891 1395 945 vel
1436 891 1649 946 minimi
1676 908 1809 948 sane
1829 909 1945 949 mo-

355 984 527 1040 menti
555 998 678 1040 esse
700 983 877 1054 palam
897 984 1201 1053 meritoque
1228 984 1681 1052 pronuntiaverit.
1707 983 1943 1041 Verum-

356 1079 641 1133 enimvero
661 1084 873 1132 certum
903 1089 987 1132 est
1016 1076 1286 1147 lgnatium
1317 1086 1510 1131 contra
1535 1090 1632 1132 eos
1675 1092 1940 1148 pugnare,

354 1170 454 1240 qui
500 1170 676 1241 legem
727 1167 1024 1223 Mosaicam
1066 1167 1391 1223 servandam
1418 1182 1540 1223 esse
1570 1168 1941 1225 afﬁrmabant.

358 1262 488 1318 Illos
519 1262 666 1318 enim
694 1261 780 1317 his
806 1261 989 1317 verbis
1021 1262 1335 1333 aggreditur
1361 1279 1375 1315 :
1415 1280 1434 1313 ι
1473 1260 1592 1316 Νοη
1615 1263 1810 1318 erretis
1844 1278 1944 1319 ex-

359 1356 571 1412 traneis
594 1354 971 1425 opinionibus,
1000 1369 1181 1425 neque
1210 1354 1410 1412 fabulis
1440 1356 1740 1422 veteribus,
1774 1356 1947 1411 inuti-

360 1447 507 1502 libus
536 1444 942 1501 exsistentibus.
972 1443 1029 1500 Si
1061 1446 1210 1501 enim
1244 1462 1419 1519 usque
1448 1463 1597 1504 nunc
1639 1449 1944 1504 secundum

357 1536 707 1593 Judaismum
739 1538 1000 1604 vivimus,
1042 1538 1374 1594 conﬁtemur
1395 1539 1629 1609 gratiam
1658 1557 1764 1595 non
1790 1557 1947 1597 acce-

360 1635 530 1705 pisse.
568 1653 585 1684 ι
608 1634 773 1703 Atqui
798 1631 1170 1688 certissimum
1190 1641 1276 1688 est
1305 1632 1453 1689 hunc
1475 1648 1719 1689 errorem
1745 1636 1813 1690 de
1836 1635 1945 1690 vita

357 1727 428 1781 ad
474 1723 746 1780 Judaismi
784 1738 1037 1778 normam
1091 1724 1300 1796 agenda
1348 1724 1418 1779 ab
1452 1723 1723 1780 Ebionitis
1776 1726 1947 1782 fuisse

2115 528 2319 585 Contra
2358 540 2541 586 tamen
2586 530 2817 588 Dallams
2847 551 2861 587 :
2895 532 2953 588 Si
2996 534 3113 589 hate
3157 535 3356 600 verba,
3390 554 3410 587 ι
3450 552 3563 591 non
3594 554 3623 592 a

2045 620 2264 677 silentio
2293 623 2670 694 progrediens,
2702 639 2722 674 ι
2759 635 3041 693 exponunt
3067 623 3301 681 Verbum
3333 637 3625 692 :eternum,

2050 732 2067 765 (
2087 713 2244 784 plane
2257 714 2452 779 etiosa,
2468 712 2661 784 inquit,
2683 726 2828 772 esset
2850 714 3040 787 lgnatii
3067 719 3264 787 oratio,
3295 729 3350 775 et
3370 720 3588 777 vitiosa:
3604 744 3622 774 ›

2044 804 2242 872 otiosa,
2271 808 2555 877 quoniam,
2592 827 2611 859 ‹
2645 809 2689 864 si
2720 808 2956 865 Verbum
2988 819 3074 867 est
3111 822 3397 882 a-ternum,
3430 829 3495 870 eo
3510 815 3628 886 ipso

2044 911 2156 951 non
2205 900 2372 969 cmpit
2407 914 2439 955 a
2484 900 2743 956 silentio:
2783 921 2800 953 ι
2841 902 3069 968 vitiosa,
3099 905 3229 975 quia
3265 924 3285 956 ι
3320 922 3483 962 nemo
3516 923 3627 962 non

2045 990 2196 1046 videt
2221 993 2423 1050 rectius
2458 1012 2477 1046 ›
2507 994 2823 1064 clariusque
2848 994 2956 1050 dici
2980 993 3223 1051 Verbum
3255 996 3435 1054 Patris
3466 1008 3629 1055 teter-

2048 1098 2177 1138 nnm
2213 1103 2232 1136 ε
2265 1100 2407 1145 esse.
2439 1102 2608 1157 quam
2638 1086 2692 1142 id
2721 1102 2753 1142 a
2783 1087 3025 1151 silentio,
3063 1098 3159 1142 aut
3186 1101 3311 1160 post
3346 1091 3628 1147 silentium

2045 1176 2297 1245 coepisse.
2330 1197 2349 1229 ι
2381 1176 2487 1233 Sed
2516 1180 2600 1235 ha:
2624 1194 2778 1234 vanae
2830 1190 2961 1235 sunt
3002 1181 3242 1237 hominis
3269 1182 3473 1238 frustra
3518 1186 3632 1239 liti—

2046 1270 2227 1341 gantis
2258 1272 2502 1341 argutias.
2537 1271 2595 1327 Si
2626 1273 2773 1328 enim
2800 1273 2983 1330 otiosa
3007 1284 3174 1341 esset,
3203 1275 3286 1330 vel
3312 1276 3505 1333 vitiosa
3528 1280 3631 1343 hu-

2041 1362 2349 1432 juscemodi
2372 1364 2569 1429 oratio,
2593 1365 2895 1420 innumera:
2925 1365 3150 1420 Patrum
3182 1367 3480 1433 orationes,
3505 1373 3631 1439 qui-

2045 1454 2151 1511 bus
2197 1456 2464 1513 obscuras
2506 1456 2776 1514 dictiones
2823 1458 2947 1514 aliis
2998 1458 3325 1514 clarioribus
3354 1461 3633 1531 explicare

2046 1557 2340 1613 conantur,
2376 1547 2568 1604 iisdem
2602 1549 2745 1605 notis
2781 1562 2967 1606 essent
3008 1552 3309 1608 inut-ends).
3358 1555 3631 1610 Caeterum

2048 1650 2173 1710 apte
2201 1641 2430 1695 omnino
2457 1650 2622 1713 atque
2649 1644 2898 1714 apposite
2943 1643 3024 1699 rei
3066 1645 3305 1716 alicujus
3352 1648 3633 1704 teternitas

2056 1746 2124 1787 eo
2146 1733 2480 1800 declaratur,
2512 1736 2657 1805 quod
2679 1752 2803 1791 eam
2832 1736 2965 1791 nihil
2990 1753 3234 1807 unquam
3268 1742 3629 1810 praecesserit.

356 1827 656 1875 assertum.
688 1817 746 1873 ld
778 1819 980 1888 quippe
1018 1832 1087 1873 ex
1122 1817 1401 1884 omnibus,
1431 1818 1525 1888 qui
1553 1818 1620 1873 de
1652 1819 1737 1874 his
1759 1818 1935 1873 haere—
1978 1796 2020 1852 Β
2050 1821 2208 1889 Quod
2237 1826 2459 1895 quidem
2484 1826 2530 1882 si
2556 1826 2640 1882 cui
2671 1828 2748 1883 rei
2775 1830 3087 1896 conveniat,
3121 1831 3253 1887 illud
3293 1828 3442 1890 certe
3464 1836 3632 1891 verbo

359 1910 487 1966 ticis
511 1909 719 1980 aliquid
750 1908 1033 1964 memoriae
1075 1908 1444 1974 tradiderunt,
1486 1910 1701 1981 iiquido
1738 1912 1951 1983 colligi-

358 2017 506 2067 mus,
542 2001 848 2073 prassertim
873 2016 940 2056 ex
986 2001 1195 2057 Irenaeo
1228 2002 1296 2066 ",
1336 2001 1648 2074 Augustino
1684 2005 1752 2071 δ’,
1783 2016 1949 2076 atque

360 2095 692 2167 Epiphanio,
712 2095 874 2164 cujus
898 2094 1067 2150 solius
1089 2094 1255 2150 verba
1275 2095 1365 2150 hic
1386 2094 1592 2152 referre
1620 2096 1861 2153 sufﬁciat
1879 2099 1945 2153 ‘3:

364 2208 384 2242 ι
420 2189 612 2253 Ebion,
667 2189 868 2259 inquit,
922 2184 1240 2243 Judazorum
1294 2190 1435 2245 ritus
1486 2204 1553 2245 ac
1590 2193 1948 2250 caremonias

359 2284 668 2354 amplexus,
720 2282 887 2337 veluti
938 2280 1239 2339 Sabbatum
1301 2299 1367 2340 ac
1424 2284 1945 2353 circumcisionem,

359 2377 581 2447 aliaque
625 2375 678 2430 id
712 2390 885 2446 genus
920 2376 1148 2447 perinde
1171 2388 1337 2447 atque
1371 2391 1403 2432 a
1428 2376 1633 2434 Judazis
1660 2394 1724 2434 ac
1749 2378 1948 2436 Sama-

359 2467 558 2522 ritanis
582 2465 953 2521 observatum.
987 2485 1005 2517 ι
1029 2466 1151 2533 Quo
1177 2478 1362 2523 autem
1394 2469 1556 2524 modo
1584 2484 1681 2525 eos
1703 2469 1948 2541 lgnatius

362 2560 593 2623 refellat,
619 2560 897 2630 verbaque
919 2574 949 2615 a
974 2559 1264 2617 Dallaeanis
1287 2560 1451 2616 nobis
1480 2562 1719 2633 objecta,
1742 2563 1947 2621 ibidem

359 2653 639 2719 adhibeat,
669 2653 994 2708 audiamus:
1023 2672 1041 2705 ι
1071 2652 1407 2709 Divinissimi
1435 2655 1585 2709 enim
1613 2657 1943 2727 prophetam

362 2748 445 2802 sic
478 2748 571 2802 ille
598 2747 975 2818 prosequitur,
1018 2765 1038 2799 ι
1086 2747 1389 2803 secundum
1424 2747 1705 2803 Christum
1758 2747 1945 2805 Jesum

361 2842 637 2895 vixerunt.
666 2840 893 2911 Propter
916 2842 1023 2896 hoc
1047 2852 1102 2898 et
1129 2841 1566 2912 persecutionem
1612 2843 1761 2912 passi
1797 2853 1947 2909 sunt,

362 2934 614 3005 inspirati
652 2951 684 2990 a
718 2936 893 3006 gratia
918 2936 1091 3007 ipsius
1117 2935 1186 2991 ad
1205 2934 1531 2991 certiﬁcare‘
1550 2934 1946 3005 impersuasos,

362 3029 627 3099 quoniam
662 3044 809 3085 unus
839 3028 987 3086 Deus
1012 3039 1116 3096 est,
1151 3029 1244 3099 qui
1273 3027 1649 3085 manifestavit
1671 3042 1732 3084 se
1766 3028 1947 3099 ipsum

361 3138 463 3186 per
482 3121 670 3178 .lesum
699 3122 1004 3186 Christum,
1042 3122 1242 3178 Filium
1288 3122 1430 3193 ejus,
1475 3122 1569 3193 qui
1600 3131 1685 3179 est
1724 3120 1948 3177 Verbum

361 3228 642 3280 .rtermrm,
672 3233 776 3271 non
808 3234 841 3270 a
862 3216 1076 3272 silentio
1098 3218 1459 3289 progrediens,
1498 3217 1595 3287 qui
1646 3218 1950 3274 secundum

363 3311 553 3367 omnia
582 3312 723 3367 bene
754 3311 961 3382 placuit
989 3312 1226 3367 mittenti
1257 3313 1460 3383 ipsum.
1495 3309 1554 3366 Si
1582 3311 1749 3383 igitur
1779 3311 1837 3366 in
1859 3326 1955 3367 ve-

364 3405 575 3462 teribus
603 3406 937 3471 conversati,
960 3406 1013 3460 in
1041 3404 1341 3460 novitatem
1372 3405 1486 3475 spei
1503 3415 1824 3471 venerunt,i
1842 3414 1949 3461 etc.

364 3497 445 3553 Ex
474 3498 677 3569 quibus
710 3500 854 3555 hanc
890 3499 1041 3554 elicit
1085 3498 1518 3565 conclusionem,
1551 3513 1663 3553 non
1711 3497 1953 3568 amplius

362 3606 431 3647 ex
463 3590 729 3658 Judaicae,
773 3590 870 3647 sed
903 3589 1234 3646 Christiana;
1269 3590 1405 3661 legis
1428 3590 1754 3660 praescripto
1784 3590 1950 3645 vitam

362 3699 489 3742 esse
513 3684 930 3740 instituendam.
955 3682 1130 3739 Porro
1153 3682 1261 3739 hoc
1288 3681 1480 3754 lgnatii
1508 3683 1617 3738 telo
1641 3683 1752 3738 duo
1788 3681 1953 3737 Ebio—

363 3778 605 3834 nitarum
622 3792 838 3833 errores
859 3776 1228 3848 conﬁguntur,
1242 3790 1479 3846 quorum
1507 3775 1679 3831 altero
1702 3776 1954 3831 homines

362 3871 501 3943 legis
530 3872 745 3927 veteris
763 3869 1149 3927 observatione
1202 3869 1464 3923 volebant
1512 3868 1695 3923 adhuc
1736 3868 1949 3935 teneri;

362 3965 539 4021 altero
568 3973 751 4019 autem
774 3944 1057 4019 Christum
1085 3976 1195 4016 non
1228 3960 1434 4025 Deum,
1465 3960 1561 4015 sed
1598 3974 1815 4016 merum
1854 3962 1953 4015 ho-

362 4060 570 4115 minem
600 4073 723 4114 esse
758 4057 1089 4130 garriebant.
1124 4053 1282 4110 Hunc
1305 4068 1436 4109 vero
1470 4062 1809 4124 postremum
1860 4067 1954 4107 er-

362 4168 551 4208 rorem
578 4150 823 4223 lgnatius
848 4149 975 4205 inde
999 4146 1343 4215 confutabat,
1381 4147 1526 4216 quod
1561 4146 1841 4217 prophetae
1871 4145 1955 4200 di-

362 4245 493 4300 vina
525 4243 691 4300 aﬁlati
717 4244 914 4314 gratia,
942 4241 1246 4297 secundum
1268 4239 1475 4295 Christi
1506 4247 1776 4309 prmcepta
1802 4237 1955 4292 vixe-

364 4345 512 4403 rant,
543 4353 708 4407 quem
751 4334 994 4392 Verbum
1044 4344 1311 4390 aaternum
1362 4349 1487 4390 esse
1534 4334 1951 4404 proﬁtebantur.

365 4432 543 4501 Quam
574 4432 796 4503 quidem
824 4429 989 4486 Verbi
1011 4429 1371 4485 aeternitatem
1396 4435 1457 4483 ut
1483 4427 1576 4482 ille
1601 4426 1809 4482 clarius
1831 4426 1955 4482 bre-

2051 1931 2115 1972 ac
2139 1918 2414 1984 sermoni,
2456 1928 2655 1975 natura
2686 1935 2787 1976 sua
2816 1920 2986 1977 ﬂuido
3010 1933 3065 1978 et
3095 1926 3423 1991 transeunti,
3451 1928 3633 1998 quod-

2050 2025 2173 2081 qne-
2209 2020 2333 2081 post
2374 2011 2658 2068 silentium
2716 2027 2934 2083 semper
2977 2014 3219 2085 incipere
3270 2016 3631 2085 arbitramur,

2050 2103 2333 2173 aptissime
2356 2105 2628 2177 congruit.
2653 2103 2995 2176 Quapropter
3011 2104 3253 2177 lgnatius
3284 2124 3385 2166 nec
3414 2110 3635 2168 brevius

2051 2211 2151 2252 nec
2190 2197 2609 2255 convenientius
2654 2207 2869 2269 poterat
2916 2198 3075 2255 Verbi
3102 2202 3486 2275 aeternitatem,
3527 2220 3627 2261 seu

2062 2289 2287 2344 Verbum
2308 2301 2589 2358 internum,
2618 2291 2917 2361 explicare,
2963 2308 3133 2363 quam
3159 2309 3284 2350 cum
3312 2295 3448 2351 illud
3477 2298 3634 2353 omni

2050 2380 2269 2437 silentio
2310 2383 2463 2453 prius
2500 2396 2646 2447 esse,
2681 2398 2786 2440 nec
2819 2380 3109 2442 a’silentio
3160 2389 3415 2459 progredi
3478 2405 3636 2449 asse-

2050 2475 2181 2531 ruit.
2206 2473 2271 2528 Et
2311 2489 2442 2529 vero
2490 2486 2766 2541 auctores,
2809 2492 2839 2531 a
2891 2478 3050 2534 nobis
3091 2481 3444 2550 supracitati,
3482 2499 3635 2540 eam-

2048 2565 2172 2621 dem
2197 2564 2359 2622 Verbi
2378 2568 2734 2624 mternitatem
2756 2570 2947 2625 eodem
2976 2571 3231 2642 loquendi
3265 2575 3429 2631 modo
3461 2580 3638 2648 expli-

2050 2672 2285 2713 cuerezc
2316 2656 2574 2729 Verbum,
2613 2661 2891 2732 inquiunt,
2914 2664 3060 2734 quod
3083 2664 3333 2722 dicturus
3361 2678 3489 2724 ante
3525 2686 3633 2725 non

2047 2751 2263 2808 silebat.
2309 2750 2545 2808 Verbum
2567 2753 2713 2824 quod
2742 2756 2892 2812 nullo
2920 2771 3161 2828 unquam
3189 2760 3366 2829 potuit
3393 2764 3638 2819 coerceri

2050 2844 2288 2900 silentio.
2335 2863 2355 2897 ι

2121 2936 2220 2994 His
2240 2954 2465 2994 rursum
2494 2940 2720 3011 opponit
2748 2940 2982 2997 Dallreus
3004 2941 3270 3013 lgnatium
3289 2960 3401 2999 non
3428 2944 3639 3003 dixisse

2054 3032 2192 3104 μετὰ
2214 3033 2313 3105 τὴν
2347 3034 2527 3106 σιγήν,
2557 3043 2684 3104 post
2710 3033 3014 3102 silentium,
3054 3036 3148 3091 sed
3183 3036 3295 3090 ἀπὸ
3335 3037 3435 3110 τῆς
3473 3039 3639 3109 σιγῆς

1977 3155 2021 3216 C
2051 3124 2373 3198 προσελθόν,
2414 3144 2433 3178 ι
2466 3142 2495 3180 a
2519 3125 2738 3181 silentio
2768 3127 3143 3197 progrediens.
3184 3147 3202 3180 ι
3233 3128 3415 3195 Quod,
3460 3130 3641 3202 inquit

2054 3217 2166 3284 ille,
2194 3218 2417 3274 denotat
2439 3237 2458 3271 ‹
2491 3217 2695 3284 locum,
2719 3233 2969 3286 causam,
2996 3221 3077 3275 vcl
3103 3230 3254 3276 certe
3280 3222 3639 3293 principium,

2055 3318 2114 3364 ut
2130 3310 2331 3366 scholae
2354 3309 2677 3380 loquuntur,
2694 3312 3111 3367 constitutivum
3138 3311 3309 3368 fuisse
3331 3313 3638 3382 silentium,

2054 3415 2163 3456 non
2192 3402 2514 3473 simpliciter
2541 3402 2837 3457 terminum
2866 3418 2894 3457 a
2918 3418 3030 3473 quo
3045 3404 3272 3474 cmperit
3300 3407 3634 3473 generatio»
3664 3444 3679 3462 .

2052 3492 2240 3563 Atqui,
2268 3493 2621 3564 prosequitur
2641 3494 2783 3549 idem
2817 3493 3072 3563 Dallaaus,
3112 3497 3217 3553 hoc
3253 3512 3360 3553 non
3413 3500 3638 3555 silentio

2054 3595 2232 3655 potest
2247 3586 2488 3651 attribui,
2510 3586 2604 3643 sed
2622 3585 3132 3644 Valentinianorum
3149 3588 3295 3662 Sige,
3313 3592 3405 3646 uni
3419 3607 3484 3648 ex
3500 3593 3641 3649 ﬁctis

2054 3691 2245 3732 eorum
2296 3677 2401 3733 diis
2439 3694 2534 3733 seu
2584 3679 2853 3747 aeonibus,
2884 3695 2948 3734 ex
2995 3696 3106 3751 quo
3133 3682 3322 3753 Logon
3352 3702 3373 3737 ‹
3403 3687 3643 3743 mediate

2053 3769 2138 3824 vel
2172 3769 2484 3825 immediate
2514 3789 2533 3821 ι
2578 3770 2909 3841 productum
2947 3771 3120 3829 fuisse
3152 3775 3485 3834 delirabant.
3540 3776 3642 3834 Ve-

2054 3876 2177 3916 rum
2216 3862 2410 3932 puduit
2448 3863 2634 3918 Dailzei
2665 3863 3033 3934 defensorem,
3075 3866 3223 3937 quod
3266 3866 3357 3925 ille
3394 3871 3462 3926 ad
3487 3872 3621 3927 scho

2056 3955 2159 4020 las,
2188 3971 2327 4026 quas
2386 3957 2587 4027 saepius
2634 3957 2827 4013 irridet
2870 3968 2927 4013 et
2956 3960 3218 4029 explodit,
3267 3977 3499 4033 quaeque
3534 3965 3644 4020 tria

2054 4063 2240 4103 rerum
2264 4048 2529 4119 principia
2559 4050 2868 4116 materiam,
2897 4051 3156 4119 formam,
3175 4062 3228 4109 et
3255 4054 3641 4124 privationem,

2055 4143 2248 4212 quidni
2284 4152 2338 4199 et
2361 4143 2664 4208 silentium,
2694 4143 3010 4211 admittunt,
3048 4154 3160 4200 tam
3209 4146 3389 4217 inepte
3416 4163 3521 4204 nos
3558 4166 3647 4204 re-

2056 4234 2285 4291 miserit.
2314 4236 2381 4291 Et
2409 4246 2559 4292 certe
2590 4238 2637 4293 si
2668 4236 2737 4291 ad
2776 4238 3265 4309 grammaticorum
3285 4281 3302 4307 ,
3339 4256 3449 4296 non
3483 4257 3645 4299 secus

2056 4342 2122 4384 ac
2144 4330 2597 4400 philosophorum
2624 4330 2842 4386 scholas
2859 4331 3114 4387 rediisset
3136 4330 3393 4398 Dallaeus,
3410 4333 3486 4389 ibi
3510 4350 3643 4406 pro-

2058 4421 2202 4477 fecto
2230 4422 2515 4477 didicisset
2552 4423 2807 4479 eumdem
2864 4426 3067 4494 saepius
3115 4425 3316 4481 horum
3349 4427 3642 4483 verborum

363 4526 603 4597 viusque
626 4530 947 4595 exponeret,
976 4521 1116 4576 dixit
1148 4519 1281 4575 illud
1311 4535 1436 4576 esse
1466 4537 1486 4571 ι
1530 4516 1773 4574 Verbum
1796 4526 1950 4573 aeterv

2061 4515 2200 4587 μετὰ
2224 4515 2324 4586 τὴν
2352 4518 2511 4588 σιγήν
2546 4524 2711 4586 atque
2743 4514 2853 4569 ἀπὸ
2883 4517 2984 4588 τῆς
3020 4517 3180 4589 σιγῆς
3226 4534 3351 4575 esse
3395 4536 3643 4587 sensum,

366 4635 523 4682 num,
550 4633 659 4672 non
684 4632 713 4671 a
746 4615 965 4672 silentio
994 4612 1370 4685 progrediens,
1405 4632 1423 4663 ι
1457 4611 1510 4665 id
1544 4621 1630 4667 est
1657 4611 1804 4681 quod
1834 4625 1962 4666 cum

366 4711 587 4767 silentio
612 4710 886 4781 posterius
910 4723 1021 4763 non
1044 4706 1234 4771 fuerit,
1262 4721 1480 4776 semper
1506 4721 1537 4759 a
1566 4703 1727 4760 Patre
1756 4712 1963 4759 aeterno

364 4815 450 4860 est
479 4804 789 4874 prolatum;
822 4817 888 4857 ac
910 4801 1141 4872 proinde
1173 4799 1423 4870 ejusdem
1460 4810 1589 4854 cum
1632 4812 1700 4853 eo
1745 4795 1965 4852 aeterni-

365 4897 498 4952 tatis
547 4898 620 4952 sit
673 4894 901 4951 omnino
933 4908 1161 4950 necesse
1207 4902 1311 4948 est.
1346 4890 1505 4947 Hunc
1549 4905 1715 4961 porro
1765 4886 1962 4960 lgnatii

363 4991 663 5046 verborum
699 5003 891 5044 verum
936 5002 1060 5043 esse
1090 5000 1317 5041 sensum
1351 4984 1477 5039 inde
1505 4982 1824 5038 conﬁrmari
1854 4996 1958 5053 po-

366 5092 496 5147 test,
526 5083 672 5153 quod
703 5080 773 5136 ad
806 5080 950 5136 idem
996 5076 1422 5150 signiﬁcandum
1477 5075 1648 5133 simili
1701 5090 1767 5130 ac
1822 5089 1960 5143 pene

366 5176 560 5231 eodem
604 5174 865 5246 loquendi
896 5173 1057 5231 modo
1088 5181 1278 5242 postea
1306 5169 1392 5225 usi
1432 5178 1563 5225 sunt
1604 5178 1797 5223 auctor
1841 5181 1957 5221 ser-

367 5270 553 5326 monis
594 5267 904 5340 Augustino
933 5267 1214 5339 quondam
1244 5262 1467 5333 ascripti
1504 5261 1550 5292 “
1583 5277 1596 5312 :
1633 5278 1652 5313 ι
1694 5259 1954 5325 Verbum,

369 5362 572 5433 inquit,
615 5360 762 5433 quod
798 5358 1052 5415 dicturus
1093 5365 1221 5413 ante
1253 5371 1360 5409 non
1393 5352 1607 5419 silebat,
1658 5366 1769 5421 quo
1810 5350 1958 5404 dicto

369 5470 481 5510 non
519 5455 690 5509 siluit.
736 5452 897 5521 Quod
956 5458 1042 5507 est
1080 5450 1308 5507 verbum
1361 5446 1482 5503 sine
1523 5454 1788 5514 tempore.
1828 5462 1847 5495 ι
1890 5440 1961 5497 Et

371 5546 694 5621 Fulgentius
708 5548 777 5614 ⁶⁵;
797 5565 816 5598 ι
841 5543 1082 5599 Verbum
1097 5542 1249 5598 nullo
1266 5554 1507 5611 unquam
1526 5537 1703 5609 potuit
1715 5533 1955 5593 coerceri

463 5761 678 5814 "no.1
746 5758 951 5815 advers.
978 5756 1190 5819 lueret,
1231 5767 1350 5819 cap.
1385 5748 1475 5803 26.
1553 5748 1599 5781 "
1629 5744 1723 5819 lib.
1761 5742 1832 5797 De
1865 5743 2078 5819 Ιιφιςςδη
2109 5754 2231 5819 cap.
2282 5739 2348 5819 _6.

2058 4609 2417 4680 eamdemque
2459 4609 2964 4681 signiﬁcationem;
3002 4610 3343 4681 proindeque
3374 4610 3644 4683 lgnatium

2058 4703 2306 4773 potuisse
2328 4712 2563 4773 utroque
2584 4701 3066 4757 indiscriminatim
3081 4703 3161 4758 uti
3180 4703 3441 4774 loquendi
3456 4707 3645 4761 modo.

2058 4793 2334 4849 Caeterum
2383 4792 2628 4865 lgnatius
2662 4794 2720 4849 in
2749 4793 2837 4849 his
2866 4793 3117 4864 epistolis
3152 4794 3294 4849 clam
3326 4796 3648 4868 cursimque

2062 4901 2096 4942 a
2117 4901 2177 4940 se
2203 4884 2531 4955 conscriptis
2561 4899 2672 4939 non
2705 4883 2889 4938 verbis
2906 4892 3024 4938 arte
3072 4884 3504 4955 scholarumque
3530 4902 3648 4941 me-

2061 4978 2227 5033 thodo
2252 4978 2578 5049 compositis
2623 4986 2790 5048 atque
2827 4974 3052 5048 aptatis,
3102 4976 3196 5033 sed
3242 4976 3310 5033 iis
3340 4992 3465 5047 qua:
3490 4993 3645 5033 amor

2057 5084 2187 5124 vere
2226 5068 2448 5123 divinus
2489 5078 2545 5124 et
2582 5068 2929 5124 incredibilis
2966 5069 3215 5141 martyrii
3249 5069 3417 5125 ardor
3450 5084 3649 5141 sugge-

2059 5158 2234 5224 rebat,
2268 5174 2404 5215 usus
2433 5169 2537 5216 est.
3506 5178 3507 5181 ‘

2128 5251 2302 5307 Instat
2330 5252 2567 5323 denique
2618 5251 2805 5309 Dallazi
2853 5250 3114 5309 defensor
3169 5253 3461 5313 hazretices
3507 5269 3648 5325 quos

2065 5342 2310 5417 lgnatius
2341 5347 2510 5401 haece
2539 5347 2594 5400 in
2639 5346 2871 5417 epistola
2906 5346 3179 5420 confutat,
3221 5362 3320 5402 eos
3342 5361 3465 5402 esse
3497 5364 3517 5398 ‹
3553 5348 3645 5418 qui

2064 5437 2270 5494 Christi
2300 5449 2532 5494 mortem
2564 5439 2854 5511 negabant,
2879 5446 2934 5493 et
2960 5436 3149 5495 Jesum
3177 5455 3205 5491 a
3234 5437 3456 5494 Christo
3485 5453 3645 5509 sepa-

2066 5532 2282 5599 rabant,
2318 5540 2371 5588 et
2394 5540 2693 5602 utrumque
2741 5548 2772 5586 a
2823 5528 3006 5586 Verbo
3054 5529 3561 5601 dividebant,un
3590 5532 3644 5586 in

2429 5739 2474 5771 ⁶³
2503 5739 2701 5795 ἡξει-οε.
2727 5738 2817 5804 50,
2856 5737 2884 5808 ᾗ
2916 5736 2973 5791 9..
3036 5734 3647 5809 “ApudAngustinum,

374 5809 713 5894 serui."369,
740 5809 887 5882 olim
909 5809 1077 5881 serm.
1106 5827 1132 5879 1
1178 5809 1246 5877 ὶιε
1276 5809 1508 5876 Natwit.
1578 5819 1630 5906 "5
1664 5817 1756 5871 lib.
1792 5831 1805 5869 l
1864 5814 1930 5869 ad
1968 5809 2339 5877 Trasimund.,
2370 5825 2492 5881 cap.
2522 5809 2591 5864 18

664 5927 938 5985 PATROL.
998 5923 1115 5983 Gn.
1158 5923 1230 5981 V.

3298 5904 3410 5963 17‘
3474 5916 3477 5919 ‘
