4138 6388
528 360 635 419 523

1586 356 1645 411 S.
1688 352 2032 412 IGNATIUS.
2076 384 2144 393 ο-
2181 346 2715 405 PROLEGOMENA.

3666 340 3775 396 523

525 482 811 539 Ebionaaos
840 481 1035 539 cadere
1080 496 1190 537 non
1230 488 1431 551 potest.
1470 499 1488 531 ι
1522 479 1721 536 Futilis
1760 478 2006 549 profecto
2035 485 2090 532 et
2119 481 2165 537 Α
2192 490 2303 530 non
2336 474 2518 529 minus
2542 488 2705 543 quam
2740 470 2994 526 undecim
3029 470 3085 525 in
3116 483 3230 525 uno
3261 466 3565 537 eodemque
3595 465 3777 535 capite

523 591 661 630 vana
684 585 769 631 est
797 574 911 631 haec
936 574 1120 629 Dalltei
1152 572 1422 629 defensio.
1459 571 1644 642 Neque
1672 572 1816 626 enim
1851 569 2093 641 lgnatius

524 666 626 720 hos
651 679 865 720 errores
900 678 962 718 ea
992 664 1045 717 in
1063 663 1295 732 epistola
1310 660 1628 717 confulasse
1648 659 1865 731 legitur.
1889 658 2095 713 Deinde

522 756 708 812 nullus
740 756 1019 827 negaverit
1054 755 1241 825 plures
1280 755 1334 809 in
1382 754 1574 809 eadem
1617 752 1848 822 epistola
1876 766 2094 807 errores

519 850 769 919 potuisse
816 849 886 903 ab
914 846 1124 918 lgnatio
1160 845 1354 903 refelli.
1388 845 1661 900 Dallaaano
1696 844 1862 915 igitur
1904 841 2093 898 defen—

520 943 634 997 sori
658 941 1001 1015 probandum
1029 939 1445 995 erathaereticos
1462 939 1516 993 in
1544 939 1656 1002 illo,
1682 953 1841 1008 quem
1860 935 2095 992 Dallteus

520 1035 741 1103 objecit,
773 1034 895 1089 loco
924 1033 992 1087 ab
1022 1032 1229 1101 lgnatio
1260 1039 1453 1086 nostro
1491 1028 1825 1091 confutatos,
1848 1043 1945 1084 eos
1976 1041 2097 1084 esse

519 1128 637 1199 qui,
688 1141 830 1197 quos
878 1125 996 1194 ipse
1048 1119 1348 1190 recensuit,
1393 1138 1609 1179 errores
1647 1122 2090 1193 propugnabant.

518 1218 677 1285 Quod
708 1225 853 1273 certe
878 1232 979 1271 nec
1004 1213 1091 1271 ille
1114 1231 1215 1271 nec
1242 1212 1383 1270 alius
1410 1216 1701 1286 quisquam
1724 1215 2098 1271 demonstrare

517 1326 760 1380 unquam
786 1307 1005 1379 poterit.

587 1397 856 1453 Caeterum
883 1397 930 1453 si
959 1397 1083 1467 quis
1107 1395 1245 1450 alios
1272 1395 1343 1449 ab
1386 1393 1655 1451 Ebionitis
1683 1394 1972 1451 haereticos
1996 1395 2096 1451 ob-

512 1489 673 1561 jectis
699 1489 895 1561 lgnatii
940 1491 1120 1547 verbis
1149 1489 1323 1546 refelli
1370 1490 1572 1544 invicte
1601 1487 1935 1559 probaverit,
1966 1488 2097 1545 huic

516 1582 737 1652 penitus
763 1597 873 1636 non
898 1582 1349 1653 repugnabimus,
1384 1580 1547 1635 modo
1576 1580 1643 1635 iis
1681 1580 2093 1637 sanctissimum

518 1673 672 1727 illum
699 1682 994 1745 martyrem
1020 1674 1088 1729 ad
1126 1672 1543 1729 Valentinianos
1584 1674 1704 1744 ipso
1744 1676 2099 1750 posteriores,

516 1779 625 1819 non
656 1764 964 1834 respexisse
992 1763 1246 1819 fateatur.

515 1924 521 1936 ,
553 1875 583 1947 δ
612 1873 699 1930 VI.
726 1875 851 1929 Alia
882 1876 1165 1945 explicatio
1194 1876 1466 1931 verborum
1487 1876 1690 1948 lgnatii
1722 1879 2052 1948 proponitur.

586 1987 684 2045 His
707 1990 965 2045 omnibus
994 1989 1062 2045 ad
1089 1990 1270 2046 varias
1305 1990 1746 2046 adversariorum
1770 2002 2088 2047 nostrorum

516 2082 1020 2150 argumentationes
1053 2087 1110 2136 et
1139 2082 1478 2153 sophismata
1506 2084 1808 2153 responsis,
1844 2084 1978 2141 illud
2003 2084 2091 2139 in-

516 2187 680 2241 super
707 2188 1004 2243 possumus
1033 2174 1294 2244 adjicere,
1320 2175 1463 2231 hanc
1485 2174 1676 2243 lgnatii
1715 2176 2043 2231 sententiam
2071 2191 2087 2230 :

521 2284 541 2318 ι
579 2264 816 2322 Verbum
858 2277 1123 2322 aeternum
1171 2283 1280 2323 non
1312 2283 1345 2324 a
1394 2268 1612 2325 silentio
1656 2269 2030 2340 progrediens,
2064 2287 2087 2323 ι

513 2357 721 2414 idcirco
754 2361 827 2415 ab
862 2376 928 2415 eo
956 2360 1137 2415 hacin
1166 2361 1399 2431 epistola
1424 2362 1683 2431 scriptam
1711 2362 1916 2429 videri,
1956 2363 2090 2433 quia

512 2448 591 2504 ibi
616 2449 726 2504 duo
743 2449 944 2506 Christi
974 2452 1230 2522 mysteria
1257 2450 1426 2506 fuisse
1449 2451 1699 2516 docebat,
1734 2452 1839 2506 alia
1868 2453 2089 2522 quidem

514 2538 769 2602 obscura,
801 2539 854 2592 in
889 2540 1129 2595 tenebris
1159 2555 1223 2595 ac
1248 2541 1467 2596 silentio
1496 2541 1565 2595 ab
1585 2555 1652 2595 eo
1681 2550 1924 2610 patrata;
1947 2544 2093 2599 unde

516 2630 634 2698 ipse
664 2647 676 2681 :
708 2648 728 2680 σ
756 2629 822 2682 Et
840 2630 998 2684 latuit
1026 2631 1330 2700 principem
1362 2631 1545 2686 saeculi
1573 2631 1756 2701 hujus,
1784 2632 2090 2702 inquiebat,
2131 2682 2138 2688 .

514 2721 805 2791 virginitas
834 2720 1038 2786 Maria},
1070 2732 1123 2775 et
1153 2731 1343 2791 partus
1367 2722 1560 2791 ipsius,
1590 2732 1643 2777 et
1672 2738 1824 2778 mors
1850 2722 2089 2793 Domini,

519 2812 621 2866 tria
654 2813 911 2884 mysteria
938 2814 1217 2878 clamoris,
1255 2829 1377 2883 qua:
1399 2814 1454 2867 in
1477 2814 1694 2868 silentio
1721 2824 1943 2885 operata
1990 2830 2090 2871 seu

517 2911 731 2975 patrata
762 2912 909 2959 sunt.
949 2924 967 2955 ι
999 2904 1118 2958 Alia
1154 2920 1284 2959 vero
1314 2905 1609 2971 luminosa,
1640 2905 1764 2961 luce
1793 2921 1859 2961 ac
1902 2908 2088 2977 splen-

514 2996 649 3051 dore
675 3012 775 3051 suo
792 2995 1053 3067 fulgentia
1077 3005 1130 3051 et
1159 2997 1435 3051 micantia.
1470 2996 1601 3051 Tale
1628 3007 1745 3052 erat
1767 3000 2085 3070 mysterium

2195 564 2402 635 profert
2425 565 2691 634 exempla.
2727 562 2835 618 Sed
2856 578 2920 617 ex
2953 562 3038 617 his
3064 560 3317 631 undecim
3345 558 3612 628 exemplis
3641 573 3777 628 qua-

2196 668 2322 713 tuor
2351 666 2563 712 tantum
2606 656 2674 711 ad
2713 671 2840 722 eas,
2883 656 2950 710 de
2987 655 3191 726 quibus
3222 654 3461 725 agimus,
3494 650 3773 721 pertinent

2194 749 2493 820 epistolas:
2551 759 2745 804 cmtera
2796 747 2964 803 falsas
3021 746 3445 817 suppositasque
3497 749 3771 813 spectant,

2195 842 2279 896 vel
2303 841 2665 912 genuinarum
2695 839 3164 909 interpolationes.
3194 836 3273 890 Ex
3305 836 3391 891 his
3432 844 3615 889 autem
3637 847 3775 903 qua-

2198 945 2319 991 tuor
2348 935 2611 1005 exemplis
2634 948 2756 1003 quae
2785 933 2851 987 ad
2878 930 3146 1002 genuinas
3168 928 3431 999 epistolas
3457 927 3773 997 pertinent,

2196 1027 2429 1083 Dallaeus
2453 1027 2507 1081 in
2539 1027 2714 1081 tribus
2733 1040 2765 1080 a
2796 1039 2899 1080 suo
2922 1022 3211 1078 defensore
3234 1021 3453 1091 penitus
3476 1019 3773 1080 deseritur,

2196 1120 2289 1190 qui
2322 1134 2433 1173 uno
2465 1127 2679 1172 tantum
2709 1118 2763 1171 in
2793 1115 3023 1169 articulo
3054 1114 3208 1167 illum
3236 1112 3378 1168 tueri
3410 1120 3642 1166 conatus
3667 1118 3771 1165 est.

2198 1207 2457 1266 Dallaaum
2479 1219 2662 1265 tamen
2712 1209 2781 1264 de
2817 1209 2905 1264 his
2929 1216 3189 1279 quatuor,
3237 1220 3307 1260 ne
3347 1203 3479 1275 quid
3505 1205 3774 1258 intactum
3836 1236 3859 1253 .

2197 1304 2484 1374 reliquisse
2505 1317 2849 1366 accusemur,
2878 1300 3247 1370 disputantem
3278 1298 3592 1353 audiamus.

2267 1392 2511 1449 Primum
2540 1394 2721 1464 itaque
2750 1391 2932 1447 Dallazi
2966 1398 3346 1462 argumentum
3370 1404 3438 1444 ex
3470 1388 3556 1443 his
3588 1385 3774 1442 verbis

2198 1488 2403 1558 petitur
2437 1505 2451 1541 :
2490 1506 2511 1539 ‹
2547 1483 2613 1541 Et
2647 1486 3086 1558 supercmlestia,
3122 1495 3178 1540 et
3206 1484 3378 1555 gloria
3419 1481 3772 1551 angelorum,

2199 1590 2255 1636 et
2298 1580 2572 1651 principes
2602 1578 2847 1634 visibiles
2876 1579 2953 1645 ⁸⁸,
2989 1596 3008 1629 ι
3041 1585 3173 1643 etc.,
3213 1576 3358 1631 unde
3406 1575 3489 1629 sic
3547 1574 3769 1644 arguit:

2206 1694 2227 1727 ι
2258 1674 2411 1741 Quod
2447 1674 2537 1729 hic
2567 1674 2634 1729 de
2665 1673 3007 1745 principibus
3036 1668 3350 1726 visibilihus
3387 1670 3623 1739 scriptor
3649 1667 3775 1721 ideo

2202 1764 2434 1820 fortasse
2462 1765 2694 1830 dixerat,
2720 1764 2866 1833 quod
2892 1763 3011 1832 ejus
3047 1776 3162 1818 aevo
3197 1762 3379 1831 aliqua
3412 1758 3524 1830 jam
3561 1766 3681 1814 erat
3704 1758 3774 1813 de

2194 1859 2526 1924 Constantii,
2551 1858 2639 1911 vel
2665 1856 3017 1912 Constantini
3052 1855 3175 1925 ejus
3220 1855 3339 1919 lilii,
3387 1853 3474 1907 vel
3502 1851 3773 1908 Christia-

2193 1948 2374 2004 nismo
2410 1950 2496 2003 vel
2539 1949 2606 2003 ad
2641 1949 3121 2004 Christianismum
3171 1946 3540 2016 propensione
3578 1960 3770 2015 sparsa

2193 2042 2358 2097 fama.
2401 2060 2420 2094 ι
2462 2042 2538 2098 De
2581 2044 2685 2097 hoc
2725 2040 2909 2096 Dallati
2950 2046 3277 2111 argumento
3321 2038 3402 2093 sic
3449 2036 3771 2107 pronuntiat

2191 2135 2312 2204 ejus
2341 2133 2597 2188 defensor
2622 2133 2666 2164 ⁶⁹
2699 2148 2713 2184 :
2754 2150 2774 2184 ε
2812 2131 2920 2187 Sed
2967 2132 3116 2187 hunc
3158 2131 3343 2185 locum
3376 2130 3550 2184 obiter
3594 2130 3772 2199 tangit

2192 2224 2453 2291 Dallazus;
2481 2224 2633 2278 illum
2658 2221 2903 2293 proferre
2928 2230 3238 2287 contentus,
3283 2235 3627 2291 nequaquam
3669 2235 3770 2273 ur-

2192 2327 2299 2390 get.
2337 2336 2356 2370 »
2386 2317 2454 2371 At
2471 2332 2603 2373 sane
2629 2317 2781 2371 illum
2815 2328 2927 2369 non
2957 2314 3135 2370 solum
3161 2329 3271 2369 non
3296 2329 3514 2384 urgere,
3546 2314 3641 2369 sed
3666 2328 3768 2368 nec

2191 2407 2436 2479 proferre
2452 2423 2693 2479 unquam
2714 2404 3148 2463 debuisset.Non
3168 2406 3312 2461 enim
3332 2406 3559 2461 verbum
3573 2406 3770 2477 ἄρχον-

2189 2520 2301 2566 τες,
2334 2501 2478 2573 quod
2509 2501 2865 2571 magistratus
2896 2501 3174 2573 quoslibet
3196 2515 3260 2555 ac
3282 2498 3559 2570 principes
3591 2498 3767 2570 signi-

2191 2594 2339 2658 ﬂeat,
2388 2592 2461 2646 ibi
2495 2592 2883 2649 Constantium
2936 2592 3024 2649 vel
3073 2592 3499 2647 Constantinum
3543 2600 3765 2661 potius,

2190 2700 2354 2754 quam
2382 2687 2611 2753 quosvis
2636 2686 2773 2740 alios
2798 2685 3076 2755 principes
3097 2684 3385 2756 designare
3418 2685 3616 2754 potuit.

2286 2797 2314 2869 ᾗ
2341 2796 2401 2849 11.
2438 2796 2694 2851 Secunda:
2722 2807 2771 2850 et
2802 2798 2969 2851 tertia:
2994 2797 3279 2867 objectioni
3310 2799 3677 2867 respondetur.

2262 2908 2575 2963 Secundum
2616 2908 2801 2964 Dallzei
2829 2920 3213 2980 argumentum
3241 2927 3308 2965 ex
3342 2913 3429 2967 his
3455 2913 3767 2969 desumitur

2188 3004 2409 3061 verbis:
2454 3021 2474 3054 ί
2516 3002 2746 3057 Vinctus
2792 3003 2977 3057 decem
3022 3001 3295 3070 leopardis
3324 3004 3406 3069 7°;
3451 3022 3471 3056 ι
3512 3020 3621 3073 quo
3651 3005 3768 3059 leo-

514 3088 888 3158 generationis
911 3088 1031 3157 ejus
1058 3098 1296 3151 aeternae,
1338 3088 1406 3142 ab
1440 3088 1684 3157 antiquis
1727 3087 1988 3145 Patrihus
2033 3099 2088 3145 et
2119 3152 2155 3164 Α
2188 3092 2483 3164 pardorum
2512 3089 2735 3145 nomine
2778 3089 3071 3158 quemdam
3112 3086 3491 3143 Romanorum
3522 3089 3763 3142 militum

512 3180 793 3250 prophetis
820 3180 1060 3249 agnitum
1083 3188 1245 3250 atque
1272 3180 1677 3245 annuntiatum,
1707 3180 1906 3250 dequo
1934 3178 2086 3235 Psal-
2114 3152 2155 3209 (ἶ
2190 3152 2461 3249 ordinem,
2502 3182 2596 3253 qui
2640 3181 2881 3236 auctoris
2913 3181 3086 3236 nostri
3131 3190 3373 3251 tempore
3411 3182 3466 3234 in
3510 3196 3613 3234 usu
3646 3196 3769 3235 esse

513 3272 675 3326 mista
705 3271 902 3325 cecinit
932 3286 946 3323 :
992 3269 1061 3324 In
1089 3270 1452 3339 splendoribus
1478 3281 1784 3324 sanctorum
1825 3288 1889 3325 ea:
1914 3281 2063 3327 utero

512 3372 637 3417 ante
677 3363 963 3431 luciferum
1000 3363 1157 3432 genui
1193 3370 1242 3415 te
1274 3361 1339 3415 “.
1384 3361 1569 3417 Potuit
1599 3362 1785 3432 itaque
1818 3361 2082 3434 lgnatius,

510 3471 638 3511 cum
666 3470 822 3510 suam
840 3455 995 3509 daret
1009 3454 1318 3524 epistolam,
1342 3456 1410 3509 ad
1439 3455 1555 3510 haec
1585 3454 1889 3512 Psalmista:
1914 3458 2085 3513 verba

510 3547 820 3613 attendens,
836 3547 1105 3602 scribere:
1129 3564 1148 3597 ‹
1171 3544 1409 3600 Verbum
1427 3555 1691 3602 mternum
1722 3563 1833 3603 non
1859 3565 1890 3604 a
1914 3550 2082 3605 silen-

512 3639 589 3694 tio
625 3637 996 3709 progrediens.
1030 3654 1050 3688 ι
1079 3636 1132 3690 id
1166 3645 1253 3692 est
1276 3635 1517 3691 Verbum
1553 3647 1815 3694 aeternum
1842 3654 1873 3695 e
1899 3641 2086 3697 divino

509 3729 694 3784 aeterni
719 3727 896 3783 Patris
922 3728 1047 3782 sinu
1080 3743 1189 3783 non
1222 3728 1278 3783 in
1308 3729 1543 3795 silentio,
1576 3730 1660 3785 vel
1694 3732 1801 3787 ulla
1833 3734 2085 3789 tenebra-

513 3836 636 3874 rum
686 3820 1025 3874 obscuritate
1081 3828 1137 3874 et
1196 3820 1429 3891 caligine
1482 3822 1857 3892 progrediens,
1895 3825 1991 3879 sed
2025 3824 2083 3879 in

508 3910 896 3981 splendoribus
925 3920 1244 3966 sanctorum
1272 3928 1338 3967 ex
1358 3913 1475 3982 ejus
1492 3922 1650 3969 utero
1670 3917 1931 3985 genitum.
1961 3917 2083 3984 Quo

510 4004 732 4074 quidem
765 4003 1025 4073 loquendi
1060 4004 1225 4057 modo
1252 4005 1367 4072 ipse
1400 4019 1466 4059 eo
1506 4006 1783 4062 lubentius
1816 4024 1953 4065 usus
1969 4019 2076 4076 eat,

509 4092 659 4163 quod
700 4092 825 4147 inde
863 4107 973 4145 non
1020 4092 1199 4147 solum
1234 4092 1480 4147 divinum
1510 4092 1675 4149 Verbi
1713 4097 2079 4166 splendorem,

508 4183 606 4239 sed
636 4182 785 4237 illius
818 4184 983 4237 etiam
1012 4184 1393 4253 aeternitatem,
1450 4203 1614 4257 quam
1664 4189 1802 4243 nihil
1852 4192 2081 4246 omnino

509 4275 906 4344 praecessisset,
955 4274 1260 4329 evidentius
1292 4276 1727 4333 demonstrabat.
1772 4278 1919 4334 Nihil
1950 4296 2081 4352 ergo

508 4368 565 4420 in
598 4368 699 4420 hac
731 4367 1005 4421 locutione
1032 4367 1292 4429 occurrit,
1326 4368 1469 4437 quod
1517 4384 1623 4423 non
1672 4372 1743 4425 sit
1772 4385 1899 4426 vere
1924 4371 2082 4442 Igna-

454 4447 460 4453 ’
507 4458 741 4521 tianum,
769 4465 823 4511 et
852 4474 882 4509 a
913 4466 1065 4511 tanto
1094 4466 1331 4527 martyre
1366 4459 1419 4513 in
1450 4460 1699 4529 epistola,
1727 4477 1891 4531 quam
1931 4463 2077 4532 ipse-

2190 3273 2448 3337 desierat,
2499 3270 2747 3327 denotari
2792 3271 3088 3325 arbitratus
3124 3278 3209 3325 est
3241 3285 3255 3321 :
3295 3288 3314 3321 ί
3354 3268 3461 3323 Sed
3511 3268 3766 3339 quando,

2191 3365 2367 3435 inquit
2394 3363 2514 3434 ejus
2544 3362 2875 3430 defensor“,
2909 3363 2993 3417 his
3018 3362 3150 3417 solis
3166 3360 3347 3415 verbis
3371 3361 3563 3415 nititur
3580 3359 3765 3414 Dallaei

2188 3463 2595 3526 argumentum,
2626 3454 2901 3523 nullisque
2926 3454 3124 3509 veteris
3148 3454 3431 3523 scriptoris
3456 3452 3651 3507 fultum
3680 3462 3767 3507 est

2188 3546 2523 3611 testimonio,
2566 3560 2677 3599 non
2723 3559 3117 3615 usquequaque
3158 3545 3395 3600 solidum
3444 3544 3579 3599 mihi
3612 3545 3764 3600 vide-

2190 3646 2296 3691 tur.
2329 3655 2347 3688 ι
2388 3637 2691 3691 Bochartus
2718 3647 2897 3691 autem
2932 3636 3056 3691 inde
3084 3648 3463 3707 argumentum
3494 3638 3765 3692 Dallaeano

2186 3729 2232 3760 "'
2256 3728 2415 3798 plane
2438 3729 2747 3798 oppositum
2776 3728 2923 3783 elicit
2950 3744 2963 3780 :
2999 3747 3017 3779 ‹
3042 3727 3308 3799 Lcopardi
3337 3746 3461 3797 vox,
3492 3730 3668 3799 inquit
3690 3730 3759 3796 ",

2187 3836 2363 3876 serius
2407 3821 2662 3891 usurpari
2713 3820 2878 3890 erepit
2921 3820 3269 3877 Constantini
3325 3837 3463 3877 aevo.
3523 3821 3762 3877 Proinde

2185 3913 2375 3985 lgnatii
2401 3914 2687 3984 epistolam
2727 3912 2796 3967 ad
2825 3912 3125 3981 Romanos,
3158 3931 3321 3983 quam
3345 3913 3764 3981 circumferunt,

2184 4019 2250 4059 eo
2280 4006 2497 4059 demum
2531 4004 2731 4059 saeculo
2757 4002 2929 4059 fuisse
2958 4006 3214 4073 scriptam
3244 4006 3328 4059 vel
3357 4020 3420 4059 ex
3460 4005 3562 4060 hoc
3592 4021 3760 4075 ιιι-ςυσ-

2184 4104 2370 4150 mento
2411 4095 2660 4165 colligas.
2696 4112 2715 4146 ›
2757 4093 2863 4147 Sed
2906 4095 3020 4149 haec
3047 4094 3305 4149 Bocharti
3354 4096 3758 4165 argumentatio

2184 4186 2455 4241 Dallaeana
2504 4186 2735 4241 validior
2771 4200 2877 4240 non
2926 4196 3028 4240 est.
3062 4185 3330 4241 Eusebius
3376 4186 3645 4256 siquidem
3690 4204 3759 4243 ex

2184 4277 2287 4333 hac
2310 4278 2499 4332 eadem
2529 4277 2783 4347 epistola,
2816 4293 2979 4345 quam
3013 4276 3219 4345 Ignatio
3246 4277 3619 4332 indubitanter
3654 4280 3756 4333 tri-

2183 4367 2322 4433 buit,
2380 4367 2514 4421 illud
2569 4367 2809 4437 leopardi
2849 4368 3037 4421 retulit
3083 4383 3304 4432 nomen,
3351 4368 3497 4438 quod
3527 4369 3759 4438 proinde

2180 4456 2528 4511 Constantini
2559 4471 2674 4510 :evo
2693 4455 2961 4526 judicavit
2993 4469 3115 4510 esse
3135 4455 3437 4525 antiquius.
3466 4454 3532 4509 Et
3562 4471 3620 4511 re
3641 4459 3762 4526 qui-

508 4558 620 4604 met
649 4548 894 4617 scripsit,
927 4559 1073 4603 recte
1104 4558 1337 4619 apteque
1360 4559 1647 4605 exaratum
1670 4560 1725 4606 et
1756 4554 2038 4608 traditum.
2110 4531 2155 4586 Ῑ)
2184 4548 2307 4601 dem
2348 4547 2466 4617 ipsa
2500 4562 2605 4601 vox
2645 4547 2735 4601 illa
2767 4546 2821 4600 in
2852 4546 3002 4601 Actis
3039 4555 3352 4601 sanctarum
3389 4547 3673 4617 Perpetua:
3702 4558 3759 4604 et

1097 4661 1326 4717 CAPUT
1366 4663 1501 4717 XIII.

503 4768 675 4808 NULLA
701 4768 825 4806 ESSE
852 4768 909 4807 1N
943 4768 1027 4806 IIIS
1053 4768 1328 4808 EPISTOLIS
1350 4769 1575 4807 ΡΒᾸΞΤΕΒ
1604 4770 1889 4810 TEIPORUH
1912 4773 2076 4812 “DEI

1030 4840 1306 4877 PERPERAM
1342 4841 1519 4877 FICTA.

508 4914 537 4985 ᾗ
556 4914 594 4968 1.
612 4914 784 4980 Quam
806 4914 1190 4967 inconsiderate
1204 4914 1438 4968 Dallteus
1463 4914 1774 4983 objectiones
1791 4932 1916 4971 suas
1937 4918 2077 4969 mul-

784 4985 1093 5052 tiplicaverit
1109 5001 1129 5038 :
1143 4994 1193 5038 et
1226 4987 1409 5053 prima;
1426 4986 1782 5054 respondetur.

574 5099 653 5153 De
680 5099 983 5154 hmresibus
1010 5108 1172 5169 atque
1192 5100 1480 5166 hatreticis,
1511 5116 1651 5170 quos
1676 5102 1730 5155 in
1755 5101 1947 5173 lgnatii
1968 5104 2078 5172 epi-

503 5192 660 5246 stolis
697 5192 872 5246 nostri
902 5200 1122 5247 notatos
1152 5206 1275 5247 esse
1323 5201 1499 5262 putat,
1536 5192 1652 5248 haec
1685 5192 1919 5249 Dallaeus
1945 5209 2073 5249 cum

503 5285 748 5350 dixisset,
782 5284 849 5339 ad
881 5284 987 5339 alia
1011 5286 1378 5355 progreditur,
1404 5286 1859 5356 contenditquein
1880 5287 2071 5343 iisdem

502 5376 695 5430 litteris
722 5378 891 5431 multa
914 5392 1035 5431 esse
1063 5377 1169 5431 alia
1202 5386 1400 5448 praeter
1423 5387 1730 5447 temporum
1762 5378 1922 5433 fidem
1946 5394 2073 5447 per-

500 5484 688 5538 peram
717 5464 841 5524 lic'ta
866 5469 931 5523 ⁸⁷.
956 5468 1164 5524 Horum
1191 5478 1371 5524 autem
1406 5470 1487 5525 sic
1506 5485 1791 5540 perperam
1823 5470 2071 5526 lictorum

606 5631 820 5689 “Psal.
863 5648 971 5695 cxx,
1020 5635 1074 5689 5.

2184 4636 2506 4704 Felicitatis,
2548 4654 2649 4693 nec
2681 4654 2790 4692 non
2832 4639 2974 4708 apud
3022 4637 3373 4709 Spartianum
3404 4649 3459 4695 et
3496 4640 3756 4705 Festum,

2183 4745 2246 4783 ac
2274 4731 2489 4785 tandem
2522 4730 2664 4799 apud
2694 4728 3056 4785 Athanasium
3086 4731 3140 4785 in
3166 4730 3292 4787 Vita
3322 4732 3497 4788 sancti
3529 4733 3755 4788 Antonii

2180 4824 2395 4893 legitur.

2254 4914 2496 4969 Tertium
2546 4915 2731 4971 Dallaai
2771 4925 3153 4988 argumentum
3181 4918 3230 4950 ⁷⁸
3264 4918 3389 4974 inde
3432 4920 3749 4990 conficitur,

2184 5008 2328 5077 quod
2365 5005 2606 5077 Ignatius
2634 5010 2881 5081 «publice
2896 5010 3217 5079 pmnitentes
3266 5011 3547 5075 absolvat,
3580 5020 3635 5067 et
3666 5029 3756 5069 re-

2176 5098 2432 5153 conciliet
2473 5098 2752 5155 Ecclesiaz.
2799 5120 2819 5155 ι
2845 5102 3041 5159 Verum
3064 5103 3183 5171 ejus
3211 5101 3494 5171 defensor,
3531 5124 3550 5157 ι
3581 5104 3754 5161 falsus

2176 5201 2293 5255 est,
2345 5192 2452 5258 ait,
2501 5207 2600 5247 sua
2648 5193 2905 5263 opinione
2943 5195 3436 5263 praestantissimus
3482 5196 3753 5263 Dallaeus,

2176 5297 2406 5354 eamque
2453 5296 2743 5355 propterea
2786 5288 3176 5343 emendaturus
3202 5298 3380 5357 esset,
3423 5290 3466 5344 si
3500 5290 3752 5357 vixisset,

2175 5386 2236 5431 ut
2260 5377 2441 5432 amico
2470 5379 2775 5448 rescripsit,
2807 5379 2967 5448 eique
3004 5379 3123 5435 loca
3151 5396 3252 5450 pro
3289 5382 3603 5452 receptiouc
3631 5396 3752 5451 pm-

2175 5471 2465 5526 nitentium
2507 5472 2651 5542 apud
2695 5472 3100 5529 vetustissimos
3144 5473 3406 5531 Ecclesiae
3451 5477 3754 5547 scriptores

1152 5636 1339 5714 f"_cap.
1362 5638 1448 5714 l5,
1476 5652 1597 5708 pag.
1623 5637 1811 5714 509.___
1836 5638 1880 5669 ⁶⁸
1906 5623 2078 5706 Epist.
2104 5638 2411 5714 ad_Sm_y_rn.
2493 5640 2544 5714 “1
2559 5655 2700 5714 _p_ag.
2726 5640 2855 5697 272.
2937 5642 2984 5675 ⁷⁸
3018 5640 3192 5713 Epist.
3224 5643 3293 5697 ad
3321 5641 3472 5698 Rom.
3549 5644 3591 5677 '”
3621 5657 3749 5714 pag.

400 5667 414 5715 ~'
502 5698 625 5754 ala.
675 5667 1074 5774 ’ττρἒιξῖἒῄἑῗ
1127 5705 1171 5739 τε
1202 5667 1853 5778 ιῖἴεῖὀὶἔὲ.νιῖξὲιῗ“ἶῗίίυέ
1886 5667 2644 5779 lﬁf'i‘ip'fusimil'Sigei}:
