4138 6392
435 384 544 441 525

1400 385 1462 440 D.
1501 384 1795 442 NOURRII
1832 385 2310 444 DISSERTATIO.
2351 418 2419 429 —
2458 387 2639 443 PARS
2671 388 2714 443 l.

3594 388 3696 447 526

432 510 796 569 indicaverat.
837 525 857 560 ι
900 504 1124 561 Utinam
1170 504 1406 561 Dallteus
1463 513 1521 561 et
1581 505 1704 576 ejus
1754 506 2015 563 defensor
2044 515 2092 572 Α
2121 515 2464 573 memorato,
2516 507 2661 563 Beda
2720 507 3039 575 tradiderit,
3090 522 3199 564 non
3240 508 3527 579 videmus;
3596 526 3697 566 nec

431 617 628 660 omnes
659 600 797 655 alios
832 612 1051 653 errores
1090 611 1223 653 suos
1245 597 1659 653 emendassent!
1695 596 1795 652 Hic
1824 606 2007 654 tamen

431 696 615 752 obiter
641 693 878 749 observa
907 697 1147 761 quantos
1193 689 1251 744 in
1297 703 1520 745 errores
1544 699 1877 760 praepostera
1905 691 2017 746 liti-

432 787 620 860 gandi,
663 793 719 841 et
756 799 858 840 sua
891 783 1157 840 adversus
1205 781 1473 855 genuinas
1510 781 1702 853 lgnatii
1751 784 2016 853 epistolas

433 888 762 951 argumenta
791 876 1205 949 multiplicaudi'
1225 876 1454 948 prurigo
1475 874 1736 931 Dallaeum
1767 876 2019 949 praecipi-

433 982 545 1029 tem
574 971 773 1044 egerit.

647 1083 801 1158 §lll.
845 1084 1067 1152 Quarta:
1109 1084 1392 1151 obiectioni
1439 1086 1802 1156 respondetur.

504 1197 777 1266 Quartum
831 1198 1072 1270 denique
1120 1198 1307 1254 Dallaai
1356 1209 1741 1269 argumentum
1780 1201 1826 1231 '“’
1890 1198 2015 1254 inde

429 1291 656 1362 petitur,
682 1291 831 1361 quod
861 1290 919 1346 in
958 1292 1048 1347 his
1088 1292 1334 1363 epistolis
1375 1293 1583 1347 mentio
1621 1293 1715 1348 fiat
1743 1292 2012 1360 Onesimi,

431 1382 799 1455 Ephesiorum
830 1383 1097 1454 episcopi,
1125 1398 1287 1454 quem
1315 1398 1463 1438 anno
1490 1383 1594 1438 107
1628 1383 1711 1440 vel
1745 1384 1869 1453 108,
1902 1400 2014 1455 quo

430 1476 518 1531 hae
546 1475 792 1546 epistolae
821 1476 963 1531 data:
1010 1484 1160 1543 sunt,
1189 1475 1300 1530 vita
1330 1475 1581 1531 functum
1614 1474 1787 1532 fuisse
1820 1491 1890 1532 ex
1915 1476 2011 1531 Ni-

428 1567 655 1637 cephori
682 1566 881 1637 probat
911 1564 1174 1623 Historia.
1215 1566 1382 1622 Addit
1411 1582 1541 1623 vero
1588 1582 1766 1638 neque
1797 1582 1830 1624 a
1855 1567 2009 1624 Grae-

428 1674 624 1715 corum
654 1658 897 1726 Menaeis,
927 1659 1011 1714 vel
1040 1675 1071 1714 a
1103 1658 1361 1716 Simeone
1385 1659 1750 1731 Metaphraste
1782 1661 2005 1731 agnosci

428 1750 582 1807 hunc
608 1749 949 1822 Ephesinum
973 1751 1221 1808 Onesimi
1247 1752 1662 1823 episcopatum;
1692 1753 1761 1808 ab
1783 1762 2005 1809 auctore

428 1853 616 1900 autem
643 1842 1098 1899 Canstitutionum
1121 1845 1539 1915 apostolicamm
1577 1846 1831 1901 eumdem
1863 1844 2007 1903 One-

429 1938 635 1994 simum
663 1936 900 1993 Berrmte
920 1938 1239 2008 episcopum
1261 1938 1544 2009 appellari.
1569 1936 1816 2010 Denique
1838 1939 2010 1995 Doro-

426 2030 591 2086 theus
636 2030 693 2084 in
727 2028 1002 2102 Synopsi,
1043 2040 1099 2085 et
1125 2029 1448 2102 Hippolytus
1490 2032 1543 2085 in
1586 2031 1771 2087 libello
1817 2031 1896 2087 De
1943 2032 2010 2086 70

426 2120 708 2191 discipulis
743 2122 979 2189 inedito,
1011 2137 1122 2176 non
1156 2122 1322 2188 hunc,
1366 2122 1460 2178 sed
1491 2121 1687 2178 Caium
1720 2122 2010 2180 Timotheo

427 2215 487 2269 in
517 2213 797 2286 Ephesino
842 2216 1163 2287 episcopatu
1205 2216 1539 2272 successisse
1573 2215 1866 2271 afﬁrmant.
1899 2216 2008 2273 Sed

426 2306 516 2361 his
537 2307 797 2363 omnibus
823 2306 984 2363 facile
1010 2308 1368 2378 respondeas,
1399 2309 1447 2365 si
1476 2309 1795 2365 memineris
1821 2307 2007 2377 plures

426 2396 602 2454 fuisse
622 2395 933 2468 Onesimos,
960 2398 1030 2455 de
1059 2400 1263 2470 quibus
1301 2399 1517 2457 diversa
1543 2416 1577 2455 a
1613 2400 1845 2458 diversis
1870 2403 2011 2457 scri-

426 2490 684 2559 ptoribus
730 2492 1012 2547 memoriae
1059 2492 1279 2563 prodita
1329 2503 1479 2548 sunt.
1525 2493 1797 2559 Quocirca
1843 2492 2007 2549 Nice-

424 2585 636 2652 phorus
690 2584 882 2639 scribit
929 2585 1164 2654 quidem.
1182 2582 1503 2640 Onesimum
1553 2586 1847 2656 quemdam
1903 2586 2007 2642 sub

424 2674 725 2731 Domitiani
766 2677 1002 2747 imperio
1046 2687 1279 2733 mortem
1308 2678 1535 2745 obiisse,
1569 2679 1665 2734 sed
1700 2679 1857 2733 illum
1886 2674 2006 2748 epiJ

423 2784 653 2840 scopum
703 2767 1042 2839 Ephesinum
1100 2768 1275 2825 fuisse
1323 2769 1518 2825 nullibi
1587 2778 1876 2825 memorat.
1924 2769 2005 2825 Ex

422 2862 755 2919 Nemeorum
805 2878 941 2919 vero
1001 2878 1096 2918 seu
1150 2863 1536 2933 Metaphrastis
1591 2864 1813 2919 silentio
1869 2864 2005 2919 nihil

423 2970 670 3024 unquam
716 2955 913 3011 confici
949 2955 1169 3025 poterit.
1205 2954 1265 3010 Si
1304 2956 1449 3010 enim
1496 2957 1564 3011 de
1609 2955 1853 3012 Onesimi
1890 2959 2007 3028 epi-

423 3057 652 3118 scopatu
682 3048 718 3101 ii
761 3049 1074 3113 tacuerint,
1107 3048 1269 3102 multi
1302 3049 1395 3102 alii
1434 3049 1592 3118 plura
1619 3048 1689 3105 de
1735 3065 1802 3105 eo
1834 3051 2006 3105 tradi-

421 3143 641 3197 derunt.
691 3140 865 3197 Porro
888 3143 935 3196 si
996 3142 1182 3212 plures
1243 3141 1448 3198 fuerint
1517 3142 1804 3212 Onesimi,
1863 3145 2002 3201 nihil

422 3237 637 3301 obstat,
669 3235 965 3306 quominus
1010 3250 1155 3291 unus
1208 3234 1446 3305 Ephesi,
1478 3237 1617 3292 alter
1644 3236 1899 3303 Berrmaa,
1943 3249 2005 3293 ut

422 3337 619 3383 auctor
650 3327 1106 3384 Constitutionum
1144 3327 1563 3397 apostolicarum
1590 3338 1798 3396 narrat,
1838 3331 2005 3386 fuerit

422 3421 756 3490 episcopus;
787 3420 929 3475 alius
960 3435 1092 3474 vero
1114 3461 1130 3487 ,
1165 3429 1225 3474 ut
1251 3418 1560 3477 Dorotheus
1600 3434 1655 3477 et
1680 3420 2002 3494 Hippolytus

421 3522 677 3569 asserunt
699 3512 839 3568 Caio
872 3513 1222 3568 successerit.

494 3606 705 3661 Instant
754 3605 989 3661 Dallaeus
1034 3605 1263 3675 ejusque
1312 3604 1570 3663 defensor
1625 3622 1693 3662 ex
1734 3605 1889 3662 Pauli
1934 3607 2002 3663 ad

419 3698 801 3754 Philemonem
838 3700 1118 3770 Epistola,
1174 3715 1321 3754 anno
1369 3700 1575 3755 Christi
1625 3700 1693 3756 56
1737 3709 1999 3768 exarata,

418 3803 630 3849 certum
662 3793 836 3848 videri
872 3791 1192 3847 Onesimum
1230 3793 1473 3863 ejusdem
1501 3792 1655 3848 Pauli
1704 3792 1874 3849 fuisse
1916 3793 2002 3849 di-

419 3889 733 3959 scipulum;
788 3904 855 3943 ex
903 3888 1047 3943 Beda
1095 3897 1277 3943 autem
1336 3898 1501 3957 atque
1550 3887 1788 3944 Notkero
1843 3890 1997 3944 illum

416 3983 672 4038 eumdem
705 3998 855 4048 esse,
886 3984 1046 4052 cujus
1092 3980 1335 4053 lgnatius
1378 3992 1563 4038 noster
1595 3982 1725 4039 fecit
1759 3985 1998 4039 mentio-

418 4092 565 4131 nem.
592 4076 738 4146 Ergo
784 4073 1078 4131 Onesimus
1125 4076 1218 4131 ille
1246 4091 1372 4131 cum
1411 4074 1655 4147 lgnatius
1711 4090 1859 4131 anno
1897 4076 2002 4131 107

418 4170 504 4225 vel
536 4169 661 4236 108,
690 4184 823 4224 suas
865 4169 1136 4225 scriberet
1172 4168 1471 4238 Epistolas,
1513 4183 1718 4223 annum
1763 4169 1989 4225 centesi-

417 4279 571 4318 mum
606 4263 692 4319 vel
726 4271 874 4318 certe
913 4262 1332 4335 nonagesimum
1362 4263 1478 4333 jam
1529 4262 1843 4331 implevisse
1868 4278 2001 4319 cen-

416 4357 621 4413 sendus
650 4365 752 4412 est.
785 4354 961 4422 Quam
994 4356 1250 4426 martyris
1280 4355 1416 4410 adeo
1441 4364 1757 4425 provectam
1783 4363 1997 4410 aetatem

415 4466 542 4505 cum
580 4451 766 4504 nullus
809 4449 1045 4520 scriptor
1104 4448 1515 4515 observaverit,
1552 4464 1677 4503 eum
1719 4449 1996 4519 juniorem

2120 599 2288 653 ullum
2323 595 2379 652 in
2403 598 2545 668 ejus,
2569 613 2748 668 neque
2775 599 2939 653 etiam
2967 597 3193 655 Notkeri
3233 600 3453 670 scriptis
3486 601 3695 666 locum,

2119 687 2211 740 ubi
2272 687 2388 741 haec
2431 686 2674 756 reperias
2700 727 2716 755 ,
2756 680 3017 745 indicavit
3070 688 3325 745 Dallaaus.
3358 689 3436 745 Ea
3473 690 3697 760 quidem

2118 778 2262 849 apud
2292 777 2606 834 Usuardum
2629 779 2900 849 legimus:
2936 790 2993 837 at
3019 797 3130 837 non
3159 782 3308 840 illius
3346 784 3513 838 verba
3546 793 3695 848 sunt,

2117 870 2213 926 sed
2236 870 2467 939 Adonis,
2496 888 2661 942 quem
2689 883 2945 944 corrupta
2974 882 3029 928 et
3064 874 3357 944 depravata
3391 886 3700 946 martyrum

2116 962 2252 1019 Acta
2290 964 2344 1018 in
2392 979 2640 1020 errorem
2696 966 3052 1021 induxerunt.
3103 965 3375 1022 Caeterum
3426 967 3696 1038 quidquid

2118 1064 2372 1112 auctores
2422 1057 2501 1111 illi
2555 1058 2623 1113 de
2672 1057 2933 1115 Onesimo
2981 1060 3262 1115 memoriae
3312 1060 3693 1130 prodiderint,

2117 1162 2281 1202 nemo
2345 1163 2494 1204 sanat
2533 1150 2735 1207 mentis
2786 1150 2954 1206 homo
2983 1153 3262 1223 negaverit
3312 1153 3381 1207 iis
3436 1153 3694 1207 omnibus

2117 1240 2556 1309 anteponendum
2604 1256 2726 1297 esse
2772 1242 3141 1299 certissimum
3178 1244 3398 1301 Eusebii
3447 1248 3697 1302 testimo--

2116 1332 2305 1398 nium,
2348 1333 2443 1402 qui
2491 1333 2696 1389 diserte
2722 1335 3202 1407 indubitanterque
3251 1339 3508 1393 asserit"
3536 1337 3695 1410 lgna.

2115 1423 2251 1478 tium
2300 1434 2552 1480 nostrum
2607 1427 2896 1497 epistolam
2932 1429 3221 1499 scripsisse
3251 1449 3270 1482 ‹
3300 1430 3368 1486 ad
3392 1429 3693 1487 Ecclesiam

2115 1512 2479 1584 Ephesiorum
2511 1556 2527 1583 ,
2592 1517 2648 1571 in
2707 1533 2816 1589 qua
2874 1515 3121 1575 Onesimi
3165 1520 3409 1591 ipsorum
3458 1522 3694 1595 pastoris

2114 1606 2449 1662 mentionem
2476 1606 2626 1664 facit.
2658 1627 2680 1662 ›

2696 1762 2930 1819 CAPUT
2964 1763 3104 1821 XIV.

2036 1859 2081 1915 Β
2108 1887 2257 1929 NIHIL
2296 1890 2350 1929 IN
2388 1890 2473 1930 HIS
2509 1890 2788 1932 EPISTOLIS
2827 1891 3138 1932 OCCURRERE
3161 1918 3177 1943 ,
3215 1893 3281 1932 ΑΒ
3320 1893 3523 1935 lCNATll
3560 1876 3691 1937 PEH-

2320 1960 2473 2013 εοΝΑ,
2511 1961 2759 2014 IORIBUS,
2801 1963 2909 2002 AUT
2948 1963 3179 2003 ΡΙΕΤΔΤΕ
3218 1966 3474 2005 ΑιιΕΝυκ.

2291 2060 2317 2131 §
2350 2060 2391 2115 Ι.
2438 2059 2623 2116 Prima
2658 2073 2709 2118 et
2744 2064 2975 2116 secunda
3008 2064 3229 2135 objectio
3265 2066 3510 2123 solvitur.

2181 2173 2503 2243 Quindecim
2553 2176 2780 2245 insuper
2832 2188 3156 2247 argumenta
3209 2178 3444 2236 Dallaeus
3489 2182 3693 2253 depro-

2111 2268 2231 2335 mit,
2269 2266 2472 2337 quibus
2504 2267 2737 2337 probare
2765 2268 2958 2323 nititur
2979 2284 3102 2325 esse
3124 2270 3180 2324 in
3202 2268 3394 2340 Ignatii
3420 2274 3689 2345 epistolis,

2114 2376 2133 2412 ‹
2158 2359 2280 2414 Alia
2315 2359 2490 2414 multa
2518 2375 2550 2414 a
2580 2376 2848 2430 personae,
2877 2360 2969 2416 cui
2997 2361 3351 2434 efﬁnguntur,
3392 2367 3479 2422 vel
3515 2371 3689 2425 mori-

2108 2452 2235 2518 bus,
2266 2453 2352 2508 vel
2380 2453 2667 2523 dignitate,
2703 2454 2792 2509 vel
2821 2454 3064 2525 ingenio,
3096 2458 3182 2512 vel
3210 2458 3410 2528 pietate
3443 2461 3640 2517 aliena.
3663 2483 3682 2515 ι

2109 2542 2218 2601 Sed
2256 2562 2326 2601 ex
2357 2554 2513 2602 tanto
2544 2556 2995 2617 argumentorum
3024 2565 3256 2607 numero
3290 2552 3401 2608 duo
3422 2554 3691 2611 duntaxat

2046 2644 2056 2711 ᾗ
2107 2636 2176 2691 ad
2200 2651 2319 2704 eas,
2349 2652 2489 2708 quas
2533 2637 2917 2707 defendimus,
2954 2640 3212 2710 epistolas
3251 2645 3545 2714 pertinent.
3578 2647 3692 2702 Ho-

2105 2744 2229 2785 rum
2255 2730 2409 2802 prius
2435 2732 2658 2786 ductum
2676 2741 2847 2787 estex
2866 2732 2953 2788 his
2974 2734 3188 2790 verbis:
3214 2753 3234 2787 σ
3255 2734 3386 2792 Sine
3405 2737 3687 2809 episcopo,

2106 2821 2441 2892 presbyteris
2469 2829 2524 2877 et
2547 2821 2797 2877 diaconis
2816 2821 3117 2879 Ecclesiam
3135 2840 3245 2880 non
3276 2829 3458 2883 vocari
3476 2830 3542 2883 ⁷⁷.
3578 2848 3597 2882 ι
3621 2830 3692 2885 At

2107 2913 2224 2969 haec
2253 2913 2438 2969 omnia
2463 2914 2689 2970 omnino
2727 2912 3010 2985 lgnatiana
3038 2932 3160 2973 esse
3195 2918 3311 2989 jam
3340 2919 3688 2977 demonstra-

2105 3018 2306 3058 νιωιιε.

2176 3093 2478 3150 Posteriori
2529 3094 2715 3151 Dallaei
2768 3110 3096 3169 argumento
3143 3103 3496 3160 occasionem
3547 3120 3689 3176 prae-

2031 3201 2074 3260 c
2108 3184 2280 3241 buere
2329 3185 2436 3240 alia
2485 3186 2714 3242 alterius
2763 3188 3007 3257 epistola}
3046 3190 3254 3245 verba:
3301 3209 3319 3242 ι
3355 3191 3556 3248 Filium
3588 3194 3690 3250 Dei

2105 3275 2406 3330 secundum
2431 3275 2765 3330 voluntatem
2789 3286 2843 3331 et
2864 3280 3162 3347 potentiam
3187 3279 3276 3335 Dei
3302 3282 3547 3352 genitum
3563 3285 3635 3352 78;
3662 3305 3682 3337 ο

2103 3383 2227 3438 (μω
2259 3368 2481 3437 quidem
2512 3385 2622 3421 non
2653 3370 2785 3424 satis
2818 3385 2985 3436 sana,
3018 3371 3114 3426 sed
3143 3371 3279 3427 dura
3299 3413 3314 3439 ,
3362 3375 3563 3445 vixque
3607 3376 3688 3432 fe-

2105 3458 2277 3513 renda
2312 3458 2514 3513 Dallaeo
2543 3460 2819 3515 videntur.
2852 3460 3163 3517 Mirandum
3191 3473 3340 3518 certe
3369 3466 3605 3522 delicato
3631 3478 3688 3523 et

2103 3549 2363 3620 religioso
2411 3549 2597 3605 Dallaei
2641 3551 2698 3604 in
2728 3551 2894 3607 rebus
2943 3553 3066 3607 fidei
3104 3555 3284 3622 palato
3316 3556 3449 3613 illud
3484 3559 3684 3616 durum

2105 3657 2207 3697 nec
2231 3642 2366 3697 satis
2400 3656 2597 3697 sanum
2622 3641 2817 3708 videri,
2843 3644 2988 3712 quod
3017 3643 3418 3714 Theodoretus,
3444 3650 3526 3703 vir
3552 3666 3686 3706 sane

2104 3747 2216 3788 non
2266 3732 2451 3787 minus
2501 3748 2669 3803 quam
2702 3733 2794 3789 ille
2823 3732 3155 3805 Christiana:
3191 3738 3317 3793 fidei
3364 3740 3684 3810 dogmatum

2101 3824 2335 3895 peritus,
2381 3827 2450 3881 ad
2489 3826 2858 3882 confutandos
2890 3828 3273 3915 haereticorum
3312 3847 3526 3888 errores
3556 3852 3687 3905 pro-

2102 3914 2246 3970 ferre
2286 3931 2397 3971 non
2452 3916 2740 3972 dubitavit.
2796 3918 3003 3975 Deinde
3061 3914 3303 3991 lgnatius
3353 3924 3428 3980 ibi
3462 3941 3571 3980 non
3617 3929 3686 3984 de

2103 4018 2340 4076 aeterna,
2382 4010 2477 4065 sed
2519 4010 2586 4065 de
2625 4012 2913 4081 temporali
2952 4012 3159 4069 Christi
3208 4019 3559 4086 generatione
3603 4021 3687 4076 lo-

2103 4099 2291 4169 quitur
2315 4117 2330 4153 :
2362 4118 2380 4151 ι
2406 4099 2683 4169 Genitum,
2705 4101 2905 4172 inquit,
2926 4118 3053 4159 vere
3078 4120 3146 4159 ex
3163 4104 3406 4177 Virgine.
3433 4127 3453 4159 »
3480 4107 3687 4176 Quam-

2101 4187 2186 4241 vis
2218 4195 2402 4241 autem
2447 4186 2515 4241 de
2543 4188 2693 4244 illius
2726 4190 3011 4246 divinitate
3040 4192 3388 4263 loqueretur,
3434 4197 3565 4253 illud
3597 4216 3687 4255 sa-

2101 4295 2235 4335 num
2288 4286 2436 4335 esset
2469 4288 2525 4335 et
2568 4282 2974 4350 orthodoxum;
3006 4287 3447 4358 quandoquidem
3497 4292 3685 4361 plures

2102 4370 2354 4425 invenias
2409 4368 2466 4423 in
2519 4372 2873 4443 antiquorum
2924 4374 3151 4432 Patrum
3206 4379 3427 4449 scriptis
3471 4383 3683 4440 similes

2102 4464 2389 4535 loquendi'
2410 4467 2627 4532 modos,
2668 4483 2809 4537 quos
2840 4470 3011 4524 duros
3052 4480 3107 4526 et
3144 4473 3234 4527 vix
3267 4472 3525 4531 ferendos
3560 4463 3685 4536 esse

414 4559 664 4615 passum,
693 4543 947 4613 hancque
978 4542 1268 4612 epistolam
1310 4540 1673 4595 adulterinam
1715 4557 1839 4597 esse
1868 4541 1995 4596 Dal-
2030 4545 2076 4604 D
2103 4570 2172 4611 ne
2194 4554 2429 4615 Dallaaus
2455 4559 2674 4631 quidem
2704 4559 2887 4615 dicere
2908 4560 3127 4617 audeat.

414 4637 550 4691 Iasus
598 4634 894 4691 concludit.
947 4633 1363 4704 Respondemus
1397 4632 1694 4705 Epistolam
1739 4632 1893 4689 Pauli
1924 4634 1992 4689 ad

414 4730 789 4785 Philemonem
814 4744 924 4785 non
954 4729 1163 4784 Christi
1187 4744 1331 4783 anno
1356 4727 1446 4796 56,
1470 4738 1531 4783 ut
1560 4728 1651 4783 ille
1672 4729 1992 4796 arbitratur,

415 4825 700 4894 scriptam,
730 4824 825 4878 sed
862 4830 986 4893 post
1019 4838 1225 4875 annum
1255 4822 1680 4891 sexagesimum,
1730 4820 1995 4891 qqupo-

414 4916 593 4970 stolas
628 4915 733 4969 sub
775 4914 940 4969 Festo
986 4912 1188 4968 Judaete
1239 4912 1496 4983 praefecto
1544 4929 1667 4968 cum
1721 4912 1995 4968 Caesarem

414 5008 783 5078 appellasset,
838 5006 1069 5062 Romam
1125 5007 1219 5061 ubi
1273 5007 1414 5061 hanc
1470 5006 1620 5061 dedit
1650 5005 1994 5076 Epistolam,

414 5110 606 5171 postea
634 5101 834 5156 ductus
858 5108 960 5155 est.
990 5097 1138 5152 Nihil
1188 5108 1369 5152 autem
1414 5098 1670 5167 prohibet
1697 5099 1996 5167 quominus

412 5192 742 5259 Onesimus,
782 5191 881 5262 qui
942 5206 1009 5246 eo
1048 5200 1325 5260 tempore,
1365 5205 1476 5260 quo
1525 5190 1591 5245 ad
1618 5188 1996 5245 Philemonem

414 5287 620 5343 Paulus
651 5286 900 5357 scripsit,
927 5284 1116 5355 junior
1146 5293 1286 5352 erat,
1312 5283 1379 5338 ad
1406 5299 1534 5339 eum
1564 5299 1741 5354 usque
1765 5299 1993 5348 annum,

413 5379 795 5451 quo-lgnatius
817 5394 950 5437 suas
978 5377 1288 5447 composuit
1318 5376 1603 5447 epistolas,
1631 5377 1805 5432 vitam
1832 5387 1997 5447 atque

414 5475 790 5543 episcopatum
826 5471 1172 5543 produxerit.

487 5547 693 5622 Deinde
722 5564 855 5635 quid
877 5563 945 5619 de
968 5561 1250 5627 Onesimo,
1276 5560 1332 5616 in
1354 5558 1557 5632 Jgnatii
1600 5561 1774 5617 nostri
1799 5559 1996 5617 litteris

956 5700 1125 5774 "lib.
1164 5717 1222 5755 ιιι
1260 5702 1399 5774 Hist.
1443 5720 1560 5774 cap.
1598 5704 1685 5758 56.

501 5693 551 5725 ⁷⁸
583 5710 703 5763 pag.
734 5697 856 5753 516.

654 5712 703 5824 g.
734 5712 856 5753 om.
956 5712 1001 5731 "
1033 5712 1125 5755 Im.
1164 5717 1222 5755 Ill
1260 5712 1399 5755 Hist.
1443 5720 1560 5774 cap.
1598 5712 1685 5758 50.
1783 5712 1826 5737 ⁷⁷
1860 5720 1949 5775 cap

694 5766 745 5837 7,
772 5783 825 5840 p.
856 5770 982 5840 358,
1013 5770 1182 5843 Epist.
1207 5774 1275 5829 ad
1303 5773 1519 5844 Smyrn.
1595 5775 1639 5809 ⁸⁰
1667 5792 1789 5848 pag.
1824 5775 1949 5832 Q81.

426 5760 477 5797 "
504 5760 627 5837 cap.

2354 4690 2382 4761 §
2410 4688 2477 4747 ll.
2523 4691 2716 4747 Tertia:
2756 4694 3038 4763 objectioni
3070 4698 3434 4766 respondetur.

2172 4822 2359 4879 Dallazi
2410 4825 2595 4895 itaque
2632 4824 2910 4892 defensor,
2956 4828 3061 4883 hoc
3104 4831 3473 4898 praetermisso
3514 4849 3683 4909 argu-

2102 4925 2309 4983 mento,
2361 4916 2631 4995 ad_aliud
2686 4919 2835 4988 quod
2892 4921 3115 4990 gravius
3173 4923 3519 4995 validiusque
3562 4943 3683 4983 esse

2103 5009 2381 5077 opinatur,
2408 5011 2537 5065 totis
2560 5011 2771 5067 viribus
2798 5015 3256 5085 propugnandum
3286 5019 3678 5089 aggreditur".

2100 5096 2237 5154 Illud
2282 5115 2464 5155 autem
2498 5102 2557 5155 in
2613 5118 2680 5157 eo
2732 5104 2899 5159 situm
2947 5115 3052 5171 est,
3082 5109 3228 5178 quod
3272 5107 3514 5179 lgnatius
3556 5130 3576 5162 ι
3610 5126 3679 5166 ex

2100 5192 2428 5262 apocnyphis
2459 5193 2707 5264 quaedam
2740 5194 2979 5263 furatur,
3011 5213 3188 5269 eaque
3214 5214 3314 5268 pro
3335 5200 3483 5259 veris
3510 5210 3565 5256 et
3588 5203 3669 5257 in-

2100 5281 2362 5339 dubitatis
2409 5286 2582 5355 ponit.
2618 5305 2638 5338 ι
2674 5284 2778 5342 Ubi
2831 5289 2977 5343 enim
3028 5290 3097 5346 de
3141 5289 3363 5347 Christo
3408 5293 3659 5351 disserit:

2105 5393 2124 5425 ‹
2164 5374 2231 5429 Et
2259 5377 2502 5446 quando,
2536 5377 2730 5449 inquit,
2771 5380 2839 5435 ad
2874 5396 2996 5449 eos,
3033 5382 3128 5452 qui
3161 5383 3306 5439 circa
3334 5382 3554 5438 Petrum
3588 5401 3682 5441 ve-

2099 5470 2203 5537 nit,
2231 5470 2307 5524 ait
2345 5471 2482 5542 ipsis
2510 5494 2523 5526 ;
2549 5471 2978 5543 Apprehendite,
3019 5474 3236 5545 palpate
3282 5490 3392 5540 me,
3423 5485 3478 5529 et
3498 5476 3680 5532 videte

2099 5565 2361 5633 quoniam
2392 5580 2502 5621 non
2528 5581 2652 5623 sum
2686 5566 3018 5623 daemonium
3050 5568 3503 5639 incorporeum”.
3523 5567 3683 5635 «Quae

1783 5706 1979 5779 "Agap.
2018 5705 2196 5776 14,15
2221 5714 2272 5765 et
2302 5706 2388 5764 16.
2424 5706 2598 5779 Epist.
2630 5707 2697 5762 ad
2731 5705 2990 5763 Tratlcns.
3063 5704 3135 5773 ,η
3162 5701 3332 5774 Epist.
3362 5702 3431 5757 ad
3468 5701 3682 5774 Smyrn.
3719 5688 3727 5697 ’
