4138 6388
455 428 555 481 527

1528 420 1583 473 S.
1627 413 1980 475 IGNATIUS.
2022 445 2089 453 ——
2125 405 2659 466 PROLEGOMENA.

3610 400 3716 454 5'23

454 562 584 601 sane
618 543 792 599 Verba
830 543 902 598 ab
942 550 1167 598 auctore
1200 549 1393 597 nostro
1425 556 1535 595 non
1586 541 1843 605 aliunde,
1873 555 2037 610 quam
2068 540 2115 596 Α
2142 534 2357 603 dignas.
2388 546 2553 601 quam
2581 545 2667 593 ea.
2696 544 2819 598 quae
2846 525 2969 580 νῖιῖθ
2998 540 3111 580 5038
3132 532 3384 595 P8113888.
3407 523 3715 592 lucemque.

453 654 516 691 ex
570 635 886 707 apocrypho
921 634 1308 689 Nazaraeorum
1357 634 1657 705 Evangelio
1701 636 2035 705 transcripta

451 726 624 807 fuisse
650 728 795 782 haud
833 727 1151 783 dubitanter
1176 726 1431 781 affirmat.
1457 728 1545 793 At,
1579 727 1776 797 inquit,
1802 728 1848 783 is
1874 725 2033 797 Igna-

452 821 559 877 tius
608 829 816 891 martyr
854 835 978 875 esse
1026 834 1138 874 non
1170 820 1504 889 potest,qui
1563 821 1808 875 veritatis
1858 818 2035 873 fontes

452 913 739 970 fastidiens
767 955 783 980 ,
833 913 1021 983 potius
1076 910 1213 967 falsa
1265 911 1475 966 Christi
1509 912 1673 966 verba
1700 927 1769 966 ex
1804 911 2036 980 impuris

451 1007 887 1078 apocrypborum
922 1004 1156 1067 lacunis,
1193 1020 1357 1074 quam
1388 1020 1517 1059 vera
1545 1021 1613 1059 ex
1646 1004 1809 1060 certis
1839 1004 2037 1059 divina:

452 1096 753 1169 Scriptura:
793 1098 948 1153 libris
975 1111 1227 1167 promere
1276 1097 1551 1151 maluerit.
1598 1095 1786 1167 Neque
1826 1096 2035 1151 dixeris

450 1191 761 1262 apocrypha
796 1206 905 1245 non
937 1189 1104 1243 semel
1132 1189 1201 1242 ab
1245 1189 1487 1259 antiquis
1532 1188 1784 1243 Patribus
1832 1189 2029 1255 citari;

452 1284 598 1339 illico
656 1284 803 1337 enim
858 1279 1170 1337 Dallmanus
1230 1279 1490 1336 defensor
1541 1282 1707 1337 altius
1754 1283 2031 1352 insurgit,

452 1385 719 1447 urgetque
772 1387 1050 1430 auctorem
1099 1382 1355 1429 nostrum
1402 1390 1514 1429 non
1544 1375 1666 1431 ideo
1696 1376 1850 1447 argui
1884 1376 2034 1446 quod

454 1468 766 1538 apocrypha
797 1467 1134 1533 laudaverit;
1165 1468 1259 1522 sed
1287 1467 1434 1537 quod
1467 1468 1755 1522 historiam
1788 1468 1933 1522 illam
1966 1483 2033 1522 ex

455 1561 605 1616 falsis
630 1576 737 1615 non
770 1576 835 1614 ex
868 1561 1033 1623 veris,
1065 1560 1157 1613 ubi
1190 1568 1373 1615 exstat
1401 1560 1623 1630 gravius
1662 1568 1825 1630 atque
1866 1561 2027 1615 lucu-

454 1654 656 1709 lentius
681 1651 1400 1723 exposita,Evangeliorum
1422 1652 1598 1718 libris,
1620 1652 1694 1707 sit
1722 1659 2027 1706 mutuatus.

528 1746 634 1801 Sed
667 1761 695 1799 a
724 1746 1000 1799 Dallmano
1035 1743 1327 1800 defensore
1358 1744 1659 1813 quazrimus
1689 1744 1832 1798 unde
1876 1742 2033 1814 Igna-

454 1838 590 1893 tium
619 1837 783 1891 verba
831 1837 944 1902 illa,
973 1851 1095 1906 qua:
1124 1835 1333 1905 objicit,
1381 1836 1450 1889 ab
1491 1835 1808 1910 apocrypha.
1846 1833 2030 1889 Naza—

454 1944 693 1983 razurum
731 1926 1031 1998 Evangelio
1062 1927 1316 1983 hausisse
1346 1926 1636 1981 didicerit?
1668 1925 1787 1980 Non
1818 1941 1886 1981 ex
1915 1925 2031 1980 Eu-

454 2021 609 2076 sebio
634 2020 879 2090 quidem,
921 2020 1017 2090 qui
1071 2035 1130 2075 se
1182 2019 1235 2073 id
1273 2019 1557 2089 ignorasse
1608 2018 1786 2088 palam
1814 2019 2035 2089 proﬁte—

456 2121 545 2166 tur
564 2112 608 2144 θ’
635 2129 650 2165 :
683 2129 703 2163 ι
727 2110 883 2179 Quae,
908 2111 1109 2182 inquit,
1138 2111 1283 2165 unde
1313 2111 1604 2181 acceperit,
1631 2111 1844 2181 ignoro.
1871 2129 1891 2162 ›
1922 2109 2034 2165 Soli

455 2204 640 2274 itaque
665 2203 999 2275 llieronymo
1024 2246 1039 2269 ,
1074 2212 1135 2257 ut
1166 2202 1283 2273 ipse
1312 2201 1537 2269 fatetur,
1588 2202 1722 2256 illud
1751 2211 2033 2272 acceptum

455 2296 651 2350 referri
688 2296 869 2351 debet.
901 2294 949 2350 Is
986 2295 1189 2365 quippe
1218 2301 1535 2349 constanter
1564 2304 1844 2349 asseverat
1877 2298 2039 2366 lgna-

456 2388 593 2443 tium
621 2388 738 2442 haec
770 2386 1070 2443 deﬂorasse
1117 2402 1183 2441 ex
1225 2384 1540 2457 Evangelio,
1569 2404 1589 2439 ι
1616 2388 1764 2455 quod
1811 2403 1984 2457 nuper
2005 2403 2037 2444 a

461 2493 567 2544 mc,
586 2497 603 2528 ι
621 2480 699 2534 uti
713 2476 856 2541 ait",
868 2479 1331 2533 «translatumest.
1343 2477 1475 2535 iSed
1492 2474 1541 2530 si
1559 2473 1809 2533 Dallazani
1826 2478 1954 2536 illud
1969 2481 2038 2536 ab

461 2566 795 2636 Hieronymo
822 2564 1151 2630 didicerunt,
1176 2580 1274 2621 cur
1305 2574 1417 2621 tam
1448 2581 1635 2622 severe
1664 2566 1936 2637 lgnatium
1968 2568 2037 2623 ob

459 2658 514 2713 id
578 2658 983 2725 condemnant,
1027 2657 1174 2728 quod
1231 2658 1469 2717 eximius
1519 2660 1609 2715 ille
1647 2661 1839 2716 doctor
1864 2669 2038 2730 ,tanto

460 2756 705 2819 martyre
731 2748 896 2818 plane
930 2748 1156 2819 dignum
1180 2749 1433 2805 credidit.

533 2841 740 2896 Deinde
768 2844 1039 2896 incertum
1071 2850 1157 2897 est
1196 2857 1327 2897 num
1367 2850 1611 2913 tempore
1645 2841 1837 2913 lgnatii
1873 2858 2039 2898 cvan-

462 2934 666 3005 gelium
714 2932 1099 2989 Nazareorum
1149 2935 1294 2990 inter
1338 2935 1648 3006 apocrypha
1681 2936 2039 2990 amandatum

460 3026 678 3081 fuisset.
707 3026 845 3080 Cum
881 3027 1059 3094 enim,
1089 3034 1228 3083 teste
1273 3028 1462 3083 lsaaco
1503 3026 1833 3081 Casaubono
1854 3067 1870 3093 ,
1903 3034 2041 3081 tem-

460 3134 593 3188 pore
630 3134 771 3188 opus
804 3117 1003 3185 fuerit,
1049 3129 1108 3173 ut
1137 3120 1439 3190 apocryphi
1490 3119 1869 3188 hujuscemodi
1912 3120 2040 3176 libri

2143 625 2288 695 quod
2314 631 2471 692 poeta
2496 619 2663 685 canit,
2682 634 2899 688 perosa,
2926 618 2977 670 in
3002 626 3230 669 mortem
3253 629 3492 685 praeceps
3522 615 3662 669 ruit!
3690 632 3711 667 ι

2143 714 2251 769 Sed
2304 713 2521 782 dignior
2576 719 2659 764 cst
2706 708 2928 763 ethnico
2974 714 3173 776 poeta,
3218 722 3382 776 quam
3448 705 3719 775 scriptore

2140 803 2457 858 Christiano
2516 800 2631 854 hazc
2678 798 3023 853 exclamatio.
3082 796 3267 867 Longe
3310 798 3467 852 aliter
3510 797 3717 851 sentie-

2143 894 2275 946 bant
2303 890 2573 946 Eusebius
2604 898 2657 943 et
2689 887 3058 959 Hieronymus
3083 929 3098 955 ,
3132 888 3225 958 qui
3258 888 3480 957 praefata
3520 887 3715 957 Ignatii

2142 984 2329 1049 verba,
2364 997 2579 1038 summa
2603 981 2803 1051 pietate
2840 980 2960 1049 ejus
2990 989 3045 1035 et
3082 980 3317 1035 mirabili
3358 993 3585 1050 prorsus
3614 993 3715 1048 pro

2138 1078 2363 1132 Christo
2394 1073 2666 1129 moriendi
2700 1074 2883 1128 studio
2913 1083 3024 1127 tam
3060 1073 3221 1143 digna
3264 1080 3630 1141 putaverunt,
3659 1081 3719 1125 ut

2138 1185 2205 1224 ex
2235 1168 2445 1224 czeteris
2483 1166 2741 1221 omnibus
2772 1164 3109 1220 sanctissimi
3144 1165 3400 1235 martyris
3440 1164 3621 1227 dictis,
3654 1178 3718 1217 ea

2140 1262 2487 1331 potissimum
2542 1258 2657 1313 suis
2691 1259 2745 1312 in
2774 1258 2929 1312 libris
2974 1257 3413 1322 transcribenda,
3443 1256 3717 1310 omnium-

2137 1370 2245 1424 que
2273 1354 2715 1409 Christianorum
2765 1351 3017 1421 religioni
3051 1359 3106 1405 et
3135 1349 3484 1404 admirationi
3516 1364 3718 1419 propo-

2138 1446 2311 1500 nenda
2345 1445 2661 1514 sclegcrint.
2684 1443 2823 1510 Quid
2848 1443 2993 1513 quod
3024 1458 3133 1496 non
3163 1443 3339 1497 solum
3373 1440 3582 1507 Patres,
3618 1441 3713 1496 sed

2137 1546 2191 1592 et
2225 1535 2480 1591 Vedclius
2528 1536 2641 1607 ipse
2673 1535 3028 1601 Calvinianm,
3064 1535 3225 1589 sicuti
3264 1532 3521 1597 Dallteus,
3554 1543 3717 1587 sectae

2137 1630 2407 1695 addictus,
2434 1629 2619 1684 eadem
2646 1626 2838 1699 lgnatii
2865 1628 3029 1682 verba
3057 1628 3125 1683 ad
3154 1628 3360 1697 sopitos
3391 1626 3715 1697 tepidiornm

2137 1724 2579 1780 Christianorum
2621 1724 2775 1794 ignes
2822 1724 3169 1778 suseitandos
3228 1723 3376 1778 ultro
3417 1723 3714 1793 proponit:

2142 1835 2161 1869 ι
2197 1815 2369 1884 Quem
2410 1818 2602 1873 mortis
2631 1827 2684 1872 et
2713 1817 3108 1887 suppliciorum
3154 1827 3363 1873 terrore
3397 1828 3719 1874 consterna-

2138 1920 2252 1965 tum
2277 1919 2503 1965 sanctus
2525 1918 2733 1980 martyr
2754 1923 2863 1963 non
2888 1909 3158 1977 restituat,
3178 1909 3273 1980 qui
3292 1909 3358 1963 ad
3378 1909 3580 1964 bestias
3597 1917 3720 1963 ten-

2138 2002 2296 2067 dens,
2323 2002 2513 2057 dentes
2543 2016 2734 2055 earum
2764 1999 3293 2070 dilacerationesque
3317 2001 3715 2055 subiturus.....

2138 2093 2397 2149 Gratulor
2418 2093 2550 2147 mihi
2572 2092 2639 2148 de
2656 2093 3008 2163 bestiis,qua2
3037 2093 3328 2148 adversum
3360 2108 3444 2147 me
3460 2092 3526 2161 “,
3560 2112 3579 2145 ι
3606 2102 3712 2148 etc.

2211 2206 2379 2277 Urget
2406 2214 2587 2261 tamen
2619 2205 2854 2261 Dallaaus
2875 2205 2952 2258 ⁸⁷ε
2986 2223 3005 2256 ι
3040 2204 3247 2260 Christi
3281 2213 3549 2275 martyres
3574 2220 3718 2258 mor-

2139 2308 2249 2353 tem
2274 2307 2614 2368 exspectant,
2650 2313 2760 2351 non
2792 2306 3117 2365 accersunt;
3161 2298 3227 2352 ad
3264 2307 3465 2351 metam
3497 2312 3721 2367 compo-

2144 2390 2250 2445 sito
2278 2430 2294 2458 ,
2344 2406 2456 2445 non
2498 2390 2760 2461 praecipiti
2810 2391 2982 2460 gradu
3034 2388 3305 2445 feruntur.
3339 2410 3357 2443 ι
3384 2389 3524 2455 Quid
3555 2390 3725 2460 ergo?

2141 2484 2247 2541 Tot
2269 2494 2564 2557 martyres,
2589 2485 2685 2555 qui
2727 2484 3047 2540 occasiones
3077 2498 3177 2554 pro
3222 2483 3444 2538 Christo
3474 2482 3718 2553 patiendi

2141 2583 2297 2629 tanto
2325 2576 2522 2631 ardore
2546 2576 2905 2647 qumsierunt,
2931 2575 3026 2645 qui
3055 2576 3122 2630 ad
3145 2584 3374 2630 mortem
3405 2584 3601 2645 sponte
3620 2590 3722 2629 sua

2142 2676 2530 2735 cucurrerunt,
2561 2668 2657 2739 qui
2680 2669 2736 2722 in
2760 2668 2913 2738 ignes
2943 2676 2999 2721 et
3020 2667 3272 2723 ﬂammas
3298 2708 3314 2733 ,
3344 2668 3435 2737 qui
3466 2666 3522 2720 in
3546 2680 3722 2736 aquas

2140 2766 2195 2811 et
2234 2756 2459 2811 ﬂumina
2494 2758 2800 2828 praecipites
2838 2774 2897 2813 se
2924 2757 3213 2825 dederunt,
3260 2758 3298 2812 ii
3335 2758 3632 2827 impietatis
3657 2772 3721 2811 ac

2142 2846 2502 2902 immodestiae
2535 2848 2829 2903 accusandi
2876 2848 3039 2902 sunt?
3078 2848 3189 2903 Cur
3234 2864 3364 2919 ergo
3406 2847 3594 2903 Patres
3645 2856 3722 2901 tot

2142 2935 2399 2991 laudibus
2431 2951 2528 2991 eos
2572 2935 3088 2991 celebraverunt“?
3128 2935 3241 2989 Cur
3273 2935 3516 2990 Ecclesia
3554 2936 3723 2990 tantis

2142 3027 2444 3083 honoribus
2472 3042 2569 3083 eos
2598 3028 2992 3097 prosequitur?
3014 3026 3287 3082 Praeterea
3314 3026 3554 3097 lgnatius
3577 3043 3717 3081 mar-

2143 3117 2269 3189 tyrii
2308 3117 2395 3171 sui
2419 3126 2667 3186 tempora
2700 3133 2811 3173 non
2851 3117 3177 3183 antevertit;
3218 3119 3312 3174 scd
3335 3119 3625 3172 damnatus
3652 3115 3723 3169 ad

461 3212 788 3266 auctoritate
843 3209 1103 3267 Ecclesiae
1152 3212 1648 3281 proscriberentur,
1707 3225 1803 3279 per
1852 3212 2035 3281 priora
2065 3225 2107 3283 ο
2143 3209 2384 3274 bestias,
2437 3210 2616 3279 iisque
2668 3207 2895 3284 jamjam
2969 3210 3355 3281 objiciendus,
3405 3210 3569 3265 citius
3612 3208 3725 3263 frui

462 3304 661 3359 saecula
701 3303 923 3359 fuerunt
952 3305 1140 3368 dubii,
1177 3312 1233 3357 et
1283 3301 1628 3356 auctoritatis
1665 3302 1858 3357 saltem
1888 3304 2041 3358 anci-

462 3396 611 3466 pitis.
668 3395 785 3451 Huc
834 3398 1044 3453 accedit
1071 3395 1218 3464 quod
1264 3394 1516 3463 plurimi,
1569 3404 1629 3450 ut
1675 3393 2040 3468 Hieronymus

463 3490 579 3559 ipse
609 3490 807 3557 tradit,
839 3488 1191 3560 Evangelium
1238 3486 1371 3542 illud
1407 3501 1438 3541 a
1472 3486 1728 3543 Matthaeo
1772 3490 2038 3561 scriptum

463 3595 584 3635 esse
610 3582 1023 3637 existimabant.

537 3670 783 3741 Denique
836 3673 978 3727 idem
1016 3667 1378 3726 Casaubonus
1418 3687 1529 3727 non
1560 3671 1801 3730 absurde
1829 3673 2043 3731 addidit

464 3762 738 3834 Ignatium
770 3778 878 3817 non
911 3761 1148 3832 alicujus
1181 3761 1462 3834 Evangelii
1493 3767 1659 3822 verba
1685 3809 1700 3835 ,
1745 3769 1839 3824 sed
1869 3771 2043 3825 tradi«

467 3858 672 3912 tionem
692 3856 961 3927 allegasse
990 3871 1099 3911 non
1134 3858 1418 3928 scriptam,
1442 3874 1567 3928 quae
1596 3870 1786 3930 postea
1816 3862 1872 3916 in
1899 3862 2045 3917 litte-

466 3964 559 4003 ras
608 3948 775 4004 fuerit
831 3947 1039 4015 relata,
1090 3956 1145 4005 et
1200 3948 1471 4005 Hebraico
1516 3950 1854 4024 Evangelio,
1898 3954 2045 4024 quod

464 4039 721 4094 Matthmo
765 4039 1110 4105 tribuebant,
1161 4040 1391 4096 inserta.
1438 4039 1549 4096 Nec
1593 4045 1737 4099 male
1800 4045 2041 4114 quidem.

467 4127 604 4183 Nam
644 4128 887 4199 lgnatius
937 4130 1031 4199 qui
1084 4130 1295 4185 litteras
1347 4146 1477 4187 suas
1506 4131 1747 4201 vinctus,
1776 4143 1831 4189 et
1872 4134 1927 4189 in
1958 4135 2049 4189 iti-

469 4236 635 4287 nere,
689 4237 753 4276 ac
785 4230 999 4277 secreto
1048 4223 1330 4289 exaravit,
1380 4223 1548 4277 verba
1599 4224 1689 4278 illa
1728 4240 1849 4295 qua:
1888 4226 2047 4281 nobis

471 4315 832 4386 objiciuntur,
861 4330 928 4370 ex
976 4316 1281 4379 memoria,
1331 4330 1397 4371 ac
1443 4325 1605 4385 prout
1651 4318 1819 4373 menti
1875 4316 2048 4386 ipsius

471 4417 872 4474 occurrerunt,
908 4423 1011 4463 nec
1064 4407 1273 4477 aliquid
1319 4408 1387 4463 de
1438 4408 1657 4477 scriptis
1706 4408 2049 4481 Evangelicis

471 4502 559 4555 vel
602 4500 872 4571 legendo,
922 4501 1008 4555 vel
1063 4500 1203 4554 forte
1254 4498 1421 4554 etiam
1469 4499 1760 4571 cogitando
1806 4501 2051 4571 epistola:

474 4593 710 4650 inseruit
733 4608 866 4649 suae.

760 4684 790 4757 ᾗ
832 4682 929 4751 ιιι.
970 4683 1180 4749 Quarta
1222 4682 1445 4750 objectia
1481 4682 1770 4752 refutatur.

548 4772 629 4828 Ex
685 4775 942 4830 omnibus
990 4790 1151 4844 porro
1198 4773 1384 4829 Dallaei
1448 4777 1787 4847 argumentis
1840 4777 2051 4834 nullum

481 4883 615 4925 sane
654 4867 749 4921 illo
804 4866 1115 4921 mirabilius
1145 4874 1266 4931 est,
1316 4866 1462 4936 quod
1512 4868 1604 4921 ille
1653 4868 1808 4924 ducit
1853 4884 1921 4925 ex
1968 4871 2054 4928 his

483 4958 816 5015 sanctissimi
858 4957 1119 5030 martyris
1148 4958 1873 5017 nostriverbis”:tUtinam
1904 4962 2057 5020 fruar

478 5052 692 5117 bestiis,
724 5066 861 5121 quas
894 5059 947 5106 et
978 5050 1257 5106 blanditiis
1302 5053 1644 5121 demulccbo,
1669 5064 1730 5110 ut
1753 5057 1916 5113 citius
1966 5074 2054 5113 me

480 5144 781 5209 devorent;
823 5144 917 5198 scd
952 5153 1006 5199 et
1040 5144 1085 5198 si
1120 5144 1250 5214 ipsa:
1273 5147 1543 5201 volentem
1598 5148 1814 5217 nolint,
1861 5164 1962 5219 ego
2000 5152 2054 5205 vi

482 5236 693 5303 adigam
711 5236 779 5290 8".
808 5256 825 5288 ι
860 5234 985 5290 Hmc
1016 5236 1160 5290 enim
1190 5238 1374 5306 verba,
1408 5254 1532 5309 qum
1562 5240 1776 5309 piorum
1805 5243 2054 5298 omnium

482 5326 672 5382 laudes
708 5328 1240 5399 admirationemque
1286 5346 1556 5399 meruere,
1593 5332 1794 5387 Dallaeo
1834 5350 1865 5390 a
1909 5351 2057 5389 mar-

483 5417 617 5487 tyris
643 5419 840 5487 pietate
873 5435 937 5473 ac
990 5421 1259 5475 modestia
1307 5423 1483 5477 aliena
1515 5424 1740 5478 omnino
1772 5427 2050 5482 videntur.

485 5508 639 5565 Unde
689 5512 744 5565 in
800 5512 940 5567 hanc
990 5513 1079 5569 ille
1127 5517 1435 5586 prorumpit
1493 5517 1945 5573 exclamationem
1970 5521 2051 5572 8":

489 5619 507 5651 ι
548 5600 593 5654 Ο
635 5601 784 5659 diras
831 5615 885 5658 et
937 5606 1275 5661 truculentas
1306 5623 1504 5675 voces,
1555 5624 1664 5663 non
1714 5612 1819 5665 alia
1872 5612 2055 5669 anima

2145 3309 2317 3370 optat.
2339 3300 2623 3356 Romanos
2650 3316 2718 3355 ne
2749 3301 2804 3355 id
2827 3300 3123 3370 impediant
3148 3302 3418 3366 obsecrat,
3441 3311 3495 3356 et
3518 3300 3724 3356 bestias

2144 3394 2191 3450 si
2226 3393 2330 3449 sibi
2358 3393 2733 3464 pepercerint,
2764 3403 2825 3448 ut
2856 3394 2926 3448 ab
2954 3395 3087 3464 ipsis
3132 3394 3381 3450 celeriter
3410 3394 3722 3461 devoretur,

2146 3497 2334 3556 aperta
2363 3486 2417 3539 vi
2449 3501 2508 3541 se
2542 3484 2865 3540 adacturum
2896 3494 3143 3541 testatur.
3176 3486 3279 3542 Sed
3310 3488 3395 3543 his
3421 3504 3488 3542 ex
3528 3488 3726 3542 arden-

2144 3576 2468 3633 dentissimo
2510 3592 2610 3647 pro
2653 3576 2880 3632 Christo
2920 3578 3192 3633 moriendi
3232 3594 3418 3634 amore
3459 3579 3725 3650 profectis

2148 3668 2393 3731 vocibus,
2420 3667 2541 3722 illas
2572 3669 2850 3723 modestiae
2884 3684 2998 3723 sua:
3027 3678 3194 3723 testes
3222 3672 3563 3725 continenter
3593 3671 3726 3725 sub-

2141 3761 2362 3832 jungit:
2405 3778 2423 3811 ι
2456 3760 2722 3832 Ignoscite
2772 3761 2931 3816 mihi.
2957 3760 3101 3827 Quid
3150 3761 3283 3814 mihi
3326 3761 3457 3815 utile
3494 3761 3587 3827 sit,
3624 3776 3726 3832 ego

2147 3854 2298 3911 novi.
2325 3874 2345 3906 ι
2379 3854 2537 3921 Quod
2571 3870 2704 3910 sane
2742 3863 2796 3909 et
2843 3854 3178 3909 sanctissimi
3221 3854 3480 3925 martyris
3503 3854 3726 3925 pietate,

2147 3956 2202 4002 et
2223 3947 2511 4013 modestia,
2542 3957 2596 4001 et
2631 3948 2849 4017 piorum
2893 3948 3138 4001 omnium
3168 3947 3425 4002 laudibus
3456 3958 3509 4002 et
3551 3948 3727 4002 admi-

2149 4038 2363 4093 ratione
2389 4037 2773 4107 dignissimum
2800 4052 2921 4093 esse
2945 4053 3107 4092 nemo
3128 4038 3378 4094 sincerus
3398 4037 3726 4094 Christiana:

2150 4130 2435 4201 religionis
2469 4129 2645 4185 cultor
2679 4144 2921 4199 unquam
2953 4128 3287 4186 diﬂitebitur.

2745 4268 2975 4324 CAPUT
3008 4269 3127 4324 XV.

2212 4396 2357 4434 Νιιιῐι,
2388 4395 2551 4435 FALSO
2576 4396 2646 4434 ΕΤ
2690 4396 2903 4434 TEMERE
2938 4397 2990 4435 IN
3020 4398 3106 4437 IIIS
3134 4398 3409 4438 EPISTOLIS
3439 4400 3659 4440 DICTUI.

2160 4470 2188 4543 ς
2226 4474 2275 4544 I_._
2310 4470 2432 4544 Non
2463 4473 2519 4524 id
2550 4472 2745 4544 falsum
2774 4488 2905 4532 esse,
2940 4473 3077 4544 quod
3104 4474 3168 4527 de
3198 4474 3421 4544 epistola
3459 4476 3621 4529 Pauli
3656 4478 3728 4529 ad

2082 4558 2128 4614 Ι)
2174 4542 2177 4543 ⁷
2228 4542 2482 4615 Ephesios
2514 4542 2780 4615 scribitur,
2804 4552 2853 4596 et
2887 4543 3024 4613 quod
3053 4542 3299 4614 lgnatius
3332 4547 3502 4615 fertur
3525 4548 3728 4601 dixisse

2225 4629 2280 4666 se
2305 4613 2497 4667 vidisse
2528 4612 2821 4667 Christum.

2226 4701 2427 4773 Objicit
2466 4712 2655 4772 postea
2691 4702 2925 4759 Dallaeus
2977 4703 3110 4765 illud
3151 4704 3348 4762 falsum
3393 4722 3547 4774 esse,
3578 4707 3728 4778 quod

2156 4804 2353 4852 auctor
2400 4805 2585 4851 noster
2625 4796 2843 4865 scripsit
2884 4796 2952 4850 ad
2996 4795 3264 4868 Ephesios
3301 4819 3316 4855 :
3356 4819 3374 4852 ι
3405 4798 3725 4856 Paulus.....

2157 4889 2253 4958 qui
2285 4887 2341 4941 in
2363 4888 2509 4943 omni
2531 4885 2773 4957 Epistola
2801 4891 3122 4944 memoriam
3151 4890 3283 4948 facit
3308 4894 3476 4948 vestri
3511 4894 3567 4948 in
3596 4892 3730 4949 Jesu

2158 4978 2377 5034 Christo
2392 4979 2458 5033 ⁸³³.
2492 4997 2511 5031 ι
2551 4977 2657 5034 Sed
2684 4980 2801 5036 haec
2843 4998 2955 5038 non
2997 4993 3154 5054 urget
3190 4985 3310 5055 ejus
3355 4984 3640 5053 defensor,
3675 4996 3731 5042 et

2160 5080 2308 5127 recte
2341 5071 2583 5141 quidem.
2610 5071 2746 5139 Quis
2781 5074 2929 5129 enim
2959 5078 3167 5132 nesciat
3197 5076 3428 5132 Paulum
3466 5093 3630 5133 unam
3662 5080 3733 5133 ad

2162 5161 2429 5231 Ephesios
2447 5162 2745 5233 Epistolam
2768 5168 3002 5234 dedisse,
3033 5184 3096 5225 ac
3125 5170 3177 5223 in
3215 5170 3366 5223 omni
3407 5186 3470 5225 ea
3488 5171 3735 5240 Epistola

2160 5251 2520 5322 Ephesiorum
2571 5254 2768 5313 fecisse
2830 5259 3172 5315 memoriam.
3211 5260 3335 5315 Ilaec
3378 5271 3558 5316 autem
3610 5262 3733 5316 ideo

2159 5345 2416 5401 observat
2446 5345 2706 5417 lgnatius,
2731 5350 2993 5420 quoniam
3026 5351 3080 5404 in
3108 5367 3169 5407 ca
3198 5350 3402 5406 Paulus
3433 5353 3732 5424 gloriosam

2162 5436 2381 5491 illorum
2416 5440 2621 5510 ubique
2648 5440 2777 5496 facit
2804 5445 3157 5510 mentionem,
3191 5456 3354 5516 atque
3382 5462 3478 5501 eos
3515 5447 3583 5501 ad
3612 5446 3733 5515 pie-

2164 5536 2328 5581 tatem
2354 5528 2720 5594 informando,
2747 5533 2988 5601 ipsorum
3016 5535 3241 5590 virtutes
3267 5551 3481 5607 semper
3501 5536 3733 5600 extollit,

2163 5629 2216 5674 et
2239 5622 2495 5689 praedicat
2522 5641 2536 5679 :
2568 5624 2760 5677 nullibi
2788 5641 2937 5692 vero,
2974 5627 3135 5682 sicuti
3166 5629 3221 5683 in
3254 5630 3376 5684 alns
3401 5628 3730 5700 quibusdam

624 5721 667 5755 ⁸¹
702 5722 892 5779 Euseb.
926 5726 1019 5779 lih.
1055 5743 1114 5780 ιιι
1165 5726 1340 5791 Hist,
1372 5745 1493 5797 cap.
1528 5730 1615 5784 56.
1694 5733 1737 5763 ⁸³
1773 5732 1845 5787 De
1880 5736 2041 5805 scrip.

633 5810 663 5823 η
716 5795 817 5823 ’χιιι
915 5797 959 5823 αα
991 5796 1134 5823 οης...
1188 5800 1339 5823 .1..th
1387 5802 1438 5823 Δ--
1472 5801 1617 5823 Ι-..-ι
1675 5803 1805 5823 .._2,.
1905 5806 1946 5823 ατ
2016 5822 2019 5823 ,

2144 5740 2250 5823 2’5?-
2293 5741 2538 5823 ⁸ξ,¹“ἒνίε.ιο
2570 5745 2638 5796 ad
2659 5744 2813 5823 ξξρηιο
2856 5745 3170 5823 “Patiens
3213 5762 3372 5823 cap-_
3399 5748 3485 5811 i8.
3518 5764 3569 5818 ρο
3604 5746 3731 5823 34.9-

482 5797 530 5891 :
562 5807 682 5891 pAag.
715 5796 837 5891 5&6.
915 5796 1157 5891 “nEpist.
1186 5796 1639 5891 dedicigilgpcat.
1668 5803 1837 5891 epis-tt.
1904 5806 1946 5835 ⁸⁷
1970 5796 2042 5891 pa

2144 5810 2244 5865 its.
2318 5796 2858 5871 "ambrosian:
2908 5796 3167 5887 lie—Vi};
3193 5796 3577 5891 cast-1,15%
3598 5796 3728 5872 ea;

484 5873 534 5916 ei
572 5863 711 5933 Aug.
743 5866 878 5924 lib.t
952 5863 1178 5937 [κείνη
1210 5884 1328 5939 cap.
1370 5871 1458 5923 se.
1494 5863 1574 5904 *θ’
1615 5863 1733 5943 cap'.
1774 5875 1858 5940 19,
1895 5863 2117 5945 p.351.
