  <div class='ocr_page' id='page_1' title='image "/cluster/home/n/w/nwhite01/storage/ocr_20150623/5/coo.31924054872845/272.png"; bbox 0 0 4138 6462; ppageno 0'>
   <div class='ocr_carea' id='block_1_1' title="bbox 502 398 614 454">
    <p class='ocr_par' dir='ltr' id='par_1_1' title="bbox 502 398 614 454">
     <span class='ocr_line' id='line_1_1' title="bbox 502 398 614 454; baseline 0 0"><span class='ocrx_word' id='word_1_1' title='bbox 502 398 614 454; x_wconf 67' lang='lat'><strong>$29</strong></span> 
     </span>
    </p>
   </div>
   <div class='ocr_carea' id='block_1_2' title="bbox 1473 398 2785 457">
    <p class='ocr_par' dir='ltr' id='par_1_2' title="bbox 1473 398 2785 457">
     <span class='ocr_line' id='line_1_2' title="bbox 1473 398 2785 457; baseline -0.001 -2"><span class='ocrx_word' id='word_1_2' title='bbox 1473 399 1535 455; x_wconf 88' lang='lat' dir='ltr'><strong>D.</strong></span> <span class='ocrx_word' id='word_1_3' title='bbox 1579 398 1867 457; x_wconf 83' lang='lat' dir='ltr'><strong>NOURRII</strong></span> <span class='ocrx_word' id='word_1_4' title='bbox 1905 399 2379 457; x_wconf 82' lang='lat' dir='ltr'><strong>DlSSERTATlO.</strong></span> <span class='ocrx_word' id='word_1_5' title='bbox 2422 429 2488 439; x_wconf 89' lang='lat'>—</span> <span class='ocrx_word' id='word_1_6' title='bbox 2527 399 2707 455; x_wconf 80' lang='lat' dir='ltr'><strong>PARS</strong></span> <span class='ocrx_word' id='word_1_7' title='bbox 2746 400 2785 454; x_wconf 94' lang='lat' dir='ltr'><strong>I.</strong></span> 
     </span>
    </p>
   </div>
   <div class='ocr_carea' id='block_1_3' title="bbox 3656 404 3758 459">
    <p class='ocr_par' dir='ltr' id='par_1_3' title="bbox 3656 404 3758 459">
     <span class='ocr_line' id='line_1_3' title="bbox 3656 404 3758 459; baseline 0.02 -2"><span class='ocrx_word' id='word_1_8' title='bbox 3656 404 3758 459; x_wconf 75' lang='grc'><strong>550</strong></span> 
     </span>
    </p>
   </div>
   <div class='ocr_carea' id='block_1_4' title="bbox 496 519 3761 596">
    <p class='ocr_par' dir='ltr' id='par_1_4' title="bbox 496 519 3761 596">
     <span class='ocr_line' id='line_1_4' title="bbox 496 519 3761 596; baseline 0.001 -20"><span class='ocrx_word' id='word_1_9' title='bbox 496 519 778 588; x_wconf 78' lang='lat' dir='ltr'><strong>Epistolis,</strong></span> <span class='ocrx_word' id='word_1_10' title='bbox 804 522 872 576; x_wconf 88' lang='lat' dir='ltr'><strong>ad</strong></span> <span class='ocrx_word' id='word_1_11' title='bbox 899 522 1036 579; x_wconf 82' lang='lat' dir='ltr'><strong>alios</strong></span> <span class='ocrx_word' id='word_1_12' title='bbox 1071 522 1332 592; x_wconf 78' lang='lat' dir='ltr'><strong>exaratis,</strong></span> <span class='ocrx_word' id='word_1_13' title='bbox 1372 523 1496 581; x_wconf 86' lang='lat' dir='ltr'><strong>illos</strong></span> <span class='ocrx_word' id='word_1_14' title='bbox 1527 525 1777 596; x_wconf 80' lang='lat' dir='ltr'><strong>arguisse</strong></span> <span class='ocrx_word' id='word_1_15' title='bbox 1810 535 1905 581; x_wconf 90' lang='lat' dir='ltr'><strong>aut</strong></span> <span class='ocrx_word' id='word_1_16' title='bbox 1933 528 2080 583; x_wconf 86' lang='lat' dir='ltr'><strong>vitu-</strong></span> <span class='ocrx_word' id='word_1_17' title='bbox 2107 535 2155 587; x_wconf 73' lang='grc' dir='ltr'><strong>Ἀ</strong></span> <span class='ocrx_word' id='word_1_18' title='bbox 2182 524 2312 578; x_wconf 81' lang='lat' dir='ltr'><strong>vidi.</strong></span> <span class='ocrx_word' id='word_1_19' title='bbox 2347 523 2452 579; x_wconf 86' lang='lat' dir='ltr'><strong>Sed</strong></span> <span class='ocrx_word' id='word_1_20' title='bbox 2484 532 2639 579; x_wconf 90' lang='lat' dir='ltr'><strong>vetus</strong></span> <span class='ocrx_word' id='word_1_21' title='bbox 2671 523 2762 578; x_wconf 89' lang='lat' dir='ltr'><strong>ille</strong></span> <span class='ocrx_word' id='word_1_22' title='bbox 2794 523 3085 593; x_wconf 72' lang='lat' dir='ltr'><strong>interpres,</strong></span> <span class='ocrx_word' id='word_1_23' title='bbox 3120 530 3181 577; x_wconf 89' lang='lat' dir='ltr'><strong>ut</strong></span> <span class='ocrx_word' id='word_1_24' title='bbox 3226 538 3293 579; x_wconf 82' lang='lat' dir='ltr'><strong>ex</strong></span> <span class='ocrx_word' id='word_1_25' title='bbox 3339 523 3460 592; x_wconf 88' lang='lat' dir='ltr'><strong>ejus</strong></span> <span class='ocrx_word' id='word_1_26' title='bbox 3508 525 3761 579; x_wconf 79' lang='lat' dir='ltr'><strong>versione</strong></span> 
     </span>
    </p>
   </div>
   <div class='ocr_carea' id='block_1_5' title="bbox 508 613 980 684">
    <p class='ocr_par' dir='ltr' id='par_1_5' title="bbox 508 613 980 684">
     <span class='ocr_line' id='line_1_5' title="bbox 508 613 980 684; baseline 0.004 -19"><span class='ocrx_word' id='word_1_27' title='bbox 508 627 733 681; x_wconf 75' lang='lat' dir='ltr'><strong>perassc</strong></span> <span class='ocrx_word' id='word_1_28' title='bbox 762 613 980 684; x_wconf 76' lang='lat' dir='ltr'><strong>legitur.</strong></span> 
     </span>
    </p>
   </div>
   <div class='ocr_carea' id='block_1_6' title="bbox 580 703 2083 778">
    <p class='ocr_par' dir='ltr' id='par_1_6' title="bbox 580 703 2083 778">
     <span class='ocr_line' id='line_1_6' title="bbox 580 703 2083 778; baseline 0.006 -22"><span class='ocrx_word' id='word_1_29' title='bbox 580 703 707 760; x_wconf 87' lang='lat' dir='ltr'><strong>Hac</strong></span> <span class='ocrx_word' id='word_1_30' title='bbox 730 720 855 759; x_wconf 92' lang='lat' dir='ltr'><strong>cum</strong></span> <span class='ocrx_word' id='word_1_31' title='bbox 882 705 1055 762; x_wconf 81' lang='lat' dir='ltr'><strong>levius</strong></span> <span class='ocrx_word' id='word_1_32' title='bbox 1078 706 1348 778; x_wconf 86' lang='lat' dir='ltr'><strong>attigisset</strong></span> <span class='ocrx_word' id='word_1_33' title='bbox 1386 706 1641 775; x_wconf 88' lang='lat' dir='ltr'><strong>Dallaus,</strong></span> <span class='ocrx_word' id='word_1_34' title='bbox 1678 709 1853 764; x_wconf 91' lang='lat' dir='ltr'><strong>multo</strong></span> <span class='ocrx_word' id='word_1_35' title='bbox 1900 709 2083 765; x_wconf 90' lang='lat' dir='ltr'><strong>acrius</strong></span> 
     </span>
    </p>
   </div>
   <div class='ocr_carea' id='block_1_7' title="bbox 506 794 2082 869">
    <p class='ocr_par' dir='ltr' id='par_1_7' title="bbox 506 794 2082 869">
     <span class='ocr_line' id='line_1_7' title="bbox 506 794 2082 869; baseline 0.004 -20"><span class='ocrx_word' id='word_1_36' title='bbox 506 794 578 849; x_wconf 91' lang='lat' dir='ltr'><strong>de</strong></span> <span class='ocrx_word' id='word_1_37' title='bbox 599 810 668 851; x_wconf 93' lang='lat' dir='ltr'><strong>co</strong></span> <span class='ocrx_word' id='word_1_38' title='bbox 696 796 960 866; x_wconf 85' lang='lat' dir='ltr'><strong>disputat,</strong></span> <span class='ocrx_word' id='word_1_39' title='bbox 1011 797 1157 867; x_wconf 88' lang='lat' dir='ltr'><strong>quod</strong></span> <span class='ocrx_word' id='word_1_40' title='bbox 1185 796 1427 869; x_wconf 87' lang='lat' dir='ltr'><strong>lgnatius</strong></span> <span class='ocrx_word' id='word_1_41' title='bbox 1471 798 1754 854; x_wconf 88' lang='lat' dir='ltr'><strong>Christum</strong></span> <span class='ocrx_word' id='word_1_42' title='bbox 1796 814 1855 855; x_wconf 89' lang='lat' dir='ltr'><strong>se</strong></span> <span class='ocrx_word' id='word_1_43' title='bbox 1880 800 2082 856; x_wconf 82' lang='lat' dir='ltr'><strong>vidisse</strong></span> 
     </span>
    </p>
   </div>
   <div class='ocr_carea' id='block_1_8' title="bbox 504 887 2081 960">
    <p class='ocr_par' dir='ltr' id='par_1_8' title="bbox 504 887 2081 960">
     <span class='ocr_line' id='line_1_8' title="bbox 504 887 2081 960; baseline 0.002 -19"><span class='ocrx_word' id='word_1_44' title='bbox 504 888 737 943; x_wconf 83' lang='lat' dir='ltr'><strong>asserit:</strong></span> <span class='ocrx_word' id='word_1_45' title='bbox 775 905 795 939; x_wconf 78' lang='grc' dir='ltr'><strong><em>ι</em></strong></span> <span class='ocrx_word' id='word_1_46' title='bbox 830 887 945 958; x_wconf 86' lang='lat' dir='ltr'><strong>Ego</strong></span> <span class='ocrx_word' id='word_1_47' title='bbox 970 889 1115 943; x_wconf 87' lang='lat' dir='ltr'><strong>enim</strong></span> <span class='ocrx_word' id='word_1_48' title='bbox 1150 896 1358 959; x_wconf 84' lang='lat' dir='ltr'><strong>etpost</strong></span> <span class='ocrx_word' id='word_1_49' title='bbox 1394 892 1853 946; x_wconf 84' lang='lat' dir='ltr'><strong>resurrectionem</strong></span> <span class='ocrx_word' id='word_1_50' title='bbox 1900 890 2081 960; x_wconf 90' lang='lat' dir='ltr'><strong>ipsum</strong></span> 
     </span>
    </p>
   </div>
   <div class='ocr_carea' id='block_1_9' title="bbox 508 976 2080 1051">
    <p class='ocr_par' dir='ltr' id='par_1_9' title="bbox 508 976 2080 1051">
     <span class='ocr_line' id='line_1_9' title="bbox 508 976 2080 1051; baseline 0.006 -22"><span class='ocrx_word' id='word_1_51' title='bbox 508 976 641 1044; x_wconf 90' lang='lat' dir='ltr'><strong>vidi,</strong></span> <span class='ocrx_word' id='word_1_52' title='bbox 669 985 724 1032; x_wconf 92' lang='lat' dir='ltr'><strong>et</strong></span> <span class='ocrx_word' id='word_1_53' title='bbox 744 978 907 1033; x_wconf 84' lang='lat' dir='ltr'><strong>credo</strong></span> <span class='ocrx_word' id='word_1_54' title='bbox 925 979 1280 1035; x_wconf 79' lang='lat' dir='ltr'><strong>exsistcntem</strong></span> <span class='ocrx_word' id='word_1_55' title='bbox 1308 979 1376 1035; x_wconf 65' lang='lat'><strong>9°.</strong></span> <span class='ocrx_word' id='word_1_56' title='bbox 1414 998 1433 1032; x_wconf 73' lang='grc' dir='ltr'>ι</span> <span class='ocrx_word' id='word_1_57' title='bbox 1470 981 1561 1048; x_wconf 89' lang='lat' dir='ltr'><strong>At,</strong></span> <span class='ocrx_word' id='word_1_58' title='bbox 1593 981 1776 1051; x_wconf 87' lang='lat' dir='ltr'><strong>inquit</strong></span> <span class='ocrx_word' id='word_1_59' title='bbox 1804 981 2041 1038; x_wconf 82' lang='lat' dir='ltr'><strong>Dallaus</strong></span> <span class='ocrx_word' id='word_1_60' title='bbox 2064 1023 2080 1050; x_wconf 93' lang='lat'><strong>,</strong></span> 
     </span>
    </p>
   </div>
   <div class='ocr_carea' id='block_1_10' title="bbox 504 1069 2079 1145">
    <p class='ocr_par' dir='ltr' id='par_1_10' title="bbox 504 1069 2079 1145">
     <span class='ocr_line' id='line_1_10' title="bbox 504 1069 2079 1145; baseline 0.003 -21"><span class='ocrx_word' id='word_1_61' title='bbox 504 1069 935 1141; x_wconf 84' lang='lat' dir='ltr'><strong>Chrysostomus</strong></span> <span class='ocrx_word' id='word_1_62' title='bbox 983 1072 1234 1128; x_wconf 88' lang='lat' dir='ltr'><strong>oratione</strong></span> <span class='ocrx_word' id='word_1_63' title='bbox 1290 1072 1615 1144; x_wconf 83' lang='lat' dir='ltr'><strong>panegyrica</strong></span> <span class='ocrx_word' id='word_1_64' title='bbox 1676 1072 1735 1129; x_wconf 90' lang='lat' dir='ltr'><strong>in</strong></span> <span class='ocrx_word' id='word_1_65' title='bbox 1787 1072 2079 1145; x_wconf 87' lang='lat' dir='ltr'><strong>lgnatium,</strong></span> 
     </span>
    </p>
   </div>
   <div class='ocr_carea' id='block_1_11' title="bbox 506 1162 2075 1235">
    <p class='ocr_par' dir='ltr' id='par_1_11' title="bbox 506 1162 2075 1235">
     <span class='ocr_line' id='line_1_11' title="bbox 506 1162 2075 1235; baseline 0.003 -20"><span class='ocrx_word' id='word_1_66' title='bbox 506 1176 777 1231; x_wconf 86' lang='lat' dir='ltr'><strong>nusquam</strong></span> <span class='ocrx_word' id='word_1_67' title='bbox 810 1162 962 1217; x_wconf 92' lang='lat' dir='ltr'><strong>illum</strong></span> <span class='ocrx_word' id='word_1_68' title='bbox 990 1182 1008 1217; x_wconf 74' lang='grc' dir='ltr'><strong><em>ι</em></strong></span> <span class='ocrx_word' id='word_1_69' title='bbox 1030 1162 1237 1218; x_wconf 85' lang='lat' dir='ltr'><strong>Christi</strong></span> <span class='ocrx_word' id='word_1_70' title='bbox 1275 1172 1498 1235; x_wconf 87' lang='lat' dir='ltr'><strong>aspectu</strong></span> <span class='ocrx_word' id='word_1_71' title='bbox 1535 1172 1590 1220; x_wconf 88' lang='lat' dir='ltr'><strong>et</strong></span> <span class='ocrx_word' id='word_1_72' title='bbox 1614 1165 2030 1232; x_wconf 85' lang='lat' dir='ltr'><strong>consuetudine,</strong></span> <span class='ocrx_word' id='word_1_73' title='bbox 2056 1185 2075 1219; x_wconf 74' lang='grc' dir='ltr'><strong><em>ι</em></strong></span> 
     </span>
    </p>
   </div>
   <div class='ocr_carea' id='block_1_12' title="bbox 506 1254 2081 1329">
    <p class='ocr_par' dir='ltr' id='par_1_12' title="bbox 506 1254 2081 1329">
     <span class='ocr_line' id='line_1_12' title="bbox 506 1254 2081 1329; baseline 0.004 -23"><span class='ocrx_word' id='word_1_74' title='bbox 506 1254 654 1322; x_wconf 80' lang='lat' dir='ltr'><strong>quod</strong></span> <span class='ocrx_word' id='word_1_75' title='bbox 677 1255 733 1308; x_wconf 89' lang='lat' dir='ltr'><strong>in</strong></span> <span class='ocrx_word' id='word_1_76' title='bbox 756 1269 822 1310; x_wconf 90' lang='lat' dir='ltr'><strong>eo</strong></span> <span class='ocrx_word' id='word_1_77' title='bbox 836 1270 1090 1312; x_wconf 91' lang='lat' dir='ltr'><strong>sermone</strong></span> <span class='ocrx_word' id='word_1_78' title='bbox 1129 1270 1237 1310; x_wconf 89' lang='lat' dir='ltr'><strong>non</strong></span> <span class='ocrx_word' id='word_1_79' title='bbox 1266 1266 1384 1312; x_wconf 90' lang='lat' dir='ltr'><strong>erat</strong></span> <span class='ocrx_word' id='word_1_80' title='bbox 1412 1258 1901 1327; x_wconf 88' lang='lat' dir='ltr'><strong>pratermissurus,</strong></span> <span class='ocrx_word' id='word_1_81' title='bbox 1940 1277 1959 1310; x_wconf 74' lang='grc' dir='ltr'>ι</span> <span class='ocrx_word' id='word_1_82' title='bbox 1988 1274 2081 1329; x_wconf 88' lang='lat' dir='ltr'><strong>ga-</strong></span> 
     </span>
    </p>
   </div>
   <div class='ocr_carea' id='block_1_13' title="bbox 505 1346 2077 1420">
    <p class='ocr_par' dir='ltr' id='par_1_13' title="bbox 505 1346 2077 1420">
     <span class='ocr_line' id='line_1_13' title="bbox 505 1346 2077 1420; baseline 0.004 -23"><span class='ocrx_word' id='word_1_83' title='bbox 505 1346 687 1400; x_wconf 88' lang='lat' dir='ltr'><strong>visum</strong></span> <span class='ocrx_word' id='word_1_84' title='bbox 706 1362 829 1403; x_wconf 90' lang='lat' dir='ltr'><strong>esse</strong></span> <span class='ocrx_word' id='word_1_85' title='bbox 853 1357 1137 1404; x_wconf 86' lang='lat' dir='ltr'><strong>memorat.</strong></span> <span class='ocrx_word' id='word_1_86' title='bbox 1161 1368 1181 1402; x_wconf 76' lang='grc' dir='ltr'><strong><em>ι</em></strong></span> <span class='ocrx_word' id='word_1_87' title='bbox 1202 1348 1368 1420; x_wconf 88' lang='lat' dir='ltr'><strong>Ergo,</strong></span> <span class='ocrx_word' id='word_1_88' title='bbox 1393 1348 1557 1404; x_wconf 84' lang='lat' dir='ltr'><strong>infert</strong></span> <span class='ocrx_word' id='word_1_89' title='bbox 1586 1349 1728 1405; x_wconf 92' lang='lat' dir='ltr'><strong>idem</strong></span> <span class='ocrx_word' id='word_1_90' title='bbox 1748 1349 1982 1406; x_wconf 86' lang='lat' dir='ltr'><strong>Dallaus</strong></span> <span class='ocrx_word' id='word_1_91' title='bbox 2000 1369 2012 1404; x_wconf 89' lang='lat'><strong>:</strong></span> <span class='ocrx_word' id='word_1_92' title='bbox 2033 1351 2077 1383; x_wconf 71' lang='lat'><strong>9‘</strong></span> 
     </span>
    </p>
   </div>
   <div class='ocr_carea' id='block_1_14' title="bbox 508 1437 2080 1513">
    <p class='ocr_par' dir='ltr' id='par_1_14' title="bbox 508 1437 2080 1513">
     <span class='ocr_line' id='line_1_14' title="bbox 508 1437 2080 1513; baseline 0.006 -25"><span class='ocrx_word' id='word_1_93' title='bbox 508 1454 530 1488; x_wconf 68' lang='grc' dir='ltr'>ι</span> <span class='ocrx_word' id='word_1_94' title='bbox 569 1437 843 1494; x_wconf 86' lang='lat' dir='ltr'><strong>Manifesti</strong></span> <span class='ocrx_word' id='word_1_95' title='bbox 873 1442 1145 1497; x_wconf 87' lang='lat' dir='ltr'><strong>mendacii</strong></span> <span class='ocrx_word' id='word_1_96' title='bbox 1177 1442 1525 1499; x_wconf 84' lang='lat' dir='ltr'><strong>convincitur</strong></span> <span class='ocrx_word' id='word_1_97' title='bbox 1559 1443 1917 1513; x_wconf 88' lang='lat' dir='ltr'><strong>epistolarum</strong></span> <span class='ocrx_word' id='word_1_98' title='bbox 1940 1444 2080 1499; x_wconf 80' lang='lat' dir='ltr'><strong>scri-</strong></span> 
     </span>
    </p>
   </div>
   <div class='ocr_carea' id='block_1_15' title="bbox 505 1520 2079 1607">
    <p class='ocr_par' dir='ltr' id='par_1_15' title="bbox 505 1520 2079 1607">
     <span class='ocr_line' id='line_1_15' title="bbox 505 1520 2079 1607; baseline 0.006 -25"><span class='ocrx_word' id='word_1_99' title='bbox 505 1538 650 1598; x_wconf 90' lang='lat' dir='ltr'><strong>ptor.</strong></span> <span class='ocrx_word' id='word_1_100' title='bbox 684 1549 704 1580; x_wconf 75' lang='grc' dir='ltr'><strong><em>ι</em></strong></span> <span class='ocrx_word' id='word_1_101' title='bbox 760 1530 857 1587; x_wconf 86' lang='lat' dir='ltr'><strong>His</strong></span> <span class='ocrx_word' id='word_1_102' title='bbox 912 1520 1323 1601; x_wconf 88' lang='lat' dir='ltr'><strong>respondemus</strong></span> <span class='ocrx_word' id='word_1_103' title='bbox 1367 1534 1425 1590; x_wconf 91' lang='lat' dir='ltr'><strong>in</strong></span> <span class='ocrx_word' id='word_1_104' title='bbox 1482 1534 1673 1592; x_wconf 87' lang='lat' dir='ltr'><strong>Graco</strong></span> <span class='ocrx_word' id='word_1_105' title='bbox 1721 1536 2079 1607; x_wconf 88' lang='lat' dir='ltr'><strong>epistolarum</strong></span> 
     </span>
    </p>
   </div>
   <div class='ocr_carea' id='block_1_16' title="bbox 504 1620 2072 1696">
    <p class='ocr_par' dir='ltr' id='par_1_16' title="bbox 504 1620 2072 1696">
     <span class='ocr_line' id='line_1_16' title="bbox 504 1620 2072 1696; baseline 0.006 -23"><span class='ocrx_word' id='word_1_106' title='bbox 504 1620 696 1690; x_wconf 88' lang='lat' dir='ltr'><strong>lgnatii</strong></span> <span class='ocrx_word' id='word_1_107' title='bbox 738 1622 955 1679; x_wconf 89' lang='lat' dir='ltr'><strong>sincero</strong></span> <span class='ocrx_word' id='word_1_108' title='bbox 984 1635 1038 1678; x_wconf 87' lang='lat' dir='ltr'><strong>et</strong></span> <span class='ocrx_word' id='word_1_109' title='bbox 1082 1624 1296 1696; x_wconf 89' lang='lat' dir='ltr'><strong>integro</strong></span> <span class='ocrx_word' id='word_1_110' title='bbox 1322 1627 1511 1683; x_wconf 90' lang='lat' dir='ltr'><strong>codice</strong></span> <span class='ocrx_word' id='word_1_111' title='bbox 1534 1667 1549 1695; x_wconf 92' lang='lat'><strong>,</strong></span> <span class='ocrx_word' id='word_1_112' title='bbox 1581 1642 1683 1683; x_wconf 88' lang='lat' dir='ltr'><strong>nec</strong></span> <span class='ocrx_word' id='word_1_113' title='bbox 1713 1644 1822 1682; x_wconf 88' lang='lat' dir='ltr'><strong>non</strong></span> <span class='ocrx_word' id='word_1_114' title='bbox 1851 1626 2072 1683; x_wconf 90' lang='lat' dir='ltr'><strong>Eusebii</strong></span> 
     </span>
    </p>
   </div>
   <div class='ocr_carea' id='block_1_17' title="bbox 503 1710 2080 1787">
    <p class='ocr_par' dir='ltr' id='par_1_17' title="bbox 503 1710 2080 1787">
     <span class='ocr_line' id='line_1_17' title="bbox 503 1710 2080 1787; baseline 0.006 -23"><span class='ocrx_word' id='word_1_115' title='bbox 503 1720 560 1765; x_wconf 88' lang='lat' dir='ltr'><strong>ct</strong></span> <span class='ocrx_word' id='word_1_116' title='bbox 609 1710 937 1769; x_wconf 85' lang='lat' dir='ltr'><strong>Theodoreti</strong></span> <span class='ocrx_word' id='word_1_117' title='bbox 998 1714 1216 1785; x_wconf 86' lang='lat' dir='ltr'><strong>scriptis</strong></span> <span class='ocrx_word' id='word_1_118' title='bbox 1251 1732 1363 1771; x_wconf 90' lang='lat' dir='ltr'><strong>non</strong></span> <span class='ocrx_word' id='word_1_119' title='bbox 1419 1717 1524 1787; x_wconf 86' lang='lat' dir='ltr'><strong>legi</strong></span> <span class='ocrx_word' id='word_1_120' title='bbox 1562 1713 1704 1771; x_wconf 82' lang='grc' dir='ltr'>εἶδον</span> <span class='ocrx_word' id='word_1_121' title='bbox 1740 1718 1870 1783; x_wconf 82' lang='lat' dir='ltr'><strong>vidi,</strong></span> <span class='ocrx_word' id='word_1_122' title='bbox 1904 1720 2000 1774; x_wconf 88' lang='lat' dir='ltr'><strong>sed</strong></span> <span class='ocrx_word' id='word_1_123' title='bbox 2022 1723 2080 1773; x_wconf 82' lang='grc' dir='ltr'><strong>ὲν</strong></span> 
     </span>
    </p>
   </div>
   <div class='ocr_carea' id='block_1_18' title="bbox 504 1803 2079 1875">
    <p class='ocr_par' dir='ltr' id='par_1_18' title="bbox 504 1803 2079 1875">
     <span class='ocr_line' id='line_1_18' title="bbox 504 1803 2079 1875; baseline 0.006 -20"><span class='ocrx_word' id='word_1_124' title='bbox 504 1803 669 1875; x_wconf 79' lang='grc' dir='ltr'>σαρκὶ</span> <span class='ocrx_word' id='word_1_125' title='bbox 703 1804 865 1859; x_wconf 78' lang='grc' dir='ltr'>αὑτὸν</span> <span class='ocrx_word' id='word_1_126' title='bbox 897 1803 1036 1870; x_wconf 77' lang='grc' dir='ltr'><strong>οῖδα,</strong></span> <span class='ocrx_word' id='word_1_127' title='bbox 1072 1808 1165 1862; x_wconf 72' lang='grc' dir='ltr'><strong>καὶ</strong></span> <span class='ocrx_word' id='word_1_128' title='bbox 1199 1808 1438 1862; x_wconf 84' lang='grc' dir='ltr'><strong>πιστεύω</strong></span> <span class='ocrx_word' id='word_1_129' title='bbox 1469 1809 1615 1863; x_wconf 82' lang='grc' dir='ltr'><strong>ὄντα.</strong></span> <span class='ocrx_word' id='word_1_130' title='bbox 1650 1808 1824 1868; x_wconf 85' lang='lat' dir='ltr'><strong>Porro</strong></span> <span class='ocrx_word' id='word_1_131' title='bbox 1850 1811 2079 1865; x_wconf 83' lang='lat' dir='ltr'><strong>verbum</strong></span> 
     </span>
    </p>
   </div>
   <div class='ocr_carea' id='block_1_19' title="bbox 2186 613 3760 691">
    <p class='ocr_par' dir='ltr' id='par_1_19' title="bbox 2186 613 3760 691">
     <span class='ocr_line' id='line_1_19' title="bbox 2186 613 3760 691; baseline -0.001 -20"><span class='ocrx_word' id='word_1_132' title='bbox 2186 615 2350 671; x_wconf 79' lang='lat' dir='ltr'><strong>facile</strong></span> <span class='ocrx_word' id='word_1_133' title='bbox 2402 615 2745 691; x_wconf 77' lang='lat' dir='ltr'><strong>intelligitur,</strong></span> <span class='ocrx_word' id='word_1_134' title='bbox 2799 630 2909 670; x_wconf 93' lang='lat' dir='ltr'><strong>non</strong></span> <span class='ocrx_word' id='word_1_135' title='bbox 2944 615 3020 670; x_wconf 90' lang='lat' dir='ltr'><strong>ita</strong></span> <span class='ocrx_word' id='word_1_136' title='bbox 3078 613 3265 670; x_wconf 85' lang='lat' dir='ltr'><strong>Graec</strong></span> <span class='ocrx_word' id='word_1_137' title='bbox 3291 614 3485 670; x_wconf 90' lang='lat' dir='ltr'><strong>doctus</strong></span> <span class='ocrx_word' id='word_1_138' title='bbox 3515 621 3664 683; x_wconf 90' lang='lat' dir='ltr'><strong>erat,</strong></span> <span class='ocrx_word' id='word_1_139' title='bbox 3702 626 3760 670; x_wconf 92' lang='lat' dir='ltr'><strong>ut</strong></span> 
     </span>
    </p>
   </div>
   <div class='ocr_carea' id='block_1_20' title="bbox 2184 702 3760 776">
    <p class='ocr_par' dir='ltr' id='par_1_20' title="bbox 2184 702 3760 776">
     <span class='ocr_line' id='line_1_20' title="bbox 2184 702 3760 776; baseline -0.001 -15"><span class='ocrx_word' id='word_1_140' title='bbox 2184 707 2409 762; x_wconf 83' lang='lat' dir='ltr'><strong>verbum</strong></span> <span class='ocrx_word' id='word_1_141' title='bbox 2444 702 2561 759; x_wconf 70' lang='grc' dir='ltr'><strong>οἶδα.</strong></span> <span class='ocrx_word' id='word_1_142' title='bbox 2584 721 2680 776; x_wconf 89' lang='lat' dir='ltr'><strong>per</strong></span> <span class='ocrx_word' id='word_1_143' title='bbox 2702 705 2957 760; x_wconf 88' lang='lat' dir='ltr'><strong>Latinum</strong></span> <span class='ocrx_word' id='word_1_144' title='bbox 2981 706 3109 772; x_wconf 81' lang='lat' dir='ltr'><strong>vidi,</strong></span> <span class='ocrx_word' id='word_1_145' title='bbox 3138 721 3263 759; x_wconf 86' lang='lat' dir='ltr'><strong>cum</strong></span> <span class='ocrx_word' id='word_1_146' title='bbox 3288 706 3397 759; x_wconf 80' lang='lat' dir='ltr'><strong>scio</strong></span> <span class='ocrx_word' id='word_1_147' title='bbox 3423 705 3508 759; x_wconf 90' lang='lat' dir='ltr'><strong>vel</strong></span> <span class='ocrx_word' id='word_1_148' title='bbox 3537 707 3654 759; x_wconf 75' lang='lat' dir='ltr'><strong>novi</strong></span> <span class='ocrx_word' id='word_1_149' title='bbox 3679 706 3760 759; x_wconf 88' lang='lat' dir='ltr'><strong>di-</strong></span> 
     </span>
    </p>
   </div>
   <div class='ocr_carea' id='block_1_21' title="bbox 2184 795 3761 868">
    <p class='ocr_par' dir='ltr' id='par_1_21' title="bbox 2184 795 3761 868">
     <span class='ocr_line' id='line_1_21' title="bbox 2184 795 3761 868; baseline -0.001 -15"><span class='ocrx_word' id='word_1_150' title='bbox 2184 812 2307 853; x_wconf 87' lang='lat' dir='ltr'><strong>cere</strong></span> <span class='ocrx_word' id='word_1_151' title='bbox 2320 797 2619 864; x_wconf 81' lang='lat' dir='ltr'><strong>debuisset,</strong></span> <span class='ocrx_word' id='word_1_152' title='bbox 2642 806 2790 853; x_wconf 90' lang='lat' dir='ltr'><strong>recte</strong></span> <span class='ocrx_word' id='word_1_153' title='bbox 2810 796 3113 853; x_wconf 90' lang='lat' dir='ltr'><strong>reddidisse</strong></span> <span class='ocrx_word' id='word_1_154' title='bbox 3131 796 3368 852; x_wconf 88' lang='lat' dir='ltr'><strong>dicatur.</strong></span> <span class='ocrx_word' id='word_1_155' title='bbox 3395 795 3761 868; x_wconf 86' lang='lat' dir='ltr'><strong>Hieronymus</strong></span> 
     </span>
    </p>
   </div>
   <div class='ocr_carea' id='block_1_22' title="bbox 2182 886 3757 959">
    <p class='ocr_par' dir='ltr' id='par_1_22' title="bbox 2182 886 3757 959">
     <span class='ocr_line' id='line_1_22' title="bbox 2182 886 3757 959; baseline -0.003 -15"><span class='ocrx_word' id='word_1_156' title='bbox 2182 903 2334 954; x_wconf 88' lang='lat' dir='ltr'><strong>vero,</strong></span> <span class='ocrx_word' id='word_1_157' title='bbox 2387 889 2483 959; x_wconf 92' lang='lat' dir='ltr'><strong>qui</strong></span> <span class='ocrx_word' id='word_1_158' title='bbox 2536 888 2820 943; x_wconf 89' lang='lat' dir='ltr'><strong>versiones</strong></span> <span class='ocrx_word' id='word_1_159' title='bbox 2853 901 2984 944; x_wconf 88' lang='lat' dir='ltr'><strong>suas</strong></span> <span class='ocrx_word' id='word_1_160' title='bbox 3019 886 3283 943; x_wconf 89' lang='lat' dir='ltr'><strong>citissime</strong></span> <span class='ocrx_word' id='word_1_161' title='bbox 3310 887 3473 944; x_wconf 89' lang='lat' dir='ltr'><strong>edere</strong></span> <span class='ocrx_word' id='word_1_162' title='bbox 3519 886 3757 952; x_wconf 86' lang='lat' dir='ltr'><strong>solebat,</strong></span> 
     </span>
    </p>
   </div>
   <div class='ocr_carea' id='block_1_23' title="bbox 2184 977 3758 1049">
    <p class='ocr_par' dir='ltr' id='par_1_23' title="bbox 2184 977 3758 1049">
     <span class='ocr_line' id='line_1_23' title="bbox 2184 977 3758 1049; baseline -0.003 -14"><span class='ocrx_word' id='word_1_163' title='bbox 2184 980 2415 1035; x_wconf 89' lang='lat' dir='ltr'><strong>humani</strong></span> <span class='ocrx_word' id='word_1_164' title='bbox 2441 981 2605 1036; x_wconf 89' lang='lat' dir='ltr'><strong>etiam</strong></span> <span class='ocrx_word' id='word_1_165' title='bbox 2637 979 2842 1049; x_wconf 84' lang='lat' dir='ltr'><strong>aliquid</strong></span> <span class='ocrx_word' id='word_1_166' title='bbox 2882 977 3114 1033; x_wconf 77' lang='lat' dir='ltr'><strong>forsitan</strong></span> <span class='ocrx_word' id='word_1_167' title='bbox 3166 993 3363 1048; x_wconf 87' lang='lat' dir='ltr'><strong>passus</strong></span> <span class='ocrx_word' id='word_1_168' title='bbox 3401 978 3645 1045; x_wconf 85' lang='lat' dir='ltr'><strong>est;nisi</strong></span> <span class='ocrx_word' id='word_1_169' title='bbox 3688 977 3758 1031; x_wconf 90' lang='lat' dir='ltr'><strong>ab</strong></span> 
     </span>
    </p>
   </div>
   <div class='ocr_carea' id='block_1_24' title="bbox 2183 1068 3756 1143">
    <p class='ocr_par' dir='ltr' id='par_1_24' title="bbox 2183 1068 3756 1143">
     <span class='ocr_line' id='line_1_24' title="bbox 2183 1068 3756 1143; baseline -0.003 -16"><span class='ocrx_word' id='word_1_170' title='bbox 2183 1073 2369 1143; x_wconf 92' lang='lat' dir='ltr'><strong>aliquo</strong></span> <span class='ocrx_word' id='word_1_171' title='bbox 2412 1071 2664 1142; x_wconf 90' lang='lat' dir='ltr'><strong>imperito</strong></span> <span class='ocrx_word' id='word_1_172' title='bbox 2692 1072 2989 1141; x_wconf 87' lang='lat' dir='ltr'><strong>interprete</strong></span> <span class='ocrx_word' id='word_1_173' title='bbox 3041 1068 3238 1124; x_wconf 88' lang='lat' dir='ltr'><strong>Latino</strong></span> <span class='ocrx_word' id='word_1_174' title='bbox 3265 1068 3432 1125; x_wconf 89' lang='lat' dir='ltr'><strong>fuerit</strong></span> <span class='ocrx_word' id='word_1_175' title='bbox 3476 1070 3756 1139; x_wconf 88' lang='lat' dir='ltr'><strong>deceptus.</strong></span> 
     </span>
    </p>
   </div>
   <div class='ocr_carea' id='block_1_25' title="bbox 2184 1161 3759 1235">
    <p class='ocr_par' dir='ltr' id='par_1_25' title="bbox 2184 1161 3759 1235">
     <span class='ocr_line' id='line_1_25' title="bbox 2184 1161 3759 1235; baseline -0.002 -16"><span class='ocrx_word' id='word_1_176' title='bbox 2184 1162 2387 1220; x_wconf 85' lang='lat' dir='ltr'><strong>Verum</strong></span> <span class='ocrx_word' id='word_1_177' title='bbox 2432 1162 2821 1235; x_wconf 88' lang='lat' dir='ltr'><strong>quoquomodo</strong></span> <span class='ocrx_word' id='word_1_178' title='bbox 2872 1178 2960 1219; x_wconf 90' lang='lat' dir='ltr'><strong>res</strong></span> <span class='ocrx_word' id='word_1_179' title='bbox 3012 1178 3071 1219; x_wconf 88' lang='lat' dir='ltr'><strong>se</strong></span> <span class='ocrx_word' id='word_1_180' title='bbox 3103 1162 3333 1230; x_wconf 88' lang='lat' dir='ltr'><strong>habeat,</strong></span> <span class='ocrx_word' id='word_1_181' title='bbox 3365 1172 3512 1218; x_wconf 88' lang='lat' dir='ltr'><strong>certe</strong></span> <span class='ocrx_word' id='word_1_182' title='bbox 3552 1161 3759 1217; x_wconf 84' lang='lat' dir='ltr'><strong>Gracis</strong></span> 
     </span>
    </p>
   </div>
   <div class='ocr_carea' id='block_1_26' title="bbox 2182 1252 3757 1325">
    <p class='ocr_par' dir='ltr' id='par_1_26' title="bbox 2182 1252 3757 1325">
     <span class='ocr_line' id='line_1_26' title="bbox 2182 1252 3757 1325; baseline -0.003 -14"><span class='ocrx_word' id='word_1_183' title='bbox 2182 1270 2309 1312; x_wconf 89' lang='lat' dir='ltr'><strong>cum</strong></span> <span class='ocrx_word' id='word_1_184' title='bbox 2332 1255 2687 1325; x_wconf 87' lang='lat' dir='ltr'><strong>epistolarum</strong></span> <span class='ocrx_word' id='word_1_185' title='bbox 2714 1253 2927 1325; x_wconf 87' lang='lat' dir='ltr'><strong>lgnatii,</strong></span> <span class='ocrx_word' id='word_1_186' title='bbox 2960 1261 3079 1308; x_wconf 88' lang='lat' dir='ltr'><strong>tum</strong></span> <span class='ocrx_word' id='word_1_187' title='bbox 3101 1252 3325 1309; x_wconf 87' lang='lat' dir='ltr'><strong>Eusebii</strong></span> <span class='ocrx_word' id='word_1_188' title='bbox 3356 1252 3611 1309; x_wconf 90' lang='lat' dir='ltr'><strong>Historia</strong></span> <span class='ocrx_word' id='word_1_189' title='bbox 3637 1268 3757 1307; x_wconf 89' lang='lat' dir='ltr'><strong>ma-</strong></span> 
     </span>
    </p>
   </div>
   <div class='ocr_carea' id='block_1_27' title="bbox 2182 1345 3755 1419">
    <p class='ocr_par' dir='ltr' id='par_1_27' title="bbox 2182 1345 3755 1419">
     <span class='ocr_line' id='line_1_27' title="bbox 2182 1345 3755 1419; baseline -0.001 -15"><span class='ocrx_word' id='word_1_190' title='bbox 2182 1348 2481 1419; x_wconf 88' lang='lat' dir='ltr'><strong>nuscriptis</strong></span> <span class='ocrx_word' id='word_1_191' title='bbox 2525 1348 2809 1404; x_wconf 87' lang='lat' dir='ltr'><strong>codicibus</strong></span> <span class='ocrx_word' id='word_1_192' title='bbox 2862 1346 3039 1417; x_wconf 87' lang='lat' dir='ltr'><strong>major</strong></span> <span class='ocrx_word' id='word_1_193' title='bbox 3082 1346 3244 1402; x_wconf 83' lang='lat' dir='ltr'><strong>debet</strong></span> <span class='ocrx_word' id='word_1_194' title='bbox 3270 1361 3394 1403; x_wconf 89' lang='lat' dir='ltr'><strong>esse</strong></span> <span class='ocrx_word' id='word_1_195' title='bbox 3433 1345 3755 1411; x_wconf 89' lang='lat' dir='ltr'><strong>auctoritas,</strong></span> 
     </span>
    </p>
   </div>
   <div class='ocr_carea' id='block_1_28' title="bbox 2180 1436 3758 1510">
    <p class='ocr_par' dir='ltr' id='par_1_28' title="bbox 2180 1436 3758 1510">
     <span class='ocr_line' id='line_1_28' title="bbox 2180 1436 3758 1510; baseline -0.002 -14"><span class='ocrx_word' id='word_1_196' title='bbox 2180 1440 2504 1510; x_wconf 87' lang='lat' dir='ltr'><strong>caterisquc</strong></span> <span class='ocrx_word' id='word_1_197' title='bbox 2529 1439 2788 1495; x_wconf 91' lang='lat' dir='ltr'><strong>omnibus</strong></span> <span class='ocrx_word' id='word_1_198' title='bbox 2820 1438 3200 1507; x_wconf 89' lang='lat' dir='ltr'><strong>anteponenda</strong></span> <span class='ocrx_word' id='word_1_199' title='bbox 3237 1447 3341 1493; x_wconf 89' lang='lat' dir='ltr'><strong>est.</strong></span> <span class='ocrx_word' id='word_1_200' title='bbox 3364 1436 3431 1492; x_wconf 90' lang='lat' dir='ltr'><strong>Et</strong></span> <span class='ocrx_word' id='word_1_201' title='bbox 3459 1438 3513 1493; x_wconf 92' lang='lat' dir='ltr'><strong>id</strong></span> <span class='ocrx_word' id='word_1_202' title='bbox 3537 1437 3758 1509; x_wconf 90' lang='lat' dir='ltr'><strong>quidem</strong></span> 
     </span>
    </p>
   </div>
   <div class='ocr_carea' id='block_1_29' title="bbox 2180 1529 3755 1603">
    <p class='ocr_par' dir='ltr' id='par_1_29' title="bbox 2180 1529 3755 1603">
     <span class='ocr_line' id='line_1_29' title="bbox 2180 1529 3755 1603; baseline -0.004 -11"><span class='ocrx_word' id='word_1_203' title='bbox 2180 1551 2249 1592; x_wconf 84' lang='lat' dir='ltr'><strong>ex</strong></span> <span class='ocrx_word' id='word_1_204' title='bbox 2277 1550 2344 1591; x_wconf 89' lang='lat' dir='ltr'><strong>eo</strong></span> <span class='ocrx_word' id='word_1_205' title='bbox 2368 1532 2692 1591; x_wconf 87' lang='lat' dir='ltr'><strong>conﬁrmari</strong></span> <span class='ocrx_word' id='word_1_206' title='bbox 2727 1540 2929 1602; x_wconf 87' lang='lat' dir='ltr'><strong>potest,</strong></span> <span class='ocrx_word' id='word_1_207' title='bbox 2962 1531 3108 1600; x_wconf 89' lang='lat' dir='ltr'><strong>quod</strong></span> <span class='ocrx_word' id='word_1_208' title='bbox 3130 1529 3755 1603; x_wconf 86' lang='lat' dir='ltr'><strong>ipsclgnatianisermo-</strong></span> 
     </span>
    </p>
   </div>
   <div class='ocr_carea' id='block_1_30' title="bbox 2181 1618 3758 1695">
    <p class='ocr_par' dir='ltr' id='par_1_30' title="bbox 2181 1618 3758 1695">
     <span class='ocr_line' id='line_1_30' title="bbox 2181 1618 3758 1695; baseline -0.003 -12"><span class='ocrx_word' id='word_1_209' title='bbox 2181 1629 2270 1684; x_wconf 88' lang='lat' dir='ltr'><strong>nis</strong></span> <span class='ocrx_word' id='word_1_210' title='bbox 2316 1640 2534 1690; x_wconf 86' lang='lat' dir='ltr'><strong>sensus,</strong></span> <span class='ocrx_word' id='word_1_211' title='bbox 2586 1625 2815 1695; x_wconf 89' lang='lat' dir='ltr'><strong>ejusque</strong></span> <span class='ocrx_word' id='word_1_212' title='bbox 2871 1632 3214 1694; x_wconf 85' lang='lat' dir='ltr'><strong>argumenta,</strong></span> <span class='ocrx_word' id='word_1_213' title='bbox 3246 1624 3472 1679; x_wconf 86' lang='lat' dir='ltr'><strong>verbum</strong></span> <span class='ocrx_word' id='word_1_214' title='bbox 3511 1618 3758 1679; x_wconf 69' lang='grc' dir='ltr'>οῖδαὶὺὶ-</span> 
     </span>
    </p>
   </div>
   <div class='ocr_carea' id='block_1_31' title="bbox 2180 1714 3758 1788">
    <p class='ocr_par' dir='ltr' id='par_1_31' title="bbox 2180 1714 3758 1788">
     <span class='ocr_line' id='line_1_31' title="bbox 2180 1714 3758 1788; baseline -0.003 -13"><span class='ocrx_word' id='word_1_215' title='bbox 2180 1720 2305 1775; x_wconf 88' lang='lat' dir='ltr'><strong>dem</strong></span> <span class='ocrx_word' id='word_1_216' title='bbox 2340 1717 2568 1774; x_wconf 88' lang='lat' dir='ltr'><strong>omnino</strong></span> <span class='ocrx_word' id='word_1_217' title='bbox 2604 1716 2901 1787; x_wconf 87' lang='lat' dir='ltr'><strong>postulent.</strong></span> <span class='ocrx_word' id='word_1_218' title='bbox 2949 1715 3194 1788; x_wconf 85' lang='lat' dir='ltr'><strong>lgnatius</strong></span> <span class='ocrx_word' id='word_1_219' title='bbox 3237 1715 3508 1786; x_wconf 90' lang='lat' dir='ltr'><strong>siquidem</strong></span> <span class='ocrx_word' id='word_1_220' title='bbox 3544 1714 3758 1771; x_wconf 88' lang='lat' dir='ltr'><strong>duabus</strong></span> 
     </span>
    </p>
   </div>
   <div class='ocr_carea' id='block_1_32' title="bbox 2182 1806 3759 1878">
    <p class='ocr_par' dir='ltr' id='par_1_32' title="bbox 2182 1806 3759 1878">
     <span class='ocr_line' id='line_1_32' title="bbox 2182 1806 3759 1878; baseline -0.004 -12"><span class='ocrx_word' id='word_1_221' title='bbox 2182 1821 2372 1866; x_wconf 89' lang='lat' dir='ltr'><strong>contra</strong></span> <span class='ocrx_word' id='word_1_222' title='bbox 2419 1809 2707 1865; x_wconf 88' lang='lat' dir='ltr'><strong>harcticos</strong></span> <span class='ocrx_word' id='word_1_223' title='bbox 2757 1808 2941 1878; x_wconf 88' lang='lat' dir='ltr'><strong>petitis</strong></span> <span class='ocrx_word' id='word_1_224' title='bbox 2980 1823 3049 1865; x_wconf 82' lang='lat' dir='ltr'><strong>ex</strong></span> <span class='ocrx_word' id='word_1_225' title='bbox 3100 1806 3400 1878; x_wconf 89' lang='lat' dir='ltr'><strong>Evangelio</strong></span> <span class='ocrx_word' id='word_1_226' title='bbox 3449 1806 3759 1862; x_wconf 88' lang='lat' dir='ltr'><strong>rationibus</strong></span> 
     </span>
    </p>
   </div>
   <div class='ocr_carea' id='block_1_33' title="bbox 498 1883 3754 1971">
    <p class='ocr_par' dir='ltr' id='par_1_33' title="bbox 498 1883 3754 1971">
     <span class='ocr_line' id='line_1_33' title="bbox 498 1883 3754 1971; baseline 0.002 -24"><span class='ocrx_word' id='word_1_227' title='bbox 498 1890 642 1960; x_wconf 78' lang='grc' dir='ltr'><strong>οῖδα,</strong></span> <span class='ocrx_word' id='word_1_228' title='bbox 676 1893 884 1952; x_wconf 89' lang='lat' dir='ltr'><strong>fatente</strong></span> <span class='ocrx_word' id='word_1_229' title='bbox 914 1897 1135 1963; x_wconf 86' lang='lat' dir='ltr'><strong>Dallao,</strong></span> <span class='ocrx_word' id='word_1_230' title='bbox 1160 1899 1448 1970; x_wconf 85' lang='lat' dir='ltr'><strong>signiﬁcat,</strong></span> <span class='ocrx_word' id='word_1_231' title='bbox 1472 1902 1603 1968; x_wconf 79' lang='lat' dir='ltr'><strong>scio,</strong></span> <span class='ocrx_word' id='word_1_232' title='bbox 1639 1902 1777 1969; x_wconf 83' lang='lat' dir='ltr'><strong>novi,</strong></span> <span class='ocrx_word' id='word_1_233' title='bbox 1799 1916 2074 1971; x_wconf 79' lang='lat' dir='ltr'><strong>cognosco.</strong></span> <span class='ocrx_word' id='word_1_234' title='bbox 2109 1883 2151 1939; x_wconf 79' lang='grc' dir='ltr'>Β</span> <span class='ocrx_word' id='word_1_235' title='bbox 2177 1903 2459 1958; x_wconf 89' lang='lat' dir='ltr'><strong>Christum</strong></span> <span class='ocrx_word' id='word_1_236' title='bbox 2505 1916 2618 1956; x_wconf 88' lang='lat' dir='ltr'><strong>non</strong></span> <span class='ocrx_word' id='word_1_237' title='bbox 2666 1899 2852 1956; x_wconf 85' lang='lat' dir='ltr'><strong>fictum</strong></span> <span class='ocrx_word' id='word_1_238' title='bbox 2906 1908 3002 1956; x_wconf 90' lang='lat' dir='ltr'><strong>aut</strong></span> <span class='ocrx_word' id='word_1_239' title='bbox 3054 1900 3396 1967; x_wconf 89' lang='lat' dir='ltr'><strong>simulatum,</strong></span> <span class='ocrx_word' id='word_1_240' title='bbox 3433 1899 3529 1956; x_wconf 90' lang='lat' dir='ltr'><strong>sed</strong></span> <span class='ocrx_word' id='word_1_241' title='bbox 3567 1915 3754 1956; x_wconf 88' lang='lat' dir='ltr'><strong>verum</strong></span> 
     </span>
    </p>
   </div>
   <div class='ocr_carea' id='block_1_34' title="bbox 503 1985 2077 2050">
    <p class='ocr_par' dir='ltr' id='par_1_34' title="bbox 503 1985 2077 2050">
     <span class='ocr_line' id='line_1_34' title="bbox 503 1985 2077 2050; baseline 0.005 -8"><span class='ocrx_word' id='word_1_242' title='bbox 503 1985 661 2043; x_wconf 83' lang='lat' dir='ltr'><strong>Unde</strong></span> <span class='ocrx_word' id='word_1_243' title='bbox 688 1989 852 2044; x_wconf 89' lang='lat' dir='ltr'><strong>etiam</strong></span> <span class='ocrx_word' id='word_1_244' title='bbox 884 1988 1115 2047; x_wconf 92' lang='lat' dir='ltr'><strong>Ruﬁnus</strong></span> <span class='ocrx_word' id='word_1_245' title='bbox 1141 1991 1198 2046; x_wconf 90' lang='lat' dir='ltr'><strong>in</strong></span> <span class='ocrx_word' id='word_1_246' title='bbox 1221 2009 1319 2049; x_wconf 87' lang='lat' dir='ltr'><strong>sua</strong></span> <span class='ocrx_word' id='word_1_247' title='bbox 1338 1992 1663 2050; x_wconf 88' lang='lat' dir='ltr'><strong>Eusebiana</strong></span> <span class='ocrx_word' id='word_1_248' title='bbox 1684 1993 1937 2050; x_wconf 87' lang='lat' dir='ltr'><strong>Historia</strong></span> <span class='ocrx_word' id='word_1_249' title='bbox 1955 2009 2077 2050; x_wconf 86' lang='lat' dir='ltr'><strong>ver-</strong></span> 
     </span>
    </p>
   </div>
   <div class='ocr_carea' id='block_1_35' title="bbox 500 2081 1969 2154">
    <p class='ocr_par' dir='ltr' id='par_1_35' title="bbox 500 2081 1969 2154">
     <span class='ocr_line' id='line_1_35' title="bbox 500 2081 1969 2154; baseline 0.004 -18"><span class='ocrx_word' id='word_1_250' title='bbox 500 2081 679 2148; x_wconf 88' lang='lat' dir='ltr'><strong>sione,</strong></span> <span class='ocrx_word' id='word_1_251' title='bbox 710 2081 843 2137; x_wconf 91' lang='lat' dir='ltr'><strong>illud</strong></span> <span class='ocrx_word' id='word_1_252' title='bbox 876 2082 1060 2152; x_wconf 89' lang='lat' dir='ltr'><strong>priore</strong></span> <span class='ocrx_word' id='word_1_253' title='bbox 1088 2084 1275 2153; x_wconf 89' lang='lat' dir='ltr'><strong>verbo,</strong></span> <span class='ocrx_word' id='word_1_254' title='bbox 1306 2087 1417 2140; x_wconf 82' lang='lat' dir='ltr'><strong>scio</strong></span> <span class='ocrx_word' id='word_1_255' title='bbox 1437 2128 1451 2154; x_wconf 90' lang='lat'><strong>,</strong></span> <span class='ocrx_word' id='word_1_256' title='bbox 1481 2084 1674 2141; x_wconf 90' lang='lat' dir='ltr'><strong>Latine</strong></span> <span class='ocrx_word' id='word_1_257' title='bbox 1714 2087 1969 2143; x_wconf 90' lang='lat' dir='ltr'><strong>reddidit.</strong></span> 
     </span>
    </p>
   </div>
   <div class='ocr_carea' id='block_1_36' title="bbox 573 2171 2075 2250">
    <p class='ocr_par' dir='ltr' id='par_1_36' title="bbox 573 2171 2075 2250">
     <span class='ocr_line' id='line_1_36' title="bbox 573 2171 2075 2250; baseline 0.005 -25"><span class='ocrx_word' id='word_1_258' title='bbox 573 2171 745 2229; x_wconf 87' lang='lat' dir='ltr'><strong>instat</strong></span> <span class='ocrx_word' id='word_1_259' title='bbox 796 2172 1032 2231; x_wconf 85' lang='lat' dir='ltr'><strong>Dallaus</strong></span> <span class='ocrx_word' id='word_1_260' title='bbox 1093 2177 1484 2249; x_wconf 90' lang='lat' dir='ltr'><strong>manuscriptis</strong></span> <span class='ocrx_word' id='word_1_261' title='bbox 1510 2177 1736 2246; x_wconf 85' lang='lat' dir='ltr'><strong>Gracis,</strong></span> <span class='ocrx_word' id='word_1_262' title='bbox 1762 2178 1855 2250; x_wconf 91' lang='lat' dir='ltr'><strong>qui</strong></span> <span class='ocrx_word' id='word_1_263' title='bbox 1881 2187 1960 2234; x_wconf 89' lang='lat' dir='ltr'><strong>tot</strong></span> <span class='ocrx_word' id='word_1_264' title='bbox 1987 2178 2075 2234; x_wconf 90' lang='lat' dir='ltr'><strong>in-</strong></span> 
     </span>
    </p>
   </div>
   <div class='ocr_carea' id='block_1_37' title="bbox 505 2264 2074 2340">
    <p class='ocr_par' dir='ltr' id='par_1_37' title="bbox 505 2264 2074 2340">
     <span class='ocr_line' id='line_1_37' title="bbox 505 2264 2074 2340; baseline 0.003 -22"><span class='ocrx_word' id='word_1_265' title='bbox 505 2264 960 2333; x_wconf 86' lang='lat' dir='ltr'><strong>terpolationibus</strong></span> <span class='ocrx_word' id='word_1_266' title='bbox 987 2266 1131 2323; x_wconf 69' lang='lat' dir='ltr'><strong>foede</strong></span> <span class='ocrx_word' id='word_1_267' title='bbox 1166 2270 1410 2340; x_wconf 89' lang='lat' dir='ltr'><strong>corrupti</strong></span> <span class='ocrx_word' id='word_1_268' title='bbox 1454 2277 1603 2337; x_wconf 90' lang='lat' dir='ltr'><strong>sunt,</strong></span> <span class='ocrx_word' id='word_1_269' title='bbox 1634 2270 1841 2325; x_wconf 91' lang='lat' dir='ltr'><strong>nullam</strong></span> <span class='ocrx_word' id='word_1_270' title='bbox 1884 2270 2074 2325; x_wconf 89' lang='lat' dir='ltr'><strong>haberi</strong></span> 
     </span>
    </p>
   </div>
   <div class='ocr_carea' id='block_1_38' title="bbox 499 2357 2075 2431">
    <p class='ocr_par' dir='ltr' id='par_1_38' title="bbox 499 2357 2075 2431">
     <span class='ocr_line' id='line_1_38' title="bbox 499 2357 2075 2431; baseline 0.003 -21"><span class='ocrx_word' id='word_1_271' title='bbox 499 2371 664 2424; x_wconf 90' lang='lat' dir='ltr'><strong>posse</strong></span> <span class='ocrx_word' id='word_1_272' title='bbox 699 2357 862 2412; x_wconf 89' lang='lat' dir='ltr'><strong>ﬁdem</strong></span> <span class='ocrx_word' id='word_1_273' title='bbox 893 2376 907 2412; x_wconf 90' lang='lat'><strong>:</strong></span> <span class='ocrx_word' id='word_1_274' title='bbox 933 2358 1064 2413; x_wconf 90' lang='lat' dir='ltr'><strong>item</strong></span> <span class='ocrx_word' id='word_1_275' title='bbox 1108 2358 1401 2426; x_wconf 89' lang='lat' dir='ltr'><strong>Ruﬁnum,</strong></span> <span class='ocrx_word' id='word_1_276' title='bbox 1456 2360 1705 2431; x_wconf 87' lang='lat' dir='ltr'><strong>aliosque</strong></span> <span class='ocrx_word' id='word_1_277' title='bbox 1753 2360 2075 2417; x_wconf 82' lang='lat' dir='ltr'><strong>Eusebiana</strong></span> 
     </span>
    </p>
   </div>
   <div class='ocr_carea' id='block_1_39' title="bbox 499 2446 2074 2524">
    <p class='ocr_par' dir='ltr' id='par_1_39' title="bbox 499 2446 2074 2524">
     <span class='ocr_line' id='line_1_39' title="bbox 499 2446 2074 2524; baseline 0.004 -23"><span class='ocrx_word' id='word_1_278' title='bbox 499 2446 755 2503; x_wconf 82' lang='lat' dir='ltr'><strong>Historia</strong></span> <span class='ocrx_word' id='word_1_279' title='bbox 771 2449 1028 2507; x_wconf 87' lang='lat' dir='ltr'><strong>librarios</strong></span> <span class='ocrx_word' id='word_1_280' title='bbox 1041 2466 1405 2509; x_wconf 90' lang='lat' dir='ltr'><strong>amanuenses</strong></span> <span class='ocrx_word' id='word_1_281' title='bbox 1419 2466 1520 2523; x_wconf 91' lang='lat' dir='ltr'><strong>pro</strong></span> <span class='ocrx_word' id='word_1_282' title='bbox 1549 2452 1721 2509; x_wconf 90' lang='lat' dir='ltr'><strong>verbo</strong></span> <span class='ocrx_word' id='word_1_283' title='bbox 1748 2448 1906 2521; x_wconf 82' lang='grc' dir='ltr'><strong>εἶδον,</strong></span> <span class='ocrx_word' id='word_1_284' title='bbox 1927 2455 2074 2524; x_wconf 90' lang='lat' dir='ltr'><strong>quod</strong></span> 
     </span>
    </p>
   </div>
   <div class='ocr_carea' id='block_1_40' title="bbox 500 2539 2069 2615">
    <p class='ocr_par' dir='ltr' id='par_1_40' title="bbox 500 2539 2069 2615">
     <span class='ocr_line' id='line_1_40' title="bbox 500 2539 2069 2615; baseline 0.003 -21"><span class='ocrx_word' id='word_1_285' title='bbox 500 2539 568 2595; x_wconf 88' lang='lat' dir='ltr'><strong>de</strong></span> <span class='ocrx_word' id='word_1_286' title='bbox 606 2540 816 2611; x_wconf 87' lang='lat' dir='ltr'><strong>lgnatio</strong></span> <span class='ocrx_word' id='word_1_287' title='bbox 858 2556 1207 2613; x_wconf 87' lang='lat' dir='ltr'><strong>nequaquam</strong></span> <span class='ocrx_word' id='word_1_288' title='bbox 1250 2544 1360 2600; x_wconf 91' lang='lat' dir='ltr'><strong>dici</strong></span> <span class='ocrx_word' id='word_1_289' title='bbox 1393 2560 1557 2615; x_wconf 90' lang='lat' dir='ltr'><strong>posse</strong></span> <span class='ocrx_word' id='word_1_290' title='bbox 1589 2553 1888 2610; x_wconf 87' lang='lat' dir='ltr'><strong>noverant,</strong></span> <span class='ocrx_word' id='word_1_291' title='bbox 1930 2546 2069 2601; x_wconf 84' lang='lat' dir='ltr'><strong>scri-</strong></span> 
     </span>
    </p>
   </div>
   <div class='ocr_carea' id='block_1_41' title="bbox 498 2628 2072 2707">
    <p class='ocr_par' dir='ltr' id='par_1_41' title="bbox 498 2628 2072 2707">
     <span class='ocr_line' id='line_1_41' title="bbox 498 2628 2072 2707; baseline 0.003 -20"><span class='ocrx_word' id='word_1_292' title='bbox 498 2632 681 2703; x_wconf 88' lang='lat' dir='ltr'><strong>psisse</strong></span> <span class='ocrx_word' id='word_1_293' title='bbox 705 2628 821 2687; x_wconf 84' lang='grc' dir='ltr'><strong>οἷδα</strong></span> <span class='ocrx_word' id='word_1_294' title='bbox 849 2651 863 2688; x_wconf 90' lang='lat'><strong>:</strong></span> <span class='ocrx_word' id='word_1_295' title='bbox 887 2634 1124 2705; x_wconf 89' lang='lat' dir='ltr'><strong>denique</strong></span> <span class='ocrx_word' id='word_1_296' title='bbox 1147 2633 1498 2705; x_wconf 78' lang='lat' dir='ltr'><strong>Hieronymo,</strong></span> <span class='ocrx_word' id='word_1_297' title='bbox 1538 2645 1593 2694; x_wconf 92' lang='lat' dir='ltr'><strong>et</strong></span> <span class='ocrx_word' id='word_1_298' title='bbox 1621 2636 1849 2707; x_wconf 89' lang='lat' dir='ltr'><strong>antiquo</strong></span> <span class='ocrx_word' id='word_1_299' title='bbox 1875 2637 2072 2693; x_wconf 86' lang='lat' dir='ltr'><strong>harum</strong></span> 
     </span>
    </p>
   </div>
   <div class='ocr_carea' id='block_1_42' title="bbox 496 2724 2072 2799">
    <p class='ocr_par' dir='ltr' id='par_1_42' title="bbox 496 2724 2072 2799">
     <span class='ocr_line' id='line_1_42' title="bbox 496 2724 2072 2799; baseline 0.003 -21"><span class='ocrx_word' id='word_1_300' title='bbox 496 2725 856 2795; x_wconf 90' lang='lat' dir='ltr'><strong>epistolarum</strong></span> <span class='ocrx_word' id='word_1_301' title='bbox 890 2726 1195 2797; x_wconf 89' lang='lat' dir='ltr'><strong>interpreti,</strong></span> <span class='ocrx_word' id='word_1_302' title='bbox 1224 2729 1317 2798; x_wconf 91' lang='lat' dir='ltr'><strong>qui</strong></span> <span class='ocrx_word' id='word_1_303' title='bbox 1338 2728 1565 2783; x_wconf 90' lang='lat' dir='ltr'><strong>verbum</strong></span> <span class='ocrx_word' id='word_1_304' title='bbox 1590 2724 1731 2782; x_wconf 76' lang='grc' dir='ltr'><strong>εἶδον</strong></span> <span class='ocrx_word' id='word_1_305' title='bbox 1767 2743 2072 2799; x_wconf 68' lang='lat' dir='ltr'><strong>repraesen-</strong></span> 
     </span>
    </p>
   </div>
   <div class='ocr_carea' id='block_1_43' title="bbox 496 2820 1433 2884">
    <p class='ocr_par' dir='ltr' id='par_1_43' title="bbox 496 2820 1433 2884">
     <span class='ocr_line' id='line_1_43' title="bbox 496 2820 1433 2884; baseline 0.004 -12"><span class='ocrx_word' id='word_1_306' title='bbox 496 2827 638 2884; x_wconf 88' lang='lat' dir='ltr'><strong>tant,</strong></span> <span class='ocrx_word' id='word_1_307' title='bbox 669 2821 898 2873; x_wconf 89' lang='lat' dir='ltr'><strong>omnino</strong></span> <span class='ocrx_word' id='word_1_308' title='bbox 920 2834 1041 2875; x_wconf 91' lang='lat' dir='ltr'><strong>esse</strong></span> <span class='ocrx_word' id='word_1_309' title='bbox 1076 2820 1433 2876; x_wconf 87' lang='lat' dir='ltr'><strong>credendum.</strong></span> 
     </span>
    </p>
   </div>
   <div class='ocr_carea' id='block_1_44' title="bbox 568 2909 2074 2971">
    <p class='ocr_par' dir='ltr' id='par_1_44' title="bbox 568 2909 2074 2971">
     <span class='ocr_line' id='line_1_44' title="bbox 568 2909 2074 2971; baseline 0.004 -6"><span class='ocrx_word' id='word_1_310' title='bbox 568 2909 772 2966; x_wconf 84' lang='lat' dir='ltr'><strong>Verum</strong></span> <span class='ocrx_word' id='word_1_311' title='bbox 815 2912 930 2967; x_wconf 87' lang='lat' dir='ltr'><strong>hac</strong></span> <span class='ocrx_word' id='word_1_312' title='bbox 969 2911 1155 2967; x_wconf 89' lang='lat' dir='ltr'><strong>Dallai</strong></span> <span class='ocrx_word' id='word_1_313' title='bbox 1210 2914 1319 2971; x_wconf 88' lang='lat' dir='ltr'><strong>tela</strong></span> <span class='ocrx_word' id='word_1_314' title='bbox 1350 2913 1512 2971; x_wconf 78' lang='lat' dir='ltr'><strong>facile</strong></span> <span class='ocrx_word' id='word_1_315' title='bbox 1545 2914 1932 2971; x_wconf 79' lang='lat' dir='ltr'><strong>retundantur.</strong></span> <span class='ocrx_word' id='word_1_316' title='bbox 1964 2912 2074 2971; x_wconf 83' lang='lat' dir='ltr'><strong>Nos</strong></span> 
     </span>
    </p>
   </div>
   <div class='ocr_carea' id='block_1_45' title="bbox 494 3001 2073 3079">
    <p class='ocr_par' dir='ltr' id='par_1_45' title="bbox 494 3001 2073 3079">
     <span class='ocr_line' id='line_1_45' title="bbox 494 3001 2073 3079; baseline 0.003 -23"><span class='ocrx_word' id='word_1_317' title='bbox 494 3001 646 3056; x_wconf 90' lang='lat' dir='ltr'><strong>enim</strong></span> <span class='ocrx_word' id='word_1_318' title='bbox 680 3018 791 3057; x_wconf 93' lang='lat' dir='ltr'><strong>non</strong></span> <span class='ocrx_word' id='word_1_319' title='bbox 823 3004 890 3060; x_wconf 87' lang='lat' dir='ltr'><strong>de</strong></span> <span class='ocrx_word' id='word_1_320' title='bbox 924 3005 1317 3076; x_wconf 85' lang='lat' dir='ltr'><strong>manuscriptis</strong></span> <span class='ocrx_word' id='word_1_321' title='bbox 1361 3006 1718 3077; x_wconf 89' lang='lat' dir='ltr'><strong>epistolarum</strong></span> <span class='ocrx_word' id='word_1_322' title='bbox 1755 3003 1947 3079; x_wconf 82' lang='lat' dir='ltr'><strong>lgnatii</strong></span> <span class='ocrx_word' id='word_1_323' title='bbox 1986 3006 2073 3061; x_wconf 89' lang='lat' dir='ltr'><strong>in-</strong></span> 
     </span>
    </p>
   </div>
   <div class='ocr_carea' id='block_1_46' title="bbox 495 3094 2055 3167">
    <p class='ocr_par' dir='ltr' id='par_1_46' title="bbox 495 3094 2055 3167">
     <span class='ocr_line' id='line_1_46' title="bbox 495 3094 2055 3167; baseline 0.003 -18"><span class='ocrx_word' id='word_1_324' title='bbox 495 3094 774 3163; x_wconf 87' lang='lat' dir='ltr'><strong>terpolatis</strong></span> <span class='ocrx_word' id='word_1_325' title='bbox 801 3095 1085 3153; x_wconf 89' lang='lat' dir='ltr'><strong>codicibus</strong></span> <span class='ocrx_word' id='word_1_326' title='bbox 1106 3138 1121 3165; x_wconf 97' lang='lat'><strong>,</strong></span> <span class='ocrx_word' id='word_1_327' title='bbox 1155 3097 1251 3153; x_wconf 92' lang='lat' dir='ltr'><strong>sed</strong></span> <span class='ocrx_word' id='word_1_328' title='bbox 1288 3097 1357 3153; x_wconf 86' lang='lat' dir='ltr'><strong>de</strong></span> <span class='ocrx_word' id='word_1_329' title='bbox 1395 3099 1613 3154; x_wconf 90' lang='lat' dir='ltr'><strong>sincero</strong></span> <span class='ocrx_word' id='word_1_330' title='bbox 1643 3109 1698 3153; x_wconf 92' lang='lat' dir='ltr'><strong>et</strong></span> <span class='ocrx_word' id='word_1_331' title='bbox 1726 3098 1939 3167; x_wconf 87' lang='lat' dir='ltr'><strong>integro</strong></span> <span class='ocrx_word' id='word_1_332' title='bbox 1960 3112 2055 3153; x_wconf 90' lang='lat' dir='ltr'><strong>co-</strong></span> 
     </span>
    </p>
   </div>
   <div class='ocr_carea' id='block_1_47' title="bbox 494 3187 2072 3266">
    <p class='ocr_par' dir='ltr' id='par_1_47' title="bbox 494 3187 2072 3266">
     <span class='ocr_line' id='line_1_47' title="bbox 494 3187 2072 3266; baseline 0.004 -26"><span class='ocrx_word' id='word_1_333' title='bbox 494 3187 637 3255; x_wconf 90' lang='lat' dir='ltr'><strong>dice,</strong></span> <span class='ocrx_word' id='word_1_334' title='bbox 664 3204 828 3258; x_wconf 82' lang='lat' dir='ltr'><strong>quem</strong></span> <span class='ocrx_word' id='word_1_335' title='bbox 851 3188 1082 3246; x_wconf 80' lang='lat' dir='ltr'><strong>Vossius</strong></span> <span class='ocrx_word' id='word_1_336' title='bbox 1105 3191 1343 3260; x_wconf 90' lang='lat' dir='ltr'><strong>nemine,</strong></span> <span class='ocrx_word' id='word_1_337' title='bbox 1362 3192 1442 3248; x_wconf 90' lang='lat' dir='ltr'><strong>uti</strong></span> <span class='ocrx_word' id='word_1_338' title='bbox 1460 3192 1721 3261; x_wconf 78' lang='lat' dir='ltr'><strong>diximus,</strong></span> <span class='ocrx_word' id='word_1_339' title='bbox 1741 3193 2072 3266; x_wconf 80' lang='lat' dir='ltr'><strong>refragante,</strong></span> 
     </span>
    </p>
   </div>
   <div class='ocr_carea' id='block_1_48' title="bbox 494 3280 2071 3353">
    <p class='ocr_par' dir='ltr' id='par_1_48' title="bbox 494 3280 2071 3353">
     <span class='ocr_line' id='line_1_48' title="bbox 494 3280 2071 3353; baseline 0.006 -18"><span class='ocrx_word' id='word_1_340' title='bbox 494 3280 598 3335; x_wconf 88' lang='lat' dir='ltr'><strong>ﬁde</strong></span> <span class='ocrx_word' id='word_1_341' title='bbox 635 3282 840 3351; x_wconf 87' lang='lat' dir='ltr'><strong>optima</strong></span> <span class='ocrx_word' id='word_1_342' title='bbox 882 3281 1073 3349; x_wconf 90' lang='lat' dir='ltr'><strong>edidit,</strong></span> <span class='ocrx_word' id='word_1_343' title='bbox 1111 3282 1479 3353; x_wconf 89' lang='lat' dir='ltr'><strong>disputamus.</strong></span> <span class='ocrx_word' id='word_1_344' title='bbox 1561 3284 1719 3352; x_wconf 84' lang='lat' dir='ltr'><strong>Quod</strong></span> <span class='ocrx_word' id='word_1_345' title='bbox 1770 3296 1952 3343; x_wconf 85' lang='lat' dir='ltr'><strong>autem</strong></span> <span class='ocrx_word' id='word_1_346' title='bbox 2002 3291 2071 3346; x_wconf 91' lang='lat' dir='ltr'><strong>ad</strong></span> 
     </span>
    </p>
   </div>
   <div class='ocr_carea' id='block_1_49' title="bbox 492 3373 2072 3451">
    <p class='ocr_par' dir='ltr' id='par_1_49' title="bbox 492 3373 2072 3451">
     <span class='ocr_line' id='line_1_49' title="bbox 492 3373 2072 3451; baseline 0.005 -22"><span class='ocrx_word' id='word_1_347' title='bbox 492 3374 717 3429; x_wconf 73' lang='lat' dir='ltr'><strong>Eusebii</strong></span> <span class='ocrx_word' id='word_1_348' title='bbox 754 3373 1050 3430; x_wconf 85' lang='lat' dir='ltr'><strong>Historiam</strong></span> <span class='ocrx_word' id='word_1_349' title='bbox 1098 3374 1313 3441; x_wconf 86' lang='lat' dir='ltr'><strong>attinet,</strong></span> <span class='ocrx_word' id='word_1_350' title='bbox 1357 3377 1541 3432; x_wconf 89' lang='lat' dir='ltr'><strong>nullus</strong></span> <span class='ocrx_word' id='word_1_351' title='bbox 1594 3393 1791 3451; x_wconf 85' lang='lat' dir='ltr'><strong>magna</strong></span> <span class='ocrx_word' id='word_1_352' title='bbox 1841 3381 1962 3436; x_wconf 92' lang='lat' dir='ltr'><strong>sine</strong></span> <span class='ocrx_word' id='word_1_353' title='bbox 1991 3390 2072 3437; x_wconf 85' lang='lat' dir='ltr'><strong>te-</strong></span> 
     </span>
    </p>
   </div>
   <div class='ocr_carea' id='block_1_50' title="bbox 492 3465 2069 3543">
    <p class='ocr_par' dir='ltr' id='par_1_50' title="bbox 492 3465 2069 3543">
     <span class='ocr_line' id='line_1_50' title="bbox 492 3465 2069 3543; baseline 0.006 -26"><span class='ocrx_word' id='word_1_354' title='bbox 492 3465 742 3520; x_wconf 90' lang='lat' dir='ltr'><strong>meritate</strong></span> <span class='ocrx_word' id='word_1_355' title='bbox 800 3480 919 3521; x_wconf 89' lang='lat' dir='ltr'><strong>eam</strong></span> <span class='ocrx_word' id='word_1_356' title='bbox 945 3466 1018 3521; x_wconf 90' lang='lat' dir='ltr'><strong>ibi</strong></span> <span class='ocrx_word' id='word_1_357' title='bbox 1044 3475 1357 3537; x_wconf 88' lang='lat' dir='ltr'><strong>corruptam</strong></span> <span class='ocrx_word' id='word_1_358' title='bbox 1382 3484 1503 3524; x_wconf 90' lang='lat' dir='ltr'><strong>esse</strong></span> <span class='ocrx_word' id='word_1_359' title='bbox 1525 3470 1742 3526; x_wconf 84' lang='lat' dir='ltr'><strong>dixerit.</strong></span> <span class='ocrx_word' id='word_1_360' title='bbox 1779 3472 1875 3527; x_wconf 85' lang='lat' dir='ltr'><strong>illa</strong></span> <span class='ocrx_word' id='word_1_361' title='bbox 1905 3474 2069 3543; x_wconf 83' lang='lat' dir='ltr'><strong>quip-</strong></span> 
     </span>
    </p>
   </div>
   <div class='ocr_carea' id='block_1_51' title="bbox 492 3558 2071 3637">
    <p class='ocr_par' dir='ltr' id='par_1_51' title="bbox 492 3558 2071 3637">
     <span class='ocr_line' id='line_1_51' title="bbox 492 3558 2071 3637; baseline 0.006 -24"><span class='ocrx_word' id='word_1_362' title='bbox 492 3573 560 3628; x_wconf 90' lang='lat' dir='ltr'><strong>pe</strong></span> <span class='ocrx_word' id='word_1_363' title='bbox 596 3570 815 3614; x_wconf 90' lang='lat' dir='ltr'><strong>centum</strong></span> <span class='ocrx_word' id='word_1_364' title='bbox 857 3558 971 3616; x_wconf 85' lang='lat' dir='ltr'><strong>fere</strong></span> <span class='ocrx_word' id='word_1_365' title='bbox 1006 3561 1167 3616; x_wconf 88' lang='lat' dir='ltr'><strong>annis</strong></span> <span class='ocrx_word' id='word_1_366' title='bbox 1198 3569 1327 3637; x_wconf 78' lang='lat' dir='ltr'><strong>ante</strong></span> <span class='ocrx_word' id='word_1_367' title='bbox 1359 3559 1611 3617; x_wconf 89' lang='lat' dir='ltr'><strong>Latinam</strong></span> <span class='ocrx_word' id='word_1_368' title='bbox 1642 3562 1825 3619; x_wconf 87' lang='lat' dir='ltr'><strong>Ruﬁni</strong></span> <span class='ocrx_word' id='word_1_369' title='bbox 1865 3566 2071 3622; x_wconf 87' lang='lat' dir='ltr'><strong>versio-</strong></span> 
     </span>
    </p>
   </div>
   <div class='ocr_carea' id='block_1_52' title="bbox 492 3650 2069 3721">
    <p class='ocr_par' dir='ltr' id='par_1_52' title="bbox 492 3650 2069 3721">
     <span class='ocr_line' id='line_1_52' title="bbox 492 3650 2069 3721; baseline 0.003 -18"><span class='ocrx_word' id='word_1_370' title='bbox 492 3665 616 3704; x_wconf 89' lang='lat' dir='ltr'><strong>nem</strong></span> <span class='ocrx_word' id='word_1_371' title='bbox 649 3650 949 3720; x_wconf 89' lang='lat' dir='ltr'><strong>publicata,</strong></span> <span class='ocrx_word' id='word_1_372' title='bbox 997 3650 1054 3705; x_wconf 87' lang='lat' dir='ltr'><strong>in</strong></span> <span class='ocrx_word' id='word_1_373' title='bbox 1090 3651 1338 3706; x_wconf 88' lang='lat' dir='ltr'><strong>omnium</strong></span> <span class='ocrx_word' id='word_1_374' title='bbox 1390 3659 1614 3708; x_wconf 87' lang='lat' dir='ltr'><strong>venerat</strong></span> <span class='ocrx_word' id='word_1_375' title='bbox 1664 3668 1884 3721; x_wconf 89' lang='lat' dir='ltr'><strong>manus,</strong></span> <span class='ocrx_word' id='word_1_376' title='bbox 1924 3662 1977 3709; x_wconf 91' lang='lat' dir='ltr'><strong>et</strong></span> <span class='ocrx_word' id='word_1_377' title='bbox 2012 3653 2069 3708; x_wconf 91' lang='lat' dir='ltr'><strong>in</strong></span> 
     </span>
    </p>
   </div>
   <div class='ocr_carea' id='block_1_53' title="bbox 489 3742 2068 3817">
    <p class='ocr_par' dir='ltr' id='par_1_53' title="bbox 489 3742 2068 3817">
     <span class='ocr_line' id='line_1_53' title="bbox 489 3742 2068 3817; baseline 0.003 -20"><span class='ocrx_word' id='word_1_378' title='bbox 489 3743 911 3815; x_wconf 89' lang='lat' dir='ltr'><strong>quamplurimis</strong></span> <span class='ocrx_word' id='word_1_379' title='bbox 929 3742 1283 3799; x_wconf 81' lang='lat' dir='ltr'><strong>Bibliothecis</strong></span> <span class='ocrx_word' id='word_1_380' title='bbox 1309 3754 1429 3799; x_wconf 89' lang='lat' dir='ltr'><strong>erat</strong></span> <span class='ocrx_word' id='word_1_381' title='bbox 1448 3754 1751 3801; x_wconf 84' lang='lat' dir='ltr'><strong>asservata.</strong></span> <span class='ocrx_word' id='word_1_382' title='bbox 1768 3744 1915 3801; x_wconf 87' lang='lat' dir='ltr'><strong>Nihil</strong></span> <span class='ocrx_word' id='word_1_383' title='bbox 1938 3761 2068 3817; x_wconf 79' lang='lat' dir='ltr'><strong>ergo</strong></span> 
     </span>
    </p>
   </div>
   <div class='ocr_carea' id='block_1_54' title="bbox 489 3835 2066 3908">
    <p class='ocr_par' dir='ltr' id='par_1_54' title="bbox 489 3835 2066 3908">
     <span class='ocr_line' id='line_1_54' title="bbox 489 3835 2066 3908; baseline 0.002 -18"><span class='ocrx_word' id='word_1_384' title='bbox 489 3845 678 3906; x_wconf 90' lang='lat' dir='ltr'><strong>postea</strong></span> <span class='ocrx_word' id='word_1_385' title='bbox 706 3837 792 3892; x_wconf 89' lang='lat' dir='ltr'><strong>vel</strong></span> <span class='ocrx_word' id='word_1_386' title='bbox 818 3837 873 3891; x_wconf 86' lang='lat' dir='ltr'><strong>in</strong></span> <span class='ocrx_word' id='word_1_387' title='bbox 904 3835 1094 3893; x_wconf 87' lang='lat' dir='ltr'><strong>Graco</strong></span> <span class='ocrx_word' id='word_1_388' title='bbox 1113 3836 1233 3906; x_wconf 86' lang='lat' dir='ltr'><strong>ejus</strong></span> <span class='ocrx_word' id='word_1_389' title='bbox 1257 3845 1407 3892; x_wconf 84' lang='lat' dir='ltr'><strong>textu</strong></span> <span class='ocrx_word' id='word_1_390' title='bbox 1431 3837 1727 3907; x_wconf 91' lang='lat' dir='ltr'><strong>scriptores</strong></span> <span class='ocrx_word' id='word_1_391' title='bbox 1748 3838 2066 3908; x_wconf 89' lang='lat' dir='ltr'><strong>antiquarii,</strong></span> 
     </span>
    </p>
   </div>
   <div class='ocr_carea' id='block_1_55' title="bbox 489 3927 2064 4009">
    <p class='ocr_par' dir='ltr' id='par_1_55' title="bbox 489 3927 2064 4009">
     <span class='ocr_line' id='line_1_55' title="bbox 489 3927 2064 4009; baseline 0.001 -26"><span class='ocrx_word' id='word_1_392' title='bbox 489 3930 575 3984; x_wconf 90' lang='lat' dir='ltr'><strong>vel</strong></span> <span class='ocrx_word' id='word_1_393' title='bbox 606 3930 659 3983; x_wconf 93' lang='lat' dir='ltr'><strong>in</strong></span> <span class='ocrx_word' id='word_1_394' title='bbox 681 3930 938 4009; x_wconf 85' lang='lat' dir='ltr'><strong>versione</strong></span> <span class='ocrx_word' id='word_1_395' title='bbox 988 3945 1089 3985; x_wconf 89' lang='lat' dir='ltr'><strong>sua</strong></span> <span class='ocrx_word' id='word_1_396' title='bbox 1133 3927 1367 3985; x_wconf 87' lang='lat' dir='ltr'><strong>Ruﬁnus</strong></span> <span class='ocrx_word' id='word_1_397' title='bbox 1404 3929 1700 3985; x_wconf 88' lang='lat' dir='ltr'><strong>immutare</strong></span> <span class='ocrx_word' id='word_1_398' title='bbox 1726 3937 2024 4000; x_wconf 91' lang='lat' dir='ltr'><strong>potuerunt</strong></span> <span class='ocrx_word' id='word_1_399' title='bbox 2051 3948 2064 3996; x_wconf 92' lang='lat'><strong>;</strong></span> 
     </span>
    </p>
   </div>
   <div class='ocr_carea' id='block_1_56' title="bbox 489 4021 2069 4094">
    <p class='ocr_par' dir='ltr' id='par_1_56' title="bbox 489 4021 2069 4094">
     <span class='ocr_line' id='line_1_56' title="bbox 489 4021 2069 4094; baseline 0 -16"><span class='ocrx_word' id='word_1_400' title='bbox 489 4024 621 4093; x_wconf 90' lang='lat' dir='ltr'><strong>quin</strong></span> <span class='ocrx_word' id='word_1_401' title='bbox 647 4039 715 4078; x_wconf 82' lang='lat' dir='ltr'><strong>ex</strong></span> <span class='ocrx_word' id='word_1_402' title='bbox 744 4023 1050 4079; x_wconf 89' lang='lat' dir='ltr'><strong>innumeris</strong></span> <span class='ocrx_word' id='word_1_403' title='bbox 1092 4022 1337 4094; x_wconf 88' lang='lat' dir='ltr'><strong>ejusdem</strong></span> <span class='ocrx_word' id='word_1_404' title='bbox 1372 4021 1624 4078; x_wconf 88' lang='lat' dir='ltr'><strong>Historia</strong></span> <span class='ocrx_word' id='word_1_405' title='bbox 1663 4022 1948 4079; x_wconf 90' lang='lat' dir='ltr'><strong>codicibus</strong></span> <span class='ocrx_word' id='word_1_406' title='bbox 1978 4022 2069 4078; x_wconf 90' lang='lat' dir='ltr'><strong>hic</strong></span> 
     </span>
    </p>
   </div>
   <div class='ocr_carea' id='block_1_57' title="bbox 485 4113 2068 4177">
    <p class='ocr_par' dir='ltr' id='par_1_57' title="bbox 485 4113 2068 4177">
     <span class='ocr_line' id='line_1_57' title="bbox 485 4113 2068 4177; baseline 0.001 -8"><span class='ocrx_word' id='word_1_407' title='bbox 485 4115 560 4169; x_wconf 88' lang='lat' dir='ltr'><strong>ab</strong></span> <span class='ocrx_word' id='word_1_408' title='bbox 582 4114 913 4170; x_wconf 88' lang='lat' dir='ltr'><strong>adversariis</strong></span> <span class='ocrx_word' id='word_1_409' title='bbox 935 4116 1071 4177; x_wconf 90' lang='lat' dir='ltr'><strong>suis,</strong></span> <span class='ocrx_word' id='word_1_410' title='bbox 1096 4115 1174 4169; x_wconf 90' lang='lat' dir='ltr'><strong>illi</strong></span> <span class='ocrx_word' id='word_1_411' title='bbox 1197 4115 1265 4170; x_wconf 89' lang='lat' dir='ltr'><strong>ab</strong></span> <span class='ocrx_word' id='word_1_412' title='bbox 1283 4113 1503 4172; x_wconf 89' lang='lat' dir='ltr'><strong>Eusebii</strong></span> <span class='ocrx_word' id='word_1_413' title='bbox 1528 4113 1835 4170; x_wconf 86' lang='lat' dir='ltr'><strong>fautoribus</strong></span> <span class='ocrx_word' id='word_1_414' title='bbox 1856 4114 2068 4170; x_wconf 89' lang='lat' dir='ltr'><strong>adulte—</strong></span> 
     </span>
    </p>
   </div>
   <div class='ocr_carea' id='block_1_58' title="bbox 490 4204 2062 4277">
    <p class='ocr_par' dir='ltr' id='par_1_58' title="bbox 490 4204 2062 4277">
     <span class='ocr_line' id='line_1_58' title="bbox 490 4204 2062 4277; baseline 0.002 -18"><span class='ocrx_word' id='word_1_415' title='bbox 490 4204 725 4260; x_wconf 89' lang='lat' dir='ltr'><strong>rationis</strong></span> <span class='ocrx_word' id='word_1_416' title='bbox 797 4213 855 4261; x_wconf 92' lang='lat' dir='ltr'><strong>et</strong></span> <span class='ocrx_word' id='word_1_417' title='bbox 922 4207 1295 4277; x_wconf 89' lang='lat' dir='ltr'><strong>corruptionis</strong></span> <span class='ocrx_word' id='word_1_418' title='bbox 1344 4207 1529 4262; x_wconf 90' lang='lat' dir='ltr'><strong>statim</strong></span> <span class='ocrx_word' id='word_1_419' title='bbox 1583 4207 2062 4263; x_wconf 87' lang='lat' dir='ltr'><strong>convincerentur.</strong></span> 
     </span>
    </p>
   </div>
   <div class='ocr_carea' id='block_1_59' title="bbox 492 4295 2066 4367">
    <p class='ocr_par' dir='ltr' id='par_1_59' title="bbox 492 4295 2066 4367">
     <span class='ocr_line' id='line_1_59' title="bbox 492 4295 2066 4367; baseline 0.003 -18"><span class='ocrx_word' id='word_1_420' title='bbox 492 4295 699 4351; x_wconf 89' lang='lat' dir='ltr'><strong>Deinde</strong></span> <span class='ocrx_word' id='word_1_421' title='bbox 722 4296 849 4366; x_wconf 88' lang='lat' dir='ltr'><strong>quis</strong></span> <span class='ocrx_word' id='word_1_422' title='bbox 874 4296 981 4352; x_wconf 89' lang='lat' dir='ltr'><strong>sibi</strong></span> <span class='ocrx_word' id='word_1_423' title='bbox 1001 4297 1328 4366; x_wconf 86' lang='lat' dir='ltr'><strong>persuadeat</strong></span> <span class='ocrx_word' id='word_1_424' title='bbox 1359 4297 1640 4367; x_wconf 89' lang='lat' dir='ltr'><strong>Ruﬁnum,</strong></span> <span class='ocrx_word' id='word_1_425' title='bbox 1689 4309 1744 4355; x_wconf 90' lang='lat' dir='ltr'><strong>et</strong></span> <span class='ocrx_word' id='word_1_426' title='bbox 1766 4314 2066 4356; x_wconf 87' lang='lat' dir='ltr'><strong>amanuen-</strong></span> 
     </span>
    </p>
   </div>
   <div class='ocr_carea' id='block_1_60' title="bbox 488 4387 2065 4463">
    <p class='ocr_par' dir='ltr' id='par_1_60' title="bbox 488 4387 2065 4463">
     <span class='ocr_line' id='line_1_60' title="bbox 488 4387 2065 4463; baseline 0.002 -17"><span class='ocrx_word' id='word_1_427' title='bbox 488 4406 579 4446; x_wconf 91' lang='lat' dir='ltr'><strong>ses</strong></span> <span class='ocrx_word' id='word_1_428' title='bbox 602 4388 926 4445; x_wconf 85' lang='lat' dir='ltr'><strong>Euscbiana</strong></span> <span class='ocrx_word' id='word_1_429' title='bbox 969 4387 1227 4444; x_wconf 85' lang='lat' dir='ltr'><strong>Historia</strong></span> <span class='ocrx_word' id='word_1_430' title='bbox 1269 4391 1566 4460; x_wconf 91' lang='lat' dir='ltr'><strong>scriptores</strong></span> <span class='ocrx_word' id='word_1_431' title='bbox 1613 4391 1681 4447; x_wconf 89' lang='lat' dir='ltr'><strong>ad</strong></span> <span class='ocrx_word' id='word_1_432' title='bbox 1707 4407 2065 4463; x_wconf 91' lang='lat' dir='ltr'><strong>corrumpen-</strong></span> 
     </span>
    </p>
   </div>
   <div class='ocr_carea' id='block_1_61' title="bbox 485 4483 2060 4542">
    <p class='ocr_par' dir='ltr' id='par_1_61' title="bbox 485 4483 2060 4542">
     <span class='ocr_line' id='line_1_61' title="bbox 485 4483 2060 4542; baseline 0.002 -4"><span class='ocrx_word' id='word_1_433' title='bbox 485 4484 590 4540; x_wconf 88' lang='lat' dir='ltr'><strong>dos</strong></span> <span class='ocrx_word' id='word_1_434' title='bbox 651 4498 845 4540; x_wconf 89' lang='lat' dir='ltr'><strong>omnes</strong></span> <span class='ocrx_word' id='word_1_435' title='bbox 890 4483 1143 4539; x_wconf 81' lang='lat' dir='ltr'><strong>Historia</strong></span> <span class='ocrx_word' id='word_1_436' title='bbox 1178 4484 1327 4540; x_wconf 90' lang='lat' dir='ltr'><strong>illius</strong></span> <span class='ocrx_word' id='word_1_437' title='bbox 1360 4485 1576 4542; x_wconf 87' lang='lat' dir='ltr'><strong>codices</strong></span> <span class='ocrx_word' id='word_1_438' title='bbox 1608 4486 1775 4541; x_wconf 89' lang='lat' dir='ltr'><strong>simul</strong></span> <span class='ocrx_word' id='word_1_439' title='bbox 1818 4487 1890 4541; x_wconf 89' lang='lat' dir='ltr'><strong>ita</strong></span> <span class='ocrx_word' id='word_1_440' title='bbox 1925 4500 2060 4541; x_wconf 86' lang='lat' dir='ltr'><strong>cou-</strong></span> 
     </span>
    </p>
   </div>
   <div class='ocr_carea' id='block_1_62' title="bbox 2101 3240 2144 3300">
    <p class='ocr_par' dir='ltr' id='par_1_62' title="bbox 2101 3240 2144 3300">
     <span class='ocr_line' id='line_1_62' title="bbox 2101 3240 2144 3300; baseline 0 -2"><span class='ocrx_word' id='word_1_441' title='bbox 2101 3240 2144 3300; x_wconf 90' lang='lat' dir='ltr'><strong>C</strong></span> 
     </span>
    </p>
   </div>
   <div class='ocr_carea' id='block_1_63' title="bbox 2177 1992 3758 2053">
    <p class='ocr_par' dir='ltr' id='par_1_63' title="bbox 2177 1992 3758 2053">
     <span class='ocr_line' id='line_1_63' title="bbox 2177 1992 3758 2053; baseline -0.002 -3"><span class='ocrx_word' id='word_1_442' title='bbox 2177 1996 2455 2053; x_wconf 91' lang='lat' dir='ltr'><strong>hominem</strong></span> <span class='ocrx_word' id='word_1_443' title='bbox 2480 1993 2652 2050; x_wconf 92' lang='lat' dir='ltr'><strong>fuisse</strong></span> <span class='ocrx_word' id='word_1_444' title='bbox 2695 1993 3057 2050; x_wconf 88' lang='lat' dir='ltr'><strong>demonstrat.</strong></span> <span class='ocrx_word' id='word_1_445' title='bbox 3086 1994 3158 2050; x_wconf 84' lang='lat' dir='ltr'><strong>At</strong></span> <span class='ocrx_word' id='word_1_446' title='bbox 3200 1994 3249 2048; x_wconf 92' lang='lat' dir='ltr'><strong>si</strong></span> <span class='ocrx_word' id='word_1_447' title='bbox 3296 1993 3577 2051; x_wconf 88' lang='lat' dir='ltr'><strong>Christum</strong></span> <span class='ocrx_word' id='word_1_448' title='bbox 3612 1992 3758 2049; x_wconf 88' lang='lat' dir='ltr'><strong>suis-</strong></span> 
     </span>
    </p>
   </div>
   <div class='ocr_carea' id='block_1_64' title="bbox 2177 2084 3752 2158">
    <p class='ocr_par' dir='ltr' id='par_1_64' title="bbox 2177 2084 3752 2158">
     <span class='ocr_line' id='line_1_64' title="bbox 2177 2084 3752 2158; baseline -0.005 -13"><span class='ocrx_word' id='word_1_449' title='bbox 2177 2097 2288 2145; x_wconf 89' lang='lat' dir='ltr'><strong>met</strong></span> <span class='ocrx_word' id='word_1_450' title='bbox 2337 2088 2515 2146; x_wconf 92' lang='lat' dir='ltr'><strong>oculis</strong></span> <span class='ocrx_word' id='word_1_451' title='bbox 2548 2089 2601 2145; x_wconf 92' lang='lat' dir='ltr'><strong>in</strong></span> <span class='ocrx_word' id='word_1_452' title='bbox 2637 2103 2806 2145; x_wconf 90' lang='lat' dir='ltr'><strong>carne</strong></span> <span class='ocrx_word' id='word_1_453' title='bbox 2826 2086 2946 2158; x_wconf 81' lang='lat' dir='ltr'><strong>ipse</strong></span> <span class='ocrx_word' id='word_1_454' title='bbox 2992 2086 3242 2153; x_wconf 87' lang='lat' dir='ltr'><strong>vidisset,</strong></span> <span class='ocrx_word' id='word_1_455' title='bbox 3301 2086 3439 2140; x_wconf 91' lang='lat' dir='ltr'><strong>nihil</strong></span> <span class='ocrx_word' id='word_1_456' title='bbox 3480 2084 3752 2142; x_wconf 86' lang='lat' dir='ltr'><strong>efﬁcacius</strong></span> 
     </span>
    </p>
   </div>
   <div class='ocr_carea' id='block_1_65' title="bbox 2176 2178 3754 2251">
    <p class='ocr_par' dir='ltr' id='par_1_65' title="bbox 2176 2178 3754 2251">
     <span class='ocr_line' id='line_1_65' title="bbox 2176 2178 3754 2251; baseline -0.003 -13"><span class='ocrx_word' id='word_1_457' title='bbox 2176 2190 2367 2238; x_wconf 85' lang='lat' dir='ltr'><strong>contra</strong></span> <span class='ocrx_word' id='word_1_458' title='bbox 2410 2196 2507 2238; x_wconf 92' lang='lat' dir='ltr'><strong>eos</strong></span> <span class='ocrx_word' id='word_1_459' title='bbox 2558 2180 2807 2251; x_wconf 89' lang='lat' dir='ltr'><strong>proferre</strong></span> <span class='ocrx_word' id='word_1_460' title='bbox 2834 2188 3054 2251; x_wconf 89' lang='lat' dir='ltr'><strong>poterat</strong></span> <span class='ocrx_word' id='word_1_461' title='bbox 3078 2221 3093 2247; x_wconf 91' lang='lat'><strong>,</strong></span> <span class='ocrx_word' id='word_1_462' title='bbox 3123 2194 3290 2250; x_wconf 89' lang='lat' dir='ltr'><strong>quam</strong></span> <span class='ocrx_word' id='word_1_463' title='bbox 3319 2194 3381 2234; x_wconf 90' lang='lat' dir='ltr'><strong>se</strong></span> <span class='ocrx_word' id='word_1_464' title='bbox 3411 2179 3528 2234; x_wconf 87' lang='lat' dir='ltr'><strong>suis</strong></span> <span class='ocrx_word' id='word_1_465' title='bbox 3552 2178 3754 2243; x_wconf 88' lang='lat' dir='ltr'><strong>oculis,</strong></span> 
     </span>
    </p>
   </div>
   <div class='ocr_carea' id='block_1_66' title="bbox 2176 2270 3756 2339">
    <p class='ocr_par' dir='ltr' id='par_1_66' title="bbox 2176 2270 3756 2339">
     <span class='ocr_line' id='line_1_66' title="bbox 2176 2270 3756 2339; baseline -0.006 -7"><span class='ocrx_word' id='word_1_466' title='bbox 2176 2277 2264 2333; x_wconf 88' lang='lat' dir='ltr'><strong>his</strong></span> <span class='ocrx_word' id='word_1_467' title='bbox 2285 2287 2339 2332; x_wconf 89' lang='lat' dir='ltr'><strong>et</strong></span> <span class='ocrx_word' id='word_1_468' title='bbox 2368 2277 2456 2332; x_wconf 90' lang='lat' dir='ltr'><strong>his</strong></span> <span class='ocrx_word' id='word_1_469' title='bbox 2485 2277 2543 2331; x_wconf 92' lang='lat' dir='ltr'><strong>in</strong></span> <span class='ocrx_word' id='word_1_470' title='bbox 2564 2276 2721 2339; x_wconf 88' lang='lat' dir='ltr'><strong>locis,</strong></span> <span class='ocrx_word' id='word_1_471' title='bbox 2752 2289 2879 2333; x_wconf 88' lang='lat' dir='ltr'><strong>cum</strong></span> <span class='ocrx_word' id='word_1_472' title='bbox 2907 2274 2995 2330; x_wconf 91' lang='lat' dir='ltr'><strong>his</strong></span> <span class='ocrx_word' id='word_1_473' title='bbox 3027 2282 3081 2328; x_wconf 89' lang='lat' dir='ltr'><strong>et</strong></span> <span class='ocrx_word' id='word_1_474' title='bbox 3113 2272 3224 2327; x_wconf 89' lang='lat' dir='ltr'><strong>illis</strong></span> <span class='ocrx_word' id='word_1_475' title='bbox 3256 2270 3421 2327; x_wconf 88' lang='lat' dir='ltr'><strong>sociis</strong></span> <span class='ocrx_word' id='word_1_476' title='bbox 3444 2278 3502 2326; x_wconf 91' lang='lat' dir='ltr'><strong>et</strong></span> <span class='ocrx_word' id='word_1_477' title='bbox 3522 2270 3756 2326; x_wconf 89' lang='lat' dir='ltr'><strong>testibus</strong></span> 
     </span>
    </p>
   </div>
   <div class='ocr_carea' id='block_1_67' title="bbox 2179 2363 3755 2441">
    <p class='ocr_par' dir='ltr' id='par_1_67' title="bbox 2179 2363 3755 2441">
     <span class='ocr_line' id='line_1_67' title="bbox 2179 2363 3755 2441; baseline -0.006 -16"><span class='ocrx_word' id='word_1_478' title='bbox 2179 2370 2331 2425; x_wconf 91' lang='lat' dir='ltr'><strong>omni</strong></span> <span class='ocrx_word' id='word_1_479' title='bbox 2362 2368 2687 2441; x_wconf 79' lang='lat' dir='ltr'><strong>exceptione</strong></span> <span class='ocrx_word' id='word_1_480' title='bbox 2715 2366 3042 2438; x_wconf 87' lang='lat' dir='ltr'><strong>majoribus,</strong></span> <span class='ocrx_word' id='word_1_481' title='bbox 3074 2364 3339 2435; x_wconf 85' lang='lat' dir='ltr'><strong>apostolis</strong></span> <span class='ocrx_word' id='word_1_482' title='bbox 3372 2363 3642 2431; x_wconf 90' lang='lat' dir='ltr'><strong>videlicet,</strong></span> <span class='ocrx_word' id='word_1_483' title='bbox 3662 2372 3755 2418; x_wconf 84' lang='lat' dir='ltr'><strong>aut</strong></span> 
     </span>
    </p>
   </div>
   <div class='ocr_carea' id='block_1_68' title="bbox 2175 2457 3757 2532">
    <p class='ocr_par' dir='ltr' id='par_1_68' title="bbox 2175 2457 3757 2532">
     <span class='ocr_line' id='line_1_68' title="bbox 2175 2457 3757 2532; baseline -0.006 -14"><span class='ocrx_word' id='word_1_484' title='bbox 2175 2462 2382 2518; x_wconf 85' lang='lat' dir='ltr'><strong>Christi</strong></span> <span class='ocrx_word' id='word_1_485' title='bbox 2414 2462 2722 2532; x_wconf 91' lang='lat' dir='ltr'><strong>discipulis,</strong></span> <span class='ocrx_word' id='word_1_486' title='bbox 2748 2460 3041 2518; x_wconf 90' lang='lat' dir='ltr'><strong>Dominum</strong></span> <span class='ocrx_word' id='word_1_487' title='bbox 3076 2460 3255 2531; x_wconf 91' lang='lat' dir='ltr'><strong>ipsum</strong></span> <span class='ocrx_word' id='word_1_488' title='bbox 3280 2457 3482 2514; x_wconf 87' lang='lat' dir='ltr'><strong>vidisse</strong></span> <span class='ocrx_word' id='word_1_489' title='bbox 3499 2497 3516 2524; x_wconf 96' lang='lat'><strong>,</strong></span> <span class='ocrx_word' id='word_1_490' title='bbox 3541 2471 3609 2511; x_wconf 89' lang='lat' dir='ltr'><strong>ac</strong></span> <span class='ocrx_word' id='word_1_491' title='bbox 3628 2470 3757 2511; x_wconf 89' lang='lat' dir='ltr'><strong>cum</strong></span> 
     </span>
    </p>
   </div>
   <div class='ocr_carea' id='block_1_69' title="bbox 2177 2553 2909 2611">
    <p class='ocr_par' dir='ltr' id='par_1_69' title="bbox 2177 2553 2909 2611">
     <span class='ocr_line' id='line_1_69' title="bbox 2177 2553 2909 2611; baseline 0 -3"><span class='ocrx_word' id='word_1_492' title='bbox 2177 2554 2273 2610; x_wconf 92' lang='lat' dir='ltr'><strong>illo</strong></span> <span class='ocrx_word' id='word_1_493' title='bbox 2302 2553 2475 2610; x_wconf 90' lang='lat' dir='ltr'><strong>fuisse</strong></span> <span class='ocrx_word' id='word_1_494' title='bbox 2496 2560 2909 2611; x_wconf 88' lang='lat' dir='ltr'><strong>conversatum.</strong></span> 
     </span>
    </p>
   </div>
   <div class='ocr_carea' id='block_1_70' title="bbox 2178 2662 3755 2738">
    <p class='ocr_par' dir='ltr' id='par_1_70' title="bbox 2178 2662 3755 2738">
     <span class='ocr_line' id='line_1_70' title="bbox 2178 2662 3755 2738; baseline -0.004 -18"><span class='ocrx_word' id='word_1_495' title='bbox 2178 2665 2206 2738; x_wconf 62' lang='grc' dir='ltr'><strong>θ</strong></span> <span class='ocrx_word' id='word_1_496' title='bbox 2243 2665 2309 2721; x_wconf 87' lang='lat' dir='ltr'><strong>ll.</strong></span> <span class='ocrx_word' id='word_1_497' title='bbox 2340 2664 2496 2720; x_wconf 76' lang='lat' dir='ltr'><strong>Nihil</strong></span> <span class='ocrx_word' id='word_1_498' title='bbox 2513 2675 2701 2721; x_wconf 86' lang='lat' dir='ltr'><strong>temere</strong></span> <span class='ocrx_word' id='word_1_499' title='bbox 2728 2666 3033 2738; x_wconf 79' lang='lat' dir='ltr'><strong>dictumest</strong></span> <span class='ocrx_word' id='word_1_500' title='bbox 3055 2666 3120 2720; x_wconf 83' lang='lat' dir='ltr'><strong>de</strong></span> <span class='ocrx_word' id='word_1_501' title='bbox 3151 2665 3340 2738; x_wconf 79' lang='lat' dir='ltr'><strong>stella,</strong></span> <span class='ocrx_word' id='word_1_502' title='bbox 3370 2679 3509 2738; x_wconf 60' lang='lat' dir='ltr'><strong>quat,</strong></span> <span class='ocrx_word' id='word_1_503' title='bbox 3543 2662 3755 2718; x_wconf 76' lang='lat' dir='ltr'><strong>Christo</strong></span> 
     </span>
    </p>
   </div>
   <div class='ocr_carea' id='block_1_71' title="bbox 2247 2735 3755 2807">
    <p class='ocr_par' dir='ltr' id='par_1_71' title="bbox 2247 2735 3755 2807">
     <span class='ocr_line' id='line_1_71' title="bbox 2247 2735 3755 2807; baseline -0.003 -16"><span class='ocrx_word' id='word_1_504' title='bbox 2247 2746 2517 2802; x_wconf 79' lang='lat' dir='ltr'><strong>nascente,</strong></span> <span class='ocrx_word' id='word_1_505' title='bbox 2560 2738 2831 2807; x_wconf 73' lang='lat' dir='ltr'><strong>apparuit,</strong></span> <span class='ocrx_word' id='word_1_506' title='bbox 2863 2736 2943 2792; x_wconf 67' lang='lat' dir='ltr'><strong>vel</strong></span> <span class='ocrx_word' id='word_1_507' title='bbox 2992 2736 3058 2791; x_wconf 83' lang='lat' dir='ltr'><strong>de</strong></span> <span class='ocrx_word' id='word_1_508' title='bbox 3105 2751 3164 2790; x_wconf 85' lang='lat' dir='ltr'><strong>eo</strong></span> <span class='ocrx_word' id='word_1_509' title='bbox 3185 2737 3323 2807; x_wconf 79' lang='lat' dir='ltr'><strong>quod</strong></span> <span class='ocrx_word' id='word_1_510' title='bbox 3355 2735 3599 2791; x_wconf 75' lang='lat' dir='ltr'><strong>Christus</strong></span> <span class='ocrx_word' id='word_1_511' title='bbox 3639 2742 3755 2801; x_wconf 80' lang='lat' dir='ltr'><strong>post</strong></span> 
     </span>
    </p>
   </div>
   <div class='ocr_carea' id='block_1_72' title="bbox 2245 2805 3023 2878">
    <p class='ocr_par' dir='ltr' id='par_1_72' title="bbox 2245 2805 3023 2878">
     <span class='ocr_line' id='line_1_72' title="bbox 2245 2805 3023 2878; baseline 0.003 -17"><span class='ocrx_word' id='word_1_512' title='bbox 2245 2816 2467 2863; x_wconf 86' lang='lat' dir='ltr'><strong>mortem</strong></span> <span class='ocrx_word' id='word_1_513' title='bbox 2483 2805 2675 2863; x_wconf 67' lang='lat' dir='ltr'><strong>bibisse</strong></span> <span class='ocrx_word' id='word_1_514' title='bbox 2700 2807 3023 2878; x_wconf 71' lang='lat' dir='ltr'><strong>perhibetur.</strong></span> 
     </span>
    </p>
   </div>
   <div class='ocr_carea' id='block_1_73' title="bbox 2170 2916 3756 2976">
    <p class='ocr_par' dir='ltr' id='par_1_73' title="bbox 2170 2916 3756 2976">
     <span class='ocr_line' id='line_1_73' title="bbox 2170 2916 3756 2976; baseline -0.003 -3"><span class='ocrx_word' id='word_1_515' title='bbox 2170 2956 2171 2959; x_wconf 60' lang='grc' dir='ltr'><strong>η</strong></span> <span class='ocrx_word' id='word_1_516' title='bbox 2247 2918 2483 2975; x_wconf 86' lang='lat' dir='ltr'><strong>Dallaus</strong></span> <span class='ocrx_word' id='word_1_517' title='bbox 2537 2928 2600 2976; x_wconf 93' lang='lat' dir='ltr'><strong>ut</strong></span> <span class='ocrx_word' id='word_1_518' title='bbox 2654 2929 2937 2976; x_wconf 87' lang='lat' dir='ltr'><strong>auctorem</strong></span> <span class='ocrx_word' id='word_1_519' title='bbox 2988 2927 3239 2975; x_wconf 91' lang='lat' dir='ltr'><strong>nostrum</strong></span> <span class='ocrx_word' id='word_1_520' title='bbox 3287 2917 3532 2976; x_wconf 87' lang='lat' dir='ltr'><strong>omnium</strong></span> <span class='ocrx_word' id='word_1_521' title='bbox 3570 2916 3756 2973; x_wconf 87' lang='lat' dir='ltr'><strong>crimi-</strong></span> 
     </span>
    </p>
   </div>
   <div class='ocr_carea' id='block_1_74' title="bbox 2177 3008 3757 3079">
    <p class='ocr_par' dir='ltr' id='par_1_74' title="bbox 2177 3008 3757 3079">
     <span class='ocr_line' id='line_1_74' title="bbox 2177 3008 3757 3079; baseline -0.003 -13"><span class='ocrx_word' id='word_1_522' title='bbox 2177 3026 2311 3067; x_wconf 88' lang='lat' dir='ltr'><strong>num</strong></span> <span class='ocrx_word' id='word_1_523' title='bbox 2334 3026 2489 3067; x_wconf 86' lang='lat' dir='ltr'><strong>reum</strong></span> <span class='ocrx_word' id='word_1_524' title='bbox 2523 3011 2707 3079; x_wconf 87' lang='lat' dir='ltr'><strong>faciat,</strong></span> <span class='ocrx_word' id='word_1_525' title='bbox 2736 3012 2888 3067; x_wconf 92' lang='lat' dir='ltr'><strong>illum</strong></span> <span class='ocrx_word' id='word_1_526' title='bbox 2922 3011 3249 3067; x_wconf 87' lang='lat' dir='ltr'><strong>temeritatis</strong></span> <span class='ocrx_word' id='word_1_527' title='bbox 3272 3010 3331 3067; x_wconf 90' lang='lat' dir='ltr'><strong>in</strong></span> <span class='ocrx_word' id='word_1_528' title='bbox 3356 3024 3423 3066; x_wconf 91' lang='lat' dir='ltr'><strong>eo</strong></span> <span class='ocrx_word' id='word_1_529' title='bbox 3451 3008 3649 3065; x_wconf 86' lang='lat' dir='ltr'><strong>deinde</strong></span> <span class='ocrx_word' id='word_1_530' title='bbox 3668 3025 3757 3063; x_wconf 90' lang='lat' dir='ltr'><strong>ar-</strong></span> 
     </span>
    </p>
   </div>
   <div class='ocr_carea' id='block_1_75' title="bbox 2177 3102 3756 3175">
    <p class='ocr_par' dir='ltr' id='par_1_75' title="bbox 2177 3102 3756 3175">
     <span class='ocr_line' id='line_1_75' title="bbox 2177 3102 3756 3175; baseline 0 -18"><span class='ocrx_word' id='word_1_531' title='bbox 2177 3102 2316 3172; x_wconf 88' lang='lat' dir='ltr'><strong>guit,</strong></span> <span class='ocrx_word' id='word_1_532' title='bbox 2342 3103 2489 3175; x_wconf 90' lang='lat' dir='ltr'><strong>quod</strong></span> <span class='ocrx_word' id='word_1_533' title='bbox 2517 3104 2585 3160; x_wconf 92' lang='lat' dir='ltr'><strong>de</strong></span> <span class='ocrx_word' id='word_1_534' title='bbox 2609 3105 2766 3160; x_wconf 88' lang='lat' dir='ltr'><strong>stella</strong></span> <span class='ocrx_word' id='word_1_535' title='bbox 2784 3145 2801 3172; x_wconf 93' lang='lat'><strong>,</strong></span> <span class='ocrx_word' id='word_1_536' title='bbox 2835 3119 2981 3175; x_wconf 87' lang='lat' dir='ltr'><strong>qua,</strong></span> <span class='ocrx_word' id='word_1_537' title='bbox 3007 3103 3230 3160; x_wconf 90' lang='lat' dir='ltr'><strong>Christo</strong></span> <span class='ocrx_word' id='word_1_538' title='bbox 3258 3112 3549 3169; x_wconf 89' lang='lat' dir='ltr'><strong>nascente,</strong></span> <span class='ocrx_word' id='word_1_539' title='bbox 3588 3118 3756 3174; x_wconf 85' lang='lat' dir='ltr'><strong>appa-</strong></span> 
     </span>
    </p>
   </div>
   <div class='ocr_carea' id='block_1_76' title="bbox 2178 3195 3758 3267">
    <p class='ocr_par' dir='ltr' id='par_1_76' title="bbox 2178 3195 3758 3267">
     <span class='ocr_line' id='line_1_76' title="bbox 2178 3195 3758 3267; baseline -0.002 -16"><span class='ocrx_word' id='word_1_540' title='bbox 2178 3204 2385 3261; x_wconf 87' lang='lat' dir='ltr'><strong>ruerat,</strong></span> <span class='ocrx_word' id='word_1_541' title='bbox 2421 3196 2704 3267; x_wconf 88' lang='lat' dir='ltr'><strong>scripserit</strong></span> <span class='ocrx_word' id='word_1_542' title='bbox 2734 3197 2778 3239; x_wconf 58' lang='grc' dir='ltr'><strong>θ’</strong></span> <span class='ocrx_word' id='word_1_543' title='bbox 2811 3215 2825 3251; x_wconf 88' lang='lat'><strong>:</strong></span> <span class='ocrx_word' id='word_1_544' title='bbox 2856 3215 2876 3249; x_wconf 75' lang='grc' dir='ltr'>ι</span> <span class='ocrx_word' id='word_1_545' title='bbox 2914 3195 3082 3253; x_wconf 86' lang='lat' dir='ltr'><strong>Stella</strong></span> <span class='ocrx_word' id='word_1_546' title='bbox 3110 3198 3167 3252; x_wconf 91' lang='lat' dir='ltr'><strong>in</strong></span> <span class='ocrx_word' id='word_1_547' title='bbox 3204 3197 3347 3253; x_wconf 77' lang='lat' dir='ltr'><strong>calo</strong></span> <span class='ocrx_word' id='word_1_548' title='bbox 3370 3196 3548 3259; x_wconf 90' lang='lat' dir='ltr'><strong>fulsit,</strong></span> <span class='ocrx_word' id='word_1_549' title='bbox 3579 3195 3758 3266; x_wconf 88' lang='lat' dir='ltr'><strong>splen-</strong></span> 
     </span>
    </p>
   </div>
   <div class='ocr_carea' id='block_1_77' title="bbox 2174 3287 3754 3359">
    <p class='ocr_par' dir='ltr' id='par_1_77' title="bbox 2174 3287 3754 3359">
     <span class='ocr_line' id='line_1_77' title="bbox 2174 3287 3754 3359; baseline -0.001 -16"><span class='ocrx_word' id='word_1_550' title='bbox 2174 3287 2311 3344; x_wconf 90' lang='lat' dir='ltr'><strong>dore</strong></span> <span class='ocrx_word' id='word_1_551' title='bbox 2358 3303 2698 3359; x_wconf 83' lang='lat' dir='ltr'><strong>exsuperans</strong></span> <span class='ocrx_word' id='word_1_552' title='bbox 2730 3302 2923 3345; x_wconf 89' lang='lat' dir='ltr'><strong>omnes</strong></span> <span class='ocrx_word' id='word_1_553' title='bbox 2978 3289 3186 3352; x_wconf 88' lang='lat' dir='ltr'><strong>stellas,</strong></span> <span class='ocrx_word' id='word_1_554' title='bbox 3220 3296 3275 3343; x_wconf 91' lang='lat' dir='ltr'><strong>et</strong></span> <span class='ocrx_word' id='word_1_555' title='bbox 3302 3290 3397 3343; x_wconf 82' lang='lat' dir='ltr'><strong>lux</strong></span> <span class='ocrx_word' id='word_1_556' title='bbox 3429 3288 3579 3344; x_wconf 91' lang='lat' dir='ltr'><strong>illius</strong></span> <span class='ocrx_word' id='word_1_557' title='bbox 3614 3287 3754 3342; x_wconf 75' lang='lat' dir='ltr'><strong>inef-</strong></span> 
     </span>
    </p>
   </div>
   <div class='ocr_carea' id='block_1_78' title="bbox 2173 3378 3755 3451">
    <p class='ocr_par' dir='ltr' id='par_1_78' title="bbox 2173 3378 3755 3451">
     <span class='ocr_line' id='line_1_78' title="bbox 2173 3378 3755 3451; baseline -0.001 -16"><span class='ocrx_word' id='word_1_558' title='bbox 2173 3378 2357 3436; x_wconf 85' lang='lat' dir='ltr'><strong>fabilis</strong></span> <span class='ocrx_word' id='word_1_559' title='bbox 2371 3390 2509 3445; x_wconf 89' lang='lat' dir='ltr'><strong>erat,</strong></span> <span class='ocrx_word' id='word_1_560' title='bbox 2532 3399 2551 3432; x_wconf 78' lang='grc' dir='ltr'><strong><em>ι</em></strong></span> <span class='ocrx_word' id='word_1_561' title='bbox 2579 3389 2685 3436; x_wconf 87' lang='lat' dir='ltr'><strong>etc.</strong></span> <span class='ocrx_word' id='word_1_562' title='bbox 2714 3400 2733 3433; x_wconf 84' lang='grc'><strong>‹</strong></span> <span class='ocrx_word' id='word_1_563' title='bbox 2754 3379 2975 3447; x_wconf 88' lang='lat' dir='ltr'><strong>Omnia,</strong></span> <span class='ocrx_word' id='word_1_564' title='bbox 3010 3381 3187 3451; x_wconf 91' lang='lat' dir='ltr'><strong>inquit</strong></span> <span class='ocrx_word' id='word_1_565' title='bbox 3211 3379 3527 3447; x_wconf 80' lang='lat' dir='ltr'><strong>Dallaus,&quot;</strong></span> <span class='ocrx_word' id='word_1_566' title='bbox 3552 3394 3616 3435; x_wconf 82' lang='lat' dir='ltr'><strong>ex</strong></span> <span class='ocrx_word' id='word_1_567' title='bbox 3643 3394 3755 3435; x_wconf 91' lang='lat' dir='ltr'><strong>uno</strong></span> 
     </span>
    </p>
   </div>
   <div class='ocr_carea' id='block_1_79' title="bbox 2173 3470 3754 3542">
    <p class='ocr_par' dir='ltr' id='par_1_79' title="bbox 2173 3470 3754 3542">
     <span class='ocr_line' id='line_1_79' title="bbox 2173 3470 3754 3542; baseline -0.001 -16"><span class='ocrx_word' id='word_1_568' title='bbox 2173 3471 2335 3528; x_wconf 86' lang='lat' dir='ltr'><strong>istius</strong></span> <span class='ocrx_word' id='word_1_569' title='bbox 2363 3472 2589 3529; x_wconf 88' lang='lat' dir='ltr'><strong>cerebro</strong></span> <span class='ocrx_word' id='word_1_570' title='bbox 2618 3472 2891 3541; x_wconf 89' lang='lat' dir='ltr'><strong>prodiere,</strong></span> <span class='ocrx_word' id='word_1_571' title='bbox 2919 3488 2951 3527; x_wconf 90' lang='lat' dir='ltr'><strong>a</strong></span> <span class='ocrx_word' id='word_1_572' title='bbox 2990 3470 3274 3542; x_wconf 90' lang='lat' dir='ltr'><strong>Scriptura</strong></span> <span class='ocrx_word' id='word_1_573' title='bbox 3300 3471 3479 3526; x_wconf 89' lang='lat' dir='ltr'><strong>aliena</strong></span> <span class='ocrx_word' id='word_1_574' title='bbox 3498 3510 3512 3535; x_wconf 95' lang='lat'><strong>,</strong></span> <span class='ocrx_word' id='word_1_575' title='bbox 3538 3471 3609 3526; x_wconf 90' lang='lat' dir='ltr'><strong>ab</strong></span> <span class='ocrx_word' id='word_1_576' title='bbox 3635 3472 3754 3540; x_wconf 84' lang='lat' dir='ltr'><strong>ipso</strong></span> 
     </span>
    </p>
   </div>
   <div class='ocr_carea' id='block_1_80' title="bbox 2172 3562 3753 3633">
    <p class='ocr_par' dir='ltr' id='par_1_80' title="bbox 2172 3562 3753 3633">
     <span class='ocr_line' id='line_1_80' title="bbox 2172 3562 3753 3633; baseline 0.001 -16"><span class='ocrx_word' id='word_1_577' title='bbox 2172 3562 2340 3633; x_wconf 87' lang='lat' dir='ltr'><strong>hujus</strong></span> <span class='ocrx_word' id='word_1_578' title='bbox 2383 3563 2552 3619; x_wconf 89' lang='lat' dir='ltr'><strong>stella</strong></span> <span class='ocrx_word' id='word_1_579' title='bbox 2595 3579 2701 3619; x_wconf 90' lang='lat' dir='ltr'><strong>usu</strong></span> <span class='ocrx_word' id='word_1_580' title='bbox 2750 3564 3103 3620; x_wconf 89' lang='lat' dir='ltr'><strong>abhorrentia</strong></span> <span class='ocrx_word' id='word_1_581' title='bbox 3134 3604 3148 3630; x_wconf 92' lang='lat'><strong>,</strong></span> <span class='ocrx_word' id='word_1_582' title='bbox 3182 3564 3249 3619; x_wconf 88' lang='lat' dir='ltr'><strong>ad</strong></span> <span class='ocrx_word' id='word_1_583' title='bbox 3283 3563 3509 3618; x_wconf 92' lang='lat' dir='ltr'><strong>domum</strong></span> <span class='ocrx_word' id='word_1_584' title='bbox 3542 3562 3753 3619; x_wconf 87' lang='lat' dir='ltr'><strong>scilicet</strong></span> 
     </span>
    </p>
   </div>
   <div class='ocr_carea' id='block_1_81' title="bbox 2171 3654 3751 3725">
    <p class='ocr_par' dir='ltr' id='par_1_81' title="bbox 2171 3654 3751 3725">
     <span class='ocr_line' id='line_1_81' title="bbox 2171 3654 3751 3725; baseline 0.001 -16"><span class='ocrx_word' id='word_1_585' title='bbox 2171 3654 2512 3712; x_wconf 66' lang='lat' dir='ltr'><strong>Bcthlelremi</strong></span> <span class='ocrx_word' id='word_1_586' title='bbox 2557 3656 2929 3712; x_wconf 90' lang='lat' dir='ltr'><strong>indicandam.</strong></span> <span class='ocrx_word' id='word_1_587' title='bbox 2972 3674 2991 3708; x_wconf 71' lang='grc' dir='ltr'><strong><em>ι</em></strong></span> <span class='ocrx_word' id='word_1_588' title='bbox 3028 3655 3186 3722; x_wconf 86' lang='lat' dir='ltr'><strong>Quod</strong></span> <span class='ocrx_word' id='word_1_589' title='bbox 3231 3654 3453 3725; x_wconf 86' lang='lat' dir='ltr'><strong>quidem</strong></span> <span class='ocrx_word' id='word_1_590' title='bbox 3486 3655 3591 3710; x_wconf 88' lang='lat' dir='ltr'><strong>hac</strong></span> <span class='ocrx_word' id='word_1_591' title='bbox 3625 3670 3751 3724; x_wconf 84' lang='lat' dir='ltr'><strong>pro-</strong></span> 
     </span>
    </p>
   </div>
   <div class='ocr_carea' id='block_1_82' title="bbox 2175 3746 3751 3818">
    <p class='ocr_par' dir='ltr' id='par_1_82' title="bbox 2175 3746 3751 3818">
     <span class='ocr_line' id='line_1_82' title="bbox 2175 3746 3751 3818; baseline 0.001 -17"><span class='ocrx_word' id='word_1_592' title='bbox 2175 3748 2272 3803; x_wconf 90' lang='lat' dir='ltr'><strong>bat</strong></span> <span class='ocrx_word' id='word_1_593' title='bbox 2342 3747 2600 3803; x_wconf 84' lang='lat' dir='ltr'><strong>ratione:</strong></span> <span class='ocrx_word' id='word_1_594' title='bbox 2646 3766 2666 3800; x_wconf 75' lang='grc' dir='ltr'>ι</span> <span class='ocrx_word' id='word_1_595' title='bbox 2700 3746 3028 3804; x_wconf 82' lang='lat' dir='ltr'><strong>Ahsurditas</strong></span> <span class='ocrx_word' id='word_1_596' title='bbox 3088 3747 3213 3803; x_wconf 86' lang='lat' dir='ltr'><strong>inde</strong></span> <span class='ocrx_word' id='word_1_597' title='bbox 3275 3755 3441 3818; x_wconf 88' lang='lat' dir='ltr'><strong>patet,</strong></span> <span class='ocrx_word' id='word_1_598' title='bbox 3476 3747 3623 3818; x_wconf 88' lang='lat' dir='ltr'><strong>quod</strong></span> <span class='ocrx_word' id='word_1_599' title='bbox 3686 3763 3751 3802; x_wconf 85' lang='lat' dir='ltr'><strong>ea</strong></span> 
     </span>
    </p>
   </div>
   <div class='ocr_carea' id='block_1_83' title="bbox 2169 3836 3745 3910">
    <p class='ocr_par' dir='ltr' id='par_1_83' title="bbox 2169 3836 3745 3910">
     <span class='ocr_line' id='line_1_83' title="bbox 2169 3836 3745 3910; baseline -0.004 -13"><span class='ocrx_word' id='word_1_600' title='bbox 2169 3841 2615 3898; x_wconf 89' lang='lat' dir='ltr'><strong>Christianorum</strong></span> <span class='ocrx_word' id='word_1_601' title='bbox 2678 3840 3040 3910; x_wconf 91' lang='lat' dir='ltr'><strong>interpretum</strong></span> <span class='ocrx_word' id='word_1_602' title='bbox 3095 3853 3280 3905; x_wconf 90' lang='lat' dir='ltr'><strong>nemo,</strong></span> <span class='ocrx_word' id='word_1_603' title='bbox 3323 3838 3472 3909; x_wconf 91' lang='lat' dir='ltr'><strong>quod</strong></span> <span class='ocrx_word' id='word_1_604' title='bbox 3525 3836 3745 3907; x_wconf 82' lang='lat' dir='ltr'><strong>quidem</strong></span> 
     </span>
    </p>
   </div>
   <div class='ocr_carea' id='block_1_84' title="bbox 2169 3930 3746 4003">
    <p class='ocr_par' dir='ltr' id='par_1_84' title="bbox 2169 3930 3746 4003">
     <span class='ocr_line' id='line_1_84' title="bbox 2169 3930 3746 4003; baseline -0.006 -13"><span class='ocrx_word' id='word_1_605' title='bbox 2169 3934 2368 4000; x_wconf 83' lang='lat' dir='ltr'><strong>sciam,</strong></span> <span class='ocrx_word' id='word_1_606' title='bbox 2395 3941 2649 3999; x_wconf 89' lang='lat' dir='ltr'><strong>secutus,</strong></span> <span class='ocrx_word' id='word_1_607' title='bbox 2701 3932 2796 4003; x_wconf 91' lang='lat' dir='ltr'><strong>qui</strong></span> <span class='ocrx_word' id='word_1_608' title='bbox 2816 3940 2929 3987; x_wconf 90' lang='lat' dir='ltr'><strong>tam</strong></span> <span class='ocrx_word' id='word_1_609' title='bbox 2960 3931 3118 3987; x_wconf 93' lang='lat' dir='ltr'><strong>multi</strong></span> <span class='ocrx_word' id='word_1_610' title='bbox 3142 3932 3210 3987; x_wconf 87' lang='lat' dir='ltr'><strong>de</strong></span> <span class='ocrx_word' id='word_1_611' title='bbox 3237 3931 3330 3991; x_wconf 87' lang='lat' dir='ltr'><strong>illa</strong></span> <span class='ocrx_word' id='word_1_612' title='bbox 3361 3930 3517 3986; x_wconf 89' lang='lat' dir='ltr'><strong>stella</strong></span> <span class='ocrx_word' id='word_1_613' title='bbox 3539 3932 3746 4001; x_wconf 86' lang='lat' dir='ltr'><strong>aliquid</strong></span> 
     </span>
    </p>
   </div>
   <div class='ocr_carea' id='block_1_85' title="bbox 2170 4021 3749 4090">
    <p class='ocr_par' dir='ltr' id='par_1_85' title="bbox 2170 4021 3749 4090">
     <span class='ocr_line' id='line_1_85' title="bbox 2170 4021 3749 4090; baseline -0.003 -9"><span class='ocrx_word' id='word_1_614' title='bbox 2170 4025 2528 4081; x_wconf 88' lang='lat' dir='ltr'><strong>commentati</strong></span> <span class='ocrx_word' id='word_1_615' title='bbox 2552 4033 2702 4081; x_wconf 88' lang='lat' dir='ltr'><strong>sunt.</strong></span> <span class='ocrx_word' id='word_1_616' title='bbox 2734 4043 2753 4077; x_wconf 75' lang='grc' dir='ltr'><strong>ι</strong></span> <span class='ocrx_word' id='word_1_617' title='bbox 2784 4022 2919 4090; x_wconf 88' lang='lat' dir='ltr'><strong>Quis</strong></span> <span class='ocrx_word' id='word_1_618' title='bbox 2952 4038 3060 4078; x_wconf 91' lang='lat' dir='ltr'><strong>non</strong></span> <span class='ocrx_word' id='word_1_619' title='bbox 3085 4024 3316 4079; x_wconf 90' lang='lat' dir='ltr'><strong>miretur</strong></span> <span class='ocrx_word' id='word_1_620' title='bbox 3343 4021 3603 4077; x_wconf 75' lang='lat' dir='ltr'><strong>Dallaum</strong></span> <span class='ocrx_word' id='word_1_621' title='bbox 3630 4037 3749 4076; x_wconf 86' lang='lat' dir='ltr'><strong>om-</strong></span> 
     </span>
    </p>
   </div>
   <div class='ocr_carea' id='block_1_86' title="bbox 2171 4112 3745 4186">
    <p class='ocr_par' dir='ltr' id='par_1_86' title="bbox 2171 4112 3745 4186">
     <span class='ocr_line' id='line_1_86' title="bbox 2171 4112 3745 4186; baseline -0.002 -17"><span class='ocrx_word' id='word_1_622' title='bbox 2171 4116 2383 4186; x_wconf 86' lang='lat' dir='ltr'><strong>nigena</strong></span> <span class='ocrx_word' id='word_1_623' title='bbox 2403 4114 2675 4181; x_wconf 89' lang='lat' dir='ltr'><strong>lectionis,</strong></span> <span class='ocrx_word' id='word_1_624' title='bbox 2700 4122 2763 4170; x_wconf 91' lang='lat' dir='ltr'><strong>ut</strong></span> <span class='ocrx_word' id='word_1_625' title='bbox 2788 4113 2894 4170; x_wconf 89' lang='lat' dir='ltr'><strong>sibi</strong></span> <span class='ocrx_word' id='word_1_626' title='bbox 2923 4112 3142 4183; x_wconf 90' lang='lat' dir='ltr'><strong>quidem</strong></span> <span class='ocrx_word' id='word_1_627' title='bbox 3181 4114 3416 4179; x_wconf 88' lang='lat' dir='ltr'><strong>videtur,</strong></span> <span class='ocrx_word' id='word_1_628' title='bbox 3446 4113 3745 4177; x_wconf 89' lang='lat' dir='ltr'><strong>hominem,</strong></span> 
     </span>
    </p>
   </div>
   <div class='ocr_carea' id='block_1_87' title="bbox 2170 4202 3747 4277">
    <p class='ocr_par' dir='ltr' id='par_1_87' title="bbox 2170 4202 3747 4277">
     <span class='ocr_line' id='line_1_87' title="bbox 2170 4202 3747 4277; baseline -0.003 -16"><span class='ocrx_word' id='word_1_629' title='bbox 2170 4208 2414 4263; x_wconf 89' lang='lat' dir='ltr'><strong>nescisse</strong></span> <span class='ocrx_word' id='word_1_630' title='bbox 2446 4205 2593 4277; x_wconf 91' lang='lat' dir='ltr'><strong>apud</strong></span> <span class='ocrx_word' id='word_1_631' title='bbox 2620 4204 2959 4261; x_wconf 88' lang='lat' dir='ltr'><strong>Clementem</strong></span> <span class='ocrx_word' id='word_1_632' title='bbox 2974 4202 3406 4259; x_wconf 82' lang='lat' dir='ltr'><strong>Alexandrinum</strong></span> <span class='ocrx_word' id='word_1_633' title='bbox 3433 4218 3530 4259; x_wconf 89' lang='lat' dir='ltr'><strong>seu</strong></span> <span class='ocrx_word' id='word_1_634' title='bbox 3559 4212 3747 4258; x_wconf 90' lang='lat' dir='ltr'><strong>aucto-</strong></span> 
     </span>
    </p>
   </div>
   <div class='ocr_carea' id='block_1_88' title="bbox 2167 4294 3745 4368">
    <p class='ocr_par' dir='ltr' id='par_1_88' title="bbox 2167 4294 3745 4368">
     <span class='ocr_line' id='line_1_88' title="bbox 2167 4294 3745 4368; baseline -0.004 -14"><span class='ocrx_word' id='word_1_635' title='bbox 2167 4314 2284 4355; x_wconf 90' lang='lat' dir='ltr'><strong>rem</strong></span> <span class='ocrx_word' id='word_1_636' title='bbox 2317 4298 2592 4367; x_wconf 73' lang='lat' dir='ltr'><strong>Excerpt.,</strong></span> <span class='ocrx_word' id='word_1_637' title='bbox 2621 4297 2862 4355; x_wconf 88' lang='lat' dir='ltr'><strong>Leonem</strong></span> <span class='ocrx_word' id='word_1_638' title='bbox 2894 4295 3150 4368; x_wconf 83' lang='lat' dir='ltr'><strong>Magnum</strong></span> <span class='ocrx_word' id='word_1_639' title='bbox 3194 4310 3363 4351; x_wconf 89' lang='lat' dir='ltr'><strong>serm.</strong></span> <span class='ocrx_word' id='word_1_640' title='bbox 3396 4295 3422 4349; x_wconf 82' lang='grc'><strong>1</strong></span> <span class='ocrx_word' id='word_1_641' title='bbox 3455 4294 3533 4350; x_wconf 86' lang='lat' dir='ltr'><strong>De</strong></span> <span class='ocrx_word' id='word_1_642' title='bbox 3555 4296 3745 4361; x_wconf 82' lang='lat' dir='ltr'><strong>nativ.,</strong></span> 
     </span>
    </p>
   </div>
   <div class='ocr_carea' id='block_1_89' title="bbox 2168 4388 3741 4460">
    <p class='ocr_par' dir='ltr' id='par_1_89' title="bbox 2168 4388 3741 4460">
     <span class='ocr_line' id='line_1_89' title="bbox 2168 4388 3741 4460; baseline -0.004 -13"><span class='ocrx_word' id='word_1_643' title='bbox 2168 4391 2466 4447; x_wconf 76' lang='lat' dir='ltr'><strong>Maximum</strong></span> <span class='ocrx_word' id='word_1_644' title='bbox 2501 4406 2668 4446; x_wconf 90' lang='lat' dir='ltr'><strong>serm.</strong></span> <span class='ocrx_word' id='word_1_645' title='bbox 2696 4391 2751 4457; x_wconf 78' lang='lat'><strong>5,</strong></span> <span class='ocrx_word' id='word_1_646' title='bbox 2779 4405 2882 4446; x_wconf 88' lang='lat' dir='ltr'><strong>nec</strong></span> <span class='ocrx_word' id='word_1_647' title='bbox 2914 4403 3025 4445; x_wconf 91' lang='lat' dir='ltr'><strong>non</strong></span> <span class='ocrx_word' id='word_1_648' title='bbox 3051 4388 3507 4460; x_wconf 85' lang='lat' dir='ltr'><strong>Chrysostomum</strong></span> <span class='ocrx_word' id='word_1_649' title='bbox 3554 4388 3741 4443; x_wconf 89' lang='lat' dir='ltr'><strong>homil.</strong></span> 
     </span>
    </p>
   </div>
   <div class='ocr_carea' id='block_1_90' title="bbox 2171 4480 3743 4553">
    <p class='ocr_par' dir='ltr' id='par_1_90' title="bbox 2171 4480 3743 4553">
     <span class='ocr_line' id='line_1_90' title="bbox 2171 4480 3743 4553; baseline -0.003 -15"><span class='ocrx_word' id='word_1_650' title='bbox 2171 4485 2204 4538; x_wconf 88' lang='lat'><strong><em>6</em></strong></span> <span class='ocrx_word' id='word_1_651' title='bbox 2235 4486 2293 4540; x_wconf 83' lang='lat' dir='ltr'><strong>in</strong></span> <span class='ocrx_word' id='word_1_652' title='bbox 2324 4483 2545 4551; x_wconf 56' lang='lat' dir='ltr'><strong>Matth,</strong></span> <span class='ocrx_word' id='word_1_653' title='bbox 2568 4484 2759 4541; x_wconf 81' lang='lat' dir='ltr'><strong>eadem</strong></span> <span class='ocrx_word' id='word_1_654' title='bbox 2790 4482 2879 4538; x_wconf 91' lang='lat' dir='ltr'><strong>vel</strong></span> <span class='ocrx_word' id='word_1_655' title='bbox 2907 4482 3063 4553; x_wconf 87' lang='lat' dir='ltr'><strong>plura</strong></span> <span class='ocrx_word' id='word_1_656' title='bbox 3085 4481 3289 4538; x_wconf 90' lang='lat' dir='ltr'><strong>similia</strong></span> <span class='ocrx_word' id='word_1_657' title='bbox 3316 4481 3384 4536; x_wconf 92' lang='lat' dir='ltr'><strong>de</strong></span> <span class='ocrx_word' id='word_1_658' title='bbox 3417 4480 3584 4551; x_wconf 87' lang='lat' dir='ltr'><strong>hujus</strong></span> <span class='ocrx_word' id='word_1_659' title='bbox 3620 4480 3743 4536; x_wconf 89' lang='lat' dir='ltr'><strong>stel-</strong></span> 
     </span>
    </p>
   </div>
   <div class='ocr_carea' id='block_1_91' title="bbox 485 4572 3741 4649">
    <p class='ocr_par' dir='ltr' id='par_1_91' title="bbox 485 4572 3741 4649">
     <span class='ocr_line' id='line_1_91' title="bbox 485 4572 3741 4649; baseline -0.001 -19"><span class='ocrx_word' id='word_1_660' title='bbox 485 4575 731 4646; x_wconf 81' lang='lat' dir='ltr'><strong>spirasse</strong></span> <span class='ocrx_word' id='word_1_661' title='bbox 752 4616 769 4643; x_wconf 90' lang='lat'><strong>,</strong></span> <span class='ocrx_word' id='word_1_662' title='bbox 802 4584 863 4630; x_wconf 90' lang='lat' dir='ltr'><strong>ut</strong></span> <span class='ocrx_word' id='word_1_663' title='bbox 883 4590 997 4643; x_wconf 89' lang='lat' dir='ltr'><strong>eos,</strong></span> <span class='ocrx_word' id='word_1_664' title='bbox 1031 4575 1184 4630; x_wconf 89' lang='lat' dir='ltr'><strong>nullo</strong></span> <span class='ocrx_word' id='word_1_665' title='bbox 1216 4575 1440 4631; x_wconf 88' lang='lat' dir='ltr'><strong>homine</strong></span> <span class='ocrx_word' id='word_1_666' title='bbox 1463 4576 1799 4632; x_wconf 87' lang='lat' dir='ltr'><strong>reclamante</strong></span> <span class='ocrx_word' id='word_1_667' title='bbox 1821 4616 1835 4642; x_wconf 94' lang='lat'><strong>,</strong></span> <span class='ocrx_word' id='word_1_668' title='bbox 1864 4576 2060 4647; x_wconf 87' lang='lat' dir='ltr'><strong>depra-</strong></span> <span class='ocrx_word' id='word_1_669' title='bbox 2092 4575 2137 4630; x_wconf 92' lang='lat' dir='ltr'><strong>D</strong></span> <span class='ocrx_word' id='word_1_670' title='bbox 2166 4578 2234 4633; x_wconf 86' lang='lat' dir='ltr'><strong>la</strong></span> <span class='ocrx_word' id='word_1_671' title='bbox 2273 4576 2616 4649; x_wconf 86' lang='lat' dir='ltr'><strong>apparitione</strong></span> <span class='ocrx_word' id='word_1_672' title='bbox 2646 4591 2758 4632; x_wconf 91' lang='lat' dir='ltr'><strong>non</strong></span> <span class='ocrx_word' id='word_1_673' title='bbox 2805 4592 2965 4633; x_wconf 91' lang='lat' dir='ltr'><strong>secus</strong></span> <span class='ocrx_word' id='word_1_674' title='bbox 2995 4584 3161 4645; x_wconf 87' lang='lat' dir='ltr'><strong>atque</strong></span> <span class='ocrx_word' id='word_1_675' title='bbox 3185 4572 3329 4647; x_wconf 86' lang='lat' dir='ltr'><strong>apud</strong></span> <span class='ocrx_word' id='word_1_676' title='bbox 3354 4572 3622 4644; x_wconf 89' lang='lat' dir='ltr'><strong>lgnatium</strong></span> <span class='ocrx_word' id='word_1_677' title='bbox 3654 4590 3741 4628; x_wconf 87' lang='lat' dir='ltr'><strong>re-</strong></span> 
     </span>
    </p>
   </div>
   <div class='ocr_carea' id='block_1_92' title="bbox 485 4667 2065 4740">
    <p class='ocr_par' dir='ltr' id='par_1_92' title="bbox 485 4667 2065 4740">
     <span class='ocr_line' id='line_1_92' title="bbox 485 4667 2065 4740; baseline 0.002 -19"><span class='ocrx_word' id='word_1_678' title='bbox 485 4668 739 4722; x_wconf 89' lang='lat' dir='ltr'><strong>vaverint</strong></span> <span class='ocrx_word' id='word_1_679' title='bbox 797 4677 961 4738; x_wconf 88' lang='lat' dir='ltr'><strong>atque</strong></span> <span class='ocrx_word' id='word_1_680' title='bbox 1022 4667 1426 4724; x_wconf 85' lang='lat' dir='ltr'><strong>adulterarint?</strong></span> <span class='ocrx_word' id='word_1_681' title='bbox 1491 4667 1736 4739; x_wconf 90' lang='lat' dir='ltr'><strong>Denique</strong></span> <span class='ocrx_word' id='word_1_682' title='bbox 1787 4670 2065 4740; x_wconf 89' lang='lat' dir='ltr'><strong>quomodo</strong></span> 
     </span>
    </p>
   </div>
   <div class='ocr_carea' id='block_1_93' title="bbox 486 4760 2068 4827">
    <p class='ocr_par' dir='ltr' id='par_1_93' title="bbox 486 4760 2068 4827">
     <span class='ocr_line' id='line_1_93' title="bbox 486 4760 2068 4827; baseline 0.003 -12"><span class='ocrx_word' id='word_1_683' title='bbox 486 4760 743 4827; x_wconf 85' lang='lat' dir='ltr'><strong>Ruﬁnus,</strong></span> <span class='ocrx_word' id='word_1_684' title='bbox 798 4770 852 4818; x_wconf 89' lang='lat' dir='ltr'><strong>et</strong></span> <span class='ocrx_word' id='word_1_685' title='bbox 881 4774 1243 4816; x_wconf 90' lang='lat' dir='ltr'><strong>amanuenses</strong></span> <span class='ocrx_word' id='word_1_686' title='bbox 1287 4760 1495 4817; x_wconf 88' lang='lat' dir='ltr'><strong>librarii</strong></span> <span class='ocrx_word' id='word_1_687' title='bbox 1524 4760 1762 4817; x_wconf 89' lang='lat' dir='ltr'><strong>Eusebio</strong></span> <span class='ocrx_word' id='word_1_688' title='bbox 1798 4762 2068 4819; x_wconf 84' lang='lat' dir='ltr'><strong>oculatio—</strong></span> 
     </span>
    </p>
   </div>
   <div class='ocr_carea' id='block_1_94' title="bbox 484 4853 2062 4925">
    <p class='ocr_par' dir='ltr' id='par_1_94' title="bbox 484 4853 2062 4925">
     <span class='ocr_line' id='line_1_94' title="bbox 484 4853 2062 4925; baseline 0.002 -18"><span class='ocrx_word' id='word_1_689' title='bbox 484 4871 575 4910; x_wconf 81' lang='lat' dir='ltr'><strong>res</strong></span> <span class='ocrx_word' id='word_1_690' title='bbox 603 4864 658 4910; x_wconf 90' lang='lat' dir='ltr'><strong>et</strong></span> <span class='ocrx_word' id='word_1_691' title='bbox 687 4855 964 4910; x_wconf 91' lang='lat' dir='ltr'><strong>doctiores</strong></span> <span class='ocrx_word' id='word_1_692' title='bbox 991 4855 1066 4908; x_wconf 88' lang='lat' dir='ltr'><strong>ita</strong></span> <span class='ocrx_word' id='word_1_693' title='bbox 1091 4853 1347 4923; x_wconf 90' lang='lat' dir='ltr'><strong>fuerunt;</strong></span> <span class='ocrx_word' id='word_1_694' title='bbox 1379 4865 1439 4911; x_wconf 91' lang='lat' dir='ltr'><strong>ut</strong></span> <span class='ocrx_word' id='word_1_695' title='bbox 1467 4856 1614 4925; x_wconf 90' lang='lat' dir='ltr'><strong>quod</strong></span> <span class='ocrx_word' id='word_1_696' title='bbox 1647 4854 1737 4910; x_wconf 91' lang='lat' dir='ltr'><strong>ille</strong></span> <span class='ocrx_word' id='word_1_697' title='bbox 1764 4856 2062 4922; x_wconf 89' lang='lat' dir='ltr'><strong>nescierit,</strong></span> 
     </span>
    </p>
   </div>
   <div class='ocr_carea' id='block_1_95' title="bbox 485 4942 2064 5018">
    <p class='ocr_par' dir='ltr' id='par_1_95' title="bbox 485 4942 2064 5018">
     <span class='ocr_line' id='line_1_95' title="bbox 485 4942 2064 5018; baseline 0.001 -18"><span class='ocrx_word' id='word_1_698' title='bbox 485 4947 563 5000; x_wconf 91' lang='lat' dir='ltr'><strong>illi</strong></span> <span class='ocrx_word' id='word_1_699' title='bbox 619 4947 926 5003; x_wconf 89' lang='lat' dir='ltr'><strong>certissime</strong></span> <span class='ocrx_word' id='word_1_700' title='bbox 968 4946 1309 5018; x_wconf 84' lang='lat' dir='ltr'><strong>agnoverint,</strong></span> <span class='ocrx_word' id='word_1_701' title='bbox 1350 4962 1538 5001; x_wconf 88' lang='lat' dir='ltr'><strong>vocem</strong></span> <span class='ocrx_word' id='word_1_702' title='bbox 1562 4942 1705 5001; x_wconf 81' lang='grc' dir='ltr'><strong>εἶδον</strong></span> <span class='ocrx_word' id='word_1_703' title='bbox 1739 4947 1809 5003; x_wconf 88' lang='lat' dir='ltr'><strong>de</strong></span> <span class='ocrx_word' id='word_1_704' title='bbox 1851 4945 2064 5017; x_wconf 89' lang='lat' dir='ltr'><strong>Ignatio</strong></span> 
     </span>
    </p>
   </div>
   <div class='ocr_carea' id='block_1_96' title="bbox 482 5036 2061 5109">
    <p class='ocr_par' dir='ltr' id='par_1_96' title="bbox 482 5036 2061 5109">
     <span class='ocr_line' id='line_1_96' title="bbox 482 5036 2061 5109; baseline 0.002 -15"><span class='ocrx_word' id='word_1_705' title='bbox 482 5040 703 5109; x_wconf 86' lang='lat' dir='ltr'><strong>penitus</strong></span> <span class='ocrx_word' id='word_1_706' title='bbox 755 5040 922 5095; x_wconf 90' lang='lat' dir='ltr'><strong>scribi</strong></span> <span class='ocrx_word' id='word_1_707' title='bbox 982 5053 1091 5095; x_wconf 90' lang='lat' dir='ltr'><strong>non</strong></span> <span class='ocrx_word' id='word_1_708' title='bbox 1130 5038 1393 5107; x_wconf 92' lang='lat' dir='ltr'><strong>potuisse.</strong></span> <span class='ocrx_word' id='word_1_709' title='bbox 1418 5036 1537 5094; x_wconf 91' lang='lat' dir='ltr'><strong>Huc</strong></span> <span class='ocrx_word' id='word_1_710' title='bbox 1570 5038 1711 5094; x_wconf 89' lang='lat' dir='ltr'><strong>adde</strong></span> <span class='ocrx_word' id='word_1_711' title='bbox 1748 5039 2061 5097; x_wconf 87' lang='lat' dir='ltr'><strong>eruditissi-</strong></span> 
     </span>
    </p>
   </div>
   <div class='ocr_carea' id='block_1_97' title="bbox 486 5128 2054 5187">
    <p class='ocr_par' dir='ltr' id='par_1_97' title="bbox 486 5128 2054 5187">
     <span class='ocr_line' id='line_1_97' title="bbox 486 5128 2054 5187; baseline 0 -2"><span class='ocrx_word' id='word_1_712' title='bbox 486 5147 635 5186; x_wconf 92' lang='lat' dir='ltr'><strong>mum</strong></span> <span class='ocrx_word' id='word_1_713' title='bbox 661 5131 1069 5187; x_wconf 85' lang='lat' dir='ltr'><strong>Theodoretum</strong></span> <span class='ocrx_word' id='word_1_714' title='bbox 1102 5130 1156 5184; x_wconf 89' lang='lat' dir='ltr'><strong>in</strong></span> <span class='ocrx_word' id='word_1_715' title='bbox 1186 5128 1373 5185; x_wconf 85' lang='lat' dir='ltr'><strong>Graca</strong></span> <span class='ocrx_word' id='word_1_716' title='bbox 1396 5129 1617 5185; x_wconf 90' lang='lat' dir='ltr'><strong>Eusebii</strong></span> <span class='ocrx_word' id='word_1_717' title='bbox 1651 5129 1890 5186; x_wconf 88' lang='lat' dir='ltr'><strong>Historia</strong></span> <span class='ocrx_word' id='word_1_718' title='bbox 1920 5146 2054 5186; x_wconf 91' lang='lat' dir='ltr'><strong>con-</strong></span> 
     </span>
    </p>
   </div>
   <div class='ocr_carea' id='block_1_98' title="bbox 484 5217 2058 5295">
    <p class='ocr_par' dir='ltr' id='par_1_98' title="bbox 484 5217 2058 5295">
     <span class='ocr_line' id='line_1_98' title="bbox 484 5217 2058 5295; baseline -0.002 -16"><span class='ocrx_word' id='word_1_719' title='bbox 484 5233 694 5280; x_wconf 88' lang='lat' dir='ltr'><strong>stanter</strong></span> <span class='ocrx_word' id='word_1_720' title='bbox 749 5224 946 5295; x_wconf 76' lang='lat' dir='ltr'><strong>legisse</strong></span> <span class='ocrx_word' id='word_1_721' title='bbox 1000 5217 1141 5289; x_wconf 78' lang='grc' dir='ltr'><strong>οἶδα,</strong></span> <span class='ocrx_word' id='word_1_722' title='bbox 1177 5230 1233 5277; x_wconf 93' lang='lat' dir='ltr'><strong>et</strong></span> <span class='ocrx_word' id='word_1_723' title='bbox 1259 5223 1612 5292; x_wconf 84' lang='lat' dir='ltr'><strong>pervolutatis</strong></span> <span class='ocrx_word' id='word_1_724' title='bbox 1652 5221 1849 5293; x_wconf 86' lang='lat' dir='ltr'><strong>Ignatii</strong></span> <span class='ocrx_word' id='word_1_725' title='bbox 1882 5223 2058 5278; x_wconf 89' lang='lat' dir='ltr'><strong>nostri</strong></span> 
     </span>
    </p>
   </div>
   <div class='ocr_carea' id='block_1_99' title="bbox 489 5314 2059 5386">
    <p class='ocr_par' dir='ltr' id='par_1_99' title="bbox 489 5314 2059 5386">
     <span class='ocr_line' id='line_1_99' title="bbox 489 5314 2059 5386; baseline -0.003 -13"><span class='ocrx_word' id='word_1_726' title='bbox 489 5316 749 5386; x_wconf 76' lang='lat' dir='ltr'><strong>epistolis,</strong></span> <span class='ocrx_word' id='word_1_727' title='bbox 796 5316 934 5370; x_wconf 92' lang='lat' dir='ltr'><strong>nihil</strong></span> <span class='ocrx_word' id='word_1_728' title='bbox 973 5315 1029 5369; x_wconf 91' lang='lat' dir='ltr'><strong>in</strong></span> <span class='ocrx_word' id='word_1_729' title='bbox 1068 5314 1287 5371; x_wconf 86' lang='lat' dir='ltr'><strong>Eusebii</strong></span> <span class='ocrx_word' id='word_1_730' title='bbox 1336 5323 1487 5370; x_wconf 79' lang='lat' dir='ltr'><strong>textu</strong></span> <span class='ocrx_word' id='word_1_731' title='bbox 1516 5315 1944 5386; x_wconf 88' lang='lat' dir='ltr'><strong>deprehendisse</strong></span> <span class='ocrx_word' id='word_1_732' title='bbox 1972 5316 2059 5371; x_wconf 87' lang='lat' dir='ltr'><strong>vel</strong></span> 
     </span>
    </p>
   </div>
   <div class='ocr_carea' id='block_1_100' title="bbox 489 5408 1409 5480">
    <p class='ocr_par' dir='ltr' id='par_1_100' title="bbox 489 5408 1409 5480">
     <span class='ocr_line' id='line_1_100' title="bbox 489 5408 1409 5480; baseline -0.001 -17"><span class='ocrx_word' id='word_1_733' title='bbox 489 5409 709 5463; x_wconf 79' lang='lat' dir='ltr'><strong>minima</strong></span> <span class='ocrx_word' id='word_1_734' title='bbox 740 5408 1095 5480; x_wconf 87' lang='lat' dir='ltr'><strong>corruptione</strong></span> <span class='ocrx_word' id='word_1_735' title='bbox 1122 5408 1409 5466; x_wconf 68' lang='lat' dir='ltr'><strong>foedatum.</strong></span> 
     </span>
    </p>
   </div>
   <div class='ocr_carea' id='block_1_101' title="bbox 551 5500 2056 5574">
    <p class='ocr_par' dir='ltr' id='par_1_101' title="bbox 551 5500 2056 5574">
     <span class='ocr_line' id='line_1_101' title="bbox 551 5500 2056 5574; baseline 0.003 -19"><span class='ocrx_word' id='word_1_736' title='bbox 551 5501 633 5556; x_wconf 81' lang='lat' dir='ltr'><strong>Ad</strong></span> <span class='ocrx_word' id='word_1_737' title='bbox 693 5500 1108 5573; x_wconf 87' lang='lat' dir='ltr'><strong>Hieronymum,</strong></span> <span class='ocrx_word' id='word_1_738' title='bbox 1141 5510 1490 5573; x_wconf 89' lang='lat' dir='ltr'><strong>veteremque</strong></span> <span class='ocrx_word' id='word_1_739' title='bbox 1539 5501 1732 5574; x_wconf 85' lang='lat' dir='ltr'><strong>lgnatii</strong></span> <span class='ocrx_word' id='word_1_740' title='bbox 1784 5503 2056 5574; x_wconf 82' lang='lat' dir='ltr'><strong>interpre-</strong></span> 
     </span>
    </p>
   </div>
   <div class='ocr_carea' id='block_1_102' title="bbox 482 5593 2051 5667">
    <p class='ocr_par' dir='ltr' id='par_1_102' title="bbox 482 5593 2051 5667">
     <span class='ocr_line' id='line_1_102' title="bbox 482 5593 2051 5667; baseline 0.003 -20"><span class='ocrx_word' id='word_1_741' title='bbox 482 5601 591 5648; x_wconf 90' lang='lat' dir='ltr'><strong>tem</strong></span> <span class='ocrx_word' id='word_1_742' title='bbox 619 5594 766 5667; x_wconf 89' lang='lat' dir='ltr'><strong>quod</strong></span> <span class='ocrx_word' id='word_1_743' title='bbox 793 5604 1021 5666; x_wconf 85' lang='lat' dir='ltr'><strong>spectat,</strong></span> <span class='ocrx_word' id='word_1_744' title='bbox 1052 5593 1195 5667; x_wconf 87' lang='lat' dir='ltr'><strong>apud</strong></span> <span class='ocrx_word' id='word_1_745' title='bbox 1216 5609 1309 5650; x_wconf 87' lang='lat' dir='ltr'><strong>eos</strong></span> <span class='ocrx_word' id='word_1_746' title='bbox 1328 5595 1566 5651; x_wconf 89' lang='lat' dir='ltr'><strong>occurrit</strong></span> <span class='ocrx_word' id='word_1_747' title='bbox 1586 5596 1803 5665; x_wconf 90' lang='lat' dir='ltr'><strong>quidem</strong></span> <span class='ocrx_word' id='word_1_748' title='bbox 1824 5596 2051 5653; x_wconf 89' lang='lat' dir='ltr'><strong>verbum</strong></span> 
     </span>
    </p>
   </div>
   <div class='ocr_carea' id='block_1_103' title="bbox 550 5809 2069 5909">
    <p class='ocr_par' dir='ltr' id='par_1_103' title="bbox 550 5809 2069 5909">
     <span class='ocr_line' id='line_1_103' title="bbox 550 5809 2069 5909; baseline -0.004 -16"><span class='ocrx_word' id='word_1_749' title='bbox 550 5837 593 5867; x_wconf 61' lang='grc' dir='ltr'><strong>δ”</strong></span> <span class='ocrx_word' id='word_1_750' title='bbox 636 5836 781 5893; x_wconf 79' lang='lat' dir='ltr'><strong>Orat.</strong></span> <span class='ocrx_word' id='word_1_751' title='bbox 809 5836 863 5891; x_wconf 84' lang='lat' dir='ltr'><strong>in</strong></span> <span class='ocrx_word' id='word_1_752' title='bbox 894 5834 1072 5909; x_wconf 84' lang='lat' dir='ltr'><strong>Ignat.</strong></span> <span class='ocrx_word' id='word_1_753' title='bbox 1109 5809 1113 5812; x_wconf 13' lang='grc' dir='ltr'>ν</span> <span class='ocrx_word' id='word_1_754' title='bbox 1149 5837 1191 5872; x_wconf 75' lang='grc'><strong>⁸³</strong></span> <span class='ocrx_word' id='word_1_755' title='bbox 1224 5852 1345 5907; x_wconf 81' lang='lat' dir='ltr'><strong>pag.</strong></span> <span class='ocrx_word' id='word_1_756' title='bbox 1373 5837 1496 5893; x_wconf 75' lang='lat' dir='ltr'><strong>56L</strong></span> <span class='ocrx_word' id='word_1_757' title='bbox 1574 5837 1619 5870; x_wconf 67' lang='grc'><strong>*³³</strong></span> <span class='ocrx_word' id='word_1_758' title='bbox 1654 5834 1823 5906; x_wconf 78' lang='lat' dir='ltr'><strong>Epist.</strong></span> <span class='ocrx_word' id='word_1_759' title='bbox 1857 5842 1923 5891; x_wconf 75' lang='lat' dir='ltr'><strong>ad</strong></span> <span class='ocrx_word' id='word_1_760' title='bbox 1961 5830 2069 5904; x_wconf 76' lang='lat' dir='ltr'><strong>Eph</strong></span> 
     </span>
    </p>
   </div>
   <div class='ocr_carea' id='block_1_104' title="bbox 2174 5809 2787 5909">
    <p class='ocr_par' dir='ltr' id='par_1_104' title="bbox 2226 5834 2787 5908">
     <span class='ocr_line' id='line_1_104' title="bbox 2226 5834 2787 5908; baseline -0.004 -15"><span class='ocrx_word' id='word_1_761' title='bbox 2226 5836 2269 5867; x_wconf 64' lang='lat'><strong>9’</strong></span> <span class='ocrx_word' id='word_1_762' title='bbox 2303 5852 2419 5908; x_wconf 78' lang='lat' dir='ltr'><strong>cap.</strong></span> <span class='ocrx_word' id='word_1_763' title='bbox 2450 5834 2539 5905; x_wconf 69' lang='lat'><strong>’2),</strong></span> <span class='ocrx_word' id='word_1_764' title='bbox 2565 5852 2615 5906; x_wconf 86' lang='lat' dir='ltr'><strong>p.</strong></span> <span class='ocrx_word' id='word_1_765' title='bbox 2662 5836 2787 5893; x_wconf 77' lang='grc'><strong>565.</strong></span> 
     </span>
    </p>
   </div>
   <div class='ocr_carea' id='block_1_105' title="bbox 2168 4665 3739 4739">
    <p class='ocr_par' dir='ltr' id='par_1_105' title="bbox 2168 4665 3739 4739">
     <span class='ocr_line' id='line_1_105' title="bbox 2168 4665 3739 4739; baseline -0.003 -14"><span class='ocrx_word' id='word_1_766' title='bbox 2168 4670 2354 4739; x_wconf 90' lang='lat' dir='ltr'><strong>periri.</strong></span> <span class='ocrx_word' id='word_1_767' title='bbox 2384 4668 2541 4736; x_wconf 87' lang='lat' dir='ltr'><strong>Quod</strong></span> <span class='ocrx_word' id='word_1_768' title='bbox 2563 4678 2709 4725; x_wconf 88' lang='lat' dir='ltr'><strong>certe</strong></span> <span class='ocrx_word' id='word_1_769' title='bbox 2733 4683 2799 4725; x_wconf 81' lang='lat' dir='ltr'><strong>ex</strong></span> <span class='ocrx_word' id='word_1_770' title='bbox 2820 4670 2937 4724; x_wconf 88' lang='lat' dir='ltr'><strong>sola</strong></span> <span class='ocrx_word' id='word_1_771' title='bbox 2959 4668 3227 4734; x_wconf 90' lang='lat' dir='ltr'><strong>locorum,</strong></span> <span class='ocrx_word' id='word_1_772' title='bbox 3260 4680 3382 4736; x_wconf 82' lang='lat' dir='ltr'><strong>qua</strong></span> <span class='ocrx_word' id='word_1_773' title='bbox 3411 4665 3739 4726; x_wconf 88' lang='lat' dir='ltr'><strong>indicamus.</strong></span> 
     </span>
    </p>
   </div>
   <div class='ocr_carea' id='block_1_106' title="bbox 2166 4756 3742 4829">
    <p class='ocr_par' dir='ltr' id='par_1_106' title="bbox 2166 4756 3742 4829">
     <span class='ocr_line' id='line_1_106' title="bbox 2166 4756 3742 4829; baseline -0.002 -16"><span class='ocrx_word' id='word_1_774' title='bbox 2166 4759 2312 4815; x_wconf 84' lang='lat' dir='ltr'><strong>facta</strong></span> <span class='ocrx_word' id='word_1_775' title='bbox 2345 4760 2486 4815; x_wconf 89' lang='lat' dir='ltr'><strong>inter</strong></span> <span class='ocrx_word' id='word_1_776' title='bbox 2513 4774 2573 4816; x_wconf 85' lang='lat' dir='ltr'><strong>se</strong></span> <span class='ocrx_word' id='word_1_777' title='bbox 2599 4759 2996 4829; x_wconf 90' lang='lat' dir='ltr'><strong>compositione</strong></span> <span class='ocrx_word' id='word_1_778' title='bbox 3013 4756 3599 4827; x_wconf 88' lang='lat' dir='ltr'><strong>cuilibetquantumvis</strong></span> <span class='ocrx_word' id='word_1_779' title='bbox 3618 4772 3742 4827; x_wconf 89' lang='lat' dir='ltr'><strong>per-</strong></span> 
     </span>
    </p>
   </div>
   <div class='ocr_carea' id='block_1_107' title="bbox 2166 4850 2729 4921">
    <p class='ocr_par' dir='ltr' id='par_1_107' title="bbox 2166 4850 2729 4921">
     <span class='ocr_line' id='line_1_107' title="bbox 2166 4850 2729 4921; baseline 0 -16"><span class='ocrx_word' id='word_1_780' title='bbox 2166 4851 2342 4907; x_wconf 86' lang='lat' dir='ltr'><strong>vicaci</strong></span> <span class='ocrx_word' id='word_1_781' title='bbox 2361 4850 2585 4921; x_wconf 90' lang='lat' dir='ltr'><strong>planum</strong></span> <span class='ocrx_word' id='word_1_782' title='bbox 2618 4850 2729 4906; x_wconf 83' lang='lat' dir='ltr'><strong>ﬁet.</strong></span> 
     </span>
    </p>
   </div>
   <div class='ocr_carea' id='block_1_108' title="bbox 2236 4939 3741 5015">
    <p class='ocr_par' dir='ltr' id='par_1_108' title="bbox 2236 4939 3741 5015">
     <span class='ocr_line' id='line_1_108' title="bbox 2236 4939 3741 5015; baseline -0.001 -19"><span class='ocrx_word' id='word_1_783' title='bbox 2236 4941 2389 5015; x_wconf 89' lang='lat' dir='ltr'><strong>Piget</strong></span> <span class='ocrx_word' id='word_1_784' title='bbox 2430 4958 2564 4999; x_wconf 87' lang='lat' dir='ltr'><strong>sane</strong></span> <span class='ocrx_word' id='word_1_785' title='bbox 2590 4944 2864 5013; x_wconf 90' lang='lat' dir='ltr'><strong>pudetque</strong></span> <span class='ocrx_word' id='word_1_786' title='bbox 2887 4957 2952 4997; x_wconf 88' lang='lat' dir='ltr'><strong>ea</strong></span> <span class='ocrx_word' id='word_1_787' title='bbox 2992 4939 3237 4997; x_wconf 88' lang='lat' dir='ltr'><strong>refutare</strong></span> <span class='ocrx_word' id='word_1_788' title='bbox 3263 4940 3350 4996; x_wconf 88' lang='lat' dir='ltr'><strong>vel</strong></span> <span class='ocrx_word' id='word_1_789' title='bbox 3370 4942 3535 4997; x_wconf 89' lang='lat' dir='ltr'><strong>etiam</strong></span> <span class='ocrx_word' id='word_1_790' title='bbox 3568 4941 3741 4996; x_wconf 87' lang='lat' dir='ltr'><strong>refer-</strong></span> 
     </span>
    </p>
   </div>
   <div class='ocr_carea' id='block_1_109' title="bbox 2164 5032 3739 5105">
    <p class='ocr_par' dir='ltr' id='par_1_109' title="bbox 2164 5032 3739 5105">
     <span class='ocr_line' id='line_1_109' title="bbox 2164 5032 3739 5105; baseline -0.001 -17"><span class='ocrx_word' id='word_1_791' title='bbox 2164 5049 2246 5102; x_wconf 86' lang='lat' dir='ltr'><strong>re,</strong></span> <span class='ocrx_word' id='word_1_792' title='bbox 2280 5050 2403 5105; x_wconf 85' lang='lat' dir='ltr'><strong>qua</strong></span> <span class='ocrx_word' id='word_1_793' title='bbox 2422 5034 2607 5090; x_wconf 92' lang='lat' dir='ltr'><strong>subdit</strong></span> <span class='ocrx_word' id='word_1_794' title='bbox 2640 5032 2872 5090; x_wconf 84' lang='lat' dir='ltr'><strong>Dallaus</strong></span> <span class='ocrx_word' id='word_1_795' title='bbox 2895 5035 2943 5067; x_wconf 71' lang='lat'><strong>“</strong></span> <span class='ocrx_word' id='word_1_796' title='bbox 2972 5052 2986 5091; x_wconf 89' lang='lat'><strong>:</strong></span> <span class='ocrx_word' id='word_1_797' title='bbox 3011 5052 3030 5086; x_wconf 71' lang='grc' dir='ltr'><strong><em>ο</em></strong></span> <span class='ocrx_word' id='word_1_798' title='bbox 3059 5033 3259 5089; x_wconf 89' lang='lat' dir='ltr'><strong>Levius</strong></span> <span class='ocrx_word' id='word_1_799' title='bbox 3286 5042 3389 5101; x_wconf 90' lang='lat' dir='ltr'><strong>est,</strong></span> <span class='ocrx_word' id='word_1_800' title='bbox 3421 5032 3621 5101; x_wconf 87' lang='lat' dir='ltr'><strong>fateor,</strong></span> <span class='ocrx_word' id='word_1_801' title='bbox 3645 5035 3739 5088; x_wconf 89' lang='lat' dir='ltr'><strong>sed</strong></span> 
     </span>
    </p>
   </div>
   <div class='ocr_carea' id='block_1_110' title="bbox 2166 5124 3740 5197">
    <p class='ocr_par' dir='ltr' id='par_1_110' title="bbox 2166 5124 3740 5197">
     <span class='ocr_line' id='line_1_110' title="bbox 2166 5124 3740 5197; baseline 0 -19"><span class='ocrx_word' id='word_1_802' title='bbox 2166 5124 2375 5196; x_wconf 83' lang='lat' dir='ltr'><strong>lgnatio</strong></span> <span class='ocrx_word' id='word_1_803' title='bbox 2418 5142 2529 5182; x_wconf 89' lang='lat' dir='ltr'><strong>non</strong></span> <span class='ocrx_word' id='word_1_804' title='bbox 2577 5126 2713 5182; x_wconf 87' lang='lat' dir='ltr'><strong>satis</strong></span> <span class='ocrx_word' id='word_1_805' title='bbox 2746 5125 2997 5197; x_wconf 88' lang='lat' dir='ltr'><strong>dignum,</strong></span> <span class='ocrx_word' id='word_1_806' title='bbox 3055 5124 3202 5195; x_wconf 85' lang='lat' dir='ltr'><strong>quod</strong></span> <span class='ocrx_word' id='word_1_807' title='bbox 3236 5124 3374 5196; x_wconf 92' lang='lat' dir='ltr'><strong>ipse,</strong></span> <span class='ocrx_word' id='word_1_808' title='bbox 3416 5124 3569 5181; x_wconf 87' lang='lat' dir='ltr'><strong>nullo</strong></span> <span class='ocrx_word' id='word_1_809' title='bbox 3589 5133 3740 5179; x_wconf 82' lang='lat' dir='ltr'><strong>certe</strong></span> 
     </span>
    </p>
   </div>
   <div class='ocr_carea' id='block_1_111' title="bbox 2166 5214 3737 5286">
    <p class='ocr_par' dir='ltr' id='par_1_111' title="bbox 2166 5214 3737 5286">
     <span class='ocr_line' id='line_1_111' title="bbox 2166 5214 3737 5286; baseline -0.003 -14"><span class='ocrx_word' id='word_1_810' title='bbox 2166 5228 2411 5283; x_wconf 87' lang='lat' dir='ltr'><strong>auctore,</strong></span> <span class='ocrx_word' id='word_1_811' title='bbox 2446 5227 2723 5274; x_wconf 88' lang='lat' dir='ltr'><strong>asseverat</strong></span> <span class='ocrx_word' id='word_1_812' title='bbox 2768 5217 3052 5273; x_wconf 89' lang='lat' dir='ltr'><strong>Christum</strong></span> <span class='ocrx_word' id='word_1_813' title='bbox 3101 5224 3227 5286; x_wconf 91' lang='lat' dir='ltr'><strong>post</strong></span> <span class='ocrx_word' id='word_1_814' title='bbox 3276 5214 3737 5271; x_wconf 82' lang='lat' dir='ltr'><strong>resurrectionem</strong></span> 
     </span>
    </p>
   </div>
   <div class='ocr_carea' id='block_1_112' title="bbox 2165 5306 3738 5377">
    <p class='ocr_par' dir='ltr' id='par_1_112' title="bbox 2165 5306 3738 5377">
     <span class='ocr_line' id='line_1_112' title="bbox 2165 5306 3738 5377; baseline -0.003 -13"><span class='ocrx_word' id='word_1_815' title='bbox 2165 5308 2394 5365; x_wconf 88' lang='lat' dir='ltr'><strong>bibisse.</strong></span> <span class='ocrx_word' id='word_1_816' title='bbox 2430 5329 2449 5361; x_wconf 74' lang='grc' dir='ltr'>ι</span> <span class='ocrx_word' id='word_1_817' title='bbox 2491 5308 2626 5365; x_wconf 87' lang='lat' dir='ltr'><strong>lilud</strong></span> <span class='ocrx_word' id='word_1_818' title='bbox 2669 5319 2851 5364; x_wconf 87' lang='lat' dir='ltr'><strong>autem</strong></span> <span class='ocrx_word' id='word_1_819' title='bbox 2891 5308 2999 5363; x_wconf 91' lang='lat' dir='ltr'><strong>hoc</strong></span> <span class='ocrx_word' id='word_1_820' title='bbox 3030 5306 3392 5363; x_wconf 86' lang='lat' dir='ltr'><strong>subtilissime</strong></span> <span class='ocrx_word' id='word_1_821' title='bbox 3417 5307 3613 5377; x_wconf 88' lang='lat' dir='ltr'><strong>prohat</strong></span> <span class='ocrx_word' id='word_1_822' title='bbox 3645 5323 3738 5360; x_wconf 87' lang='lat' dir='ltr'><strong>ar-</strong></span> 
     </span>
    </p>
   </div>
   <div class='ocr_carea' id='block_1_113' title="bbox 2164 5399 3737 5476">
    <p class='ocr_par' dir='ltr' id='par_1_113' title="bbox 2164 5399 3737 5476">
     <span class='ocr_line' id='line_1_113' title="bbox 2164 5399 3737 5476; baseline -0.004 -16"><span class='ocrx_word' id='word_1_823' title='bbox 2164 5412 2464 5476; x_wconf 85' lang='lat' dir='ltr'><strong>gumento:</strong></span> <span class='ocrx_word' id='word_1_824' title='bbox 2498 5421 2516 5455; x_wconf 71' lang='grc' dir='ltr'>ι</span> <span class='ocrx_word' id='word_1_825' title='bbox 2553 5402 2731 5463; x_wconf 85' lang='lat' dir='ltr'><strong>Lucas</strong></span> <span class='ocrx_word' id='word_1_826' title='bbox 2779 5403 3000 5474; x_wconf 85' lang='lat' dir='ltr'><strong>quidem</strong></span> <span class='ocrx_word' id='word_1_827' title='bbox 3023 5444 3038 5469; x_wconf 94' lang='lat'><strong>,</strong></span> <span class='ocrx_word' id='word_1_828' title='bbox 3075 5402 3155 5457; x_wconf 91' lang='lat' dir='ltr'><strong>uti</strong></span> <span class='ocrx_word' id='word_1_829' title='bbox 3187 5403 3263 5458; x_wconf 90' lang='lat' dir='ltr'><strong>ait</strong></span> <span class='ocrx_word' id='word_1_830' title='bbox 3306 5402 3397 5456; x_wconf 89' lang='lat' dir='ltr'><strong>ille</strong></span> <span class='ocrx_word' id='word_1_831' title='bbox 3422 5442 3438 5467; x_wconf 91' lang='lat'><strong>,</strong></span> <span class='ocrx_word' id='word_1_832' title='bbox 3472 5399 3666 5455; x_wconf 89' lang='lat' dir='ltr'><strong>scribit</strong></span> <span class='ocrx_word' id='word_1_833' title='bbox 3691 5400 3737 5432; x_wconf 80' lang='lat'>”</span> 
     </span>
    </p>
   </div>
   <div class='ocr_carea' id='block_1_114' title="bbox 2164 5492 3739 5569">
    <p class='ocr_par' dir='ltr' id='par_1_114' title="bbox 2164 5492 3739 5569">
     <span class='ocr_line' id='line_1_114' title="bbox 2164 5492 3739 5569; baseline -0.005 -17"><span class='ocrx_word' id='word_1_834' title='bbox 2164 5497 2465 5569; x_wconf 88' lang='lat' dir='ltr'><strong>apostolos,</strong></span> <span class='ocrx_word' id='word_1_835' title='bbox 2498 5505 2789 5567; x_wconf 89' lang='lat' dir='ltr'><strong>postquam</strong></span> <span class='ocrx_word' id='word_1_836' title='bbox 2822 5494 3215 5551; x_wconf 79' lang='lat' dir='ltr'><strong>resurrexissct</strong></span> <span class='ocrx_word' id='word_1_837' title='bbox 3244 5510 3275 5548; x_wconf 89' lang='lat' dir='ltr'><strong>a</strong></span> <span class='ocrx_word' id='word_1_838' title='bbox 3303 5492 3556 5558; x_wconf 89' lang='lat' dir='ltr'><strong>mortuis,</strong></span> <span class='ocrx_word' id='word_1_839' title='bbox 3582 5507 3739 5546; x_wconf 85' lang='lat' dir='ltr'><strong>man-</strong></span> 
     </span>
    </p>
   </div>
   <div class='ocr_carea' id='block_1_115' title="bbox 2164 5583 3736 5659">
    <p class='ocr_par' dir='ltr' id='par_1_115' title="bbox 2164 5583 3736 5659">
     <span class='ocr_line' id='line_1_115' title="bbox 2164 5583 3736 5659; baseline -0.005 -11"><span class='ocrx_word' id='word_1_840' title='bbox 2164 5591 2453 5648; x_wconf 88' lang='lat' dir='ltr'><strong>ducavissc</strong></span> <span class='ocrx_word' id='word_1_841' title='bbox 2474 5599 2527 5645; x_wconf 90' lang='lat' dir='ltr'><strong>et</strong></span> <span class='ocrx_word' id='word_1_842' title='bbox 2549 5590 2754 5646; x_wconf 80' lang='lat' dir='ltr'><strong>bibisse</strong></span> <span class='ocrx_word' id='word_1_843' title='bbox 2778 5608 2792 5657; x_wconf 88' lang='lat'>;</span> <span class='ocrx_word' id='word_1_844' title='bbox 2824 5590 2999 5659; x_wconf 87' lang='lat' dir='ltr'><strong>ipsum</strong></span> <span class='ocrx_word' id='word_1_845' title='bbox 3022 5604 3147 5646; x_wconf 91' lang='lat' dir='ltr'><strong>cum</strong></span> <span class='ocrx_word' id='word_1_846' title='bbox 3172 5588 3251 5645; x_wconf 89' lang='lat' dir='ltr'><strong>eis</strong></span> <span class='ocrx_word' id='word_1_847' title='bbox 3267 5586 3545 5644; x_wconf 88' lang='lat' dir='ltr'><strong>Christum</strong></span> <span class='ocrx_word' id='word_1_848' title='bbox 3568 5583 3736 5657; x_wconf 88' lang='lat' dir='ltr'><strong>(quod</strong></span> 
     </span>
    </p>
   </div>
   <div class='ocr_carea' id='block_1_116' title="bbox 2894 5836 3721 5908">
    <p class='ocr_par' dir='ltr' id='par_1_116' title="bbox 2894 5836 3721 5908">
     <span class='ocr_line' id='line_1_116' title="bbox 2894 5836 3721 5908; baseline 0.002 -17"><span class='ocrx_word' id='word_1_849' title='bbox 2894 5836 2937 5867; x_wconf 78' lang='lat'>“</span> <span class='ocrx_word' id='word_1_850' title='bbox 2979 5852 3099 5908; x_wconf 85' lang='lat' dir='ltr'><strong>pag.</strong></span> <span class='ocrx_word' id='word_1_851' title='bbox 3132 5836 3253 5893; x_wconf 76' lang='lat'><strong>565.</strong></span> <span class='ocrx_word' id='word_1_852' title='bbox 3329 5838 3372 5870; x_wconf 83' lang='lat'><strong>&quot;</strong></span> <span class='ocrx_word' id='word_1_853' title='bbox 3401 5836 3520 5891; x_wconf 76' lang='lat' dir='ltr'><strong>Act.</strong></span> <span class='ocrx_word' id='word_1_854' title='bbox 3561 5853 3610 5894; x_wconf 73' lang='grc' dir='ltr'><strong>κ.</strong></span> <span class='ocrx_word' id='word_1_855' title='bbox 3650 5842 3721 5895; x_wconf 79' lang='grc' dir='ltr'><strong>Η.</strong></span> 
     </span>
    </p>
   </div>
  </div>
