4138 6396
427 359 522 414 551
1497 350 1555 407 S.
1602 348 1951 405 IGNATIUS.
1992 380 2059 389 —
2098 347 2627 405 PROLEGOMENA.

3579 352 3686 411 533

425 480 528 535 iste
560 486 753 533 auctor
783 478 881 548 ait)
934 476 1354 533 manducavisse
1388 482 1442 528 et
1486 474 1691 528 bibisse
1728 487 2003 542 nusquam
2034 474 2079 531 Α
2110 464 2345 537 scribit,
2382 489 2548 529 manu
2596 489 2664 529 ac
2696 483 2967 545 potestate
2998 476 3170 533 fuisse
3199 477 3381 549 ipsum
3415 476 3685 549 supplicio

422 574 587 638 dicit,
629 592 647 624 ι
684 573 775 628 sed
831 580 1040 626 tantum
1097 568 1481 625 comedisse“.
1509 570 1554 624 Ο
1589 571 1757 627 miras
1792 569 2000 636 Dalltei,

420 666 526 719 viri
562 664 866 720 acutissimi
899 705 913 727 ,
951 664 1195 733 argutias
1232 672 1287 717 et
1318 662 1675 717 subtilitates!
1721 662 2001 732 Apostoli,

423 756 641 825 inquit,
683 756 943 810 dicuntur
991 769 1115 808 cum
1150 753 1373 810 Christo
1416 754 1785 809 manducasse
1813 762 1867 808 et
1915 754 2004 809 bi-

423 846 613 913 bisse,
646 845 903 900 Christus
964 860 1095 899 vero
1150 844 1353 900 dicitur
1400 854 1611 899 tantum
1674 846 2001 903 comedisse.

423 938 567 1007 Ergo
600 938 732 993 illud
762 937 1045 1006 indignum
1075 946 1160 991 est
1188 937 1421 1007 lgnatio,
1455 938 1601 1006 quod
1640 937 1920 993 Christum
1951 946 2006 992 et

424 1028 787 1083 manducasse
840 1036 895 1081 et
940 1027 1145 1083 bibisse
1207 1027 1425 1081 dixerit.
1486 1028 1655 1093 Quasi
1698 1044 1830 1083 vero
1876 1045 2004 1085 cum

423 1121 681 1176 Christus
708 1121 812 1175 hoc
848 1120 1011 1174 modo
1034 1120 1399 1175 manducasse
1431 1122 1712 1187 scribitur,
1736 1131 1791 1177 et
1824 1124 2001 1193 ipsum

423 1226 644 1280 quoque
676 1211 879 1265 bibisse
911 1226 1021 1264 non
1044 1211 1218 1279 possit
1251 1212 1448 1267 merito
1474 1212 1601 1283 jure
1632 1215 2005 1283 subintelligi?

425 1298 485 1353 Si
513 1301 744 1357 Dallaaus
768 1318 893 1357 cum
926 1301 1119 1355 amicis
1144 1303 1282 1368 suis,
1309 1306 1405 1374 qui
1440 1320 1566 1359 cum
1600 1320 1668 1360 eo
1701 1306 2003 1361 manduca-

420 1402 623 1448 verunt
646 1404 699 1449 et
719 1394 994 1461 biberunt,
1021 1398 1383 1453 manducasse
1407 1398 1640 1462 dicatur,
1678 1414 1859 1454 nonne
1882 1399 2007 1454 inde

422 1493 477 1538 et
506 1500 631 1539 eum
668 1500 779 1539 non
818 1487 997 1541 solum
1038 1488 1437 1556 manducasse,
1467 1490 1563 1544 sed
1603 1490 1768 1545 etiam
1800 1490 2007 1548 bibisse

423 1586 572 1632 recte
616 1578 1008 1633 concludetur?

426 1668 456 1740 ᾗ
486 1668 572 1725 Ill.
610 1668 765 1725 Nihil
792 1672 990 1741 falsum
1020 1674 1130 1728 dici
1171 1676 1235 1729 de
1260 1675 1523 1731 hwreticis
1544 1718 1559 1743 ,
1596 1678 1687 1746 qui
1712 1676 1777 1729 ab
1813 1677 2006 1731 eucha-

955 1746 1114 1799 ristia
1140 1747 1471 1801 recedebant.

496 1834 698 1905 Ohjicit
743 1846 933 1906 postea
993 1837 1225 1894 Dallteus
1275 1841 1572 1896 nonnullos
1618 1840 1686 1895 ab
1745 1850 2001 1906 auctore,
2035 1817 2079 1876 Β

426 1936 617 1981 nostro
680 1929 944 1999 exagitari
992 1928 1277 1985 hazreticos
1311 1948 1323 1983 :
1356 1948 1374 1982 ι
1410 1930 1517 1997 Qui
1569 1932 1639 1986 ab
1670 1930 2003 1987 eucharistia

424 2027 479 2073 et
501 2016 751 2073 oratione
788 2017 1087 2084 recedunt,
1120 2027 1343 2087 propter
1375 2033 1487 2074 non
1519 2020 1766 2075 conﬁteri
1801 2020 2005 2076 eucha-

424 2111 639 2165 ristiam
663 2124 884 2164 carnem
916 2124 1040 2164 esse
1070 2106 1395 2165 Salvatoris.
1424 2110 1469 2142 97
1504 2129 1522 2161 ι
1551 2110 1647 2177 At,
1680 2111 1859 2181 inquit
1880 2110 2005 2168 Dal-

425 2202 583 2267 laeus,
614 2202 709 2272 qui
743 2202 1117 2257 accuratiores
1169 2202 1551 2258 haereticorum
1594 2203 1816 2259 edidere
1860 2214 2006 2259 cata-

426 2296 598 2366 logos,
632 2295 825 2350 nullibi
872 2294 1015 2350 ullos
1070 2294 1453 2365 hujuscemodi
1490 2295 1779 2353 haereticos
1803 2294 2002 2367 Ignatii

424 2398 671 2459 tempore
721 2388 1002 2444 exstitisse
1049 2388 1357 2459 perhibent.
1408 2386 1776 2456 Quamobrem
1816 2388 2003 2444 Dallaei

423 2482 679 2537 defensor
719 2496 923 2536 novum
955 2482 1005 2537 ei
1040 2481 1351 2536 subsidium
1383 2482 1598 2537 laturus
1632 2500 1645 2536 :
1686 2500 1705 2534 ι
1752 2481 2000 2548 Siccine,

422 2574 521 2637 ait,
578 2573 742 2628 ollicii
795 2572 882 2628 sui
937 2580 1051 2627 tam
1108 2574 1445 2644 negligentes
1479 2574 1633 2630 fuere
1680 2583 1892 2631 veteres
1924 2576 2005 2630 illi

424 2663 720 2733 scriptores
744 2702 759 2729 ,
793 2672 854 2719 ut
901 2677 1021 2718 rem
1076 2663 1215 2719 adeo
1250 2664 1660 2721 memorabilem
1682 2706 1699 2732 ,
1743 2673 1798 2720 et
1834 2680 2003 2735 quam

423 2756 566 2811 scire
599 2755 887 2823 intererat,
921 2756 1137 2811 silentio
1171 2757 1611 2827 praeterierint...
1644 2758 1893 2827 profecto
1911 2760 2003 2814 vix

423 2854 509 2901 est
537 2847 812 2902 credibile.
835 2866 853 2899 ι
892 2846 998 2903 Sed
1030 2848 1174 2903 unde
1225 2848 1459 2905 Dallaeus
1489 2849 1719 2920 ejusque
1749 2849 2004 2904 defensor

426 2948 762 3008 acceperunt
784 2946 995 2996 veteres
1023 2938 1148 2995 illos
1169 2941 1467 3011 scriptores
1483 2941 1864 2997 haereticorum
1891 2940 2003 2995 hae-

424 3047 754 3101 reseumque
790 3032 1035 3088 omnium
1076 3034 1195 3090 suis
1234 3035 1289 3089 in
1316 3036 1583 3105 catalogis
1616 3034 1815 3089 fecisse
1844 3049 1993 3089 meno

425 3126 662 3179 tionem?
711 3124 846 3179 Rem
892 3124 1050 3180 aliter
1082 3140 1142 3181 se
1170 3125 1374 3180 habere
1417 3142 1487 3180 ex
1519 3125 1758 3195 ipsomet
1795 3123 2001 3180 Dallzeo

423 3219 704 3274 evidenter
754 3219 1182 3275 demonstratur.
1254 3217 1552 3273 Enimvero
1624 3217 2003 3275 Theodoretus

423 3311 540 3380 qui,
569 3310 770 3364 fatente
802 3308 1025 3376 Dallaao,
1052 3309 1153 3363 has
1177 3307 1437 3377 epistolas
1465 3309 1534 3363 ab
1572 3307 1781 3378 lgnatio
1812 3319 2005 3366 nostro

425 3401 663 3471 scriptas
710 3400 885 3456 fuisse
939 3400 1176 3470 putavit,
1209 3399 1414 3469 quique
1443 3415 1508 3454 ea
1541 3416 1664 3470 quae
1702 3400 1845 3456 idem
1872 3401 2002 3457 Dal-

425 3494 558 3549 lacus
591 3492 783 3563 objicit
813 3492 1000 3557 verba,
1036 3499 1099 3546 ut
1140 3506 1268 3546 vere
1301 3490 1583 3564 lgnatiana
1622 3494 2000 3564 transcripsit,

424 3588 481 3642 in
517 3586 633 3641 suis
664 3585 1048 3641 haereticorum
1087 3585 1354 3656 eatalogis
1380 3625 1396 3650 ,
1431 3586 1559 3640 licet
1599 3601 1814 3642 summa
1869 3603 2002 3642 cura

423 3678 605 3745 editis,
640 3676 867 3744 nullibi,
899 3686 959 3732 ut
998 3676 1281 3732 contendit
1319 3674 1581 3745 Dallaeus,
1620 3693 1812 3735 eorum
1860 3695 2004 3751 quos

423 3770 668 3839 lgnatius
736 3770 1074 3826 eucharistia
1141 3770 1478 3825 abstinuisse
1538 3781 1849 3839 asseverat,
1886 3788 2003 3827 me-

425 3863 657 3917 minisse
690 3862 908 3931 legitur.
944 3862 1091 3918 Idem
1118 3861 1187 3917 de
1226 3861 1470 3919 Eusebio
1508 3864 1772 3937 aliisque,
1808 3866 1902 3935 qui
1935 3867 2003 3922 de

426 3953 727 4008 lneresibus
776 3953 1044 4022 scripsere
1065 3992 1082 4018 ,
1117 3953 1327 4024 hasque
1361 3952 1570 4025 lgnatio
1603 3965 1793 4011 nostro
1826 3957 1989 4026 adju-

424 4047 684 4101 diearunt
726 4046 1013 4117 epistolas,
1060 4046 1256 4103 confici
1300 4056 1479 4117 potest
1510 4048 1774 4104 invictum
1807 4060 2002 4106 contra

425 4141 736 4200 Dallaeanos
775 4150 1185 4215 argumentum.
1242 4140 1432 4213 Neque
1474 4157 1641 4212 porro
1672 4143 1724 4197 id
1768 4143 1865 4197 ulli
1899 4142 2005 4197 mi-

425 4251 551 4290 rum
583 4250 706 4291 esse
732 4236 913 4301 debet,
948 4251 1075 4291 eum
1110 4235 1147 4289 ii
1180 4235 1249 4290 de
1275 4234 1553 4305 praecipuo
1584 4235 1964 4291 haereticorum
1985 4275 2002 4301 ,

425 4328 498 4383 ab
532 4327 736 4398 lgnatio
768 4327 1175 4384 confutatorum
1209 4342 1417 4393 errore,
1449 4342 1563 4396 quo
1597 4326 1879 4381 Christum
1910 4341 2005 4380 ve-

426 4435 545 4475 ram
580 4434 800 4473 carnem
853 4419 1159 4485 sumpsisse
1203 4418 1497 4487 negabant,
1532 4418 1750 4488 scriptis
1797 4415 2005 4487 aliquid

427 4510 644 4564 tradere
674 4510 916 4565 contenti
949 4509 1188 4575 fuerint,
1214 4523 1315 4562 nec
1336 4507 1405 4562 de
1434 4508 1541 4562 alio
1572 4509 1669 4578 qui
1700 4508 1827 4563 inde
1857 4508 2003 4563 circa

425 4599 818 4656 eucharistiam
869 4598 1185 4655 necessaria
1243 4598 1631 4654 eonsecutione
1703 4598 2004 4668 oriebatur,

424 4695 586 4765 plura
629 4694 872 4750 scribere
920 4694 1233 4764 putaverint
1281 4707 1407 4749 esse
1438 4693 1834 4750 necessarium.
1883 4692 2005 4751 Non

426 4788 576 4843 enim
623 4801 814 4843 omnes
850 4786 1169 4857 singillatim
1206 4785 1580 4855 quorumlibet
1616 4786 2003 4842 haereticorum

427 4893 646 4935 errores
661 4878 1022 4935 enumerandi
1040 4892 1231 4933 curam
1251 4876 1321 4932 ab
1349 4876 1458 4933 illis
1490 4876 1663 4935 fuisse
1687 4888 1999 4953 susceptam

426 4971 566 5026 nulli
601 4972 831 5027 dubium
853 4986 977 5025 esse
997 4977 1196 5040 potest.

498 5062 592 5118 Ν.
628 5061 847 5134 Neque__
866 5062 1065 5131 falsum
1105 5060 1213 5114 dici
1238 5076 1407 5134 posse,
1451 5064 1597 5134 quod
1640 5064 1912 5130 scribitur,
1950 5065 2007 5118 in

496 5143 759 5255 pobtestate
808 5131 1171 5190 Romanorum
1219 5133 1383 5202 fuisse
1435 5131 1712 5205 Ignatium
1762 5152 1797 5190 a
1840 5145 2006 5190 morte

530 5220 548 5255 ι
582 5218 753 5255 erare.

530 5218 753 5256 werare.

500 5292 641 5360 Quia
669 5291 913 5364 lgnatius
947 5294 1248 5364 Romanos,
1267 5314 1335 5354 ne
1357 5297 1521 5357 morti
1555 5297 1828 5354 obsistant
1856 5312 2002 5365 suae,

429 5385 738 5440 obtestatus
768 5404 782 5441 :
820 5405 839 5439 ι
870 5387 1060 5455 Vobis,
1096 5390 1193 5458 ait,
1231 5389 1389 5445 facile
1426 5398 1511 5445 est
1540 5390 1688 5461 quod
1733 5389 1899 5446 vultis
1924 5389 2007 5444 fa-

401 5492 621 5554 .ccre...
658 5476 860 5535 Volens
887 5496 986 5558 pro
1000 5481 1110 5538 Deo
1127 5483 1350 5550 moriar,
1377 5483 1423 5538 si
1446 5500 1553 5538 non
1586 5482 1951 5553 prohibeatis;
1980 5501 2000 5535 ι

427 5566 557 5622 hinc
584 5567 817 5626 Dallteus
839 5571 910 5626 ἐς
931 5592 950 5625 ι
973 5569 1067 5627 Vel
1085 5574 1219 5627 nihil
1253 5573 1521 5644 intelligo,
1561 5573 1762 5644 inquit,
1794 5574 1876 5628 vel
1902 5573 2007 5628 iste

428 5661 677 5731 profecto
739 5665 995 5738 intelligit
1054 5667 1111 5722 in
1180 5682 1373 5723 eorum
1428 5666 1713 5734 ﬁdelium,
1750 5668 1819 5722 ad
1865 5681 2005 5737 quos

497 5783 547 5815 "
574 5782 705 5840 Luc.
734 5803 881 5854 xxw,
916 5788 1001 5842 45.

430 5870 482 5929 p.
517 5854 641 5911 571.

1081 5790 1127 5820 ’⁷
1158 5803 1275 5857 cap.
1294 5788 1387 5853 22,
1413 5804 1465 5858 p.
1493 5789 1617 5842 566.
1654 5788 1823 5856 Epist.
1851 5789 1914 5843 ad
1946 5788 2156 5858 Smyrn.

722 5860 741 5889 ²
770 5858 941 5931 Epist.
976 5860 1042 5913 ad
1080 5858 1274 5929 Ephes.
1344 5860 1363 5891 ³
1391 5876 1509 5931 cap.
1535 5860 1601 5913 2i
1644 5876 1695 5930 p.
1727 5859 1849 5915 972.
1932 5860 1952 5892 ⁸
1976 5858 2017 5914 ll
2045 5862 2169 5915 Cor.
2202 5875 2299 5928 xu,
2343 5860 2361 5911 l
2395 5866 2447 5914 et
2481 5871 2631 5929 seqq.

2106 564 2359 619 liberare.
2406 584 2424 616 ι
2496 564 2551 619 Si
2618 566 2756 622 bene
2801 568 2891 623 ille
2951 569 3192 626 auctoris
3247 586 3470 627 sensum
3521 570 3684 626 intel-

2104 656 2258 722 lexit,
2291 673 2358 711 ex
2390 673 2457 711 eo
2489 667 2636 713 certe
2663 674 2774 713 non
2799 661 2938 715 bene
2972 671 3385 731 argumentatus
3417 672 3520 729 est,
3554 678 3683 718 cum

2104 748 2313 802 addidit
2342 749 2422 802 ":
2453 768 2472 800 ‹
2503 750 2658 816 Quod
2693 750 2740 805 si
2766 751 2841 805 ita
2876 761 2980 817 est,
3020 751 3301 807 fatendum
3320 763 3404 808 est
3422 754 3547 808 illos
3568 752 3681 808 Ro-

2105 854 2302 895 manos
2321 840 2647 910 gravissime
2678 856 2958 912 peccasse,
2994 856 3049 899 et
3080 842 3363 914 parricidii
3389 844 3680 914 cujusdam

2104 948 2226 987 reos
2263 932 2501 989 fuisse...
2536 934 2632 1004 qui
2662 948 2789 990 eum
2816 936 2957 990 mori
2991 952 3100 990 non
3135 936 3555 1006 prohibuerunt.
3587 940 3685 992 At-

2104 1025 2201 1095 qui
2249 1040 2357 1080 non
2414 1041 2673 1097 peccasse
2713 1042 2811 1083 eos
2855 1037 3140 1084 constat...
3186 1028 3388 1085 falsum
3433 1038 3521 1085 est
3549 1046 3683 1101 ergo

2104 1119 2250 1189 quod
2286 1119 2375 1174 ille
2406 1121 2568 1175 toties
2600 1120 2860 1176 affirmat.
2905 1140 2924 1173 ι
2963 1120 3154 1193 inepta
3186 1124 3347 1192 plane
3377 1130 3433 1177 et
3469 1122 3680 1179 insulsa

2105 1222 2189 1266 est
2220 1212 2601 1283 hujuscemodi
2632 1214 3058 1283 argumentatio.
3086 1216 3329 1285 lgnatius
3355 1215 3557 1285 quippe
3578 1214 3683 1269 Ro-

2106 1321 2302 1363 manos
2335 1307 2437 1361 hac
2463 1306 2517 1360 in
2549 1321 2610 1360 re
2654 1306 2800 1376 apud
2827 1305 3020 1373 Deum,
3053 1308 3137 1363 vel
3159 1306 3453 1373 Caesarem,
3482 1316 3575 1362 aut
3591 1307 3683 1376 ju-

2103 1395 2284 1463 dices,
2328 1400 2413 1455 vel
2483 1409 2737 1455 senatum
2790 1401 3149 1470 potentiores,
3207 1417 3372 1472 quam
3434 1417 3493 1457 re
3553 1418 3682 1459 vera

2103 1502 2281 1561 erant,
2318 1494 2540 1549 credere
2573 1495 2770 1564 potuit.
2808 1493 3015 1551 Deinde
3053 1496 3269 1552 etiamsi
3314 1497 3449 1551 illud
3482 1498 3539 1553 in
3571 1496 3687 1552 Bo-

2105 1603 2397 1643 manorum
2451 1596 2722 1658 potestate
2771 1588 2969 1645 fuisset
2997 1590 3272 1661 positum,
3296 1606 3407 1645 non
3442 1591 3569 1646 inde
3596 1601 3683 1645 ta-

2105 1695 2233 1735 men
2275 1680 2813 1751 gravissimipeceati
2845 1693 2898 1735 et
2913 1682 3189 1751 parricidii
3219 1682 3506 1738 incusandi
3529 1692 3681 1749 sunt,

2106 1773 2254 1842 quod
2292 1788 2413 1827 eam
2447 1781 2679 1828 mortem
2730 1789 2837 1829 non
2872 1775 3274 1844 prohibuerint,
3309 1790 3475 1845 quam
3512 1776 3684 1831 totius

2107 1860 2364 1915 Ecclesia:
2393 1860 2616 1916 utilitati
2650 1862 3014 1930 profuturam,
3053 1879 3221 1933 quam
3255 1879 3364 1918 non
3390 1865 3509 1920 sine
3531 1876 3684 1921 certo

2105 1952 2347 2023 plurium
2369 1953 2807 2010 Christianorum
2836 1940 3078 2025 periculo
3116 1956 3490 2025 avertendam,
3512 1972 3681 2027 quam

2107 2045 2346 2116 denique
2397 2046 2584 2101 divina
2632 2047 2919 2103 voluntate
2974 2049 3045 2103 ab
3088 2047 3298 2119 lgnatio
3340 2048 3682 2106 subeundam

2105 2153 2227 2195 esse
2256 2154 2584 2208 persuasum
2619 2138 2917 2197 habebant.

2685 2299 2916 2357 CAPUT
2955 2300 3097 2356 XVI.

2107 2431 2160 2471 IN
2191 2431 2278 2471 IIIS
2304 2430 2583 2472 EPISTOLIS
2612 2425 2715 2471 NON
2745 2432 2932 2471 LESAII
2964 2431 3091 2471 ESSE
3125 2429 3333 2471 lGNA‘I'II
3364 2430 3683 2474 SAPIENTILI

2680 2504 2750 2542 ΕΤ
2785 2503 3115 2543 IODISTIAI.

2105 2601 2135 2674 ᾗ
2164 2600 2207 2658 Ι.
2228 2600 2351 2657 Νοη
2382 2603 2563 2674 lassam
2583 2618 2693 2657 esse
2715 2600 2918 2674 Ignatii
2950 2600 3284 2674 sapientiam,
3308 2616 3470 2674 neque
3490 2598 3688 2654 modes-

2388 2676 2516 2728 tiam
2545 2672 2602 2725 in
2617 2674 2705 2739 iis,
2720 2687 2835 2743 qua:
2852 2673 2915 2726 de
2932 2688 2984 2725 se
3000 2672 3113 2742 ipso
3140 2672 3380 2741 scripsit.

2178 2803 2297 2860 Non
2326 2805 2554 2875 majoris
2580 2803 2845 2859 momenti
2868 2804 3001 2859 illud
3023 2812 3127 2867 est,
3157 2804 3302 2873 quod
3328 2804 3681 2874 postmodum

2110 2897 2342 2953 Dallaeus
2416 2896 2636 2964 objicit,
2688 2897 2753 2949 ab
2796 2894 3003 2965 Ignatii
3046 2895 3255 2964 judicio
3313 2905 3363 2949 et
3420 2898 3684 2965 sapientia

2107 2988 2347 3043 nonnihil
2373 2988 2652 3041 abhorrere
2679 2987 2847 3040 videri
2880 2988 2919 3054 ¹;
2955 2988 3102 3056 quod
3124 2987 3216 3041 ille
3243 2986 3406 3040 morti
3440 2986 3684 3040 certissi-

2108 3096 2211 3136 mae
2238 3080 2463 3151 jamjam
2508 3078 2814 3145 dedendus,
2866 3078 3172 3133 secundum
3234 3075 3487 3146 Ephesiis
3528 3077 3683 3131 libel-

2030 3163 2073 3221 C
2108 3174 2220 3229 lum
2257 3188 2379 3228 sese
2413 3172 2747 3245 scripturum
2802 3171 3165 3242 polliceatur:
3198 3190 3217 3223 ι
3258 3170 3315 3225 Si
3347 3186 3434 3225 me
3460 3170 3683 3241 dignifi-

2108 3270 2194 3315 cet
2224 3259 2385 3316 Jesus
2425 3261 2680 3317 Christus
2722 3262 2775 3314 in
2815 3262 3064 3317 oratione
3088 3269 3270 3316 vestra
3292 3302 3306 3328 ,
3337 3271 3391 3315 et
3426 3261 3683 3316 voluntas

2108 3353 2201 3417 sit,
2255 3352 2311 3406 in
2370 3352 2612 3407 secundo
2661 3352 2849 3410 libello
2905 3368 3067 3423 quem
3102 3353 3409 3422 scripturus
3432 3367 3552 3407 sum
3587 3367 3683 3407 vo-

2106 3446 2192 3503 bis
2216 3449 2262 3513 ‘,
2294 3464 2314 3499 ι
2374 3455 2480 3501 etc.
2518 3444 2622 3502 Sed
2651 3448 2766 3503 haec
2805 3446 3042 3517 objectio
3075 3461 3108 3501 a
3152 3445 3337 3500 Dalliei
3376 3445 3584 3515 judicio
3629 3454 3685 3500 et

2106 3540 2375 3610 sapientia
2430 3540 2688 3595 abhorret
2736 3538 3230 3610 quamplurimum.
3304 3538 3417 3592 Illis
3481 3536 3683 3606 quippe

2106 3632 2312 3699 verbis,
2343 3635 2404 3687 ὲν
2434 3632 2513 3703 τῷ
2540 3633 2778 3705 δευτέρῳ
2812 3632 3056 3703 βιϐλιδίῳ
3090 3671 3108 3699 ,
3143 3646 3255 3686 non
3281 3631 3563 3698 libellum,
3587 3628 3684 3684 sed

2106 3727 2408 3781 secundam
2441 3723 2681 3797 lgnatius
2714 3725 2984 3795 promittit
3025 3725 3314 3795 epistolam
3336 3765 3351 3791 ,
3376 3724 3463 3779 his
3500 3732 3683 3778 tamen

2107 3816 2442 3887 aequissimis
2480 3816 2932 3871 conditionibus:
2974 3834 2992 3867 ι
3029 3812 3087 3869 Si
3120 3830 3209 3869 me
3231 3811 3686 3886 digniﬂcetlesus

2108 3909 2363 3966 Christus
2391 3908 2445 3962 in
2474 3909 2725 3964 oratione
2754 3915 2939 3963 vestra
2977 3926 2992 3962 :
3029 3908 3077 3963 si
3116 3907 3371 3963 voluntas
3407 3908 3481 3963 sit
3515 3924 3530 3961 :
3564 3920 3686 3960 ma-

2108 4000 2257 4056 xime
2278 3999 2325 4055 si
2360 3998 2625 4054 Dominus
2654 3998 2857 4055 revelet
2882 3998 3041 4053 mihi.
3086 4017 3106 4051 ι
3146 3997 3305 4064 Quod
3336 4013 3469 4053 sane
3492 3996 3683 4067 lgnatii

2105 4094 2312 4165 judicio
2348 4102 2403 4147 et
2456 4091 2741 4162 sapientia:
2778 4091 3360 4149 convenientissimum
3407 4106 3532 4148 esse
3557 4091 3686 4163 quis

2108 4200 2219 4240 non
2247 4185 2467 4240 videat?

2181 4276 2391 4335 Laesam
2432 4290 2598 4348 porro
2629 4274 2826 4347 lgnatii
2856 4276 3185 4333 modestiam
3222 4276 3353 4332 alibi
3374 4278 3688 4348 expostulat

2112 4367 2371 4437 Dallaaus,
2394 4369 2490 4423 ubi
2523 4369 2786 4423 nimirum
2819 4367 2961 4423 idem
2985 4378 3179 4424 auctor
3218 4383 3405 4426 noster
3436 4371 3503 4425 ad
3531 4369 3689 4426 Tral-

2110 4462 2294 4517 lenses
2318 4462 2386 4515 de
2412 4476 2472 4515 se
2491 4460 2609 4532 ipso
2641 4460 2722 4514 sic
2748 4458 2939 4515 scribit
2960 4459 2984 4493 ⁸
3011 4478 3026 4514 :
3061 4478 3081 4512 ι
3104 4459 3273 4517 Multa
3298 4462 3451 4533 sapio
3473 4462 3527 4516 in
3552 4461 3685 4529 Deo,

2032 4531 2085 4594 υ
2111 4555 2207 4611 sed
2238 4568 2326 4609 me
2366 4531 2545 4623 ipsum
2578 4567 2859 4618 mensuro,
2892 4562 2953 4609 ut
2982 4568 3094 4608 non
3137 4555 3192 4609 in
3221 4555 3548 4625 gloriatione
3572 4571 3691 4626 per-

2112 4650 2280 4705 dar...
2318 4647 2456 4702 Nam
2499 4662 2727 4718 possum
2772 4647 2930 4703 vobis
2971 4648 3382 4717 supercmlestia
3426 4651 3685 4705 scribere.

2114 4740 2221 4797 Sed
2250 4740 2417 4795 timeo
2442 4754 2511 4794 ne
2536 4738 2797 4809 periculis
2817 4738 3233 4805 assistentibus,
3252 4740 3409 4796 vobis
3425 4741 3689 4797 damnum

2112 4849 2457 4905 apponam...
2494 4841 2688 4903 potens
2756 4833 2899 4889 scire
2959 4833 3234 4901 ctelestia,
3292 4844 3348 4889 et
3391 4833 3498 4889 loci
3533 4834 3688 4904 posi-

2116 4928 2295 4982 tiones
2330 4926 2673 4996 angelorum,
2717 4943 2737 4977 ι
2784 4933 2891 4980 etc.
2916 4924 3059 4991 Quid
3120 4926 3196 4980 ibi
3253 4934 3443 4981 contra
3492 4926 3689 4998 lgnatii

2115 5017 2479 5074 modestiam?
2503 5035 2523 5070 ε
2566 5015 2705 5083 Sibi,
2740 5018 3035 5086 respondet
3058 5014 3329 5085 Dallaaus,
3364 5033 3427 5072 ea
3458 5019 3690 5086 tribuit,

2112 5133 2237 5191 quae
2294 5115 2500 5171 nemini
2548 5113 2762 5169 mortali
2817 5128 3077 5169 concessa
3101 5121 3250 5168 sunt.
3292 5131 3311 5165 ›
3340 5112 3483 5180 Quid
3522 5115 3694 5185 ergo?

2112 5206 2302 5263 Nonne
2333 5213 2388 5261 et
2416 5203 2619 5259 Paulus
2655 5203 2845 5259 eadem
2867 5242 2882 5267 ,
2918 5203 3031 5257 imo
3062 5211 3117 5257 et
3147 5201 3356 5272 majora
3401 5202 3507 5257 sibi
3549 5218 3692 5257 con-

2113 5313 2270 5355 cessa
2295 5296 2467 5353 fuisse
2494 5305 2681 5350 narrat
2710 5294 2755 5362 ‘,
2784 5295 2878 5365 qui
2901 5303 2978 5349 tot
2995 5294 3302 5349 visionibus
3318 5302 3375 5349 et
3401 5295 3665 5350 revelatio

2113 5392 2278 5447 nibus
2310 5405 2370 5446 se
2397 5390 2687 5455 donatum,
2720 5388 2813 5458 qui
2854 5402 3052 5442 arcana
3075 5386 3247 5456 verba,
3282 5402 3401 5457 quc
3438 5402 3542 5441 non
3563 5386 3687 5441 licet

2113 5483 2316 5538 homini
2340 5481 2506 5553 loqui,
2526 5496 2585 5536 se
2617 5478 2895 5535 audivisse
2940 5478 3207 5533 testatur?
3243 5476 3405 5534 Certe
3449 5478 3687 5534 Dal'lteus

2112 5578 2230 5647 ipse
2259 5574 2315 5630 id
2345 5573 2525 5640 fateri,
2548 5587 2613 5627 ac
2643 5586 2827 5627 secum
2854 5571 3020 5641 paulo
3046 5578 3169 5641 post
3185 5585 3429 5641 pugnare
3447 5571 3685 5643 cogitur,

2113 5666 2208 5722 ubi
2241 5666 2359 5720 haec
2380 5662 2608 5719 totidem
2638 5662 2819 5718 verbis
2842 5661 3070 5717 tradidit
3090 5662 3111 5693 ⁵
3142 5678 3157 5716 :
3185 5680 3204 5714 ι
3233 5660 3354 5716 Jam
3388 5678 3513 5717 cum
3543 5661 3685 5717 Pau—

2258 5788 2302 5819 ³⁸
2327 5802 2444 5855 cap.
2482 5784 2575 5843 29..
2610 5800 2728 5854 pag.
2759 5782 3007 5857 ὄϐα-⁸⁸⁸
3038 5798 3161 5857 pag.
3190 5782 3314 5857 502.
3357 5783 3413 5857 αί
3438 5796 3559 5853 cap.
3586 5780 3659 5839 ‘25

2706 5801 2728 5848 ;.
2759 5799 2884 5838 oon.
2963 5799 3006 5814 "
3038 5799 3157 5907 pag.
3191 5799 3228 5837 ot

2706 5858 2723 5888 ⁵
2753 5870 2871 5925 cap.
2898 5852 2987 5924 29,
3013 5869 3067 5924 p.
3144 5854 3228 5910 14.
