4138 6394
409 348 518 405 5'53

1380 347 1445 401 D.
1486 346 1777 403 NOURRII
1813 348 2293 407 DISSERTATIO.
2343 379 2413 392 --
2447 346 2629 402 PARS
2665 347 2707 401 l.

3563 346 3665 401 554

408 470 498 525 lus
517 470 586 525 ad
610 468 929 526 Corinthios
964 470 1213 526 scribens
1246 470 1479 528 dixisset
1513 487 1574 528 se
1602 487 1806 528 arcana
1836 488 1987 542 quae-
2014 483 2059 538 Α
2087 471 2348 526 nimirum
2378 470 2713 541 Polycarpus
2750 469 2895 525 haud
2924 470 3087 527 dubie
3110 470 3179 527 ab
3206 485 3273 526 eo
3302 470 3515 540 magnis
3542 486 3665 541 pre-

408 561 533 616 dam
566 561 847 617 audivisse
871 560 1056 627 verba,
1082 576 1206 630 quae
1234 562 1442 616 nemini
1463 562 1613 630 loqui
1642 561 1850 629 liceret,
1877 563 1983 618 hoc

409 668 633 723 quoque
686 653 899 723 putavit
955 652 1189 722 scriptor
1252 652 1344 707 ille
1399 663 1587 708 noster
1632 668 1734 708 suo
1772 652 1983 724 Ignatio

410 745 740 800 imitandum
771 759 914 800 esse.
943 742 1132 814 Itaque
1162 760 1288 799 eum
1313 758 1536 815 quoque
1572 743 1708 799 facit
1740 745 1809 799 ad
1836 743 1985 803 Tral-

408 835 592 891 lenses
622 835 957 891 scribentem
976 836 1345 906 quorumdam
1367 851 1701 892 arcanorum
1728 838 1981 893 notitiam

405 926 515 981 sibi
545 941 851 982 assumere.
878 925 1075 982 Nonne
1108 942 1338 997 possum
1368 927 1525 983 vobis
1570 928 1981 998 supercmlestia

405 1018 669 1085 scribere,
705 1036 727 1071 ι
776 1029 881 1074 etc.
952 1019 1011 1075 Si
1052 1028 1246 1076 auctor
1296 1028 1487 1075 noster
1519 1020 1779 1085 Paulum,
1814 1031 1876 1077 ut
1902 1021 1981 1077 ait

402 1107 658 1177 Dallaeus,
686 1110 760 1166 ibi
790 1111 1036 1168 imitatus
1062 1121 1167 1181 est,
1203 1113 1346 1169 idem
1388 1112 1624 1170 Dallaeus
1654 1114 1793 1169 falso
1816 1116 1980 1186 plane

399 1200 621 1268 asserit,
654 1202 803 1271 quod
828 1203 921 1259 ille
954 1204 1060 1259 sibi
1082 1220 1149 1259 ea
1182 1204 1409 1270 tribuat,
1437 1221 1560 1277 quae
1593 1206 1803 1263 nemini
1825 1222 1976 1263 mor-

398 1294 495 1347 tali
518 1309 784 1350 concessa
808 1307 957 1351 sunt.

468 1384 641 1441 Instat
670 1385 906 1443 Dallasus
927 1397 1210 1445 auctorem
1244 1399 1498 1446 nostrum
1524 1406 1590 1446 ea
1620 1391 1727 1448 sibi
1752 1391 1979 1448 tribuis-

394 1492 456 1531 se
482 1492 552 1533 eo
583 1477 708 1533 loco
736 1494 801 1535 ac
825 1488 1071 1549 tempore
1093 1495 1204 1550 quo
1235 1482 1402 1536 etiam
1433 1498 1563 1539 vere
1594 1482 1638 1539 si
1668 1482 1971 1549 habuisset,

393 1570 533 1623 nihil
563 1585 793 1625 necesse
821 1580 940 1627 erat
980 1575 1242 1644 explicari
1284 1583 1341 1630 et
1386 1576 1653 1632 ostentari
1679 1576 1721 1629 °.
1769 1574 1877 1631 Sed
1909 1591 1974 1631 ea

394 1667 509 1712 tum
539 1659 645 1713 sibi
677 1660 868 1715 tribuit
912 1660 1153 1733 lgnatius
1178 1704 1195 1730 ,
1241 1679 1370 1720 cum
1401 1665 1786 1721 auctoritatem
1827 1667 1973 1737 apud

392 1748 707 1807 Trallenses
740 1752 1003 1824 majorem
1028 1757 1141 1812 sibi
1180 1758 1477 1815 conciliare
1502 1760 1711 1828 voluit,
1752 1775 1858 1831 qua
1891 1762 1971 1817 eis

2090 561 2245 616 cibus
2279 561 2681 631 efﬂagitaverat.
2716 561 2786 615 At
2831 560 3067 633 lgnatius
3101 564 3215 618 haec
3260 563 3315 617 in
3349 562 3537 617 eadem
3570 564 3661 619 illa

2083 653 2313 723 epistola
2346 653 2447 722 ipsi
2482 653 2679 719 tradit,
2710 669 2823 708 non
2862 664 2923 708 ut
2967 655 3236 717 tironibus
3264 655 3531 725 magistri,
3564 656 3658 710 sed

2084 752 2144 798 ut
2173 743 2384 799 amicus
2424 745 2623 811 amico,
2652 753 2709 798 ut
2739 744 2923 799 senior
2947 751 3209 816 martyrio
3237 745 3507 815 mortique
3533 760 3655 815 pro-

2082 832 2266 887 ximus
2292 833 2448 887 alteri
2493 832 2655 903 longe
2682 834 2890 903 juniori
2919 834 3071 905 loqui
3118 836 3253 889 solet
3299 843 3354 890 et
3394 835 3653 890 scribere.

2082 922 2357 989 Quantum
2381 933 2563 978 autem
2587 923 2829 994 lgnatius
2845 924 3148 996 Polycarpo
3175 934 3331 980 aetate
3351 926 3654 995 provectior

2079 1017 2264 1085 fuerit,
2320 1018 2446 1072 inde
2493 1025 2810 1087 computent
2857 1016 3136 1081 Dallaeani,
3177 1018 3323 1088 quod
3368 1018 3457 1073 ille
3507 1032 3653 1072 anno

2080 1110 2183 1165 l08
2214 1109 2299 1163 vel
2345 1108 2470 1173 109,
2518 1108 2608 1164 hic
2644 1124 2790 1164 anno
2835 1118 3045 1165 tantum
3080 1109 3187 1164 166
3224 1119 3318 1165 aut
3348 1110 3471 1178 169,
3503 1126 3650 1165 mar-

2078 1214 2223 1275 tyres
2252 1204 2575 1259 occubuisse
2596 1204 2864 1259 dicantur.

2640 1316 2873 1374 CAPUT
2919 1317 3084 1372 XVII.

2076 1450 2256 1491 BARUI
2286 1452 2661 1493 EPISTOLARUI
2689 1450 2897 1492 ετγιωι
2928 1450 3051 1489 ESSE
3080 1448 3278 1488 OMNINO
3304 1446 3647 1488 IGNATIANUI.

2240 1554 2269 1627 §
2303 1557 2345 1611 Ι.
2384 1556 2595 1627 Stylum
2620 1557 2966 1627 epistolarum
2986 1572 3096 1613 esse
3125 1554 3489 1626 Ignalianum.

2142 1670 2349 1728 Caetera
2394 1671 2580 1727 Dallaai
2633 1682 2826 1735 contra
2877 1674 2979 1728 has
3016 1671 3273 1741 epistolas
3303 1679 3645 1741 argumenta,

2071 1776 2139 1817 ex
2185 1777 2373 1817 earum
2409 1764 2658 1819 oratione
2704 1774 2759 1819 et
2800 1764 2984 1819 verbis
3015 1763 3290 1819 ducuntur
3318 1763 3359 1816 ’.
3398 1760 3644 1816 Primum

389 1841 601 1897 scilicet
627 1842 915 1916 Polybium
940 1847 1184 1917 ipsorum
1214 1851 1552 1921 episcopum,
1576 1867 1739 1923 quem
1770 1867 1881 1907 non
1902 1867 1967 1908 ea
1994 1873 2042 1934 Β
2070 1862 2251 1908 autem
2305 1855 2440 1909 illud
2488 1855 2685 1925 arguit,
2736 1855 2884 1925 quod
2923 1867 3018 1910 eas
3042 1870 3063 1906 ι
3086 1854 3206 1924 ipsa
3240 1852 3428 1908 statim
3466 1852 3645 1906 oratio

387 1934 638 2001 omnino,
662 1952 773 2005 qua
797 1954 899 2008 par
924 1950 1076 2009 erat,
1109 1936 1462 1999 veneratione
1501 1946 1789 2014 complecti
1821 1945 1969 2001 vide-

386 2025 613 2093 bantur,
636 2031 812 2100 magis
834 2034 1262 2104 commendaret,
1285 2044 1450 2107 atque
1470 2052 1567 2094 eos
1584 2038 1849 2093 adversus
1864 2038 1969 2095 ιιω-

385 2118 588 2174 reticos
616 2122 870 2180 redderet
910 2130 1184 2183 cautiores
1217 2144 1282 2184 ac
1314 2127 1596 2186 fortiores.
1632 2129 1787 2187 Hanc
1814 2142 1967 2188 certe

384 2212 458 2267 ob
492 2227 716 2269 causam
773 2217 841 2272 de
874 2223 1154 2278 concessis
1199 2224 1304 2279 sibi
1338 2240 1367 2278 a
1405 2224 1517 2280 Deo
1558 2227 1965 2297 cognitionibus

383 2320 668 2365 sermones
701 2312 927 2379 miscet;
962 2313 1056 2368 sed
1091 2314 1217 2370 illos
1245 2317 1510 2372 continuo
1555 2332 1686 2374 vere
1727 2318 1965 2390 lgnatia—

384 2415 480 2463 na,
514 2401 571 2456 id
595 2413 699 2470 est,
734 2419 951 2460 summa
978 2407 1288 2464 humilitate
1312 2417 1582 2481 temperat
1610 2428 1625 2464 :
1657 2431 1677 2465 ι
1712 2413 1818 2471 Sed
1851 2430 1961 2472 non

382 2497 533 2562 novi,
569 2499 786 2569 inquit,
818 2500 868 2557 si
911 2502 1108 2573 dignus
1150 2518 1344 2559 sum...
1380 2502 1586 2561 Praeter
1618 2506 1725 2562 hoc
1749 2508 1862 2579 jam
1906 2519 1964 2567 et

380 2587 690 2660 discipulus
721 2609 866 2650 sum.
900 2613 920 2647 ›

384 2721 413 2793 §
454 2720 732 2809 "aliique
770 2728 825 2780 in
870 2744 929 2783 eo
961 2731 1099 2809 quod
1134 2731 1436 2809 Tr_al_ler_tses
1478 2752 1667 2809 pueras
1703 2739 1957 2808 appellat,

449 2805 543 2876 aut
575 2802 730 2876 ittjis
751 2813 869 2876 qua:
892 2802 1112 2876 scripsit
1137 2804 1211 2857 ad
1234 2802 1615 2876 Polycarpum,
1645 2802 1831 2863 lws'a'm
1847 2802 1961 2866 esse

452 2862 655 2935 lgnatii
681 2862 1010 2925 modestiam.

452 2969 693 3028 Rursum
729 2974 964 3034 Dallaaus
1009 2979 1236 3050 opponit
1284 2995 1485 3051 parum
1521 2995 1956 3044 consentaneum

377 3061 550 3117 videri
576 3062 889 3123 Trallenses
918 3068 1144 3138 νηπίους
1177 3087 1389 3140 pueros,
1413 3083 1468 3129 et
1492 3075 1732 3135 infantes
1758 3079 1830 3134 ab
1852 3094 1956 3135 au-

377 3161 531 3204 ClOl‘e
562 3159 751 3206 nostro
790 3154 1076 3224 appellari,
1101 3172 1241 3227 quos
1274 3158 1366 3214 ille
1413 3161 1529 3230 ipse
1573 3178 1749 3233 nuper
1780 3184 1799 3217 ι
1838 3164 1952 3221 Deo

2068 1947 2307 2002 ostendit
2354 1962 2464 2011 non
2509 1963 2630 2004 esse
2676 1948 2839 2002 unius
2864 1946 3107 2017 ejusdem
3144 1945 3415 2011 auctoris;
3454 1944 3642 1998 multi-

2067 2040 2189 2109 plex
2232 2039 2374 2110 ipsa,
2424 2054 2601 2110 neque
2630 2040 2795 2095 unius
2829 2038 3044 2110 generis
3085 2046 3181 2093 aut
3203 2037 3453 2094 coloris»
3492 2036 3548 2091 Si
3575 2035 3644 2091 de

2067 2131 2137 2187 iis
2172 2147 2313 2201 quas
2363 2133 2628 2203 genuinas
2660 2147 2895 2201 vereque
2946 2130 3017 2185 ab
3065 2128 3275 2200 lgnatio
3322 2132 3478 2183 datas
3519 2143 3643 2182 esse

2065 2238 2496 2294 propugnamus,
2551 2222 2785 2279 Dallzeus
2826 2224 3115 2294 loquatur,
3168 2220 3222 2274 id
3280 2218 3638 2274 falsissimum

2063 2329 2188 2369 esse
2232 2315 2412 2384 palam
2441 2322 2736 2384 aperteque
2783 2312 3226 2384 pronuntiamus.
3271 2309 3463 2380 Liquet
3491 2310 3639 2365 enim

2064 2405 2185 2460 illas
2213 2421 2407 2461 omnes
2436 2406 2630 2461 eodem
2659 2414 2911 2461 exaratas
2939 2404 3111 2459 fuisse
3142 2403 3285 2474 stylo
3303 2444 3319 2469 ,
3351 2402 3641 2472 apostolici

2063 2496 2270 2553 scilicet
2292 2496 2554 2564 hominis,
2584 2496 2653 2551 ad
2694 2495 3017 2566 martyrium
3047 2491 3413 2563 properantis,
3439 2499 3643 2546 morte-

2061 2603 2170 2659 que
2195 2589 2605 2659 quamprimum
2651 2586 2954 2651 afﬁciendi,
2982 2586 3077 2655 qui
3108 2585 3164 2639 in
3194 2584 3413 2648 itinere,
3448 2583 3640 2637 vincu-

2059 2680 2237 2749 lisque
2280 2688 2534 2746 onustus,
2581 2693 2645 2733 ea
2675 2676 2862 2731 furtim
2896 2690 2960 2731 ac
2998 2682 3211 2735 secreto
3236 2673 3455 2745 scriptis
3484 2688 3641 2726 man-

2058 2771 2229 2839 davit,
2295 2787 2419 2841 quae
2485 2770 2905 2826 ardentissimus
2964 2767 3295 2829 Christiana:
3358 2766 3639 2837 religionis

2060 2876 2217 2918 amor
2244 2862 2350 2932 ipsi
2379 2860 2701 2933 suggerebat
2733 2860 3168 2931 inspirabatque.

2061 2974 2202 3054 λιι..
2230 2974 2415 3054 Vocem
2448 2974 2759 3054 Theophori
2780 2991 2892 3054 esse
2940 2973 3283 3054 Ignatianam
3302 3013 3318 3039 ,
3343 2987 3488 3027 voces
3515 2986 3637 3054 pero

2092 3046 2283 3119 ἱερέων
2303 3055 2353 3101 et
2380 3046 2680 3119 ἀρχιερέων
2710 3047 2765 3099 in
2791 3045 3029 3116 epistolis
3060 3047 3193 3099 veris
3226 3060 3331 3098 non
3358 3045 3598 3113 reperiri.

2127 3158 2356 3227 Contra,
2387 3160 2564 3229 inquit
2594 3156 2852 3222 Dallmus,
2903 3164 3095 3213 auctor
3128 3155 3484 3227 epistolarum
3513 3154 3639 3211 ubi-

376 3241 596 3311 dignos.
621 3252 677 3299 et
711 3259 950 3303 mentem
985 3248 1321 3320 inculpatam
1352 3262 1408 3308 et
1444 3254 1873 3326 insuperabilem
1895 3260 1953 3316 in
1978 3235 2023 3295 ο
2055 3266 2163 3322 que
2191 3250 2425 3322 sumpsit
2454 3249 2767 3320 Theophori
2806 3257 3252 3319 cognomentum,
3284 3248 3431 3318 quod
3456 3261 3637 3318 neque

375 3333 639 3401 patientia
672 3356 691 3388 ι
720 3336 920 3394 habere
951 3338 1112 3397 dixit.
1146 3340 1312 3403 Addit
1343 3352 1525 3401 tamen
1554 3346 1788 3406 Dallazus
1811 3366 1870 3407 se
1900 3352 1956 3408 id

373 3442 486 3481 non
522 3444 735 3498 urgere.
796 3430 902 3488 Sed
936 3448 1041 3489 nec
1081 3450 1515 3496 commemorare
1562 3442 1677 3498 ullo
1710 3459 1953 3514 unquam

374 3521 538 3576 modo
566 3522 814 3579 debebat.
847 3522 983 3590 Quis
1010 3528 1156 3581 enim
1182 3530 1399 3587 nesciat
1430 3530 1662 3588 Paulum
1699 3534 1954 3591 similiter

372 3626 604 3667 vocasse
651 3612 969 3677 Corinthios
1009 3617 1238 3685 νηπίους
1292 3620 1540 3687 parvulos
1584 3630 1640 3675 et
1674 3620 1949 3689 infantes;

371 3706 627 3774 quamvis
651 3721 749 3762 eos
781 3707 836 3761 in
860 3708 1082 3765 Christo
1108 3718 1165 3764 et
1187 3710 1245 3764 in
1290 3712 1443 3767 omni
1495 3712 1725 3769 scientia
1755 3715 1952 3774 divites

371 3794 609 3850 dixerit?
650 3797 899 3869 lgnatius
946 3800 1131 3871 itaque
1165 3800 1477 3859 Trallenses
1523 3803 1635 3860 Deo
1662 3806 1857 3875 dignos
1896 3816 1953 3863 et

372 3888 711 3958 inculpatam
766 3900 1006 3948 mentem
1054 3895 1258 3951 habere
1316 3898 1496 3967 potuit
1528 3914 1809 3967 asserere;
1845 3902 1951 3956 etsi

370 3995 469 4036 eos
494 3982 641 4037 circa
675 3983 1026 4042 sublimiores
1077 3985 1311 4044 Deitatis
1345 3989 1688 4060 cognitiones
1724 3990 1950 4062 νηπίους

368 4074 622 4143 parvulos
650 4084 707 4131 et
731 4076 977 4133 infantes
1004 4094 1129 4135 esse
1161 4080 1347 4136 sciret.

450 4166 718 4225 Violatam
755 4170 938 4227 denuo
987 4170 1183 4243 lgnatii
1236 4175 1562 4233 modestiam
1617 4176 1675 4232 in
1719 4177 1951 4247 epistola

367 4260 438 4315 ad
470 4261 832 4335 Polycarpum
857 4265 1062 4336 duplici
1093 4281 1162 4321 ex
1192 4267 1369 4337 capite
1391 4278 1655 4325 causatur
1684 4268 1949 4338 Dallaaus;

369 4362 487 4409 tum
530 4357 679 4426 quod
727 4366 920 4412 auctor
970 4359 1190 4413 titulum
1242 4360 1503 4430 martyris
1544 4360 1650 4415 sibi
1700 4371 1946 4433 arroget,

367 4454 486 4500 tum
516 4448 663 4516 quod
720 4467 741 4501 t
794 4448 1097 4520 Polycarpo
1127 4464 1229 4506 suo
1263 4452 1665 4522 condiscipulo,
1693 4462 1747 4509 et
1773 4454 1951 4508 admi-

366 4542 531 4597 rabili
572 4541 927 4614 Smyrnensis
958 4544 1219 4601 Ecclesia:
1248 4548 1505 4617 episcopo
1532 4547 1601 4603 de
1629 4547 1850 4617 pietate,
1878 4548 1947 4604 de

365 4635 454 4690 sui
486 4638 733 4693 muneris
758 4637 947 4695 olIiciis
978 4638 1052 4693 ita
1078 4639 1263 4695 omnia
1297 4640 1564 4710 praecipit,
1587 4648 1649 4695 ut
1679 4641 1949 4698 tironibus

364 4728 617 4799 magistri
653 4730 832 4785 solent
863 4730 907 4784 '.
946 4748 966 4782 ι
1001 4730 1082 4785 Ad
1113 4731 1351 4800 primum
1379 4732 1777 4801 respondemus
1813 4732 1947 4786 titu-

364 4821 481 4877 lum
514 4822 773 4892 martyris
801 4823 856 4877 in
885 4821 1232 4878 Bibliotheca:
1272 4820 1604 4878 Florentium
1642 4825 1948 4880 manuscri-

363 4923 460 4985 pto
504 4914 696 4969 codice
724 4913 915 4969 Graeco
963 4913 1204 4981 sincero,
1250 4929 1351 4969 nec
1394 4914 1757 4985 interpolato,
1787 4924 1842 4972 et
1890 4916 1948 4971 in

362 5006 593 5075 antiqua
649 5006 799 5061 illius
851 5004 1046 5060 Latina
1082 5005 1335 5062 versione
1357 5005 1579 5061 minime
1602 5007 1854 5076 reperiri.
1889 5006 1947 5063 ld

363 5098 541 5153 cuivis
575 5097 777 5167 legenti
831 5098 905 5153 ita
951 5097 1173 5152 obvium
1204 5106 1322 5165 est;
1375 5108 1435 5153 ut
1465 5099 1671 5155 mirum
1720 5100 1794 5155 sit
1837 5115 1947 5170 qua

360 5189 577 5245 ratione
630 5190 819 5246 Dallaei
866 5190 1124 5246 defensor
1153 5191 1336 5246 dicere
1368 5191 1566 5248 audeat
1598 5191 1620 5223 '
1648 5208 1664 5245 :
1704 5211 1721 5244 ι
1756 5191 1834 5247 lta
1866 5201 1948 5248 ta-

360 5297 491 5336 men
521 5297 581 5337 se
609 5282 847 5352 appellat
888 5281 944 5335 in
987 5281 1233 5351 epistolae
1259 5281 1326 5336 ad
1353 5280 1714 5353 Polycarpum
1746 5284 1945 5339 inscri-

361 5378 547 5444 ptione
577 5372 799 5439 Graeca,
833 5389 959 5444 quas
1007 5374 1331 5445 interpolata
1378 5391 1491 5430 non
1535 5384 1638 5431 est.
1679 5394 1699 5426 ι
1738 5374 1819 5431 Ad
1858 5392 1945 5431 se-

361 5466 608 5521 cundum
639 5480 770 5522 vero
797 5465 1033 5521 dicimus
1063 5466 1117 5519 in
1162 5480 1228 5521 ea
1257 5464 1485 5534 cpistola
1524 5464 1793 5535 lgnatium
1821 5467 1943 5536 plu-

361 5573 503 5613 rima
543 5572 763 5614 morum
814 5556 1141 5627 pietatisque
1169 5556 1459 5613 tradidisse
1488 5566 1791 5628 praecepta,
1822 5572 1945 5629 quae

434 5744 455 5773 °
482 5741 765 5815 pag.
824 5814 831 5815 ί
860 5743 879 5773 ⁷
908 5741 1155 5815 (ξιιμ-24,
1188 5761 1240 5815 p.
1283 5746 1408 5814 9.75,
1439 5746 1562 5803 276.

363 5812 406 5845 ¹¹
437 5814 558 5869 cod.
592 5812 717 5867 252.
797 5814 837 5845 ¹³
874 5814 994 5870 cod.
1028 5813 1155 5870 2‘29.

1669 5748 1689 5778 ⁸
1718 5763 1839 5819 pag.
1868 5745 1992 5803 20L

2053 3341 2298 3415 lgnatius
2327 3342 2430 3397 sibi
2473 3357 2717 3412 unquam
2750 3342 2910 3396 vivus
2959 3341 3254 3411 arrogavit,
3289 3354 3464 3409 neque
3490 3340 3636 3409 apud

2052 3434 2459 3492 vetustissimos
2499 3433 2795 3503 scriptores
2816 3431 3089 3493 auditum,
3116 3431 3275 3501 plane
3300 3429 3551 3486 ﬁctitium
3578 3439 3636 3485 et

2052 3543 2119 3584 ex
2177 3525 2378 3581 fabulis
2434 3532 2617 3579 ortum
2678 3532 2781 3579 est.
2835 3521 3039 3577 Verum
3095 3520 3427 3577 Pearsonius
3479 3522 3634 3578 vocis

2053 3617 2363 3688 Theophori
2392 3615 2771 3685 antiquitatem
2803 3621 2859 3669 et
2887 3628 3053 3668 usum
3085 3622 3195 3667 tam
3220 3613 3369 3668 clare
3399 3614 3632 3667 demon-

2051 3708 2283 3775 stravit;
2338 3714 2401 3761 ut
2447 3703 2638 3758 Dallaai
2689 3703 2949 3758 defensor
3004 3702 3138 3757 illud
3193 3701 3411 3757 tandem
3468 3699 3633 3756 fateri

2050 3810 2276 3856 coactus
2322 3812 2336 3850 :
2391 3815 2411 3848 t
2472 3794 2693 3859 Multis,
2750 3792 2966 3863 inquit,
3008 3801 3252 3847 veterum
3303 3792 3633 3847 testimoniis

2052 3891 2213 3948 istius
2258 3889 2412 3945 vocis
2455 3902 2620 3943 usum
2667 3900 2732 3942 ac
2780 3884 3207 3940 familiaritatem
3234 3883 3635 3940 demonstravit

2050 3982 2381 4039 Pearsonius
2415 3980 2480 4034 ¹⁰.
2522 3998 2542 4031 ι
2579 3975 2970 4033 Verumtamen
2999 3975 3093 4030 ille
3120 3975 3175 4029 in
3212 3973 3397 4027 Dallaei
3427 3973 3515 4028 sui
3543 3973 3633 4028 de-

2050 4074 2357 4131 fensionem
2383 4071 2649 4126 adversus
2672 4065 3032 4121 Pearsonium
3068 4066 3150 4122 sic
3178 4064 3360 4135 arguit
3394 4082 3408 4119 :
3447 4082 3467 4116 r
3496 4061 3632 4119 Nul-

2049 4168 2165 4223 lum
2198 4174 2380 4221 tamen
2405 4163 2717 4233 exemplum
2747 4160 2944 4216 aﬂ‘erre
2964 4159 3142 4229 potuit
3169 4158 3345 4214 sancti
3372 4157 3630 4228 alicujus,

2051 4260 2146 4332 qui
2178 4260 2351 4313 instar
2387 4255 2582 4327 lgnatii
2619 4252 2931 4323 Theophori
2962 4265 3266 4322 cognomen
3294 4248 3398 4304 sibi
3433 4248 3635 4304 tribue-

2050 4356 2143 4411 rit.
2186 4372 2207 4407 ι
2234 4350 2359 4407 Haec
2383 4347 2626 4420 profecto
2664 4346 2867 4401 inﬁrmi
2913 4344 3223 4416 argumenti
3250 4342 3519 4397 inﬁrmior
3550 4350 3637 4396 est

2051 4445 2322 4504 defensio.
2374 4442 2565 4497 Potest
2600 4439 2749 4494 enim
2793 4436 3026 4507 scriptor
3058 4435 3260 4505 aliquis
3296 4434 3517 4490 nomine
3545 4435 3634 4491 vel

2051 4537 2379 4610 cognomine
2408 4534 2507 4597 ,ita
2537 4531 2801 4586 inusitato
2848 4535 2906 4582 et
2950 4524 3395 4583 extraordinario
3440 4526 3630 4595 appel-

2052 4631 2190 4695 lari,
2241 4638 2304 4685 ut
2352 4628 2537 4683 nullus
2582 4627 2843 4695 deinceps
2900 4636 2968 4677 eo
3019 4619 3325 4689 nuncupari
3374 4619 3633 4697 voluerit.

2052 4722 2255 4778 Deinde
2277 4721 2401 4791 quis
2431 4727 2749 4775 sanctorum
2778 4714 3025 4769 omnium
3056 4711 3280 4766 nomina
3325 4720 3433 4780 tam
3464 4726 3633 4766 accu-

2050 4822 2169 4869 rate
2196 4812 2475 4875 calluisse,
2497 4821 2553 4865 et
2572 4806 2920 4864 recensuisse
2943 4802 3052 4859 dici
3088 4808 3299 4877 potest;
3337 4810 3399 4856 ut
3419 4801 3632 4856 nullum

2050 4905 2135 4960 vel
2167 4912 2314 4970 ante,
2343 4902 2428 4956 vel
2454 4907 2579 4970 post
2612 4896 2809 4969 lgnatii
2846 4902 3062 4950 aetatem
3087 4908 3154 4949 eo
3182 4891 3500 4971 Theophori
3529 4908 3633 4948 no-

2052 4996 2203 5051 mine
2254 4993 2579 5064 insignitum
2628 4988 2805 5065 fuisse
2835 5000 3083 5043 asserere
3114 4983 3353 5066 audeat?
3385 4983 3634 5053 Denique

2051 5103 2161 5143 non
2192 5086 2261 5142 de
2296 5084 2442 5151 aliis,
2489 5082 2581 5138 sed
2624 5082 2693 5138 de
2727 5079 2939 5155 lgnatio
2986 5078 3105 5155 solo
3133 5077 3226 5132 hic
3253 5076 3485 5147 quaestio
3515 5091 3633 5130 mo-

2049 5188 2227 5247 vetur,
2268 5193 2403 5233 num
2433 5173 2751 5247 Theophori
2792 5186 3096 5243 cognomen
3150 5169 3382 5225 sortitus
3426 5170 3517 5225 sit.
3562 5172 3632 5223 At

2047 5274 2124 5329 ita
2154 5287 2214 5335 se
2236 5286 2351 5326 rem
2383 5269 2586 5327 habere
2607 5266 2731 5321 aliis
2750 5265 2819 5320 ab
2844 5279 2915 5341 eo,
2941 5262 3180 5318 laudatis
3198 5303 3214 5329 ,
3244 5278 3311 5316 ex
3345 5261 3543 5316 Photio
3566 5263 3629 5327 ",

2048 5377 2104 5424 et
2155 5365 2446 5421 Theodoro
2498 5361 2812 5443 presbytero
2846 5360 2914 5425 η,
2960 5355 3237 5426 Stephano
3294 5353 3510 5423 Gobaro
3562 5354 3628 5417 ³³,

2052 5474 2216 5534 atque
2254 5426 2551 5531 Ephremo,
2602 5426 3002 5525 'i‘heopolitano
3057 5450 3204 5505 circa
3264 5462 3471 5522 annum
3524 5444 3629 5499 526

2049 5552 2383 5627 patriarcha,
2418 5565 2519 5605 nec
2562 5564 2673 5625 non
2703 5560 2770 5603 ex
2814 5544 2956 5613 veris
3002 5552 3057 5598 et
3102 5539 3333 5599 sinceris
3378 5537 3627 5625 ejusdem

3232 5728 3270 5758 ¹¹
3308 5724 3443 5792 cod._
3499 5722 3623 5779 126.

2104 5748 2122 5779 ⁹
2152 5760 2271 5815 cap.
2305 5742 2397 5808 25,
2440 5755 2491 5810 p.
2535 5737 2660 5792 3'77.
2766 5734 2808 5763 ¹⁰
2841 5747 2961 5802 pag.
2999 5727 3125 5786 292.
