4138 6438
508 429 613 483 535

1576 413 1632 466 S.
1676 405 2022 466 lCNATIUS.
2063 433 2126 440 —
2166 389 2692 454 PROLEGOMENA.

3643 371 3745 424 536

507 549 701 620 lgnatii
758 547 1004 618 martyrii
1054 545 1206 599 Actis
1255 557 1380 597 cum
1434 538 1636 593 Graecis
1694 546 1810 590 tum
1867 529 2071 585 Latinis
2101 535 2145 589 Α
2177 523 2379 591 scopis,
2412 516 2838 620 presbyteris‘et
2875 495 3746 620 discentis,-

509 645 717 714 liquido
739 643 1018 712 probatur.
1050 639 1146 695 His
1176 639 1408 708 denique
1429 647 1723 705 possumus
1756 631 2076 684 subnectere

510 735 829 799 Eusebium,
856 731 948 801 qui
991 731 1127 785 nihil
1157 729 1281 784 novi
1317 737 1411 781 aut
1439 723 1670 778 fabulosi
1700 722 1754 775 in
1786 721 1890 774 hoc
1923 717 2077 787 lgna—

509 827 570 881 tii
600 823 928 895 cognomine
963 837 1205 891 unquam
1244 817 1556 889 suspicatus
1591 824 1692 870 est.

578 917 691 972 Nec
723 927 841 972 erat
874 917 1019 986 quod
1050 913 1282 968 Dallaaus
1309 927 1375 966 ex
1405 908 1584 964 verbis
1616 905 1806 978 ἱερέων
1835 916 1887 959 et
1904 905 2080 976 ἀρχιε-

513 1011 653 1080 ρέων
688 1009 944 1077 deinceps
995 1007 1224 1061 instaret
1253 1004 1315 1057 ιδ.
1347 1002 1444 1056 llla
1487 1001 1686 1071 quippe
1725 1013 1833 1054 non
1866 995 1919 1049 in
1951 1008 2080 1048 vero

513 1102 609 1156 sed
654 1099 983 1169 interpolato
1012 1097 1364 1166 epistolarum
1416 1103 1564 1147 textu
1617 1091 1984 1159 reperiuntur.
2022 1084 2081 1138 Si

514 1205 697 1249 autem
744 1194 799 1247 in
848 1191 1076 1263 epistola
1120 1190 1185 1244 ad
1239 1186 1743 1256 Philadelphienses
1789 1180 1950 1236 simul
1984 1178 2082 1232 ali-

514 1288 734 1357 quando
758 1294 1070 1350 occurrant,
1100 1283 1297 1337 ibidem
1330 1282 1396 1336 ad
1425 1278 1674 1334 Mosaiem
1704 1276 1835 1346 legis
1861 1273 2082 1344 presbyo

519 1390 683 1444 toros,
715 1379 801 1432 vel
829 1376 1105 1431 Christum
1138 1375 1480 1430 sacerdotum
1512 1372 1754 1427 omnium
1788 1367 2081 1439 principem

517 1469 937 1540 signiﬁcandum
968 1466 1057 1519 illa
1091 1464 1334 1537 lgnatius
1361 1464 1627 1519 adhibuit.

1076 1596 1304 1655 CAPUT
1339 1595 1524 1651 XVIII.

517 1729 682 1768 VOCES
719 1729 954 1767 EPISCOPI
994 1729 1063 1767 ET
1105 1727 1431 1766 PRESBYTER!
1464 1726 1565 1765 NON
1599 1727 1742 1776 Λιιο,
1779 1727 1920 1774 ουΛΙ
1961 1727 2085 1765 APO-

590 1799 871 1838 STOLORUH
926 1799 994 1837 ET
1048 1798 1285 1836 νιιιοιιωι
1341 1797 1779 1836 Αροετοιιεοιιυκ
1821 1797 1982 1836 δεκευ
2021 1799 2084 1836 ΑΒ

590 1869 807 1908 IGNATIO
849 1869 1172 1908 USl'llPA'l‘AS.

523 1967 550 2036 ς
583 1966 622 2019 Ι.
651 1965 970 2036 19ηαιὶομιε
1004 1965 1166 2032 fuisse
1198 1981 1261 2018 ea
1293 1966 1508 2036 nomina
1531 1964 1914 2036 distinguendi,
1942 1966 2086 2019 ideo-
2117 1952 2159 2004 Β

953 2052 1050 2104 que
1079 2044 1212 2089 recte
1235 2052 1298 2088 ea
1326 2035 1653 2088 distinxisse.

586 2151 904 2215 Maximum,
933 2151 1191 2221 quodque
1221 2149 1421 2204 Dallaeo
1462 2150 1726 2205 invictum
1756 2149 1968 2208 videtur
1999 2164 2087 2202 ar-

517 2255 836 2315 gumentum
873 2245 937 2310 ‘5,
981 2242 1114 2297 illud
1158 2251 1278 2309 est,
1306 2243 1454 2312 quod
1483 2242 1718 2312 scriptor
1749 2249 1935 2296 noster
1961 2255 2087 2309 pre-

517 2337 721 2408 sbyteri
763 2345 818 2391 et
848 2337 1091 2406 episcopi
1133 2336 1384 2402 nomina,
1426 2349 1548 2405 quas
1595 2334 1830 2403 apostoli
1875 2333 2089 2402 virique

518 2430 804 2500 apostolici
832 2429 1082 2498 confuse,
1114 2432 1461 2500 promiscue,
1509 2438 1562 2484 et
1611 2427 2087 2483 indiscriminatim

518 2540 732 2595 semper
771 2531 1134 2593 acceperunt;
1171 2538 1235 2577 ea
1282 2523 1374 2578 ille
1422 2537 1531 2575 non
1566 2521 1732 2576 semel
1770 2531 1825 2574 et
1869 2522 2087 2583 iterum,

519 2617 612 2670 sed
643 2624 923 2685 perpetuo,
961 2625 1015 2670 et
1059 2614 1114 2668 in
1145 2614 1405 2669 omnibus
1447 2612 1649 2681 ubique
1693 2611 1940 2680 epistolis
1980 2625 2087 2663 non

519 2716 731 2761 tantum
781 2715 1035 2762 accurate
1087 2715 1142 2760 et
1194 2706 1447 2774 religiose
1497 2704 1828 2774 distinguat,
1883 2703 1976 2758 sed
2025 2718 2090 2756 eo

520 2813 741 2867 quoque
769 2812 935 2852 sensu
960 2805 1207 2866 usurpet,
1231 2812 1342 2866 quo
1384 2810 1413 2850 a
1445 2797 1585 2850 tertii
1631 2805 1843 2850 tantum
1874 2804 1926 2849 et
1957 2794 2088 2848 sub-

522 2889 867 2958 sequentium
905 2890 1229 2944 saeculorum
1273 2889 1599 2944 Christianis
1646 2899 1904 2958 usurpata
1961 2890 2091 2958 legi-

521 3001 664 3039 mus.
694 2984 815 3050 Quo
861 2998 992 3039 sane
1018 2991 1338 3053 argumento
1377 2983 1608 3038 Dallaaus
1637 2983 1954 3053 scriptorem
1987 2998 2088 3036 no-

522 3086 697 3130 strum
747 3090 858 3129 non
905 3084 1031 3130 ante
1074 3075 1333 3129 saeculum
1378 3075 1598 3130 tertium
1645 3075 1906 3144 epistolas
1961 3089 2091 3129 suas

520 3184 779 3224 exarasse
824 3178 976 3224 certo
1010 3185 1069 3224 se
1120 3168 1500 3223 demonstrare
1547 3168 1868 3223 arbitratur.
1917 3165 2092 3222 Porro

2176 588 2293 684 pro—
2311 627 2411 668 suo
2445 609 2637 664 ordine
2669 604 2926 664 debitam,
2959 611 3082 667 quae
3124 595 3242 648 sine
3276 588 3749 684 singuli-immuto-

2179 674 2390 757 ininum
2415 696 2765 755 distinctione
2793 685 3059 747 declarari
3088 699 3197 738 non
3229 689 3430 752 potest,
3469 678 3522 730 in
3555 674 3749 744 primis

2179 791 2524 849 commendat
2554 797 2608 844 et
2631 783 2893 856 praecipit.

2250 885 2389 941 Huic
2419 891 2599 938 autem
2625 887 2828 934 nostrae
2856 869 3199 944 responsioni
3219 881 3328 920 non
3355 864 3532 919 solum
3559 876 3626 916 ex
3659 859 3748 923 iis,

2181 995 2301 1052 quae
2347 976 2661 1047 imprudens
2715 971 2947 1026 Dallzeus
2993 961 3296 1025 concessit,
3348 957 3442 1012 sed
3503 971 3566 1009 ex
3633 954 3750 1021 ipsa

2181 1045 2344 1128 etiam
2393 1045 2714 1139 rigidiorum
2742 1063 3256 1134 presbyteranorum
3297 1051 3552 1121 opinione
3579 1045 3750 1139 pluri-

2184 1178 2332 1218 mum
2365 1138 2578 1216 roboris
2624 1158 2835 1212 accedit
2874 1163 2929 1209 et
2963 1146 3311 1207 ﬁrmamenti.
3354 1141 3564 1196 Etenim
3591 1138 3752 1190 Blon-

2183 1257 2379 1320 dellus,
2396 1269 2508 1324 quo
2535 1265 2695 1306 nemo
2726 1251 2868 1303 inter
2887 1245 3304 1316 presbyteranos
3328 1234 3574 1301 rigidior,
3597 1232 3755 1285 docet

2185 1346 2606 1418 apostolicorum
2645 1342 2887 1394 virorum
2937 1347 3179 1402 tempore
3226 1328 3578 1384 vetustiorem
3627 1336 3752 1390 pre-

2185 1413 2463 1508 shy-terum
2495 1434 2549 1486 in
2589 1429 2833 1486 defuncti
2872 1424 3113 1496 episcopi
3145 1423 3326 1476 locum
3356 1417 3502 1471 nulla
3533 1413 3751 1508 quidem

2185 1505 2450 1585 electione
2471 1526 2556 1580 vel
2584 1523 2958 1585 ordinatione,
2991 1517 3085 1572 sed
3134 1515 3251 1570 solo
3289 1509 3632 1579 antiquitatis
3667 1505 3756 1574 ju—

2187 1638 2268 1686 re,
2301 1637 2363 1675 ea
2415 1621 2532 1689 lege
2585 1617 2941 1685 subrogatum
2983 1609 3184 1673 fuisse;
3217 1616 3277 1660 ut
3306 1620 3371 1659 eo
3417 1605 3536 1672 ipso
3568 1599 3757 1670 primae

2186 1713 2491 1776 cathedrae,
2541 1706 2971 1780 praesidialisque
3025 1698 3311 1770 potestatis
3363 1696 3489 1764 jus,
3546 1693 3758 1747 exteris

2187 1803 2519 1874 presbyteris
2553 1811 2830 1872 negatum,
2859 1798 2937 1851 illi
2967 1796 3320 1852 tribueretur.
3349 1787 3453 1853 Qui
3481 1795 3662 1839 autem
3704 1785 3758 1836 in

2188 1911 2272 1958 ea,
2301 1895 2428 1947 licet
2453 1892 2611 1954 falsa,
2648 1903 2774 1945 sunt
2819 1887 3098 1958 opinione,
3132 1879 3366 1937 inﬁciati
3409 1891 3756 1946 nequaquam

2189 1994 2420 2056 possunt
2449 2000 2646 2040 nomen
2690 1981 2926 2052 episcopi
2960 1976 3315 2048 presbyteris,
3349 1973 3442 2042 qui
3477 1985 3543 2025 eo
3574 1968 3761 2036 prima:

2189 2079 2460 2136 cathedra:
2518 2075 2946 2146 praesidialisque
3016 2067 3302 2140 potestatis
3366 2066 3489 2134 jure
3564 2062 3758 2132 privati

2189 2181 2382 2236 erant,
2432 2170 2628 2224 merito
2679 2168 2748 2222 ab
2799 2165 3006 2234 lgnatio
3045 2164 3403 2231 denegatum;
3462 2172 3526 2212 ac
3565 2155 3761 2208 merito

2189 2262 2418 2332 proinde
2468 2257 2692 2314 nomina
2735 2254 2978 2325 episcopi
3006 2263 3061 2307 et
3110 2250 3411 2320 presbyteri
3440 2247 3508 2302 ab
3543 2246 3636 2299 illo
3662 2259 3763 2298 nec

2189 2352 2475 2418 confundi,
2519 2365 2620 2404 nec
2661 2347 2974 2418 promiscue
3024 2341 3616 2412 indiscriminatimque
3664 2340 3764 2392 ha-

2191 2444 2327 2498 beri.
2350 2442 2431 2496 Ad
2460 2439 2840 2510 distinguenda
2886 2438 3033 2492 enim
3076 2450 3259 2489 rerum
3305 2433 3548 2497 nomina,
3579 2446 3761 2485 veram

2191 2550 2375 2590 rerum
2424 2535 2668 2603 ipsarum
2707 2529 3120 2586 distinctionem
3154 2528 3289 2583 satis
3315 2540 3588 2596 superque
3619 2538 3762 2586 esse,

2192 2627 2393 2691 nullus,
2419 2625 2634 2695 opinor,
2665 2624 3039 2679 dubitaverit..

2195 2738 2316 2810 ﬁll.
2349 2737 2478 2793 Haec
2515 2740 2731 2792 nomina
2762 2739 2830 2810 ob
2871 2737 3156 2810 apostolis,
3200 2735 3429 2803 virisque
3458 2729 3764 2800 apostolicis

2744 2808 2910 2877 fuisse
2946 2809 3220 2860 distincta.

2263 2919 2388 2975 lizec
2419 2935 2553 2974 sane
2603 2921 2671 2974 ad
2723 2919 3115 2974 destruendum
3146 2917 3472 2987 penitusque
3513 2922 3767 2968 everten~

2190 3015 2319 3069 dum
2377 3013 2678 3067 maximum
2731 3011 2916 3065 Dallaei
2963 3019 3347 3080 argumentum
3399 3009 3501 3061 etsi
3554 3009 3769 3060 abunde

2191 3105 2465 3160 sufﬁciant
2485 3146 2500 3170 ,
2532 3106 2599 3159 ad
2637 3120 2752 3159 rem
2786 3113 2969 3157 tamen
2997 3103 3171 3172 ipsam
3202 3100 3619 3155 examinandam
3645 3100 3765 3152 ani-

2192 3213 2284 3252 mo
2311 3196 2692 3252 lubentissimo
2715 3195 3080 3265 aggredimur.
3106 3192 3261 3259 Quod
3288 3193 3452 3262 igitur
3475 3192 3769 3260 apostolos,

521 3277 625 3358 9"“
656 3261 747 3358 '“f’
776 3277 922 3358 δθτξθ
949 3270 1247 3358 η’θηθιῖδθ
1270 3275 1379 3358 ΜΨ
1408 3261 1475 3315 de
1503 3275 1732 3358 liefpsa’
1761 3260 1864 3358 fed
1897 3259 1964 3314 de
1995 3274 2086 3313 so"
2116 3284 2160 3345 C
2192 3287 2627 3358 apostolicosque
2652 3288 2802 3340 viros
2835 3286 3053 3341 duobus
3079 3283 3353 3354 prioribus
3387 3259 3642 3336 Ecclesia:
3671 3297 3773 3336 sze-

522 3356 588 3409 lis
641 3354 880 3424 episcopi
935 3363 989 3410 et
1038 3354 1336 3424 presbyteri
1383 3353 1699 3408 nominibus
1743 3352 2020 3420 disputare
2067 3368 2081 3404 :

527 3465 546 3496 ι
587 3445 743 3501 Nunc
772 3449 840 3501 de
885 3461 945 3501 re
992 3447 1108 3516 ipsa
1133 3486 1150 3513 ,
1186 3445 1366 3515 inquit
1401 3445 1463 3510 ¹⁶,
1496 3458 1606 3498 ηοη
1637 3443 1878 3513 disputo.
1910 3442 2088 3498 Donev

521 3555 645 3593 mus
677 3538 998 3593 doctissimo
1029 3521 1333 3602 Hamondo,
1363 3534 1510 3604 quod
1549 3533 1638 3589 ille
1670 3543 1777 3587 tam
1805 3533 2090 3587 vehemen-

521 3642 605 3687 ter
630 3633 801 3702 cupit,
841 3651 860 3685 ι
897 3633 1157 3688 nimirum
1190 3633 1291 3688 hos
1321 3631 1543 3687 ordines
1585 3645 1769 3685 revera
1811 3629 1982 3685 fuisse
2007 3631 2090 3685 di—

522 3727 768 3782 stinctos.
799 3727 865 3782 Et
911 3728 1076 3797 paulo
1116 3735 1240 3796 post
1272 3745 1285 3780 :
1325 3745 1344 3778 ‹
1373 3725 1449 3780 De
1496 3724 1736 3794 episcopi
1787 3731 1998 3780 tantum
2038 3733 2094 3778 et

521 3820 826 3891 presbyteri
889 3821 1205 3875 nominibus
1277 3835 1464 3890 quaero
1513 3859 1525 3872 .
1572 3858 1587 3872 .
1633 3858 1646 3872 .
1692 3858 1706 3871 .
1763 3817 1830 3872 de
1891 3818 2090 3887 quibus

521 3928 669 3968 nunc
700 3915 833 3969 solis
854 3914 1091 3984 disputo.
1133 3933 1154 3965 ι

593 4003 796 4059 Verum
841 4005 887 4060 si
936 4005 1178 4075 episcopi
1203 4011 1258 4059 et
1289 4006 1589 4075 presbyteri
1624 4003 1844 4058 ordines
1869 4004 2010 4058 inter
2035 4018 2094 4057 se

522 4112 716 4153 revera
766 4099 1010 4154 distincti
1059 4098 1282 4164 fuerint,
1327 4113 1530 4169 eosque
1578 4099 1867 4154 distinctos
1925 4098 2096 4154 fuisse

523 4192 794 4248 concedat
825 4191 1080 4257 Dallaeus,
1113 4191 1183 4245 ab
1228 4205 1293 4246 eo
1333 4191 1496 4245 etiam
1527 4190 1718 4260 procul
1753 4191 1919 4246 dubio
1960 4205 2096 4245 con-

525 4283 831 4338 cedendum
863 4291 948 4337 est
976 4283 1069 4353 jus
1119 4280 1328 4352 lgnatio
1379 4280 1549 4337 fuisse
1595 4282 1915 4339 eorumdem
1951 4281 2099 4334 ordi-

526 4389 660 4427 num
689 4375 910 4428 nomina
938 4375 994 4428 in
1020 4374 1266 4443 epistolis
1298 4374 1625 4444 scriptisque
1653 4375 1769 4429 suis
1806 4387 2021 4442 semper
2047 4381 2100 4424 et

524 4467 732 4535 ubique
755 4466 1148 4536 distinguendi.
1175 4465 1367 4521 Nullus
1395 4469 1538 4521 enim
1577 4467 1689 4520 ullo
1718 4481 1957 4536 unquam
1977 4466 2100 4534 jure

525 4562 795 4630 suspicari
841 4571 1049 4630 potest,
1102 4562 1388 4631 multoque
1435 4561 1618 4615 minus
1659 4559 1862 4615 inferre
1918 4560 2097 4625 debet,

2190 3383 2331 3436 culis
2374 3382 2598 3436 nomina
2648 3379 2890 3450 episcopi
2921 3387 2976 3434 et
3004 3377 3306 3448 presbyteri
3343 3391 3556 3444 semper
3577 3374 3774 3428 confu-

2189 3473 2339 3528 disse
2367 3487 2432 3526 ac
2461 3471 2940 3527 indiscriminatim
2983 3478 3038 3524 et
3082 3469 3396 3538 promiscue
3448 3479 3770 3534 usurpasse,

2191 3575 2342 3620 tanta
2380 3564 2577 3620 ﬁducia
2631 3563 2865 3618 Dallzeus
2915 3563 3133 3625 asserit,
3192 3562 3247 3616 id
3292 3560 3490 3616 falsum
3545 3560 3775 3613 omnino

2189 3669 2292 3725 est,
2319 3657 2646 3727 penitusque
2691 3655 2964 3710 ﬁctitium.
3008 3655 3074 3709 Et
3103 3655 3280 3724 primo
3311 3654 3531 3723 quidem
3568 3655 3621 3705 in
3670 3654 3773 3706 hoc

2188 3743 2368 3803 falsus
2395 3758 2479 3803 est
2505 3746 2773 3810 Dallaaus,
2799 3745 2947 3815 quod
2987 3745 3165 3814 plura,
3195 3758 3362 3813 quam
3410 3758 3506 3812 par
3533 3751 3671 3803 erat,
3705 3760 3769 3798 ex

2193 3841 2315 3912 ipso
2334 3839 2860 3911 Presbyteranorum
2912 3850 3140 3891 suorum
3187 3834 3504 3889 testimonio
3531 3844 3772 3900 tempora

2193 3933 2511 4004 complexus
2560 3932 2651 3988 sit.
2704 3929 2842 3985 Nam
2896 3929 3212 3984 Blondellus
3247 3925 3772 3996 Presbyteranorum

2194 4028 2419 4089 erroris,
2451 4023 2530 4079 uti
2581 4024 2845 4087 diximus,
2894 4022 3200 4076 acerrimus
3245 4018 3518 4082 defensor,
3552 4017 3774 4070 indubi-

2198 4127 2378 4171 tanter
2425 4115 2658 4170 aﬂirmat
2697 4129 2892 4169 novam
2942 4113 3166 4168 creandi
3214 4110 3456 4181 episcopi
3506 4108 3772 4170 formam,

2199 4223 2305 4277 qua
2352 4205 2684 4277 presbyteris
2729 4205 2981 4274 superior
3027 4203 3402 4267 constituitur,
3454 4201 3524 4255 ab
3571 4200 3776 4253 Christi

2201 4315 2346 4354 anno
2374 4299 2478 4353 150
2521 4297 2694 4352 fuisse
2741 4295 3126 4350 introductam.
3160 4293 3232 4347 At
3257 4303 3406 4348 certe
3437 4305 3636 4360 negare
3668 4303 3774 4341 non

2201 4398 2433 4459 possunt
2462 4385 2866 4456 Presbyterani,
2900 4387 3047 4440 hunc
3088 4385 3329 4454 episcopi
3359 4398 3521 4452 supra
3554 4380 3778 4450 presby-

2203 4490 2352 4536 teros
2405 4480 2659 4549 gradum,
2709 4491 2894 4530 secum
2947 4476 3192 4545 ipsorum
3243 4489 3460 4544 quoque
3492 4472 3774 4526 nominum

2208 4573 2480 4628 invexisse
2531 4570 2959 4625 distinctionem.
3008 4565 3124 4620 Non
3169 4570 3314 4622 enim
3362 4567 3468 4620 alia
3500 4566 3566 4618 de
3610 4578 3778 4618 causa

525 4658 730 4726 scripta
779 4655 1022 4709 auctoris
1079 4655 1314 4725 alicujus
1363 4655 1486 4709 ideo
1539 4655 1925 4723 proscribenda
1975 4670 2093 4709 esse

2201 4683 2320 4723 eam
2353 4664 2515 4720 tertio
2544 4662 2746 4717 saeculo
2771 4661 2969 4714 factam
3010 4660 3180 4714 fuisse
3207 4660 3341 4714 dicit
3366 4658 3600 4712 Dallaeus
3622 4698 3638 4723 ,
3672 4657 3776 4710 nisi

524 4752 742 4821 ipsique
768 4748 1308 4818 abjudicanda,quod
1338 4748 1392 4801 in
1425 4748 1492 4803 iis
1521 4762 1585 4801 ea
1635 4748 1858 4802 nomina
1900 4746 2098 4801 distin-

525 4846 688 4909 xerit,
709 4858 945 4914 quorum
969 4844 1070 4897 rite
1097 4842 1608 4912 distinguendorum
1636 4841 1730 4910 jus
1758 4850 2102 4910 potestatem-

524 4953 631 5008 que
657 4937 911 4991 habebat.

595 5031 686 5097 At,
726 5031 907 5100 inquit
928 5030 1182 5097 Dallaeus,
1208 5030 1438 5102 apostoli
1470 5030 1684 5098 virique
1721 5027 2006 5098 apostolici
2036 5041 2099 5080 ea

523 5125 749 5177 nomina
780 5137 889 5176 non
917 5122 1232 5177 distinxere.
1260 5121 1390 5175 Esto
1422 5136 1530 5175 non
1558 5121 1907 5174 distinxerim
1926 5160 1938 5172 .
1968 5117 2108 5184 Quid

527 5215 652 5272 inde
705 5214 940 5269 Dallaaus
989 5215 1266 5284 conjicere
1299 5221 1512 5281 potest,
1547 5210 1652 5265 nisi
1700 5210 1821 5266 illos
1859 5211 1982 5280 jure
2005 5226 2107 5264 suo

526 5322 627 5359 nec
656 5320 788 5359 usos
818 5319 962 5369 esse,
995 5321 1096 5359 nec
1145 5305 1224 5356 uti
1255 5302 1517 5367 voluisse,
1544 5318 1654 5371 quo
1683 5303 1902 5373 quidem
1950 5300 2107 5372 lgna-

528 5399 635 5452 tius
667 5399 745 5453 uti
774 5399 970 5463 voluit,
1003 5399 1220 5467 sibique
1245 5397 1506 5451 utendum
1539 5413 1661 5452 esse
1685 5397 1852 5467 justis
1885 5398 1950 5451 de
1972 5412 2102 5451 eau—

534 5489 602 5542 sis
632 5489 933 5544 arbitratus
967 5491 1085 5545 est?
1126 5489 1182 5542 In
1234 5490 1478 5558 epistolis
1510 5491 1654 5545 enim
1704 5494 1840 5556 suis,
1868 5507 2007 5560 quas
2037 5490 2103 5543 ad

530 5579 801 5638 Ecclesias
833 5584 1122 5652 dirigebat,
1152 5593 1206 5636 et
1252 5585 1307 5637 in
1356 5584 1424 5638 iis
1454 5585 1668 5653 publice
1706 5585 1960 5654 legendas
1986 5600 2107 5639 esse

529 5674 884 5731 subdubitare
897 5688 1128 5746 poterat,
1143 5677 1506 5733 obedientiam
1522 5695 1585 5732 ac
1609 5679 1966 5734 reverentiam
1994 5679 2108 5747 epi-

606 5831 646 5859 ”
676 5846 794 5898 cap.
827 5832 919 5899 ‘25,
954 5846 1005 5900 p.
1041 5831 1165 5886 585.
1248 5836 1287 5866 ¹⁵
1319 5850 1434 5904 cap.
1465 5834 1554 5899 26,
1583 5849 1636 5902 p.
1665 5834 1787 5888 586.
1871 5835 1910 5862 ἠ

2201 4761 2331 4830 quia
2359 4771 2496 4811 nova
2526 4753 2744 4809 creandi
2775 4754 3088 4822 episcopum
3120 4751 3292 4806 forma
3319 4761 3447 4806 tunc
3469 4751 3780 4806 introducta

2202 4861 2306 4907 est.
2355 4849 2492 4903 Cum
2543 4848 2632 4900 illa
2678 4862 2807 4914 ergo
2837 4845 2991 4914 juxta
3029 4843 3450 4915 Presbyteranos
3499 4858 3644 4896 anno
3677 4843 3781 4896 150

2201 4945 2344 5000 facta
2387 4943 2478 5006 sit,
2511 4939 2851 5010 septuaginta
2901 4939 3030 4992 anni
3070 4953 3101 4991 a
3133 4937 3405 4992 Dallzeano
3442 4937 3656 4992 calculo
3686 4936 3781 4990 de-

2203 5033 2453 5089 trahendi
2478 5041 2626 5087 sunt.

2278 5123 2397 5176 Jam
2438 5137 2568 5176 vero
2609 5122 2654 5176 si
2694 5121 2760 5174 ad
2793 5121 3075 5189 superiora
3118 5129 3362 5189 tempora
3392 5118 3781 5181 ascendamus,

2210 5214 2500 5268 Dallmana:
2524 5213 2842 5268 assertionis
2870 5212 3078 5266 falsitas
3115 5212 3331 5279 planius
3375 5209 3783 5277 dilueidiusque

2208 5307 2509 5376 apparebit.
2539 5303 2750 5358 Nemini
2795 5304 2992 5372 quippe
3019 5303 3261 5372 ignotum
3300 5312 3383 5356 est
3409 5317 3574 5372 quam
3607 5314 3782 5370 pauca

2211 5400 2368 5454 nobis
2424 5398 2696 5468 supersint
2749 5395 3178 5465 apostolicorum
3229 5395 3472 5448 virorum
3538 5393 3780 5460 scripta,

2211 5510 2314 5549 nec
2345 5493 2439 5546 ulli
2489 5491 2711 5546 dubium
2769 5504 2892 5544 esse
2931 5497 3130 5558 potest,
3159 5488 3287 5556 quin
3327 5487 3559 5556 plurima
3589 5501 3781 5540 eorum

2213 5600 2376 5654 opera
2432 5584 2542 5638 sint
2587 5581 2901 5650 deperdita,
2935 5594 3110 5648 neque
3157 5581 3211 5632 in
3266 5589 3481 5634 nostras
3533 5575 3784 5632 venerint

2217 5693 2430 5732 manus.
2469 5674 2620 5730 Unde
2649 5689 2776 5742 ergo
2807 5672 3060 5742 probabit
3106 5670 3333 5726 Dallteus
3355 5711 3368 5736 ,
3402 5684 3591 5724 omnes
3621 5667 3781 5738 primi
