4138 6448
411 418 515 474 557

1383 414 1447 469 D.
1487 413 1773 472 NOURRII
1811 415 2296 474 DlSSERTATIO.
2336 445 2404 455 -—
2453 409 2632 465 PARS
2672 408 2717 485 l.

3576 410 3679 465 538

408 550 463 592 et
498 538 724 594 secundi
755 538 938 595 saeculi
971 538 1269 609 scriptores
1315 538 1527 593 nullum
1566 554 1807 607 unquam
1853 538 1994 592 inter
2023 542 2071 599 Α
2097 535 2549 592 consuetudinem
2587 533 2811 589 secundi
2842 532 3030 588 saeculi
3057 531 3414 602 scriptorum,
3437 531 3531 602 qui
3557 532 3680 587 istis

408 631 655 700 episcopi
703 639 761 686 et
807 630 1114 701 presbyteri
1161 630 1385 685 nomina
1418 630 1772 686 constituisse
1794 628 1993 683 discri-

408 722 572 776 men?
592 722 850 793 Nunquid
883 723 987 792 ipsi
1018 722 1164 793 quod
1198 723 1253 776 in
1290 722 1585 793 deperditis
1613 721 1838 777 Patrum
1865 736 1995 790 ope-

407 815 563 869 ribus
591 816 857 885 scriptum
882 814 1065 881 fuerit,
1098 814 1426 884 patefactum
1457 814 1579 869 est?

483 904 799 975 Respondet
839 905 1072 961 Dailaeus
1121 920 1181 961 se
1208 906 1260 961 id
1292 905 1526 975 probare
1560 920 1628 960 ex
1668 902 1994 976 Chrysosto-

405 1012 524 1064 mo,
558 996 932 1063 Theodoreto,
970 999 1205 1069 aliisque
1253 998 1683 1069 posterioribus,
1732 997 1827 1067 qui
1877 998 1993 1052 haec

408 1089 636 1143 nomina
690 1091 1013 1159 apostolicis
1052 1090 1390 1159 temporibus
1417 1089 1670 1145 distincta
1715 1099 1771 1145 et
1796 1089 1994 1145 discri-

407 1182 617 1235 minata
669 1182 840 1237 fuisse
888 1193 1074 1253 aperte
1121 1183 1457 1239 inficiantur.
1506 1181 1652 1237 Bene
1692 1191 1775 1239 est
1818 1191 1988 1248 certe,

402 1271 550 1339 quod
580 1272 671 1326 ille
702 1286 802 1327 eos
847 1274 1006 1329 nobis
1052 1272 1320 1343 producat
1354 1282 1541 1337 testes,
1576 1272 1672 1343 qui
1702 1281 1893 1329 contra
1920 1272 1989 1327 il-

401 1361 511 1417 lius
540 1363 857 1433 opinionem
902 1365 1287 1435 gravissimum
1327 1365 1488 1434 plane
1519 1365 1710 1425 dicunt
1739 1364 1989 1421 testimo-

404 1454 580 1508 nium.
626 1453 692 1509 Hi
747 1471 945 1525 nempe
994 1457 1244 1526 quamvis
1275 1457 1479 1527 optime
1534 1465 1760 1512 nossent
1798 1456 1854 1511 in
1903 1456 1990 1512 his

399 1545 654 1614 epistolis
695 1547 922 1602 nomina
968 1549 1210 1620 episcopi
1242 1557 1296 1604 et
1327 1548 1626 1621 presbyteri
1657 1564 1872 1619 semper
1900 1548 1989 1603 di-

401 1637 641 1707 stingui,
668 1653 768 1693 nec
794 1639 940 1694 inter
971 1654 1031 1695 se
1074 1641 1187 1695 ullo
1216 1656 1458 1712 unquam
1498 1640 1661 1696 modo
1688 1639 1985 1707 confundi;

400 1728 522 1782 illas
553 1737 732 1782 tamen
757 1729 971 1800 lgnatio
1008 1740 1199 1787 nostro
1230 1740 1548 1787 constanter
1577 1733 1984 1802 adjudicarunt.

396 1820 561 1891 Atqui
600 1823 644 1877 si
682 1823 872 1877 eadem
905 1824 1130 1878 nomina
1175 1824 1246 1878 ab
1288 1823 1547 1880 omnibus
1585 1823 1709 1878 aliis
1738 1822 1904 1892 primi
1933 1831 1987 1877 et

398 1913 625 1966 secundi
674 1914 861 1969 saeculi
886 1915 1251 1985 scriptoribus
1295 1914 1546 1981 confusa,
1580 1922 1635 1969 et
1668 1913 1738 1969 ab
1760 1924 1983 1969 auctore

396 2013 589 2060 nostro
640 2015 837 2076 praeter
885 2016 1227 2063 constantem
1278 2009 1706 2078 apostolicorum
1736 2006 1981 2061 virorum

396 2110 558 2150 usum
592 2106 649 2152 et
677 2100 1136 2155 consuetudinem
1188 2100 1446 2156 distincta
1482 2098 1654 2155 fuisse
1681 2114 1783 2169 pro
1830 2107 1982 2153 certo

396 2187 741 2257 habuissent,
767 2200 878 2245 tam
907 2199 1112 2247 certam
1149 2191 1218 2246 de
1246 2191 1334 2247 his
1364 2191 1611 2261 epistolis
1641 2189 1849 2262 lgnatio
1879 2191 1981 2245 tri-

393 2276 625 2335 buendis
656 2296 764 2335 non
794 2282 1048 2338 tulissent
1075 2283 1425 2339 sententiam.

463 2366 606 2434 Quid
634 2385 765 2441 ergo
792 2379 982 2427 contra
1014 2380 1182 2428 testes
1210 2388 1344 2428 suos
1370 2372 1653 2443 proferent
1682 2373 1981 2430 Dallaaani?

392 2461 657 2519 Dicentne
700 2465 825 2521 illos
873 2466 927 2520 in
975 2482 1042 2522 eo
1086 2482 1339 2532 errasse,
1388 2469 1535 2538 quod
1572 2471 1673 2527 has
1719 2473 1978 2541 epistolas

390 2555 603 2624 lgnatio
639 2559 1030 2629 ascripserint?
1071 2558 1143 2614 At
1188 2560 1238 2615 si
1292 2560 1350 2615 in
1402 2561 1508 2617 hoc
1553 2577 1827 2632 erravere,
1879 2582 1979 2623 cur

390 2665 502 2703 non
532 2649 700 2705 etiam
730 2650 785 2704 in
809 2666 876 2706 eo
904 2649 1027 2706 falsi
1058 2660 1205 2718 sunt,
1239 2652 1388 2722 quod
1413 2652 1482 2708 de
1523 2654 1849 2713 confusione
1877 2674 1979 2712 no-

392 2742 607 2796 minum
638 2743 883 2813 episcOpi
914 2750 969 2799 et
995 2745 1298 2817 presbyteri
1328 2745 1548 2816 scriptis
1578 2748 1979 2817 prodiderunt?

388 2833 597 2888 Deinde
644 2836 899 2905 quamvis
945 2836 1000 2890 in
1051 2837 1224 2906 priori
1274 2838 1452 2907 capite
1492 2840 1704 2909 decepti
1736 2840 1972 2909 fuerint,

385 2941 453 2980 ex
482 2941 673 2981 eorum
698 2937 881 2983 tamen
916 2943 1104 2985 errore
1139 2930 1330 2986 eadem
1358 2945 1573 3001 semper
1604 2931 1825 2987 elicitur
1844 2948 1974 2989 con-

385 3018 585 3084 clusio,
616 3018 739 3073 illos
787 3035 1115 3090 persuasum
1158 3021 1389 3077 firmiter
1443 3023 1703 3079 habuisse
1756 3039 1822 3079 ea
1853 3026 1973 3096 epi-

384 3110 538 3180 scopi
564 3120 618 3165 et
648 3111 952 3183 presbyteri
983 3112 1207 3167 nomina
1234 3128 1344 3169 non
1374 3128 1404 3167 a
1434 3114 1552 3169 solo
1578 3112 1808 3185 Ignatio,
1835 3132 1975 3187 prte—

2097 630 2380 685 vocabulis
2454 627 2929 682 indiscriminatim
3000 633 3251 679 utttntur.
3317 645 3338 677 ι
3400 624 3674 694 Optimam

2096 734 2230 775 sane
2274 717 2559 774 Pearsonii
2595 717 2755 771 fidem
2793 715 2988 786 probat
3034 713 3341 769 Dallaeanus
3378 713 3539 768 liber.
3570 711 3675 765 Sed

2094 810 2363 881 quidquid
2419 811 2487 865 de
2537 825 2600 865 ca
2638 809 2737 874 sit,
2784 823 2849 862 ex
2906 808 2991 863 his
3052 805 3306 861 Dallaeani
3371 804 3677 859 defensoris

2092 903 2295 967 verbis,
2322 902 2456 956 illud
2488 912 2670 956 ratum
2715 911 3037 969 certumque
3081 898 3369 963 habemus,
3401 896 3546 967 quod
3575 896 3677 949 ali-

2094 999 2223 1068 qui,
2260 1000 2510 1064 nemine,
2553 1014 2620 1053 ne
2659 998 2779 1068 ipso
2831 994 3087 1066 quidem,
3128 1001 3189 1047 ut
3228 993 3319 1047 ille
3359 992 3506 1058 vult,
3549 990 3675 1045 Dal-

2092 1088 2195 1142 laeo
2236 1087 2574 1159 refragante,
2613 1086 2797 1143 saeculi
2852 1085 3079 1141 secundi
3119 1084 3412 1153 scriptorcs
3450 1081 3671 1136 nomina

2091 1181 2335 1250 episcopi
2389 1190 2445 1235 et
2504 1179 2807 1251 presbyteri
2858 1178 3047 1233 eodem
3107 1192 3171 1231 ac
3230 1175 3471 1248 lgnatius
3510 1175 3672 1230 modo

2091 1273 2463 1331 distinxerim.
2505 1271 2587 1326 Ex
2624 1273 2710 1326 his
2750 1285 2915 1340 porro
2953 1284 3075 1339 quae
3113 1267 3409 1323 adversarii
3451 1267 3535 1321 vel
3574 1281 3673 1319 vo-

2089 1366 2265 1423 lentes
2300 1367 2386 1421 vel
2425 1366 2578 1420 inviti
2618 1364 2876 1431 fatentur,
2916 1372 3106 1418 contra
3130 1377 3226 1417 eos
3262 1361 3344 1417 sic
3379 1376 3673 1431 argumen-

2094 1457 2411 1513 tamttrzﬁre
2445 1457 2690 1527 epistola:
2714 1455 2769 1510 in
2808 1454 3011 1526 quibus
3041 1464 3237 1525 praeter
3275 1470 3435 1509 usum
3464 1461 3519 1507 et
3540 1467 3673 1508 con-

2090 1550 2436 1605 suetudinem
2502 1549 2653 1605 illius
2698 1547 2927 1614 Saeculi,
2982 1563 3173 1602 verum
3229 1546 3371 1601 inter
3428 1545 3670 1616 episcopi

2088 1649 2143 1695 et
2178 1640 2482 1712 presbyteri
2528 1639 2754 1695 nomina
2788 1638 3086 1694 discrimen
3136 1652 3352 1707 semper
3385 1638 3666 1703 statuitur,

2088 1748 2202 1788 non
2228 1734 2413 1788 minus
2438 1732 2635 1804 lgnatii
2655 1730 2800 1787 fetus
2841 1738 2991 1797 sunt,
3015 1745 3180 1799 quam
3205 1730 3407 1799 scripta
3435 1730 3667 1784 aliorum

2088 1824 2334 1894 ejusdem
2361 1825 2549 1880 saeculi
2578 1834 2890 1889 auctorum,
2921 1822 2975 1875 in
2999 1822 3202 1891 quibus
3226 1821 3393 1886 idem,
3419 1821 3672 1890 quamvis

2019 1888 2058 1946 Β
2087 1918 2290 1981 rarius,
2308 1917 2602 1973 discrimen
2629 1917 2874 1987 ponitur,
2896 1931 3086 1971 eorum
3117 1928 3241 1969 vere
3263 1920 3411 1979 sunt,
3433 1930 3669 1983 quorum

2085 2010 2406 2066 nominibus
2455 2009 2855 2069 inscribuntur.
2901 2007 3038 2073 Quis
3065 2006 3212 2061 enim
3257 2007 3464 2060 abnuat
3509 2004 3668 2076 lgna-

2084 2102 2227 2156 tium
2256 2101 2500 2172 potuisse
2529 2116 2594 2155 ea
2634 2115 2851 2170 semper
2880 2098 3220 2167 distinguere
3260 2098 3516 2164 nomina,
3546 2112 3672 2167 quae

2077 2196 2203 2266 jure
2244 2197 2444 2253 merito
2482 2195 2553 2251 ab
2606 2195 2732 2251 aliis
2781 2193 3034 2264 pluribus
3074 2191 3370 2262 aliquando
3410 2189 3669 2245 distincta

2079 2285 2253 2344 fuisse
2305 2296 2516 2344 certum
2581 2300 2810 2356 prorsus
2859 2296 3299 2352 concessumque
3337 2281 3461 2336 est?
3502 2278 3666 2349 Atqui

2080 2379 2382 2435 fatentibus
2412 2378 2780 2446 adversariis,
2828 2377 3014 2448 plures
3065 2374 3292 2432 secundi
3328 2373 3515 2428 saeculi
3562 2388 3667 2425 au-

2079 2482 2259 2529 ctores
2289 2472 2344 2527 in
2376 2471 2647 2542 Operibus
2682 2480 2737 2526 et
2779 2470 3036 2539 scriptis,
3063 2483 3187 2539 qua:
3224 2482 3353 2521 vere
3373 2467 3443 2520 ab
3469 2465 3665 2520 iisdem

2078 2576 2210 2622 sunt
2236 2566 2404 2633 edita,
2438 2564 2683 2635 episcopi
2708 2573 2763 2619 et
2783 2562 3084 2634 presbyteri
3110 2560 3334 2616 nomina
3366 2559 3667 2629 aliquando

2077 2660 2472 2715 distinxerunt.
2500 2655 2688 2711 Potuit
2714 2669 2846 2726 ergo
2869 2653 3114 2725 lgnatius
3142 2653 3331 2707 eadem
3362 2652 3585 2708 nomina
3609 2651 3667 2704 in

2075 2750 2322 2819 epistolis
2362 2749 2482 2803 suis
2518 2762 2735 2817 semper
2763 2746 3121 2816 distinguere,
3149 2759 3251 2799 nec
3273 2759 3394 2798 eam
3427 2743 3498 2799 ob
3529 2758 3663 2798 cau-

2076 2858 2193 2898 sam
2221 2842 2422 2897 debent
2449 2839 2550 2910 ipsi
2582 2839 2652 2894 ab
2682 2837 3019 2893 adversariis
3048 2834 3377 2905 abjudicari.

2144 2932 2459 2995 Addamus,
2510 2930 2558 2985 si
2607 2929 2789 2996 lubet,
2841 2927 2983 2997 apud
3026 2926 3320 2981 Eusebium
3362 2922 3661 2979 Ecclesiam

2074 3022 2504 3096 Lugdunensem
2560 3021 2655 3076 lib.
2697 3036 2730 3075 v
2770 3019 2920 3074 Hist.
2956 3034 3078 3088 cap.
3112 3017 3162 3084 1,
3199 3016 3516 3087 Dionysium
3550 3015 3661 3069 Co—

2070 3114 2337 3169 rinthium
2368 3113 2462 3167 lib.
2492 3126 2566 3178 tv,
2601 3126 2722 3181 cap.
2737 3111 2829 3176 Q5,
2864 3109 3201 3181 Polycratem
3226 3108 3395 3175 lib.v,
3422 3121 3542 3175 cap.
3567 3105 3660 3171 24,

383 3210 468 3256 ter
490 3208 833 3257 constantem
857 3211 1178 3258 cancrorum
1204 3203 1450 3258 omnium
1477 3220 1688 3261 morem
1706 3215 1762 3263 et
1783 3224 1968 3273 usum,
1997 3236 2043 3296 ε
2074 3209 2128 3263 in
2200 3206 2316 3262 suis
2370 3204 2615 3274 epistolis
2676 3218 2961 3273 nunquam
3009 3199 3329 3271 presbytero
3402 3198 3663 3253 tribuisse

382 3291 478 3346 sed
520 3291 591 3347 ab
632 3291 759 3347 aliis
800 3292 965 3348 etiam
998 3294 1331 3363 quibusdam
1378 3298 1665 3367 apostolici
1696 3299 1798 3355 aevi
1831 3303 1970 3357 scri—

379 3382 631 3452 ptoribus
667 3382 836 3440 fuisse
864 3384 1141 3440 distincta.

450 3494 519 3549 Et
540 3504 690 3552 certe
720 3511 838 3551 rem
881 3497 959 3551 ita
1000 3512 1061 3554 se
1088 3498 1292 3555 habere
1322 3502 1449 3558 inde
1480 3503 1785 3572 evincitur,
1819 3506 1965 3577 quod

377 3596 591 3643 certum
618 3589 692 3643 sit
729 3589 1013 3658 apostolos
1045 3590 1195 3660 ipsos
1226 3592 1302 3648 ita
1331 3593 1401 3648 de
1433 3595 1737 3667 presbyteri
1766 3606 1820 3651 et
1848 3598 1968 3652 dia-

377 3682 503 3738 coni
550 3682 991 3742 ordinationibus
1052 3686 1359 3755 disserere,
1406 3699 1467 3743 ut
1515 3704 1609 3745 eas
1649 3704 1866 3762 semper
1898 3692 1967 3747 ab

374 3778 657 3847 episcopo,
697 3794 983 3848 nunquam
1026 3794 1058 3835 a
1090 3779 1413 3852 presbytero
1445 3779 1564 3835 ﬁeri
1592 3781 1789 3838 debere
1815 3799 1967 3839 asse-

312 3862 330 3875 “
376 3878 588 3925 verem.
611 3870 695 3925 Ad
724 3872 843 3926 haec
868 3885 1000 3926 vero
1025 3869 1254 3940 Paulus,
1287 3886 1413 3927 cum
1446 3874 1710 3930 adversus
1738 3877 1965 3949 presby-

377 3969 529 4016 teros
548 3962 957 4017 accusationem
984 3961 1157 4031 recipi
1182 3970 1328 4016 vetat
1356 3979 1370 4015 :
1398 3962 1661 4017 Adversus
1693 3964 1957 4037 presbyte-

374 4068 496 4105 rum
532 4054 642 4107 cito
685 4054 1077 4108 accusationem
1111 4052 1222 4107 noli
1250 4053 1479 4122 recipere
1518 4054 1597 4122 ιτς
1632 4055 1707 4109 ibi
1751 4055 1817 4111 de
1845 4059 1963 4128 epi-

374 4158 543 4214 scopo
568 4145 907 4217 presbyteris
938 4144 1226 4214 superiore
1264 4143 1527 4215 loquitur.
1552 4143 1628 4201 Ex
1665 4147 1750 4202 his
1779 4157 1961 4204 autem

374 4250 485 4290 non
516 4236 751 4293 obscure
797 4236 1107 4307 colligimus
1148 4238 1429 4306 apostolos
1474 4246 1605 4294 tunc
1631 4239 1875 4311 episcopi
1908 4249 1964 4296 et

373 4328 677 4399 presbyteri
707 4330 959 4396 nomina,
1005 4344 1132 4385 cum
1160 4328 1230 4384 de
1258 4328 1454 4385 ofﬁciis
1495 4331 1795 4400 unicuique
1826 4348 1955 4402 pro-

371 4419 506 4488 priis
548 4421 937 4491 loquebantur,
974 4430 1122 4477 recte
1144 4420 1505 4487 distinxisse;
1536 4437 1638 4478 nec
1660 4437 1725 4479 ea
1758 4423 1958 4478 confu-

370 4512 539 4580 disse,
576 4513 683 4570 nisi
711 4529 839 4569 cum
869 4514 936 4569 de
966 4513 1194 4583 muniis,
1218 4529 1343 4584 qua:
1371 4513 1621 4586 utrisque
1641 4518 1955 4573 communia

368 4612 550 4671 erant,
580 4620 894 4661 sermonem
926 4605 1189 4661 facerent.

440 4693 585 4761 Quid
632 4696 782 4766 quod
822 4703 879 4751 et
924 4695 1110 4767 plures
1146 4706 1450 4753 occurrunt
1499 4698 1725 4754 secundi
1771 4698 1956 4754 saeculi

367 4787 699 4856 scriptores,
742 4786 839 4858 qui
874 4786 1021 4843 idem
1055 4792 1132 4851 ac~
1159 4785 1441 4859 lgnatius,
1465 4789 1606 4845 inter
1628 4789 1872 4861 episcopi
1900 4798 1955 4847 et

366 4876 673 4949 presbyteri
717 4876 944 4933 nomina
991 4878 1322 4946 discrimen,
1362 4879 1721 4951 eamdemque
1759 4881 1958 4936 distin-

365 4972 609 5028 ctionem
639 4980 903 5030 statuere.
942 4973 1000 5028 Id
1033 4972 1252 5043 quidem
1285 4974 1436 5044 quod
1466 4975 1700 5032 Dallaaus
1727 4992 1957 5048 negasse

365 5065 677 5133 videbatur,
696 5074 851 5121 tanta
874 5065 1145 5122 evidentia
1168 5066 1565 5122 demonstravit
1585 5066 1917 5125 Pearsonius
1938 5089 1953 5138 ;

367 5166 428 5213 ut
471 5159 543 5213 ab
590 5173 869 5230 anonymo
909 5156 1096 5213 Deliaci
1138 5157 1430 5214 defensore
1481 5159 1586 5214 hoc
1630 5175 1954 5230 responsum

364 5250 639 5319 acceperit
668 5250 713 5283 “
741 5271 756 5307 :
793 5269 813 5301 ι
849 5249 999 5305 Mala
1026 5249 1133 5306 fide
1179 5250 1366 5305 Dallaei
1398 5252 1725 5307 sententiam
1757 5268 1958 5323 reprae-

363 5350 565 5408 sentat,
596 5343 760 5412 quasi
790 5350 1017 5414 negaret
1043 5341 1341 5398 discrimen
1372 5342 1506 5398 illud
1543 5344 1687 5399 inter
1709 5344 1951 5416 episcopi

361 5445 417 5489 et
462 5436 767 5507 presbyteri
818 5435 1044 5490 nomina
1090 5450 1123 5489 a
1175 5434 1451 5492 veteribus
1482 5452 1724 5506 unquam
1763 5440 1953 5495 obser-

363 5537 550 5582 vatum
577 5540 720 5583 esse.
745 5524 952 5582 Tamen
990 5524 1097 5581 alia
1128 5540 1285 5581 mens
1314 5524 1417 5580 fuit
1446 5524 1669 5596 Dallaeo,
1693 5529 1787 5599 qui
1814 5530 1955 5585 dun-

361 5628 516 5675 taxat
561 5617 761 5674 asserit
816 5616 1083 5688 lgnatium
1134 5617 1328 5686 ingens
1373 5631 1589 5687 semper
1652 5620 1952 5679 discrimen

360 5720 606 5767 statuere
657 5711 800 5766 inter
848 5708 967 5765 haec
1016 5708 1126 5763 duo
1179 5709 1423 5775 nomina,
1462 5719 1660 5780 praeter
1706 5728 1867 5769 usum
1898 5724 1951 5770 et

467 5859 553 5912 "'1
584 5856 728 5913 Tim.
771 5873 823 5924 v,
860 5858 939 5912 l9.
1041 5858 1083 5890 ³⁸
1110 5873 1230 5929 pag.
1260 5858 1385 5914 500.

2072 3299 2316 3370 episcopi
2339 3312 2562 3351 nomen.
2583 3294 2726 3365 Ergo
2748 3294 2970 3350 nomina
3005 3293 3249 3363 episcOpi
3280 3299 3335 3345 et
3360 3290 3663 3361 presbyteri

2070 3408 2180 3446 non
2213 3405 2428 3460 semper
2458 3387 2835 3454 confundunt,
2878 3387 2973 3442 sed
3005 3386 3099 3440 illa
3128 3400 3285 3455 aeque
3324 3400 3389 3439 ac
3418 3383 3663 3455 lgnatius

2070 3494 2255 3539 noster
2285 3499 2318 3538 a
2350 3498 2410 3538 se
2436 3482 2671 3537 invicem
2712 3488 2900 3550 aperte
2928 3478 3337 3534 discriminant.

2073 3596 2102 3669 ᾗ
2129 3595 2217 3652 lll.
2237 3594 2600 3666 Respondetur
2625 3590 2905 3673 objectiotti
2937 3604 3001 3644 ea:
3021 3586 3310 3658 Polycarpi
3341 3586 3659 3641 auctoritate

2755 3670 2962 3733 petita.

2145 3781 2355 3837 Instant
2402 3792 2587 3835 tamen
2642 3776 2972 3840 adversarii,
3013 3774 3262 3846 nihilque
3316 3772 3657 3828 remittentes

2067 3878 2265 3943 urgent
2323 3869 2730 3941 Polycarpum,
2794 3866 3036 3922 amicitia
3088 3874 3143 3920 et
3196 3864 3390 3920 ordine
3446 3862 3657 3934 lgnatio

2068 3963 2607 4035 coniunctissimum,
2631 3961 2687 4015 in
2713 3959 2940 4030 epistola
2970 3959 3037 4013 ad
3059 3957 3461 4027 Philippenses,
3484 3955 3654 4010 tacito

2066 4056 2311 4127 episcopi
2370 4056 2614 4123 nomine,
2668 4052 2805 4109 illud
2858 4068 2986 4109 cum
3039 4050 3342 4123 presbyteri
3384 4048 3655 4104 vocabulo

2067 4162 2288 4217 semper
2324 4146 2674 4213 confudisse;
2717 4146 2955 4215 hincque
2984 4158 3111 4199 eum
3142 4142 3349 4197 dixisse
3375 4156 3390 4195 τ
3424 4159 3443 4193 ι
3473 4139 3656 4207 Quare

2062 4248 2394 4310 oportet.....
2416 4238 2613 4309 subjici
2641 4237 2975 4309 presbyteris
3009 4244 3064 4292 et
3089 4234 3357 4302 diaconis,
3388 4243 3653 4304 tanquam

2061 4332 2284 4389 Christo
2330 4340 2385 4386 et
2417 4330 2612 4386 Deo?»
2666 4329 3085 4399 Respondemus
3128 4327 3309 4399 primo
3364 4326 3502 4380 nihil
3552 4341 3653 4395 pe-

2061 4425 2212 4479 nitus
2243 4439 2311 4479 ex
2336 4423 2438 4478 hac
2459 4422 2749 4494 Polycarpi
2780 4421 3109 4476 auctoritate
3138 4426 3329 4473 contra
3355 4433 3459 4473 nos
3489 4416 3653 4471 efﬁci.

2061 4513 2327 4582 Quamvis
2390 4515 2535 4569 enim
2595 4512 2932 4585 Polycarpus
2976 4510 3089 4565 haec
3116 4510 3259 4565 inter
3312 4524 3372 4564 se
3425 4509 3654 4562 nomina

1989 4577 2033 4633 Β
2061 4577 2397 4671 confuderit,
2450 4603 2584 4659 illud
2642 4577 2846 4659 tamen-
2878 4600 3090 4672 lgnatio
3148 4599 3242 4670 jus
3284 4614 3396 4654 non
3427 4600 3655 4654 abstulit

2061 4711 2123 4751 ea
2152 4696 2545 4767 distinguendi,
2572 4710 2695 4765 quae
2715 4693 2783 4748 ab
2808 4693 2932 4747 aliis
2958 4706 3071 4747 suae
3094 4690 3268 4745 aetatis
3291 4690 3655 4760 scriptoribus

2060 4787 2323 4843 distincta
2353 4785 2526 4841 fuisse
2555 4784 2788 4839 inﬁciari
2814 4798 2978 4837 nemo
3010 4788 3208 4851 potest.
3234 4779 3650 4851 Respondemus
3722 4828 3725 4829 ν

2063 4879 2332 4945 secundo,
2365 4877 2635 4933 incertum
2686 4874 2915 4931 omnino
2941 4889 3086 4938 esse,
3115 4881 3302 4928 utrum
3337 4882 3469 4928 tunc
3508 4880 3648 4927 tem-

2061 4974 2212 5045 poris
2254 4988 2380 5028 cum
2426 4985 2584 5027 suam
2626 4968 2961 5040 Polycarpus
3015 4966 3282 5022 scriberet
3335 4966 3650 5037 epistolam,

2058 5065 2487 5137 Philippensium
2504 5064 2796 5135 episcopus
2817 5051 2997 5117 adhuc
3012 5070 3157 5117 esset
3186 5062 3239 5115 in
3257 5061 3415 5116 vivis.
3444 5058 3649 5115 Deinde

2063 5157 2181 5214 haec
2212 5158 2445 5229 epistola
2480 5157 2546 5212 ad
2577 5171 2678 5212 nos
2712 5156 2924 5226 integra
2973 5153 3201 5209 omnino
3230 5163 3285 5208 et
3330 5153 3646 5221 incorrupta

2063 5267 2171 5309 non
2195 5251 2464 5322 pervenit.
2501 5249 2717 5305 Rursus
2744 5263 2845 5320 ego
2878 5248 3150 5302 incertum
3184 5261 3317 5301 num
3359 5246 3417 5300 in
3447 5261 3513 5301 ea
3541 5245 3640 5301 Po-

2062 5344 2319 5415 lycarpus
2376 5344 2577 5399 alicubi
2636 5345 2933 5415 specialem
2998 5344 3237 5416 episcopi
3309 5343 3643 5399 mentionem

2059 5435 2270 5493 fecerit.
2316 5435 2503 5494 Tertio
2542 5438 2784 5509 denique
2827 5439 3096 5495 incertum
3130 5446 3316 5493 utrum
3354 5437 3445 5492 ille
3478 5436 3642 5491 aliam

2056 5528 2365 5598 epistolam,
2397 5546 2520 5601 quae
2548 5531 2615 5587 de
2641 5531 2899 5603 episcopo
2924 5531 3248 5588 nominatim
3274 5532 3487 5604 agebat,
3514 5533 3643 5589 huic

2055 5620 2423 5693 subjunxcrit.

2128 5713 2335 5789 Urgent
2372 5716 2588 5773 tandem
2616 5716 2977 5789 Polycarpum
3022 5717 3076 5774 in
3114 5717 3361 5789 ejusdem
3393 5718 3641 5790 epistola:
