  <div class='ocr_page' id='page_1' title='image "/cluster/home/n/w/nwhite01/storage/ocr_20150623/5/coo.31924054872845/277.png"; bbox 0 0 4138 6388; ppageno 0'>
   <div class='ocr_carea' id='block_1_1' title="bbox 524 370 631 430">
    <p class='ocr_par' dir='ltr' id='par_1_1' title="bbox 524 370 631 430">
     <span class='ocr_line' id='line_1_1' title="bbox 524 370 631 430; baseline 0.019 -2"><span class='ocrx_word' id='word_1_1' title='bbox 524 370 631 430; x_wconf 76' lang='lat'><strong>539</strong></span> 
     </span>
    </p>
   </div>
   <div class='ocr_carea' id='block_1_2' title="bbox 1592 365 2718 424">
    <p class='ocr_par' dir='ltr' id='par_1_2' title="bbox 1592 365 2718 424">
     <span class='ocr_line' id='line_1_2' title="bbox 1592 365 2718 424; baseline -0.001 -1"><span class='ocrx_word' id='word_1_2' title='bbox 1592 368 1649 423; x_wconf 90' lang='lat' dir='ltr'><strong>S.</strong></span> <span class='ocrx_word' id='word_1_3' title='bbox 1692 368 2038 424; x_wconf 80' lang='lat' dir='ltr'><strong>IGNATIUS.</strong></span> <span class='ocrx_word' id='word_1_4' title='bbox 2082 400 2148 407; x_wconf 90' lang='lat'><strong>—</strong></span> <span class='ocrx_word' id='word_1_5' title='bbox 2186 365 2718 422; x_wconf 75' lang='lat' dir='ltr'><strong>PROLEGOMENA.</strong></span> 
     </span>
    </p>
   </div>
   <div class='ocr_carea' id='block_1_3' title="bbox 3676 372 3782 428">
    <p class='ocr_par' dir='ltr' id='par_1_3' title="bbox 3676 372 3782 428">
     <span class='ocr_line' id='line_1_3' title="bbox 3676 372 3782 428; baseline 0 0"><span class='ocrx_word' id='word_1_6' title='bbox 3676 372 3782 428; x_wconf 74' lang='grc'><strong>540</strong></span> 
     </span>
    </p>
   </div>
   <div class='ocr_carea' id='block_1_4' title="bbox 524 489 3781 566">
    <p class='ocr_par' dir='ltr' id='par_1_4' title="bbox 524 489 3781 566">
     <span class='ocr_line' id='line_1_4' title="bbox 524 489 3781 566; baseline -0.001 -15"><span class='ocrx_word' id='word_1_7' title='bbox 524 495 884 566; x_wconf 77' lang='lat' dir='ltr'><strong>inscriptione</strong></span> <span class='ocrx_word' id='word_1_8' title='bbox 932 510 991 550; x_wconf 85' lang='lat' dir='ltr'><strong>se</strong></span> <span class='ocrx_word' id='word_1_9' title='bbox 1038 510 1147 549; x_wconf 90' lang='lat' dir='ltr'><strong>non</strong></span> <span class='ocrx_word' id='word_1_10' title='bbox 1191 495 1531 563; x_wconf 87' lang='lat' dir='ltr'><strong>episcopum,</strong></span> <span class='ocrx_word' id='word_1_11' title='bbox 1583 495 1677 549; x_wconf 87' lang='lat' dir='ltr'><strong>sed</strong></span> <span class='ocrx_word' id='word_1_12' title='bbox 1728 496 2102 565; x_wconf 78' lang='lat' dir='ltr'><strong>presbyterum</strong></span> <span class='ocrx_word' id='word_1_13' title='bbox 2137 508 2181 562; x_wconf 76' lang='grc' dir='ltr'><strong>Α</strong></span> <span class='ocrx_word' id='word_1_14' title='bbox 2211 500 2442 562; x_wconf 89' lang='lat' dir='ltr'><strong>possunt</strong></span> <span class='ocrx_word' id='word_1_15' title='bbox 2512 491 2768 547; x_wconf 78' lang='lat' dir='ltr'><strong>facillime</strong></span> <span class='ocrx_word' id='word_1_16' title='bbox 2820 492 2876 545; x_wconf 91' lang='lat' dir='ltr'><strong>in</strong></span> <span class='ocrx_word' id='word_1_17' title='bbox 2928 491 3171 546; x_wconf 91' lang='lat' dir='ltr'><strong>medium</strong></span> <span class='ocrx_word' id='word_1_18' title='bbox 3222 489 3476 560; x_wconf 79' lang='lat' dir='ltr'><strong>proferri.</strong></span> <span class='ocrx_word' id='word_1_19' title='bbox 3531 489 3638 546; x_wconf 88' lang='lat' dir='ltr'><strong>Sed</strong></span> <span class='ocrx_word' id='word_1_20' title='bbox 3689 492 3781 549; x_wconf 90' lang='lat' dir='ltr'><strong>illa</strong></span> 
     </span>
    </p>
   </div>
   <div class='ocr_carea' id='block_1_5' title="bbox 522 587 2100 659">
    <p class='ocr_par' dir='ltr' id='par_1_5' title="bbox 522 587 2100 659">
     <span class='ocr_line' id='line_1_5' title="bbox 522 587 2100 659; baseline -0.001 -16"><span class='ocrx_word' id='word_1_21' title='bbox 522 605 750 644; x_wconf 89' lang='lat' dir='ltr'><strong>vocasse</strong></span> <span class='ocrx_word' id='word_1_22' title='bbox 802 589 890 643; x_wconf 87' lang='lat' dir='ltr'><strong>his</strong></span> <span class='ocrx_word' id='word_1_23' title='bbox 927 587 1177 642; x_wconf 75' lang='lat' dir='ltr'><strong>verbiszt</strong></span> <span class='ocrx_word' id='word_1_24' title='bbox 1221 588 1576 659; x_wconf 87' lang='lat' dir='ltr'><strong>Polycarpus,</strong></span> <span class='ocrx_word' id='word_1_25' title='bbox 1628 598 1681 642; x_wconf 88' lang='lat' dir='ltr'><strong>et</strong></span> <span class='ocrx_word' id='word_1_26' title='bbox 1723 591 1818 658; x_wconf 89' lang='lat' dir='ltr'><strong>qui</strong></span> <span class='ocrx_word' id='word_1_27' title='bbox 1872 605 1995 643; x_wconf 89' lang='lat' dir='ltr'><strong>cum</strong></span> <span class='ocrx_word' id='word_1_28' title='bbox 2035 606 2100 641; x_wconf 79' lang='lat' dir='ltr'><strong>e0</strong></span> 
     </span>
    </p>
   </div>
   <div class='ocr_carea' id='block_1_6' title="bbox 523 680 2100 752">
    <p class='ocr_par' dir='ltr' id='par_1_6' title="bbox 523 680 2100 752">
     <span class='ocr_line' id='line_1_6' title="bbox 523 680 2100 752; baseline 0 -18"><span class='ocrx_word' id='word_1_29' title='bbox 523 681 847 752; x_wconf 74' lang='lat' dir='ltr'><strong>presbyteri.</strong></span> <span class='ocrx_word' id='word_1_30' title='bbox 878 681 1011 739; x_wconf 68' lang='lat' dir='ltr'><strong>iSed</strong></span> <span class='ocrx_word' id='word_1_31' title='bbox 1024 682 1139 736; x_wconf 67' lang='lat' dir='ltr'><strong>haec</strong></span> <span class='ocrx_word' id='word_1_32' title='bbox 1161 680 1597 735; x_wconf 86' lang='lat' dir='ltr'><strong>adversariorum</strong></span> <span class='ocrx_word' id='word_1_33' title='bbox 1625 681 1767 735; x_wconf 93' lang='lat' dir='ltr'><strong>ratio</strong></span> <span class='ocrx_word' id='word_1_34' title='bbox 1798 680 1935 735; x_wconf 89' lang='lat' dir='ltr'><strong>adeo</strong></span> <span class='ocrx_word' id='word_1_35' title='bbox 1966 681 2100 734; x_wconf 71' lang='lat' dir='ltr'><strong>leris</strong></span> 
     </span>
    </p>
   </div>
   <div class='ocr_carea' id='block_1_7' title="bbox 518 768 2098 840">
    <p class='ocr_par' dir='ltr' id='par_1_7' title="bbox 518 768 2098 840">
     <span class='ocr_line' id='line_1_7' title="bbox 518 768 2098 840; baseline -0.001 -16"><span class='ocrx_word' id='word_1_36' title='bbox 518 780 603 825; x_wconf 90' lang='lat' dir='ltr'><strong>est</strong></span> <span class='ocrx_word' id='word_1_37' title='bbox 634 779 688 824; x_wconf 89' lang='lat' dir='ltr'><strong>et</strong></span> <span class='ocrx_word' id='word_1_38' title='bbox 723 771 969 837; x_wconf 88' lang='lat' dir='ltr'><strong>infirma;</strong></span> <span class='ocrx_word' id='word_1_39' title='bbox 1008 778 1067 823; x_wconf 94' lang='lat' dir='ltr'><strong>ut</strong></span> <span class='ocrx_word' id='word_1_40' title='bbox 1095 768 1349 840; x_wconf 86' lang='lat' dir='ltr'><strong>Moynius</strong></span> <span class='ocrx_word' id='word_1_41' title='bbox 1375 770 1803 825; x_wconf 85' lang='lat' dir='ltr'><strong>Calvinistarum</strong></span> <span class='ocrx_word' id='word_1_42' title='bbox 1828 772 2098 835; x_wconf 76' lang='lat' dir='ltr'><strong>minister,</strong></span> 
     </span>
    </p>
   </div>
   <div class='ocr_carea' id='block_1_8' title="bbox 516 863 2099 933">
    <p class='ocr_par' dir='ltr' id='par_1_8' title="bbox 516 863 2099 933">
     <span class='ocr_line' id='line_1_8' title="bbox 516 863 2099 933; baseline 0.002 -19"><span class='ocrx_word' id='word_1_43' title='bbox 516 878 822 931; x_wconf 90' lang='lat' dir='ltr'><strong>eorumque</strong></span> <span class='ocrx_word' id='word_1_44' title='bbox 847 863 1152 933; x_wconf 79' lang='lat' dir='ltr'><strong>symmista,</strong></span> <span class='ocrx_word' id='word_1_45' title='bbox 1180 864 1521 917; x_wconf 82' lang='lat' dir='ltr'><strong>contrarium</strong></span> <span class='ocrx_word' id='word_1_46' title='bbox 1552 864 1777 917; x_wconf 90' lang='lat' dir='ltr'><strong>omnino</strong></span> <span class='ocrx_word' id='word_1_47' title='bbox 1810 879 1877 917; x_wconf 84' lang='lat' dir='ltr'><strong>ex</strong></span> <span class='ocrx_word' id='word_1_48' title='bbox 1906 864 2099 917; x_wconf 80' lang='lat' dir='ltr'><strong>iisdem</strong></span> 
     </span>
    </p>
   </div>
   <div class='ocr_carea' id='block_1_9' title="bbox 516 954 2098 1027">
    <p class='ocr_par' dir='ltr' id='par_1_9' title="bbox 516 954 2098 1027">
     <span class='ocr_line' id='line_1_9' title="bbox 516 954 2098 1027; baseline 0.003 -22"><span class='ocrx_word' id='word_1_49' title='bbox 516 954 703 1009; x_wconf 87' lang='lat' dir='ltr'><strong>verbis</strong></span> <span class='ocrx_word' id='word_1_50' title='bbox 754 963 1137 1025; x_wconf 86' lang='lat' dir='ltr'><strong>argumentum</strong></span> <span class='ocrx_word' id='word_1_51' title='bbox 1170 955 1464 1009; x_wconf 88' lang='lat' dir='ltr'><strong>conficiat:</strong></span> <span class='ocrx_word' id='word_1_52' title='bbox 1500 974 1519 1005; x_wconf 84' lang='grc'><strong><em>‹</em></strong></span> <span class='ocrx_word' id='word_1_53' title='bbox 1552 954 1670 1010; x_wconf 91' lang='lat' dir='ltr'><strong>Non</strong></span> <span class='ocrx_word' id='word_1_54' title='bbox 1714 956 1903 1012; x_wconf 85' lang='lat' dir='ltr'><strong>scribit</strong></span> <span class='ocrx_word' id='word_1_55' title='bbox 1935 955 2098 1027; x_wconf 83' lang='lat' dir='ltr'><strong>Poly—</strong></span> 
     </span>
    </p>
   </div>
   <div class='ocr_carea' id='block_1_10' title="bbox 518 1045 2098 1120">
    <p class='ocr_par' dir='ltr' id='par_1_10' title="bbox 518 1045 2098 1120">
     <span class='ocr_line' id='line_1_10' title="bbox 518 1045 2098 1120; baseline 0.004 -23"><span class='ocrx_word' id='word_1_56' title='bbox 518 1060 740 1114; x_wconf 74' lang='lat' dir='ltr'><strong>carpus,</strong></span> <span class='ocrx_word' id='word_1_57' title='bbox 786 1046 963 1114; x_wconf 91' lang='lat' dir='ltr'><strong>inquit</strong></span> <span class='ocrx_word' id='word_1_58' title='bbox 990 1045 1055 1111; x_wconf 83' lang='lat'><strong>&quot;,</strong></span> <span class='ocrx_word' id='word_1_59' title='bbox 1094 1046 1399 1117; x_wconf 87' lang='lat' dir='ltr'><strong>presbyteri</strong></span> <span class='ocrx_word' id='word_1_60' title='bbox 1442 1046 1701 1101; x_wconf 68' lang='lat' dir='ltr'><strong>Ecclesiae</strong></span> <span class='ocrx_word' id='word_1_61' title='bbox 1749 1047 2098 1120; x_wconf 80' lang='lat' dir='ltr'><strong>Smyrnensis</strong></span> 
     </span>
    </p>
   </div>
   <div class='ocr_carea' id='block_1_11' title="bbox 518 1134 2097 1210">
    <p class='ocr_par' dir='ltr' id='par_1_11' title="bbox 518 1134 2097 1210">
     <span class='ocr_line' id='line_1_11' title="bbox 518 1134 2097 1210; baseline 0.003 -21"><span class='ocrx_word' id='word_1_62' title='bbox 518 1134 982 1207; x_wconf 89' lang='lat' dir='ltr'><strong>Philippensibus,</strong></span> <span class='ocrx_word' id='word_1_63' title='bbox 1015 1138 1109 1192; x_wconf 92' lang='lat' dir='ltr'><strong>sed</strong></span> <span class='ocrx_word' id='word_1_64' title='bbox 1134 1136 1467 1209; x_wconf 88' lang='lat' dir='ltr'><strong>Polycarpus</strong></span> <span class='ocrx_word' id='word_1_65' title='bbox 1496 1149 1548 1194; x_wconf 93' lang='lat' dir='ltr'><strong>et</strong></span> <span class='ocrx_word' id='word_1_66' title='bbox 1578 1141 1877 1210; x_wconf 89' lang='lat' dir='ltr'><strong>presbyteri</strong></span> <span class='ocrx_word' id='word_1_67' title='bbox 1910 1140 2097 1195; x_wconf 73' lang='lat' dir='ltr'><strong>Eccle-</strong></span> 
     </span>
    </p>
   </div>
   <div class='ocr_carea' id='block_1_12' title="bbox 519 1227 2100 1299">
    <p class='ocr_par' dir='ltr' id='par_1_12' title="bbox 519 1227 2100 1299">
     <span class='ocr_line' id='line_1_12' title="bbox 519 1227 2100 1299; baseline 0.001 -18"><span class='ocrx_word' id='word_1_68' title='bbox 519 1228 617 1282; x_wconf 66' lang='lat' dir='ltr'><strong>sia:</strong></span> <span class='ocrx_word' id='word_1_69' title='bbox 647 1227 997 1298; x_wconf 88' lang='lat' dir='ltr'><strong>Smyrnensis</strong></span> <span class='ocrx_word' id='word_1_70' title='bbox 1031 1227 1291 1283; x_wconf 74' lang='lat' dir='ltr'><strong>Ecclesia:</strong></span> <span class='ocrx_word' id='word_1_71' title='bbox 1322 1227 1754 1299; x_wconf 82' lang='lat' dir='ltr'><strong>Philippensium</strong></span> <span class='ocrx_word' id='word_1_72' title='bbox 1774 1272 1789 1297; x_wconf 94' lang='lat'><strong>,</strong></span> <span class='ocrx_word' id='word_1_73' title='bbox 1824 1240 1881 1285; x_wconf 92' lang='lat' dir='ltr'><strong>ut</strong></span> <span class='ocrx_word' id='word_1_74' title='bbox 1911 1231 2100 1286; x_wconf 88' lang='lat' dir='ltr'><strong>discri-</strong></span> 
     </span>
    </p>
   </div>
   <div class='ocr_carea' id='block_1_13' title="bbox 517 1319 2096 1391">
    <p class='ocr_par' dir='ltr' id='par_1_13' title="bbox 517 1319 2096 1391">
     <span class='ocr_line' id='line_1_13' title="bbox 517 1319 2096 1391; baseline 0.003 -20"><span class='ocrx_word' id='word_1_75' title='bbox 517 1334 642 1373; x_wconf 89' lang='lat' dir='ltr'><strong>men</strong></span> <span class='ocrx_word' id='word_1_76' title='bbox 675 1319 901 1387; x_wconf 85' lang='lat' dir='ltr'><strong>aliquod</strong></span> <span class='ocrx_word' id='word_1_77' title='bbox 940 1320 1079 1373; x_wconf 87' lang='lat' dir='ltr'><strong>inter</strong></span> <span class='ocrx_word' id='word_1_78' title='bbox 1109 1335 1168 1373; x_wconf 90' lang='lat' dir='ltr'><strong>se</strong></span> <span class='ocrx_word' id='word_1_79' title='bbox 1204 1328 1259 1374; x_wconf 91' lang='lat' dir='ltr'><strong>et</strong></span> <span class='ocrx_word' id='word_1_80' title='bbox 1298 1322 1646 1391; x_wconf 83' lang='lat' dir='ltr'><strong>presbyteros</strong></span> <span class='ocrx_word' id='word_1_81' title='bbox 1695 1322 2096 1377; x_wconf 91' lang='lat' dir='ltr'><strong>observandum</strong></span> 
     </span>
    </p>
   </div>
   <div class='ocr_carea' id='block_1_14' title="bbox 518 1405 2098 1481">
    <p class='ocr_par' dir='ltr' id='par_1_14' title="bbox 518 1405 2098 1481">
     <span class='ocr_line' id='line_1_14' title="bbox 518 1405 2098 1481; baseline 0.006 -24"><span class='ocrx_word' id='word_1_82' title='bbox 518 1405 788 1471; x_wconf 88' lang='lat' dir='ltr'><strong>innueret,</strong></span> <span class='ocrx_word' id='word_1_83' title='bbox 826 1405 1255 1477; x_wconf 77' lang='lat' dir='ltr'><strong>dignitatemque</strong></span> <span class='ocrx_word' id='word_1_84' title='bbox 1286 1422 1462 1473; x_wconf 89' lang='lat' dir='ltr'><strong>suam,</strong></span> <span class='ocrx_word' id='word_1_85' title='bbox 1507 1421 1560 1464; x_wconf 89' lang='lat' dir='ltr'><strong>et</strong></span> <span class='ocrx_word' id='word_1_86' title='bbox 1588 1412 1877 1479; x_wconf 90' lang='lat' dir='ltr'><strong>primatum</strong></span> <span class='ocrx_word' id='word_1_87' title='bbox 1913 1413 2098 1481; x_wconf 89' lang='lat' dir='ltr'><strong>aliquo</strong></span> 
     </span>
    </p>
   </div>
   <div class='ocr_carea' id='block_1_15' title="bbox 521 1495 2097 1571">
    <p class='ocr_par' dir='ltr' id='par_1_15' title="bbox 521 1495 2097 1571">
     <span class='ocr_line' id='line_1_15' title="bbox 521 1495 2097 1571; baseline 0.008 -25"><span class='ocrx_word' id='word_1_88' title='bbox 521 1495 683 1547; x_wconf 90' lang='lat' dir='ltr'><strong>modo</strong></span> <span class='ocrx_word' id='word_1_89' title='bbox 720 1502 987 1551; x_wconf 89' lang='lat' dir='ltr'><strong>tueretur.</strong></span> <span class='ocrx_word' id='word_1_90' title='bbox 1037 1495 1172 1550; x_wconf 89' lang='lat' dir='ltr'><strong>Nam</strong></span> <span class='ocrx_word' id='word_1_91' title='bbox 1203 1499 1296 1566; x_wconf 89' lang='lat' dir='ltr'><strong>qui</strong></span> <span class='ocrx_word' id='word_1_92' title='bbox 1330 1500 1482 1568; x_wconf 88' lang='lat' dir='ltr'><strong>paris</strong></span> <span class='ocrx_word' id='word_1_93' title='bbox 1518 1501 1805 1571; x_wconf 77' lang='lat' dir='ltr'><strong>dignitatis</strong></span> <span class='ocrx_word' id='word_1_94' title='bbox 1832 1512 1885 1557; x_wconf 90' lang='lat' dir='ltr'><strong>et</strong></span> <span class='ocrx_word' id='word_1_95' title='bbox 1909 1512 2097 1557; x_wconf 89' lang='lat' dir='ltr'><strong>aucto-</strong></span> 
     </span>
    </p>
   </div>
   <div class='ocr_carea' id='block_1_16' title="bbox 516 1586 2097 1665">
    <p class='ocr_par' dir='ltr' id='par_1_16' title="bbox 516 1586 2097 1665">
     <span class='ocr_line' id='line_1_16' title="bbox 516 1586 2097 1665; baseline 0.008 -28"><span class='ocrx_word' id='word_1_96' title='bbox 516 1586 695 1641; x_wconf 89' lang='lat' dir='ltr'><strong>ritatis</strong></span> <span class='ocrx_word' id='word_1_97' title='bbox 740 1586 1099 1657; x_wconf 91' lang='lat' dir='ltr'><strong>Polycarpum</strong></span> <span class='ocrx_word' id='word_1_98' title='bbox 1172 1589 1344 1645; x_wconf 89' lang='lat' dir='ltr'><strong>fuisse</strong></span> <span class='ocrx_word' id='word_1_99' title='bbox 1419 1608 1541 1646; x_wconf 88' lang='lat' dir='ltr'><strong>cum</strong></span> <span class='ocrx_word' id='word_1_100' title='bbox 1604 1594 1719 1648; x_wconf 89' lang='lat' dir='ltr'><strong>suis</strong></span> <span class='ocrx_word' id='word_1_101' title='bbox 1767 1595 2097 1665; x_wconf 89' lang='lat' dir='ltr'><strong>presbyteris</strong></span> 
     </span>
    </p>
   </div>
   <div class='ocr_carea' id='block_1_17' title="bbox 514 1681 2093 1753">
    <p class='ocr_par' dir='ltr' id='par_1_17' title="bbox 514 1681 2093 1753">
     <span class='ocr_line' id='line_1_17' title="bbox 514 1681 2093 1753; baseline 0.008 -22"><span class='ocrx_word' id='word_1_102' title='bbox 514 1689 761 1742; x_wconf 90' lang='lat' dir='ltr'><strong>censent,</strong></span> <span class='ocrx_word' id='word_1_103' title='bbox 817 1696 899 1733; x_wconf 63' lang='lat' dir='ltr'><strong>nar.</strong></span> <span class='ocrx_word' id='word_1_104' title='bbox 950 1681 1026 1733; x_wconf 89' lang='lat' dir='ltr'><strong>illi</strong></span> <span class='ocrx_word' id='word_1_105' title='bbox 1080 1682 1215 1736; x_wconf 91' lang='lat' dir='ltr'><strong>mihi</strong></span> <span class='ocrx_word' id='word_1_106' title='bbox 1263 1684 1518 1739; x_wconf 90' lang='lat' dir='ltr'><strong>videntur</strong></span> <span class='ocrx_word' id='word_1_107' title='bbox 1569 1686 1708 1741; x_wconf 89' lang='lat' dir='ltr'><strong>thesi</strong></span> <span class='ocrx_word' id='word_1_108' title='bbox 1757 1702 1871 1741; x_wconf 71' lang='lat' dir='ltr'><strong>sua:</strong></span> <span class='ocrx_word' id='word_1_109' title='bbox 1910 1687 2093 1753; x_wconf 90' lang='lat' dir='ltr'><strong>nimis,</strong></span> 
     </span>
    </p>
   </div>
   <div class='ocr_carea' id='block_1_18' title="bbox 514 1772 2095 1843">
    <p class='ocr_par' dir='ltr' id='par_1_18' title="bbox 514 1772 2095 1843">
     <span class='ocr_line' id='line_1_18' title="bbox 514 1772 2095 1843; baseline 0.007 -21"><span class='ocrx_word' id='word_1_110' title='bbox 514 1787 678 1839; x_wconf 92' lang='lat' dir='ltr'><strong>quam</strong></span> <span class='ocrx_word' id='word_1_111' title='bbox 712 1786 810 1839; x_wconf 89' lang='lat' dir='ltr'><strong>par</strong></span> <span class='ocrx_word' id='word_1_112' title='bbox 851 1773 940 1836; x_wconf 86' lang='lat' dir='ltr'><strong>sit,</strong></span> <span class='ocrx_word' id='word_1_113' title='bbox 978 1772 1240 1829; x_wconf 79' lang='lat' dir='ltr'><strong>fervidius</strong></span> <span class='ocrx_word' id='word_1_114' title='bbox 1282 1784 1335 1829; x_wconf 90' lang='lat' dir='ltr'><strong>et</strong></span> <span class='ocrx_word' id='word_1_115' title='bbox 1368 1776 1673 1832; x_wconf 90' lang='lat' dir='ltr'><strong>studiosius</strong></span> <span class='ocrx_word' id='word_1_116' title='bbox 1717 1778 2007 1843; x_wconf 82' lang='grc' dir='ltr'>δουλεύειν,</span> <span class='ocrx_word' id='word_1_117' title='bbox 2043 1788 2095 1833; x_wconf 87' lang='lat' dir='ltr'><strong>et</strong></span> 
     </span>
    </p>
   </div>
   <div class='ocr_carea' id='block_1_19' title="bbox 513 1861 2169 1941">
    <p class='ocr_par' dir='ltr' id='par_1_19' title="bbox 513 1861 2169 1941">
     <span class='ocr_line' id='line_1_19' title="bbox 513 1861 2169 1941; baseline 0.006 -26"><span class='ocrx_word' id='word_1_118' title='bbox 513 1878 576 1915; x_wconf 88' lang='lat' dir='ltr'><strong>ea</strong></span> <span class='ocrx_word' id='word_1_119' title='bbox 615 1864 787 1917; x_wconf 87' lang='lat' dir='ltr'><strong>oflieia</strong></span> <span class='ocrx_word' id='word_1_120' title='bbox 828 1865 1184 1931; x_wconf 87' lang='lat' dir='ltr'><strong>confundere,</strong></span> <span class='ocrx_word' id='word_1_121' title='bbox 1233 1883 1354 1936; x_wconf 60' lang='lat' dir='ltr'><strong>qua}</strong></span> <span class='ocrx_word' id='word_1_122' title='bbox 1395 1878 1637 1937; x_wconf 91' lang='lat' dir='ltr'><strong>tempore</strong></span> <span class='ocrx_word' id='word_1_123' title='bbox 1670 1869 1953 1941; x_wconf 87' lang='lat' dir='ltr'><strong>Polycarpi</strong></span> <span class='ocrx_word' id='word_1_124' title='bbox 1980 1872 2093 1940; x_wconf 92' lang='lat' dir='ltr'><strong>jam</strong></span> <span class='ocrx_word' id='word_1_125' title='bbox 2126 1861 2169 1915; x_wconf 83' lang='lat' dir='ltr'><strong>B</strong></span> 
     </span>
    </p>
   </div>
   <div class='ocr_carea' id='block_1_20' title="bbox 511 1956 2094 2034">
    <p class='ocr_par' dir='ltr' id='par_1_20' title="bbox 511 1956 2094 2034">
     <span class='ocr_line' id='line_1_20' title="bbox 511 1956 2094 2034; baseline 0.008 -29"><span class='ocrx_word' id='word_1_126' title='bbox 511 1964 670 2006; x_wconf 91' lang='lat' dir='ltr'><strong>erant</strong></span> <span class='ocrx_word' id='word_1_127' title='bbox 697 1956 994 2023; x_wconf 82' lang='lat' dir='ltr'><strong>disparata.</strong></span> <span class='ocrx_word' id='word_1_128' title='bbox 1035 1976 1053 2008; x_wconf 73' lang='grc' dir='ltr'><strong><em>ι</em></strong></span> <span class='ocrx_word' id='word_1_129' title='bbox 1094 1956 1217 2012; x_wconf 75' lang='lat' dir='ltr'><strong>llaec</strong></span> <span class='ocrx_word' id='word_1_130' title='bbox 1252 1975 1384 2015; x_wconf 87' lang='lat' dir='ltr'><strong>sane</strong></span> <span class='ocrx_word' id='word_1_131' title='bbox 1426 1976 1491 2015; x_wconf 80' lang='lat' dir='ltr'><strong>ex</strong></span> <span class='ocrx_word' id='word_1_132' title='bbox 1514 1962 1827 2017; x_wconf 78' lang='lat' dir='ltr'><strong>Calvinistae</strong></span> <span class='ocrx_word' id='word_1_133' title='bbox 1864 1958 2094 2034; x_wconf 87' lang='lat' dir='ltr'><strong>Presby-</strong></span> 
     </span>
    </p>
   </div>
   <div class='ocr_carea' id='block_1_21' title="bbox 510 2046 2094 2123">
    <p class='ocr_par' dir='ltr' id='par_1_21' title="bbox 510 2046 2094 2123">
     <span class='ocr_line' id='line_1_21' title="bbox 510 2046 2094 2123; baseline 0.008 -26"><span class='ocrx_word' id='word_1_134' title='bbox 510 2046 794 2114; x_wconf 88' lang='lat' dir='ltr'><strong>teranique</strong></span> <span class='ocrx_word' id='word_1_135' title='bbox 842 2048 1079 2104; x_wconf 91' lang='lat' dir='ltr'><strong>hominis</strong></span> <span class='ocrx_word' id='word_1_136' title='bbox 1125 2065 1220 2104; x_wconf 88' lang='lat' dir='ltr'><strong>ore</strong></span> <span class='ocrx_word' id='word_1_137' title='bbox 1257 2051 1444 2106; x_wconf 89' lang='lat' dir='ltr'><strong>elicuit</strong></span> <span class='ocrx_word' id='word_1_138' title='bbox 1490 2054 1711 2119; x_wconf 78' lang='lat' dir='ltr'><strong>veritas,</strong></span> <span class='ocrx_word' id='word_1_139' title='bbox 1776 2070 1897 2123; x_wconf 74' lang='lat' dir='ltr'><strong>quae</strong></span> <span class='ocrx_word' id='word_1_140' title='bbox 1940 2056 2094 2109; x_wconf 92' lang='lat' dir='ltr'><strong>ineo</strong></span> 
     </span>
    </p>
   </div>
   <div class='ocr_carea' id='block_1_22' title="bbox 509 2138 2096 2215">
    <p class='ocr_par' dir='ltr' id='par_1_22' title="bbox 509 2138 2096 2215">
     <span class='ocr_line' id='line_1_22' title="bbox 509 2138 2096 2215; baseline 0.006 -26"><span class='ocrx_word' id='word_1_141' title='bbox 509 2147 655 2191; x_wconf 90' lang='lat' dir='ltr'><strong>esset</strong></span> <span class='ocrx_word' id='word_1_142' title='bbox 687 2138 1029 2208; x_wconf 89' lang='lat' dir='ltr'><strong>incorrupta,</strong></span> <span class='ocrx_word' id='word_1_143' title='bbox 1063 2142 1107 2195; x_wconf 91' lang='lat' dir='ltr'><strong>si</strong></span> <span class='ocrx_word' id='word_1_144' title='bbox 1141 2158 1203 2195; x_wconf 88' lang='lat' dir='ltr'><strong>ea</strong></span> <span class='ocrx_word' id='word_1_145' title='bbox 1233 2143 1408 2198; x_wconf 85' lang='lat' dir='ltr'><strong>oﬂicia</strong></span> <span class='ocrx_word' id='word_1_146' title='bbox 1450 2154 1503 2198; x_wconf 87' lang='lat' dir='ltr'><strong>et</strong></span> <span class='ocrx_word' id='word_1_147' title='bbox 1534 2146 1757 2199; x_wconf 89' lang='lat' dir='ltr'><strong>nomina</strong></span> <span class='ocrx_word' id='word_1_148' title='bbox 1795 2161 1903 2198; x_wconf 92' lang='lat' dir='ltr'><strong>non</strong></span> <span class='ocrx_word' id='word_1_149' title='bbox 1937 2145 2096 2215; x_wconf 82' lang='lat' dir='ltr'><strong>Poly-</strong></span> 
     </span>
    </p>
   </div>
   <div class='ocr_carea' id='block_1_23' title="bbox 508 2229 2092 2307">
    <p class='ocr_par' dir='ltr' id='par_1_23' title="bbox 508 2229 2092 2307">
     <span class='ocr_line' id='line_1_23' title="bbox 508 2229 2092 2307; baseline 0.008 -27"><span class='ocrx_word' id='word_1_150' title='bbox 508 2229 659 2298; x_wconf 80' lang='lat' dir='ltr'><strong>carpi</strong></span> <span class='ocrx_word' id='word_1_151' title='bbox 710 2239 959 2298; x_wconf 89' lang='lat' dir='ltr'><strong>tantum,</strong></span> <span class='ocrx_word' id='word_1_152' title='bbox 1012 2235 1103 2287; x_wconf 92' lang='lat' dir='ltr'><strong>sed</strong></span> <span class='ocrx_word' id='word_1_153' title='bbox 1154 2236 1528 2303; x_wconf 84' lang='lat' dir='ltr'><strong>apostolorum</strong></span> <span class='ocrx_word' id='word_1_154' title='bbox 1576 2251 1795 2305; x_wconf 90' lang='lat' dir='ltr'><strong>quoque</strong></span> <span class='ocrx_word' id='word_1_155' title='bbox 1849 2246 2092 2307; x_wconf 91' lang='lat' dir='ltr'><strong>tempore</strong></span> 
     </span>
    </p>
   </div>
   <div class='ocr_carea' id='block_1_24' title="bbox 508 2320 2090 2399">
    <p class='ocr_par' dir='ltr' id='par_1_24' title="bbox 508 2320 2090 2399">
     <span class='ocr_line' id='line_1_24' title="bbox 508 2320 2090 2399; baseline 0.007 -26"><span class='ocrx_word' id='word_1_156' title='bbox 508 2320 787 2390; x_wconf 85' lang='lat' dir='ltr'><strong>disparata</strong></span> <span class='ocrx_word' id='word_1_157' title='bbox 825 2324 1074 2379; x_wconf 80' lang='lat' dir='ltr'><strong>dixisset.</strong></span> <span class='ocrx_word' id='word_1_158' title='bbox 1112 2326 1189 2379; x_wconf 80' lang='lat' dir='ltr'><strong>Ex</strong></span> <span class='ocrx_word' id='word_1_159' title='bbox 1220 2328 1305 2381; x_wconf 90' lang='lat' dir='ltr'><strong>his</strong></span> <span class='ocrx_word' id='word_1_160' title='bbox 1340 2336 1519 2382; x_wconf 90' lang='lat' dir='ltr'><strong>tamen</strong></span> <span class='ocrx_word' id='word_1_161' title='bbox 1556 2345 1677 2399; x_wconf 74' lang='lat' dir='ltr'><strong>quae</strong></span> <span class='ocrx_word' id='word_1_162' title='bbox 1707 2330 1779 2383; x_wconf 90' lang='lat' dir='ltr'><strong>ibi</strong></span> <span class='ocrx_word' id='word_1_163' title='bbox 1815 2346 1939 2383; x_wconf 91' lang='lat' dir='ltr'><strong>vera</strong></span> <span class='ocrx_word' id='word_1_164' title='bbox 1969 2346 2090 2384; x_wconf 83' lang='lat' dir='ltr'><strong>esse</strong></span> 
     </span>
    </p>
   </div>
   <div class='ocr_carea' id='block_1_25' title="bbox 508 2418 2086 2493">
    <p class='ocr_par' dir='ltr' id='par_1_25' title="bbox 508 2418 2086 2493">
     <span class='ocr_line' id='line_1_25' title="bbox 508 2418 2086 2493; baseline 0.007 -27"><span class='ocrx_word' id='word_1_165' title='bbox 508 2418 776 2482; x_wconf 82' lang='lat' dir='ltr'><strong>agnoscit,</strong></span> <span class='ocrx_word' id='word_1_166' title='bbox 800 2418 907 2471; x_wconf 87' lang='lat' dir='ltr'><strong>ruit</strong></span> <span class='ocrx_word' id='word_1_167' title='bbox 932 2420 1116 2487; x_wconf 87' lang='lat' dir='ltr'><strong>procul</strong></span> <span class='ocrx_word' id='word_1_168' title='bbox 1142 2421 1309 2474; x_wconf 91' lang='lat' dir='ltr'><strong>dubio</strong></span> <span class='ocrx_word' id='word_1_169' title='bbox 1330 2421 1657 2477; x_wconf 69' lang='lat' dir='ltr'><strong>Dallzcanum</strong></span> <span class='ocrx_word' id='word_1_170' title='bbox 1684 2432 2086 2493; x_wconf 83' lang='lat' dir='ltr'><strong>argumentum,</strong></span> 
     </span>
    </p>
   </div>
   <div class='ocr_carea' id='block_1_26' title="bbox 509 2503 1179 2577">
    <p class='ocr_par' dir='ltr' id='par_1_26' title="bbox 509 2503 1179 2577">
     <span class='ocr_line' id='line_1_26' title="bbox 509 2503 1179 2577; baseline 0.012 -20"><span class='ocrx_word' id='word_1_171' title='bbox 509 2503 868 2577; x_wconf 90' lang='lat' dir='ltr'><strong>funditusque</strong></span> <span class='ocrx_word' id='word_1_172' title='bbox 894 2511 1179 2565; x_wconf 88' lang='lat' dir='ltr'><strong>evertitur.</strong></span> 
     </span>
    </p>
   </div>
   <div class='ocr_carea' id='block_1_27' title="bbox 1090 2682 1504 2739">
    <p class='ocr_par' dir='ltr' id='par_1_27' title="bbox 1090 2682 1504 2739">
     <span class='ocr_line' id='line_1_27' title="bbox 1090 2682 1504 2739; baseline 0 -1"><span class='ocrx_word' id='word_1_173' title='bbox 1090 2682 1321 2738; x_wconf 82' lang='lat' dir='ltr'><strong>CAPUT</strong></span> <span class='ocrx_word' id='word_1_174' title='bbox 1360 2683 1504 2739; x_wconf 77' lang='lat' dir='ltr'><strong>XIX.</strong></span> 
     </span>
    </p>
   </div>
   <div class='ocr_carea' id='block_1_28' title="bbox 539 2809 2048 2868">
    <p class='ocr_par' dir='ltr' id='par_1_28' title="bbox 539 2809 2048 2868">
     <span class='ocr_line' id='line_1_28' title="bbox 539 2809 2048 2868; baseline 0.003 -19"><span class='ocrx_word' id='word_1_175' title='bbox 539 2809 713 2851; x_wconf 67' lang='lat' dir='ltr'><strong>NULLA</strong></span> <span class='ocrx_word' id='word_1_176' title='bbox 752 2813 805 2850; x_wconf 88' lang='lat' dir='ltr'><strong>IN</strong></span> <span class='ocrx_word' id='word_1_177' title='bbox 841 2813 1117 2851; x_wconf 75' lang='lat' dir='ltr'><strong>EPISTOLIS</strong></span> <span class='ocrx_word' id='word_1_178' title='bbox 1158 2814 1423 2852; x_wconf 75' lang='lat' dir='ltr'><strong>AUCTORIS</strong></span> <span class='ocrx_word' id='word_1_179' title='bbox 1461 2813 1652 2850; x_wconf 78' lang='lat' dir='ltr'><strong>NUSTRI</strong></span> <span class='ocrx_word' id='word_1_180' title='bbox 1694 2814 1818 2853; x_wconf 81' lang='lat' dir='ltr'><strong>ESSE</strong></span> <span class='ocrx_word' id='word_1_181' title='bbox 1859 2816 2048 2868; x_wconf 74' lang='lat' dir='ltr'><strong>VERBA,</strong></span> 
     </span>
    </p>
   </div>
   <div class='ocr_carea' id='block_1_29' title="bbox 911 2883 1687 2929">
    <p class='ocr_par' dir='ltr' id='par_1_29' title="bbox 911 2883 1687 2929">
     <span class='ocr_line' id='line_1_29' title="bbox 911 2883 1687 2929; baseline 0.001 -9"><span class='ocrx_word' id='word_1_182' title='bbox 911 2884 1028 2929; x_wconf 63' lang='grc' dir='ltr'><strong>ΟΠΞ</strong></span> <span class='ocrx_word' id='word_1_183' title='bbox 1070 2883 1172 2920; x_wconf 86' lang='lat' dir='ltr'><strong>NON</strong></span> <span class='ocrx_word' id='word_1_184' title='bbox 1215 2884 1334 2921; x_wconf 84' lang='lat' dir='ltr'><strong>SINT</strong></span> <span class='ocrx_word' id='word_1_185' title='bbox 1378 2883 1687 2921; x_wconf 70' lang='lat' dir='ltr'><strong>IGNATIANA.</strong></span> 
     </span>
    </p>
   </div>
   <div class='ocr_carea' id='block_1_30' title="bbox 896 2977 1699 3050">
    <p class='ocr_par' dir='ltr' id='par_1_30' title="bbox 896 2977 1699 3050">
     <span class='ocr_line' id='line_1_30' title="bbox 896 2977 1699 3050; baseline 0.007 -20"><span class='ocrx_word' id='word_1_186' title='bbox 896 2977 922 3049; x_wconf 83' lang='lat'><strong>§</strong></span> <span class='ocrx_word' id='word_1_187' title='bbox 964 2977 1004 3032; x_wconf 96' lang='lat' dir='ltr'><strong>l.</strong></span> <span class='ocrx_word' id='word_1_188' title='bbox 1048 2978 1124 3032; x_wconf 88' lang='lat' dir='ltr'><strong>De</strong></span> <span class='ocrx_word' id='word_1_189' title='bbox 1162 2980 1330 3033; x_wconf 81' lang='lat' dir='ltr'><strong>verbis</strong></span> <span class='ocrx_word' id='word_1_190' title='bbox 1372 2982 1699 3050; x_wconf 81' lang='lat' dir='ltr'><strong>compositis.</strong></span> 
     </span>
    </p>
   </div>
   <div class='ocr_carea' id='block_1_31' title="bbox 574 3086 2085 3165">
    <p class='ocr_par' dir='ltr' id='par_1_31' title="bbox 574 3086 2085 3165">
     <span class='ocr_line' id='line_1_31' title="bbox 574 3086 2085 3165; baseline 0.007 -24"><span class='ocrx_word' id='word_1_191' title='bbox 574 3086 744 3143; x_wconf 85' lang='lat' dir='ltr'><strong>Multa</strong></span> <span class='ocrx_word' id='word_1_192' title='bbox 791 3089 894 3144; x_wconf 86' lang='lat' dir='ltr'><strong>alia</strong></span> <span class='ocrx_word' id='word_1_193' title='bbox 927 3090 1159 3148; x_wconf 60' lang='lat' dir='ltr'><strong>Dallwus</strong></span> <span class='ocrx_word' id='word_1_194' title='bbox 1206 3109 1265 3149; x_wconf 91' lang='lat' dir='ltr'><strong>se</strong></span> <span class='ocrx_word' id='word_1_195' title='bbox 1298 3095 1384 3150; x_wconf 91' lang='lat' dir='ltr'><strong>his</strong></span> <span class='ocrx_word' id='word_1_196' title='bbox 1429 3094 1483 3148; x_wconf 91' lang='lat' dir='ltr'><strong>in</strong></span> <span class='ocrx_word' id='word_1_197' title='bbox 1529 3096 1776 3165; x_wconf 85' lang='lat' dir='ltr'><strong>epistolis</strong></span> <span class='ocrx_word' id='word_1_198' title='bbox 1816 3098 2085 3153; x_wconf 87' lang='lat' dir='ltr'><strong>vocabula</strong></span> 
     </span>
    </p>
   </div>
   <div class='ocr_carea' id='block_1_32' title="bbox 503 3181 2085 3258">
    <p class='ocr_par' dir='ltr' id='par_1_32' title="bbox 503 3181 2085 3258">
     <span class='ocr_line' id='line_1_32' title="bbox 503 3181 2085 3258; baseline 0.005 -21"><span class='ocrx_word' id='word_1_199' title='bbox 503 3181 921 3251; x_wconf 86' lang='lat' dir='ltr'><strong>deprehendisse</strong></span> <span class='ocrx_word' id='word_1_200' title='bbox 969 3184 1071 3237; x_wconf 90' lang='lat' dir='ltr'><strong>sibi</strong></span> <span class='ocrx_word' id='word_1_201' title='bbox 1116 3185 1369 3253; x_wconf 89' lang='lat' dir='ltr'><strong>videtur,</strong></span> <span class='ocrx_word' id='word_1_202' title='bbox 1424 3203 1549 3257; x_wconf 67' lang='lat' dir='ltr'><strong>quae</strong></span> <span class='ocrx_word' id='word_1_203' title='bbox 1610 3188 1933 3258; x_wconf 90' lang='lat' dir='ltr'><strong>scriptorem</strong></span> <span class='ocrx_word' id='word_1_204' title='bbox 1983 3205 2085 3245; x_wconf 77' lang='lat' dir='ltr'><strong>no-</strong></span> 
     </span>
    </p>
   </div>
   <div class='ocr_carea' id='block_1_33' title="bbox 503 3273 2083 3348">
    <p class='ocr_par' dir='ltr' id='par_1_33' title="bbox 503 3273 2083 3348">
     <span class='ocr_line' id='line_1_33' title="bbox 503 3273 2083 3348; baseline 0.005 -23"><span class='ocrx_word' id='word_1_205' title='bbox 503 3282 678 3326; x_wconf 82' lang='lat' dir='ltr'><strong>strum</strong></span> <span class='ocrx_word' id='word_1_206' title='bbox 704 3273 796 3328; x_wconf 90' lang='lat' dir='ltr'><strong>diu</strong></span> <span class='ocrx_word' id='word_1_207' title='bbox 826 3286 951 3343; x_wconf 93' lang='lat' dir='ltr'><strong>post</strong></span> <span class='ocrx_word' id='word_1_208' title='bbox 994 3275 1265 3346; x_wconf 88' lang='lat' dir='ltr'><strong>Ignatium</strong></span> <span class='ocrx_word' id='word_1_209' title='bbox 1292 3280 1498 3340; x_wconf 81' lang='lat' dir='ltr'><strong>vixisse</strong></span> <span class='ocrx_word' id='word_1_210' title='bbox 1525 3280 1745 3348; x_wconf 91' lang='lat' dir='ltr'><strong>planum</strong></span> <span class='ocrx_word' id='word_1_211' title='bbox 1790 3280 1947 3335; x_wconf 90' lang='lat' dir='ltr'><strong>nobis</strong></span> <span class='ocrx_word' id='word_1_212' title='bbox 1978 3281 2083 3335; x_wconf 77' lang='lat' dir='ltr'><strong>uti-</strong></span> 
     </span>
    </p>
   </div>
   <div class='ocr_carea' id='block_1_34' title="bbox 501 3365 2083 3444">
    <p class='ocr_par' dir='ltr' id='par_1_34' title="bbox 501 3365 2083 3444">
     <span class='ocr_line' id='line_1_34' title="bbox 501 3365 2083 3444; baseline 0.006 -26"><span class='ocrx_word' id='word_1_213' title='bbox 501 3380 607 3433; x_wconf 89' lang='lat' dir='ltr'><strong>que</strong></span> <span class='ocrx_word' id='word_1_214' title='bbox 651 3365 859 3421; x_wconf 90' lang='lat' dir='ltr'><strong>faciunt</strong></span> <span class='ocrx_word' id='word_1_215' title='bbox 893 3370 959 3423; x_wconf 83' lang='grc'><strong>²⁰,</strong></span> <span class='ocrx_word' id='word_1_216' title='bbox 1012 3368 1107 3424; x_wconf 84' lang='lat' dir='ltr'><strong>Illa</strong></span> <span class='ocrx_word' id='word_1_217' title='bbox 1157 3382 1339 3425; x_wconf 90' lang='lat' dir='ltr'><strong>autem</strong></span> <span class='ocrx_word' id='word_1_218' title='bbox 1390 3373 1645 3442; x_wconf 72' lang='lat' dir='ltr'><strong>primum.</strong></span> <span class='ocrx_word' id='word_1_219' title='bbox 1674 3374 1915 3444; x_wconf 81' lang='lat' dir='ltr'><strong>exagitat</strong></span> <span class='ocrx_word' id='word_1_220' title='bbox 1960 3390 2083 3444; x_wconf 67' lang='lat' dir='ltr'><strong>quae</strong></span> 
     </span>
    </p>
   </div>
   <div class='ocr_carea' id='block_1_35' title="bbox 500 3459 2083 3534">
    <p class='ocr_par' dir='ltr' id='par_1_35' title="bbox 500 3459 2083 3534">
     <span class='ocr_line' id='line_1_35' title="bbox 500 3459 2083 3534; baseline 0.006 -22"><span class='ocrx_word' id='word_1_221' title='bbox 500 3474 531 3512; x_wconf 90' lang='lat' dir='ltr'><strong>a</strong></span> <span class='ocrx_word' id='word_1_222' title='bbox 565 3459 846 3514; x_wconf 82' lang='lat' dir='ltr'><strong>Blondello</strong></span> <span class='ocrx_word' id='word_1_223' title='bbox 891 3464 1045 3532; x_wconf 91' lang='lat' dir='ltr'><strong>prius</strong></span> <span class='ocrx_word' id='word_1_224' title='bbox 1093 3464 1308 3533; x_wconf 88' lang='lat' dir='ltr'><strong>objecta</strong></span> <span class='ocrx_word' id='word_1_225' title='bbox 1357 3466 1598 3534; x_wconf 85' lang='lat' dir='ltr'><strong>fuerant,</strong></span> <span class='ocrx_word' id='word_1_226' title='bbox 1652 3468 1876 3522; x_wconf 90' lang='lat' dir='ltr'><strong>nomina</strong></span> <span class='ocrx_word' id='word_1_227' title='bbox 1932 3469 2083 3522; x_wconf 88' lang='lat' dir='ltr'><strong>varie</strong></span> 
     </span>
    </p>
   </div>
   <div class='ocr_carea' id='block_1_36' title="bbox 499 3554 2083 3630">
    <p class='ocr_par' dir='ltr' id='par_1_36' title="bbox 499 3554 2083 3630">
     <span class='ocr_line' id='line_1_36' title="bbox 499 3554 2083 3630; baseline 0.006 -25"><span class='ocrx_word' id='word_1_228' title='bbox 499 3554 827 3621; x_wconf 85' lang='lat' dir='ltr'><strong>composita,</strong></span> <span class='ocrx_word' id='word_1_229' title='bbox 876 3564 935 3608; x_wconf 92' lang='lat' dir='ltr'><strong>ut</strong></span> <span class='ocrx_word' id='word_1_230' title='bbox 984 3556 1352 3629; x_wconf 80' lang='grc' dir='ltr'><strong>σαρκοφόρος,</strong></span> <span class='ocrx_word' id='word_1_231' title='bbox 1387 3559 1751 3630; x_wconf 79' lang='grc' dir='ltr'><strong>νεκροφόρος,</strong></span> <span class='ocrx_word' id='word_1_232' title='bbox 1795 3568 1849 3613; x_wconf 87' lang='lat' dir='ltr'><strong>et</strong></span> <span class='ocrx_word' id='word_1_233' title='bbox 1897 3559 2004 3613; x_wconf 86' lang='lat' dir='ltr'><strong>alia</strong></span> <span class='ocrx_word' id='word_1_234' title='bbox 2051 3574 2083 3615; x_wconf 86' lang='lat' dir='ltr'><strong>a</strong></span> 
     </span>
    </p>
   </div>
   <div class='ocr_carea' id='block_1_37' title="bbox 499 3645 2082 3717">
    <p class='ocr_par' dir='ltr' id='par_1_37' title="bbox 499 3645 2082 3717">
     <span class='ocr_line' id='line_1_37' title="bbox 499 3645 2082 3717; baseline 0.006 -21"><span class='ocrx_word' id='word_1_235' title='bbox 499 3645 665 3699; x_wconf 80' lang='lat' dir='ltr'><strong>verbo</strong></span> <span class='ocrx_word' id='word_1_236' title='bbox 709 3646 859 3717; x_wconf 78' lang='grc' dir='ltr'>φέρω</span> <span class='ocrx_word' id='word_1_237' title='bbox 895 3657 1015 3703; x_wconf 88' lang='lat' dir='ltr'><strong>orta</strong></span> <span class='ocrx_word' id='word_1_238' title='bbox 1038 3691 1052 3714; x_wconf 93' lang='lat'><strong>,</strong></span> <span class='ocrx_word' id='word_1_239' title='bbox 1087 3650 1214 3704; x_wconf 90' lang='lat' dir='ltr'><strong>item</strong></span> <span class='ocrx_word' id='word_1_240' title='bbox 1256 3651 1362 3705; x_wconf 88' lang='lat' dir='ltr'><strong>alia</strong></span> <span class='ocrx_word' id='word_1_241' title='bbox 1406 3667 1435 3705; x_wconf 90' lang='lat' dir='ltr'><strong>a</strong></span> <span class='ocrx_word' id='word_1_242' title='bbox 1463 3667 1597 3707; x_wconf 89' lang='lat' dir='ltr'><strong>voce</strong></span> <span class='ocrx_word' id='word_1_243' title='bbox 1636 3650 1813 3715; x_wconf 79' lang='grc' dir='ltr'><strong>ἄξιος,</strong></span> <span class='ocrx_word' id='word_1_244' title='bbox 1845 3661 1903 3707; x_wconf 93' lang='lat' dir='ltr'><strong>ut</strong></span> <span class='ocrx_word' id='word_1_245' title='bbox 1932 3649 2082 3717; x_wconf 80' lang='grc' dir='ltr'><strong>ἀξιό-</strong></span> 
     </span>
    </p>
   </div>
   <div class='ocr_carea' id='block_1_38' title="bbox 498 3736 2071 3813">
    <p class='ocr_par' dir='ltr' id='par_1_38' title="bbox 498 3736 2071 3813">
     <span class='ocr_line' id='line_1_38' title="bbox 498 3736 2071 3813; baseline 0.005 -25"><span class='ocrx_word' id='word_1_246' title='bbox 498 3736 716 3801; x_wconf 81' lang='grc' dir='ltr'><strong>πλοκος,</strong></span> <span class='ocrx_word' id='word_1_247' title='bbox 774 3739 1035 3805; x_wconf 80' lang='grc' dir='ltr'><strong>ἀξιόοεος,</strong></span> <span class='ocrx_word' id='word_1_248' title='bbox 1090 3748 1144 3794; x_wconf 92' lang='lat' dir='ltr'><strong>et</strong></span> <span class='ocrx_word' id='word_1_249' title='bbox 1200 3743 1305 3796; x_wconf 89' lang='lat' dir='ltr'><strong>alia</strong></span> <span class='ocrx_word' id='word_1_250' title='bbox 1357 3742 1594 3813; x_wconf 90' lang='lat' dir='ltr'><strong>denique</strong></span> <span class='ocrx_word' id='word_1_251' title='bbox 1632 3760 1662 3797; x_wconf 94' lang='lat' dir='ltr'><strong>a</strong></span> <span class='ocrx_word' id='word_1_252' title='bbox 1702 3744 1869 3797; x_wconf 88' lang='lat' dir='ltr'><strong>verbo</strong></span> <span class='ocrx_word' id='word_1_253' title='bbox 1915 3743 2071 3810; x_wconf 86' lang='grc' dir='ltr'><strong>Θεός,</strong></span> 
     </span>
    </p>
   </div>
   <div class='ocr_carea' id='block_1_39' title="bbox 498 3832 2084 3907">
    <p class='ocr_par' dir='ltr' id='par_1_39' title="bbox 498 3832 2084 3907">
     <span class='ocr_line' id='line_1_39' title="bbox 498 3832 2084 3907; baseline 0.004 -20"><span class='ocrx_word' id='word_1_254' title='bbox 498 3832 658 3887; x_wconf 74' lang='lat' dir='ltr'><strong>sicuti</strong></span> <span class='ocrx_word' id='word_1_255' title='bbox 711 3832 1107 3906; x_wconf 77' lang='grc' dir='ltr'><strong>θεομακάριος,</strong></span> <span class='ocrx_word' id='word_1_256' title='bbox 1165 3835 1495 3907; x_wconf 82' lang='grc' dir='ltr'><strong>θεόδρομος,</strong></span> <span class='ocrx_word' id='word_1_257' title='bbox 1556 3846 1664 3891; x_wconf 86' lang='lat' dir='ltr'><strong>etc.</strong></span> <span class='ocrx_word' id='word_1_258' title='bbox 1719 3836 2084 3893; x_wconf 88' lang='lat' dir='ltr'><strong>Doctissimus</strong></span> 
     </span>
    </p>
   </div>
   <div class='ocr_carea' id='block_1_40' title="bbox 499 3926 2082 4003">
    <p class='ocr_par' dir='ltr' id='par_1_40' title="bbox 499 3926 2082 4003">
     <span class='ocr_line' id='line_1_40' title="bbox 499 3926 2082 4003; baseline 0.006 -25"><span class='ocrx_word' id='word_1_259' title='bbox 499 3926 720 3995; x_wconf 77' lang='lat' dir='ltr'><strong>quidem</strong></span> <span class='ocrx_word' id='word_1_260' title='bbox 753 3926 1069 3984; x_wconf 85' lang='lat' dir='ltr'><strong>Hamondus</strong></span> <span class='ocrx_word' id='word_1_261' title='bbox 1121 3930 1251 3984; x_wconf 91' lang='lat' dir='ltr'><strong>huic</strong></span> <span class='ocrx_word' id='word_1_262' title='bbox 1280 3931 1547 3985; x_wconf 86' lang='lat' dir='ltr'><strong>Blondelli</strong></span> <span class='ocrx_word' id='word_1_263' title='bbox 1598 3944 1922 4001; x_wconf 87' lang='lat' dir='ltr'><strong>argumento</strong></span> <span class='ocrx_word' id='word_1_264' title='bbox 1966 3935 2082 4003; x_wconf 87' lang='lat' dir='ltr'><strong>jatu</strong></span> 
     </span>
    </p>
   </div>
   <div class='ocr_carea' id='block_1_41' title="bbox 499 4019 2081 4093">
    <p class='ocr_par' dir='ltr' id='par_1_41' title="bbox 499 4019 2081 4093">
     <span class='ocr_line' id='line_1_41' title="bbox 499 4019 2081 4093; baseline 0.006 -23"><span class='ocrx_word' id='word_1_265' title='bbox 499 4019 859 4087; x_wconf 87' lang='lat' dir='ltr'><strong>responderat</strong></span> <span class='ocrx_word' id='word_1_266' title='bbox 883 4020 1100 4076; x_wconf 90' lang='lat' dir='ltr'><strong>divinos</strong></span> <span class='ocrx_word' id='word_1_267' title='bbox 1141 4038 1312 4077; x_wconf 70' lang='lat' dir='ltr'><strong>sacrae</strong></span> <span class='ocrx_word' id='word_1_268' title='bbox 1343 4021 1641 4093; x_wconf 72' lang='lat' dir='ltr'><strong>Scriptura:</strong></span> <span class='ocrx_word' id='word_1_269' title='bbox 1677 4036 1934 4081; x_wconf 89' lang='lat' dir='ltr'><strong>auctores</strong></span> <span class='ocrx_word' id='word_1_270' title='bbox 1979 4040 2081 4079; x_wconf 92' lang='lat' dir='ltr'><strong>no-</strong></span> 
     </span>
    </p>
   </div>
   <div class='ocr_carea' id='block_1_42' title="bbox 502 4110 2082 4191">
    <p class='ocr_par' dir='ltr' id='par_1_42' title="bbox 502 4110 2082 4191">
     <span class='ocr_line' id='line_1_42' title="bbox 502 4110 2082 4191; baseline 0.008 -28"><span class='ocrx_word' id='word_1_271' title='bbox 502 4110 745 4167; x_wconf 88' lang='lat' dir='ltr'><strong>minibus</strong></span> <span class='ocrx_word' id='word_1_272' title='bbox 804 4114 973 4168; x_wconf 91' lang='lat' dir='ltr'><strong>simili</strong></span> <span class='ocrx_word' id='word_1_273' title='bbox 1020 4116 1185 4171; x_wconf 91' lang='lat' dir='ltr'><strong>modo</strong></span> <span class='ocrx_word' id='word_1_274' title='bbox 1236 4119 1583 4187; x_wconf 86' lang='lat' dir='ltr'><strong>compositis,</strong></span> <span class='ocrx_word' id='word_1_275' title='bbox 1630 4136 1866 4191; x_wconf 89' lang='lat' dir='ltr'><strong>quorum</strong></span> <span class='ocrx_word' id='word_1_276' title='bbox 1924 4121 2082 4191; x_wconf 83' lang='lat' dir='ltr'><strong>plura</strong></span> 
     </span>
    </p>
   </div>
   <div class='ocr_carea' id='block_1_43' title="bbox 498 4204 1620 4279">
    <p class='ocr_par' dir='ltr' id='par_1_43' title="bbox 498 4204 1620 4279">
     <span class='ocr_line' id='line_1_43' title="bbox 498 4204 1620 4279; baseline 0.009 -23"><span class='ocrx_word' id='word_1_277' title='bbox 498 4204 687 4257; x_wconf 80' lang='lat' dir='ltr'><strong>retulit</strong></span> <span class='ocrx_word' id='word_1_278' title='bbox 710 4206 980 4275; x_wconf 79' lang='lat' dir='ltr'><strong>exempla,</strong></span> <span class='ocrx_word' id='word_1_279' title='bbox 1010 4223 1141 4263; x_wconf 91' lang='lat' dir='ltr'><strong>usos</strong></span> <span class='ocrx_word' id='word_1_280' title='bbox 1163 4225 1383 4279; x_wconf 89' lang='lat' dir='ltr'><strong>quoque</strong></span> <span class='ocrx_word' id='word_1_281' title='bbox 1423 4208 1620 4266; x_wconf 88' lang='lat' dir='ltr'><strong>fuisse.</strong></span> 
     </span>
    </p>
   </div>
   <div class='ocr_carea' id='block_1_44' title="bbox 575 4293 2081 4374">
    <p class='ocr_par' dir='ltr' id='par_1_44' title="bbox 575 4293 2081 4374">
     <span class='ocr_line' id='line_1_44' title="bbox 575 4293 2081 4374; baseline 0.006 -26"><span class='ocrx_word' id='word_1_282' title='bbox 575 4293 681 4349; x_wconf 91' lang='lat' dir='ltr'><strong>Sed</strong></span> <span class='ocrx_word' id='word_1_283' title='bbox 715 4297 884 4352; x_wconf 89' lang='lat' dir='ltr'><strong>instat</strong></span> <span class='ocrx_word' id='word_1_284' title='bbox 911 4298 1147 4355; x_wconf 78' lang='lat' dir='ltr'><strong>Dallaeus</strong></span> <span class='ocrx_word' id='word_1_285' title='bbox 1171 4301 1241 4369; x_wconf 85' lang='grc'><strong>²¹,</strong></span> <span class='ocrx_word' id='word_1_286' title='bbox 1286 4317 1349 4355; x_wconf 90' lang='lat' dir='ltr'><strong>ca</strong></span> <span class='ocrx_word' id='word_1_287' title='bbox 1382 4319 1503 4372; x_wconf 69' lang='lat' dir='ltr'><strong>qua:</strong></span> <span class='ocrx_word' id='word_1_288' title='bbox 1537 4318 1604 4358; x_wconf 83' lang='lat' dir='ltr'><strong>ex</strong></span> <span class='ocrx_word' id='word_1_289' title='bbox 1641 4303 1814 4359; x_wconf 89' lang='lat' dir='ltr'><strong>sacris</strong></span> <span class='ocrx_word' id='word_1_290' title='bbox 1848 4303 2081 4374; x_wconf 81' lang='lat' dir='ltr'><strong>scripto—</strong></span> 
     </span>
    </p>
   </div>
   <div class='ocr_carea' id='block_1_45' title="bbox 499 4389 2081 4466">
    <p class='ocr_par' dir='ltr' id='par_1_45' title="bbox 499 4389 2081 4466">
     <span class='ocr_line' id='line_1_45' title="bbox 499 4389 2081 4466; baseline 0.003 -22"><span class='ocrx_word' id='word_1_291' title='bbox 499 4389 656 4445; x_wconf 84' lang='lat' dir='ltr'><strong>ribus</strong></span> <span class='ocrx_word' id='word_1_292' title='bbox 685 4391 913 4447; x_wconf 83' lang='lat' dir='ltr'><strong>adduxit</strong></span> <span class='ocrx_word' id='word_1_293' title='bbox 938 4392 1278 4460; x_wconf 84' lang='lat' dir='ltr'><strong>Hamondus,</strong></span> <span class='ocrx_word' id='word_1_294' title='bbox 1310 4410 1431 4451; x_wconf 90' lang='lat' dir='ltr'><strong>esse</strong></span> <span class='ocrx_word' id='word_1_295' title='bbox 1456 4397 1790 4466; x_wconf 89' lang='lat' dir='ltr'><strong>paucissima</strong></span> <span class='ocrx_word' id='word_1_296' title='bbox 1828 4407 1883 4451; x_wconf 90' lang='lat' dir='ltr'><strong>et</strong></span> <span class='ocrx_word' id='word_1_297' title='bbox 1914 4395 2081 4452; x_wconf 89' lang='lat' dir='ltr'><strong>semel</strong></span> 
     </span>
    </p>
   </div>
   <div class='ocr_carea' id='block_1_46' title="bbox 500 4485 2082 4559">
    <p class='ocr_par' dir='ltr' id='par_1_46' title="bbox 500 4485 2082 4559">
     <span class='ocr_line' id='line_1_46' title="bbox 500 4485 2082 4559; baseline 0.005 -22"><span class='ocrx_word' id='word_1_298' title='bbox 500 4491 714 4537; x_wconf 89' lang='lat' dir='ltr'><strong>tantum</strong></span> <span class='ocrx_word' id='word_1_299' title='bbox 746 4485 815 4539; x_wconf 91' lang='lat' dir='ltr'><strong>ab</strong></span> <span class='ocrx_word' id='word_1_300' title='bbox 844 4486 910 4541; x_wconf 92' lang='lat' dir='ltr'><strong>iis</strong></span> <span class='ocrx_word' id='word_1_301' title='bbox 941 4486 1106 4554; x_wconf 90' lang='lat' dir='ltr'><strong>dicta,</strong></span> <span class='ocrx_word' id='word_1_302' title='bbox 1136 4503 1200 4543; x_wconf 89' lang='lat' dir='ltr'><strong>ac</strong></span> <span class='ocrx_word' id='word_1_303' title='bbox 1227 4487 1523 4559; x_wconf 81' lang='lat' dir='ltr'><strong>lgnatianis</strong></span> <span class='ocrx_word' id='word_1_304' title='bbox 1554 4490 1663 4546; x_wconf 91' lang='lat' dir='ltr'><strong>illis</strong></span> <span class='ocrx_word' id='word_1_305' title='bbox 1687 4490 1860 4544; x_wconf 87' lang='lat' dir='ltr'><strong>multo</strong></span> <span class='ocrx_word' id='word_1_306' title='bbox 1890 4489 2082 4545; x_wconf 85' lang='lat' dir='ltr'><strong>mode-</strong></span> 
     </span>
    </p>
   </div>
   <div class='ocr_carea' id='block_1_47' title="bbox 2204 581 3779 652">
    <p class='ocr_par' dir='ltr' id='par_1_47' title="bbox 2204 581 3779 652">
     <span class='ocr_line' id='line_1_47' title="bbox 2204 581 3779 652; baseline 0.002 -15"><span class='ocrx_word' id='word_1_307' title='bbox 2204 583 2462 637; x_wconf 90' lang='lat' dir='ltr'><strong>omnibus</strong></span> <span class='ocrx_word' id='word_1_308' title='bbox 2517 583 2590 635; x_wconf 89' lang='lat' dir='ltr'><strong>ita</strong></span> <span class='ocrx_word' id='word_1_309' title='bbox 2646 591 2776 637; x_wconf 92' lang='lat' dir='ltr'><strong>sunt</strong></span> <span class='ocrx_word' id='word_1_310' title='bbox 2832 582 3028 647; x_wconf 86' lang='lat' dir='ltr'><strong>obvia,</strong></span> <span class='ocrx_word' id='word_1_311' title='bbox 3083 592 3141 635; x_wconf 92' lang='lat' dir='ltr'><strong>ut</strong></span> <span class='ocrx_word' id='word_1_312' title='bbox 3184 581 3406 652; x_wconf 79' lang='lat' dir='ltr'><strong>longum</strong></span> <span class='ocrx_word' id='word_1_313' title='bbox 3462 585 3779 640; x_wconf 67' lang='lat' dir='ltr'><strong>earumdem</strong></span> 
     </span>
    </p>
   </div>
   <div class='ocr_carea' id='block_1_48' title="bbox 2203 674 3778 744">
    <p class='ocr_par' dir='ltr' id='par_1_48' title="bbox 2203 674 3778 744">
     <span class='ocr_line' id='line_1_48' title="bbox 2203 674 3778 744; baseline 0.003 -17"><span class='ocrx_word' id='word_1_314' title='bbox 2203 690 2400 728; x_wconf 89' lang='lat' dir='ltr'><strong>vocum</strong></span> <span class='ocrx_word' id='word_1_315' title='bbox 2428 674 2736 744; x_wconf 86' lang='lat' dir='ltr'><strong>catalogum</strong></span> <span class='ocrx_word' id='word_1_316' title='bbox 2781 682 2963 728; x_wconf 79' lang='lat' dir='ltr'><strong>texere</strong></span> <span class='ocrx_word' id='word_1_317' title='bbox 3009 674 3343 743; x_wconf 76' lang='lat' dir='ltr'><strong>superfluum</strong></span> <span class='ocrx_word' id='word_1_318' title='bbox 3378 676 3450 730; x_wconf 89' lang='lat' dir='ltr'><strong>sit</strong></span> <span class='ocrx_word' id='word_1_319' title='bbox 3484 685 3538 730; x_wconf 90' lang='lat' dir='ltr'><strong>et</strong></span> <span class='ocrx_word' id='word_1_320' title='bbox 3566 678 3778 732; x_wconf 89' lang='lat' dir='ltr'><strong>inutile.</strong></span> 
     </span>
    </p>
   </div>
   <div class='ocr_carea' id='block_1_49' title="bbox 2202 766 3783 838">
    <p class='ocr_par' dir='ltr' id='par_1_49' title="bbox 2202 766 3783 838">
     <span class='ocr_line' id='line_1_49' title="bbox 2202 766 3783 838; baseline 0.004 -19"><span class='ocrx_word' id='word_1_321' title='bbox 2202 766 2386 837; x_wconf 88' lang='lat' dir='ltr'><strong>Neque</strong></span> <span class='ocrx_word' id='word_1_322' title='bbox 2412 782 2541 821; x_wconf 86' lang='lat' dir='ltr'><strong>vero</strong></span> <span class='ocrx_word' id='word_1_323' title='bbox 2572 768 2623 819; x_wconf 92' lang='lat' dir='ltr'><strong>in</strong></span> <span class='ocrx_word' id='word_1_324' title='bbox 2654 767 2825 821; x_wconf 88' lang='lat' dir='ltr'><strong>sacris</strong></span> <span class='ocrx_word' id='word_1_325' title='bbox 2857 775 3065 821; x_wconf 91' lang='lat' dir='ltr'><strong>tantum</strong></span> <span class='ocrx_word' id='word_1_326' title='bbox 3094 767 3389 837; x_wconf 91' lang='lat' dir='ltr'><strong>Scripturis</strong></span> <span class='ocrx_word' id='word_1_327' title='bbox 3419 784 3513 823; x_wconf 91' lang='lat' dir='ltr'><strong>eas</strong></span> <span class='ocrx_word' id='word_1_328' title='bbox 3542 770 3783 838; x_wconf 83' lang='lat' dir='ltr'><strong>reperire</strong></span> 
     </span>
    </p>
   </div>
   <div class='ocr_carea' id='block_1_50' title="bbox 2201 853 3779 929">
    <p class='ocr_par' dir='ltr' id='par_1_50' title="bbox 2201 853 3779 929">
     <span class='ocr_line' id='line_1_50' title="bbox 2201 853 3779 929; baseline 0.006 -23"><span class='ocrx_word' id='word_1_329' title='bbox 2201 862 2301 917; x_wconf 87' lang='lat' dir='ltr'><strong>est,</strong></span> <span class='ocrx_word' id='word_1_330' title='bbox 2329 853 2424 906; x_wconf 90' lang='lat' dir='ltr'><strong>sed</strong></span> <span class='ocrx_word' id='word_1_331' title='bbox 2470 853 2523 906; x_wconf 92' lang='lat' dir='ltr'><strong>in</strong></span> <span class='ocrx_word' id='word_1_332' title='bbox 2574 854 2812 923; x_wconf 80' lang='lat' dir='ltr'><strong>genuina</strong></span> <span class='ocrx_word' id='word_1_333' title='bbox 2846 855 3011 909; x_wconf 86' lang='lat' dir='ltr'><strong>etiam</strong></span> <span class='ocrx_word' id='word_1_334' title='bbox 3044 857 3340 911; x_wconf 81' lang='lat' dir='ltr'><strong>Clementis</strong></span> <span class='ocrx_word' id='word_1_335' title='bbox 3362 858 3616 927; x_wconf 90' lang='lat' dir='ltr'><strong>epistola,</strong></span> <span class='ocrx_word' id='word_1_336' title='bbox 3654 875 3779 929; x_wconf 67' lang='lat' dir='ltr'><strong>qua:</strong></span> 
     </span>
    </p>
   </div>
   <div class='ocr_carea' id='block_1_51' title="bbox 2201 942 3781 1014">
    <p class='ocr_par' dir='ltr' id='par_1_51' title="bbox 2201 942 3781 1014">
     <span class='ocr_line' id='line_1_51' title="bbox 2201 942 3781 1014; baseline 0.006 -18"><span class='ocrx_word' id='word_1_337' title='bbox 2201 943 2500 1013; x_wconf 82' lang='lat' dir='ltr'><strong>lgnatianis</strong></span> <span class='ocrx_word' id='word_1_338' title='bbox 2526 959 2635 998; x_wconf 91' lang='lat' dir='ltr'><strong>non</strong></span> <span class='ocrx_word' id='word_1_339' title='bbox 2673 954 2756 999; x_wconf 89' lang='lat' dir='ltr'><strong>est</strong></span> <span class='ocrx_word' id='word_1_340' title='bbox 2778 942 3065 1014; x_wconf 78' lang='lat' dir='ltr'><strong>prolixior,</strong></span> <span class='ocrx_word' id='word_1_341' title='bbox 3108 947 3220 1002; x_wconf 74' lang='lat' dir='ltr'><strong>illze</strong></span> <span class='ocrx_word' id='word_1_342' title='bbox 3246 949 3448 1003; x_wconf 65' lang='lat' dir='ltr'><strong>easdem</strong></span> <span class='ocrx_word' id='word_1_343' title='bbox 3478 965 3641 1007; x_wconf 88' lang='lat' dir='ltr'><strong>voces</strong></span> <span class='ocrx_word' id='word_1_344' title='bbox 3680 966 3781 1005; x_wconf 89' lang='lat' dir='ltr'><strong>nec</strong></span> 
     </span>
    </p>
   </div>
   <div class='ocr_carea' id='block_1_52' title="bbox 2200 1034 3153 1101">
    <p class='ocr_par' dir='ltr' id='par_1_52' title="bbox 2200 1034 3153 1101">
     <span class='ocr_line' id='line_1_52' title="bbox 2200 1034 3153 1101; baseline 0.006 -15"><span class='ocrx_word' id='word_1_345' title='bbox 2200 1034 2438 1089; x_wconf 88' lang='lat' dir='ltr'><strong>rariores</strong></span> <span class='ocrx_word' id='word_1_346' title='bbox 2465 1043 2614 1101; x_wconf 89' lang='lat' dir='ltr'><strong>sunt,</strong></span> <span class='ocrx_word' id='word_1_347' title='bbox 2644 1050 2745 1091; x_wconf 89' lang='lat' dir='ltr'><strong>nec</strong></span> <span class='ocrx_word' id='word_1_348' title='bbox 2772 1036 3153 1092; x_wconf 86' lang='lat' dir='ltr'><strong>modestiores.</strong></span> 
     </span>
    </p>
   </div>
   <div class='ocr_carea' id='block_1_53' title="bbox 3160 1128 3185 1143">
    <p class='ocr_par' dir='ltr' id='par_1_53' title="bbox 3160 1128 3185 1143">
     <span class='ocr_line' id='line_1_53' title="bbox 3160 1128 3185 1143; baseline 0 0"><span class='ocrx_word' id='word_1_349' title='bbox 3160 1128 3185 1143; x_wconf 67' lang='grc' dir='ltr'><strong>ν</strong></span> 
     </span>
    </p>
   </div>
   <div class='ocr_carea' id='block_1_54' title="bbox 2306 1168 3655 1243">
    <p class='ocr_par' dir='ltr' id='par_1_54' title="bbox 2306 1168 3655 1243">
     <span class='ocr_line' id='line_1_54' title="bbox 2306 1168 3655 1243; baseline 0.004 -21"><span class='ocrx_word' id='word_1_350' title='bbox 2306 1169 2333 1241; x_wconf 85' lang='lat'><strong>§</strong></span> <span class='ocrx_word' id='word_1_351' title='bbox 2375 1168 2438 1223; x_wconf 88' lang='lat' dir='ltr'><strong>II.</strong></span> <span class='ocrx_word' id='word_1_352' title='bbox 2480 1168 2557 1224; x_wconf 90' lang='lat' dir='ltr'><strong>De</strong></span> <span class='ocrx_word' id='word_1_353' title='bbox 2590 1187 2757 1225; x_wconf 73' lang='lat' dir='ltr'><strong>verbis</strong></span> <span class='ocrx_word' id='word_1_354' title='bbox 2781 1168 2905 1225; x_wconf 75' lang='lat' dir='ltr'><strong>nove</strong></span> <span class='ocrx_word' id='word_1_355' title='bbox 2931 1184 3219 1243; x_wconf 72' lang='lat' dir='ltr'><strong>usurpatis,</strong></span> <span class='ocrx_word' id='word_1_356' title='bbox 3252 1173 3455 1228; x_wconf 81' lang='lat' dir='ltr'><strong>scilicet</strong></span> <span class='ocrx_word' id='word_1_357' title='bbox 3486 1172 3655 1243; x_wconf 62' lang='grc' dir='ltr'>φύσις</span> 
     </span>
    </p>
   </div>
   <div class='ocr_carea' id='block_1_55' title="bbox 2864 1242 3109 1313">
    <p class='ocr_par' dir='ltr' id='par_1_55' title="bbox 2864 1242 3109 1313">
     <span class='ocr_line' id='line_1_55' title="bbox 2864 1242 3109 1313; baseline 0.008 -18"><span class='ocrx_word' id='word_1_358' title='bbox 2864 1252 2913 1295; x_wconf 87' lang='lat' dir='ltr'><strong>et</strong></span> <span class='ocrx_word' id='word_1_359' title='bbox 2942 1242 3109 1313; x_wconf 85' lang='grc' dir='ltr'>ᾅδειν.</span> 
     </span>
    </p>
   </div>
   <div class='ocr_carea' id='block_1_56' title="bbox 2269 1347 3771 1426">
    <p class='ocr_par' dir='ltr' id='par_1_56' title="bbox 2269 1347 3771 1426">
     <span class='ocr_line' id='line_1_56' title="bbox 2269 1347 3771 1426; baseline 0.007 -24"><span class='ocrx_word' id='word_1_360' title='bbox 2269 1347 2495 1417; x_wconf 85' lang='lat' dir='ltr'><strong>Verum,</strong></span> <span class='ocrx_word' id='word_1_361' title='bbox 2538 1350 2719 1421; x_wconf 89' lang='lat' dir='ltr'><strong>inquit</strong></span> <span class='ocrx_word' id='word_1_362' title='bbox 2755 1351 3006 1417; x_wconf 70' lang='lat' dir='ltr'><strong>Dallzeus,</strong></span> <span class='ocrx_word' id='word_1_363' title='bbox 3036 1354 3283 1423; x_wconf 71' lang='lat' dir='ltr'><strong>quaedam</strong></span> <span class='ocrx_word' id='word_1_364' title='bbox 3319 1355 3485 1410; x_wconf 80' lang='lat' dir='ltr'><strong>verba</strong></span> <span class='ocrx_word' id='word_1_365' title='bbox 3535 1357 3771 1426; x_wconf 86' lang='lat' dir='ltr'><strong>scriptor</strong></span> 
     </span>
    </p>
   </div>
   <div class='ocr_carea' id='block_1_57' title="bbox 2198 1447 3775 1515">
    <p class='ocr_par' dir='ltr' id='par_1_57' title="bbox 2198 1447 3775 1515">
     <span class='ocr_line' id='line_1_57' title="bbox 2198 1447 3775 1515; baseline 0.006 -21"><span class='ocrx_word' id='word_1_366' title='bbox 2198 1450 2388 1495; x_wconf 88' lang='lat' dir='ltr'><strong>noster</strong></span> <span class='ocrx_word' id='word_1_367' title='bbox 2450 1456 2588 1497; x_wconf 91' lang='lat' dir='ltr'><strong>nove</strong></span> <span class='ocrx_word' id='word_1_368' title='bbox 2637 1452 2887 1514; x_wconf 89' lang='lat' dir='ltr'><strong>usurpat,</strong></span> <span class='ocrx_word' id='word_1_369' title='bbox 2938 1455 2991 1499; x_wconf 90' lang='lat' dir='ltr'><strong>et</strong></span> <span class='ocrx_word' id='word_1_370' title='bbox 3034 1455 3231 1515; x_wconf 69' lang='lat' dir='ltr'><strong>prmter</strong></span> <span class='ocrx_word' id='word_1_371' title='bbox 3280 1447 3513 1502; x_wconf 91' lang='lat' dir='ltr'><strong>aliorum</strong></span> <span class='ocrx_word' id='word_1_372' title='bbox 3546 1465 3775 1505; x_wconf 89' lang='lat' dir='ltr'><strong>morem.</strong></span> 
     </span>
    </p>
   </div>
   <div class='ocr_carea' id='block_1_58' title="bbox 2199 1531 3780 1605">
    <p class='ocr_par' dir='ltr' id='par_1_58' title="bbox 2199 1531 3780 1605">
     <span class='ocr_line' id='line_1_58' title="bbox 2199 1531 3780 1605; baseline 0.008 -21"><span class='ocrx_word' id='word_1_373' title='bbox 2199 1531 2318 1587; x_wconf 91' lang='lat' dir='ltr'><strong>Duo</strong></span> <span class='ocrx_word' id='word_1_374' title='bbox 2367 1544 2545 1589; x_wconf 82' lang='lat' dir='ltr'><strong>tamen</strong></span> <span class='ocrx_word' id='word_1_375' title='bbox 2589 1536 2859 1591; x_wconf 76' lang='lat' dir='ltr'><strong>duntaxat</strong></span> <span class='ocrx_word' id='word_1_376' title='bbox 2914 1538 3254 1605; x_wconf 89' lang='lat' dir='ltr'><strong>ejuscemodi</strong></span> <span class='ocrx_word' id='word_1_377' title='bbox 3309 1541 3473 1595; x_wconf 85' lang='lat' dir='ltr'><strong>verba</strong></span> <span class='ocrx_word' id='word_1_378' title='bbox 3520 1558 3585 1595; x_wconf 79' lang='lat' dir='ltr'><strong>ex</strong></span> <span class='ocrx_word' id='word_1_379' title='bbox 3634 1543 3780 1597; x_wconf 80' lang='lat' dir='ltr'><strong>veris</strong></span> 
     </span>
    </p>
   </div>
   <div class='ocr_carea' id='block_1_59' title="bbox 2199 1625 3777 1700">
    <p class='ocr_par' dir='ltr' id='par_1_59' title="bbox 2199 1625 3777 1700">
     <span class='ocr_line' id='line_1_59' title="bbox 2199 1625 3777 1700; baseline 0.007 -23"><span class='ocrx_word' id='word_1_380' title='bbox 2199 1625 2395 1693; x_wconf 88' lang='lat' dir='ltr'><strong>Ignatii</strong></span> <span class='ocrx_word' id='word_1_381' title='bbox 2444 1627 2693 1695; x_wconf 86' lang='lat' dir='ltr'><strong>epistolis</strong></span> <span class='ocrx_word' id='word_1_382' title='bbox 2744 1629 3031 1698; x_wconf 89' lang='lat' dir='ltr'><strong>desumpta</strong></span> <span class='ocrx_word' id='word_1_383' title='bbox 3080 1631 3239 1685; x_wconf 88' lang='lat' dir='ltr'><strong>nobis</strong></span> <span class='ocrx_word' id='word_1_384' title='bbox 3267 1632 3478 1700; x_wconf 82' lang='lat' dir='ltr'><strong>objicit.</strong></span> <span class='ocrx_word' id='word_1_385' title='bbox 3532 1632 3777 1688; x_wconf 86' lang='lat' dir='ltr'><strong>Primum</strong></span> 
     </span>
    </p>
   </div>
   <div class='ocr_carea' id='block_1_60' title="bbox 2196 1718 3779 1791">
    <p class='ocr_par' dir='ltr' id='par_1_60' title="bbox 2196 1718 3779 1791">
     <span class='ocr_line' id='line_1_60' title="bbox 2196 1718 3779 1791; baseline 0.007 -23"><span class='ocrx_word' id='word_1_386' title='bbox 2196 1723 2282 1769; x_wconf 82' lang='lat' dir='ltr'><strong>est</strong></span> <span class='ocrx_word' id='word_1_387' title='bbox 2330 1718 2553 1771; x_wconf 83' lang='lat' dir='ltr'><strong>verbum</strong></span> <span class='ocrx_word' id='word_1_388' title='bbox 2593 1718 2787 1786; x_wconf 75' lang='grc' dir='ltr'><strong>φύσις;</strong></span> <span class='ocrx_word' id='word_1_389' title='bbox 2838 1721 2931 1773; x_wconf 89' lang='lat' dir='ltr'><strong>sed</strong></span> <span class='ocrx_word' id='word_1_390' title='bbox 2978 1721 3111 1774; x_wconf 90' lang='lat' dir='ltr'><strong>illud</strong></span> <span class='ocrx_word' id='word_1_391' title='bbox 3162 1723 3304 1791; x_wconf 88' lang='lat' dir='ltr'><strong>apud</strong></span> <span class='ocrx_word' id='word_1_392' title='bbox 3355 1723 3582 1778; x_wconf 73' lang='lat' dir='ltr'><strong>diversa:</strong></span> <span class='ocrx_word' id='word_1_393' title='bbox 3633 1725 3779 1779; x_wconf 90' lang='lat' dir='ltr'><strong>litte-</strong></span> 
     </span>
    </p>
   </div>
   <div class='ocr_carea' id='block_1_61' title="bbox 2198 1808 3785 1884">
    <p class='ocr_par' dir='ltr' id='par_1_61' title="bbox 2198 1808 3785 1884">
     <span class='ocr_line' id='line_1_61' title="bbox 2198 1808 3785 1884; baseline 0.009 -27"><span class='ocrx_word' id='word_1_394' title='bbox 2198 1814 2395 1860; x_wconf 73' lang='lat' dir='ltr'><strong>raturre</strong></span> <span class='ocrx_word' id='word_1_395' title='bbox 2441 1808 2735 1877; x_wconf 89' lang='lat' dir='ltr'><strong>scriptores</strong></span> <span class='ocrx_word' id='word_1_396' title='bbox 2780 1811 2934 1864; x_wconf 81' lang='lat' dir='ltr'><strong>vario</strong></span> <span class='ocrx_word' id='word_1_397' title='bbox 2984 1827 3149 1865; x_wconf 91' lang='lat' dir='ltr'><strong>sensu</strong></span> <span class='ocrx_word' id='word_1_398' title='bbox 3204 1824 3525 1882; x_wconf 90' lang='lat' dir='ltr'><strong>usurpatum</strong></span> <span class='ocrx_word' id='word_1_399' title='bbox 3561 1815 3785 1884; x_wconf 64' lang='lat' dir='ltr'><strong>legitur,</strong></span> 
     </span>
    </p>
   </div>
   <div class='ocr_carea' id='block_1_62' title="bbox 2199 1896 3776 1973">
    <p class='ocr_par' dir='ltr' id='par_1_62' title="bbox 2199 1896 3776 1973">
     <span class='ocr_line' id='line_1_62' title="bbox 2199 1896 3776 1973; baseline 0.008 -25"><span class='ocrx_word' id='word_1_400' title='bbox 2199 1896 2446 1966; x_wconf 87' lang='lat' dir='ltr'><strong>nihilque</strong></span> <span class='ocrx_word' id='word_1_401' title='bbox 2488 1914 2643 1953; x_wconf 84' lang='lat' dir='ltr'><strong>novae</strong></span> <span class='ocrx_word' id='word_1_402' title='bbox 2672 1900 3096 1967; x_wconf 78' lang='lat' dir='ltr'><strong>signiﬁcationis</strong></span> <span class='ocrx_word' id='word_1_403' title='bbox 3123 1904 3263 1972; x_wconf 89' lang='lat' dir='ltr'><strong>apud</strong></span> <span class='ocrx_word' id='word_1_404' title='bbox 3298 1905 3564 1973; x_wconf 82' lang='lat' dir='ltr'><strong>lgnatium</strong></span> <span class='ocrx_word' id='word_1_405' title='bbox 3594 1906 3776 1961; x_wconf 91' lang='lat' dir='ltr'><strong>habet.</strong></span> 
     </span>
    </p>
   </div>
   <div class='ocr_carea' id='block_1_63' title="bbox 2271 1984 3779 2065">
    <p class='ocr_par' dir='ltr' id='par_1_63' title="bbox 2271 1984 3779 2065">
     <span class='ocr_line' id='line_1_63' title="bbox 2271 1984 3779 2065; baseline 0.009 -27"><span class='ocrx_word' id='word_1_406' title='bbox 2271 1984 2585 2041; x_wconf 89' lang='lat' dir='ltr'><strong>Secundum</strong></span> <span class='ocrx_word' id='word_1_407' title='bbox 2628 1990 2854 2043; x_wconf 84' lang='lat' dir='ltr'><strong>verbum</strong></span> <span class='ocrx_word' id='word_1_408' title='bbox 2898 2000 2981 2045; x_wconf 88' lang='lat' dir='ltr'><strong>est</strong></span> <span class='ocrx_word' id='word_1_409' title='bbox 3016 1991 3181 2062; x_wconf 82' lang='grc' dir='ltr'><strong>ᾅδειν.</strong></span> <span class='ocrx_word' id='word_1_410' title='bbox 3214 1995 3355 2062; x_wconf 87' lang='lat' dir='ltr'><strong>quod</strong></span> <span class='ocrx_word' id='word_1_411' title='bbox 3391 1993 3623 2049; x_wconf 72' lang='lat' dir='ltr'><strong>Dallzeus</strong></span> <span class='ocrx_word' id='word_1_412' title='bbox 3653 2012 3779 2065; x_wconf 78' lang='lat' dir='ltr'><strong>poe-</strong></span> 
     </span>
    </p>
   </div>
   <div class='ocr_carea' id='block_1_64' title="bbox 2198 2076 3777 2149">
    <p class='ocr_par' dir='ltr' id='par_1_64' title="bbox 2198 2076 3777 2149">
     <span class='ocr_line' id='line_1_64' title="bbox 2198 2076 3777 2149; baseline 0.007 -21"><span class='ocrx_word' id='word_1_413' title='bbox 2198 2076 2365 2128; x_wconf 88' lang='lat' dir='ltr'><strong>ticum</strong></span> <span class='ocrx_word' id='word_1_414' title='bbox 2407 2092 2528 2131; x_wconf 91' lang='lat' dir='ltr'><strong>esse</strong></span> <span class='ocrx_word' id='word_1_415' title='bbox 2565 2077 2720 2131; x_wconf 90' lang='lat' dir='ltr'><strong>dicit.</strong></span> <span class='ocrx_word' id='word_1_416' title='bbox 2770 2077 2959 2149; x_wconf 88' lang='lat' dir='ltr'><strong>Neque</strong></span> <span class='ocrx_word' id='word_1_417' title='bbox 3002 2090 3182 2135; x_wconf 90' lang='lat' dir='ltr'><strong>tamen</strong></span> <span class='ocrx_word' id='word_1_418' title='bbox 3216 2092 3269 2136; x_wconf 91' lang='lat' dir='ltr'><strong>et</strong></span> <span class='ocrx_word' id='word_1_419' title='bbox 3314 2084 3366 2137; x_wconf 91' lang='lat' dir='ltr'><strong>in</strong></span> <span class='ocrx_word' id='word_1_420' title='bbox 3409 2086 3585 2139; x_wconf 90' lang='lat' dir='ltr'><strong>soluta</strong></span> <span class='ocrx_word' id='word_1_421' title='bbox 3611 2086 3777 2140; x_wconf 87' lang='lat' dir='ltr'><strong>etiam</strong></span> 
     </span>
    </p>
   </div>
   <div class='ocr_carea' id='block_1_65' title="bbox 2195 2168 3777 2247">
    <p class='ocr_par' dir='ltr' id='par_1_65' title="bbox 2195 2168 3777 2247">
     <span class='ocr_line' id='line_1_65' title="bbox 2195 2168 3777 2247; baseline 0.009 -28"><span class='ocrx_word' id='word_1_422' title='bbox 2195 2168 2445 2222; x_wconf 75' lang='lat' dir='ltr'><strong>oratione</strong></span> <span class='ocrx_word' id='word_1_423' title='bbox 2491 2170 2560 2223; x_wconf 89' lang='lat' dir='ltr'><strong>ab</strong></span> <span class='ocrx_word' id='word_1_424' title='bbox 2592 2172 2909 2227; x_wconf 91' lang='lat' dir='ltr'><strong>auctoribus</strong></span> <span class='ocrx_word' id='word_1_425' title='bbox 2948 2174 3169 2243; x_wconf 84' lang='lat' dir='ltr'><strong>optimis</strong></span> <span class='ocrx_word' id='word_1_426' title='bbox 3208 2192 3348 2245; x_wconf 64' lang='lat' dir='ltr'><strong>saepe</strong></span> <span class='ocrx_word' id='word_1_427' title='bbox 3394 2179 3591 2247; x_wconf 70' lang='lat' dir='ltr'><strong>sepius</strong></span> <span class='ocrx_word' id='word_1_428' title='bbox 3623 2180 3777 2233; x_wconf 91' lang='lat' dir='ltr'><strong>adhi-</strong></span> 
     </span>
    </p>
   </div>
   <div class='ocr_carea' id='block_1_66' title="bbox 2194 2259 3776 2339">
    <p class='ocr_par' dir='ltr' id='par_1_66' title="bbox 2194 2259 3776 2339">
     <span class='ocr_line' id='line_1_66' title="bbox 2194 2259 3776 2339; baseline 0.009 -27"><span class='ocrx_word' id='word_1_429' title='bbox 2194 2259 2366 2313; x_wconf 77' lang='lat' dir='ltr'><strong>bitum</strong></span> <span class='ocrx_word' id='word_1_430' title='bbox 2429 2261 2519 2316; x_wconf 91' lang='lat' dir='ltr'><strong>ille</strong></span> <span class='ocrx_word' id='word_1_431' title='bbox 2568 2264 2790 2335; x_wconf 86' lang='lat' dir='ltr'><strong>negabit</strong></span> <span class='ocrx_word' id='word_1_432' title='bbox 2842 2280 3107 2334; x_wconf 90' lang='lat' dir='ltr'><strong>unquam.</strong></span> <span class='ocrx_word' id='word_1_433' title='bbox 3161 2265 3363 2332; x_wconf 85' lang='lat' dir='ltr'><strong>Quidni</strong></span> <span class='ocrx_word' id='word_1_434' title='bbox 3414 2285 3544 2339; x_wconf 85' lang='lat' dir='ltr'><strong>ergo</strong></span> <span class='ocrx_word' id='word_1_435' title='bbox 3601 2280 3654 2325; x_wconf 88' lang='lat' dir='ltr'><strong>et</strong></span> <span class='ocrx_word' id='word_1_436' title='bbox 3707 2273 3776 2326; x_wconf 87' lang='lat' dir='ltr'><strong>ab</strong></span> 
     </span>
    </p>
   </div>
   <div class='ocr_carea' id='block_1_67' title="bbox 2192 2346 2453 2418">
    <p class='ocr_par' dir='ltr' id='par_1_67' title="bbox 2192 2346 2453 2418">
     <span class='ocr_line' id='line_1_67' title="bbox 2192 2346 2453 2418; baseline 0.008 -17"><span class='ocrx_word' id='word_1_437' title='bbox 2192 2346 2404 2418; x_wconf 87' lang='lat' dir='ltr'><strong>Iguatio</strong></span> <span class='ocrx_word' id='word_1_438' title='bbox 2429 2350 2453 2403; x_wconf 82' lang='lat'><strong>?</strong></span> 
     </span>
    </p>
   </div>
   <div class='ocr_carea' id='block_1_68' title="bbox 2415 2436 3563 2535">
    <p class='ocr_par' dir='ltr' id='par_1_68' title="bbox 2415 2436 3563 2535">
     <span class='ocr_line' id='line_1_68' title="bbox 2415 2436 3563 2535; baseline 0.009 -18"><span class='ocrx_word' id='word_1_439' title='bbox 2415 2463 2442 2535; x_wconf 83' lang='lat'>§</span> <span class='ocrx_word' id='word_1_440' title='bbox 2486 2464 2571 2519; x_wconf 88' lang='lat' dir='ltr'><strong>Ill.</strong></span> <span class='ocrx_word' id='word_1_441' title='bbox 2611 2436 2688 2519; x_wconf 49' lang='lat' dir='ltr'><strong>D‘e</strong></span> <span class='ocrx_word' id='word_1_442' title='bbox 2717 2466 2883 2520; x_wconf 83' lang='lat' dir='ltr'><strong>verbis</strong></span> <span class='ocrx_word' id='word_1_443' title='bbox 2914 2468 3188 2523; x_wconf 80' lang='lat' dir='ltr'><strong>inusitatis</strong></span> <span class='ocrx_word' id='word_1_444' title='bbox 3225 2480 3275 2524; x_wconf 84' lang='lat' dir='ltr'><strong>et</strong></span> <span class='ocrx_word' id='word_1_445' title='bbox 3305 2470 3563 2527; x_wconf 79' lang='lat' dir='ltr'><strong>obscuris.</strong></span> 
     </span>
    </p>
   </div>
   <div class='ocr_carea' id='block_1_69' title="bbox 2264 2578 3770 2657">
    <p class='ocr_par' dir='ltr' id='par_1_69' title="bbox 2264 2578 3770 2657">
     <span class='ocr_line' id='line_1_69' title="bbox 2264 2578 3770 2657; baseline 0.007 -25"><span class='ocrx_word' id='word_1_446' title='bbox 2264 2580 2430 2634; x_wconf 82' lang='lat' dir='ltr'><strong>Addit</strong></span> <span class='ocrx_word' id='word_1_447' title='bbox 2469 2578 2707 2636; x_wconf 76' lang='lat' dir='ltr'><strong>Dallacus</strong></span> <span class='ocrx_word' id='word_1_448' title='bbox 2755 2581 2809 2633; x_wconf 92' lang='lat' dir='ltr'><strong>in</strong></span> <span class='ocrx_word' id='word_1_449' title='bbox 2857 2582 3106 2650; x_wconf 91' lang='lat' dir='ltr'><strong>epistolis</strong></span> <span class='ocrx_word' id='word_1_450' title='bbox 3151 2582 3452 2654; x_wconf 82' lang='lat' dir='ltr'><strong>lgnatianis</strong></span> <span class='ocrx_word' id='word_1_451' title='bbox 3505 2588 3770 2657; x_wconf 88' lang='lat' dir='ltr'><strong>quasdam</strong></span> 
     </span>
    </p>
   </div>
   <div class='ocr_carea' id='block_1_70' title="bbox 2192 2672 3772 2746">
    <p class='ocr_par' dir='ltr' id='par_1_70' title="bbox 2192 2672 3772 2746">
     <span class='ocr_line' id='line_1_70' title="bbox 2192 2672 3772 2746; baseline 0.007 -21"><span class='ocrx_word' id='word_1_452' title='bbox 2192 2672 2539 2728; x_wconf 85' lang='lat' dir='ltr'><strong>obscuriores</strong></span> <span class='ocrx_word' id='word_1_453' title='bbox 2583 2681 2637 2728; x_wconf 94' lang='lat' dir='ltr'><strong>et</strong></span> <span class='ocrx_word' id='word_1_454' title='bbox 2658 2673 2947 2728; x_wconf 89' lang='lat' dir='ltr'><strong>inusitatas</strong></span> <span class='ocrx_word' id='word_1_455' title='bbox 2982 2690 3146 2731; x_wconf 87' lang='lat' dir='ltr'><strong>voces</strong></span> <span class='ocrx_word' id='word_1_456' title='bbox 3201 2676 3456 2734; x_wconf 79' lang='lat' dir='ltr'><strong>inveniri.</strong></span> <span class='ocrx_word' id='word_1_457' title='bbox 3509 2680 3772 2746; x_wconf 83' lang='lat' dir='ltr'><strong>Quamvis</strong></span> 
     </span>
    </p>
   </div>
   <div class='ocr_carea' id='block_1_71' title="bbox 2191 2763 3772 2834">
    <p class='ocr_par' dir='ltr' id='par_1_71' title="bbox 2191 2763 3772 2834">
     <span class='ocr_line' id='line_1_71' title="bbox 2191 2763 3772 2834; baseline 0.006 -18"><span class='ocrx_word' id='word_1_458' title='bbox 2191 2763 2243 2816; x_wconf 89' lang='lat' dir='ltr'><strong>id</strong></span> <span class='ocrx_word' id='word_1_459' title='bbox 2273 2764 2628 2819; x_wconf 90' lang='lat' dir='ltr'><strong>verissimum</strong></span> <span class='ocrx_word' id='word_1_460' title='bbox 2674 2773 2840 2830; x_wconf 89' lang='lat' dir='ltr'><strong>esset,</strong></span> <span class='ocrx_word' id='word_1_461' title='bbox 2872 2764 3005 2834; x_wconf 81' lang='lat' dir='ltr'><strong>quiti</strong></span> <span class='ocrx_word' id='word_1_462' title='bbox 3056 2767 3183 2821; x_wconf 91' lang='lat' dir='ltr'><strong>inde</strong></span> <span class='ocrx_word' id='word_1_463' title='bbox 3222 2771 3477 2825; x_wconf 84' lang='lat' dir='ltr'><strong>conficiet</strong></span> <span class='ocrx_word' id='word_1_464' title='bbox 3505 2769 3772 2827; x_wconf 76' lang='lat' dir='ltr'><strong>Dallaeus?</strong></span> 
     </span>
    </p>
   </div>
   <div class='ocr_carea' id='block_1_72' title="bbox 2189 2853 3767 2926">
    <p class='ocr_par' dir='ltr' id='par_1_72' title="bbox 2189 2853 3767 2926">
     <span class='ocr_line' id='line_1_72' title="bbox 2189 2853 3767 2926; baseline 0.004 -17"><span class='ocrx_word' id='word_1_465' title='bbox 2189 2853 2448 2925; x_wconf 85' lang='lat' dir='ltr'><strong>Nunquid</strong></span> <span class='ocrx_word' id='word_1_466' title='bbox 2500 2855 2790 2926; x_wconf 84' lang='lat' dir='ltr'><strong>lgnatius,</strong></span> <span class='ocrx_word' id='word_1_467' title='bbox 2860 2856 3021 2909; x_wconf 88' lang='lat' dir='ltr'><strong>sicuti</strong></span> <span class='ocrx_word' id='word_1_468' title='bbox 3084 2858 3313 2926; x_wconf 90' lang='lat' dir='ltr'><strong>quilibet</strong></span> <span class='ocrx_word' id='word_1_469' title='bbox 3370 2862 3509 2915; x_wconf 90' lang='lat' dir='ltr'><strong>alius</strong></span> <span class='ocrx_word' id='word_1_470' title='bbox 3553 2872 3767 2924; x_wconf 86' lang='lat' dir='ltr'><strong>auctor,</strong></span> 
     </span>
    </p>
   </div>
   <div class='ocr_carea' id='block_1_73' title="bbox 2188 2944 3766 3015">
    <p class='ocr_par' dir='ltr' id='par_1_73' title="bbox 2188 2944 3766 3015">
     <span class='ocr_line' id='line_1_73' title="bbox 2188 2944 3766 3015; baseline 0.004 -16"><span class='ocrx_word' id='word_1_471' title='bbox 2188 2944 2440 2999; x_wconf 89' lang='lat' dir='ltr'><strong>obscuris</strong></span> <span class='ocrx_word' id='word_1_472' title='bbox 2482 2952 2537 2998; x_wconf 91' lang='lat' dir='ltr'><strong>et</strong></span> <span class='ocrx_word' id='word_1_473' title='bbox 2585 2946 2861 2999; x_wconf 88' lang='lat' dir='ltr'><strong>inusitatis</strong></span> <span class='ocrx_word' id='word_1_474' title='bbox 2938 2946 3198 3015; x_wconf 89' lang='lat' dir='ltr'><strong>loquendi</strong></span> <span class='ocrx_word' id='word_1_475' title='bbox 3266 2949 3445 3004; x_wconf 88' lang='lat' dir='ltr'><strong>modis</strong></span> <span class='ocrx_word' id='word_1_476' title='bbox 3512 2951 3592 3004; x_wconf 93' lang='lat' dir='ltr'><strong>uti</strong></span> <span class='ocrx_word' id='word_1_477' title='bbox 3660 2968 3766 3005; x_wconf 88' lang='lat' dir='ltr'><strong>non</strong></span> 
     </span>
    </p>
   </div>
   <div class='ocr_carea' id='block_1_74' title="bbox 2188 3034 3764 3109">
    <p class='ocr_par' dir='ltr' id='par_1_74' title="bbox 2188 3034 3764 3109">
     <span class='ocr_line' id='line_1_74' title="bbox 2188 3034 3764 3109; baseline 0.004 -20"><span class='ocrx_word' id='word_1_478' title='bbox 2188 3034 2401 3104; x_wconf 83' lang='lat' dir='ltr'><strong>potuit?</strong></span> <span class='ocrx_word' id='word_1_479' title='bbox 2438 3034 2494 3089; x_wconf 90' lang='lat' dir='ltr'><strong>Id</strong></span> <span class='ocrx_word' id='word_1_480' title='bbox 2523 3050 2655 3089; x_wconf 89' lang='lat' dir='ltr'><strong>sane</strong></span> <span class='ocrx_word' id='word_1_481' title='bbox 2698 3036 2751 3088; x_wconf 94' lang='lat' dir='ltr'><strong>in</strong></span> <span class='ocrx_word' id='word_1_482' title='bbox 2783 3037 3069 3105; x_wconf 90' lang='lat' dir='ltr'><strong>principiis</strong></span> <span class='ocrx_word' id='word_1_483' title='bbox 3102 3037 3427 3094; x_wconf 84' lang='lat' dir='ltr'><strong>Christianae</strong></span> <span class='ocrx_word' id='word_1_484' title='bbox 3462 3040 3764 3109; x_wconf 89' lang='lat' dir='ltr'><strong>religionis,</strong></span> 
     </span>
    </p>
   </div>
   <div class='ocr_carea' id='block_1_75' title="bbox 2188 3127 3768 3200">
    <p class='ocr_par' dir='ltr' id='par_1_75' title="bbox 2188 3127 3768 3200">
     <span class='ocr_line' id='line_1_75' title="bbox 2188 3127 3768 3200; baseline 0.004 -20"><span class='ocrx_word' id='word_1_485' title='bbox 2188 3143 2311 3197; x_wconf 68' lang='lat' dir='ltr'><strong>qua:</strong></span> <span class='ocrx_word' id='word_1_486' title='bbox 2338 3141 2479 3181; x_wconf 87' lang='lat' dir='ltr'><strong>nova</strong></span> <span class='ocrx_word' id='word_1_487' title='bbox 2510 3136 2565 3181; x_wconf 90' lang='lat' dir='ltr'><strong>et</strong></span> <span class='ocrx_word' id='word_1_488' title='bbox 2591 3127 2853 3181; x_wconf 89' lang='lat' dir='ltr'><strong>inusitata</strong></span> <span class='ocrx_word' id='word_1_489' title='bbox 2898 3143 3085 3182; x_wconf 90' lang='lat' dir='ltr'><strong>secum</strong></span> <span class='ocrx_word' id='word_1_490' title='bbox 3122 3128 3329 3184; x_wconf 79' lang='lat' dir='ltr'><strong>invexit</strong></span> <span class='ocrx_word' id='word_1_491' title='bbox 3356 3130 3542 3194; x_wconf 84' lang='lat' dir='ltr'><strong>verba,</strong></span> <span class='ocrx_word' id='word_1_492' title='bbox 3571 3146 3768 3200; x_wconf 75' lang='lat' dir='ltr'><strong>parum</strong></span> 
     </span>
    </p>
   </div>
   <div class='ocr_carea' id='block_1_76' title="bbox 2113 3213 3771 3291">
    <p class='ocr_par' dir='ltr' id='par_1_76' title="bbox 2113 3213 3771 3291">
     <span class='ocr_line' id='line_1_76' title="bbox 2113 3213 3771 3291; baseline 0.006 -22"><span class='ocrx_word' id='word_1_493' title='bbox 2113 3213 2154 3269; x_wconf 90' lang='lat' dir='ltr'><strong><em>C</em></strong></span> <span class='ocrx_word' id='word_1_494' title='bbox 2189 3228 2335 3275; x_wconf 88' lang='lat' dir='ltr'><strong>esset</strong></span> <span class='ocrx_word' id='word_1_495' title='bbox 2372 3219 2657 3285; x_wconf 88' lang='lat' dir='ltr'><strong>mirabile;</strong></span> <span class='ocrx_word' id='word_1_496' title='bbox 2709 3219 2803 3274; x_wconf 92' lang='lat' dir='ltr'><strong>sed</strong></span> <span class='ocrx_word' id='word_1_497' title='bbox 2857 3220 3031 3275; x_wconf 92' lang='lat' dir='ltr'><strong>multo</strong></span> <span class='ocrx_word' id='word_1_498' title='bbox 3071 3222 3255 3276; x_wconf 90' lang='lat' dir='ltr'><strong>minus</strong></span> <span class='ocrx_word' id='word_1_499' title='bbox 3288 3221 3343 3275; x_wconf 92' lang='lat' dir='ltr'><strong>in</strong></span> <span class='ocrx_word' id='word_1_500' title='bbox 3375 3221 3605 3291; x_wconf 80' lang='lat' dir='ltr'><strong>lgnatio,</strong></span> <span class='ocrx_word' id='word_1_501' title='bbox 3650 3225 3771 3279; x_wconf 81' lang='lat' dir='ltr'><strong>viro</strong></span> 
     </span>
    </p>
   </div>
   <div class='ocr_carea' id='block_1_77' title="bbox 2184 3309 3773 3380">
    <p class='ocr_par' dir='ltr' id='par_1_77' title="bbox 2184 3309 3773 3380">
     <span class='ocr_line' id='line_1_77' title="bbox 2184 3309 3773 3380; baseline 0.001 -15"><span class='ocrx_word' id='word_1_502' title='bbox 2184 3310 2507 3380; x_wconf 83' lang='lat' dir='ltr'><strong>apostolico,</strong></span> <span class='ocrx_word' id='word_1_503' title='bbox 2538 3310 2631 3380; x_wconf 92' lang='lat' dir='ltr'><strong>qui</strong></span> <span class='ocrx_word' id='word_1_504' title='bbox 2672 3309 2934 3379; x_wconf 85' lang='lat' dir='ltr'><strong>epistolas</strong></span> <span class='ocrx_word' id='word_1_505' title='bbox 2975 3325 3105 3365; x_wconf 90' lang='lat' dir='ltr'><strong>suas</strong></span> <span class='ocrx_word' id='word_1_506' title='bbox 3134 3311 3339 3365; x_wconf 89' lang='lat' dir='ltr'><strong>cursim</strong></span> <span class='ocrx_word' id='word_1_507' title='bbox 3374 3353 3390 3377; x_wconf 96' lang='lat'><strong>,</strong></span> <span class='ocrx_word' id='word_1_508' title='bbox 3435 3321 3491 3367; x_wconf 89' lang='lat' dir='ltr'><strong>et</strong></span> <span class='ocrx_word' id='word_1_509' title='bbox 3533 3315 3773 3380; x_wconf 83' lang='lat' dir='ltr'><strong>occulte,</strong></span> 
     </span>
    </p>
   </div>
   <div class='ocr_carea' id='block_1_78' title="bbox 2183 3400 3835 3471">
    <p class='ocr_par' dir='ltr' id='par_1_78' title="bbox 2183 3400 3835 3471">
     <span class='ocr_line' id='line_1_78' title="bbox 2183 3400 3835 3471; baseline 0.002 -15"><span class='ocrx_word' id='word_1_510' title='bbox 2183 3417 2248 3456; x_wconf 91' lang='lat' dir='ltr'><strong>ac</strong></span> <span class='ocrx_word' id='word_1_511' title='bbox 2301 3416 2519 3455; x_wconf 77' lang='lat' dir='ltr'><strong>summo</strong></span> <span class='ocrx_word' id='word_1_512' title='bbox 2575 3402 2820 3471; x_wconf 88' lang='lat' dir='ltr'><strong>martyrii</strong></span> <span class='ocrx_word' id='word_1_513' title='bbox 2875 3400 3071 3456; x_wconf 91' lang='lat' dir='ltr'><strong>ardore</strong></span> <span class='ocrx_word' id='word_1_514' title='bbox 3112 3402 3375 3457; x_wconf 89' lang='lat' dir='ltr'><strong>incensus</strong></span> <span class='ocrx_word' id='word_1_515' title='bbox 3428 3413 3767 3459; x_wconf 82' lang='lat' dir='ltr'><strong>exaraverat.</strong></span> <span class='ocrx_word' id='word_1_516' title='bbox 3816 3438 3835 3459; x_wconf 77' lang='grc' dir='ltr'><strong><em>ο</em></strong></span> 
     </span>
    </p>
   </div>
   <div class='ocr_carea' id='block_1_79' title="bbox 2188 3488 3769 3564">
    <p class='ocr_par' dir='ltr' id='par_1_79' title="bbox 2188 3488 3769 3564">
     <span class='ocr_line' id='line_1_79' title="bbox 2188 3488 3769 3564; baseline 0.004 -22"><span class='ocrx_word' id='word_1_517' title='bbox 2188 3488 2575 3547; x_wconf 79' lang='lat' dir='ltr'><strong>Verumtamen</strong></span> <span class='ocrx_word' id='word_1_518' title='bbox 2626 3508 2734 3546; x_wconf 92' lang='lat' dir='ltr'><strong>non</strong></span> <span class='ocrx_word' id='word_1_519' title='bbox 2780 3492 2903 3547; x_wconf 89' lang='lat' dir='ltr'><strong>aliis</strong></span> <span class='ocrx_word' id='word_1_520' title='bbox 2955 3492 3045 3546; x_wconf 90' lang='lat' dir='ltr'><strong>ille</strong></span> <span class='ocrx_word' id='word_1_521' title='bbox 3082 3493 3345 3560; x_wconf 87' lang='lat' dir='ltr'><strong>vocibus,</strong></span> <span class='ocrx_word' id='word_1_522' title='bbox 3385 3494 3471 3548; x_wconf 82' lang='lat' dir='ltr'><strong>vel</strong></span> <span class='ocrx_word' id='word_1_523' title='bbox 3510 3495 3769 3564; x_wconf 89' lang='lat' dir='ltr'><strong>loquendi</strong></span> 
     </span>
    </p>
   </div>
   <div class='ocr_carea' id='block_1_80' title="bbox 2183 3584 3771 3658">
    <p class='ocr_par' dir='ltr' id='par_1_80' title="bbox 2183 3584 3771 3658">
     <span class='ocr_line' id='line_1_80' title="bbox 2183 3584 3771 3658; baseline 0.003 -21"><span class='ocrx_word' id='word_1_524' title='bbox 2183 3584 2360 3639; x_wconf 89' lang='lat' dir='ltr'><strong>modis</strong></span> <span class='ocrx_word' id='word_1_525' title='bbox 2395 3601 2528 3639; x_wconf 86' lang='lat' dir='ltr'><strong>usus</strong></span> <span class='ocrx_word' id='word_1_526' title='bbox 2560 3593 2677 3651; x_wconf 90' lang='lat' dir='ltr'><strong>est,</strong></span> <span class='ocrx_word' id='word_1_527' title='bbox 2711 3600 2876 3651; x_wconf 87' lang='lat' dir='ltr'><strong>quam</strong></span> <span class='ocrx_word' id='word_1_528' title='bbox 2917 3584 2985 3639; x_wconf 92' lang='lat' dir='ltr'><strong>iis</strong></span> <span class='ocrx_word' id='word_1_529' title='bbox 3016 3585 3111 3654; x_wconf 90' lang='lat' dir='ltr'><strong>qui</strong></span> <span class='ocrx_word' id='word_1_530' title='bbox 3148 3586 3201 3638; x_wconf 93' lang='lat' dir='ltr'><strong>in</strong></span> <span class='ocrx_word' id='word_1_531' title='bbox 3234 3586 3407 3641; x_wconf 89' lang='lat' dir='ltr'><strong>sacris</strong></span> <span class='ocrx_word' id='word_1_532' title='bbox 3440 3585 3771 3658; x_wconf 74' lang='lat' dir='ltr'><strong>Scripturis,</strong></span> 
     </span>
    </p>
   </div>
   <div class='ocr_carea' id='block_1_81' title="bbox 2184 3676 3772 3748">
    <p class='ocr_par' dir='ltr' id='par_1_81' title="bbox 2184 3676 3772 3748">
     <span class='ocr_line' id='line_1_81' title="bbox 2184 3676 3772 3748; baseline 0.004 -20"><span class='ocrx_word' id='word_1_533' title='bbox 2184 3676 2419 3748; x_wconf 91' lang='lat' dir='ltr'><strong>aliisque</strong></span> <span class='ocrx_word' id='word_1_534' title='bbox 2458 3686 2600 3732; x_wconf 74' lang='lat' dir='ltr'><strong>nota:</strong></span> <span class='ocrx_word' id='word_1_535' title='bbox 2648 3677 2893 3733; x_wconf 89' lang='lat' dir='ltr'><strong>melioris</strong></span> <span class='ocrx_word' id='word_1_536' title='bbox 2944 3678 3308 3748; x_wconf 86' lang='lat' dir='ltr'><strong>scriptoribus</strong></span> <span class='ocrx_word' id='word_1_537' title='bbox 3355 3680 3535 3735; x_wconf 90' lang='lat' dir='ltr'><strong>solent</strong></span> <span class='ocrx_word' id='word_1_538' title='bbox 3576 3694 3772 3735; x_wconf 77' lang='lat' dir='ltr'><strong>occur-</strong></span> 
     </span>
    </p>
   </div>
   <div class='ocr_carea' id='block_1_82' title="bbox 2188 3779 2329 3820">
    <p class='ocr_par' dir='ltr' id='par_1_82' title="bbox 2188 3779 2329 3820">
     <span class='ocr_line' id='line_1_82' title="bbox 2188 3779 2329 3820; baseline 0 -1"><span class='ocrx_word' id='word_1_539' title='bbox 2188 3779 2329 3820; x_wconf 88' lang='lat' dir='ltr'><strong>rere.</strong></span> 
     </span>
    </p>
   </div>
   <div class='ocr_carea' id='block_1_83' title="bbox 2770 3878 3165 3939">
    <p class='ocr_par' dir='ltr' id='par_1_83' title="bbox 2770 3878 3165 3939">
     <span class='ocr_line' id='line_1_83' title="bbox 2770 3878 3165 3939; baseline -0.005 0"><span class='ocrx_word' id='word_1_540' title='bbox 2770 3878 3005 3939; x_wconf 80' lang='lat' dir='ltr'><strong>CAPUT</strong></span> <span class='ocrx_word' id='word_1_541' title='bbox 3046 3881 3165 3937; x_wconf 74' lang='lat' dir='ltr'><strong>XX.</strong></span> 
     </span>
    </p>
   </div>
   <div class='ocr_carea' id='block_1_84' title="bbox 2359 4007 3603 4050">
    <p class='ocr_par' dir='ltr' id='par_1_84' title="bbox 2359 4007 3603 4050">
     <span class='ocr_line' id='line_1_84' title="bbox 2359 4007 3603 4050; baseline 0.002 -3"><span class='ocrx_word' id='word_1_542' title='bbox 2359 4008 2411 4047; x_wconf 86' lang='lat' dir='ltr'><strong>IN</strong></span> <span class='ocrx_word' id='word_1_543' title='bbox 2450 4007 2537 4049; x_wconf 80' lang='lat' dir='ltr'><strong>IIIS</strong></span> <span class='ocrx_word' id='word_1_544' title='bbox 2574 4008 2851 4049; x_wconf 80' lang='lat' dir='ltr'><strong>EPISTOLIS</strong></span> <span class='ocrx_word' id='word_1_545' title='bbox 2890 4008 2993 4048; x_wconf 82' lang='lat' dir='ltr'><strong>NON</strong></span> <span class='ocrx_word' id='word_1_546' title='bbox 3031 4011 3157 4049; x_wconf 84' lang='lat' dir='ltr'><strong>ESSE</strong></span> <span class='ocrx_word' id='word_1_547' title='bbox 3202 4009 3402 4049; x_wconf 75' lang='lat' dir='ltr'><strong>PRAVAS</strong></span> <span class='ocrx_word' id='word_1_548' title='bbox 3441 4009 3603 4050; x_wconf 77' lang='lat' dir='ltr'><strong>PAULI</strong></span> 
     </span>
    </p>
   </div>
   <div class='ocr_carea' id='block_1_85' title="bbox 2796 4079 3167 4120">
    <p class='ocr_par' dir='ltr' id='par_1_85' title="bbox 2796 4079 3167 4120">
     <span class='ocr_line' id='line_1_85' title="bbox 2796 4079 3167 4120; baseline 0.003 -3"><span class='ocrx_word' id='word_1_549' title='bbox 2796 4079 3167 4120; x_wconf 75' lang='lat' dir='ltr'><strong>IIIITATIONES.</strong></span> 
     </span>
    </p>
   </div>
   <div class='ocr_carea' id='block_1_86' title="bbox 2291 4172 3667 4243">
    <p class='ocr_par' dir='ltr' id='par_1_86' title="bbox 2291 4172 3667 4243">
     <span class='ocr_line' id='line_1_86' title="bbox 2291 4172 3667 4243; baseline 0.001 -17"><span class='ocrx_word' id='word_1_550' title='bbox 2291 4172 2320 4243; x_wconf 82' lang='lat'>§</span> <span class='ocrx_word' id='word_1_551' title='bbox 2363 4172 2403 4227; x_wconf 94' lang='lat' dir='ltr'><strong>I.</strong></span> <span class='ocrx_word' id='word_1_552' title='bbox 2448 4173 2721 4239; x_wconf 80' lang='lat' dir='ltr'><strong>Quantum</strong></span> <span class='ocrx_word' id='word_1_553' title='bbox 2762 4174 3059 4228; x_wconf 85' lang='lat' dir='ltr'><strong>adversarii</strong></span> <span class='ocrx_word' id='word_1_554' title='bbox 3094 4173 3198 4228; x_wconf 84' lang='lat' dir='ltr'><strong>sibi</strong></span> <span class='ocrx_word' id='word_1_555' title='bbox 3228 4175 3334 4228; x_wconf 86' lang='lat' dir='ltr'><strong>sint</strong></span> <span class='ocrx_word' id='word_1_556' title='bbox 3382 4173 3667 4229; x_wconf 75' lang='lat' dir='ltr'><strong>contrarii.</strong></span> 
     </span>
    </p>
   </div>
   <div class='ocr_carea' id='block_1_87' title="bbox 2254 4283 3769 4357">
    <p class='ocr_par' dir='ltr' id='par_1_87' title="bbox 2254 4283 3769 4357">
     <span class='ocr_line' id='line_1_87' title="bbox 2254 4283 3769 4357; baseline 0.001 -18"><span class='ocrx_word' id='word_1_557' title='bbox 2254 4285 2399 4340; x_wconf 91' lang='lat' dir='ltr'><strong>Inter</strong></span> <span class='ocrx_word' id='word_1_558' title='bbox 2434 4294 2513 4339; x_wconf 92' lang='lat' dir='ltr'><strong>tot</strong></span> <span class='ocrx_word' id='word_1_559' title='bbox 2562 4294 2788 4356; x_wconf 88' lang='lat' dir='ltr'><strong>tamque</strong></span> <span class='ocrx_word' id='word_1_560' title='bbox 2817 4283 3034 4342; x_wconf 90' lang='lat' dir='ltr'><strong>diversa</strong></span> <span class='ocrx_word' id='word_1_561' title='bbox 3067 4287 3253 4342; x_wconf 85' lang='lat' dir='ltr'><strong>Dallaei</strong></span> <span class='ocrx_word' id='word_1_562' title='bbox 3284 4288 3546 4342; x_wconf 84' lang='lat' dir='ltr'><strong>adversus</strong></span> <span class='ocrx_word' id='word_1_563' title='bbox 3575 4287 3769 4357; x_wconf 83' lang='lat' dir='ltr'><strong>lgnatii</strong></span> 
     </span>
    </p>
   </div>
   <div class='ocr_carea' id='block_1_88' title="bbox 2181 4378 3769 4448">
    <p class='ocr_par' dir='ltr' id='par_1_88' title="bbox 2181 4378 3769 4448">
     <span class='ocr_line' id='line_1_88' title="bbox 2181 4378 3769 4448; baseline 0 -16"><span class='ocrx_word' id='word_1_564' title='bbox 2181 4378 2439 4448; x_wconf 90' lang='lat' dir='ltr'><strong>epistolas</strong></span> <span class='ocrx_word' id='word_1_565' title='bbox 2464 4388 2804 4448; x_wconf 86' lang='lat' dir='ltr'><strong>argumenta,</strong></span> <span class='ocrx_word' id='word_1_566' title='bbox 2822 4379 2951 4432; x_wconf 89' lang='lat' dir='ltr'><strong>illud</strong></span> <span class='ocrx_word' id='word_1_567' title='bbox 2971 4379 3218 4448; x_wconf 87' lang='lat' dir='ltr'><strong>profecto</strong></span> <span class='ocrx_word' id='word_1_568' title='bbox 3231 4380 3418 4433; x_wconf 90' lang='lat' dir='ltr'><strong>mirari</strong></span> <span class='ocrx_word' id='word_1_569' title='bbox 3433 4379 3598 4446; x_wconf 87' lang='lat' dir='ltr'><strong>subit,</strong></span> <span class='ocrx_word' id='word_1_570' title='bbox 3618 4379 3769 4447; x_wconf 91' lang='lat' dir='ltr'><strong>quod</strong></span> 
     </span>
    </p>
   </div>
   <div class='ocr_carea' id='block_1_89' title="bbox 2182 4470 3764 4542">
    <p class='ocr_par' dir='ltr' id='par_1_89' title="bbox 2182 4470 3764 4542">
     <span class='ocr_line' id='line_1_89' title="bbox 2182 4470 3764 4542; baseline 0.001 -17"><span class='ocrx_word' id='word_1_571' title='bbox 2182 4471 2273 4525; x_wconf 90' lang='lat' dir='ltr'><strong>ille</strong></span> <span class='ocrx_word' id='word_1_572' title='bbox 2314 4472 2634 4539; x_wconf 88' lang='lat' dir='ltr'><strong>scriptorem</strong></span> <span class='ocrx_word' id='word_1_573' title='bbox 2676 4480 2927 4525; x_wconf 92' lang='lat' dir='ltr'><strong>nostrum</strong></span> <span class='ocrx_word' id='word_1_574' title='bbox 2983 4486 3093 4524; x_wconf 91' lang='lat' dir='ltr'><strong>non</strong></span> <span class='ocrx_word' id='word_1_575' title='bbox 3132 4470 3425 4542; x_wconf 88' lang='lat' dir='ltr'><strong>lgnatium,</strong></span> <span class='ocrx_word' id='word_1_576' title='bbox 3471 4473 3564 4527; x_wconf 87' lang='lat' dir='ltr'><strong>sed</strong></span> <span class='ocrx_word' id='word_1_577' title='bbox 3595 4472 3764 4526; x_wconf 80' lang='lat' dir='ltr'><strong>alium</strong></span> 
     </span>
    </p>
   </div>
   <div class='ocr_carea' id='block_1_90' title="bbox 502 4562 2089 4649">
    <p class='ocr_par' dir='ltr' id='par_1_90' title="bbox 502 4574 2079 4649">
     <span class='ocr_line' id='line_1_90' title="bbox 502 4574 2079 4649; baseline 0.004 -21"><span class='ocrx_word' id='word_1_578' title='bbox 502 4574 692 4629; x_wconf 89' lang='lat' dir='ltr'><strong>stiora.</strong></span> <span class='ocrx_word' id='word_1_579' title='bbox 753 4575 812 4630; x_wconf 90' lang='lat' dir='ltr'><strong>Si</strong></span> <span class='ocrx_word' id='word_1_580' title='bbox 857 4578 924 4633; x_wconf 90' lang='lat' dir='ltr'><strong>de</strong></span> <span class='ocrx_word' id='word_1_581' title='bbox 965 4579 1240 4649; x_wconf 90' lang='lat' dir='ltr'><strong>paucitate</strong></span> <span class='ocrx_word' id='word_1_582' title='bbox 1311 4583 1606 4637; x_wconf 78' lang='lat' dir='ltr'><strong>verborum</strong></span> <span class='ocrx_word' id='word_1_583' title='bbox 1667 4585 1738 4636; x_wconf 84' lang='lat' dir='ltr'><strong>ab</strong></span> <span class='ocrx_word' id='word_1_584' title='bbox 1792 4579 2079 4635; x_wconf 86' lang='lat' dir='ltr'><strong>Hamondo</strong></span> 
     </span>
    </p>
   </div>
   <div class='ocr_carea' id='block_1_91' title="bbox 2188 4562 3768 4649">
    <p class='ocr_par' dir='ltr' id='par_1_91' title="bbox 2188 4562 3768 4633">
     <span class='ocr_line' id='line_1_91' title="bbox 2188 4562 3768 4633; baseline -0.001 -15"><span class='ocrx_word' id='word_1_585' title='bbox 2188 4563 2407 4618; x_wconf 91' lang='lat' dir='ltr'><strong>omnino</strong></span> <span class='ocrx_word' id='word_1_586' title='bbox 2435 4562 2605 4617; x_wconf 87' lang='lat' dir='ltr'><strong>fuisse</strong></span> <span class='ocrx_word' id='word_1_587' title='bbox 2633 4562 2759 4616; x_wconf 87' lang='lat' dir='ltr'><strong>inde</strong></span> <span class='ocrx_word' id='word_1_588' title='bbox 2786 4563 3017 4631; x_wconf 88' lang='lat' dir='ltr'><strong>probare</strong></span> <span class='ocrx_word' id='word_1_589' title='bbox 3042 4563 3173 4617; x_wconf 87' lang='lat' dir='ltr'><strong>velit</strong></span> <span class='ocrx_word' id='word_1_590' title='bbox 3192 4564 3257 4628; x_wconf 85' lang='lat'><strong>&quot;,</strong></span> <span class='ocrx_word' id='word_1_591' title='bbox 3285 4565 3414 4633; x_wconf 85' lang='lat' dir='ltr'><strong>quia</strong></span> <span class='ocrx_word' id='word_1_592' title='bbox 3433 4581 3478 4615; x_wconf 75' lang='grc' dir='ltr'><strong>ε(</strong></span> <span class='ocrx_word' id='word_1_593' title='bbox 3503 4563 3768 4630; x_wconf 67' lang='lat' dir='ltr'><strong>Quaedam</strong></span> 
     </span>
    </p>
   </div>
   <div class='ocr_carea' id='block_1_92' title="bbox 500 4667 2079 4743">
    <p class='ocr_par' dir='ltr' id='par_1_92' title="bbox 500 4667 2079 4743">
     <span class='ocr_line' id='line_1_92' title="bbox 500 4667 2079 4743; baseline 0.003 -23"><span class='ocrx_word' id='word_1_594' title='bbox 500 4667 787 4722; x_wconf 82' lang='lat' dir='ltr'><strong>allaturum</strong></span> <span class='ocrx_word' id='word_1_595' title='bbox 862 4670 1222 4739; x_wconf 87' lang='lat' dir='ltr'><strong>conqueritur</strong></span> <span class='ocrx_word' id='word_1_596' title='bbox 1247 4670 1503 4737; x_wconf 72' lang='lat' dir='ltr'><strong>Dallaeus,</strong></span> <span class='ocrx_word' id='word_1_597' title='bbox 1531 4672 1599 4726; x_wconf 91' lang='lat' dir='ltr'><strong>de</strong></span> <span class='ocrx_word' id='word_1_598' title='bbox 1625 4673 1821 4743; x_wconf 86' lang='lat' dir='ltr'><strong>majori</strong></span> <span class='ocrx_word' id='word_1_599' title='bbox 1858 4670 2079 4725; x_wconf 74' lang='lat' dir='ltr'><strong>Dallaea-</strong></span> 
     </span>
    </p>
   </div>
   <div class='ocr_carea' id='block_1_93' title="bbox 503 4765 2081 4836">
    <p class='ocr_par' dir='ltr' id='par_1_93' title="bbox 503 4765 2081 4836">
     <span class='ocr_line' id='line_1_93' title="bbox 503 4765 2081 4836; baseline 0.006 -25"><span class='ocrx_word' id='word_1_600' title='bbox 503 4773 698 4813; x_wconf 92' lang='lat' dir='ltr'><strong>norum</strong></span> <span class='ocrx_word' id='word_1_601' title='bbox 741 4776 973 4817; x_wconf 88' lang='lat' dir='ltr'><strong>numero</strong></span> <span class='ocrx_word' id='word_1_602' title='bbox 1010 4778 1111 4817; x_wconf 93' lang='lat' dir='ltr'><strong>nos</strong></span> <span class='ocrx_word' id='word_1_603' title='bbox 1136 4765 1335 4833; x_wconf 91' lang='lat' dir='ltr'><strong>potiori</strong></span> <span class='ocrx_word' id='word_1_604' title='bbox 1371 4765 1495 4835; x_wconf 88' lang='lat' dir='ltr'><strong>jure</strong></span> <span class='ocrx_word' id='word_1_605' title='bbox 1524 4766 1934 4836; x_wconf 89' lang='lat' dir='ltr'><strong>eonquerimur.</strong></span> <span class='ocrx_word' id='word_1_606' title='bbox 1986 4765 2081 4821; x_wconf 86' lang='lat' dir='ltr'><strong>Ille</strong></span> 
     </span>
    </p>
   </div>
   <div class='ocr_carea' id='block_1_94' title="bbox 501 4848 2078 4926">
    <p class='ocr_par' dir='ltr' id='par_1_94' title="bbox 501 4848 2078 4926">
     <span class='ocr_line' id='line_1_94' title="bbox 501 4848 2078 4926; baseline 0.008 -26"><span class='ocrx_word' id='word_1_607' title='bbox 501 4848 773 4919; x_wconf 82' lang='lat' dir='ltr'><strong>siquidem</strong></span> <span class='ocrx_word' id='word_1_608' title='bbox 814 4860 874 4905; x_wconf 92' lang='lat' dir='ltr'><strong>ut</strong></span> <span class='ocrx_word' id='word_1_609' title='bbox 899 4854 1333 4921; x_wconf 82' lang='lat' dir='ltr'><strong>compositarum</strong></span> <span class='ocrx_word' id='word_1_610' title='bbox 1382 4856 1528 4926; x_wconf 89' lang='lat' dir='ltr'><strong>apud</strong></span> <span class='ocrx_word' id='word_1_611' title='bbox 1580 4855 1848 4926; x_wconf 88' lang='lat' dir='ltr'><strong>lgnatium</strong></span> <span class='ocrx_word' id='word_1_612' title='bbox 1880 4871 2078 4911; x_wconf 89' lang='lat' dir='ltr'><strong>vocum</strong></span> 
     </span>
    </p>
   </div>
   <div class='ocr_carea' id='block_1_95' title="bbox 502 4942 2083 5016">
    <p class='ocr_par' dir='ltr' id='par_1_95' title="bbox 502 4942 2083 5016">
     <span class='ocr_line' id='line_1_95' title="bbox 502 4942 2083 5016; baseline 0.004 -23"><span class='ocrx_word' id='word_1_613' title='bbox 502 4949 727 5010; x_wconf 79' lang='lat' dir='ltr'><strong>augeret</strong></span> <span class='ocrx_word' id='word_1_614' title='bbox 773 4942 1204 5011; x_wconf 89' lang='lat' dir='ltr'><strong>multitudinem,</strong></span> <span class='ocrx_word' id='word_1_615' title='bbox 1258 4960 1354 5000; x_wconf 90' lang='lat' dir='ltr'><strong>eas</strong></span> <span class='ocrx_word' id='word_1_616' title='bbox 1403 4961 1531 5013; x_wconf 69' lang='lat' dir='ltr'><strong>quae</strong></span> <span class='ocrx_word' id='word_1_617' title='bbox 1575 4946 1631 4999; x_wconf 90' lang='lat' dir='ltr'><strong>in</strong></span> <span class='ocrx_word' id='word_1_618' title='bbox 1685 4945 1840 5000; x_wconf 89' lang='lat' dir='ltr'><strong>falsis</strong></span> <span class='ocrx_word' id='word_1_619' title='bbox 1886 4946 2083 5016; x_wconf 84' lang='lat' dir='ltr'><strong>Ignatii</strong></span> 
     </span>
    </p>
   </div>
   <div class='ocr_carea' id='block_1_96' title="bbox 499 5029 2079 5103">
    <p class='ocr_par' dir='ltr' id='par_1_96' title="bbox 499 5029 2079 5103">
     <span class='ocr_line' id='line_1_96' title="bbox 499 5029 2079 5103; baseline 0.004 -20"><span class='ocrx_word' id='word_1_620' title='bbox 499 5029 788 5098; x_wconf 85' lang='lat' dir='ltr'><strong>epistolis,</strong></span> <span class='ocrx_word' id='word_1_621' title='bbox 857 5031 941 5085; x_wconf 89' lang='lat' dir='ltr'><strong>vel</strong></span> <span class='ocrx_word' id='word_1_622' title='bbox 1008 5032 1064 5086; x_wconf 91' lang='lat' dir='ltr'><strong>in</strong></span> <span class='ocrx_word' id='word_1_623' title='bbox 1124 5034 1491 5103; x_wconf 83' lang='lat' dir='ltr'><strong>genuinarum</strong></span> <span class='ocrx_word' id='word_1_624' title='bbox 1561 5033 2079 5102; x_wconf 87' lang='lat' dir='ltr'><strong>interpolationibus</strong></span> 
     </span>
    </p>
   </div>
   <div class='ocr_carea' id='block_1_97' title="bbox 500 5123 2078 5197">
    <p class='ocr_par' dir='ltr' id='par_1_97' title="bbox 500 5123 2078 5197">
     <span class='ocr_line' id='line_1_97' title="bbox 500 5123 2078 5197; baseline 0.003 -22"><span class='ocrx_word' id='word_1_625' title='bbox 500 5130 834 5189; x_wconf 88' lang='lat' dir='ltr'><strong>occurrunt,</strong></span> <span class='ocrx_word' id='word_1_626' title='bbox 885 5123 1008 5178; x_wconf 91' lang='lat' dir='ltr'><strong>aliis</strong></span> <span class='ocrx_word' id='word_1_627' title='bbox 1056 5123 1331 5180; x_wconf 87' lang='lat' dir='ltr'><strong>immerito</strong></span> <span class='ocrx_word' id='word_1_628' title='bbox 1374 5126 1644 5197; x_wconf 76' lang='lat' dir='ltr'><strong>adjunxit.</strong></span> <span class='ocrx_word' id='word_1_629' title='bbox 1694 5124 1900 5179; x_wconf 90' lang='lat' dir='ltr'><strong>Deinde</strong></span> <span class='ocrx_word' id='word_1_630' title='bbox 1956 5125 2078 5179; x_wconf 91' lang='lat' dir='ltr'><strong>ideo</strong></span> 
     </span>
    </p>
   </div>
   <div class='ocr_carea' id='block_1_98' title="bbox 504 5212 2079 5285">
    <p class='ocr_par' dir='ltr' id='par_1_98' title="bbox 504 5212 2079 5285">
     <span class='ocr_line' id='line_1_98' title="bbox 504 5212 2079 5285; baseline 0.004 -20"><span class='ocrx_word' id='word_1_631' title='bbox 504 5212 822 5270; x_wconf 86' lang='lat' dir='ltr'><strong>llamondus</strong></span> <span class='ocrx_word' id='word_1_632' title='bbox 882 5217 1069 5271; x_wconf 89' lang='lat' dir='ltr'><strong>decem</strong></span> <span class='ocrx_word' id='word_1_633' title='bbox 1132 5226 1346 5273; x_wconf 89' lang='lat' dir='ltr'><strong>tantum</strong></span> <span class='ocrx_word' id='word_1_634' title='bbox 1398 5235 1467 5273; x_wconf 79' lang='lat' dir='ltr'><strong>ex</strong></span> <span class='ocrx_word' id='word_1_635' title='bbox 1519 5217 1720 5273; x_wconf 88' lang='lat' dir='ltr'><strong>divinis</strong></span> <span class='ocrx_word' id='word_1_636' title='bbox 1778 5216 2079 5285; x_wconf 87' lang='lat' dir='ltr'><strong>Scripturis</strong></span> 
     </span>
    </p>
   </div>
   <div class='ocr_carea' id='block_1_99' title="bbox 499 5308 2077 5380">
    <p class='ocr_par' dir='ltr' id='par_1_99' title="bbox 499 5308 2077 5380">
     <span class='ocr_line' id='line_1_99' title="bbox 499 5308 2077 5380; baseline 0.001 -21"><span class='ocrx_word' id='word_1_637' title='bbox 499 5308 934 5375; x_wconf 85' lang='lat' dir='ltr'><strong>compositarum</strong></span> <span class='ocrx_word' id='word_1_638' title='bbox 980 5324 1179 5363; x_wconf 91' lang='lat' dir='ltr'><strong>vocum</strong></span> <span class='ocrx_word' id='word_1_639' title='bbox 1235 5310 1464 5380; x_wconf 90' lang='lat' dir='ltr'><strong>protulit</strong></span> <span class='ocrx_word' id='word_1_640' title='bbox 1518 5309 1791 5378; x_wconf 83' lang='lat' dir='ltr'><strong>exempla,</strong></span> <span class='ocrx_word' id='word_1_641' title='bbox 1838 5308 1982 5377; x_wconf 91' lang='lat' dir='ltr'><strong>quod</strong></span> <span class='ocrx_word' id='word_1_642' title='bbox 2012 5323 2077 5361; x_wconf 88' lang='lat' dir='ltr'><strong>ea</strong></span> 
     </span>
    </p>
   </div>
   <div class='ocr_carea' id='block_1_100' title="bbox 500 5396 2077 5470">
    <p class='ocr_par' dir='ltr' id='par_1_100' title="bbox 500 5396 2077 5470">
     <span class='ocr_line' id='line_1_100' title="bbox 500 5396 2077 5470; baseline 0.004 -21"><span class='ocrx_word' id='word_1_643' title='bbox 500 5396 568 5450; x_wconf 91' lang='lat' dir='ltr'><strong>ad</strong></span> <span class='ocrx_word' id='word_1_644' title='bbox 601 5413 798 5451; x_wconf 85' lang='lat' dir='ltr'><strong>vanam</strong></span> <span class='ocrx_word' id='word_1_645' title='bbox 827 5397 1093 5455; x_wconf 90' lang='lat' dir='ltr'><strong>Blondelli</strong></span> <span class='ocrx_word' id='word_1_646' title='bbox 1123 5401 1484 5470; x_wconf 89' lang='lat' dir='ltr'><strong>objectionem</strong></span> <span class='ocrx_word' id='word_1_647' title='bbox 1516 5400 1912 5457; x_wconf 87' lang='lat' dir='ltr'><strong>destruendam</strong></span> <span class='ocrx_word' id='word_1_648' title='bbox 1943 5398 2077 5455; x_wconf 89' lang='lat' dir='ltr'><strong>satis</strong></span> 
     </span>
    </p>
   </div>
   <div class='ocr_carea' id='block_1_101' title="bbox 500 5494 2077 5564">
    <p class='ocr_par' dir='ltr' id='par_1_101' title="bbox 500 5494 2077 5564">
     <span class='ocr_line' id='line_1_101' title="bbox 500 5494 2077 5564; baseline 0.005 -24"><span class='ocrx_word' id='word_1_649' title='bbox 500 5502 775 5559; x_wconf 86' lang='lat' dir='ltr'><strong>superque</strong></span> <span class='ocrx_word' id='word_1_650' title='bbox 845 5507 968 5547; x_wconf 89' lang='lat' dir='ltr'><strong>esse</strong></span> <span class='ocrx_word' id='word_1_651' title='bbox 1032 5495 1329 5549; x_wconf 89' lang='lat' dir='ltr'><strong>censuerit.</strong></span> <span class='ocrx_word' id='word_1_652' title='bbox 1399 5495 1469 5549; x_wconf 85' lang='lat' dir='ltr'><strong>At</strong></span> <span class='ocrx_word' id='word_1_653' title='bbox 1530 5495 1691 5564; x_wconf 87' lang='lat' dir='ltr'><strong>longe</strong></span> <span class='ocrx_word' id='word_1_654' title='bbox 1744 5494 1897 5563; x_wconf 86' lang='lat' dir='ltr'><strong>plura</strong></span> <span class='ocrx_word' id='word_1_655' title='bbox 1954 5507 2077 5561; x_wconf 83' lang='lat' dir='ltr'><strong>quae</strong></span> 
     </span>
    </p>
   </div>
   <div class='ocr_carea' id='block_1_102' title="bbox 502 5581 2071 5657">
    <p class='ocr_par' dir='ltr' id='par_1_102' title="bbox 502 5581 2071 5657">
     <span class='ocr_line' id='line_1_102' title="bbox 502 5581 2071 5657; baseline 0.003 -24"><span class='ocrx_word' id='word_1_656' title='bbox 502 5581 709 5649; x_wconf 90' lang='lat' dir='ltr'><strong>passim</strong></span> <span class='ocrx_word' id='word_1_657' title='bbox 754 5583 809 5638; x_wconf 92' lang='lat' dir='ltr'><strong>in</strong></span> <span class='ocrx_word' id='word_1_658' title='bbox 846 5583 1029 5641; x_wconf 78' lang='lat' dir='ltr'><strong>Veteri</strong></span> <span class='ocrx_word' id='word_1_659' title='bbox 1064 5583 1328 5657; x_wconf 89' lang='lat' dir='ltr'><strong>Novoque</strong></span> <span class='ocrx_word' id='word_1_660' title='bbox 1358 5585 1707 5642; x_wconf 88' lang='lat' dir='ltr'><strong>Testamento</strong></span> <span class='ocrx_word' id='word_1_661' title='bbox 1749 5594 2071 5652; x_wconf 88' lang='lat' dir='ltr'><strong>occurrunt,</strong></span> 
     </span>
    </p>
   </div>
   <div class='ocr_carea' id='block_1_103' title="bbox 518 5733 1580 5868">
    <p class='ocr_par' dir='ltr' id='par_1_103' title="bbox 518 5733 1580 5868">
     <span class='ocr_line' id='line_1_103' title="bbox 518 5733 1580 5868; baseline 0.005 -74"><span class='ocrx_word' id='word_1_662' title='bbox 518 5813 553 5868; x_wconf 66' lang='grc' dir='ltr'><strong>Ρ</strong></span> <span class='ocrx_word' id='word_1_663' title='bbox 579 5733 773 5859; x_wconf 57' lang='grc' dir='ltr'><strong>’ἐθὶξοι</strong></span> <span class='ocrx_word' id='word_1_664' title='bbox 800 5741 857 5796; x_wconf 87' lang='lat' dir='ltr'><strong>in</strong></span> <span class='ocrx_word' id='word_1_665' title='bbox 882 5736 1163 5811; x_wconf 88' lang='lat' dir='ltr'><strong>Polycarp.</strong></span> <span class='ocrx_word' id='word_1_666' title='bbox 1194 5740 1378 5812; x_wconf 88' lang='lat' dir='ltr'><strong>epist.,</strong></span> <span class='ocrx_word' id='word_1_667' title='bbox 1411 5758 1464 5813; x_wconf 92' lang='lat' dir='ltr'><strong>p.</strong></span> <span class='ocrx_word' id='word_1_668' title='bbox 1494 5742 1580 5800; x_wconf 82' lang='lat' dir='ltr'><strong>IO.</strong></span> 
     </span>
    </p>
   </div>
   <div class='ocr_carea' id='block_1_104' title="bbox 1684 5742 2697 5816">
    <p class='ocr_par' dir='ltr' id='par_1_104' title="bbox 1684 5742 2697 5816">
     <span class='ocr_line' id='line_1_104' title="bbox 1684 5742 2697 5816; baseline -0.005 -16"><span class='ocrx_word' id='word_1_669' title='bbox 1684 5746 1728 5778; x_wconf 84' lang='grc'><strong>²⁰</strong></span> <span class='ocrx_word' id='word_1_670' title='bbox 1779 5759 1898 5814; x_wconf 85' lang='lat' dir='ltr'><strong>cap.</strong></span> <span class='ocrx_word' id='word_1_671' title='bbox 1933 5742 2026 5813; x_wconf 70' lang='grc'><strong>27,</strong></span> <span class='ocrx_word' id='word_1_672' title='bbox 2054 5762 2106 5816; x_wconf 86' lang='lat' dir='ltr'><strong>p.</strong></span> <span class='ocrx_word' id='word_1_673' title='bbox 2152 5745 2266 5801; x_wconf 68' lang='lat'><strong>£07.</strong></span> <span class='ocrx_word' id='word_1_674' title='bbox 2341 5745 2381 5777; x_wconf 87' lang='grc'>²¹</span> <span class='ocrx_word' id='word_1_675' title='bbox 2415 5760 2536 5815; x_wconf 80' lang='lat' dir='ltr'><strong>pag.</strong></span> <span class='ocrx_word' id='word_1_676' title='bbox 2573 5742 2697 5798; x_wconf 71' lang='grc'><strong>406.</strong></span> 
     </span>
    </p>
   </div>
   <div class='ocr_carea' id='block_1_105' title="bbox 2178 4652 3767 4724">
    <p class='ocr_par' dir='ltr' id='par_1_105' title="bbox 2178 4652 3767 4724">
     <span class='ocr_line' id='line_1_105' title="bbox 2178 4652 3767 4724; baseline -0.001 -17"><span class='ocrx_word' id='word_1_677' title='bbox 2178 4653 2334 4709; x_wconf 91' lang='lat' dir='ltr'><strong>Pauli</strong></span> <span class='ocrx_word' id='word_1_678' title='bbox 2365 4653 2596 4723; x_wconf 88' lang='lat' dir='ltr'><strong>apostoli</strong></span> <span class='ocrx_word' id='word_1_679' title='bbox 2627 4653 2872 4707; x_wconf 87' lang='lat' dir='ltr'><strong>studiose</strong></span> <span class='ocrx_word' id='word_1_680' title='bbox 2912 4660 2997 4707; x_wconf 90' lang='lat' dir='ltr'><strong>est</strong></span> <span class='ocrx_word' id='word_1_681' title='bbox 3027 4652 3294 4720; x_wconf 87' lang='lat' dir='ltr'><strong>imitatus,</strong></span> <span class='ocrx_word' id='word_1_682' title='bbox 3335 4670 3564 4724; x_wconf 86' lang='lat' dir='ltr'><strong>sperans</strong></span> <span class='ocrx_word' id='word_1_683' title='bbox 3594 4669 3652 4709; x_wconf 89' lang='lat' dir='ltr'><strong>se</strong></span> <span class='ocrx_word' id='word_1_684' title='bbox 3681 4654 3767 4707; x_wconf 89' lang='lat' dir='ltr'><strong>his</strong></span> 
     </span>
    </p>
   </div>
   <div class='ocr_carea' id='block_1_106' title="bbox 2182 4744 3770 4815">
    <p class='ocr_par' dir='ltr' id='par_1_106' title="bbox 2182 4744 3770 4815">
     <span class='ocr_line' id='line_1_106' title="bbox 2182 4744 3770 4815; baseline 0 -14"><span class='ocrx_word' id='word_1_685' title='bbox 2182 4747 2349 4801; x_wconf 89' lang='lat' dir='ltr'><strong>veluti</strong></span> <span class='ocrx_word' id='word_1_686' title='bbox 2399 4745 2682 4815; x_wconf 88' lang='lat' dir='ltr'><strong>apostolici</strong></span> <span class='ocrx_word' id='word_1_687' title='bbox 2736 4744 2990 4814; x_wconf 87' lang='lat' dir='ltr'><strong>discipuli</strong></span> <span class='ocrx_word' id='word_1_688' title='bbox 3061 4746 3405 4801; x_wconf 89' lang='lat' dir='ltr'><strong>lineamentis</strong></span> <span class='ocrx_word' id='word_1_689' title='bbox 3451 4745 3770 4801; x_wconf 85' lang='lat' dir='ltr'><strong>hominibus</strong></span> 
     </span>
    </p>
   </div>
   <div class='ocr_carea' id='block_1_107' title="bbox 2184 4838 3765 4910">
    <p class='ocr_par' dir='ltr' id='par_1_107' title="bbox 2184 4838 3765 4910">
     <span class='ocr_line' id='line_1_107' title="bbox 2184 4838 3765 4910; baseline -0.001 -15"><span class='ocrx_word' id='word_1_690' title='bbox 2184 4841 2268 4895; x_wconf 91' lang='lat' dir='ltr'><strong>sui</strong></span> <span class='ocrx_word' id='word_1_691' title='bbox 2308 4838 2516 4907; x_wconf 82' lang='lat' dir='ltr'><strong>saeculi,</strong></span> <span class='ocrx_word' id='word_1_692' title='bbox 2546 4839 2851 4907; x_wconf 67' lang='lat' dir='ltr'><strong>pmsertim</strong></span> <span class='ocrx_word' id='word_1_693' title='bbox 2890 4840 3128 4908; x_wconf 90' lang='lat' dir='ltr'><strong>posteris</strong></span> <span class='ocrx_word' id='word_1_694' title='bbox 3157 4839 3226 4893; x_wconf 90' lang='lat' dir='ltr'><strong>ab</strong></span> <span class='ocrx_word' id='word_1_695' title='bbox 3252 4838 3461 4910; x_wconf 83' lang='lat' dir='ltr'><strong>Ignatio</strong></span> <span class='ocrx_word' id='word_1_696' title='bbox 3498 4839 3765 4893; x_wconf 87' lang='lat' dir='ltr'><strong>remotio-</strong></span> 
     </span>
    </p>
   </div>
   <div class='ocr_carea' id='block_1_108' title="bbox 2183 4929 3768 5001">
    <p class='ocr_par' dir='ltr' id='par_1_108' title="bbox 2183 4929 3768 5001">
     <span class='ocr_line' id='line_1_108' title="bbox 2183 4929 3768 5001; baseline -0.003 -14"><span class='ocrx_word' id='word_1_697' title='bbox 2183 4933 2361 4998; x_wconf 90' lang='lat' dir='ltr'><strong>ribus,</strong></span> <span class='ocrx_word' id='word_1_698' title='bbox 2389 4932 2635 5001; x_wconf 84' lang='lat' dir='ltr'><strong>adeoque</strong></span> <span class='ocrx_word' id='word_1_699' title='bbox 2672 4946 2857 4985; x_wconf 88' lang='lat' dir='ltr'><strong>rerum</strong></span> <span class='ocrx_word' id='word_1_700' title='bbox 2893 4931 3323 5001; x_wconf 89' lang='lat' dir='ltr'><strong>apostolicarum</strong></span> <span class='ocrx_word' id='word_1_701' title='bbox 3364 4930 3548 4985; x_wconf 91' lang='lat' dir='ltr'><strong>minus</strong></span> <span class='ocrx_word' id='word_1_702' title='bbox 3582 4929 3768 5000; x_wconf 84' lang='lat' dir='ltr'><strong>gnaris</strong></span> 
     </span>
    </p>
   </div>
   <div class='ocr_carea' id='block_1_109' title="bbox 2183 5022 3766 5095">
    <p class='ocr_par' dir='ltr' id='par_1_109' title="bbox 2183 5022 3766 5095">
     <span class='ocr_line' id='line_1_109' title="bbox 2183 5022 3766 5095; baseline -0.003 -16"><span class='ocrx_word' id='word_1_703' title='bbox 2183 5024 2345 5079; x_wconf 89' lang='lat' dir='ltr'><strong>facile</strong></span> <span class='ocrx_word' id='word_1_704' title='bbox 2378 5024 2786 5094; x_wconf 86' lang='lat' dir='ltr'><strong>impositurum,</strong></span> <span class='ocrx_word' id='word_1_705' title='bbox 2824 5036 2993 5095; x_wconf 80' lang='lat' dir='ltr'><strong>atque</strong></span> <span class='ocrx_word' id='word_1_706' title='bbox 3029 5022 3345 5079; x_wconf 66' lang='lat' dir='ltr'><strong>effecturum</strong></span> <span class='ocrx_word' id='word_1_707' title='bbox 3392 5031 3452 5077; x_wconf 92' lang='lat' dir='ltr'><strong>ut</strong></span> <span class='ocrx_word' id='word_1_708' title='bbox 3490 5038 3589 5091; x_wconf 91' lang='lat' dir='ltr'><strong>pro</strong></span> <span class='ocrx_word' id='word_1_709' title='bbox 3629 5022 3766 5076; x_wconf 90' lang='lat' dir='ltr'><strong>scri-</strong></span> 
     </span>
    </p>
   </div>
   <div class='ocr_carea' id='block_1_110' title="bbox 2186 5114 3767 5187">
    <p class='ocr_par' dir='ltr' id='par_1_110' title="bbox 2186 5114 3767 5187">
     <span class='ocr_line' id='line_1_110' title="bbox 2186 5114 3767 5187; baseline -0.002 -16"><span class='ocrx_word' id='word_1_710' title='bbox 2186 5127 2341 5187; x_wconf 84' lang='lat' dir='ltr'><strong>ptore</strong></span> <span class='ocrx_word' id='word_1_711' title='bbox 2384 5118 2688 5187; x_wconf 87' lang='lat' dir='ltr'><strong>apostolico</strong></span> <span class='ocrx_word' id='word_1_712' title='bbox 2730 5118 3048 5173; x_wconf 87' lang='lat' dir='ltr'><strong>haberetur.</strong></span> <span class='ocrx_word' id='word_1_713' title='bbox 3084 5133 3103 5169; x_wconf 85' lang='grc'>›</span> <span class='ocrx_word' id='word_1_714' title='bbox 3153 5114 3421 5170; x_wconf 90' lang='lat' dir='ltr'><strong>Eumdem</strong></span> <span class='ocrx_word' id='word_1_715' title='bbox 3465 5116 3611 5169; x_wconf 91' lang='lat' dir='ltr'><strong>enim</strong></span> <span class='ocrx_word' id='word_1_716' title='bbox 3638 5114 3767 5169; x_wconf 88' lang='lat' dir='ltr'><strong>Dal-</strong></span> 
     </span>
    </p>
   </div>
   <div class='ocr_carea' id='block_1_111' title="bbox 2184 5206 3765 5279">
    <p class='ocr_par' dir='ltr' id='par_1_111' title="bbox 2184 5206 3765 5279">
     <span class='ocr_line' id='line_1_111' title="bbox 2184 5206 3765 5279; baseline -0.002 -17"><span class='ocrx_word' id='word_1_717' title='bbox 2184 5208 2342 5262; x_wconf 86' lang='lat' dir='ltr'><strong>laeum</strong></span> <span class='ocrx_word' id='word_1_718' title='bbox 2374 5225 2438 5263; x_wconf 76' lang='lat' dir='ltr'><strong>ex</strong></span> <span class='ocrx_word' id='word_1_719' title='bbox 2471 5209 2652 5263; x_wconf 91' lang='lat' dir='ltr'><strong>verbis</strong></span> <span class='ocrx_word' id='word_1_720' title='bbox 2692 5209 2931 5279; x_wconf 88' lang='lat' dir='ltr'><strong>episc0pi</strong></span> <span class='ocrx_word' id='word_1_721' title='bbox 2972 5217 3027 5263; x_wconf 88' lang='lat' dir='ltr'><strong>et</strong></span> <span class='ocrx_word' id='word_1_722' title='bbox 3068 5208 3395 5279; x_wconf 87' lang='lat' dir='ltr'><strong>presbyteri,</strong></span> <span class='ocrx_word' id='word_1_723' title='bbox 3432 5222 3555 5275; x_wconf 68' lang='lat' dir='ltr'><strong>quae</strong></span> <span class='ocrx_word' id='word_1_724' title='bbox 3583 5206 3765 5261; x_wconf 89' lang='lat' dir='ltr'><strong>alieno</strong></span> 
     </span>
    </p>
   </div>
   <div class='ocr_carea' id='block_1_112' title="bbox 2185 5300 3764 5371">
    <p class='ocr_par' dir='ltr' id='par_1_112' title="bbox 2185 5300 3764 5371">
     <span class='ocr_line' id='line_1_112' title="bbox 2185 5300 3764 5371; baseline -0.002 -15"><span class='ocrx_word' id='word_1_725' title='bbox 2185 5318 2215 5356; x_wconf 93' lang='lat' dir='ltr'><strong>a</strong></span> <span class='ocrx_word' id='word_1_726' title='bbox 2239 5302 2410 5356; x_wconf 91' lang='lat' dir='ltr'><strong>Paulo</strong></span> <span class='ocrx_word' id='word_1_727' title='bbox 2442 5303 2674 5371; x_wconf 88' lang='lat' dir='ltr'><strong>apostoli</strong></span> <span class='ocrx_word' id='word_1_728' title='bbox 2709 5318 2873 5357; x_wconf 89' lang='lat' dir='ltr'><strong>sensu</strong></span> <span class='ocrx_word' id='word_1_729' title='bbox 2922 5302 2991 5356; x_wconf 89' lang='lat' dir='ltr'><strong>ab</strong></span> <span class='ocrx_word' id='word_1_730' title='bbox 3026 5300 3238 5370; x_wconf 86' lang='lat' dir='ltr'><strong>lgnatio</strong></span> <span class='ocrx_word' id='word_1_731' title='bbox 3275 5309 3541 5368; x_wconf 88' lang='lat' dir='ltr'><strong>usurpata</strong></span> <span class='ocrx_word' id='word_1_732' title='bbox 3570 5315 3764 5369; x_wconf 86' lang='lat' dir='ltr'><strong>perpe-</strong></span> 
     </span>
    </p>
   </div>
   <div class='ocr_carea' id='block_1_113' title="bbox 2184 5387 3763 5463">
    <p class='ocr_par' dir='ltr' id='par_1_113' title="bbox 2184 5387 3763 5463">
     <span class='ocr_line' id='line_1_113' title="bbox 2184 5387 3763 5463; baseline -0.003 -15"><span class='ocrx_word' id='word_1_733' title='bbox 2184 5408 2302 5449; x_wconf 90' lang='lat' dir='ltr'><strong>ram</strong></span> <span class='ocrx_word' id='word_1_734' title='bbox 2326 5393 2538 5461; x_wconf 82' lang='lat' dir='ltr'><strong>eli‘utiit,</strong></span> <span class='ocrx_word' id='word_1_735' title='bbox 2572 5393 2652 5447; x_wconf 90' lang='lat' dir='ltr'><strong>sic</strong></span> <span class='ocrx_word' id='word_1_736' title='bbox 2678 5393 3041 5463; x_wconf 89' lang='lat' dir='ltr'><strong>disputantem</strong></span> <span class='ocrx_word' id='word_1_737' title='bbox 3075 5391 3385 5445; x_wconf 91' lang='lat' dir='ltr'><strong>audivimus</strong></span> <span class='ocrx_word' id='word_1_738' title='bbox 3407 5391 3451 5422; x_wconf 81' lang='lat'><strong>&quot;</strong></span> <span class='ocrx_word' id='word_1_739' title='bbox 3478 5411 3490 5444; x_wconf 88' lang='lat'>:</span> <span class='ocrx_word' id='word_1_740' title='bbox 3523 5409 3543 5442; x_wconf 77' lang='lat'><strong>¢</strong></span> <span class='ocrx_word' id='word_1_741' title='bbox 3576 5387 3763 5457; x_wconf 83' lang='lat' dir='ltr'><strong>Neque</strong></span> 
     </span>
    </p>
   </div>
   <div class='ocr_carea' id='block_1_114' title="bbox 2184 5479 3761 5556">
    <p class='ocr_par' dir='ltr' id='par_1_114' title="bbox 2184 5479 3761 5556">
     <span class='ocr_line' id='line_1_114' title="bbox 2184 5479 3761 5556; baseline -0.005 -15"><span class='ocrx_word' id='word_1_742' title='bbox 2184 5486 2555 5556; x_wconf 86' lang='lat' dir='ltr'><strong>apostolorum</strong></span> <span class='ocrx_word' id='word_1_743' title='bbox 2588 5485 2762 5539; x_wconf 86' lang='lat' dir='ltr'><strong>tilium</strong></span> <span class='ocrx_word' id='word_1_744' title='bbox 2807 5483 2977 5539; x_wconf 86' lang='lat' dir='ltr'><strong>fuisse</strong></span> <span class='ocrx_word' id='word_1_745' title='bbox 3011 5483 3263 5537; x_wconf 81' lang='lat' dir='ltr'><strong>diversus</strong></span> <span class='ocrx_word' id='word_1_746' title='bbox 3308 5498 3491 5537; x_wconf 90' lang='lat' dir='ltr'><strong>sermo</strong></span> <span class='ocrx_word' id='word_1_747' title='bbox 3522 5479 3761 5535; x_wconf 85' lang='lat' dir='ltr'><strong>manife-</strong></span> 
     </span>
    </p>
   </div>
   <div class='ocr_carea' id='block_1_115' title="bbox 2182 5572 3761 5651">
    <p class='ocr_par' dir='ltr' id='par_1_115' title="bbox 2182 5572 3761 5651">
     <span class='ocr_line' id='line_1_115' title="bbox 2182 5572 3761 5651; baseline -0.006 -14"><span class='ocrx_word' id='word_1_748' title='bbox 2182 5592 2266 5637; x_wconf 86' lang='lat' dir='ltr'><strong>ste</strong></span> <span class='ocrx_word' id='word_1_749' title='bbox 2288 5580 2488 5651; x_wconf 87' lang='lat' dir='ltr'><strong>arguit,</strong></span> <span class='ocrx_word' id='word_1_750' title='bbox 2506 5593 2667 5648; x_wconf 90' lang='lat' dir='ltr'><strong>quem</strong></span> <span class='ocrx_word' id='word_1_751' title='bbox 2693 5591 2883 5633; x_wconf 89' lang='lat' dir='ltr'><strong>omnes</strong></span> <span class='ocrx_word' id='word_1_752' title='bbox 2907 5584 2962 5631; x_wconf 92' lang='lat' dir='ltr'><strong>et</strong></span> <span class='ocrx_word' id='word_1_753' title='bbox 2984 5576 3357 5646; x_wconf 88' lang='lat' dir='ltr'><strong>apostolorum</strong></span> <span class='ocrx_word' id='word_1_754' title='bbox 3381 5572 3761 5629; x_wconf 62' lang='lat' dir='ltr'><strong>observantis-</strong></span> 
     </span>
    </p>
   </div>
   <div class='ocr_carea' id='block_1_116' title="bbox 2778 5730 3756 5808">
    <p class='ocr_par' dir='ltr' id='par_1_116' title="bbox 2778 5730 3756 5808">
     <span class='ocr_line' id='line_1_116' title="bbox 2778 5730 3756 5808; baseline -0.014 -12"><span class='ocrx_word' id='word_1_755' title='bbox 2778 5742 2822 5773; x_wconf 83' lang='lat'><strong><em>“</em></strong></span> <span class='ocrx_word' id='word_1_756' title='bbox 2865 5754 2983 5808; x_wconf 86' lang='lat' dir='ltr'><strong>cap.</strong></span> <span class='ocrx_word' id='word_1_757' title='bbox 3013 5734 3101 5801; x_wconf 81' lang='lat'><strong>&#39;58,</strong></span> <span class='ocrx_word' id='word_1_758' title='bbox 3136 5750 3189 5805; x_wconf 90' lang='lat' dir='ltr'><strong>p.</strong></span> <span class='ocrx_word' id='word_1_759' title='bbox 3228 5734 3351 5789; x_wconf 71' lang='grc'><strong>410.</strong></span> <span class='ocrx_word' id='word_1_760' title='bbox 3432 5733 3476 5766; x_wconf 74' lang='grc'><strong>³³</strong></span> <span class='ocrx_word' id='word_1_761' title='bbox 3509 5747 3629 5802; x_wconf 84' lang='lat' dir='ltr'><strong>cap.</strong></span> <span class='ocrx_word' id='word_1_762' title='bbox 3661 5730 3756 5797; x_wconf 74' lang='lat'><strong>‘26,</strong></span> 
     </span>
    </p>
   </div>
  </div>
