4138 6398
286 357 387 413 541

1256 364 1319 419 Ι).
1359 365 1649 425 NOURRll
1689 370 2166 430 DISSERTATIO.
2206 407 2277 417 ——
2322 376 2503 432 PARS
2541 378 2578 432 Ι.

3445 387 3552 443 542

286 483 514 581 simum,
541 496 757 581 etcum
798 486 1115 555 apostolicis
1154 489 1320 545 corde
1369 500 1425 546 et
1453 508 1568 560 ore,
1598 496 1779 551 anima
1807 507 1861 552 et
1888 504 1937 560 Α
1963 498 2072 553 lina
2108 500 2413 557 imitatione
2444 503 2694 572 putidum
2742 505 2874 576 quid
2920 507 2990 564 ab
3023 508 3135 565 ullo
3161 524 3408 581 unquam
3448 509 3549 564 ob-

286 575 471 645 Iingua
510 576 1024 645 conjunctissimum
1073 580 1243 639 fuisse
1272 587 1647 643 consentiunt.
1682 608 1700 640 ι
1729 588 1866 655 Quis

280 666 570 733 argutulos
599 666 982 736 hujuscemodi
1014 674 1288 742 sophistas
1315 686 1505 733 contra
1530 658 1722 748 lgnatii
1750 683 1867 752 epi-

278 759 458 813 stolas
504 759 860 827 rationibus,
906 763 1013 817 sibi
1060 766 1292 822 invicem
1349 777 1460 825 tam
1515 773 1865 830 vehementer

277 852 753 920 repugnantibus,
806 855 1148 925 disputantes
1188 874 1299 914 non
1346 862 1611 919 miretur?
1678 864 1866 920 Enim-

274 956 415 996 vero
462 943 509 997 si
561 945 788 1001 nomina
834 948 1078 1019 episcOpi
1121 958 1176 1006 et
1212 952 1515 1023 presbyteri
1564 970 1631 1011 eo
1674 971 1861 1024 sensu,

274 1048 445 1100 quem
478 1034 631 1089 Pauli
661 1053 785 1093 esse
813 1054 923 1093 non
954 1050 1167 1111 putant,
1197 1045 1436 1115 scriptor
1482 1055 1673 1103 noster
1713 1050 1864 1105 adhi-

272 1124 426 1191 beat,
460 1127 496 1180 ii
535 1128 774 1185 clamant
801 1131 949 1186 illico
975 1150 989 1188 :
1026 1152 1045 1185 ι
1072 1132 1261 1205 Neque
1289 1140 1662 1207 apostolorum
1689 1141 1858 1197 ﬁlium

274 1215 451 1273 fuisse
473 1220 727 1277 diversus
757 1240 943 1281 sermo
974 1228 1264 1284 manifeste
1293 1236 1490 1303 arguit.
1524 1251 1542 1284 ι
1571 1231 1613 1285 Ε
1643 1241 1861 1288 contra-

270 1309 363 1364 rio
391 1311 438 1367 si
464 1310 619 1366 Pauli
647 1329 813 1371 voces
845 1324 901 1371 et
934 1319 1164 1389 phrases
1198 1321 1287 1375 ille
1317 1331 1545 1392 usurpet
1563 1325 1649 1380 vel
1682 1325 1861 1379 imite-

272 1408 389 1468 tur,
446 1404 790 1461 continenter
838 1409 1003 1464 iidem
1068 1423 1340 1483 arguunt,
1396 1414 1507 1470 illis
1553 1432 1681 1471 eum
1736 1417 1858 1472 ideo

270 1509 443 1550 usum
486 1511 609 1551 esse
632 1538 647 1563 ,
684 1507 745 1552 ut
776 1500 1085 1570 imponeret
1144 1524 1164 1557 ι
1193 1522 1378 1561 rerum
1427 1509 1856 1577 apostolicarum

267 1588 463 1645 minus
492 1590 702 1673 gnaris,
738 1600 904 1663 atque
949 1595 1186 1652 efﬁceret
1215 1608 1275 1653 ut
1303 1615 1403 1669 pro
1431 1601 1695 1671 scriptore
1725 1618 1858 1672 apo-

272 1678 480 1734 stolico
519 1680 833 1737 haberetur.
868 1702 885 1735 ι
934 1684 1026 1740 Sic
1059 1702 1190 1742 sane
1230 1688 1471 1745 immane
1498 1691 1583 1745 his
1610 1692 1857 1760 epistolis

266 1784 610 1841 quocunque
660 1775 879 1828 tandem
912 1776 1077 1831 modo
1112 1781 1522 1835 contradicendi
1564 1783 1853 1839 cacoethes

1961 596 2169 665 jectum
2202 597 2373 653 fuisse
2406 600 2625 670 legitur.

2036 685 2192 751 Quod
2244 689 2525 761 subjungit
2581 691 2835 757 Dallaeus,
2890 709 3079 749 vocem
3136 695 3429 767 ἀντίψυχος
3486 709 3550 747 ex

1964 775 2193 833 Paulina
2227 781 2478 852 ἱσόψυχος
2506 782 2575 837 ab
2606 781 2815 853 lgnatio
2847 783 3161 849 formatam,
3196 787 3405 855 puerile
3447 793 3548 847 est,

1964 870 2233 941 planeque
2268 874 2533 943 ineptum.
2579 872 2717 928 Nam
2750 889 2830 930 ea:
2862 889 3022 931 voces
3056 876 3302 933 diversos
3337 878 3554 932 habent

1962 961 2339 1032 signiﬁcatus,
2389 973 2443 1019 et
2474 980 2580 1019 vox
2613 964 2905 1035 ἀντίψυχος
2954 980 3063 1021 non
3110 967 3252 1035 apud
3279 965 3550 1027 Paulum,

1964 1053 2059 1108 sed
2093 1055 2230 1110 alios
2262 1056 2557 1126 scriptores
2591 1057 2854 1113 occurrit.

2033 1143 2144 1201 Nec
2176 1148 2405 1217 majoris
2436 1148 2569 1203 illud
2600 1159 2684 1203 est
2717 1148 3006 1218 ponderis,
3047 1150 3190 1218 quod
3227 1149 3369 1204 idem
3405 1151 3536 1205 Dal-

1962 1235 2094 1291 lazus
2127 1247 2283 1306 urget
2310 1238 2355 1268 “
2387 1238 2505 1292 haec
2536 1237 2690 1292 Pauli
2724 1239 2891 1293 verba
2913 1279 2929 1304 ,
2964 1238 3371 1310 ὲλαχιστότερον
3401 1239 3538 1292 πάνυ

1961 1347 2067 1383 των
2099 1331 2301 1399 ἁγίων,
2370 1350 2390 1383 ί
2440 1338 2757 1386 sanctorum
2823 1330 3070 1385 omnium
3130 1332 3417 1385 minimum
3479 1347 3541 1385 se

1960 1438 2100 1488 esse,
2131 1446 2149 1473 ι
2183 1420 2450 1492 lgnatium
2484 1438 2653 1491 prave
2688 1422 2911 1487 imitari,
2941 1438 3064 1476 cum
3099 1421 3231 1475 dicit
3257 1422 3357 1474 οὐκ
3389 1420 3539 1485 ἄξιός

1960 1516 2096 1585 εἰμι,
2142 1514 2227 1568 vel
2268 1514 2345 1576 ὡς
2392 1513 2714 1584 μικρότερος
2764 1511 2937 1581 ὑμῶν.
3004 1510 3301 1565 Postremis
3337 1511 3539 1578 quippe

1958 1608 2046 1661 his
2078 1607 2259 1662 verbis
2294 1621 2403 1659 non
2437 1606 2613 1675 magis
2647 1605 2739 1659 ille
2771 1604 2841 1658 ad
2875 1603 3055 1667 Pauli,
3087 1619 3252 1672 quam
3301 1602 3370 1656 ad
3399 1600 3537 1654 Mat-

1905 1757 1909 1759 λ
1960 1700 2087 1754 tliaei
2120 1699 2205 1753 vel
2238 1697 2399 1753 Lucae
2442 1696 2771 1752 sententiam
2821 1694 3144 1749 collineasse
3188 1694 3421 1748 videtur.
3474 1690 3534 1744 ln

1958 1792 2079 1847 aliis
2112 1806 2241 1846 vero
2280 1788 2695 1858 superioribus,
2729 1787 2815 1841 vel
2863 1787 3190 1849 quibusdam
3240 1785 3535 1847 similibus,

265 1860 469 1917 doctos
490 1862 745 1918 homines
771 1865 1074 1921 obcaacavit
1106 1877 1161 1921 et
1189 1878 1536 1925 transversos
1591 1873 1719 1941 egit.
1785 1872 1853 1926 Et

1956 1884 2156 1953 quibus
2189 1898 2295 1936 non
2328 1881 2610 1951 epistolas,
2643 1888 2703 1934 ut
2735 1879 2811 1934 ait
2844 1879 3099 1943 Dallzeus,
3137 1878 3401 1947 implevit,
3441 1877 3535 1932 sed

265 1963 424 2008 certe
458 1954 502 2009 si
540 1956 614 2010 ita
657 1962 1029 2027 argumentari
1080 1961 1264 2027 liceat,
1310 1965 1460 2019 nulla
1510 1976 1673 2022 erunt
1718 1983 1853 2037 apo—

265 2047 595 2101 stolicorum
646 2050 916 2119 virorum,
972 2070 1037 2109 ac
1088 2057 1251 2124 primi
1299 2059 1601 2126 praesertim
1659 2069 1715 2115 et
1766 2077 1853 2116 se-

265 2140 437 2194 cundi
475 2143 661 2197 saeculi
700 2145 1029 2214 scriptorum
1070 2164 1256 2214 opera,
1292 2167 1414 2221 qua:
1444 2152 1528 2207 his
1557 2169 1852 2224 argumen-

263 2229 344 2284 tis
398 2228 582 2299 falsa,
639 2232 886 2305 ipsisque
952 2240 1231 2308 supposita
1288 2256 1412 2297 esse
1467 2258 1576 2297 non
1625 2244 1851 2299 deumn-

263 2328 537 2377 Sll‘Cﬂtlll‘.

343 2413 426 2468 Ex
465 2416 567 2471 hac
612 2417 816 2488 itaque,
850 2435 972 2489 quae
1021 2421 1073 2474 in
1119 2420 1311 2492 lgnatii
1362 2425 1608 2494 epistolis
1650 2426 1848 2494 elucet,

263 2505 629 2563 Paulinarum
669 2526 863 2567 vocum
914 2512 1222 2569 imitatione
1260 2517 1594 2572 contrarium
1628 2522 1852 2576 omnino

259 2603 352 2658 sic
382 2604 598 2658 elicitur
635 2615 1037 2675 argumentum.
1073 2607 1237 2664 Recta
1266 2610 1406 2664 ratio
1439 2610 1601 2667 docet
1626 2627 1688 2667 ea
1716 2614 1852 2668 scri-

258 2705 383 2766 pta,
434 2712 560 2766 qua;
604 2697 797 2766 Pauli,
846 2699 1192 2771 aliorumque
1243 2702 1617 2771 apostolorum
1664 2720 1848 2772 voces,

257 2789 521 2857 phrases,
564 2791 791 2862 stylum,
832 2802 1167 2861 canorosque
1209 2794 1467 2863 loquendi
1502 2796 1691 2851 modos
1723 2797 1849 2851 imi-

259 2891 490 2949 tantur,
543 2894 708 2955 atque
761 2885 829 2939 ad
883 2900 977 2939 eos
1021 2885 1248 2955 propius
1302 2888 1606 2953 accedunt,
1659 2902 1689 2941 a
1730 2889 1850 2944 viro

259 2992 397 3029 vere
428 2977 734 3045 apostolico
768 2974 942 3030 fuisse
972 2976 1238 3045 profecta.
1292 2977 1457 3047 Atqui
1496 2979 1615 3034 haec
1640 2980 1846 3046 omnia,

261 3067 592 3133 fatentibus,
624 3069 737 3122 imo
773 3067 1165 3137 objicientibns
1192 3069 1543 3133 adversariis,
1573 3072 1627 3125 in
1654 3070 1848 3142 lgnatii

258 3160 445 3215 nostri
473 3160 718 3230 epistolis
742 3160 1109 3230 reperiuntur.
1129 3160 1213 3215 Ab
1236 3176 1302 3217 eo
1327 3177 1457 3233 ergo
1481 3178 1607 3218 vere
1629 3164 1849 3234 scriptae

257 3260 416 3306 sunt.

301 3453 338 3486 δ
411 3400 442 3473 ς
484 3398 549 3454 ll.
592 3398 867 3470 Ignatt'um
900 3416 1006 3454 non
1030 3401 1213 3471 putide
1233 3401 1469 3457 Paulum
1498 3404 1725 3464 imitari.

338 3534 567 3601 Verum,
602 3535 782 3606 inquit
810 3535 1067 3605 Dallaeus,
1095 3538 1263 3593 verba
1295 3553 1419 3608 qua:
1442 3539 1587 3610 apud
1617 3539 1849 3597 Paulum

256 3642 390 3685 rara
426 3635 581 3693 sunt,
618 3642 685 3681 ea
714 3628 859 3698 apud
900 3637 1185 3685 auctorem
1228 3638 1502 3699 nostrum,
1543 3647 1655 3687 non
1688 3648 1849 3690 secus

257 3734 329 3774 ac
367 3716 726 3785 Sallustiana,
773 3727 836 3773 ut
856 3719 988 3774 olim
1025 3719 1207 3775 aiebat
1234 3719 1465 3785 Seneca,
1496 3722 1641 3793 apud
1669 3721 1851 3776 Arun-

259 3814 404 3868 tium
438 3812 773 3867 creberrima
803 3819 953 3878 sunt,
984 3827 1049 3867 ac
1079 3827 1219 3882 pene
1248 3822 1532 3883 perpetua.
1571 3812 1712 3884 Ergo
1734 3814 1852 3870 haec

256 3904 456 3977 putida
505 3903 743 3958 imitatio
789 3903 1047 3973 epistolas
1097 3901 1309 3974 Ignatio
1350 3904 1493 3959 male
1533 3904 1850 3974 suppositas

256 3994 469 4068 prodit.
505 3991 612 4047 Sed
647 3991 785 4048 falsa
819 4000 903 4048 est
931 3992 1049 4048 haec
1080 3994 1491 4062 consequentia.
1527 3991 1675 4047 Nihil
1703 3995 1850 4049 enim

257 4104 330 4141 ex
365 4086 721 4142 antecedente
769 4084 916 4140 aliud
963 4085 1216 4141 concludi
1250 4094 1463 4155 potest,
1518 4086 1628 4142 nisi
1688 4089 1850 4158 lgna-

259 4181 404 4236 tium
439 4179 793 4253 epistolarum
828 4176 1004 4240 Pauli,
1034 4176 1198 4233 sicuti
1231 4175 1526 4232 Aruntium
1561 4177 1852 4234 Sallustia-

261 4287 468 4326 norum
520 4285 750 4341 operum
806 4286 915 4325 non
966 4269 1139 4325 fuisse
1171 4279 1473 4327 auctorem.
1536 4270 1672 4326 Nam
1706 4271 1854 4328 sicut

262 4362 508 4420 imitatio
543 4360 793 4419 Sallustii
857 4376 1025 4431 opera
1062 4362 1283 4416 Aruntii
1335 4362 1405 4417 ab
1447 4363 1566 4434 ipso
1620 4362 1852 4418 Aruntio

262 4454 472 4529 scripta
537 4470 650 4509 non
698 4453 871 4509 fuisse
935 4469 1284 4525 nequaquam
1341 4455 1713 4521 demonstrat,
1773 4457 1851 4513 sic

1960 1990 2085 2028 raro
2111 1989 2244 2028 usus
2270 1981 2375 2037 est,
2407 1973 2507 2026 etsi
2553 1970 2784 2025 Paulum
2820 1969 3063 2025 azmulari
3102 1969 3366 2038 gestierit,
3400 1968 3536 2022 illud

1959 2081 2231 2119 summam
2293 2063 2510 2133 lgnatii,
2565 2064 2660 2133 qui
2713 2077 2906 2116 omnes
2953 2060 3109 2115 Pauli
3163 2060 3413 2123 virtutes,
3468 2074 3534 2113 ac

1957 2157 2283 2227 martyrium
2320 2154 2572 2209 imitandi
2608 2155 2913 2209 incredibili
2943 2154 3212 2225 ﬂagrabat
3241 2151 3531 2219 desiderio,

1957 2250 2320 2305 humilitatem
2343 2248 2571 2317 pulchre
2604 2245 2851 2301 decebat.

2535 2468 2765 2523 CAPUT
2805 2433 2945 2522 xxi.

1953 2627 2125 2675 NEQUE
2179 2626 2231 2664 IN
2283 2624 2657 2663 EPISTOLARUM
2716 2620 3207 2665 INSCRIPTIONIBUS,
3269 2620 3439 2667 NEQUE
3480 2620 3534 2658 IN

2002 2695 2451 2736 BEPETITIONIBUS
2489 2695 2614 2734 ESSE
2655 2692 2864 2732 PRAVAI
2906 2692 3060 2731 PAULI
3102 2690 3482 2729 llllTATIONEI.

1957 2794 1985 2865 ᾗ
2018 2792 2060 2847 l.
2092 2793 2291 2865 Errare
2318 2790 2578 2845 Dallazum
2604 2791 2657 2842 in
2685 2789 3345 2865 inscriptionumnumero,
3376 2797 3533 2857 atque

2094 2865 2150 2917 in
2184 2864 2251 2916 iis
2290 2878 2393 2914 non
2424 2878 2535 2915 esse
2566 2876 2786 2929 pravam
2818 2859 2976 2912 Pauli
3014 2860 3387 2912 imitationem.

2021 2974 2260 3029 Dallaaus
2298 2973 2352 3028 id
2386 2972 2559 3026 multo
2593 2971 3002 3034 vehementius,
3036 2970 3131 3024 sed
3170 2984 3276 3023 non
3317 2968 3531 3024 felicius

1951 3068 2212 3136 exagitat,
2240 3065 2387 3135 quod
2424 3072 2612 3118 noster
2660 3061 2903 3133 lgnatius
2937 3062 3183 3131 epistolis
3215 3061 3331 3115 suis
3356 3061 3533 3129 praeli-

1952 3161 2091 3216 xerit
2124 3159 2508 3228 inscriptiones
2546 3176 2564 3208 ι
2598 3156 2877 3219 mirificas,
2911 3155 3229 3221 laciniosas,
3270 3153 3535 3208 incondi-

1875 3224 1920 3285 δ
1951 3266 2055 3317 tas,
2093 3260 2147 3305 et
2179 3224 2505 3319 prodigiosa:
2538 3247 3106 3315 longitudinis,iquas
3120 3254 3310 3299 Omnes
3333 3259 3532 3313 pravas

1948 3339 2104 3395 Pauli
2140 3338 2474 3393 imitationes
2507 3350 2629 3391 esse
2663 3341 2923 3388 causatur
2945 3334 3012 3385 ³⁵.
3052 3332 3274 3386 Fatetur
3306 3329 3526 3399 quidem

1950 3434 2041 3489 ille
2077 3414 2410 3502 epigraphen
2442 3424 2698 3499 Epistolas
2745 3423 2989 3494 ejusdem
3042 3421 3273 3492 apostoli
3307 3422 3373 3474 ad
3416 3418 3533 3473 Ro-

1949 3539 2165 3589 manos,
2200 3537 2322 3592 quae
2354 3529 2559 3589 septem
2595 3516 2900 3571 versiculos
2942 3521 3090 3569 totos
3121 3520 3374 3581 occupat,
3409 3526 3534 3565 esse

1951 3619 2367 3690 longissimam;
2423 3631 2487 3670 ac
2529 3614 2583 3669 in
2629 3628 2689 3668 ea
2732 3626 2855 3681 quae
2900 3609 2968 3664 ad
3016 3608 3197 3663 Titum
3251 3608 3376 3661 data
3423 3614 3528 3672 est,

1952 3711 2134 3767 simile
2178 3708 2459 3780 quidpiam
2513 3704 2815 3760 observari.
2859 3701 3059 3757 Verum
3088 3701 3231 3770 apud
3259 3698 3532 3769 lgnatium

1952 3804 2220 3868 omnium,
2245 3800 2443 3870 inquit,
2472 3796 2856 3865 inscriptiones
2887 3792 3266 3863 epistolarum,
3296 3790 3343 3845 si
3382 3787 3533 3843 illam

1951 3908 2116 3965 quam
2170 3891 2393 3960 scripsit
2443 3888 2510 3943 ad
2555 3885 2911 3955 Polycarpum
2960 3880 3277 3950 exceperis,
3333 3879 3534 3950 longis-

1952 3990 2104 4046 simae
2133 3996 2283 4051 sunt,
2311 3984 2591 4039 Iaeiniosae
2619 3988 2674 4035 et
2705 3977 3159 4049 impeditissima.
3208 3974 3313 4030 Sed
3348 3974 3533 4044 primo

1951 4080 2042 4136 ille
2076 4080 2129 4134 in
2166 4075 2559 4134 enumerandis
2611 4071 2969 4143 epistolarum
3024 4083 3149 4123 cum
3181 4066 3367 4133 Pauli,
3413 4074 3532 4120 tum

1950 4172 2147 4245 lgnatii
2197 4167 2650 4238 inscriptionibus
2694 4164 2927 4219 multum
2976 4161 3213 4216 aberrat.
3270 4158 3406 4214 Nam
3448 4159 3533 4213 in-

1953 4264 2178 4332 scriptio
2221 4260 2412 4332 prima:
2440 4257 2596 4313 Pauli
2643 4256 2709 4311 ad
2743 4255 3060 4311 Corinthios
3098 4252 3356 4323 Epistolze
3398 4251 3534 4306 satis

1952 4364 2037 4410 est
2077 4352 2321 4424 prolixa,
2376 4349 2643 4421 prolixior
2688 4362 2819 4403 vero
2861 4348 3010 4402 illius
3043 4360 3167 4415 qua:
3210 4344 3279 4398 ad
3308 4343 3535 4399 Galatas

1955 4448 2156 4518 scripta
2188 4454 2304 4513 est;
2332 4445 2450 4499 haec
2474 4443 2619 4497 enim
2650 4442 2894 4512 quinque
2919 4439 3222 4494 versiculos
3251 4435 3530 4503 continet;

264 4547 503 4606 imitatio
518 4546 677 4602 Pauli
710 4547 971 4617 epistolas
998 4546 1214 4620 lgnatii,
1250 4550 1319 4605 ab
1351 4549 1471 4621 ipso
1508 4549 1717 4621 lgnatio
1747 4551 1852 4606 mi-
1879 4558 1926 4614 ι)
1957 4555 2081 4596 cum
2113 4552 2175 4592 ea
2215 4552 2338 4605 qua:
2378 4534 2445 4589 ad
2476 4532 2661 4587 Titum
2696 4538 2924 4588 exarata
2970 4529 3096 4594 fuit,
3131 4536 3368 4598 quatuor
3413 4536 3539 4581 tan-

261 4637 416 4691 nime
445 4637 681 4707 scriptas
713 4636 885 4693 fuisse
913 4654 1023 4693 non
1051 4640 1252 4710 arguit.

335 4727 545 4784 Deinde
580 4728 779 4785 falsum
813 4740 897 4786 est
927 4733 1278 4800 antecedens,
1298 4730 1350 4786 in
1375 4730 1568 4803 lgnatii
1591 4732 1852 4788 nimirum

261 4822 519 4893 epistolis
552 4837 676 4878 esse
708 4832 820 4881 tam
861 4841 879 4874 c
912 4824 1136 4880 crebras
1170 4840 1234 4879 ac
1266 4840 1404 4895 pene
1437 4826 1691 4882 assiduas
1707 4826 1855 4897 Apo-

260 4911 393 4966 stoli
414 4927 600 4979 voces,
614 4931 635 4965 ι
657 4922 718 4967 ut
732 4914 991 4971 omnibus
1005 4914 1139 4969 ﬁant
1154 4915 1377 4986 putidas.
1396 4915 1477 4970 Ex
1496 4916 1563 4971 iis
1580 4917 1849 4988 siquidem

260 5020 405 5075 quas
442 5004 674 5062 Dallazus
721 5007 946 5076 objicit,
980 5008 1160 5077 primo
1207 5008 1436 5062 verbum
1472 5008 1705 5081 ὀναίμην
1738 5025 1849 5065 non

262 5097 611 5164 sexcenties,
648 5107 708 5154 ut
752 5098 842 5155 ille
888 5099 1119 5168 asserit,
1164 5101 1257 5156 sed
1292 5100 1494 5156 sexties
1544 5110 1754 5156 tantum
1788 5101 1845 5156 in

262 5189 524 5261 genuinis
555 5188 750 5261 Ignatii
792 5192 1049 5262 epistolis
1095 5193 1339 5262 reperire
1371 5202 1476 5249 est.
1530 5192 1668 5248 Illud
1703 5209 1845 5263 prae-

264 5291 416 5335 terea
452 5282 682 5337 verbum
736 5299 847 5338 non
880 5283 1053 5340 Paulo
1098 5285 1376 5355 peculiare
1421 5292 1526 5351 est,
1574 5284 1669 5340 sed
1704 5284 1848 5354 apud

264 5372 407 5429 alios
423 5372 647 5429 Grazcos
676 5385 932 5432 auctores
949 5393 1165 5446 semper
1184 5378 1371 5433 tritum
1388 5390 1444 5434 et
1466 5378 1691 5449 vulgare
1719 5378 1845 5434 fuit.

265 5463 366 5520 His
399 5466 652 5523 addimus
678 5482 867 5524 vocem
901 5468 1251 5538 ἀγαθοποιία,
1288 5486 1397 5540 qua
1438 5468 1642 5525 Paulus
1677 5470 1846 5525 semel

265 5558 322 5618 in
358 5559 620 5615 omnibus
664 5557 922 5638 Epistolis
956 5562 1072 5617 suis
1107 5577 1243 5618 usus
1274 5571 1380 5628 est,
1417 5571 1612 5633 quater
1661 5575 1693 5617 a
1724 5562 1847 5617 Cle-

266 5660 450 5707 mente
484 5652 537 5707 in
573 5653 737 5709 unica
769 5654 1001 5725 epistola
1035 5654 1311 5725 usurpari,
1346 5670 1446 5710 nec
1480 5654 1536 5710 in
1570 5654 1673 5712 hac
1708 5653 1849 5711 Pau-

344 5811 393 5842 "
419 5823 540 5880 cap.
568 5808 660 5877 σω,
688 5824 741 5880 p.
776 5809 903 5866 413.
982 5811 1027 5844 "
1057 5826 1175 5882 cap.
1207 5809 1296 5875 2-10,
1328 5825 1382 5881 p.
1416 5809 1537 5865 453.

1957 4645 2075 4689 tum
2119 4630 2534 4698 complectatur.
2582 4625 2696 4681 Nec
2726 4626 2909 4681 minus
2946 4634 3092 4678 errat
3137 4624 3192 4677 in
3227 4621 3535 4692 lgnatiana.

1959 4741 2082 4782 rum
2122 4720 2598 4792 inscriptionibus.
2631 4718 2999 4788 Epistolarum
3031 4715 3299 4784 siquidem
3344 4711 3533 4783 lgnatii

1956 4818 2023 4872 ad
2078 4815 2426 4885 Smyrnzeos,
2491 4809 2839 4880 Magnesios,
2890 4816 2944 4862 et
2991 4805 3301 4860 Trallenses
3339 4803 3537 4859 inscri-

1955 4908 2172 4979 ptiones
2216 4905 2408 4976 prima:
2456 4901 2610 4956 Pauli
2661 4899 2729 4954 ad
2771 4896 3088 4953 Corinthios
3137 4895 3535 4965 longitudinem

1953 5015 2063 5055 non
2123 5004 2404 5068 superant.
2450 4993 2720 5049 Praeterea
2764 5007 2895 5047 vero
2941 4991 3185 5060 epistola
3235 4988 3427 5059 lgnatii
3468 4989 3537 5044 ad

1948 5093 2212 5163 Ephesios
2240 5090 2434 5145 titulus
2465 5096 2519 5143 et
2548 5084 2829 5155 inscriptio
2861 5098 2968 5138 non
3000 5082 3216 5151 longior
3238 5088 3341 5144 est,
3368 5093 3536 5149 quam

1950 5186 2195 5242 Paulina:
2216 5184 2282 5238 ad
2314 5183 2555 5238 Galatas.
2584 5178 2827 5247 Denique
2866 5186 3098 5244 utraque
3129 5173 3535 5242 lgnatianarnm

1950 5283 2019 5334 ad
2061 5273 2576 5343 Philadelphienses
2623 5280 2677 5323 et
2735 5269 3014 5322 Romanos
3075 5263 3364 5332 inscriptio
3423 5277 3535 5314 non

1949 5368 2199 5438 majoris,
2235 5380 2402 5437 quam
2435 5362 2679 5418 Paulina:
2706 5360 2773 5416 ad
2799 5359 3022 5414 eosdem
3047 5354 3325 5411 Romanos
3356 5354 3539 5424 longi-

1953 5463 2157 5518 tudinis
2178 5471 2281 5517 est.

2025 5556 2277 5613 Secundo
2309 5553 2506 5609 falsum
2532 5561 2615 5608 est
2637 5552 2692 5606 in
2724 5550 2811 5604 his
2843 5546 3195 5618 epistolarum
3227 5540 3418 5614 lgnatii
3455 5541 3541 5594 in—

1956 5650 2350 5723 scriptionihus
2374 5662 2598 5719 pravam
2627 5660 2748 5702 esse
2782 5641 2941 5697 Pauli
2967 5638 3351 5696 imitationem.
3380 5633 3540 5701 Quod
