4138 6388
629 357 737 414 543

1709 354 1767 409 S.
1811 350 2158 409 ICNATIUS.
2198 382 2262 392 —-
2303 349 2832 407 PROLEGOMENA.

3793 345 3897 400 5M

631 478 852 548 quidem
901 496 970 534 ex
1024 478 1111 546 iis,
1139 494 1263 547 qua;
1317 478 1551 534 Dallteus
1598 480 1715 548 ipse
1756 479 1824 533 de
1855 477 2208 532 Paulinarum
2240 481 2287 536 Α
2314 486 2445 538 tres,
2482 474 2602 545 plus
2649 474 2855 539 minus,
2910 473 3084 528 lineas
3112 472 3363 542 epistolis
3415 469 3553 534 suis,
3588 467 3669 523 vel
3706 483 3895 523 earum

633 572 937 626 litterarum
999 571 1449 642 inscriptionibus
1514 571 1913 641 pronuntiat“,
1951 568 2213 624 facillime

630 664 923 719 evincitur.
973 683 992 716 ι
1034 664 1261 726 Paulus,
1314 664 1492 733 inquit
1542 664 1651 728 ille,
1696 663 1967 718 interdum
2017 662 2215 716 inscri-

630 755 847 824 ptiones
864 755 1230 825 Epistolarum
1264 756 1429 811 habet
1469 772 1577 811 non
1606 757 1797 810 breves
1829 763 1884 809 et
1911 753 2211 823 expeditas,

631 855 689 898 ut
740 846 907 915 vulgo
962 861 1083 901 mos
1134 860 1271 915 erat,
1317 850 1409 903 sed
1454 846 1825 917 longiusculas
1868 852 1923 901 et
1967 844 2215 899 nonnihil

632 936 949 1004 obvolutas,
983 939 1055 993 ob
1098 954 1185 994 res
1240 940 1591 1009 gravissimas
1624 939 1825 1009 quibus
1865 937 2036 1008 plenae
2064 946 2216 1002 sunt,

631 1040 689 1081 ut
750 1045 813 1083 ex
864 1046 927 1084 ca
969 1047 1091 1101 qua:
1114 1032 1179 1086 ad
1211 1031 1492 1088 Romanos
1521 1040 1625 1099 est,
1666 1031 1848 1101 quivis
1879 1030 2095 1087 discere
2120 1044 2217 1098 po-

636 1125 765 1169 test.
802 1135 821 1168 i
854 1116 1019 1187 Atqui
1071 1128 1124 1172 et
1178 1119 1320 1173 idem
1361 1136 1479 1175 mos
1514 1119 1708 1191 lgnatii
1758 1131 2004 1190 tempore
2040 1120 2217 1174 adhuc

628 1208 864 1277 vigebat,
897 1220 951 1264 et
998 1225 1086 1265 res
1122 1213 1461 1281 gravissima:
1489 1214 1543 1267 in
1584 1214 1706 1283 ejus
1734 1212 1982 1282 epistolis
2007 1224 2217 1282 pertra-

624 1309 878 1368 ctantur;
909 1311 968 1355 ut
995 1316 1062 1356 ex
1100 1304 1238 1365 sola,
1265 1320 1429 1373 quam
1468 1304 1741 1365 dedimus.
1782 1320 1972 1359 earum
2006 1305 2217 1375 analysi

628 1391 887 1446 omnibus
917 1392 1144 1460 planum
1166 1393 1259 1448 (iet
1285 1405 1339 1449 et
1370 1396 1741 1465 perspicuum.
1770 1395 2008 1464 lgnatius
2034 1396 2217 1466 itaque

628 1482 683 1535 in
725 1484 1084 1552 epistolarum
1125 1502 1353 1542 suarum
1390 1488 1846 1557 inscriptionibus
1894 1504 2000 1543 non
2051 1504 2218 1558 prave

630 1573 874 1630 imitatus
903 1585 989 1631 est
1022 1576 1277 1643 Paulum,
1307 1579 1403 1634 sed
1432 1594 1527 1634 eas
1552 1581 1698 1651 tales.
1721 1580 1989 1647 exhibuit,
2025 1582 2216 1649 quales

628 1686 765 1728 sane
804 1676 1154 1745 gravissima,
1188 1694 1312 1748 qua:
1342 1679 1396 1733 in
1428 1680 1508 1734 eis
1538 1688 1844 1735 tractantur
1872 1690 2213 1752 argumenta,

626 1764 697 1817 ab
728 1779 793 1819 eo
823 1765 1194 1835 postulabant.

752 1878 780 1947 §
817 1880 885 1932 ll.
928 1878 1005 1933 lle
1043 1881 1383 1950 inscriptione
1419 1880 1660 1951 epistola:
1699 1881 1768 1935 ad
1800 1879 2088 1935 Romanos.

696 1989 816 2044 Jam
851 2008 981 2051 vero
1011 1995 1080 2048 ad
1114 1995 1289 2063 ipsam
1328 1997 1576 2065 epistolae
1601 1997 1797 2067 lgnatii
1831 1996 1895 2049 ad
1934 1995 2212 2050 Romanos

624 2082 982 2153 epigraphen,
1010 2101 1173 2155 quam
1213 2086 1471 2142 Dallazani
1507 2087 1884 2143 vehementius
1911 2087 2210 2157 exagitant,

624 2176 853 2244 propius
902 2179 1247 2233 accedamus.
1284 2179 1357 2234 De
1410 2180 1560 2234 illius
1608 2179 1971 2250 longitudine,
2003 2188 2097 2233 aut
2143 2179 2211 2233 de

626 2282 793 2336 prava
828 2267 985 2323 Pauli
1032 2270 1339 2329 imitatione
1374 2272 1513 2325 nihil
1555 2273 1815 2341 amplius.
1846 2272 1927 2326 uti
1971 2271 2213 2326 ostendi-

624 2377 770 2428 mus,
797 2374 1027 2433 possunt
1076 2381 1201 2419 cum
1245 2368 1458 2437 lgnatio
1486 2367 1859 2437 expostulare.
1893 2366 2035 2433 Quid
2080 2382 2211 2436 ergo

625 2456 681 2510 in
734 2471 798 2511 ea
854 2462 1129 2529 arguunt?
1174 2460 1351 2525 lllam,
1399 2461 1684 2530 inquiunt,
1713 2468 1795 2516 tot
1841 2460 2210 2530 epithetorum

625 2549 826 2612 laudis,
864 2551 920 2605 in
957 2568 1125 2605 unum
1183 2552 1364 2608 locum
1421 2553 1563 2607 male
1608 2562 1999 2623 congestorum
2034 2551 2213 2606 farra-

626 2639 954 2707 ginem.Sed
985 2643 1189 2697 similia
1223 2642 1429 2698 Paulus
1456 2644 1709 2698 adhibuit
1737 2645 1978 2713 epitheta
2007 2644 2208 2709 laudis,

628 2746 752 2785 cum
810 2732 864 2786 in
907 2734 1153 2802 Epistola
1204 2735 1269 2789 ad
1320 2734 1604 2792 Romanos
1648 2737 1899 2792 scribit"
1935 2756 1951 2792 τ
1990 2737 2209 2792 Dilectis

624 2822 747 2885 Dei,
778 2827 975 2880 vocatis
997 2830 1219 2893 sanctis,
1255 2837 1307 2884 et
1339 2830 1391 2883 in
1422 2830 1597 2899 prima
1625 2830 1691 2885 ad
1721 2829 2058 2894 Corinthios,
2084 2846 2211 2883 san-

626 2918 879 2986 ctificatis
919 2919 974 2972 in
1016 2920 1230 2975 Christo
1275 2921 1425 2986 Iesu,
1460 2924 1659 2975 vocatis
1695 2922 1913 2975 sanctis.
1945 2919 2063 2975 Non
2088 2920 2211 2975 inli-

624 3012 842 3064 ciamur
861 3011 1081 3081 quidem
1109 3014 1163 3067 in
1185 3014 1273 3069 his
1294 3014 1552 3083 Epistolis
1586 3014 1759 3069 multo
1782 3015 2042 3084 pauciora
2066 3030 2207 3083 esse,

624 3120 791 3175 quam
828 3105 881 3158 in
928 3107 1226 3175 lgnatianis
1260 3107 1483 3161 laudum
1532 3108 1792 3177 epitheta.
1826 3105 2029 3162 Verum
2066 3123 2208 3177 prae-

2315 566 2768 636 inscriptionibus
2824 564 3068 620 adderet.
3122 566 3241 619 lmo
3285 563 3411 618 inde
3450 571 3599 618 certo
3626 560 3899 631 colligitur

2315 658 2469 711 illum
2496 657 2647 712 nulla
2669 665 2787 711 arte
2813 655 2865 709 in
2894 655 3138 725 epistolis
3162 654 3277 710 suis
3294 670 3359 709 ea
3382 653 3567 709 omnia
3588 652 3895 722 scripsisse,

2313 766 2437 821 quae
2477 750 2814 806 incredibilis
2842 748 3050 806 Christi
3077 764 3233 803 amor
3259 756 3316 803 et
3345 746 3593 818 martyrii
3627 747 3897 801 subeundi

2314 842 2480 897 ardor
2513 842 2821 898 immensus
2852 841 2957 911 ipsi
2983 841 3260 911 extemplo
3287 839 3655 911 inspirabant.

2320 958 2347 1028 §
2382 959 2476 1013 IlI.
2514 958 2589 1013 De
2618 957 3017 1029 repetitionibus
3048 971 3168 1026 qua
3210 957 3265 1010 in
3311 954 3551 1025 epistolis
3588 966 3898 1009 occurrunt.

2392 1068 2654 1125 Ultimum
2697 1067 2880 1124 Dallaai
2925 1076 3115 1123 contra
3168 1068 3368 1139 lgnatii
3429 1068 3691 1137 epistolas
3738 1082 3904 1139 argu-

2317 1171 2562 1216 mentum
2588 1161 2765 1217 est”:
2808 1181 2825 1212 ι
2862 1159 3049 1230 Neque
3082 1160 3215 1215 illud
3250 1158 3521 1230 lgnatium
3546 1159 3899 1229 episcopum,

2317 1257 2495 1312 artatis
2526 1264 2823 1326 provecta,
2842 1264 2897 1310 et
2924 1254 3067 1324 apud
3098 1254 3377 1325 apostolos
3399 1254 3689 1309 educatum
3707 1253 3903 1308 decere

2316 1349 2550 1415 videtur,
2587 1349 2733 1419 quod
2779 1348 2868 1403 ille
2921 1348 3082 1403 toties
3114 1348 3301 1403 eadem
3348 1356 3544 1418 prmter
3575 1346 3682 1400 viri
3717 1345 3903 1416 gravis

2318 1456 2525 1495 morem
2572 1440 2767 1509 repetit
2817 1448 2983 1509 atque
3036 1438 3293 1494 inculcat.
3336 1458 3355 1489 i
3390 1437 3615 1509 Dignam
3652 1453 3783 1492 sane
3824 1444 3900 1490 tot

2316 1534 2474 1589 vanis
2506 1532 2869 1603 futilibusque
2902 1534 3263 1604 argumentis,
3295 1533 3348 1587 in
3377 1540 3486 1586 tam
3512 1532 3670 1601 longa
3706 1532 3897 1601 dispu-

2318 1629 2526 1682 tatione
2569 1642 2855 1697 perperam
2900 1623 3547 1691 accumulatis,Dallaeus
3581 1625 3900 1678 coronidem

2318 1720 2570 1790 imponit.
2603 1718 2859 1789 Nunquid
2917 1719 3064 1773 enim
3121 1718 3361 1787 episcopi
3400 1725 3667 1787 provectae
3699 1717 3900 1781 artatis,

2245 1825 2287 1883 η
2315 1822 2368 1867 et
2407 1814 2548 1881 apud
2577 1812 2856 1882 apostolos
2892 1810 3130 1875 educati,
3162 1825 3250 1864 res
3277 1808 3521 1873 easdem,
3553 1807 3769 1877 quoties
3805 1823 3903 1861 ex-

2313 1902 2484 1972 pedit,
2532 1903 2716 1957 minus
2764 1917 2927 1971 quam
2980 1901 3071 1955 alii
3120 1900 3419 1970 scriptores
3452 1907 3705 1968 repetunt
3729 1906 3783 1951 et
3818 1898 3903 1951 in-

2313 1994 2567 2049 culcant?
2597 1994 2757 2048 Certe
2808 1992 3014 2055 Paulus
3059 1992 3199 2061 ipse,
3230 1999 3290 2045 ut
3322 1998 3550 2046 caeteros
3595 1999 3899 2056 taceamus,

2314 2086 2367 2139 in
2401 2084 2644 2155 Epistula
2677 2086 2743 2139 ad
2778 2084 3043 2155 Ephesios
3076 2100 3201 2139 cum
3228 2083 3458 2139 dixisset
3495 2102 3507 2137 :
3549 2082 3769 2139 Induite
3808 2101 3900 2139 vos

2313 2190 2650 2231 armaturam
2706 2176 2883 2244 Dei”,
2932 2178 3151 2232 duobus
3204 2185 3328 2247 post
3378 2177 3628 2231 versibus
3680 2192 3900 2231 rursum

2313 2271 2504 2327 scribit
2540 2290 2551 2323 :
2594 2270 2839 2340 Accipite
2881 2279 3218 2324 armaturam
3264 2268 3357 2323 Dei
3383 2268 3449 2322 ³⁸.
3478 2268 3631 2335 Quod
3678 2270 3901 2338 quidem

2314 2364 2358 2419 si
2396 2364 2719 2432 interpretes
2747 2364 3059 2427 audiamus,
3090 2362 3225 2415 nihil
3248 2362 3393 2415 aliud
3426 2372 3510 2416 est
3539 2378 3703 2432 quam
3738 2378 3904 2431 supe-

2312 2454 2475 2509 rioris
2528 2451 2927 2507 exhortationis
3000 2451 3273 2521 repetitio.
3331 2450 3448 2507 Etsi
3510 2467 3640 2522 ergo
3693 2452 3904 2508 similes

2311 2542 2453 2613 apud
2486 2542 2753 2612 lgnatium
2779 2549 3134 2595 occurrerent
3162 2540 3536 2610 repetitiones,
3565 2541 3621 2594 in
3657 2542 3741 2597 his
3767 2556 3903 2611 pro-

2311 2635 2401 2690 cul
2436 2635 2607 2689 dubio
2648 2633 2803 2687 Pauli
2842 2633 3087 2702 vestigiis
3116 2633 3207 2687 ille
3238 2632 3421 2686 adhuc
3462 2632 3769 2687 institisset.
3801 2630 3903 2686 Vc.

2313 2733 2619 2779 rnmtamen
2642 2764 2658 2791 ,
2689 2731 2750 2777 ut
2771 2739 2962 2778 verum
2999 2723 3291 2787 fateamur,
3326 2723 3676 2791 repetitiones
3702 2724 3902 2777 verbo—

2312 2832 2435 2871 rum
2492 2816 2545 2869 in
2599 2831 2708 2869 una
2762 2816 3067 2884 eademque
3100 2813 3296 2885 lgnatii
3328 2814 3559 2883 epistola
3593 2830 3728 2868 rarae
3752 2827 3901 2880 sunt,

2311 2924 2413 2965 nec
2460 2908 2535 2963 ibi
2567 2924 2597 2962 a
2631 2906 2879 2963 Paulinis
2906 2908 3171 2977 exemplis
3204 2907 3296 2962 ille
3323 2908 3567 2961 recessit.
3601 2906 3907 2977 Repetitio-

2310 3017 2410 3057 nes
2432 3014 2563 3055 vero
2588 3000 2987 3056 sententiarum
3021 2999 3143 3054 aliis
3165 3008 3293 3053 sunt
3321 2998 3812 3067 infrequentiores;
3851 3010 3909 3055 et

2312 3094 2359 3149 si
2409 3108 2548 3163 quas
2600 3092 2744 3163 apud
2774 3108 2901 3147 cum
2933 3107 3040 3147 non
3069 3106 3226 3147 secus
3259 3106 3324 3144 ac
3354 3090 3583 3145 Paulum
3632 3094 3905 3161 reperias,

623 3208 873 3267 terquam
903 3200 1050 3268 quod
1082 3200 1377 3268 scriptores
1405 3214 1509 3253 suo
1540 3200 1746 3269 quique
1770 3199 1990 3270 ingenio
2021 3199 2124 3253 hac
2150 3200 2203 3253 in

2310 3200 2389 3241 em
2436 3185 2661 3241 maximi
2714 3195 2843 3241 sunt
2899 3184 3186 3251 momenti,
3235 3198 3438 3253 easque
3480 3184 3728 3253 lgnatius
3772 3185 3907 3241 ideo

623 3306 683 3343 re
734 3290 1228 3361 imlulgent,justis
1278 3290 1523 3361 lgnatius
1550 3291 1616 3346 de
1650 3290 1834 3346 causis
1880 3292 2037 3361 plura
2091 3308 2206 3346 sua:

620 3383 688 3437 ad
739 3382 1018 3440 Romanos
1063 3384 1309 3454 epistolae
1351 3384 1688 3454 inscriptioni
1717 3384 2005 3440 inserenda
2040 3393 2203 3455 puta-

618 3474 716 3528 vit.
736 3472 981 3529 Primum
1017 3475 1237 3545 quidem
1266 3476 1379 3532 haec
1409 3476 1477 3530 ab
1497 3492 1563 3531 eo
1591 3476 1822 3530 extorsit
1844 3492 2061 3531 summa
2087 3475 2202 3533 Ro-

619 3582 798 3621 mana:
822 3566 1101 3634 Ecclesiae,
1128 3576 1206 3622 tot
1230 3578 1555 3639 martyrum,
1586 3584 1650 3623 ac
1680 3569 1734 3623 in
1757 3568 1950 3639 primis
1975 3568 2121 3623 Petri
2148 3581 2203 3626 et

619 3659 770 3713 Pauli
826 3661 1094 3729 sanguine
1143 3675 1489 3730 conspersae,
1539 3677 1707 3731 quam
1760 3661 1967 3716 dudum
2015 3663 2201 3718 animo

616 3760 967 3820 conceperat,
983 3751 1173 3821 opinio
1196 3762 1251 3807 et
1274 3753 1632 3807 existimatio.
1667 3751 1869 3807 Deinde
1903 3754 1992 3807 illa
2015 3754 2201 3807 omnia

618 3844 841 3898 laudum
871 3845 1109 3913 epitheta
1147 3845 1272 3901 ideo
1305 3847 1604 3917 congessit,
1629 3847 1779 3916 quod
1810 3846 2024 3917 singula
2047 3862 2200 3916 qua:-

616 3953 725 4006 que
752 3937 974 3992 totidem
1009 3938 1116 4006 ipsi
1140 3938 1457 3994 viderentur
1482 3953 1603 3993 esse
1636 3947 1910 3993 momenta
1949 3948 2004 3993 et
2032 3940 2200 3994 ratio-

617 4045 737 4095 nes,
771 4029 973 4099 quibus
1010 4029 1289 4086 Romanos
1321 4031 1389 4087 ad
1425 4040 1658 4087 mortem
1696 4048 1853 4087 suam
1886 4048 1993 4086 non
2027 4033 2199 4103 impe-

616 4118 875 4173 diendam
907 4118 1221 4175 adduceret.

691 4210 863 4266 Instat
913 4210 1149 4266 Dallaeus
1176 4211 1326 4267 viros
1369 4212 1719 4281 apostolicos,
1762 4221 1894 4283 puta
1941 4213 2198 4285 Polycar-

617 4317 771 4371 pum,
795 4302 1153 4370 Clementem,
1177 4311 1231 4359 et
1260 4304 1418 4373 alios,
1443 4314 1555 4358 tam
1589 4305 1780 4375 longas
1806 4308 2052 4376 epistolis
2082 4308 2196 4364 suis

620 4409 726 4450 non
762 4394 1065 4464 praefixisse
1091 4395 1493 4467 inscriptiones.
1532 4394 1686 4452 Unde
1714 4397 1877 4453 infert
1902 4399 2193 4469 lgnatium,

2306 3276 2563 3343 adhibet,
2596 3287 2654 3330 ut
2687 3276 2778 3330 illa
2809 3292 2929 3344 quae
2976 3274 3271 3339 scribebat,
3299 3274 3742 3330 Christianorum
3778 3291 3906 3332 me-

2305 3367 2496 3421 moriae
2534 3367 2702 3422 aitius
2756 3367 2947 3434 inlixa,
2977 3381 3045 3421 ex
3097 3380 3288 3421 eorum
3353 3365 3557 3421 animis
3612 3381 3902 3437 nunquam

2314 3459 2650 3514 exciderent.
3820 3443 3850 3473 ³

2888 3551 3118 3608 CAPUT
3157 3552 3327 3607 XXII.

2308 3660 2567 3700 IGNATIUI
2618 3660 2814 3708 tLst,
2867 3660 3009 3707 qua
3058 3660 3193 3700 nunc
3228 3660 3489 3708 HABEIUS,
3522 3658 3793 3699 nemo”:
3832 3660 3901 3699 an

2588 3732 2937 3770 POLYCABPUl
2974 3732 3111 3769 VERE
3144 3731 3270 3771 ESSE
3306 3731 3613 3770 AUCTOBEI.

2509 3826 2537 3899 §
2571 3830 2614 3883 Ι.
2648 3827 2713 3882 Id
2743 3829 3003 3897 probatur
3033 3831 3356 3883 auctoritate
3379 3827 3687 3898 Polycarpi.

2382 3943 2454 3999 De
2504 3944 2679 4015 prima
2721 3946 3077 4015 epistolarum
3118 3945 3313 4014 lgnatii
3361 3944 3536 3999 classe
3570 3942 3729 3997 nobis
3759 3942 3901 3995 nihil

2301 4036 2537 4105 amplius
2606 4044 2918 4104 superesset
2974 4034 3297 4101 dicendum,
3360 4032 3469 4088 nisi
3537 4031 3902 4087 doctissimus

2306 4128 2583 4194 Usserius,
2615 4126 2710 4199 qui
2740 4128 2839 4182 has
2868 4128 3113 4197 ejusdem
3154 4126 3349 4181 classis
3398 4125 3655 4195 epistolas
3685 4126 3902 4195 lgnatio

2298 4230 2614 4277 constanter
2667 4219 2979 4289 adjudicat,
3032 4219 3179 4273 illam
3229 4233 3353 4288 qua:
3410 4218 3479 4272 ad
3529 4217 3899 4288 Polycarpum

2298 4314 2501 4383 scripta
2570 4322 2695 4379 est,
2758 4311 2936 4365 eidem
2987 4312 3201 4381 lgnatio
3233 4312 3393 4380 plane
3434 4310 3762 4382 penitusque
3798 4312 3900 4366 ab-

2296 4404 2620 4476 judicasset.
2668 4401 2933 4469 Quamvis
2981 4412 3163 4457 autem
3212 4419 3274 4458 ea
3320 4416 3442 4470 quae
3465 4402 3533 4457 de
3558 4404 3900 4474 lgnatiiepi-

615 4488 715 4557 qui
751 4487 894 4543 inter
921 4488 1157 4541 militum
1207 4489 1484 4559 custodias
1514 4489 1748 4559 positus,
1776 4489 1843 4544 ad
1868 4494 2192 4561 martyrium
2228 4524 2272 4580 υ
2304 4497 2467 4552 stolis
2527 4496 2792 4549 hactenus
2827 4494 3249 4563 disputavimus,
3297 4493 3445 4547 illam
3480 4508 3587 4547 non
3638 4508 3800 4549 secus
3830 4510 3901 4549 ac

614 4588 766 4633 tanta
800 4580 1076 4635 celeritate
1100 4581 1423 4649 ducebatur,
1450 4582 1869 4653 inscriptionum
1896 4584 2031 4639 adeo
2069 4599 2196 4653 pro-

616 4672 855 4726 lixarum
882 4686 993 4727 non
1026 4687 1146 4729 esse
1176 4682 1479 4729 auctorem.
1504 4676 1573 4729 At
1603 4690 1768 4743 porro
1792 4691 1917 4732 cum
1950 4677 2198 4746 plurimze

614 4766 1061 4834 apostolicorum'
1086 4767 1331 4823 virorum
1388 4783 1453 4824 ac
1502 4769 1775 4839 praecipue
1805 4770 2195 4837 Asiaticorum,

610 4860 730 4929 qui,
790 4868 925 4915 teste
971 4860 1255 4927 Cicerone.
1309 4870 1468 4917 erant
1512 4863 1904 4931 redundantes,
1971 4865 2040 4920 ad
2093 4880 2194 4921 nos

613 4967 791 5022 usque
836 4953 1079 5023 epistola:
1108 4968 1219 5007 non
1250 4955 1619 5023 pervenerint,
1659 4957 1785 5026 quis
1820 4956 2019 5010 audeat
2050 4970 2201 5010 assc-

612 5060 738 5099 rere
779 5044 901 5099 illas
933 5059 1045 5099 non
1074 5044 1287 5111 eodem,
1318 5060 1384 5101 ac
1402 5046 1736 5117 Ignatianas,
1764 5048 1907 5119 stylo
1928 5049 2012 5102 vel
2046 5048 2199 5103 simi-

612 5135 759 5191 libus
811 5136 1263 5207 inscriptionibus
1320 5137 1494 5193 fuisse
1542 5139 1834 5195 exaratas?
1878 5136 2011 5194 Utut
2079 5138 2149 5193 sit
2180 5176 2195 5200 .

615 5237 766 5283 certe
814 5230 1061 5299 Ignatius
1108 5230 1160 5285 in
1195 5230 1350 5287 Pauli
1380 5230 1638 5302 Epistolis
1674 5232 1913 5303 egregia,
1939 5233 2019 5287 uti
2051 5233 2197 5287 dixi-

614 5331 758 5383 mus,
793 5317 1214 5387 inscriptionum
1260 5335 1485 5375 suarum
1540 5321 1730 5376 habuit
1778 5324 2048 5392 exempla,
2094 5339 2195 5379 nec

613 5409 680 5463 de
737 5410 848 5465 ullo
903 5412 1011 5466 alio
1058 5411 1286 5467 meliora
1344 5414 1594 5483 accipere
1644 5421 1875 5483 poterat.
1929 5413 2192 5481 Quamvis

612 5510 798 5556 autem
849 5503 916 5558 ad
971 5506 1294 5576 martyrium
1339 5520 1558 5561 summa
1609 5504 1893 5561 velocitate
1931 5522 2191 5576 propera-

615 5603 725 5657 I't't,
759 5594 811 5648 id
862 5603 1047 5651 tamen
1105 5611 1215 5652 non
1262 5596 1870 5669 obstabat,quominus
1917 5599 2055 5654 duas
2103 5600 2187 5655 vel

688 5754 733 5785 “
766 5770 886 5821 pag.
919 5754 1043 5809 ΗΒ.

1139 5755 1180 5787 ³⁷
1216 5768 1337 5826 pag.
1370 5755 1491 5812 H7.

614 5838 733 5894 Cap.
770 5824 959 5897 xxtt,§
997 5826 1043 5879 1.

1572 5755 1616 5789 ³⁸
1652 5769 1768 5825 cap.
1822 5754 1910 5821 51,
1955 5771 2009 5824 p.
2047 5755 2172 5811 4⁸21.

2253 5756 2521 5827 "Ephes.
2579 5772 2655 5825 vr,
2718 5757 2802 5812 ll.

2299 4590 2459 4654 alias,
2494 4588 2601 4657 ipsi
2664 4585 3008 4641 tribuendam
3053 4600 3172 4641 esse
3228 4584 3634 4652 demonstrent;
3700 4584 3771 4641 de
3829 4602 3899 4641 ea

2297 4691 2476 4737 tamen
2502 4679 2706 4735 idcirco
2728 4677 3045 4733 censuimus
3072 4676 3326 4746 privatim
3349 4674 3899 4755 essedisserendum,

2296 4773 2446 4845 quod
2474 4770 2685 4828 Usserii
2723 4770 3023 4824 auctoritas
3045 4770 3193 4823 viros
3216 4767 3484 4837 quosdam
3505 4768 3901 4825 celeberrimos

2298 4882 2426 4923 suas
2479 4863 2709 4918 traxerit
2762 4862 2817 4915 in
2876 4873 3079 4931 partes.
3114 4858 3226 4915 llos
3278 4860 3421 4914 inter
3462 4868 3517 4914 et
3566 4875 3811 4929 purpura
3842 4871 3897 4915 et

2302 4957 2552 5013 doctrina
2605 4956 2813 5025 primas
2866 4961 3013 5009 tenet
3068 4951 3541 5007 eminentissimus
3591 4952 3899 5008 cardinalis

2301 5050 2474 5116 Bona,
2510 5050 2605 5119 qui
2635 5048 2900 5116 judicium
2944 5043 3149 5101 Usserii
3174 5052 3416 5109 secutus,
3438 5045 3505 5099 de
3534 5058 3599 5097 ea
3632 5043 3713 5098 sic
3758 5060 3899 5113 pro-

2303 5143 2521 5196 nuntiat
2543 5141 2622 5193 ³¹;
2664 5159 2682 5189 ‹
2721 5138 2878 5194 Addo
2912 5136 3055 5207 quod
3105 5136 3249 5192 hanc
3297 5135 3584 5207 epistolam
3637 5150 3746 5189 non
3796 5150 3871 5205 ge

2300 5234 2531 5289 nuinum
2575 5232 2773 5303 lgnatii
2820 5231 2988 5286 fetum
3020 5244 3170 5294 esse,
3209 5228 3303 5285 sed
3335 5227 3743 5299 supposititium
3783 5227 3895 5279 viri

2300 5326 2501 5381 eruditi
2556 5325 2761 5380 dudum
2816 5324 3300 5379 observaruntzet
3330 5321 3397 5375 ad
3446 5320 3499 5375 id
3532 5320 3893 5391 probandum

2300 5417 2471 5472 multa
2528 5416 2767 5472 afferunt
2820 5431 2929 5470 non
2981 5414 3133 5486 parvi
3178 5413 3435 5485 ponderis
3469 5421 3817 5484 argumenta.
3869 5433 3889 5464 ι

2299 5508 2403 5565 Sed
2453 5509 2500 5565 si
2533 5510 2653 5565 viro
2695 5518 2807 5563 tam
2842 5507 3059 5563 erudito
3103 5522 3198 5577 per
3236 5505 3410 5561 otium
3454 5505 3702 5562 licuisset
3730 5504 3892 5558 illam

2295 5602 2606 5658 accuratius
2650 5602 2990 5670 examinare,
3007 5601 3063 5656 in
3087 5601 3249 5657 aliam
3282 5598 3475 5671 procul
3502 5598 3670 5654 dubio
3693 5598 3894 5653 ivisset

2885 5754 3121 5825 "Ibid,
3175 5754 3262 5811 l5.
3342 5752 3528 5810 "fier.
3588 5752 3890 5824 Liturgic.,
