4138 6400
301 376 407 432 545

1272 368 1334 422 D.
1378 365 1665 423 NOURRII
1706 362 2186 421 DlSSE’RTATlO.
2227 395 2293 405 —-
2334 363 2513 419 PARS
2547 364 2587 417 1.

3451 366 3559 422 546

298 496 651 552 sententiam.
705 492 912 549 Invicto
966 508 1205 564 namque
1254 493 1548 564 ipsiusmet
1594 488 1880 563 Polyearpi
1911 491 1954 549 Α
1983 488 2236 557 exprimi,
2266 503 2333 543 ac
2383 488 2627 543 Graecam
2674 486 2839 557 hujus
2878 501 3069 542 vocem
3117 486 3262 551 ἰδίως
3285 500 3385 557 per
3405 484 3559 541 Lati-

300 586 642 651 testimonio,
674 601 785 654 quo
831 595 979 640 certe
1031 585 1243 639 nullum
1282 583 1463 654 majus
1490 598 1637 638 nunc
1662 581 1878 638 deside.

296 680 410 732 rari
442 686 641 746 potest,
671 677 976 731 luculenter
1000 677 1266 747 probatur
1295 677 1437 731 hanc
1476 676 1765 745 epistolam
1810 675 1879 729 ab

297 767 507 837 lgnatio
554 767 729 822 fuisse
772 769 1055 837 scriptam.
1089 766 1344 822 Testatur
1382 767 1531 822 enim
1581 766 1637 821 in
1682 781 1783 821 sua
1812 766 1881 821 ad

294 863 674 932 Philippenses
713 861 942 931 epistola
974 876 1033 915 se
1060 862 1130 916 ab
1166 875 1234 917 eo
1291 861 1569 932 accepisse
1620 860 1831 915 litteras
1862 877 1876 914 :

302 974 320 1003 ς
366 952 679 1023 Scripsistis
708 954 775 1007 ad
807 968 893 1009 me
924 961 978 1007 et
1009 967 1108 1008 vos
1147 961 1202 1007 et
1225 952 1492 1024 lgnatius,
1528 972 1547 1004 ι
1581 961 1687 1008 etc.
1714 951 1879 1021 Atqui

295 1046 394 1099 illa
427 1045 694 1115 epistola,
724 1060 888 1115 quam
932 1045 1020 1101 his
1050 1045 1233 1100 verbis
1266 1045 1490 1111 indicat,
1520 1046 1710 1101 eadem
1761 1047 1879 1115 ipsa

290 1139 490 1205 est,de
512 1153 621 1209 qua
655 1154 804 1193 nunc
822 1139 1053 1209 quaestio
1085 1147 1356 1195 movetur.
1382 1138 1517 1194 Nam
1542 1154 1883 1210 quaecunque

291 1234 639 1306 Polycarpus
688 1235 757 1289 de
802 1235 1032 1305 epistola
1095 1233 1288 1305 lgnatii
1327 1234 1502 1290 nostri
1551 1234 1619 1289 ad
1657 1248 1715 1288 se
1754 1233 1881 1288 data

294 1328 648 1392 memoravit,
698 1327 789 1381 illa
840 1328 1025 1383 omnia
1063 1329 1118 1382 in
1141 1343 1205 1383 ea
1228 1342 1392 1398 quam
1435 1326 1721 1393 habemus,
1750 1343 1883 1382 nus-

295 1439 469 1493 quam
505 1438 634 1476 vero
662 1423 718 1476 in
755 1422 865 1476 ulla
913 1422 1019 1475 alia
1071 1421 1441 1491 reperiuntur.
1485 1420 1704 1476 Scimus
1752 1420 1879 1491 qui—

294 1517 426 1568 dem
469 1514 523 1567 in
560 1514 701 1568 hanc
748 1513 992 1584 epistola:
1032 1512 1318 1584 Polycarpi
1362 1521 1573 1582 partem
1606 1512 1877 1579 ultimam,

294 1623 470 1679 quam
527 1606 849 1671 eitavimus,
905 1606 1165 1660 nonnulla
1226 1621 1259 1661 a
1320 1606 1654 1677 quibusdam
1710 1605 1882 1661 fuisse

292 1703 539 1772 objecta.
598 1699 706 1755 Sed
756 1700 872 1755 haec
922 1701 1109 1755 omnia
1164 1710 1273 1756 tam
1324 1702 1474 1757 clare
1527 1701 1789 1757 diluimus
1809 1701 1876 1768 ",

291 1808 536 1863 eamque
560 1792 804 1863 epistolae
845 1801 1054 1861 partem
1083 1808 1194 1847 non
1232 1794 1417 1848 minus
1457 1809 1623 1863 quam
1671 1795 1807 1850 alias
1852 1810 1883 1849 a

294 1885 605 1957 Polycarpo
656 1886 919 1955 scriptam
955 1900 1099 1954 esse,
1132 1895 1302 1953 tanta,
1339 1887 1416 1942 uti
1454 1897 1734 1957 putamus,
1768 1890 1879 1944 evi-

291 1981 488 2035 dentia
513 1994 545 2033 a
572 1979 730 2035 nobis
749 1980 1183 2036 demonstratum
1210 1994 1325 2047 esr,
1352 1989 1410 2035 ut
1432 1982 1662 2038 sinceris
1694 1998 1879 2037 rerum

294 2075 734 2131 aestimatoribus
772 2074 825 2129 id
855 2075 1082 2131 omnino
1130 2090 1453 2147 persuasum
1491 2074 1609 2132 fore
1639 2076 1883 2132 confida-

298 2183 452 2223 mus.

429 2320 458 2392 §
488 2319 553 2375 ll.
595 2318 746 2375 Idem
779 2318 996 2374 Eusebii
1025 2330 1074 2373 et
1110 2318 1424 2391 Hieronymi
1455 2325 1771 2379 auctoritate

961 2393 1235 2459 probatur.

378 2546 555 2601 Porro
585 2554 768 2602 autem
800 2548 1049 2618 epistolae
1083 2549 1150 2604 ad
1185 2549 1548 2622 Polycarpum
1602 2560 1882 2609 auctorem

296 2654 431 2694 esse
483 2640 777 2709 lgnatium,
810 2656 921 2695 non
955 2641 1240 2712 Polycarpi
1284 2651 1495 2698 tantum
1530 2645 1883 2712 testimoniis,

297 2733 404 2787 sed
437 2731 659 2788 Eusebii
707 2735 871 2789 etiam
902 2737 1226 2792 auctoritate
1259 2738 1421 2807 plane
1456 2739 1881 2794 demonstratur.

301 2826 417 2882 Ubi
481 2827 627 2880 enim
684 2828 883 2897 Ignatii
923 2829 1183 2898 epistolas
1231 2839 1485 2885 accurate
1515 2841 1571 2885 et
1598 2832 1886 2904 diligenter

300 2929 583 2987 recenset,
610 2920 726 2976 hac
776 2920 868 2976 ille
916 2923 1145 2977 totidem
1182 2923 1363 2978 verbis
1390 2924 1654 2979 tradit”:
1692 2944 1710 2978 ι
1746 2924 1885 2981 Cum

298 3013 583 3068 Troadem
625 3013 884 3081 venisset,
910 3014 1035 3070 inde
1060 3016 1125 3069 ad
1150 3014 1654 3086 Philadelphienses
1679 3018 1887 3075 litteras

298 3107 479 3169 dedit,
518 3114 574 3160 et
624 3107 690 3160 ad
724 3104 1127 3177 Smyrnteorum
1167 3106 1488 3176 Ecclesiam,
1521 3109 1886 3181 privatimque

298 3200 378 3254 ad
431 3198 790 3270 Polycarpum
867 3214 1055 3255 eorum
1120 3200 1459 3271 episcopum,
1507 3202 1665 3266 ἰδίως)
1700 3219 1759 3255 τε
1810 3201 1886 3274 τῷ

298 3296 516 3367 ταύτης
538 3312 779 3368 προηγου
788 3296 932 3367 μένῳ
955 3295 1624 3368 ΠολυκάρπῳδΕιιεθῦἰυε
1650 3313 1886 3369 namque

300 3388 386 3462 ibi
418 3397 530 3442 tres
572 3387 771 3457 lgnatii
810 3387 1072 3456 epistolas
1126 3397 1310 3457 aperte
1355 3387 1671 3459 distinguit;
1722 3398 1887 3459 atque

300 3479 457 3533 hanc
478 3493 599 3548 quae
630 3479 699 3533 ad
723 3477 1105 3550 Polycarpum,
1134 3487 1243 3531 tam
1270 3478 1337 3533 ab
1364 3494 1428 3533 ea
1456 3495 1577 3550 quae
1603 3480 1670 3534 ad
1700 3479 1887 3553 Smyr-

301 3587 484 3638 meos,
531 3587 693 3641 quam
730 3570 799 3625 ab
837 3572 930 3625 illa
960 3586 1083 3641 qua:
1118 3570 1185 3625 ad
1214 3570 1718 3641 Philadelphienses
1745 3574 1883 3627 scri-

299 3675 404 3736 pta
433 3674 537 3732 est,
568 3664 831 3720 discernit
860 3671 913 3718 et
952 3662 1317 3718 discriminat.
1354 3661 1488 3729 Qua:
1530 3663 1751 3732 quidem
1800 3663 1887 3718 di-

304 3758 535 3813 stinetio
578 3772 646 3811 ex
698 3756 784 3810 his
805 3770 929 3825 quae
976 3754 1412 3825 subsequuntur,
1460 3755 1635 3810 multo
1685 3755 1889 3813 clarius

303 3848 717 3919 dilucidiusque
748 3846 1074 3918 perspicitur
1124 3864 1137 3901 :
1197 3863 1216 3897 t
1266 3845 1441 3912 Quem
1488 3864 1613 3903 cum
1667 3859 1888 3919 aposto-

298 3941 481 3995 licum
543 3939 752 4004 virum,
806 3937 883 3992 sic
950 3936 1043 3992 ille
1104 3935 1476 4005 prosequitur,
1539 3950 1665 3991 esse
1729 3938 1890 4006 plane

304 4040 656 4103 agnosceret,
692 4031 797 4101 ipsi
832 4039 1094 4101 tanquam
1142 4031 1322 4087 bonus
1371 4046 1435 4086 ac
1482 4030 1658 4086 ﬁdelis
1702 4042 1890 4101 pastor

307 4142 535 4197 gregem
565 4125 924 4180 Antiochense
949 4123 1209 4181 Ecclesiae
1236 4124 1663 4191 commendavit,
1688 4139 1889 4195 rogans

308 4229 378 4273 ut
400 4220 551 4274 omni
581 4234 715 4275 cura
746 4218 899 4273 illum
934 4217 1120 4274 fovere
1145 4219 1327 4274 vellet.
1363 4219 1509 4273 Idem
1558 4219 1614 4273 in
1659 4219 1891 4289 epistola

309 4312 385 4367 ad
437 4311 753 4383 Smyrnaeos
791 4313 860 4368 de
893 4312 1185 4368 Servatore
1214 4320 1402 4368 nostro
1432 4312 1684 4383 loquens,
1724 4333 1743 4367 ι
1780 4322 1889 4373 etc.

310 4406 384 4461 Et
408 4416 557 4461 certe
585 4407 643 4461 in
677 4405 906 4475 epistola
937 4404 1005 4461 ad
1048 4404 1359 4477 Smyrnam
1387 4406 1596 4461 nullum
1629 4405 1696 4461 de
1726 4405 1889 4479 Poly-

1982 594 2109 633 nam
2132 582 2343 649 proprie
2383 580 2455 634 ab
2486 580 2583 633 illo
2608 578 2789 633 fuisse
2812 578 3101 633 redditam.
3135 576 3254 631 Vox
3278 576 3446 648 igitur
3467 578 3560 631 illa

1979 672 2190 741 proprie
2213 670 2350 725 nihil
2379 669 2527 725 aliud
2566 669 2709 739 apud
2739 667 3130 740 Hieronymum
3164 668 3238 724 ibi
3265 669 3560 738 significat,

1980 776 2147 832 quam
2197 760 2471 830 privatim.
2510 760 2741 816 seorsim
2773 776 2839 815 ac
2879 760 3197 829 separatim.
3235 760 3411 829 Atque
3464 776 3561 815 eo-

1980 854 2105 909 dem
2155 853 2317 923 plane
2357 868 2525 908 sensu
2551 851 2641 906 illa
2670 852 2863 907 eodem
2900 852 2953 906 in
2984 852 3123 907 libro
3148 866 3258 905 non
3292 851 3460 907 semel
3490 851 3564 905 ab

1981 945 2104 1015 ipso
2143 954 2405 1016 usurpata
2457 945 2677 1016 legitur.
2726 944 2821 1001 Sie
2866 945 3069 1015 quippe
3098 943 3300 999 ibidem
3332 944 3400 999 de
3431 944 3557 998 Cle-

1982 1047 2165 1093 mente
2210 1038 2585 1093 Alexandrino
2632 1038 2855 1093 disserit
2903 1057 2917 1092 :
2970 1056 2988 1089 ι
3039 1035 3116 1092 De
3160 1036 3557 1091 canonibus....

1980 1127 2123 1183 liber
2166 1144 2328 1191 unus,
2360 1141 2524 1197 quem
2561 1127 2781 1196 proprie
2824 1125 3138 1182 Alexandro
3174 1124 3561 1195 Hierosolymi-

1981 1228 2112 1276 tano
2159 1221 2416 1291 episcopo
2474 1219 2889 1290 προσεφώνησε,
2936 1238 2955 1271 ι
3010 1228 3064 1274 et
3104 1219 3173 1274 de
3212 1219 3555 1288 Apollonio;

1987 1335 2007 1367 ι
2042 1315 2345 1386 Septimum
2386 1317 2602 1393 proprie
2636 1315 2897 1369 adversus
2925 1312 3273 1381 Apollonium
3308 1312 3561 1365 elabora-

1979 1410 2079 1464 vit.
2114 1427 2132 1459 ι
2166 1406 2321 1463 Unde
2373 1406 2716 1476 Sophronius
2754 1407 2809 1460 in
2854 1406 3041 1460 Graeca
3077 1405 3241 1474 hujus
3273 1402 3397 1458 libri
3437 1418 3561 1457 ver-

1982 1500 2137 1555 sione
2168 1498 2305 1553 illud
2336 1498 2562 1553 verbum
2610 1497 2821 1567 proprie
2856 1511 2954 1565 per
2995 1510 3183 1550 vocem
3224 1493 3564 1563 idtwq,qua3

1982 1592 2123 1648 idem
2159 1606 2224 1647 ac
2256 1590 2566 1646 Eusebiana
2592 1589 2738 1652 ἰδίως
2768 1597 2949 1656 sonat,
2980 1587 3240 1643 reddidit.

2304 1702 2455 1775 §lll.
2497 1702 2733 1773 Objectio
2770 1701 2970 1756 Usserii
2993 1701 3241 1755 diluitur.

1913 1841 1957 1896 Β
2056 1821 2257 1892 Objicit
2282 1832 2461 1878 tamen
2478 1820 2735 1876 Usserius
2753 1821 2867 1874 hmc
2890 1818 3207 1890 Hieronymi
3234 1818 3399 1873 verba
3424 1837 3437 1872 :
3461 1837 3477 1869 ι
3503 1818 3555 1873 ie

1982 1932 2091 1986 qua
2119 1926 2173 1970 et
2193 1915 2260 1970 de
2288 1915 2583 1985 Evangelia
2620 1914 2689 1980 ³⁸,
2725 1933 2743 1965 ι
2766 1922 2895 1981 etc.,
2938 1913 3005 1967 ad
3041 1912 3327 1982 epistolam
3373 1910 3556 1983 Smyr-

1983 2009 2118 2063 nmis
2140 2008 2322 2063 datam
2353 2007 2579 2062 omnino
2613 2006 2837 2073 referri;
2864 2005 3199 2074 proindeque
3221 2003 3367 2057 illam
3390 2016 3558 2058 unam

1983 2115 2047 2156 ac
2079 2102 2326 2157 eamdem
2370 2116 2493 2157 esse
2521 2116 2645 2155 cum
2680 2115 2765 2163 ea,
2796 2114 2919 2169 quas
2946 2098 3014 2151 ad
3036 2096 3393 2169 Polycarpum
3423 2098 3561 2151 scri-

1982 2202 2075 2262 pta
2112 2193 2331 2248 dicitur.
2370 2191 2527 2257 Quod
2560 2191 2799 2261 quidem,
2833 2189 3008 2259 inquit
3043 2188 3184 2243 idem
3223 2185 3559 2252 Usserius“,

1984 2288 2058 2343 ita
2089 2302 2279 2341 verum
2313 2295 2416 2347 est,
2448 2292 2509 2338 ut
2544 2303 2561 2334 ι
2612 2281 2888 2336 Honorius
2942 2279 3455 2350 Augustodunensis
3504 2280 3559 2333 in

1985 2382 2127 2436 libro
2159 2380 2236 2433 De
2264 2377 2616 2432 luminaribus
2650 2374 2903 2428 Ecclesia:
2936 2374 3045 2443 (cui
3074 2372 3560 2445 Hieronymianum

1985 2473 2322 2542 scriptorum
2374 2467 2684 2536 catalogum
2731 2464 2787 2518 in
2830 2464 3101 2533 epitomen
3138 2478 3168 2517 a
3199 2478 3256 2517 se
3279 2464 3559 2518 redactum

1988 2564 2241 2635 inseruit)
2283 2560 2580 2631 Epistulam
2612 2558 2681 2612 ad
2729 2556 3090 2627 Polycarpum
3128 2556 3184 2609 in
3214 2570 3382 2613 censu
3418 2556 3559 2610 scri-

1986 2667 2204 2728 ptorum
2232 2650 2425 2725 lgnatii
2449 2651 2611 2721 plane
2652 2647 3170 2717 praetermittendam
3200 2662 3321 2702 esse
3348 2646 3562 2716 judica-

1988 2749 2085 2803 vit.
2121 2766 2142 2800 ›
2177 2745 2282 2801 Sed
2314 2759 2423 2799 non
2452 2741 2634 2811 magni
2659 2739 2915 2811 ponderis
2944 2750 3029 2794 est
3048 2739 3349 2794 auctoritas
3379 2737 3564 2793 Hono-

1988 2837 2077 2903 rii,
2134 2836 2229 2906 qui
2276 2835 2329 2888 in
2374 2833 2483 2887 hac
2544 2831 2668 2884 libri
2729 2827 3139 2899 Hicronymiani
3191 2827 3425 2896 epitome
3486 2828 3563 2880 ita

1988 2944 2131 2998 saepe
2161 2942 2258 2997 per
2292 2940 2534 2980 errorem
2577 2923 2764 2992 lapsus
2794 2931 2906 2987 est,
2938 2929 2997 2974 ut
3034 2920 3124 2974 vix
3157 2918 3265 2971 ulla
3293 2919 3427 2973 fides
3458 2918 3563 2988 ipsi

1988 3021 2176 3078 haberi
2207 3020 2400 3089 possit.
2433 3016 2658 3086 Majoris
2690 3024 2871 3081 autem
2911 3014 3172 3067 momenti
3205 3022 3289 3068 est
3318 3011 3565 3067 testimo-

1987 3116 2142 3171 nium
2172 3090 2397 3167 alterius
2425 3109 2667 3165 auctoris
2692 3108 2852 3178 longe
2876 3106 3212 3172 vetustioris,
3238 3105 3332 3174 qui
3355 3116 3565 3158 utram-

1987 3228 2095 3283 que
2139 3210 2425 3281 epistolam
2478 3205 2767 3262 manifeste
2815 3202 3071 3259 distinxit
3122 3203 3176 3255 in
3219 3201 3444 3255 homilia
3484 3199 3564 3253 De

1987 3320 2093 3357 uno
2116 3303 2389 3371 utriusque
2426 3299 2751 3354 Testamenti
2784 3296 3108 3366 legislatore,
3142 3309 3306 3364 quam
3334 3291 3562 3347 Photius

1986 3396 2415 3466 Chrysostomo,
2465 3393 2558 3446 alii
2609 3405 2741 3445 vero
2799 3390 3015 3443 cuidam
3073 3387 3321 3457 ejusdem
3388 3386 3564 3440 aetatis

1988 3486 2243 3555 scriptori
2273 3485 2555 3555 assignant
2577 3483 2642 3537 ³⁷.

2058 3579 2325 3635 Praeterea
2374 3593 2500 3633 cum
2557 3576 2831 3633 Honorius
2890 3576 3092 3631 librum
3150 3572 3464 3645 Hieronymi
3507 3574 3561 3627 in

1988 3673 2262 3744 epitomen
2306 3670 2605 3742 redegerit;
2661 3670 2729 3724 ad
2758 3669 2935 3734 illum,
2968 3667 3065 3736 qui
3112 3667 3355 3720 omnium
3386 3666 3563 3719 mani-

1990 3768 2094 3822 bus
2125 3765 2338 3831 teritur,
2372 3778 2586 3833 semper
2611 3762 2949 3817 redeundum
2982 3769 3083 3815 est.
3113 3757 3169 3812 Si
3195 3774 3317 3828 quae
3348 3771 3475 3812 vero
3505 3758 3561 3811 in

1990 3858 2305 3929 Hieronymi
2349 3871 2569 3926 quoque
2620 3855 2803 3911 verbis
2857 3854 3035 3909 subsit
3095 3852 3441 3913 obscuritas,
3492 3850 3560 3904 ad

1989 3950 2287 4006 Eusebium
2329 3962 2591 4019 tanquam
2621 3948 2688 4003 ad
2722 3946 2954 4012 fontem,
2987 3961 3053 3999 ex
3101 3961 3212 4013 quo
3238 3958 3337 3999 sua
3366 3942 3561 3997 Hiero-

1991 4056 2188 4112 nymus
2220 4040 2424 4105 hausit,
2453 4039 2652 4094 debent
2691 4051 2884 4093 omnes
2915 4051 3214 4091 recurrere.
3255 4034 3416 4104 Atqui
3448 4033 3559 4088 Eu-

1992 4132 2178 4187 sebius
2232 4132 2517 4201 epistolam
2568 4130 2635 4185 ad
2691 4128 3053 4201 Polyearpum
3107 4128 3177 4183 ab
3220 4126 3444 4197 epistola
3493 4126 3563 4180 ad

1994 4223 2305 4295 Smyrnazos
2349 4223 2713 4293 apertissime,
2746 4230 2805 4277 ut
2839 4221 3099 4287 vidimus,
3132 4220 3401 4275 distinxit.
3432 4216 3561 4272 Hie-

1993 4327 2253 4387 ronymus
2294 4330 2426 4386 ergo
2478 4314 2618 4369 idem
2673 4314 2812 4368 inter
2839 4322 3129 4382 utramque
3160 4310 3564 4366 statultdiscri-

1990 4426 2138 4466 men.
2186 4409 2363 4479 Atque
2410 4409 2539 4464 hinc
2588 4407 2796 4477 liquido
2847 4406 3121 4477 colligitur
3168 4405 3259 4459 illa
3312 4404 3559 4474 ejusdem

310 4514 484 4568 carpo
524 4498 755 4554 verbum
806 4498 971 4566 facit;
1012 4514 1190 4569 neque
1248 4499 1326 4553 illi
1374 4497 1674 4554 Ecclesiam
1734 4515 1889 4556 suam
1922 4523 1969 4580 ι)
1993 4502 2307 4574 Hieronymi
2342 4502 2506 4557 verba
2540 4519 2553 4556 :
2586 4520 2606 4554 ‹
2634 4498 2691 4554 ln
2730 4515 2839 4570 qua
2875 4508 2931 4555 et
2958 4500 3025 4554 de
3053 4497 3369 4569 Evangelio,
3405 4516 3422 4547 ι
3451 4506 3557 4551 etc.

311 4592 718 4647 Antiochenam
762 4593 1127 4648 commendat.
1159 4591 1292 4659 Qua:
1315 4607 1441 4648 cum
1475 4592 1531 4646 in
1557 4592 1785 4661 epistola
1822 4593 1892 4648 ad

312 4684 681 4755 Polyearpum
743 4694 1058 4753 occurrant,
1107 4684 1256 4739 illam
1300 4684 1679 4755 proculdubio
1707 4686 1774 4740 ab
1803 4700 1888 4753 ea,

311 4793 442 4848 quae
494 4778 564 4833 ad
615 4778 927 4850 Smyrnaeos
973 4779 1174 4850 scripta
1217 4789 1321 4845 est,
1363 4777 1630 4835 Eusebius
1659 4779 1893 4849 apertis-

311 4873 459 4927 sime
487 4872 794 4945 distinguit.

386 4964 577 5034 Neque
623 4967 731 5021 alia
784 4965 1103 5039 Hieronymi
1147 4965 1416 5022 sententia
1446 4964 1617 5021 fuisse
1641 4963 1889 5030 videtur;

312 5057 396 5112 ait
426 5058 576 5112 enim
594 5058 640 5090 “
669 5077 682 5114 :
717 5077 736 5110 ι
771 5058 903 5114 lnde
934 5059 1219 5131 egrediens
1249 5058 1473 5129 scripsit
1505 5059 1575 5115 ad
1617 5058 1892 5115 Philadel-

282 5149 528 5257 gpluteos,
561 5157 617 5204 et
662 5151 730 5205 ad
767 5150 1102 5223 Smyrnaeos,
1135 5161 1191 5208 et
1236 5152 1454 5221 proprie
1511 5151 1578 5207 ad
1630 5151 1890 5224 Polycar-

289 5243 474 5314 :pum,
528 5244 923 5299 commendans
975 5244 1052 5299 illi
1088 5243 1511 5300 Antiochensem
1551 5244 1889 5314 Ecclesiam;

312 5341 374 5394 in
407 5353 517 5409 qua
548 5347 604 5395 et
634 5339 702 5395 de
734 5338 1033 5411 Evangelio
1084 5342 1230 5411 quod
1270 5354 1444 5411 nuper
1468 5356 1499 5393 a
1527 5355 1616 5395 me
1656 5339 1893 5394 transla-

312 5441 433 5487 tum
483 5442 590 5501 est,
638 5448 806 5505 super
850 5450 1085 5504 persona
1152 5434 1359 5489 Christi
1421 5433 1576 5503 ponit
1644 5432 1892 5488 testimo-

310 5527 493 5582 nium.
533 5546 552 5580 ι
583 5527 777 5584 Nullus
826 5526 1072 5599 profecto
1117 5542 1228 5582 non
1258 5526 1403 5581 videt
1436 5526 1523 5582 his
1575 5526 1893 5596 Hieronymi

312 5621 500 5677 verbis
542 5619 765 5678 Eusebii
794 5637 1040 5689 sensum,
1064 5631 1125 5678 ut
1152 5621 1337 5678 omnia
1374 5635 1512 5691 pene
1549 5620 1671 5691 ejus
1697 5620 1887 5687 verba,

1998 4614 2107 4653 non
2145 4597 2212 4651 ad
2238 4595 2537 4664 posteriora
2558 4594 2628 4647 ad
2655 4591 3033 4662 Polycarpum,
3061 4590 3156 4646 sed
3187 4591 3253 4645 ad
3277 4590 3561 4659 superiora

1995 4691 2065 4745 ad
2095 4692 2397 4759 Smyrnam
2436 4700 2557 4741 esse
2586 4683 2887 4739 referenda.

2065 4782 2155 4849 At,
2210 4780 2445 4852 inquies,
2480 4778 2597 4832 haec
2648 4775 2820 4831 textui
2867 4771 3290 4843 Hieronymiano
3330 4772 3439 4825 vim
3476 4770 3559 4827 fa-

1991 4878 2164 4935 ciunt.
2220 4873 2327 4930 Sed
2372 4873 2419 4928 si
2459 4884 2622 4926 verus
2672 4868 2763 4923 ille
2799 4867 2872 4922 sit
2912 4868 3206 4921 verborum
3243 4862 3561 4934 Hieronymi

1991 4984 2219 5033 sensus,
2264 4967 2413 5023 nulla
2463 4980 2532 5020 ex
2576 4977 2703 5017 vera
2742 4975 2931 5017 eorum
2990 4956 3353 5027 esplicatione
3389 4960 3571 5011 textui

1990 5061 2110 5132 ejus
2153 5059 2237 5114 vis
2280 5056 2522 5112 ail‘ertur.
2566 5051 2751 5121 Neque
2803 5048 2990 5104 forsan
3055 5063 3087 5102 a
3136 5060 3267 5100 vero
3327 5045 3552 5099 multun

1994 5151 2292 5217 aberrabit,
2333 5149 2428 5219 qui
2473 5144 2677 5203 dixerit
2711 5143 2765 5196 in
2814 5139 3128 5211 Hieronymi
3166 5146 3316 5193 textu
3361 5134 3569 5189 factam

1990 5248 2162 5303 fuisse
2190 5259 2221 5298 a
2247 5240 2487 5298 librariis
2505 5234 3014 5305 transpositionem;
3044 5230 3148 5284 nisi
3175 5227 3505 5297 Hieronyqu
3525 5240 3569 5285 s,

1990 5339 2086 5410 qui
2132 5337 2349 5392 Graecos
2397 5337 2650 5386 auctores
2678 5335 2829 5381 tanta
2859 5323 3135 5379 celeritate
3168 5318 3393 5374 reddere
3422 5314 3568 5370 sole—

1990 5432 2104 5496 bat,
2128 5444 2227 5485 sua
2250 5427 2367 5496 ipse
2389 5422 2555 5477 verba
2579 5415 2994 5487 transposuerit.

2061 5519 2316 5585 lnstabis,
2337 5515 2535 5585 stylum
2566 5509 2755 5581 lgnatii
2777 5509 2832 5563 in
2856 5505 3087 5576 epistola
3107 5503 3173 5558 ad
3198 5500 3562 5573 Polycarpum

1992 5632 2104 5672 non
2148 5608 2503 5683 deprehendi,
2530 5603 2775 5673 nullique
2818 5597 3101 5671 probabile
3126 5596 3243 5653 fieri
3266 5593 3562 5667 lgnatium,

423 5779 468 5811 ⁹¹
513 5777 679 5848 Supr.
716 5794 838 5848 cap.
870 5780 923 5837 4.
970 5778 1014 5810 ³⁸
1043 5777 1243 5833 Euseb.
1278 5777 1374 5833 lib.
1403 5792 1498 5848 nr,
1533 5774 1764 5848 Histor.,
1798 5773 2034 5848 cap.§6,
2071 5769 2152 5848 §n2
2181 5778 2236 5825 et
2260 5782 2377 5848 seq.
2454 5762 2501 5795 “
2527 5762 2623 5817 lib.
2659 5759 2953 5848 Descript.
2991 5758 3174 5815 eccles.
3224 5756 3268 5790 ³⁸
3307 5753 3438 5825 Sup.
3466 5752 3559 5810 cit.

316 5849 364 5883 ³⁸
386 5850 464 5903 I):
498 5831 675 5919 ιᾴιιῖιι.
708 5831 862 5919 epist.
882 5831 1012 5918 cap.
1049 5853 1081 5902 8
1101 5831 1117 5915 ν,
1138 5831 1214 5918 Vp.
1238 5848 1290 5902 8.
1326 5831 1346 5833 ’—
1366 5831 1412 5880 7"
1440 5831 1693 5903 Biblioth.
1715 5831 1835 5903 cod.
1864 5831 1968 5899 ΞΠ
2005 5831 2299 5911 ὁιῈγιιοὰ.
2324 5831 2401 5892 vn
2456 5848 2665 5905 gener.,
2698 5840 2803 5887 act.
2833 5831 2886 5885 6.
