4134 6386
594 336 694 393 541

1667 346 1725 400 S.
1768 344 2120 402 IGNATIUS.
2158 377 2226 386 —-
2266 346 2800 407 PROLEGOMENA.

3755 368 3866 426 548

593 471 718 512 cum
747 458 813 512 ad
840 457 1201 533 Polycarpum
1231 464 1487 534 privatim
1520 467 1677 521 daret
1700 468 1989 538 epistolam
2018 470 2070 523 in
2100 485 2164 524 ea
2197 485 2241 542 Α
2270 488 2378 526 non
2423 476 2664 530 servavit
2694 478 2895 545 solum,
2930 496 2949 531 ι
2980 489 3084 536 etc.
3110 480 3283 539 Porro
3310 482 3586 544 Eusebius
3623 491 3719 560 qui
3747 494 3866 551 haec

593 550 661 605 ad
692 559 862 606 totam
889 552 1275 626 Sniyrnensem
1305 558 1607 615 Ecclesiam
1640 577 1803 617 suum
1837 566 2180 621 convertisse

592 656 924 700 sermonem.
962 646 1066 703 Sed
1118 650 1207 705 his
1238 650 1401 707 facile
1448 654 1849 723 respondemus
1879 657 2023 712 hanc
2061 658 2178 728 epi-

591 731 792 788 stolam
815 737 1029 805 eodem,
1043 754 1108 796 ac
1123 741 1260 798 alias
1279 744 1544 815 genuinas
1559 745 1749 816 lgnatii
1768 748 1999 817 litteras,
2038 752 2179 806 scri-

589 831 741 893 ptam
772 840 895 882 esse
926 830 1089 900 stylo.
1126 828 1428 889 Ecclesiam
1460 850 1590 891 vero
1619 837 2015 910 Smyrnensem
2046 857 2174 898 cum

588 913 664 969 ibi
686 917 1006 989 alloquitur,
1032 922 1169 977 nihil
1192 932 1391 994 praeter
1412 929 1673 997 temporis
1703 933 1789 986 sui
1814 948 2024 989 morem
2047 950 2176 991 eum

587 1004 789 1066 fecisse
837 1022 1047 1067 certum
1097 1025 1200 1070 est.
1232 1014 1370 1072 Nam
1401 1017 1699 1091 Dionysius
1744 1023 2069 1082 Corinthius
2097 1028 2168 1084 ad

589 1098 842 1157 Soterem
898 1120 1176 1161 summum
1232 1108 1545 1178 pontificem
1596 1114 1868 1183 privatam
1922 1118 2173 1175 scribens

587 1191 896 1261 epistolam,
931 1194 988 1249 in
1020 1210 1083 1251 ea
1131 1198 1203 1253 ad
1258 1197 1563 1258 Romanam
1621 1203 1925 1263 Ecclesiam
1970 1210 2172 1281 stylum

589 1282 671 1339 sic
699 1288 973 1342 convertit
1007 1304 1169 1345 suum
1206 1306 1223 1345 :
1260 1309 1280 1343 α
1313 1290 1440 1349 Haec
1462 1295 1622 1352 vobis
1653 1300 1998 1356 consuetudo
2016 1309 2173 1359 est...

588 1376 765 1447 Atque
794 1379 944 1436 hunc
992 1397 1202 1438 morem
1243 1384 1437 1443 beatus
1476 1388 1771 1461 episcopus
1806 1404 1985 1450 vester
2014 1393 2177 1451 Soter

2281 562 2526 633 Dionysii
2573 567 2739 622 verba
2779 570 2987 640 retulit,
3018 573 3100 628 sic
3127 579 3478 647 prosequitur
3496 579 3573 635 ":
3612 600 3632 634 ι
3667 584 3727 637 In
3760 585 3867 643 hac

2279 656 2398 726 ipsa
2446 658 2610 712 etiam
2638 661 2866 730 epistola
2902 665 3152 721 meminit
3179 665 3479 727 Clementis
3508 675 3755 743 epistola:
3793 678 3862 732 ad

2278 747 2618 818 Corinthios,
2646 768 2812 823 quam
2851 770 2919 810 ex
2949 758 3129 827 prisca
3162 763 3562 820 consuetudine
3588 767 3643 821 in
3680 766 3866 826 Eccle-

2278 842 2358 898 sia
2390 844 2494 916 legi
2530 844 2748 903 solitam
2781 856 3035 906 testatur.
3074 870 3095 904 ι
3128 852 3274 909 Nulli
3296 854 3483 926 itaque
3511 861 3713 915 mirum
3737 878 3860 921 esse

2277 936 2458 1005 debet,
2486 939 2539 994 si
2580 940 2847 1011 Ignatius,
2877 944 2972 1014 qui
3016 959 3173 999 suam
3220 962 3441 1018 quoque
3480 950 3547 1004 ad
3594 949 3870 1033 Polycar—j

2273 1045 2404 1102 pum
2468 1034 2760 1103 epistolam
2837 1035 2893 1091 in
2948 1036 3267 1110 Smyrnensi
3341 1040 3585 1099 Ecclesia
3640 1047 3861 1115 publice

2273 1124 2556 1195 legendam
2610 1126 2730 1183 fore
2780 1128 2927 1185 haud
2994 1131 3271 1187 immerito
3318 1134 3721 1204 suSpicabatur,
3789 1136 3858 1193 ad

2274 1231 2468 1275 omnes
2516 1220 2815 1277 universim
2844 1221 3189 1283 Christianos
3226 1241 3386 1282 suum
3409 1225 3463 1282 in
3482 1226 3574 1287 illa
3596 1228 3860 1287 direxerit

2274 1326 2586 1369 sermonem
2595 1353 2611 1367 .

605 1576 2729 1607 Wm—

1759 1744 2049 1837 PARS
2120 1747 2688 1843 SECUNDA.

583 1957 674 2018 De
721 1956 1334 2038 interpolationibus
1385 1960 1813 2052 genuinarum
1866 1963 2093 2057 ignatii
2156 1965 2747 2057 epistolarum,_ac
2801 1970 2882 2034 de
2924 1970 3072 2033 aliis
3147 1974 3445 2053 epistolis
3501 1976 3631 2057 ipsi
3686 1977 3852 2043 falso

1648 2049 1970 2120 ascriptis,
2010 2059 2363 2125 earumque
2412 2049 2810 2112 auctoribus.

1086 2226 1316 2283 CAPUT
1353 2226 1647 2283 PRIMUM.

705 2355 771 2394 DE
809 2356 1364 2397 INTERPOLATIONIBUS
1394 2357 1770 2397 EPISTOLARUI
1805 2358 2033 2399 IGNATII.

581 2450 611 2523 ς
651 2452 692 2505 1.
730 2450 1004 2523 Ignatium
1039 2462 1230 2508 harum
1263 2454 1735 2524 interpolationum
1776 2472 1880 2509 non
1920 2472 2032 2511 esse
2066 2473 2167 2511 au-

858 2534 1059 2579 ctorem
1090 2534 1276 2579 contra
1309 2524 1510 2579 Morini
1538 2526 1877 2580 sententiam.

649 2655 899 2711 Secunda
932 2658 1289 2727 epistolarum
1323 2657 1520 2727 Ignatii
1555 2658 1754 2713 classis
1782 2660 2002 2715 easdem
2025 2699 2043 2726 ,
2094 2660 2163 2715 de

575 2747 781 2816 quibus
824 2750 1095 2804 hactenus
1133 2749 1537 2815 disseruimus,
1591 2751 1766 2821 ipsius
1811 2750 2023 2805 litteras
2067 2751 2162 2805 sed

576 2838 747 2893 variis
794 2838 1309 2908 interpolationibus
1339 2849 1503 2910 atque
1535 2841 1922 2896 additamentis
1948 2850 2160 2905 auctas.

576 2928 811 2998 aliisque
842 2929 1325 2998 depravationibus
1354 2929 1496 2986 foede
1530 2941 1819 3001 corruptas
1849 2942 1905 2987 et
1948 2932 2165 2989 adulte-

576 3028 729 3075 ratas
778 3021 1184 3090 complectitur.
1240 3019 1449 3077 Harum
1495 3032 1679 3078 autem
1728 3024 2073 3079 additionum
2107 3032 2164 3079 ct

575 3112 996 3181 corruptionum
1039 3120 1321 3167 auctorem
1368 3128 1479 3168 non
1529 3130 1651 3170 esse
1694 3113 1988 3185 lgnatium,
2022 3115 2162 3170 adeo

575 3208 785 3255 certum
813 3209 931 3266 est;
964 3209 1025 3255 ut
1068 3202 1232 3255 etiam
1268 3211 1395 3258 ante
1426 3204 1679 3274 vulgatas
1731 3206 1800 3259 ab
1840 3204 2069 3261 Usserio
2104 3216 2159 3262 ct

575 3289 774 3347 Vossio
815 3293 1178 3362 genuinarum
1218 3291 1413 3364 Ignatii
1459 3297 1817 3367 epistolarum
1849 3299 2159 3363 editiones,

573 3382 707 3439 illud
737 3383 871 3439 viris
904 3385 1232 3454 quibusdam
1272 3387 1450 3443 doctis
1482 3398 1536 3443 ct
1573 3390 1807 3445 eruditis
1854 3390 2020 3445 fuerit
2061 3392 2161 3445 ob-

573 3484 873 3531 servatum.
896 3475 1005 3532 Nos
1021 3486 1170 3533 certe
1194 3494 1303 3533 non
1326 3480 1465 3549 fugit
1485 3480 1867 3549 doctissimum
1886 3481 2158 3537 Morinum

573 3568 775 3622 alicubi
838 3571 1145 3625 asseruisse
1173 3570 1220 3604 ³⁸
1257 3590 1270 3626 :
1310 3589 1331 3623 ‹
1397 3572 1698 3643 Antiquam
1748 3572 2157 3643 lgnatianarum

572 3660 928 3729 epistolarum
960 3661 1257 3716 editionem
1287 3663 1586 3734 genuinum
1622 3673 1829 3719 textum
1865 3666 2023 3722 nobis
2056 3681 2153 3721 ex-

572 3752 759 3807 hibere
790 3768 989 3808 novam
1016 3769 1143 3808 vero
1176 3770 1434 3810 mancum
1472 3764 1529 3810 et
1550 3756 1963 3827 interpolatum.
2004 3776 2024 3810 »
2072 3760 2154 3814 Ac

571 3859 641 3900 ne
689 3846 814 3914 quis
861 3862 987 3901 eum
1034 3847 1150 3902 hzcc
1198 3856 1404 3903 temere
1441 3848 1647 3903 dixisse
1686 3858 1921 3920 putaret,
1969 3851 2151 3905 conti-

572 3952 683 3991 nuo
711 3936 920 3992 addidit
962 3957 974 3993 :
1014 3958 1034 3990 ι
1071 3938 1237 3993 Multa
1288 3939 1619 4010 conjectura:
1649 3956 1786 3996 mea:
1830 3952 2151 4013 argumenta

569 4027 701 4082 dare
732 4044 971 4090 possem.
1014 4047 1033 4080 ι
1072 4028 1206 4083 Rem
1256 4044 1387 4084 sane
1416 4029 1675 4083 omnibus
1712 4042 1921 4099 gratam
1948 4039 2002 4085 et
2027 4046 2157 4100 per-

570 4121 760 4173 utilem
789 4125 1135 4189 praestitisset
1161 4122 1245 4173 vir
1290 4121 1382 4174 ille
1420 4120 1680 4184 eximius,
1724 4120 1770 4174 si
1818 4135 1883 4175 ea
1914 4121 2157 4176 dedisset

570 4222 917 4284 argumenta,
950 4213 1153 4283 quibus
1192 4214 1506 4282 Opinionem
1539 4213 1675 4268 adeo
1706 4214 2067 4285 singularem,
2099 4224 2154 4271 et

568 4321 601 4358 a
637 4320 769 4361 vero
820 4314 931 4360 tam
987 4305 1226 4359 alienam
1278 4303 1496 4359 defendi
1548 4321 1709 4375 posse
1759 4307 2148 4361 arbitrabatur.

567 4394 707 4450 Nam
742 4396 993 4453 sinceras
1042 4411 1107 4451 ac
1137 4396 1406 4466 genuinas
1448 4394 1640 4466 lgnatii
1683 4397 1858 4451 nostri
1891 4397 2153 4466 epistolas

569 4490 626 4543 in
654 4488 993 4543 editionibus
1027 4486 1233 4544 Usserii
1278 4498 1335 4543 et
1362 4486 1546 4542 Vossii
1575 4488 1822 4542 exhiberi
1869 4488 2034 4543 certis
2076 4488 2155 4542 iii-

568 4580 836 4652 victisque
880 4581 1159 4635 rationum
1203 4580 1500 4637 momentis
1531 4582 1691 4651 plane
1717 4580 2148 4636 demonstratur.

820 4720 850 4794 §
882 4719 949 4776 11.
983 4719 1051 4774 Id
1081 4721 1243 4774 variis
1277 4721 1598 4792 argumentis
1623 4720 1901 4791 probatur.

636 4856 883 4910 Primum
935 4856 1084 4911 enim
1114 4855 1453 4925 testimonia,
1489 4873 1613 4927 qua:
1654 4856 1847 4913 Patres
1892 4856 2145 4928 antiqui,

564 4960 697 5021 puta
742 4948 1033 5016 Eusebius,
1075 4949 1434 5016 Athanasius,
1467 4950 1857 5022 Hieronymus,
1887 4949 2144 5005 Theodo-

559 5052 738 5108 retus,
771 5042 975 5112 aliique
998 5042 1186 5113 plures
1213 5057 1283 5096 ex
1310 5041 1503 5112 lgnatii
1525 5044 1772 5114 epistolis
1795 5045 2140 5110 citaverunt,

558 5135 611 5186 in
667 5134 758 5197 iis,
806 5148 917 5187 non
962 5143 1145 5189 autem
1197 5134 1251 5187 in
1310 5135 1763 5205 interpolatarum
1807 5134 2142 5190 editionibus

556 5226 777 5280 sincera
805 5238 860 5280 et
885 5226 1092 5296 integra
1125 5237 1608 5297 repraesentantur.

632 5338 888 5393 Secundo
933 5339 1239 5395 additiones
1285 5340 1413 5405 illae,
1459 5356 1595 5411 quas
1640 5339 1918 5408 Usserius,
1954 5350 2016 5395 ut
2044 5356 2142 5396 eo—

553 5443 679 5483 rum
713 5445 746 5484 a
773 5430 975 5499 quibus
1012 5431 1353 5501 interpolatae
1392 5441 1541 5498 sunt,
1573 5430 1798 5486 fraudes
1828 5432 2003 5501 magis
2046 5447 2138 5487 es-

560 5532 682 5577 sent
707 5522 1032 5589 manifestae,
1050 5523 1226 5578 voluit
1248 5524 1304 5576 in
1333 5524 1573 5578 editione
1586 5539 1684 5579 sua
1702 5538 1823 5578 esse
1846 5524 2017 5578 minio
2039 5524 2137 5579 de-

559 5616 815 5685 scriptas,
856 5616 989 5669 nihil
1038 5614 1187 5671 aliud
1212 5622 1361 5680 sunt,
1394 5631 1562 5685 quam
1608 5616 1729 5670 loca
1775 5630 1948 5670 sacra:
1986 5614 2139 5671 Scri-

662 5757 706 5787 ⁸⁸
734 5756 922 5849 ιίὴὺμῖ
969 5754 1349 5849 Ηὶδιονηωςρρ.
1376 5756 1447 5811 23
1539 5757 1599 5830 ,³³
1624 5756 1699 5814 De
1724 5773 1863 5814 sacr.
1901 5759 2159 5847 ordinat”

2256 5764 2455 5837 .rt._m,
2482 5753 2708 5813 excrcit.
2736 5752 2788 5821 5,
2818 5750 3028 5849 cap.-5,
3053 5764 3106 5820 p.
3141 5748 3229 5806 46.

560 5825 654 5883 lib.
688 5842 741 5880 iv
796 5824 1029 5892 uittam,
1057 5841 1175 5896 cap.
1201 5826 1293 5881 2'5.

2194 2240 2238 2297 B
2263 2244 2436 2305 ptum
2470 2235 2752 2307 lgnatiano
2774 2242 2946 2296 textui
2980 2244 3356 2313 superaddita,
3391 2247 3476 2302 vel
3506 2248 3734 2319 phrases
3755 2262 3852 2307 aut

2268 2329 2616 2398 periphrases
2666 2347 2770 2388 nec
2812 2344 2999 2404 aperte
3050 2352 3151 2392 nec
3200 2340 3588 2396 convenienter
3629 2341 3708 2396 illi
3754 2345 3848 2399 ad-

2261 2418 2440 2489 jectaa.

2340 2509 2527 2567 Tertio
2564 2514 2619 2568 in
2655 2514 2724 2570 iis
2756 2516 3020 2586 haeretici,
3050 2520 3143 2590 qui
3190 2519 3385 2591 lgnatii
3423 2532 3668 2594 tempore
3704 2541 3845 2582 non—

2266 2604 2398 2661 dum
2430 2608 2760 2662 exstiterant
2795 2625 2903 2664 non
2938 2612 3116 2667 solum
3158 2614 3567 2685 impugnantur,
3602 2619 3701 2672 sed
3746 2634 3847 2673 no-

2265 2695 2511 2751 minibus
2538 2698 2705 2751 etiam
2737 2699 3081 2768 appellantur
3103 2701 3240 2756 suis.
3271 2701 3349 2756 lbi
3377 2703 3602 2772 insuper
3638 2703 3706 2758 de
3751 2720 3844 2759 re-

2264 2788 2369 2845 bus
2400 2789 2595 2860 lgnatii
2626 2799 2874 2862 tempore
2921 2795 3165 2850 nondum
3198 2796 3435 2864 usitatis,
3486 2813 3550 2853 ac
3595 2799 3846 2869 ejusdem

2264 2883 2440 2937 natalis
2466 2883 2730 2939 doctrinae
2774 2901 2837 2941 ac
2869 2885 3174 2957 disciplina:
3201 2889 3492 2944 contrariis
3524 2898 3580 2944 et
3618 2891 3842 2959 opposi-

2263 2974 2334 3029 tis
2362 2990 2544 3030 sermo
2587 2977 2912 3033 instituitur.
2950 2978 3081 3033 Tale
3107 2987 3193 3032 est
3220 2979 3356 3033 illud
3384 2980 3531 3049 quod
3569 2980 3643 3034 ibi
3676 2982 3847 3036 indu-

2264 3069 2503 3123 bitanter
2535 3069 2858 3135 allirmatur,
2898 3069 3132 3124 Paulum
3169 3079 3226 3124 et
3271 3071 3516 3140 reliquos
3563 3073 3851 3141 apostolos

2263 3162 2468 3231 nuptiis
2503 3162 2675 3218 fuisse
2704 3163 2964 3218 sociatos.
3001 3162 3153 3218 Talia
3180 3173 3310 3219 sunt
3352 3179 3474 3234 quae
3501 3164 3569 3219 de
3597 3164 3848 3234 impera—

2262 3254 2475 3309 toribus
2503 3254 2815 3321 traduntur,
2844 3263 2899 3307 et
2925 3254 3033 3308 alia
3064 3255 3242 3324 plura,
3267 3270 3390 3324 qua:
3425 3256 3683 3311 omnibus
3713 3272 3847 3312 cum

2263 3346 2563 3411 sintobvia,
2584 3346 2650 3401 iis
2667 3346 3016 3401 recensendis
3033 3346 3238 3401 diutius
3260 3361 3369 3400 non
3397 3346 3845 3403 immorabimur.

2337 3444 2478 3500 Hinc
2531 3445 2717 3514 itaque
2765 3444 2976 3514 liquido
3027 3445 3349 3516 intelligitur
3398 3446 3545 3500 idem
3592 3447 3846 3517 epistolis

2263 3534 2457 3606 lgnatii
2504 3536 2801 3606 contigisse
2838 3536 2986 3606 quod
3032 3536 3100 3590 de
3143 3537 3262 3592 suis
3300 3536 3597 3608 Dionysius
3642 3536 3843 3593 Corin-

2186 3616 2228 3673 C
2262 3628 2414 3683 thius
2444 3629 2777 3684 memorat"o
2810 3647 2824 3683 :
2864 3647 2882 3680 ι
2918 3629 3213 3699 Epistolas,
3245 3631 3444 3699 inquit,
3482 3632 3711 3701 scripsi,
3740 3647 3841 3687 ro-

2261 3731 2446 3791 gatus,
2480 3737 2510 3776 a
2542 3722 2806 3778 fratribus
2834 3740 2847 3776 :
2873 3724 2969 3778 sed
3002 3723 3125 3779 illas
3172 3723 3407 3778 ministri
3456 3724 3678 3795 quidam
3719 3724 3845 3780 dia-

2258 3813 2369 3869 boli
2400 3815 2629 3870 zizaniis
2661 3816 3092 3886 compleverunt,
3121 3817 3372 3887 quaedam
3403 3832 3469 3872 ex
3499 3818 3604 3872 illis
3627 3832 3841 3887 expun-

2258 3915 2471 3977 gentes;
2505 3907 2754 3977 quaedam
2796 3908 3139 3977 adjicientes.
3180 3927 3200 3960 ι
3242 3906 3377 3973 Quis
3404 3916 3588 3963 autem
3627 3909 3839 3979 episto-r-

2254 3998 2336 4054 las
2368 3999 2559 4070 lgnatii
2586 4000 2991 4067 adulteraverit,
3023 4001 3327 4071 harumque
3355 4000 3838 4071 interpolationum

2254 4093 2816 4165 depravationumque
2842 4104 3035 4151 auctor
3064 4095 3260 4163 fuerit,
3293 4096 3339 4151 si
3375 4096 3644 4165 inquiras,
3683 4098 3837 4152 dice-

2252 4202 2379 4242 mus
2402 4188 2559 4244 nobis
2592 4189 2871 4257 probabile
2898 4189 3125 4245 omnino
3166 4190 3336 4245 videri
3384 4189 3538 4244 illum
3576 4191 3833 4246 eumdem

2251 4293 2396 4347 esse,
2428 4280 2523 4349 qui
2567 4279 2757 4348 lgnatii
2786 4282 3011 4338 nomine
3046 4282 3182 4336 alias
3213 4282 3515 4351 publicavit
3544 4281 3835 4352 epistolas,

2251 4372 2318 4429 de
2346 4375 2546 4444 quibus
2578 4388 2725 4430 nunc
2753 4384 2839 4431 est
2865 4374 3266 4430 disserendum.

2892 4534 3123 4591 CAPUT
3163 4535 3222 4589 ll.

2464 4658 2539 4708 ’νε
2569 4667 2712 4708 Αιιιε
2738 4668 3012 4710 EPISTOLIS
3044 4666 3262 4707 IGNATIO
3296 4667 3596 4708 ASCRIPTIS.

2251 4771 2279 4843 §
2318 4769 2356 4825 ι.
2388 4768 2641 4838 Analysis
2665 4765 3280 4843 _Imrum__epi_stolaru_m,
3329 4776 3375 4843 et
3408 4765 3582 4835 primo
3615 4766 3832 4836 quidem

2595 4837 2830 4907 epistolw
2862 4836 3052 4890 Maria:
3086 4837 3154 4889 ad
3183 4834 3476 4906 Ignatium.

2315 4956 2374 5011 In
2406 4955 2566 5011 tertia
2599 4952 2958 5024 epistolarum
2988 4948 3184 5020 lgnatii
3219 4948 3400 5005 classe
3426 4949 3547 5005 alia:
3583 4951 3829 5022 quinque

2247 5051 2609 5113 collocantur,
2641 5045 2843 5116 quibus
2875 5044 2986 5109 illa,
3018 5059 3185 5113 quam
3214 5042 3386 5099 Maria
3413 5060 3481 5100 ex
3508 5043 3829 5101 Cassobelis

2246 5144 2314 5197 ad
2344 5142 2614 5212 lgnatium
2647 5138 2933 5208 scripsisse
2959 5136 3178 5200 dicitur,
3206 5136 3261 5189 in
3296 5136 3632 5191 editionibus
3658 5135 3829 5193 Usse-

2243 5237 2335 5301 rii,
2384 5234 2589 5299 Vossii,
2625 5248 2687 5287 ac
2718 5230 2975 5287 Cotelerii
3006 5228 3226 5299 praeﬁxa
3256 5237 3360 5285 est.
3398 5227 3511 5284 Hac
3542 5238 3726 5285 autem
3769 5231 3825 5284 ir

2245 5330 2475 5401 epistola
2518 5326 2690 5383 Maria
2732 5326 3000 5398 lgnatium
3042 5324 3334 5378 certiorem
3376 5321 3513 5379 facit
3548 5321 3797 5378 Christia

2245 5440 2373 5479 nam
2406 5423 2570 5478 ﬁdem
2598 5423 2654 5477 in
2688 5421 2907 5490 regione
2935 5432 3034 5474 sua
3076 5415 3249 5471 fuisse
3280 5426 3629 5485 susceptam;
3661 5422 3831 5483 atque

2244 5518 2450 5572 idcirco
2474 5530 2599 5569 cum
2627 5515 2972 5583 deprecatur,
3006 5510 3438 5580 obtestaturque,
3462 5518 3523 5564 ut
3548 5510 3738 5564 mittat
3757 5508 3825 5562 ad

2244 5627 2303 5668 se
2326 5609 2523 5666 Marim
2554 5607 2874 5680 episcopum
2893 5603 3219 5676 Neapoleos,
3253 5601 3571 5674 Eulogium,
3598 5610 3653 5657 et
3690 5600 3827 5655 Zar-

3336 5745 3381 5779 ⁵ο
3408 5743 3588 5815 Apud.
3615 5740 3821 5799 Euseb.
