4134 6400
366 355 473 412 549

1347 356 1410 412 D.
1447 355 1737 413 NOURRII
1778 356 2239 416 DISSERTATIO
2266 392 2335 402 ——
2375 360 2558 417 PARS
2598 361 2661 416 II.

3535 367 3643 425 550

361 476 495 531 bum
538 478 919 549 presbyterum
962 498 975 535 :
1014 498 1033 532 ε
1074 478 1155 536 Nc
1193 481 1483 551 praesidiis,
1530 483 1730 553 inquit,
1777 483 1949 539 divini
1982 495 2028 554 Α
2056 485 2187 554 cipi.
2214 484 2562 555 Quapropter
2588 496 2781 542 contra
2811 496 3049 558 quatuor
3074 491 3294 547 diversa
3321 490 3465 547 circa
3488 505 3643 545 eam-

360 572 516 625 vcrhi
564 572 874 627 antistitum
924 582 978 629 et
1011 574 1530 630 administraturum
1571 576 1748 633 simus
1778 576 1954 632 desti-

358 664 486 719 tuti.
523 681 541 715 ›
574 662 800 719 Fatetur
827 666 1048 735 quidem
1080 682 1176 723 eos
1219 668 1453 738 juvenes
1486 684 1630 735 esse,
1659 670 1753 725 sed
1790 679 1953 739 negat

358 756 665 826 quidquam
712 757 762 811 ei
807 758 929 813 ideo
973 758 1092 814 fore
1123 760 1461 827 timendum;
1514 777 1639 817 cum
1689 760 1947 829 Samuel,

360 846 575 913 Daniel,
611 847 905 917 Jeremias,
942 850 1202 907 Salomon
1222 893 1238 917 ,
1270 851 1476 917 Josias,
1508 864 1562 907 et
1589 852 1760 908 David
1784 855 1839 908 in
1864 861 1950 908 te-

360 954 491 993 nera
536 938 883 1009 juvenilique
927 950 1083 997 aetate
1126 943 1312 1012 populi
1362 944 1653 999 Israelitici
1698 944 1946 1015 judices,

361 1046 539 1100 reges,
590 1041 759 1102 atque
811 1033 977 1088 etiam
1034 1035 1315 1104 propheta:
1372 1036 1657 1091 constituti
1716 1037 1943 1091 fuerint.

356 1124 525 1178 Addit
556 1141 665 1178 non
696 1126 848 1179 illum
876 1126 1128 1191 docendi,
1160 1128 1255 1183 sed
1282 1129 1563 1183 memoriae
1593 1143 1764 1184 causa
1787 1144 1847 1185 se
1869 1129 1946 1183 illi

360 1216 478 1271 haec
523 1217 777 1273 retulisse
823 1220 1093 1289 exempla.
1148 1219 1395 1291 Denique
1442 1219 1659 1291 Ignatio
1701 1230 1753 1277 et
1798 1222 1948 1278 clero

355 1310 481 1380 ejus
506 1326 634 1366 cum
667 1311 805 1377 suis,
840 1321 954 1366 tum
985 1313 1222 1368 aliorum
1270 1314 1514 1370 ﬁdelium
1542 1316 1727 1372 verbis
1755 1324 1811 1372 et
1845 1330 1949 1371 no—

358 1405 509 1460 mine
529 1405 770 1462 breviter
795 1407 1070 1474 salutatis,
1096 1407 1304 1462 claudit
1334 1409 1642 1479 epistolam.

360 1518 390 1591 ς
420 1517 487 1574 II.
516 1520 775 1591 Analysis
812 1521 1056 1597 aliarum
1075 1524 1425 1597 epistularum
1463 1540 1581 1595 qua:
1607 1526 1811 1597 Ignatii
1850 1542 1947 1581 no-

877 1595 1017 1647 mine
1039 1593 1426 1648 inscribuntur.

426 1704 672 1777 lgnatius
716 1715 941 1777 accepta
982 1706 1172 1763 Mariae
1221 1708 1474 1778 epistola,
1511 1710 1656 1767 hanc
1693 1710 1942 1765 eamdem

352 1814 464 1868 qua
511 1814 745 1869 magnas
776 1800 975 1855 animae
1004 1801 1177 1871 ipsius
1220 1802 1452 1857 virtutes
1490 1813 1806 1873 perspectas
1851 1805 1947 1860 ha-

355 1891 496 1956 buit,
552 1891 839 1961 respondit
887 1893 989 1947 sibi
1040 1893 1215 1949 fuisse
1264 1895 1658 1965 gratissimam.
1714 1896 1947 1963 Quantis

350 1998 505 2046 vero,
538 1999 662 2053 quae
690 1983 912 2054 quidem
956 1986 1340 2041 lubentissime
1368 2003 1469 2057 pro
1509 1988 1733 2043 Christo
1776 1992 1947 2059 patie-

352 2073 539 2139 batur,
582 2083 989 2131 tormentorum
1022 2079 1315 2147 generibus
1341 2089 1652 2140 vexaretur.
1681 2096 1806 2135 cum
1831 2081 1946 2136 Ma-

350 2166 450 2219 riae
478 2166 740 2237 deinceps
767 2167 1152 2238 signiﬁcasset,
1182 2180 1379 2226 cuncta
1407 2187 1529 2240 qua:
1550 2173 1942 2242 postulaverat,

351 2269 635 2330 gratanter
659 2276 719 2316 se
751 2261 1065 2331 implevisse
1091 2270 1346 2318 testatur.
1377 2263 1665 2318 Aitautem
1696 2280 1754 2320 se
1779 2266 1942 2321 etiam

351 2353 604 2421 exempla
632 2354 843 2419 omnia,
877 2369 1000 2424 qua:
1036 2369 1100 2408 ex
1131 2352 1432 2425 Scripturis
1457 2356 1630 2411 sacris
1660 2358 1940 2426 retulerat,

350 2457 461 2495 non
488 2444 610 2498 sine
634 2445 915 2514 voluptate
941 2446 1250 2512 audivisse;
1276 2463 1376 2502 nec
1403 2448 1495 2502 illa
1523 2450 1638 2518 ipsa
1656 2492 1670 2515 ,
1703 2465 1939 2520 quorum

350 2543 558 2587 certam
604 2535 673 2590 ab
709 2551 774 2590 ea
806 2536 1034 2591 haberet
1062 2538 1613 2605 demonstrationem,
1664 2542 1944 2611 putavisse

349 2625 457 2680 sibi
500 2626 554 2680 in
588 2627 782 2682 iisdem
827 2627 1129 2699 Scripturis
1157 2646 1279 2685 esse
1315 2632 1491 2686 oculis
1518 2635 1939 2702 perscrutanda.

352 2716 564 2773 Dehinc
604 2735 951 2789 quaecunque
999 2722 1065 2777 de
1118 2738 1205 2789 ea,
1253 2738 1377 2776 cum
1424 2722 1613 2779 Romae
1655 2725 1759 2780 sub
1802 2725 1942 2783 Lino

349 2813 631 2879 pontiﬁce,
678 2812 977 2869 Clementis
1032 2825 1414 2883 antecessore,
1467 2830 1939 2889 commoraretur,

350 2905 469 2974 ipse
494 2906 769 2971 audierat,
800 2923 927 2962 vera
962 2923 1118 2984 esse;
1167 2909 1428 2980 illamque
1472 2911 1711 2980 majores
1750 2922 1940 2983 postea

351 2999 407 3052 in
442 2996 757 3053 Christiana
790 2998 1128 3068 perfectione
1158 3001 1358 3057 fecisse
1403 3019 1759 3072 progressus,
1790 3014 1939 3059 certo

350 3105 413 3145 se
445 3091 735 3161 agnovisse
779 3090 1042 3146 declarat.
1077 3091 1214 3146 Hinc
1254 3104 1462 3163 quanto
1488 3110 1608 3149 eam
1648 3097 1938 3164 inviscndi,

330 3181 725 3239 nisiobstraret
740 3183 1023 3238 «militaris
1048 3184 1342 3253 custodia,»
1357 3186 1622 3258 flagrabat
1646 3188 1937 3258 desiderio,

347 3273 786 3341 aperit.lnterim
822 3290 956 3330 vero
986 3284 1049 3329 ut
1074 3290 1189 3343 eos,
1223 3278 1318 3345 qui
1347 3278 1551 3334 Christi
1598 3281 1936 3336 nativitatem
1968 3314 2009 3370 ο

347 3374 405 3419 et
429 3367 740 3434 passionem
767 3366 820 3420 in
850 3382 1017 3421 carne
1047 3368 1343 3438 negabant,
1368 3369 1562 3440 fugiat,
1589 3373 1941 3429 vehementer

347 3452 704 3506 adhortatur.
746 3453 885 3508 Tum
910 3456 1130 3511 demum
1172 3460 1262 3526 iis,
1292 3461 1386 3530 qui
1426 3461 1569 3516 sicut
1604 3463 1721 3530 ipsa
1749 3464 1941 3520 salutis

350 3558 467 3597 suae
489 3547 834 3616 satagebant,
867 3550 1250 3618 consalutatis,
1283 3553 1459 3607 eidem
1486 3555 1936 3625 presbyterorum

350 3650 580 3689 suorum
614 3652 681 3691 ac
719 3638 1103 3708 diaconorum,
1147 3644 1200 3696 in
1260 3644 1450 3712 primis
1481 3655 1663 3700 autem
1706 3645 1940 3703 Heronis

345 3738 403 3783 et
436 3727 711 3796 Cassiani,
756 3732 1117 3804 ejusdemque
1162 3751 1288 3790 cum
1331 3736 1520 3792 uxoris
1553 3746 1668 3793 tum
1700 3739 1937 3797 ﬁliorum

346 3822 573 3877 nomine
598 3824 832 3879 salutem
865 3826 1125 3895 impertit.

421 3911 673 3967 Secunda
717 3916 952 3984 epistola
1002 3917 1274 3988 Philippis
1317 3920 1384 3973 ad
1424 3918 1766 3978 Tharsenses
1811 3924 1937 3978 data

344 4012 454 4069 est,
478 4020 586 4074 qua
613 4015 805 4059 auctor
831 4023 889 4063 se
914 4024 943 4061 a
968 4009 1257 4076 militibus,
1285 4011 1491 4080 quibus
1514 4013 1805 4068 Antiochia
1826 4014 1939 4070 Ro-
1990 4084 1993 4087 _

348 4112 497 4151 mam
530 4098 852 4166 ducebatur,
881 4102 1052 4157 variis
1081 4104 1421 4159 cruciatibus
1456 4107 1723 4176 torqueri,
1749 4110 1843 4163 sed
1868 4110 1937 4164 ad

346 4189 537 4244 omnia
568 4198 840 4247 tormenta
864 4208 965 4263 pro
987 4193 1210 4250 Christo
1236 4195 1556 4266 perferenda
1590 4208 1843 4269 paratum
1879 4216 1938 4256 se

346 4293 472 4334 esse
498 4281 734 4336 nuntiat.
776 4281 885 4338 Eos
924 4284 1121 4339 deinde
1148 4285 1421 4355 obsecrat,
1455 4298 1515 4342 ut
1546 4288 1601 4342 in
1650 4288 1754 4344 ﬁde
1776 4288 1938 4347 Citri—

346 4372 527 4426 stiana
574 4372 719 4427 ﬁrmi
764 4384 1131 4443 perseverent,
1175 4386 1339 4449 atque
1384 4380 1453 4433 ab
1494 4380 1562 4434 iis
1595 4381 1932 4449 haeresibus,

342 4476 490 4530 quas
514 4462 605 4517 ille
632 4475 882 4520 recenset
911 4474 967 4520 et
992 4467 1297 4538 impugnat,
1326 4470 1519 4525 sedulo
1545 4483 1794 4538 caveant,
1837 4475 1938 4528 ad-

344 4560 555 4608 monet.
588 4554 820 4627 Insuper
860 4566 1043 4613 autem
1076 4560 1199 4616 illos
1244 4560 1517 4627 hortatur,
1552 4574 1612 4618 ut
1643 4566 1933 4635 nonnulla,

2056 578 2181 633 d'em
2208 578 2413 633 Christi
2436 579 2777 633 divinitatem
2805 591 2859 636 et
2888 583 3353 652 lncarnationem,
3371 584 3640 638 haeresum

2061 684 2265 738 genera
2315 670 2537 724 totidem
2569 670 2719 726 elicit
2760 672 3169 729 conclusiones.
3217 672 3335 727 Non
3384 672 3643 728 diﬁitetur

2056 770 2237 818 tamen
2266 762 2639 818 Antiochenos
2667 765 2738 819 ab
2772 765 2841 820 iis
2867 767 3150 822 erroribus
3177 768 3337 837 longe
3360 782 3482 821 esse
3508 765 3640 819 alie.

2054 869 2190 921 nos;
2227 840 2461 910 necalia
2492 865 2674 911 mente
2709 857 2899 913 isthaec
2921 858 2988 913 ad
3020 874 3114 914 eos
3142 874 3201 914 se
3236 859 3527 929 scripsisse
3558 858 3640 912 di-

2054 947 2148 1011 cit,
2179 945 2286 1001 nisi
2337 956 2399 1001 ut
2422 963 2616 1002 eorum
2669 948 2891 1004 animos
2938 950 3207 1005 adversus
3237 951 3473 1006 haereses
3519 959 3632 1004 tam

2052 1051 2339 1104 perversas
2365 1047 2714 1107 praeverteret
2752 1055 2818 1093 ac
2848 1043 3219 1109 praemuniret.
3248 1040 3444 1096 Subdit
3466 1056 3526 1096 se
3550 1056 3637 1105 ea,

2050 1143 2175 1197 quae
2214 1143 2457 1198 praesens
2507 1129 2744 1196 dixerat,
2788 1130 3070 1187 absentem
3113 1131 3375 1198 scribere,
3409 1131 3640 1200 illosque

2052 1217 2195 1273 Petri
2220 1228 2274 1273 et
2287 1217 2443 1272 Pauli
2459 1219 2763 1289 discipulos
2786 1218 2980 1283 fuisse,
3000 1236 3065 1275 ac
3086 1219 3355 1275 Evodium
3378 1220 3639 1275 habuisse

2049 1310 2370 1380 episcopum
2415 1318 2471 1365 et
2517 1320 2832 1381 pastorem;
2878 1313 3223 1383 proindeque
3262 1312 3467 1379 vitam,
3513 1328 3637 1382 quae

2050 1408 2328 1457 tantorum
2364 1403 2608 1457 virorum
2636 1402 2866 1458 decebat
2908 1404 3071 1466 ﬁlios,
3107 1404 3238 1473 ipsis
3267 1418 3482 1473 semper
3513 1418 3637 1459 esse

2048 1494 2337 1563 agendam.
2392 1494 2697 1566 Eapropter
2741 1499 2894 1553 varia
2940 1499 3052 1553 illis
3097 1498 3265 1552 tradit
3308 1499 3433 1552 vita:
3471 1498 3637 1552 Chri-

2048 1587 2240 1641 stianae
2266 1586 2619 1649 documenta,
2655 1604 2720 1644 ac
2751 1590 3013 1644 omnibus
3052 1599 3107 1644 et
3170 1605 3273 1645 suo
3311 1599 3365 1643 et
3399 1590 3636 1643 aliorum

2048 1677 2271 1731 nomine
2315 1678 2587 1745 salutatis,
2621 1680 2697 1734 illi
2732 1682 2953 1736 tandem
3002 1698 3166 1752 quem
3213 1682 3269 1736 in
3314 1682 3636 1752 episcopatu

2048 1769 2393 1823 Antiocheno
2444 1786 2821 1827 successorem
2870 1774 3162 1829 habiturus
3204 1782 3346 1839 erat,
3399 1774 3635 1829 salutem

2048 1859 2201 1914 dicit.

1979 1946 2020 2000 Β
2120 1951 2387 2023 Philippis
2420 1970 2640 2009 rursum
2673 1965 2898 2010 exarata
2934 1966 3019 2011 est
3050 1957 3281 2027 epistola
3324 1967 3554 2028 quarta,
3581 1966 3639 2013 et

2048 2041 2173 2097 data
2204 2044 2272 2097 ad
2299 2042 2573 2099 Heronem
2606 2047 2926 2112 diaconum,
2958 2062 3122 2117 quem
3167 2058 3359 2103 auctor
3382 2050 3636 2119 plurimis

2048 2150 2261 2190 morum
2290 2136 2555 2192 institutis
2590 2138 2662 2192 ita
2694 2140 2911 2203 imbuit,
2954 2150 3014 2194 ut
3047 2141 3304 2194 nonnulla
3339 2142 3632 2197 adversum

2046 2238 2284 2298 quatuor
2315 2230 2699 2285 haereticorum
2727 2248 2949 2302 genera,
2984 2234 3280 2288 identidem
3310 2236 3632 2292 admisceat.

2047 2319 2292 2374 Subinde
2317 2336 2443 2375 eum
2478 2324 2759 2392 quomodo
2792 2340 2822 2377 a
2853 2340 2912 2379 se
2945 2326 3212 2381 educatus
3252 2325 3440 2393 fuerit,
3478 2343 3544 2383 ac
3574 2344 3635 2384 se

2046 2411 2253 2465 imitari
2320 2424 2612 2482 oporteat,
2674 2416 3128 2483 commonefacit;
3192 2419 3635 2489 przenuntiatque

2045 2501 2223 2571 ipsum
2260 2504 2311 2557 in
2343 2506 2659 2575 episcopatu
2714 2507 3093 2574 Antioclteno,
3132 2526 3243 2580 quo
3297 2526 3355 2565 se
3401 2512 3628 2581 dignum

2044 2605 2302 2665 praestare
2332 2597 2584 2663 debebat,
2626 2600 2727 2653 sibi
2768 2600 2883 2655 fore
2910 2604 3347 2673 subrogandum.
3382 2604 3633 2661 Posthac

2044 2687 2224 2757 ipsum
2258 2689 2643 2760 episcoporum
2686 2690 2814 2757 Viti,
2863 2692 3051 2749 Damm
3086 2704 3140 2749 et
3169 2695 3382 2765 Polybii
3411 2698 3635 2752 nomine

2043 2780 2264 2845 salutat,
2299 2794 2530 2852 oratque
2561 2792 2621 2837 ut
2650 2785 2766 2839 suis
2793 2787 3035 2840 vicissim
3071 2788 3256 2842 verbis
3277 2789 3631 2859 presbyteris,

2041 2872 2311 2939 diaconis,
2344 2876 2656 2946 populoque
2683 2878 3048 2946 Antiocheno,
3092 2889 3146 2934 et
3177 2882 3504 2951 quibusdam
3532 2897 3635 2936 no-

2040 2966 2316 3031 minatim,
2351 2971 2625 3037 praecipue
2655 2986 2782 3024 vero
2820 2971 3005 3026 Mariae
3031 2988 3098 3026 ex
3128 2972 3441 3028 Cassobelis
3484 2989 3631 3028 nun-

2041 3057 2140 3113 tiet
2183 3060 2455 3127 salutem;
2494 3076 2558 3115 ac
2610 3064 2827 3117 tandem
2877 3065 3101 3132 longum
3154 3065 3231 3118 illi
3275 3066 3331 3118 in
3374 3065 3633 3120 Ecclesiae

2040 3153 2352 3219 utilitatem,
2385 3168 2612 3208 cursum
2642 3157 2766 3210 vitae
2794 3164 2945 3226 optat
2974 3165 3137 3227 atque
3165 3166 3441 3226 precatur.

2114 3266 2392 3338 Principio
2414 3258 2683 3339 ’epistola:
2730 3271 2955 3337 ultimce,
2984 3287 3105 3341 quae
3136 3272 3201 3325 ad
3254 3271 3632 3343 Philippenscs

2044 3358 2246 3413 directa
2273 3369 2374 3424 est,
2408 3370 2601 3415 auctor
2632 3377 2689 3415 se
2720 3363 2989 3428 omnium,
3025 3379 3146 3432 qua:
3173 3364 3241 3416 ab
3275 3364 3380 3419 illis
3405 3381 3633 3433 accepe-

2042 3461 2150 3515 rat,
2182 3453 2571 3507 beneliciorum
2600 3470 2896 3508 memorem
2930 3470 3053 3510 esse
3077 3456 3426 3522 testiﬁcatur,
3465 3467 3631 3527 atque

2044 3542 2111 3595 ad
2139 3559 2232 3598 eos
2260 3560 2317 3599 se
2348 3546 2489 3599 hanc
2520 3546 2728 3600 idcirco
2754 3563 3013 3602 exarasse
3044 3548 3329 3611 epistolam
3353 3593 3366 3615 ,
3411 3563 3468 3604 ut
3496 3552 3628 3620 quid

2042 3637 2188 3691 circa
2242 3636 2528 3694 Trinitatis
2581 3648 2746 3706 atque
2791 3639 3191 3697 Incarnationis
3249 3645 3507 3714 mysteria
3558 3647 3629 3699 ab

2042 3729 2297 3783 omnibus
2340 3740 2487 3785 esset
2520 3730 2877 3797 credendum,
2918 3733 3101 3801 palam
3147 3731 3374 3790 faceret.
3425 3734 3629 3791 Probat

2042 3821 2229 3891 itaque
2261 3833 2373 3877 tres
2410 3824 2460 3875 in
2499 3821 2767 3876 Trinitate
2798 3839 2919 3877 esse
2948 3839 3216 3892 personas
3240 3865 3252 3885 ,
3290 3826 3455 3879 unius
3495 3828 3624 3896 qui-

2040 3915 2161 3968 dem
2216 3916 2476 3980 nominis,
2509 3917 2865 3987 ejusdemque
2901 3917 3157 3981 honoris,
3195 3919 3287 3972 sed
3326 3934 3354 3973 a
3397 3936 3455 3975 se
3487 3921 3629 3975 invi-

2042 4020 2157 4058 cem
2201 4006 2526 4075 distinctas;
2570 4006 2852 4061 Christum
2890 4024 3021 4062 vero
3053 4025 3273 4064 carnem
3325 4011 3622 4066 humanam

2041 4112 2167 4151 vere
2197 4100 2585 4167 assumpsisse,
2619 4114 2855 4169 eumque
2883 4116 3031 4165 vere,
3068 4118 3174 4155 non
3214 4102 3335 4156 ﬁcte
3358 4112 3411 4158 et
3452 4105 3626 4159 simu-

2040 4188 2145 4242 latc
2193 4199 2499 4256 mortuum,
2556 4199 2610 4245 et
2664 4206 2694 4244 a
2747 4193 2979 4248 mortuis
3016 4194 3362 4248 suscitatum.
3429 4195 3625 4250 Subdit

2038 4283 2318 4337 diabolum
2354 4284 2589 4353 lapidem
2629 4299 2848 4339 onmem
2886 4287 3163 4353 movisse,
3200 4297 3260 4341 ut
3302 4286 3519 4343 Iudaeos
3553 4291 3624 4343 ad

2039 4377 2321 4432 Christum
2356 4378 2783 4449 crucifigendum
2833 4380 3172 4451 impelleret;
3209 4382 3305 4436 sed
3348 4398 3472 4437 cum
3522 4383 3623 4438 hac

2038 4469 2212 4539 ipsius
2242 4478 2419 4525 morte
2448 4480 2649 4525 certam
2682 4473 2979 4542 perniciem
3023 4475 3359 4544 exitiumque
3395 4475 3498 4529 sibi
3538 4474 3623 4528 in-

2038 4559 2169 4613 ferri
2218 4561 2502 4626 sensisset,
2540 4569 2671 4616 tunc
2722 4562 2875 4615 illum
2908 4563 3037 4617 totis
3088 4563 3322 4629 viribus,
3359 4565 3622 4634 omnique

342 4661 472 4716 quae
518 4657 691 4716 notat,
725 4650 855 4705 vitia
901 4650 1141 4722 fugiant;
1176 4668 1241 4707 ac
1269 4655 1613 4709 continenter
1656 4657 1923 4715 omnibus

2042 4660 2237 4707 conatu
2279 4651 2480 4705 frustra
2530 4653 2659 4708 huic
2710 4655 2873 4707 morti
2926 4653 3224 4709 obstitisse.
3278 4653 3619 4723 Quapropter

344 4738 643 4808 cujuslibet
682 4741 1018 4797 conditionis
1060 4743 1382 4801 hominibus
1410 4747 1563 4800 varia
1600 4748 1764 4801 tradit
1806 4749 1933 4805 vitae

342 4846 676 4902 morumque
699 4843 989 4905 prmcepta.
1024 4834 1267 4892 Tandem
1292 4847 1353 4893 ut
1384 4838 1555 4895 Deum
1581 4855 1681 4911 pro
1707 4857 1766 4896 se
1796 4856 1933 4897 exo-

342 4930 491 4990 rent,
521 4934 706 4995 rogat;
735 4927 980 4998 ipsisque
1003 4939 1294 5000 postquam
1322 4928 1620 4987 Ecclesiam
1643 4949 1797 4989 suam
1825 4934 1932 4990 An-

341 5014 660 5070 tiochenam
686 5019 1148 5089 commendasset,
1189 5023 1357 5078 variis
1383 5025 1805 5083 salutationibus
1834 5028 1932 5083 ab-

314 5094 326 5105 ’
343 5107 514 5161 solvit
540 5109 850 5177 epistolam.

319 5189 324 5194 ’
417 5197 603 5254 Tertia
642 5202 710 5257 ad
746 5203 1123 5261 Antiochenos
1152 5207 1383 5273 directa,
1409 5209 1676 5280 Philippis
1706 5225 1928 5282 quoque

342 5289 550 5358 scripta
581 5300 683 5346 est.
720 5291 777 5346 ln
806 5310 868 5349 ea
896 5308 1112 5363 auctor,
1141 5313 1207 5352 ex
1238 5314 1349 5368 quo
1389 5316 1579 5369 pacem
1612 5301 1718 5355 illis
1744 5302 1932 5356 reddi-

342 5389 457 5433 tam
492 5383 817 5453 acccpisset,
846 5403 945 5442 sua
974 5390 1078 5444 sibi
1104 5390 1323 5445 vincula
1354 5391 1489 5445 levia
1519 5400 1573 5446 et
1600 5400 1819 5463 portatu
1844 5391 1927 5447 fa-

341 5472 471 5526 cilia
494 5488 615 5529 esse
644 5478 952 5545 proﬁtetur.
983 5479 1110 5538 Illos
1148 5492 1331 5538 autem
1363 5485 1638 5550 obsecrat,
1668 5501 1736 5541 ne
1759 5487 1929 5541 variis

340 5565 654 5633 gentilium,
696 5570 791 5639 qui
833 5572 1018 5642 plures
1048 5576 1180 5631 deos
1222 5575 1564 5645 adorabant;
1603 5593 1783 5649 neque
1827 5577 1928 5632 Ju-

339 5656 610 5723 da:orum,
643 5660 736 5727 qui
764 5678 937 5717 unum
973 5673 1185 5720 tantum
1215 5682 1337 5722 esse
1370 5669 1652 5724 credentes
1676 5711 1693 5729 .
1724 5669 1925 5723 divini-

340 5757 509 5803 tatem
546 5748 751 5809 Christi
782 5756 1075 5826 negabant,
1121 5760 1403 5831 patiantur
1433 5777 1490 5817 se
1515 5761 1800 5819 erroribus
1827 5761 1924 5819 de-

2041 4743 2319 4800 diabolum
2356 4744 2516 4815 longa
2546 4747 2878 4816 apostrophe
2914 4747 3236 4817 alloquitur,
3267 4748 3620 4818 ostenditque

2042 4837 2225 4891 varios
2257 4837 2325 4891 ab
2351 4853 2418 4892 eo
2449 4838 2515 4892 de
2546 4837 2753 4892 Christi
2797 4838 3083 4893 divinitate
3116 4847 3169 4893 et
3202 4838 3580 4895 incarnatione
3600 4883 3617 4907 ,

2040 4942 2227 4982 secum
2266 4928 2500 4984 invicem
2552 4938 2877 4999 pugnantes,
2926 4930 3084 4986 malis
3142 4930 3352 4984 artibus
3397 4946 3621 4987 errores

2038 5021 2457 5087 disseminatos;
2486 5022 2579 5076 sed
2621 5022 2697 5075 illi
2729 5022 2906 5091 plura,
2938 5037 3060 5092 quae
3091 5035 3357 5087 recenset,
3394 5023 3462 5076 de
3499 5023 3629 5093 ipso

2036 5112 2435 5168 Incarnationis
2484 5115 2746 5182 mysterio
2790 5112 2962 5168 fuisse
2996 5114 3335 5183 incomperta
3386 5114 3619 5168 demon-

2034 5214 2192 5261 strat.
2221 5204 2353 5261 Post
2382 5206 2523 5259 hanc
2556 5215 2735 5260 autem
2758 5205 2961 5259 diaboli
2995 5206 3399 5275 apostrophen,
3429 5206 3482 5259 in
3508 5222 3617 5277 qua

2032 5297 2154 5353 fuse
2184 5298 2249 5353 de
2275 5299 2453 5353 tribus
2480 5297 2683 5353 Christi
2726 5298 2779 5351 in
2812 5298 3030 5354 deserto
3061 5300 3457 5355 tentationibus
3505 5301 3619 5353 dis-

2034 5392 2188 5458 serit,
2216 5392 2475 5446 nonnulla
2511 5392 2579 5446 de
2610 5391 2877 5446 festorum
2909 5391 3123 5459 diebus,
3154 5391 3613 5461 Quadragesima,

2031 5481 2321 5551 Paschate,
2357 5500 2420 5539 ac
2448 5484 2513 5539 de
2552 5494 2699 5539 recta
2726 5484 2942 5538 vivendi
2986 5484 3201 5538 ratione
3244 5483 3444 5536 ibidem
3484 5481 3616 5536 sub-

2034 5576 2221 5630 nectit.
2250 5574 2456 5630 Dehinc
2486 5576 2883 5630 Antiochenam
2914 5574 3214 5629 Ecclesiam
3248 5571 3615 5642 Philippensi-

2035 5668 2136 5723 bus
2172 5668 2542 5735 commendat,
2580 5668 2855 5739 variisque
2896 5667 3321 5724 salutationibus
3374 5665 3611 5730 additis,

2033 5760 2174 5818 hanc
2197 5760 2481 5833 epistolam
2508 5761 2654 5818 circa
2686 5760 2978 5833 Rhegium,
3011 5776 3136 5818 cum
3167 5760 3280 5832 jam
3316 5758 3441 5814 navi
3480 5759 3613 5815 Iub-
