4134 6386
539 312 632 370 551

1618 309 1675 365 S.
1718 305 2063 364 IGNATIUS.
2104 339 2173 347 —-
2212 304 2743 360 PROLEGOMENA.

3697 302 3801 355 55!

537 436 820 492 vehendus
866 446 1047 501 esset,
1096 450 1154 490 se
1201 434 1419 489 dedisse
1466 434 1811 490 testificatur.
1871 432 2113 500 Denique
2142 440 2186 495 Α
2216 437 2320 494 ret,
2352 438 2406 483 et
2435 443 2559 482 cum
2594 428 2709 497 ipse
2730 421 2985 477 essetsub
3007 443 3025 476 ι
3049 422 3272 477 militari
3303 420 3607 486 custodia,»
3630 418 3802 484 idest,

537 543 664 581 cum
700 528 932 581 salutem
984 524 1256 595 corporis,
1307 525 1506 578 anima:
1554 532 1609 577 et.
1656 523 1883 592 spiritus
1923 521 2114 575 iisdem

535 617 976 697 Philippensibus
1007 624 1271 686 optasset,
1307 614 1592 685 epistulam
1629 615 1901 684 obsignat.

1145 788 1375 846 CAPUT
1416 790 1503 842 Ill.

537 925 816 964 PROBATUR
851 924 949 963 HAS
979 922 1151 961 OMNES
1178 920 1469 960 EPISTOLAS
1500 918 1696 957 FALSAS
1725 917 1852 957 εεδε
1885 918 1955 956 ΕΤ
1990 917 2114 956 SUB-

1196 992 1456 1030 DITITIAS.

539 1097 568 1168 ς
612 1096 654 1150 1.
700 1094 972 1149 Probatur
1021 1094 1118 1168 [ius
1153 1090 1661 1168 omnes-generatim
1706 1087 1962 1157 epistolas
2006 1102 2118 1141 esse

1005 1164 1173 1233 falsas
1205 1173 1254 1216 et
1295 1162 1648 1214 adulterinas.

608 1282 721 1338 Has
754 1298 947 1336 omnes
973 1280 1236 1348 epistolas
1261 1277 1575 1332 subdititias
1614 1291 1758 1340 esse,
1796 1274 2118 1346 lgnatioque

535 1386 726 1432 nostro
753 1388 1036 1444 perperam
1063 1373 1350 1441 ascriptas,
1383 1371 1550 1425 variis
1581 1372 1854 1424 rationum
1881 1383 2119 1422 momen-

533 1469 629 1533 tis,
662 1481 785 1535 quae
814 1480 909 1519 eas
937 1462 1237 1517 universint
1270 1461 1699 1531 singulatimque
1733 1466 2011 1528 spectant,
2039 1456 2119 1510 fa-

533 1560 640 1613 cile
690 1557 1059 1613 convincitur.
1109 1553 1293 1609 Primo
1321 1553 1469 1607 enim
1519 1552 1811 1616 Eusebius,
1850 1549 2117 1619 llierony-

535 1667 682 1713 mus,
730 1650 935 1720 aliique
984 1648 1282 1717 scriptores
1331 1646 1690 1700 eruditissimi
1730 1660 1826 1699 eas
1876 1652 2117 1697 tantum-

535 1744 701 1798 modo
734 1742 1018 1813 epistolas,
1052 1756 1176 1811 quaa
1206 1741 1261 1793 in
1284 1739 1617 1794 editionibus
1642 1735 1851 1792 Usserii
1896 1744 1951 1789 et
1976 1733 2116 1789 Vos-

533 1838 600 1893 sii
631 1837 980 1901 exhibentur,
1009 1834 1216 1903 lgnatio
1265 1830 1602 1901 adjudicant.
1647 1827 1719 1882 At
1761 1828 1806 1882 si
1840 1842 1962 1896 qua:
1994 1826 2113 1880 alia:

531 1930 602 1984 ab
643 1944 711 1985 eo
752 1936 938 1983 essent
977 1926 1215 1995 scriptae,
1249 1933 1527 1977 tantorum
1585 1919 1836 1990 profecto
1867 1919 2111 1973 virorum

532 2036 723 2076 curam
755 2030 809 2075 et
850 2019 1211 2090 diligentiam,
1253 2014 1740 2084 summumquein
1774 2011 2113 2081 investigan-

530 2115 616 2169 dis
644 2113 888 2183 priorum
926 2110 1182 2166 Ecclesiae
1207 2108 1427 2161 Patrum
1460 2102 1939 2160 lucubrationibus
1963 2103 2118 2156 labo-

531 2221 645 2261 rem
670 2220 780 2259 non
814 2203 1101 2274 fugissent,
1130 2216 1230 2255 nec
1259 2209 1369 2254 tam
1397 2198 1508 2252 alto
1534 2196 1754 2253 silentio
1783 2195 1854 2250 ab
1879 2194 1959 2250 eis
1980 2193 2115 2249 fuis-

530 2305 657 2352 sent
683 2294 1090 2366 praetermissae.

600 2389 890 2453 Praeterea,
943 2386 998 2441 id
1046 2399 1267 2455 quoque
1312 2383 1511 2454 probat
1559 2382 1701 2437 idem
1734 2380 1980 2435 omnium
2016 2378 2115 2432 ha-

530 2497 721 2538 rumce
754 2480 1112 2550 cpistolarum
1144 2478 1341 2548 stylus,
1367 2477 1435 2529 ab
1465 2467 1773 2546 lgnatiano,
1805 2487 1968 2543 quem
2014 2489 2115 2525 au-

529 2585 651 2630 ctor
679 2573 886 2627 frustra
917 2572 1119 2625 imitari
1147 2579 1379 2623 conatus
1404 2579 1508 2634 est,
1534 2567 1761 2621 omnino
1788 2567 2021 2620 alienus.

604 2667 845 2737 Denique
875 2666 1115 2718 maxima
1142 2673 1226 2718 est
1258 2665 1357 2717 has
1394 2662 1535 2715 inter
1565 2661 1828 2731 epistolas
1857 2658 2113 2727 cognatio

528 2768 585 2815 et
615 2756 907 2813 connexio.
946 2754 1083 2808 Nam
1122 2753 1387 2818 secunda,
1433 2753 1590 2806 tertia
1619 2760 1673 2805 et
1701 2758 1899 2820 quarta
1931 2766 1997 2803 ex
2027 2765 2116 2803 ea-

528 2853 654 2907 dem
694 2849 1033 2918 Philippensi
1068 2849 1205 2902 urbe
1248 2847 1391 2901 datae
1431 2846 1708 2915 leguntur,
1737 2854 1792 2898 ct
1835 2844 1887 2897 in
1914 2854 2113 2913 quarta

533 2945 702 2999 Maria
737 2960 803 2998 ex
829 2941 1163 3005 Cassobelis,
1195 2940 1263 2994 ad
1296 2954 1461 3009 quam
1492 2939 1669 3008 prima
1702 2937 1934 3008 epistola
1976 2938 2113 2992 scri-

528 3049 620 3109 pta
670 3048 777 3101 est,
830 3033 1153 3089 nominatim
1189 3032 1480 3087 salutatur.
1518 3030 1575 3086 Si
1617 3047 1750 3100 ergo
1775 3046 1883 3086 una
1924 3046 1990 3085 ex
2025 3030 2112 3086 his

527 3131 797 3202 epistolis,
828 3130 908 3185 sic
940 3129 1044 3184 sibi
1080 3128 1313 3183 invicem
1346 3126 1634 3189 connexis,
1668 3124 1977 3180 adulterina
2014 3123 2105 3185 sit,
2136 3167 2179 3226 C

526 3233 582 3279 ct
605 3224 740 3277 alias
766 3236 988 3291 quoque
1010 3235 1202 3275 omnes
1232 3218 1571 3273 adulterinas
1592 3224 1969 3286 esse’oportet.
1985 3214 2107 3269 Jam

527 3317 711 3384 itaque
744 3330 855 3368 non
896 3328 1063 3367 unam
1110 3319 1346 3377 tantum,
1382 3311 1478 3367 sed
1508 3325 1700 3365 omnes
1728 3308 2067 3364 adulterinas
2090 3348 2107 3373 ,

528 3409 697 3463 falsas
727 3415 779 3461 et
832 3405 1148 3476 suppositas
1202 3418 1324 3461 esse
1384 3403 1700 3474 singulatim
1762 3401 2105 3473 probandum

523 3511 626 3555 est.

530 3634 558 3706 §
604 3633 668 3689 11.
700 3630 1218 3706 ΕρὶξιοιαεηΜᾳνξέε
1246 3645 1311 3706 ea:
1361 3628 1658 3685 Cassobelis
1712 3628 1782 3706 ad
1833 3626 2107 3699 lgnatium

719 3701 770 3758 et
805 3704 1005 3775 lgnatii
1036 3704 1105 3756 ad
1141 3701 1374 3755 Mariam
1402 3717 1514 3755 esse
1544 3702 1867 3770 suppositas.

594 3838 839 3894 Primum
869 3839 1158 3909 epistolam
1187 3836 1373 3892 Mariae
1397 3853 1464 3892 ex
1491 3837 1807 3892 Cassobelis
1844 3836 1910 3891 ad
1950 3836 2110 3908 lgna-

525 3932 684 3992 tium,
712 3939 768 3985 et
799 3930 995 4002 lgnatii
1031 3930 1097 3984 ad
1138 3928 1365 3983 Mariam
1404 3930 1817 3997 responsionem
1847 3930 2107 3984 adulteri-

525 4037 627 4077 nas
647 4037 773 4077 esse
794 4022 919 4076 inde
948 4022 1397 4086 demonstratur;
1422 4022 1570 4090 quod
1605 4020 1777 4075 Maria
1807 4037 1931 4090 qua-
1952 4022 2108 4091 lgna-

526 4113 662 4167 tium
685 4112 931 4168 omnium
960 4111 1403 4166 Christianorum
1438 4113 1664 4166 nomine
1687 4113 1892 4166 salutat
1910 4153 1925 4176 ,
1950 4114 2018 4167 ab
2042 4129 2108 4167 eo

525 4215 707 4259 tamen
731 4213 790 4257 ut
814 4202 1007 4257 Marim
1029 4210 1084 4256 et
1114 4201 1426 4273 Eulogium,
1448 4203 1575 4256 licet
1597 4202 1848 4272 juvenes,
1873 4205 2107 4258 alterum

525 4312 639 4352 sua:
663 4295 967 4365 Neapoleos
1000 4292 1340 4364 epiScopum,
1379 4295 1609 4349 alterunt
1636 4295 2011 4364 presbyterum
2038 4297 2106 4351 ad

524 4403 641 4444 sua:
671 4389 854 4443 mittat
880 4386 1138 4443 Ecclesia:
1167 4388 1724 4453 administrationem,
1756 4404 1856 4443 sua
1892 4390 2006 4444 sola
2042 4405 2107 4445 ac

2221 538 2345 579 cum
2373 522 2438 578 ad
2472 520 2797 591 martyrium
2823 520 3135 573 duceretur.
3178 516 3247 571 At
3284 530 3445 569 nemo
3470 526 3553 568 est
3578 514 3671 582 qui
3711 528 3798 568 ne—

2218 616 2357 670 sciat
2405 614 2673 686 lgnatium
2716 612 2881 683 longo
2920 620 3045 682 post
3090 609 3387 666 Clementis
3426 606 3802 679 pontiﬁcatum

2219 716 2464 777 tempore
2487 703 2756 775 martyrio
2788 702 2961 757 fuisse
2991 708 3339 756 coronatum.

2342 821 2371 891 §
2395 818 2482 873 lll.
2522 819 2672 872 Alias
2703 832 2904 888 quoque
2928 814 3177 886 epistolas
3202 830 3312 869 esse
3335 813 3689 868 adulterinas.

2291 934 2534 1004 Epistula
2562 932 2803 989 secunda
2850 947 3004 987 suam
3029 944 3249 1001 quoque
3294 927 3588 983 falsitatem
3621 933 3806 995 aperte

2218 1023 2437 1094 prodit;
2488 1022 2543 1075 in
2582 1036 2647 1077 ea
2693 1020 2960 1091 siquidem
3017 1030 3211 1074 auctor
3253 1018 3506 1074 haeresim
3562 1017 3803 1080 Sabeﬂli,

2218 1129 2341 1181 qua:
2381 1111 2574 1182 lgnatii
2615 1122 2861 1181 tempore
2904 1110 3151 1165 nondum
3196 1108 3377 1164 fuerat
3423 1108 3805 1173 disseminata,

2219 1221 2329 1260 non
2357 1206 2593 1260 obscure
2617 1203 2943 1259 confutavit.

2292 1296 2496 1351 Deinde
2536 1295 2744 1350 Paulus
2783 1295 2890 1348 hoc
2933 1292 3050 1348 solo
3105 1292 3349 1358 nomine,
3394 1291 3699 1359 Apostolus,
3731 1291 3806 1345 ibi

2219 1388 2494 1442 laudatur.
2539 1386 2706 1457 Atqui
2748 1398 2874 1439 eum
2912 1382 3105 1453 Ignatii
3138 1392 3383 1452 tempore
3411 1398 3477 1438 co
3506 1398 3604 1452 per
3642 1392 3807 1436 anto-

2219 1481 2523 1536 nomasiam
2556 1479 2883 1551 COgnomine
2915 1476 3089 1533 fuisse
3117 1476 3471 1546 appellatum,
3520 1490 3649 1530 vero
3697 1492 3806 1529 non

2217 1572 2433 1627 videtur
2456 1572 2654 1627 simile.

2290 1663 2522 1718 Falsitas
2552 1662 2726 1718 tertia:
2771 1662 3020 1732 epistolas
3052 1660 3179 1715 inde
3212 1660 3483 1730 arguitur,
3514 1659 3660 1731 quod
3694 1660 3809 1713 An-

2148 1793 2189 1848 B
2221 1756 2476 1810 tiochena
2504 1753 2746 1809 Ecclesia
2778 1762 3005 1808 vocetur
3037 1772 3050 1806 :
3100 1771 3119 1803 ε
3163 1750 3369 1807 Christi
3396 1766 3538 1807 nova
3566 1752 3733 1815 oliva,
3785 1772 3801 1801 ι

2217 1856 2272 1902 et
2300 1846 2463 1916 paqu
2510 1855 2632 1915 post
2666 1844 2996 1899 Antiocheni
3028 1842 3248 1899 Petrum
3282 1853 3336 1897 et
3362 1842 3593 1898 Paulum
3628 1843 3807 1915 magi-

2215 1948 2385 2002 stros,
2420 1936 2689 1990 Evodium
2717 1951 2847 1990 vero
2875 1936 3194 2005 episc0pum
3229 1935 3489 1993 habuisse
3524 1934 3805 1991 dicuntur.

2216 2028 2322 2085 Sed
2352 2028 2576 2083 Petrum
2627 2042 2775 2082 anno
2820 2027 3025 2083 Christi
3059 2028 3129 2083 39
3164 2026 3517 2083 Antiochiam
3561 2029 3804 2092 venisse,

2216 2122 2404 2192 ibique
2451 2121 2757 2176 Ecclesiam
2812 2119 3101 2185 fundasse,
3149 2128 3315 2191 atque
3367 2121 3501 2175 illnc
3550 2119 3805 2186 Paulum,

2214 2214 2416 2271 comite
2454 2212 2728 2277 Barnaba,
2761 2212 3110 2279 adventasse,
3142 2212 3361 2282 scriptis
3390 2212 3655 2267 traditum
3698 2222 3803 2267 est.

2213 2306 2336 2373 Quo
2357 2318 2488 2374 ergo
2534 2313 2693 2373 pacto
2736 2304 2855 2360 haec
2899 2302 3090 2358 eadem
3130 2301 3378 2359 Ecclesia
3416 2303 3561 2358 circa
3599 2318 3807 2359 annum

2216 2396 2344 2462 108,
2369 2411 2479 2465 quo
2502 2394 2746 2466 lgnatius
2773 2395 2841 2449 ad
2879 2394 3206 2466 martyrium
3234 2394 3583 2465 properabat,
3628 2398 3810 2466 potuit

2222 2507 2241 2540 ι
2277 2488 2485 2543 Christi
2511 2502 2652 2541 nova
2675 2487 2821 2541 oliva
2857 2506 2876 2540 ι
2904 2486 3201 2558 appellari?

2286 2580 2554 2636 Praeterea
2625 2592 2819 2637 auctor
2892 2579 3095 2635 ibidem
3149 2580 3351 2635 salutat
3400 2578 3799 2645 subdiaconos,

2216 2679 2468 2737 lectores,
2495 2682 2772 2743 cantores,
2806 2672 3090 2739 ostiarios,
3115 2671 3452 2737 laborantes,
3483 2673 3806 2735 exon-cistas,

2214 2762 2473 2817 custodes
2520 2773 2837 2817 sanctarum
2868 2770 3175 2833 portarum,
3206 2773 3311 2816 etc.
3340 2760 3505 2831 Atqui
3522 2761 3680 2832 juxta
3708 2762 3808 2818 do-

2213 2854 2589 2910 ctissimorum
2621 2855 2940 2910 criticorum
2971 2854 3302 2910 sententiam
3355 2854 3411 2907 hi
3447 2855 3688 2922 ordines,
3715 2870 3811 2910 eo-

2213 2959 2451 3015 rumque
2482 2945 2709 3000 nomina
2752 2945 2932 3014 primo
2983 2944 3241 3000 Ecclesia
3282 2945 3483 2999 saeculo
3531 2945 3809 3016 incognita

2215 3033 2458 3091 luerunt.
2491 3035 2757 3101 Quamvis
2777 3046 2961 3091 autem
2998 3035 3246 3106 quidam,
3276 3036 3443 3091 variis
3484 3034 3811 3091 Laodiceme

2215 3128 2432 3199 synodi,
2472 3126 2784 3197 Epiphanii,
2833 3128 3413 3198 Constitutionumquc
3475 3128 3809 3198 apostolica-

2210 3235 2336 3275 rum
2396 3220 2765 3286 testimoniis,
2819 3220 3109 3291 diligenter
3149 3221 3486 3291 ponderatis,
3511 3222 3806 3292 originem,

2211 3312 2543 3384 initiumque
2575 3314 2774 3367 horum
2805 3314 3085 3379 ordinum,
3135 3314 3272 3369 nulli
3328 3315 3597 3370 hactenus
3648 3330 3807 3370 com-

2209 3414 2363 3477 perta
2395 3405 2567 3460 fuisse
2590 3414 2877 3471 asseram;
2913 3406 3043 3460 illud
3072 3418 3256 3461 tamen
3287 3417 3498 3461 certum
3522 3414 3609 3462 est
3634 3407 3805 3476 quod,

2210 3497 2258 3553 si
2284 3496 2477 3568 lgnatii
2509 3507 2753 3567 tempore
2801 3498 3026 3568 quidam
3103 3499 3174 3554 iis
3234 3498 3521 3552 ordinibus
3569 3497 3806 3552 fuissent

2210 3588 2431 3654 initiati,
2455 3588 2545 3642 ille
2577 3588 2632 3641 in
2661 3588 2806 3643 veris
2845 3588 2962 3644 suis
2988 3588 3235 3658 epistolis
3278 3588 3520 3659 aliquam
3561 3589 3801 3653 illorum,

2211 3682 2373 3739 sicuti
2402 3681 2675 3751 virginum
2700 3690 2756 3735 et
2782 3682 3095 3749 viduarum,
3124 3681 3345 3738 fecisset
3374 3682 3729 3737 mentionem.

2280 3772 2436 3840 Quod
2470 3774 2523 3826 in
2554 3782 2750 3843 quarta
2802 3774 3031 3843 epistola
3078 3774 3277 3844 legitur
3314 3772 3657 3838 Onesimum,
3698 3772 3806 3828 Da-

2211 3880 2357 3919 mam
2389 3875 2442 3920 et
2473 3864 2759 3937 Polybium
2792 3866 2859 3920 ad
2902 3865 3171 3936 lgnatium
3216 3864 3560 3919 invisendum
3585 3864 3640 3919 in
3672 3863 3804 3919 Phi-

2210 3958 2511 4028 lippensem
2541 3957 2729 4011 urbem
2778 3971 2836 4011 se
2875 3956 3197 4023 contulisse,
3235 3956 3288 4010 id
3338 3956 3629 4011 falsitatem
3677 3956 3803 4026 ejus

2209 4048 2501 4104 manifeste
2527 4050 2788 4105 declarat.
2821 4047 2898 4102 Ex
2924 4050 3178 4118 genuinis
3201 4050 3350 4103 enim
3376 4048 3570 4119 lgnatii
3598 4049 3806 4119 episto-

2209 4137 2277 4192 lis
2330 4148 2441 4193 tres
2494 4139 2616 4193 illos
2662 4140 2952 4209 episcopos
3002 4139 3069 4192 ad
3124 4138 3399 4210 lgnatium
3445 4139 3800 4195 salutandum

2211 4226 2502 4300 Smyrnam
2530 4232 2745 4285 venisse
2772 4229 3062 4285 discimus.
3104 4231 3175 4285 At
3208 4231 3429 4285 eosdem
3458 4232 3803 4300 persecutio-

2209 4339 2342 4377 num
2394 4332 2638 4393 tempore
2683 4323 2874 4378 eadem
2928 4338 3124 4378 rursus
3178 4323 3245 4378 de
3280 4338 3450 4378 causa
3492 4322 3562 4378 ad
3606 4324 3802 4379 urbem

2207 4415 2616 4486 Philippensem
2672 4417 3019 4484 adventasse,
3082 4416 3240 4485 nulli,
3284 4426 3344 4472 ut
3380 4424 3661 4487 putamus,
3710 4419 3805 4472 fiet

523 4481 737 4552 privata
769 4481 1099 4535 auctoritate
1128 4481 1411 4550 postulat;
1446 4480 1612 4550 idque
1647 4479 1887 4551 lgnatius
1918 4481 1995 4535 illi
2024 4482 2107 4535 ul-
2137 4506 2181 4560 υ
2209 4479 2490 4563 credibile.

524 4583 609 4628 tro
634 4574 903 4629 concedit.
937 4572 1093 4639 Quod
1125 4589 1261 4629 sane
1300 4584 1565 4643 Quantum
1599 4575 1723 4629 usui
1754 4575 2110 4647 moribusque

522 4666 743 4721 illorum
775 4676 1084 4735 temporum
1113 4668 1452 4721 contrarium
1478 4668 1569 4733 sit,
1595 4683 1758 4722 nemo
1796 4683 1904 4722 non
1935 4671 2106 4725 videt.

593 4756 867 4823 Secundo,
896 4756 1065 4811 Maria
1093 4768 1154 4813 ut
1174 4757 1419 4828 lgnatius
1443 4760 1733 4829 postulatis
1754 4762 1870 4816 suis
1892 4777 2105 4817 annue—

519 4858 623 4913 ret,
668 4850 820 4904 varia
875 4848 1082 4918 profert
1129 4848 1428 4919 Scriptura:
1487 4866 1659 4906 sacrae
1706 4854 1988 4923 exempla,
2038 4854 2107 4909 de

519 4956 756 5009 quorum
788 4941 1019 4996 veritate
1042 4956 1108 4997 ex
1157 4942 1274 4997 sola
1318 4943 1439 5014 ejus
1474 4946 1763 5011 relatione,
1797 4963 1899 5002 nec
1928 4944 2107 5017 perle-

519 5032 624 5088 ctis
654 5032 949 5104 Scriptura-
978 5037 1218 5105 paginis,
1260 5052 1541 5108 nunquam
1585 5039 1676 5095 ille
1714 5055 1774 5095 se
1821 5041 2105 5097 dubitasse

519 5134 771 5181 testatur.
808 5125 945 5193 Quis
974 5137 1155 5183 autem
1191 5130 1378 5185 credat
1410 5130 1680 5202 lgnatium
1709 5136 1956 5204 exempla
1989 5136 2101 5203 illa,

518 5233 642 5287 quae
679 5218 862 5275 nullus
903 5219 959 5274 in
1007 5220 1311 5293 Scripturis
1358 5239 1467 5278 non
1507 5226 1734 5279 omnino
1782 5227 2102 5298 peregrinus

520 5309 757 5379 ignorat,
798 5312 883 5366 vel
914 5313 1178 5378 nescisse,
1224 5314 1307 5369 vel
1338 5317 1602 5371 memoria
1646 5332 1755 5372 non
1783 5319 2097 5382 retinuisse,

520 5410 684 5471 atque
728 5404 882 5459 illum
927 5413 1078 5461 tanta
1108 5406 1455 5478 simplicitate
1499 5423 1718 5466 omnem
1755 5410 1975 5467 mulieri
2019 5428 2103 5469 as-

520 5492 720 5548 serenti
748 5494 1010 5552 tribuisse
1031 5497 1215 5553 ﬁdem.

588 5583 793 5652 Tertio,
836 5588 1041 5644 Auctor
1086 5589 1321 5646 afﬁrmat
1358 5607 1418 5647 se
1463 5593 1604 5649 hanc
1640 5594 1933 5665 scripsisse
1977 5598 2095 5667 epi-

522 5679 734 5747 stolam,
764 5696 888 5736 cum
913 5680 1164 5738 Clemens
1195 5682 1497 5742 Romanam
1543 5688 1689 5744 Petri
1730 5688 1914 5746 sedem
1942 5699 2095 5748 tene-

589 5794 635 5828 “
659 5790 829 5861 Epist.
865 5798 936 5851 ad
959 5798 1206 5854 Antioch.

2278 4598 2548 4654 Praeterea
2578 4598 2801 4669 quidam
2859 4598 3293 4658 Manichaeorum
3333 4617 3573 4669 errores,
3606 4617 3804 4673 nempe

2205 4706 2453 4756 carnem,
2486 4691 2698 4757 vinum,
2746 4690 2981 4748 feminas
3019 4694 3371 4749 detestabiles
3418 4703 3473 4749 et
3504 4709 3800 4751 exsecran-

2204 4781 2339 4848 das;
2388 4782 2724 4838 damnandas
2763 4783 3019 4854 nuptias;
3072 4785 3246 4856 legem
3286 4795 3341 4841 et
3379 4786 3697 4857 prophetas,
3747 4788 3802 4841 id

2201 4882 2287 4928 est
2328 4869 2499 4927 Vetus
2528 4870 2940 4929 Testamentum
2990 4890 3114 4931 esse
3145 4875 3527 4946 rejiciendum,
3561 4878 3637 4934 ibi
3668 4896 3803 4935 exa-

2210 4964 2458 5033 gitantur
2496 4976 2553 5020 et
2594 4964 2927 5022 refutantur.
2976 4965 3094 5024 Huc
3158 4970 3369 5026 accedit
3417 4971 3563 5041 quod
3607 4984 3802 5028 auctor

2206 5056 2435 5111 Mariam
2494 5073 2563 5113 ex
2611 5058 2951 5127 Cassobelis,
3002 5077 3124 5131 qua:
3169 5063 3237 5118 ad
3299 5060 3591 5134 lgnatium,
3630 5076 3686 5121 et
3731 5069 3798 5121 ad

2205 5164 2370 5219 quam
2433 5149 2674 5220 lgnatius
2732 5153 3017 5223 epistolam
3069 5154 3359 5224 scripsisse
3406 5155 3603 5223 fertur,
3641 5158 3800 5228 jubet

2205 5242 2322 5296 suis
2358 5244 2537 5299 verbis
2588 5245 2837 5301 salutari.
2882 5246 2951 5301 At
2986 5256 3279 5318 utramque
3328 5249 3472 5305 hanc
3505 5250 3796 5321 epistolam

2204 5333 2567 5389 adnlterinam
2591 5351 2713 5392 esse
2737 5337 2849 5407 jam
2877 5340 3398 5397 demonstravimus.

2281 5426 2483 5483 Ultima
2516 5446 2737 5501 quoque
2760 5433 2991 5502 epistola
3016 5434 3297 5491 evidentes
3329 5444 3658 5506 apertasque
3684 5452 3795 5507 prae

2209 5532 2269 5572 se
2300 5517 2405 5573 fert
2447 5518 2704 5577 falsitatis
2742 5530 2902 5577 notas
2929 5531 2983 5577 et
3012 5524 3604 5582 charactares.Prolixa
3634 5542 3793 5582 nam-

2205 5623 2313 5677 que
2335 5610 2403 5663 ad
2429 5610 2730 5667 daemonem
2764 5612 3025 5669 allocutio
3047 5625 3103 5670 et
3154 5619 3486 5690 apostrophe
3520 5617 3665 5675 fetus
3705 5627 3790 5674 est

2205 5699 2373 5772 inepti
2397 5702 2806 5773 declamatoris,
2838 5707 2935 5776 qui
2972 5709 3133 5765 verba
3162 5708 3356 5781 lgnatii
3393 5711 3440 5742 δι
3478 5754 3493 5770 .
3531 5697 3552 5764 i
3604 5711 3791 5768 Latuit
