4134 6398
350 386 458 442 555

1305 373 1369 427 D.
1408 367 1701 425 NOURRII
1739 360 2216 421 DISSERTATIO.
2254 393 2320 402 -—
2364 359 2544 413 PARS
2610 358 2674 412 fl.

3500 362 3609 419 554

348 510 653 578 principem
686 502 871 560 s:eculi
907 498 1069 570 hujus
1098 496 1385 568 virginitas
1420 492 1625 558 Mariae,
1659 510 1677 542 ι
1718 488 1925 544 insulso
1956 491 2002 547 Α
2028 485 2203 578 ribus,
2238 482 2484 578 quasAad
2530 498 2651 538 eam
2699 478 2919 578 scrip-sit
2951 481 3197 552 epistolis
3227 481 3611 540 Cbristiferam

350 596 778 667 amplificatione
812 605 1079 650 exornare
1105 595 1337 643 conatus
1358 592 1461 640 est.

2029 576 2249 631 salutat.
2305 595 2323 628 ι
2378 575 2484 631 Sed
2528 591 2595 630 ex
2642 588 2774 631 voce
2802 571 2897 629 illa
2945 594 2965 627 ι
2998 577 3315 644 quamdam,
3349 596 3370 630 ι
3405 591 3528 646 qua:
3556 578 3612 632 in

427 665 703 751 Secundo,
748 700 870 755 quae
924 683 992 738 de
1040 680 1233 746 festis,
1284 673 1737 744 Quadragesima,
1766 678 1930 738 atque
2030 667 2421 738 manuscriptis
2450 667 2733 723 codicibus
2768 667 2985 739 legitur,
3028 682 3219 723 omnes
3262 665 3421 723 facile
3450 669 3612 724 intel-

349 780 622 835 Paschate
650 778 723 831 ibi
751 777 1040 839 habentur,
1072 775 1186 828 haec
1209 786 1276 826 ex
1304 766 1765 824 Constitutionum
1795 775 1928 831 apo-
2030 759 2211 831 ligunt
2262 761 2525 830 epistolas
2586 761 2681 816 Dei
2726 762 3010 833 genitricis
3038 761 3223 818 Mariae
3250 778 3281 818 a
3313 763 3610 831 Bernardo,

350 872 676 928 stoliearum
716 867 894 931 libris,
932 879 1071 936 quos
1110 860 1354 933 lgnatius
1383 869 1665 927 nunquam
1705 854 1929 923 legerat,

350 965 639 1029 desumpta
676 966 825 1013 sunt.

428 1053 673 1122 Denique
708 1061 902 1105 auctor
950 1049 1025 1103 ibi
1068 1047 1496 1103 Manichaeorum
1542 1054 1706 1115 atque
1738 1041 1933 1096 'Patri-

352 1143 743 1214 passianorum
790 1155 1032 1195 errorem
1070 1138 1293 1194 refellit.
1341 1137 1413 1191 At
1455 1135 1695 1191 Praxeas
1726 1133 1934 1203 lgnatio

353 1234 631 1305 posterior
655 1252 667 1287 :
701 1252 719 1285 ι
748 1231 967 1287 Primus
989 1247 1055 1287 ex
1084 1231 1235 1296 Asia,
1261 1230 1440 1300 inquit
1469 1228 1841 1283 Tertullianus
1864 1226 1930 1290 δ’.

355 1330 662 1385 secundum
692 1329 797 1382 hoc
827 1342 998 1398 genus
1034 1324 1409 1396 perversitatis
1451 1323 1635 1378 intulit
1675 1320 1936 1376 Romanae

356 1424 550 1476 humo.
588 1441 608 1473 ι
644 1420 772 1476 Haec
802 1422 968 1491 igitur
999 1419 1248 1491 epistola,
1279 1428 1444 1489 atque
1474 1419 1595 1474 alia:
1620 1417 1935 1488 superiores

356 1517 542 1571 nothae
577 1523 705 1569 sunt
746 1521 801 1568 et
844 1513 1065 1583 spuriae,
1108 1521 1164 1568 et
1186 1512 1397 1585 lgnatio
1429 1521 1617 1569 nostro
1650 1525 1934 1582 perperam

355 1618 413 1665 et
452 1607 749 1663 falsissime
774 1608 1149 1663 ascribuntur.

981 1743 1210 1800 CAPUT
1247 1742 1337 1801 IV.

490 1853 559 1891 DE
597 1851 737 1892 ALllS
773 1838 1049 1893 EPlSTOLIS
1088 1852 1323 1904 LATlNlS,
1361 1852 1563 1893 ιςΝλτιι
1600 1850 1800 1891 NOIINE

991 1924 1307 1963 INSCRIPTIS.

648 2020 675 2093 §
707 2020 747 2075 l.
792 2021 1042 2093 Analysis
1072 2020 1265 2075 harum
1291 2022 1653 2092 epistolarum.

432 2136 641 2204 Quarta
667 2137 1021 2207 epistolarum
1058 2134 1251 2207 lgnatii
1281 2137 1476 2194 classis
1513 2138 1624 2193 duo
1651 2137 1798 2194 illius
1827 2138 1943 2209 epi-

360 2231 525 2285 stolia
552 2230 621 2285 ad
669 2228 936 2285 Joannem
983 2230 1289 2299 apostolum
1329 2239 1387 2285 et
1430 2232 1841 2303 evangelistam,
1890 2240 1945 2287 et

365 2323 591 2376 tertium
626 2321 693 2375 ad
730 2320 1015 2390 Deiparam
1048 2318 1349 2390 Virginem,
1382 2319 1737 2391 ejusdemque
1766 2318 1943 2391 Virgi~

362 2414 455 2469 nis
484 2428 811 2483 responsum
844 2415 1112 2469 continet.

437 2505 495 2560 In
524 2507 704 2576 primo
737 2515 933 2562 auctor
962 2506 1251 2574 Joannem,
1279 2517 1341 2562 ut
1367 2507 1436 2563 ad
1478 2522 1539 2563 se
1571 2506 1760 2562 venire
1812 2521 1929 2577 pro-

363 2608 555 2669 peret;
608 2614 673 2657 ac
716 2599 944 2655 Mariam
974 2600 1071 2656 Dei
1101 2600 1443 2673 genitricem,
1486 2609 1543 2655 et
1569 2599 1798 2655 Mariam
1842 2598 1943 2655 Sa-

365 2692 536 2757 lome,
564 2707 728 2762 quam
765 2692 983 2747 eximiis
1009 2692 1263 2747 laudibus
1288 2691 1520 2758 extollit,
1557 2706 1745 2748 secum
1774 2691 1948 2747 addu-

364 2792 479 2849 cat,
497 2786 849 2840 vehementer
881 2785 1205 2841 adhortatur

440 2879 503 2932 In
560 2878 804 2933 secundo
867 2886 1049 2934 autem
1102 2875 1356 2949 epistolio
1420 2875 1617 2933 Joanni
1681 2876 1950 2948 signiﬁcat

366 2979 582 3041 quanto
632 2969 919 3040 Deiparam
955 2969 1207 3037 Mariam,
1264 2969 1527 3025 Jacobum
1580 2968 1806 3025 fratrem
1843 2969 1949 3026 Do-

369 3065 530 3133 mini,
573 3065 825 3135 aliosque
871 3064 1151 3135 apostolos
1200 3063 1421 3120 videndi
1460 3062 1737 3119 desiderio
1764 3071 1951 3118 tenea-

369 3164 485 3214 tur.

443 3248 579 3304 Orat
620 3246 849 3304 Mariam
893 3263 951 3304 ιη
995 3248 1178 3312 tertio,
1208 3255 1271 3303 ut
1314 3262 1505 3304 eorum
1538 3263 1661 3319 quae
1697 3247 1764 3304 de
1795 3246 1948 3316 Jesu,

370 3340 560 3396 divino
610 3341 732 3411 ejus
778 3340 938 3407 Filio,
990 3340 1266 3407 audierat,
1319 3354 1378 3396 se
1428 3338 1595 3396 faciat
1636 3340 1948 3396 certiorem.

374 3432 545 3488 Maria
567 3443 750 3489 autem
782 3442 981 3505 quarto
1006 3434 1259 3505 epistolio
1300 3433 1611 3504 respondet,
1648 3443 1705 3488 et
1733 3448 1797 3489 ea
1833 3448 1955 3488 om-

372 3530 466 3582 nia
496 3543 624 3584 vera
657 3543 801 3595 esse,
831 3536 889 3583 et
923 3528 992 3582 ab
1025 3528 1145 3597 ipso
1179 3526 1469 3591 credenda,
1502 3533 1666 3597 atque
1712 3524 1782 3579 ad
1824 3540 1951 3580 eum

374 3637 435 3677 se
460 3630 748 3677 venturam
775 3636 901 3678 esse
921 3620 1231 3691 pollicetur.

556 3733 585 3805 §
617 3733 681 3789 ll.
726 3732 861 3788 Illas
894 3733 1226 3787 adulterinas
1248 3748 1357 3787 esse
1384 3732 1799 3785 demonstratur.

444 3845 641 3902 Nullus
687 3846 801 3903 fere
855 3855 957 3913 est,
990 3847 1085 3918 qui
1151 3863 1299 3903 nunc
1345 3846 1461 3901 haec
1506 3847 1756 3917 epistolia
1815 3846 1953 3903 falso

373 3937 571 4010 lgnatii
604 3940 827 3995 nomine
864 3940 1090 3996 inscribi
1118 3956 1230 3995 non
1269 3938 1525 3994 fateatur.
1558 3938 1625 3993 Et
1653 3948 1800 3996 certe
1828 3941 1954 4012 quis

376 4032 461 4087 vel
490 4048 555 4087 ex
583 4033 699 4087 sola
744 4033 906 4103 paulo
937 4034 1217 4089 attentiori
1256 4032 1489 4087 lectione
1518 4046 1711 4087 eorum
1753 4030 1957 4088 falsita-

378 4135 488 4178 tem
520 4123 809 4180 confestim
838 4141 948 4181 non
982 4125 1388 4196 deprehendat?
1414 4124 1598 4195 Neque
1625 4124 1771 4179 enim
1799 4123 1957 4197 lgna-

378 4217 491 4272 tius
520 4217 590 4271 ad
618 4215 847 4272 Mariam
887 4217 979 4273 Dei
1010 4219 1348 4291 genitricem,
1382 4232 1560 4289 neque
1584 4216 1681 4273 Dei
1721 4219 1956 4289 genitrix

377 4309 449 4365 ad
493 4309 763 4381 lgnatium
790 4311 1061 4382 ejusmodi
1090 4312 1340 4382 epistolia
1375 4313 1633 4382 scripturi
1667 4322 1843 4377 erant,
1888 4313 1958 4368 ab

375 4419 574 4459 eorum
602 4405 868 4474 gravitate
894 4414 950 4461 et
980 4405 1199 4475 ingenio
1227 4414 1336 4461 tam
1375 4406 1573 4461 aliena.
1599 4403 1739 4472 Quid
1770 4405 1959 4477 quod?

1976 3175 2023 3239 C

2034 859 2200 905 tantm
2226 866 2356 921 erga
2380 866 2504 906 eam
2535 852 2755 922 pietatis
2788 861 2843 908 et
2870 853 3177 909 devotionis
3199 854 3339 920 viro,
3364 862 3474 909 tam
3508 855 3611 909 fri-

2035 940 2158 1009 gida
2208 943 2570 1011 appellatione
2608 958 2718 999 non
2773 942 2945 999 fuisse
2999 944 3219 1001 citatas.
3265 945 3615 1005 Probabilius

2034 1032 2224 1102 itaque
2251 1042 2335 1089 est
2368 1034 2656 1104 epistolam
2698 1035 3133 1105 pseudo-lgnatii
3175 1039 3242 1092 ad
3280 1037 3506 1094 Mariam
3542 1056 3612 1096 ex

2033 1124 2368 1194 Cassobelis,
2394 1129 2449 1182 in
2484 1129 2643 1199 cujus
2668 1129 3021 1199 inscriptione
3041 1130 3362 1186 Christifera
3384 1132 3608 1200 dicitur,

2035 1230 2067 1272 a
2115 1217 2375 1273 mellilluo
2417 1218 2641 1275 ductore
2681 1220 2911 1275 laudari.
2965 1219 3136 1276 Porro
3174 1237 3301 1278 cum
3334 1224 3425 1279 ille
3470 1224 3613 1281 hanc

2034 1309 2322 1379 epistolam
2358 1311 2675 1367 criticorum
2715 1312 3050 1382 ponderibus
3078 1328 3190 1368 non
3222 1316 3612 1382 examinasset,

2037 1401 2184 1456 illam
2216 1401 2427 1473 lgnatio
2481 1412 2673 1458 nostro
2719 1403 2877 1475 juxta
2911 1406 3191 1476 vulgarem
3223 1407 3309 1462 sui
3355 1410 3616 1479 temporis

2038 1508 2245 1549 morem
2280 1495 2521 1550 tribuere
2550 1510 2661 1550 non
2690 1496 2977 1551 dubitavit.

2657 1651 2888 1709 CAPUT
2934 1651 2994 1710 ν.

2040 1763 2125 1810 QUI
2167 1762 2396 1801 FUERINT
2437 1763 2906 1805 INTERPOLATOBES
2941 1763 3278 1806 GENUINARUI
3334 1768 3620 1810 EPISTOLA-

2167 1833 2278 1871 RUI
2318 1833 2543 1884 lGNATll,
2583 1835 2652 1873 ΕΤ
2692 1834 3145 1875 ADULTERINARUI
3181 1837 3480 1878 AUCTORES.

2044 1930 2074 2001 ᾗ
2108 1930 2150 1987 l.
2193 1930 2336 1985 Num
2363 1931 2428 1985 ab
2472 1943 2686 2005 auctore
2723 1930 3173 2005 Constitutionum
3206 1936 3620 2005 apostolicam»:

2630 2003 2737 2057 sint
2761 2004 3031 2073 prolectat.

2112 2116 2561 2186 lnterpolationes
2594 2117 2952 2187 epistolarum
3003 2117 3219 2190 lgnatii,
3263 2128 3322 2177 et
3379 2122 3623 2193 epistohe

2043 2205 2185 2263 falso
2213 2206 2333 2277 ejus
2372 2207 2596 2263 nomine
2626 2208 2903 2279 inscriptae
2945 2225 3118 2266 unum
3152 2212 3517 2284 eumdemque
3538 2216 3624 2270 vi-

2043 2295 2241 2352 dentur
2272 2297 2474 2353 habere
2501 2307 2804 2354 auctorem.
2846 2297 2904 2353 In
2946 2299 3014 2354 iis
3044 2300 3313 2371 siquidem
3343 2304 3620 2369 omnibus.

2045 2389 2192 2445 idem
2237 2390 2431 2461 stylus,
2475 2390 2619 2445 idem
2670 2391 2991 2462 impostoris
3023 2394 3274 2464 maleque
3302 2393 3486 2451 feriati
3520 2397 3623 2452 ho-

2046 2482 2212 2537 minis
2244 2482 2543 2554 ingenium,
2574 2496 2767 2540 omnes
2794 2485 3028 2555 denique
3063 2486 3309 2557 ejusdem
3341 2489 3624 2559 scriptoris

2046 2575 2392 2631 characteres
2427 2574 2588 2632 facile
2616 2576 3119 2647 deprehenduntur.
3155 2577 3414 2636 Usserius
3439 2592 3623 2638 autem

2046 2666 2349 2722 arbitratur
2369 2682 2495 2723 eum
2522 2683 2668 2736 esse,
2711 2668 2806 2739 qui
2844 2668 3015 2726 falsos
3052 2672 3427 2742 apostolorum
3456 2690 3624 2731 cano-

2047 2775 2166 2825 nes,
2191 2759 2731 2831 Coustitutionesque
2754 2763 3083 2832 apostolicas
3103 2764 3418 2837 divulgavit.
3448 2766 3625 2834 Quam

2047 2852 2266 2921 quidem
2304 2853 2616 2923 opinionem
2651 2862 2714 2909 ut
2757 2854 3032 2924 probaret,
3070 2858 3221 2915 varia
3262 2874 3329 2915 ex
3368 2863 3625 2918 omnibus

2048 2944 2137 3000 his
2175 2944 2651 3002 lucubrationibus
2697 2947 2927 3003 adduxit
2983 2948 3128 3017 loca,
3174 2966 3411 3021 quorum
3450 2955 3627 3025 plera—

2050 3051 2157 3105 que
2178 3053 2209 3091 a
2246 3036 2519 3093 Cotelerio
2563 3039 2619 3094 in
2659 3040 2918 3095 editionis
2949 3056 3063 3097 suae
3092 3045 3433 3115 marginibus
3460 3048 3625 3104 citata

2053 3137 2209 3196 sunt;
2239 3138 2405 3199 atque
2434 3144 2497 3185 ea
2524 3130 2699 3200 paria,
2740 3130 2955 3203 sibique
2992 3133 3225 3191 invicem
3267 3137 3470 3193 similia
3503 3157 3627 3197 esse

2052 3220 2429 3277 demonstrare
2453 3231 2683 3278 conatus
2717 3233 2821 3280 est.
2850 3223 3052 3281 Verum
3083 3242 3152 3282 ex
3178 3228 3283 3285 hoc
3300 3244 3625 3301 argumento

2052 3313 2185 3368 illud
2220 3321 2435 3369 tantum
2465 3316 2768 3381 coniicitur,
2801 3333 2969 3373 unum
3002 3320 3267 3377 horumce
3293 3325 3625 3394 scriptorum

2050 3414 2337 3461 auctorem
2376 3406 2445 3461 ab
2475 3406 2583 3461 alio
2610 3408 2764 3477 plura
2796 3408 2965 3465 fuisse
2991 3402 3335 3481 mutuatum;
3367 3417 3461 3471 sed
3499 3418 3625 3473 inde

2053 3514 2223 3553 unum
2253 3499 2614 3569 eumdemque
2650 3500 2846 3555 horum
2886 3503 3133 3558 omnium
3173 3518 3297 3561 esse
3340 3518 3623 3564 auctorem

2053 3589 2203 3644 nullo
2231 3605 2473 3659 unquam
2506 3588 2671 3645 modo
2693 3592 2915 3660 probari
2947 3607 2979 3647 a
3019 3608 3297 3664 quoquam
3334 3599 3552 3667 poterit.

2257 3680 2287 3753 ᾗ
2324 3680 2388 3737 ll.
2430 3680 2545 3746 Quo
2570 3691 2797 3753 tempore
2829 3685 2885 3736 in
2910 3684 3080 3739 lucem
3115 3687 3428 3756 prodierint.

2123 3772 2195 3827 At
2238 3782 2383 3828 certe
2415 3771 2671 3829 Usserius
2735 3789 2767 3827 a
2819 3790 2947 3830 vero
2984 3778 3209 3847 prepius
3274 3780 3449 3846 abest,
3499 3794 3623 3841 cum

2056 3863 2525 3933 interpolationes,
2570 3865 2941 3936 epistolasque
2993 3868 3114 3924 illas
3160 3878 3316 3926 sexto
3370 3871 3628 3932 Ecclesia

2055 3956 2253 4010 saeculo
2280 3955 2586 4026 publicatas
2610 3972 2732 4013 esse
2757 3960 2971 4015 asserit.
3018 3960 3262 4018 Exeunte
3290 3966 3489 4021 etenim
3520 3983 3627 4023 ste.

2056 4045 2181 4100 culo
2209 4047 2402 4116 quinto
2429 4061 2570 4103 verae
2599 4046 2793 4119 lgnatii
2826 4050 3077 4119 epistola:
3105 4053 3401 4109 laudantur
3442 4072 3475 4111 a
3521 4056 3624 4113 Ge-

2055 4137 2196 4193 Iasio
2238 4148 2294 4194 et
2323 4137 2702 4207 Theodoreto;
2740 4139 2893 4197 falsae
2929 4157 3061 4199 vero
3097 4154 3153 4199 et
3209 4148 3568 4217 supposititia:
3594 4166 3626 4207 a

2060 4226 2336 4298 Stephano
2365 4228 2584 4285 Gobaro
2641 4231 2783 4287 circa
2825 4248 3031 4289 annum
3069 4234 3196 4302 580,
3233 4247 3395 4308 atque
3424 4254 3519 4295 eas
3560 4242 3629 4297 ab

2056 4323 2348 4379 Anastasio
2395 4324 2741 4381 Antiocheno
2794 4328 3108 4396 patriarcha
3157 4331 3376 4387 circiter
3423 4346 3627 4389 annum

2056 4414 2183 4481 595,
2214 4426 2269 4471 et
2296 4416 2367 4471 ab
2397 4416 2522 4473 aliis
2550 4417 2808 4488 deinceps
2842 4420 3042 4477 citatas
3070 4421 3305 4494 legimus
3325 4423 3391 4478 “.

376 4498 473 4552 illa
513 4499 769 4568 epistolia
812 4498 1004 4556 Latine
1058 4510 1270 4556 tantum
1308 4502 1515 4574 scripta
1563 4500 1829 4557 hactenus
1862 4501 1950 4555 illo
1982 4526 2029 4581 ι)
2123 4508 2295 4565 Porro
2324 4519 2503 4565 autem
2534 4511 2582 4566 si
2606 4509 2728 4565 falsi
2765 4527 3021 4581 canones,
3051 4529 3115 4570 ac
3147 4516 3631 4588 pseudepigraphm

376 4601 541 4644 veuta
583 4599 731 4656 sunt,
772 4608 873 4649 nec
923 4592 1110 4648 Graeca
1157 4608 1399 4664 unquam
1457 4592 1626 4649 fuisse
1677 4593 1951 4649 videntur.

379 4680 629 4751 Denique
680 4682 824 4753 apud
878 4699 1071 4739 omnes
1129 4684 1385 4755 antiquos
1434 4692 1709 4751 auctores,
1747 4685 1842 4755 qui
1890 4686 1958 4741 de

376 4771 577 4844 lgnatii
612 4773 860 4843 epistolis
911 4791 1008 4831 seu
1048 4776 1193 4831 veris
1225 4791 1324 4831 seu
1359 4774 1535 4844 falsis,
1573 4777 1687 4832 sive
1718 4778 1957 4847 interpo-

377 4863 531 4930 latis,
574 4865 688 4920 sive
742 4867 974 4922 sinceris
1022 4867 1230 4938 aliquid
1278 4867 1483 4937 scripto
1535 4868 1956 4933 mandaverunt,

379 4957 595 5012 nullum
620 4958 865 5025 omnino,
884 4974 955 5015 ne
982 4960 1270 5014 minimum
1299 4960 1520 5031 quidem
1549 4961 1617 5017 de
1640 4960 1728 5016 bis
1756 4961 1958 5031 episto-

377 5050 472 5105 liis
501 5052 731 5105 verbum
763 5054 1022 5109 occurrit.

451 5146 642 5218 Neque
685 5147 891 5205 dixeris
940 5149 994 5203 in
1041 5147 1226 5204 Dextri
1275 5149 1549 5205 Chronico
1596 5164 1788 5206 eorum
1840 5150 1955 5205 fieri

378 5240 741 5295 mentionem.
782 5237 919 5294 Nam
956 5255 1094 5310 opus
1132 5240 1265 5295 illud
1295 5241 1536 5297 auctoris
1567 5250 1651 5297 est
1672 5240 1827 5297 valde
1864 5257 1955 5297 re-

379 5329 578 5395 centis,
600 5329 917 5401 nulliusque
942 5331 1184 5387 nominis
1209 5331 1292 5387 vel
1328 5330 1690 5399 auctoritatis,
1727 5341 1783 5386 et
1816 5330 1956 5387 Dex-

377 5432 470 5477 tro
499 5420 765 5478 fallaciter
796 5422 1141 5477 attributum.

453 5515 674 5573 Scimus
707 5516 927 5587 quidem
953 5517 1138 5572 divum
1179 5515 1518 5572 Bernardum
1547 5514 1835 5586 scripsisse
1867 5515 1912 5548 ”
1939 5537 1952 5571 :

384 5629 404 5663 ι
433 5609 663 5681 Magnus
685 5609 774 5665 ille
802 5608 1153 5680 lgnatius.....
1184 5609 1411 5665 Mariam
1437 5609 1727 5679 quamdam
1758 5609 1812 5663 in
1834 5609 1955 5679 plu-

2057 4600 2491 4657 Constitutiones
2520 4604 2916 4672 apostolorum,
2949 4608 3171 4673 saeculo,
3202 4616 3262 4662 ut
3282 4610 3503 4679 quidam
3531 4625 3633 4665 au-

2059 4702 2292 4758 tumant,
2324 4702 2541 4765 quarto,
2579 4696 2663 4751 vel
2693 4706 2819 4751 ante
2843 4708 3056 4753 sextum
3082 4700 3342 4756 saeculum
3370 4701 3426 4755 in
3451 4702 3632 4757 lucem

2058 4786 2399 4855 prodierunt,
2456 4802 2525 4842 ex
2566 4788 2635 4843 iis
2670 4790 2860 4858 procul
2905 4791 3073 4845 dubio
3122 4791 3632 4863 pseudo-lgnatium

2059 4877 2151 4932 illa
2183 4878 2369 4933 omnia
2397 4893 2522 4949 quae
2554 4880 2624 4935 ab
2658 4879 2882 4937 Usserio
2910 4892 2962 4939 et
2987 4883 3259 4940 Cotelerio
3295 4884 3630 4953 referuntur,

2060 4972 2477 5041 trauseripsisse
2509 4987 2733 5029 necesse
2752 4984 2854 5030 est.

2129 5061 2287 5129 Quod
2314 5064 2529 5119 tandem
2567 5066 2636 5121 ad
2670 5074 2910 5134 quatuor
2938 5066 3209 5138 epistolia,
3238 5081 3361 5137 quae
3389 5065 3442 5121 in
3466 5082 3634 5138 quar-

2058 5162 2113 5209 ta
2152 5154 2506 5224 epistolarum
2541 5156 2737 5227 lgnatii
2773 5156 2950 5213 classe
2982 5158 3340 5223 collocantur,
3376 5159 3630 5228 pertinet,

2059 5258 2121 5298 ea
2154 5246 2345 5313 procul
2373 5245 2544 5302 dubio
2568 5263 2598 5301 a
2629 5246 2846 5314 Latino,
2884 5247 2967 5303 uti
3014 5249 3452 5315 observavimus,
3489 5254 3632 5306 scri—

2058 5345 2216 5407 ptore
2236 5337 2378 5393 edita
2401 5336 2574 5394 fuisse
2591 5353 2722 5394 vero
2748 5340 2965 5395 videtur
3002 5341 3361 5396 simillimum.
3388 5340 3509 5407 Quo
3534 5355 3633 5394 au-

2057 5436 2165 5485 tem
2193 5439 2438 5501 tempore
2465 5430 2557 5486 ille
2587 5431 2801 5499 vixerit,
2858 5447 2967 5487 non
3004 5440 3090 5487 est
3127 5442 3439 5503 promptum
3493 5433 3631 5487 dell—

2059 5523 2204 5587 nire;
2249 5537 2377 5577 nam
2435 5522 2708 5578 incertum
2753 5532 2836 5578 est
2873 5532 3057 5579 utrum
3089 5522 3401 5579 Bernardus
3456 5537 3630 5577 unum

2057 5628 2125 5668 ex
2162 5614 2232 5669 iis
2260 5613 2582 5669 laudaverit.
2614 5614 2869 5670 Citantur
2908 5615 3128 5685 quidem
3156 5615 3211 5669 in
3252 5613 3632 5685 pseudo-Dex-

450 5728 498 5802 ‘f
537 5729 643 5802 lib._
661 5729 862 5785 Contra
889 5730 1054 5782 Prae.
1088 5742 1208 5799 cap.
1238 5729 1287 5783 l.
1363 5728 1408 5761 ⁸³
1438 5726 1612 5785 Serm.
1644 5727 1695 5793 7,
1732 5728 1786 5781 in
1819 5729 2037 5802 Psalm;
2063 5731 2171 5797 Qui
2226 5730 2461 5796 habitat,
2515 5739 2618 5787 etc.
2696 5730 2744 5763 ⁸⁸
2764 5733 2922 5800 Apud
2945 5730 3199 5786 Photlum
3260 5731 3314 5784 in
3370 5730 3629 5786 Bibliotlt.

380 5800 508 5855 cod.
542 5800 673 5855 252.

702 5890 975 5950 ΡΑτιιοι.
1011 5889 1129 5950 Gn.
1179 5888 1253 5949 V.

3282 5896 3356 5958 18
