4134 6388
528 381 633 437 555

1603 376 1659 432 S.
1706 374 2051 432 IGNATIUS.
2096 409 2157 417 -—
2192 375 2729 431 PROLEGOMENA.

3691 378 3795 434 556

528 506 594 558 tri
619 502 922 569 Chronico;
959 501 1051 557 sed
1092 500 1311 571 quando
1344 498 1475 555 illud
1515 501 1776 570 scriptum
1809 501 1901 565 sit,
1939 514 2101 553 nemo
2133 506 2178 562 Α
2207 499 2297 553 illa
2346 514 2540 555 manus
2600 498 2940 564 recentioris,
2995 508 3049 553 et
3108 498 3313 553 Gracis
3366 497 3793 568 pseudo-lgnatii

526 596 864 666 exploratum
903 595 1082 648 habet.
1117 593 1172 646 Si
1214 592 1343 661 quid
1376 608 1505 647 vero
1549 592 1789 646 dandum
1830 591 2107 661 conjectu-

526 691 624 755 ris,
654 704 719 744 ex
746 689 940 743 horum
969 687 1347 757 epistoliorum
1380 686 1521 757 stylo
1558 695 1611 741 et
1653 683 1968 751 Latinitate,
2000 699 2103 739 nos

2215 593 2459 662 epistolis
2515 593 2674 663 longe
2716 593 3041 664 posterioris
3090 608 3214 647 csse
3256 607 3366 648 non
3418 593 3657 648 absurde
3687 594 3793 649 dici

2207 698 2369 754 posse
2393 682 2688 738 credimus.

1758 1103 2050 1193 PARS
2123 1101 2600 1193 TERTIA.

528 1351 618 1413 De
656 1350 1052 1413 editionibus
1085 1354 1145 1410 et
1176 1345 1589 1408 versionibus
1642 1343 1935 1406 omnium
1968 1341 2196 1421 Ignatii
2246 1339 2694 1421 epistolarum,
2732 1346 2858 1421 tam
2898 1340 3331 1421 genuinarum
3373 1357 3566 1421 quam
3602 1341 3791 1404 adul~

1201 1424 1579 1497 terinarum,
1619 1440 1690 1485 ac
1717 1422 1911 1484 variis
1942 1419 2028 1482 in‘
2057 1438 2163 1482 eas
2200 1421 2373 1481 notis
2427 1428 2489 1482 et
2520 1419 3112 1482 observationibus.

1040 1660 1269 1717 CAPUT
1307 1659 1598 1715 PRIMUM.

526 1774 592 1811 DE
633 1771 970 1812 EDITIONIBIIS
996 1771 1063 1809 ΕΤ
1096 1767 1442 1808 VEBSIONIBUS
1474 1764 1842 1806 EPISTOLARUI
1877 1764 2102 1803 IGNATII.

904 1846 931 1917 ᾗ
974 1845 1012 1898 Ι.
1056 1845 1132 1898 De
1156 1844 1474 1898 editionibus
1498 1842 1730 1895 Latinis.

594 1942 800 2005 Prima,
829 1956 951 2010 quae
987 1940 1040 1992 in
1074 1953 1269 1992 manus
1300 1945 1519 1991 nostras
1550 1935 1718 2000 venit,
1750 1932 2105 2002 epistolarum

519 2035 931 2105 ignatianarum
985 2032 1175 2097 editio,
1214 2028 1444 2083 Parisiis
1482 2043 1626 2083 anno
1670 2026 1831 2089 1494,
1876 2023 2105 2094 prodiit,

2213 1671 2573 1732 posteaquam
2620 1661 2873 1733 vulgatas
2917 1660 3111 1733 Ignatii
3158 1662 3423 1733 epistolas
3458 1678 3583 1719 cum
3619 1665 3795 1721 tribus

2211 1768 2379 1807 manu
2411 1754 2650 1809 exaratis
2684 1754 2969 1809 codicibus
2990 1796 3004 1820 ,
3029 1755 3122 1823 qui
3172 1756 3458 1824 antiquam
3484 1757 3794 1812 versionem

2213 1843 2464 1899 Latinam
2492 1846 2847 1911 exhibebant,
2885 1846 3230 1911 contulisset,
3260 1848 3401 1902 duos
3433 1848 3573 1902 alios
3605 1846 3793 1903 itidem

2213 1937 2625 2007 manuscriptos
2680 1937 2936 2005 codices,
2997 1939 3089 1993 sed
3140 1940 3300 2007 pretii
3351 1940 3525 1993 multo
3567 1940 3796 2009 majoris

2214 2028 2492 2085 fortunate
2538 2030 2765 2096 invenit,
2795 2046 2970 2085 unum
3022 2032 3077 2085 in
3111 2032 3329 2101 publica
3380 2033 3595 2103 collegii
3640 2032 3795 2087 Gune

526 2128 731 2197 illaque
784 2134 896 2180 tres
939 2132 1149 2179 tantum
1198 2122 1493 2193 epistolas,
1546 2121 1683 2176 duas
1732 2120 1799 2173 ad
1838 2116 2106 2171 Joannem
2141 2106 2354 2176 Bwelli
2394 2133 2448 2177 et
2506 2122 2625 2177 Caii
2679 2124 2820 2191 apud
2869 2122 3370 2193 Cantabringenses
3426 2124 3792 2190 bibliotheca;

526 2217 860 2288 apostolum,
895 2216 1111 2271 tertiam
1145 2214 1212 2270 ad
1238 2214 1332 2269 Dei
1365 2212 1686 2285 genitricem
1705 2210 1932 2264 Mariam
1958 2224 2110 2263 com-

523 2312 799 2381 plectitur.
828 2310 988 2365 Anno
1028 2316 1210 2363 autem
1244 2307 1385 2362 M98
1419 2305 1595 2361 Faber
1636 2302 1981 2374 Stapulensis
2005 2318 2109 2357 un-

523 2408 701 2460 decim
743 2405 878 2459 alias
912 2403 1175 2475 vulgavit,
1207 2417 1331 2470 qua:
1360 2399 1617 2467 deinceps
1648 2396 2016 2466 Argentorati,
2054 2403 2111 2450 et

525 2497 773 2563 Basilete,
806 2512 871 2552 ac
899 2495 1115 2550 tandem
1148 2508 1294 2547 anno
1322 2491 1481 2556 15175,
1508 2491 1563 2545 in
1589 2488 1699 2545 line
1721 2487 1960 2560 Operam
1983 2486 2111 2541 Dio-

527 2589 669 2659 nysii
699 2586 1042 2657 Areopagita:
1064 2585 1224 2640 editae
1252 2593 1399 2640 sunt.
1435 2582 1628 2637 Postea
1669 2578 2109 2649 Symphorianus

526 2679 890 2750 Champerius
938 2678 1157 2733 easdem
1199 2692 1346 2731 anno
1377 2674 1516 2729 1676
1568 2674 1735 2743 prmio
1769 2669 2111 2726 Ascensiano

527 2786 752 2825 rursum
805 2768 1060 2839 subjecit,
1111 2783 1175 2823 ac
1222 2767 1482 2837 epistolas
1526 2766 1594 2820 ad
1624 2762 1913 2827 Joannem,
1959 2770 2013 2817 et
2041 2760 2112 2817 ad

527 2862 757 2917 Mariam
824 2861 1144 2930 Deiparam,
1205 2869 1368 2929 atque
1411 2873 1578 2913 unam
1639 2856 1707 2911 ad
1768 2855 1994 2910 Mariam
2042 2869 2111 2909 ex

529 2954 865 3020 Cassobelis,
908 2954 1175 3008 hactenus
1207 2951 1493 3016 ineditam,
1530 2949 1610 3005 eis
1645 2946 1953 3018 subiunxit.
1987 2945 2113 3001 Haec

528 3060 714 3103 autem
769 3044 1083 3115 Champerii
1133 3043 1302 3098 editio
1356 3041 1522 3096 variis
1576 3040 1717 3112 typis
1769 3036 2107 3106 Antuerpiaa,

530 3145 777 3209 Basileaa,
809 3141 1071 3205 Coloniae,
1107 3137 1356 3201 Parisiis,
1390 3135 1621 3204 aliisque
1666 3134 1721 3187 in
1754 3132 1986 3188 urbibus
2011 3146 2110 3185 ex-

530 3252 663 3292 cusa
685 3244 786 3289 est.
820 3232 993 3287 Porro
1024 3232 1106 3285 ha:
1137 3242 1328 3283 omnes
1369 3225 1637 3281 editiones
1670 3223 1862 3279 Latine
1899 3233 2111 3278 tantum

528 3328 872 3401 prodierunt.

670 3460 702 3533 §
735 3459 798 3516 ll.
842 3460 919 3514 De
946 3459 1268 3513 editionibus
1294 3456 1515 3522 Cretaeis,
1547 3466 1595 3511 et
1620 3454 1964 3510 versionibus.

600 3569 930 3626 Valentinus
999 3565 1223 3620 Pacatus
1292 3578 1438 3618 anno
1508 3561 1647 3616 1557
1698 3560 1799 3615 has
1849 3556 2113 3628 epistolas

530 3665 719 3719 Graece
746 3682 766 3716 ι
801 3678 869 3717 ex
913 3658 1303 3729 antiquissimo
1333 3653 1664 3711 Ferdiuandi
1703 3652 1957 3723 Augusti,
1999 3651 2116 3705 sive

529 3757 864 3827 Augustanae
912 3750 1265 3805 Bibliotheca}
1306 3746 1519 3813 codice,
1565 3763 1585 3797 ι
1643 3745 1827 3800 addita
1866 3740 2113 3797 Perionii

528 3850 804 3913 versione,
834 3844 1017 3900 edidit.
1050 3844 1110 3896 ln
1143 3842 1247 3895 hac
1281 3847 1467 3893 autem
1513 3836 1774 3901 editione,
1806 3851 1972 3905 quam
2005 3833 2115 3888 Mo-

530 3942 699 3996 rellus
723 3939 805 3993 bis
832 3950 980 3991 anno
1010 3934 1151 3989 1558
1183 3941 1237 3987 et
1266 3930 1405 3985 1562
1432 3929 1663 3994 recudit,
1710 3942 1789 3983 eae
1819 3928 1993 3982 solum
2019 3943 2116 3982 ex-

532 4044 682 4092 stant
729 4029 993 4100 epistolae,
1035 4041 1173 4095 quas
1214 4023 1409 4090 Faber,
1471 4021 1551 4075 uti
1600 4020 1864 4085 diximus,
1922 4017 2115 4074 Latine

533 4128 926 4197 divulgaverat.
957 4120 1161 4174 Dehinc
1202 4116 1454 4171 Andreas
1494 4114 1771 4169 Gesnerus
1802 4113 2022 4168 easdem
2048 4128 2114 4167 ex

533 4217 910 4284 ntanuscripto
940 4210 1293 4266 Bibliotheca
1340 4208 1403 4261 D.
1451 4205 1682 4275 Gaspari
1713 4221 1741 4261 ο
1779 4204 2110 4275 Nydphrych

535 4314 733 4366 iterum
769 4306 975 4371 Graece,
1021 4312 1187 4373 atque
1240 4301 1408 4355 etiam
1464 4298 1690 4362 Latine,
1750 4315 1769 4349 ε
1822 4298 2115 4366 interprete

535 4402 746 4458 Joanne
773 4399 1039 4451 Brumero
1063 4392 1381 4464 publicavit.
1425 4410 1445 4445 ι
1481 4390 1860 4445 Arbitrabatur
1892 4390 2111 4459 quidem

536 4512 596 4551 se
628 4495 863 4566 primum
907 4490 1029 4544 illas
1056 4487 1256 4559 publici
1286 4486 1481 4541 fecisse
1506 4485 1678 4555 juris;
1713 4485 1808 4539 sed
1852 4484 1957 4553 ipsi
1986 4500 2115 4554 pro-

534 4590 625 4644 cul
676 4587 845 4643 dubio
896 4585 1065 4641 editio
1120 4580 1295 4635 Paean
1356 4576 1634 4649 incognita
1683 4592 1808 4632 esse
1859 4576 2110 4632 debebat.

535 4681 749 4736 Rursus
804 4691 938 4733 vero
1011 4687 1157 4729 anno
1206 4669 1344 4725 1566
1392 4668 1760 4741 Hieronymus
1804 4668 2112 4723 Vairnelius

538 4773 757 4844 Sylvius
786 4768 1009 4824 easdem
1046 4762 1336 4835 epistolas,
1383 4760 1450 4816 ad
1495 4761 1764 4831 quosdam
1802 4758 2111 4815 manuscri-

534 4876 660 4935 ptos
712 4860 932 4917 codices
979 4853 1319 4915 emendatas,
1363 4866 1505 4905 nova
1558 4850 1812 4905 versione
1854 4849 2107 4912 donatas,

536 4957 895 5029 pluribusque
940 4945 1413 5005 observationibus
1457 4952 1680 5009 auctas,
1737 4942 1894 4997 novis
1942 4940 2112 4997 edidit

538 5044 773 5101 Plautini
831 5041 993 5112 typis.
1056 5038 1213 5092 Anno
1272 5044 1453 5091 autem
1495 5032 1633 5088 1608
1680 5032 1944 5088 Martialis
1985 5030 2112 5084 Maa-

541 5146 736 5192 strazus
779 5133 925 5197 illas,
979 5128 1137 5184 novis
1183 5126 1511 5198 quibusdam
1548 5124 1694 5179 uotis
1724 5121 2108 5192 superadditis,

542 5230 737 5282 iterum
768 5226 822 5278 in
851 5222 1046 5293 vulgus
1098 5219 1346 5289 protulit.
1400 5216 1648 5272 Posuisse
1691 5214 1922 5270 Gencvze
1967 5226 2112 5265 anno

545 5319 684 5373 169.3
745 5314 1002 5371 Nicolaus
1045 5312 1302 5367 Vedelius
1363 5308 1671 5363 Academia!
1715 5303 2017 5375 professor,
2058 5310 2114 5355 et

541 5412 875 5468 Calviniana:
943 5416 1105 5463 secta:
1150 5405 1426 5467 minister,
1486 5401 1749 5468 castigata
1798 5405 1925 5466 post
1980 5394 2110 5448 Mae-

542 5516 761 5560 straaum
804 5500 1062 5556 Vairnelii
1105 5496 1272 5569 Sylvii
1314 5495 1601 5558 versione,
1654 5492 1871 5546 easdem
1924 5488 2113 5543 Graeco

542 5596 846 5665 Latinoque
858 5587 1368 5650 charactereemisit
1391 5587 1445 5639 in
1482 5586 1680 5639 lucem.

932 5724 961 5796 ς
995 5721 1082 5777 ill.
1129 5720 1200 5775 De
1233 5719 1460 5775 editione
1496 5717 1719 5772 Usserii.

529 5839 848 5915 .dlacobus
895 5834 1152 5895 Usserius
1216 5833 1665 5905 archiepiscopus
1720 5828 2101 5886 Artuachanus

2214 2216 2450 2270 alterum
2491 2216 2546 2269 in
2577 2216 2792 2285 privata
2828 2215 2892 2270 D.
2932 2216 3192 2271 Richardi
3227 2215 3545 2271 Moutacutii
3580 2215 3795 2271 Norwi»

2209 2310 2389 2364 censis
2412 2324 2586 2379 nuper
2627 2309 2871 2379 episcopi
2918 2310 3250 2365 bibliotheca
3299 2312 3626 2380 repositum.
3678 2310 3795 2364 Duo

2210 2414 2391 2459 autem
2425 2402 2796 2473 antiquissimi
2825 2402 2902 2456 illi
2944 2403 3305 2472 epistolarum
3352 2402 3546 2474 lgnatii
3576 2405 3795 2460 codices

2212 2495 2468 2550 Latinam
2491 2536 2505 2561 ,
2540 2511 2651 2566 qua
2681 2495 2956 2566 genuinus
2992 2512 3183 2551 earum
3210 2504 3392 2550 textus
3426 2497 3634 2566 absque
3670 2500 3795 2555 ullis

2213 2587 2735 2658 interpolationibus
2784 2588 2866 2643 vel
2915 2589 3307 2644 additamentis
3349 2589 3631 2655 redditur,
3669 2606 3795 2644 ver-

2211 2682 2422 2737 sionem
2453 2690 2867 2751 repraesentant.
2896 2681 2978 2736 Ex
3010 2680 3096 2737 his
3134 2680 3319 2752 itaque
3350 2680 3570 2736 duobus
3599 2682 3755 2738 libris
3776 2725 3791 2749 ,

2213 2782 2376 2843 atque
2398 2773 2524 2828 aliis
2552 2774 2731 2829 tribus
2754 2790 2921 2843 supra
2953 2775 3295 2842 memoratis,
3315 2790 3512 2829 novam
3545 2775 3794 2831 omnium

2211 2864 2619 2934 lguatianarum
2679 2865 3034 2934 epistolarum
3086 2866 3417 2934 editionem,
3460 2871 3682 2938 prazlixa
3727 2870 3795 2927 iis

2212 2956 2497 3029 l’olycarpi
2529 2958 2597 3013 ad
2614 2957 2997 3029 Philippenses
3026 2960 3279 3030 epistola,
3313 2961 3394 3016 sic
3415 2962 3793 3017 adornandam

2214 3058 2474 3125 suscepit.
2507 3053 2753 3110 Primum
2788 3055 3041 3125 genuinis
3092 3054 3287 3124 lgnatii
3332 3057 3581 3127 epistolis
3614 3058 3791 3113 inter-

2214 3147 2435 3218 polatis,
2466 3145 2655 3201 Graece
2680 3154 2736 3201 et
2764 3144 2957 3201 Latine
2983 3161 3224 3214 excusis,
3258 3148 3438 3202 locum
3468 3148 3619 3204 dedit
3646 3168 3663 3217 ;
3694 3151 3794 3207 sed

2213 3239 2439 3308 antiqua
2466 3253 2657 3293 earum
2687 3237 2880 3292 Latina
2906 3239 3160 3294 versione
3201 3238 3268 3292 ad
3296 3248 3408 3295 tres
3445 3242 3794 3310 supradictas

2213 3330 2435 3385 codices
2461 3329 2864 3398 manuscriptos
2891 3330 3178 3384 emendata
3215 3345 3351 3385 usus
3385 3340 3505 3398 est;
3538 3343 3702 3403 atque
3733 3342 3795 3389 ut

2215 3422 2668 3491 iuterpolatioues
2693 3422 2762 3476 ab
2784 3422 3042 3477 omnibus
3064 3421 3281 3478 facilius
3305 3424 3637 3494 deprehendi
3666 3441 3794 3496 pos-

2218 3523 2375 3579 sent,
2414 3529 2510 3568 eas
2553 3513 2724 3568 minio
2752 3515 2966 3568 exarari
2993 3513 3180 3583 jussit.
3210 3512 3321 3569 Has
3368 3514 3650 3583 excipiunt
3676 3517 3794 3587 epi-

2217 3607 2371 3662 stola:
2406 3605 2548 3661 falso
2588 3605 2783 3675 Ignatii
2839 3605 3065 3660 nomine
3114 3606 3408 3676 inscripta,
3435 3607 3639 3676 quibus
3676 3608 3793 3678 epi-

2216 3698 2413 3753 stolam
2440 3696 2623 3752 Mariae
2646 3697 2996 3752 Cassobelitae
3022 3697 3091 3751 ad
3122 3695 3389 3766 lgnatium
3421 3699 3511 3753 ille
3535 3699 3791 3768 praeﬁxit,

2214 3798 2269 3843 et
2294 3790 2459 3843 trium
2498 3789 2937 3859 supradictorum
2965 3789 3217 3843 codicum
3244 3803 3347 3859 ope
3375 3791 3559 3845 varios
3584 3790 3794 3847 Latina

2214 3896 2405 3936 earum
2456 3882 2726 3938 versionis
2780 3897 2964 3937 naevos
3020 3884 3337 3953 abstergere
3397 3894 3630 3938 conatus
3683 3894 3789 3941 est.

2220 3971 2423 4028 Ultimo
2460 3974 2678 4029 tandem
2712 3975 2835 4030 loco
2865 3975 3088 4045 ponitur
3127 3975 3509 4045 antiquissima
3532 4021 3546 4043 ,
3578 3978 3658 4031 uti
3701 3978 3792 4031 di-

2215 4065 2399 4120 ximus
2420 4107 2435 4131 ,
2467 4066 2650 4120 versio
2680 4054 3044 4135 genuinarum
3090 4067 3285 4136 Ignatii
3338 4068 3694 4137 epistolarum
3716 4109 3733 4135 ,
3756 4086 3794 4124 e

2216 4173 2453 4229 quarum
2484 4173 2715 4212 numero
2752 4158 2986 4229 cpistola
3015 4157 3083 4213 ad
3109 4157 3471 4230 Polycarpum
3514 4160 3793 4217 immerito

2216 4248 2545 4304 excluditur.

2618 4395 2645 4467 ᾗ
2678 4400 2767 4456 IV.
2812 4399 2887 4457 De
2917 4402 3146 4457 editione
3190 4403 3382 4461 Vossii.

2284 4537 2421 4593 Cum
2449 4535 2680 4593 Vossius
2725 4538 2826 4592 iter
2860 4538 2914 4592 in
2944 4537 3151 4594 Italiam
3192 4553 3398 4611 ageret,
3426 4553 3478 4598 et
3520 4541 3793 4599 Florenti-

2214 4644 2341 4683 nam
2392 4627 2725 4683 Ferdinandi
2764 4626 2809 4681 ll
2853 4628 3087 4685 Etruriae
3136 4632 3333 4701 ducis,
3390 4632 3788 4690 Bibliothecatn

2214 4721 2613 4790 perlustraret,
2664 4719 2859 4773 incidit
2937 4720 2993 4775 in
3046 4722 3290 4777 codicem
3365 4723 3553 4779 Graeca
3619 4742 3789 4781 manu

2138 4794 2540 4876 Dexaratum,
2584 4808 2678 4877 qui
2719 4808 2938 4863 easdem
2991 4819 3154 4879 atque
3207 4811 3277 4864 ab
3320 4808 3543 4865 Usserio
3596 4810 3791 4867 Latine

2217 4902 2413 4967 editas,
2444 4901 2731 4971 genuinas,
2759 4910 2813 4955 et
2848 4902 2966 4956 sine
2998 4902 3505 4971 interpolationibus
3545 4911 3599 4957 et
3636 4905 3791 4958 addi-

2216 4995 2473 5049 tamentis
2519 4993 2779 5062 epistolas
2825 4991 3019 5063 lgnatii
3068 4994 3401 5048 continebat.
3455 4994 3639 5050 Codex
3698 4997 3791 5052 ille

2213 5094 2433 5141 centum
2478 5093 2604 5139 ante
2649 5084 2806 5139 annis
2841 5100 2872 5139 a
2915 5083 3215 5148 Turriano,
3247 5096 3306 5141 ut
3346 5088 3587 5141 creditur
3613 5089 3787 5152 visus,

2214 5191 2318 5229 nec
2348 5190 2503 5229 veras
2533 5176 2728 5245 Ignatii
2764 5176 3023 5245 epistolas
3054 5192 3083 5229 a
3120 5176 3272 5231 falsis
3310 5180 3789 5248 supposititiisquc

2215 5267 2528 5337 distinguit,
2567 5282 2667 5321 nec
2709 5264 2916 5335 integer
2949 5274 3068 5333 est;
3115 5267 3316 5337 quippe
3351 5270 3445 5338 qui
3493 5272 3783 5340 epistolam

2216 5360 2388 5415 sancti
2419 5360 2676 5430 martyris
2711 5358 2778 5413 ad
2807 5358 3085 5414 Romanos
3114 5375 3223 5415 non
3247 5362 3501 5417 exhibeat
3525 5365 3784 5434 amplius.

2216 5451 2447 5507 Vossius
2478 5453 2661 5521 itaque
2687 5450 2753 5505 ad
2786 5466 2915 5505 soos
2945 5451 3138 5517 redux,
3160 5468 3358 5507 novam
3389 5455 3786 5513 Amstelodami

2211 5560 2356 5599 anno
2384 5544 2522 5598 1646
2563 5544 2915 5614 epistolarum
2963 5542 3156 5614 lgnatii
3204 5545 3497 5602 editionem
3545 5547 3785 5604 adorna-

2209 5642 2306 5705 vit,
2332 5654 2441 5709 qua
2465 5638 2685 5693 Grrecas
2725 5654 2789 5691 ex
2834 5638 2926 5691 illo
2956 5636 3273 5694 Florentino
3315 5640 3521 5705 codice,
3561 5640 3788 5696 Latinas

2208 5748 2341 5789 vero
2368 5748 2434 5786 ex
2475 5730 2857 5801 antiquissima
2880 5731 3155 5798 versione,
3188 5733 3257 5786 ab
3284 5730 3510 5789 Usserio
3542 5734 3782 5804 vulgata,

2209 5825 2389 5882 emisit
2437 5827 2488 5879 in
2537 5824 2835 5893 publicum.
2880 5823 2973 5880 llis
3019 5839 3147 5882 vero
3193 5825 3442 5895 epistolis
3470 5826 3608 5883 alias
3654 5840 3784 5915 cum
