4134 6384
522 372 631 425 559

1584 366 1641 421 S.
1681 366 2035 423 lGNATlUS.
2079 400 2145 408 --
2176 366 2719 424 PROLEGOMENA.

3688 371 3789 427 560

524 506 589 544 ac
614 504 691 544 ea:
712 504 849 558 quas
874 487 926 541 in
954 486 1217 541 Barnabas
1244 486 1532 555 epistolam
1555 487 1745 540 edidit.
1772 487 1828 540 In
1857 488 2107 556 utrisque
2135 493 2179 547 Α
2209 487 2368 540 debet
2410 487 2661 542 adnotari
2686 530 2700 554 ,
2728 488 2875 558 quod
2925 486 3171 559 lgnatius
3213 490 3282 545 de
3322 506 3482 553 sacro
3523 491 3793 546 Christia-

525 589 708 633 tamcn
730 620 743 644 ,
776 594 841 632 ne
871 577 1000 648 quid
1033 576 1447 631 dissimulcmus
1470 618 1485 641 ,
1520 576 1651 630 illud
1704 577 1907 631 eruditi
1954 576 2109 631 desis

523 673 737 737 derant,
771 682 877 725 uta
904 672 1189 741 proposito
1218 670 1464 724 auctoris
1494 670 1948 725 suitextuminns
1969 684 2111 738 saepe

510 769 598 821 ille
640 767 923 836 digressus
961 765 1176 834 fuisset,
1198 781 1299 821 nec
1320 765 1438 821 suis
1461 774 1572 820 tam
1597 764 1759 820 facile
1783 764 2111 820 indulsisset

508 870 607 910 con
622 853 879 924 jecturis.

1126 987 1359 1045 CAPUT
1404 989 1492 1045 lll.

511 1117 749 1166 QITIDAI
786 1117 938 1159 ΝΟνῶ
975 1117 1411 1158 οιιεειινλτιοκεε
1448 1118 1498 1156 IN
1538 1117 1743 1157 lGNATll
1789 1118 2104 1158 EPISTOLAS.

912 1215 940 1287 ᾗ
974 1214 1015 1271 1.
1060 1216 1136 1270 De
1175 1213 1375 1269 Christi
1412 1215 1714 1270 divinitate.

592 1329 692 1385 llis
737 1330 1024 1384 doctorum
1076 1329 1361 1383 hominum
1393 1328 1872 1388 observationibus
1914 1328 1961 1383 si
2005 1329 2108 1383 ali-

520 1424 653 1492 quid
711 1421 947 1491 adjicere
1001 1419 1159 1474 nobis
1224 1419 1431 1487 liceat,
1486 1420 1665 1489 primo
1723 1419 2108 1475 adnotahimus

521 1528 832 1584 supremam
880 1512 1087 1567 Christi
1127 1510 1345 1566 Domini
1388 1512 1729 1566 divinitatem
1783 1512 1853 1566 ab
1892 1512 2107 1582 lgnatio
2150 1562 2163 1575 ,

520 1616 711 1661 nostro
742 1605 888 1661 clare
917 1613 971 1660 et
993 1606 1282 1675 perspicue
1309 1606 1480 1660 asseri
1512 1612 1568 1659 et
1593 1604 1829 1659 defendi.
1865 1607 1911 1657 A
1951 1604 2108 1660 nobis

520 1697 799 1767 cnimjam
842 1696 1283 1752 demonstratum
1332 1706 1417 1752 est
1471 1696 1631 1752 Verbi
1680 1697 1850 1752 divini
1882 1698 2105 1752 azternia

521 1802 688 1847 tatem
725 1792 793 1845 ab
824 1791 918 1845 illo
943 1791 1103 1860 plane
1135 1790 1364 1844 omnino
1402 1799 1458 1846 et
1498 1800 1683 1860 aperte
1726 1791 1810 1845 his
1841 1791 2104 1860 explicari

521 1883 737 1937 verbis:
772 1883 869 1945 Ὃς
903 1884 1051 1935 ἐστιν
1082 1881 1247 1935 αὐτοῦ
1280 1882 1437 1951 λόγος
1460 1882 1647 1947 ἀΐδιος,
1670 1882 1769 1935 οὐκ
1801 1883 1908 1936 ἀπὸ
1943 1883 2105 1955 σιγῆς

522 1972 820 2047 προελθών,
860 1992 878 2026 ι
918 1974 1013 2044 qui
1042 1983 1125 2029 est
1154 1975 1324 2043 ipsius
1360 1976 1587 2029 verbum
1628 1983 1893 2030 aeternum
1927 1992 2038 2030 non
2073 1992 2104 2031 a

518 2065 738 2119 silentio
772 2064 1125 2134 progrediens
1142 2065 1210 2120 ".
1242 2084 1260 2116 ι
1296 2064 1458 2135 Atqui
1493 2067 1541 2119 si
1571 2065 1830 2121 Christus
1860 2076 1944 2123 cst
1975 2066 2107 2121 Ver-

518 2158 649 2211 bum
681 2155 828 2211 Patri
860 2172 960 2211 suo
989 2165 1347 2225 coaeternum,
1377 2159 1423 2213 is
1451 2158 1567 2228 ipse
1606 2167 1661 2213 et
1697 2159 1944 2229 ejusdem
1974 2176 2103 2215 cum

519 2253 643 2321 ipso
682 2260 935 2315 naturae,
988 2249 1246 2321 idemque
1291 2267 1356 2307 ac
1395 2251 1486 2307 ille
1530 2252 1602 2308 sit
1652 2251 1826 2322 Deus,
1876 2255 2105 2311 omnino

518 2356 746 2395 necesse
786 2348 890 2395 est.

587 2450 777 2523 Neque
827 2454 901 2508 ibi
950 2461 1202 2520 tantum,
1257 2455 1351 2510 sed
1393 2455 1448 2509 in
1488 2456 1611 2513 aliis
1645 2457 1810 2512 etiam
1854 2460 2104 2530 epistolis

519 2546 637 2601 suis
701 2546 953 2601 eamdem
1011 2547 1215 2603 Christi
1264 2548 1605 2605 divinitatem
1659 2553 2104 2609 constantissime

518 2637 681 2691 docet
724 2646 778 2693 et
814 2637 1115 2707 praedicat:
1170 2655 1189 2688 ι
1228 2636 1524 2704 Gloriﬁco,
1575 2639 1752 2710 inquit
1786 2642 1868 2710 “,
1911 2641 2103 2699 Jesum

517 2727 799 2783 Christum
836 2728 1030 2783 Deum.
1062 2748 1082 2782 ι
1113 2730 1256 2785 Alibi
1287 2746 1455 2786 vero:
1492 2749 1511 2783 ι
1551 2730 1707 2789 Unus
1743 2743 1828 2790 est
1857 2737 2103 2795 medicus
2178 2788 2179 2791 η

518 2820 758 2876 carnalis
782 2830 837 2874 et
860 2821 1184 2890 spiritualis,
1211 2821 1391 2878 factus
1419 2832 1473 2879 et
1496 2840 1605 2880 non
1635 2824 1834 2893 factus,
1860 2827 1915 2881 in
1938 2844 2106 2886 carne

518 2915 664 2968 Deus
680 2913 747 2968 ".
773 2933 791 2965 ›
828 2912 955 2968 Ηωο
976 2916 1175 2985 quippe
1208 2916 1401 2970 ultima
1432 2916 1627 2988 lgnatii
1651 2918 1815 2972 verba
1838 2919 1908 2974 ab
1927 2918 2101 2975 Atha-

518 3005 697 3071 nasio,
731 3003 1100 3070 Theodoreto,
1153 3003 1374 3060 Gelasio
1414 3014 1610 3060 contra
1653 3007 1912 3077 antiquos
1963 3010 2104 3063 divi-

517 3096 708 3150 nitatis
732 3094 935 3150 Christi
966 3094 1378 3167 impugnatores
1400 3097 1589 3163 citata,
1620 3096 1770 3150 illam
1800 3097 1876 3151 ita
1899 3098 2101 3155 invicte

2212 595 2408 633 norum
2448 580 2606 633 altari
2639 581 2703 634 ad
2732 580 2997 651 Ephesios
3024 582 3216 636 scribit
3248 601 3261 637 :
3293 602 3312 634 ι
3342 583 3399 638 Si
3430 583 3557 654 quis
3585 600 3691 638 non
3724 585 3794 639 sit

2212 671 2355 725 intra
2389 672 2582 737 altare,
2609 671 2706 725 τοῦ
2739 671 3155 745 θυσιαστηρίου,
3182 675 3425 743 privatur
3455 691 3595 745 pane
3617 675 3733 731 Dei.
3769 697 3787 728 ι

2213 763 2281 818 Et
2320 763 2389 819 ad
2438 764 2913 834 Philadelphazos:
2974 783 2993 816 ι
3045 764 3163 820 Una
3211 767 3359 821 enim
3395 782 3525 822 caro
3577 767 3792 823 Domini

2212 858 2384 912 nostri
2420 854 2548 912 Jesu
2584 857 2813 925 Christi,
2841 865 2897 912 et
2923 874 3069 913 unus
3098 858 3241 913 calix
3276 859 3334 913 in
3373 860 3635 915 unionem
3662 875 3793 915 san-

2211 950 2393 1021 guinis
2422 950 2630 1019 ipsius,
2678 965 2849 1003 unum
2882 950 3073 1018 altare,
3109 950 3168 1003 ἓν
3201 950 3604 1024 θυσιαστήριον.
3638 972 3658 1005 ι
3697 951 3795 1007 His

2213 1042 2267 1096 in
2298 1042 2437 1097 locis
2479 1056 2667 1096 vocem
2706 1041 3094 1114 θυσιαστήριον
3128 1044 3184 1097 in
3224 1058 3323 1098 sua
3360 1044 3582 1114 prapria
3604 1088 3619 1112 ,
3663 1062 3792 1102 vera

2211 1150 2277 1191 ac
2297 1135 2530 1205 genuina
2558 1134 2981 1205 signiﬁcatione,
2998 1135 3259 1190 nimirum
3283 1152 3384 1206 pro
3405 1152 3560 1193 sacra
3578 1153 3790 1206 mensa,

2210 1229 2267 1282 in
2296 1244 2405 1298 qua
2432 1227 2637 1281 Christi
2680 1243 2880 1298 corpus
2928 1228 3272 1294 immolatur,
3300 1229 3554 1298 usurpari
3597 1231 3794 1286 certis-

2209 1320 2413 1376 simum
2457 1331 2560 1374 est.
2600 1317 2760 1374 Unde
2807 1320 3056 1390 profecto
3105 1319 3418 1376 refutantur
3448 1320 3792 1390 Calviniani,

2208 1413 2301 1483 qui
2333 1429 2520 1467 verum
2549 1413 2752 1468 Christi
2798 1428 2997 1483 corpus
3040 1414 3093 1468 in
3141 1414 3479 1470 eucharistia
3521 1414 3645 1470 esse
3698 1431 3793 1469 ne-

2208 1514 2418 1577 gantes,
2446 1521 2634 1560 vocem
2671 1521 2891 1576 quoque
2931 1505 3318 1578 θυσιαστήριον
3350 1507 3524 1562 altare
3566 1524 3699 1563 vero
3729 1524 3795 1564 ac

2206 1596 2430 1666 proprio
2471 1596 2781 1667 signiﬁcatu
2826 1612 2922 1666 per
2951 1598 3051 1651 tria
3085 1598 3261 1666 prima
3292 1596 3550 1653 Ecclesiae
3592 1600 3792 1654 saecula

2208 1689 2277 1743 ab
2301 1688 2542 1759 antiquis
2568 1687 2828 1744 Patribus
2855 1698 3133 1758 acceptam
3167 1690 3503 1747 inticiantur.

2277 1800 2501 1856 Frustra
2574 1809 2755 1856 autem
2825 1802 3015 1872 objicit
3088 1802 3345 1861 Vedelius
3401 1805 3792 1861 eucharistiam

2208 1892 2401 1962 lgnatii
2454 1900 2698 1961 tempore
2741 1891 2809 1945 ad
2857 1908 3104 1946 mensam
3140 1893 3410 1964 ligneam,
3447 1909 3570 1963 qua:
3621 1895 3793 1949 altare

2208 1984 2425 2053 proprie
2478 1984 2686 2037 dictum
2737 1999 2845 2038 non
2903 1992 3060 2049 erat,
3104 1984 3275 2041 fuisse
3324 1986 3788 2043 administratam.

2207 2075 2480 2131 incertum
2537 2091 2777 2145 namque
2822 2075 3001 2146 primo
3052 2085 3139 2132 est
3182 2085 3368 2131 utrum
3407 2078 3496 2132 his
3535 2076 3795 2133 Ecclesiae

2205 2169 2544 2238 temporibus
2608 2167 2914 2222 Christiani
2962 2168 3149 2223 tabula
3208 2168 3387 2239 lignea
3437 2168 3523 2223 vel
3577 2169 3792 2239 lapidea

2206 2271 2508 2317 uterentur.
2563 2260 2842 2326 Secundo,
2891 2276 2999 2316 non
3044 2262 3303 2317 materies
3330 2261 3544 2331 lapidea
3583 2270 3678 2315 aut
3726 2263 3793 2316 li-

2205 2368 2365 2423 gnea.
2398 2350 2492 2407 sed
2527 2352 2858 2407 sacriﬁcium
2897 2367 3063 2422 super
3096 2366 3343 2407 mensam
3366 2393 3381 2419 ,
3413 2351 3794 2422 cujuscunque

2205 2443 2453 2499 materiei
2506 2444 2609 2509 sit,
2666 2444 2737 2497 ab
2787 2443 3110 2499 hominibus
3151 2441 3264 2499 Deo
3294 2443 3574 2509 oblatum,
3620 2443 3793 2498 altare

2204 2537 2427 2608 preprie
2454 2536 2663 2591 dictum
2698 2536 3007 2591 constituit.

2275 2626 2463 2698 Neque
2493 2642 2625 2682 vero
2673 2628 2727 2681 id
2780 2627 3008 2697 majoris
3037 2627 3303 2682 momenti
3331 2635 3433 2693 est,
3460 2625 3606 2697 quod
3643 2625 3789 2681 idem

2206 2717 2464 2774 Vedelius
2510 2734 2577 2773 eo
2608 2718 2740 2788 quia
2792 2719 3119 2775 mulieri-bus
3143 2761 3157 2787 ,
3200 2735 3270 2774 ne
3306 2720 3375 2774 ad
3427 2720 3598 2774 altare
3632 2734 3791 2775 acce-

2207 2811 2425 2878 derent,
2462 2811 2742 2865 nonnullis
2788 2811 3090 2866 canonibus
3124 2812 3348 2866 vetitum
3375 2812 3612 2878 esset“,
3662 2812 3790 2866 inde

2204 2901 2474 2974 lgnatium
2505 2919 2615 2956 non
2648 2903 2715 2956 de
2741 2904 2930 2973 aliquo
2953 2903 3246 2970 materiali,
3277 2905 3373 2957 sed
3396 2904 3463 2958 de
3489 2904 3784 2972 spirituali,

2203 3010 2428 3066 precum
2480 2995 2693 3050 scilicet
2734 3006 2788 3049 et
2813 2995 3127 3049 orationum
3156 2995 3342 3062 altari,
3372 2996 3783 3065 intelligendum

2206 3103 2328 3143 esse
2355 3086 2656 3143 contendit.
2693 3084 2989 3140 Enimvero
3042 3086 3184 3141 idem
3217 3086 3332 3156 ipse
3372 3084 3630 3141 Vedelius
3656 3102 3785 3141 cum

516 3191 837 3260 explicant,
878 3196 941 3245 ut
990 3205 1023 3244 a
1070 3191 1224 3246 nullo
1255 3192 1525 3247 hactenus
1556 3192 1825 3247 inﬁrmari
1855 3210 2099 3266 unquam
2127 3183 2172 3247 Β
2204 3180 2309 3235 hos
2339 3179 2474 3233 οῖῑέη
2502 3192 2766 3240 canones,
2794 3178 2887 3248 (illi
2918 3192 3111 3232 Vocem
3154 3177 3342 3232 altaris
3372 3192 3504 3231 νθτο
3553 3193 3617 3231 ac
3660 3194 3785 3248 ςεν-

515 3282 819 3354 potuerint.

589 3378 959 3445 Quamobrem
981 3380 1203 3449 quidam
1229 3393 1260 3433 e
1277 3381 1697 3435 Socimanorum
1726 3388 1897 3449 secta,
1915 3390 2104 3437 neote-

517 3471 667 3526 ricus
716 3471 972 3542 scriptor,
1004 3486 1130 3526 cum
1170 3471 1479 3527 claritatem
1528 3472 1761 3544 hujusce
1803 3475 2103 3530 testimonii

518 3563 690 3619 nullis
729 3563 912 3634 impiae
958 3564 1159 3619 mentis
1207 3564 1420 3619 artibus
1452 3564 1750 3621 obscurare
1795 3576 1998 3637 posset,
2034 3582 2101 3621 eo

522 3656 672 3711 venit
697 3655 1070 3727 impudentiae,
1097 3664 1159 3710 ut
1190 3656 1433 3712 scribere
1459 3672 1628 3713 ausus
1672 3658 1779 3714 sit:
1812 3657 1871 3712 ln
1905 3657 2101 3730 lgnatii

518 3748 769 3819 epistolis
795 3748 1203 3818 propositiones
1228 3750 1497 3819 quasdam
1526 3750 1908 3807 incommodas
1929 3760 1985 3807 et
2015 3751 2100 3806 in-

518 3841 702 3897 sulsas
730 3840 982 3909 reperiri,
1022 3856 1087 3895 ac
1135 3841 1366 3910 proinde
1410 3857 1538 3897 eum
1571 3842 1629 3896 in
1670 3858 1772 3897 sua
1796 3844 1864 3899 de
1892 3842 2100 3899 Christi

520 3932 809 3986 divinitate
858 3932 1130 3986 sententia
1184 3931 1343 3988 facile
1389 3932 1569 4002 decipi
1610 3934 1855 4003 potuisse
1957 3952 1977 3986 ι
2033 3950 2101 3991 ex

516 4024 816 4078 traditione
840 4023 1077 4093 alicujus
1110 4023 1563 4092 pseudo-Christi
1585 4066 1600 4091 ,
1637 4033 1692 4079 et
1728 4025 2100 4097 pseudo-apo-

520 4117 669 4171 stoli.
702 4134 721 4167 ι

593 4206 701 4261 Sed
730 4205 915 4261 nullus
946 4219 1189 4275 unquam
1231 4204 1288 4259 in
1321 4203 1620 4275 Ignatianis
1651 4205 1901 4275 epistolis
1930 4206 2097 4262 ullam

519 4298 931 4353 incommodam
971 4305 1067 4350 aut
1093 4296 1363 4350 insulsam
1392 4297 1820 4366 propositionem
1850 4299 2100 4369 assigna-

519 4388 620 4444 bit.
649 4387 852 4441 Deinde
881 4385 1135 4451 quamvis
1181 4384 1422 4455 lgnatius
1463 4387 1665 4441 alicubi
1697 4387 1754 4441 in
1792 4389 1957 4444 rebus
1981 4390 2101 4444 exi-

522 4482 645 4551 guis
679 4479 765 4536 vel
812 4479 1018 4535 nullius
1054 4478 1318 4532 momenti
1371 4477 1575 4546 aliquid
1624 4478 1849 4534 humani
1898 4495 2097 4549 passus

522 4582 697 4641 esset;
727 4581 938 4628 certum
980 4578 1165 4625 tamen
1203 4579 1289 4624 est
1324 4568 1505 4623 virum
1548 4570 1733 4635 illum,
1784 4586 1911 4626 vere
1965 4587 2099 4641 apo-

523 4668 815 4733 stolicum,
856 4673 912 4719 et
963 4660 1226 4732 martyrio
1283 4660 1511 4733 jamjam
1570 4662 1983 4731 coronandum,
2042 4664 2101 4721 in

524 4774 742 4816 summo
790 4773 856 4813 ac
904 4756 1179 4827 przecipuo
1242 4754 1410 4810 totius
1448 4754 1777 4810 Christianae
1817 4755 2100 4826 religionis

523 4852 700 4922 capite
730 4866 762 4908 a
793 4850 944 4906 nullo
974 4846 1437 4920 pseudo-Christo
1473 4856 1570 4902 aut
1619 4847 2098 4917 pseudo-apostolo

525 4943 701 4999 fuisse
746 4942 1053 5013 deceptum.
1111 4940 1441 4996 Temeraria:
1478 4954 1610 5010 ergo
1652 4939 1759 4995 illa:
1804 4939 2097 5010 impiorum

490 5037 812 5107 hominum
864 5033 1253 5104 responsiones
1304 5032 1658 5103 explodenda:
1708 5039 1879 5098 sunt,
1932 5030 2100 5101 eique

522 5130 787 5186 doctrinae
815 5127 1214 5191 inbmrendum,
1238 5140 1339 5196 pro
1362 5141 1471 5195 qua
1496 5140 1606 5180 non
1633 5124 1811 5180 solum
1833 5123 2097 5195 lgnatius,

524 5222 622 5277 sed
655 5220 931 5276 innumeri
954 5226 1222 5290 martyres
1252 5216 1575 5289 sanguinem
1604 5232 1769 5272 suum
1792 5216 2102 5273 constantia

524 5313 838 5369 admirabili
868 5312 1137 5382 planeque
1164 5310 1350 5366 divina
1373 5306 1757 5380 profuderunt.

740 5446 864 5519 §ll.
906 5445 984 5500 De
1025 5461 1179 5500 sacro
1224 5442 1654 5500 Christianorum
1688 5442 1880 5498 altari.

581 5582 785 5651 Neque
847 5579 980 5635 illud
1037 5579 1201 5636 etiam
1266 5578 1644 5649 perfunctorie
1703 5576 2093 5633 observatione

2205 3287 2370 3326 mann
2399 3286 2563 3326 sensu
2595 3278 2890 3340 usurpant,
2923 3270 3165 3338 seipsum
3202 3269 3521 3338 imprudens
3545 3269 3780 3340 jugulat.

2204 3362 2409 3419 Deinde
2434 3361 2677 3433 lgnatius
2708 3362 2774 3416 de
2799 3361 3133 3417 eucharistia
3168 3362 3433 3432 loquitur,
3459 3377 3525 3415 ac
3557 3363 3787 3431 proinde

2204 3470 2313 3510 non
2337 3454 2405 3510 de
2430 3453 2702 3523 spirituali
2738 3468 2803 3508 ac
2837 3453 3244 3522 metaphorico,
3280 3454 3375 3508 sed
3407 3454 3474 3508 de
3510 3454 3783 3509 materiali

2202 3556 2257 3603 ct
2286 3561 2418 3603 vero
2458 3546 2614 3600 altari
2668 3561 2794 3601 eum
2834 3544 2986 3616 loqui
3018 3560 3241 3601 necesse
3288 3554 3392 3601 est.
3443 3546 3688 3616 Denique
3734 3547 3784 3602 si

2204 3638 2526 3693 mulieribus
2585 3638 2775 3693 altaris
2831 3651 3060 3693 accessu
3124 3637 3254 3692 olim
3312 3637 3782 3704 interdicebatur,

2201 3745 2299 3800 per
2328 3730 2500 3785 divini
2530 3738 2744 3785 tantum
2776 3728 2938 3786 cilicii
2975 3740 3221 3801 tempora
3243 3771 3258 3795 ,
3306 3746 3417 3784 non
3441 3741 3622 3785 autem
3655 3746 3780 3785 cum

2202 3824 2539 3880 eucharistia
2581 3824 2901 3897 accipienda
2941 3833 3116 3893 esset,
3158 3824 3292 3880 illud
3322 3825 3404 3881 eis
3444 3824 3783 3895 prohibitum

2203 3917 2330 3973 fuit.

2272 4011 2505 4067 lnstabis
2531 4011 2727 4081 primis
2750 4009 3009 4067 Ecclesite
3034 4010 3250 4067 saeculis
3279 4024 3470 4065 vocem
3507 4028 3526 4062 ι
3564 4009 3735 4064 altare
3756 4028 3779 4061 ι

2202 4103 2384 4157 rarius
2425 4102 2726 4157 adhibitam
2775 4116 2808 4155 a
2857 4101 3132 4169 Patribus,
3183 4102 3280 4173 qui
3336 4117 3462 4156 cum
3517 4101 3785 4157 adversus

2201 4195 2449 4250 ethnicos
2477 4194 2839 4264 disputarent,
2875 4194 2984 4247 ulla
3014 4191 3347 4247 Christianis
3392 4192 3584 4245 altaria
3608 4190 3785 4247 fuisse

2203 4296 2519 4342 constanter
2547 4287 2937 4358 pernegabant.
2970 4285 3079 4339 Sed
3115 4285 3200 4340 bis
3242 4283 3403 4339 facile
3445 4284 3786 4353 respondeas

2199 4379 2379 4449 primo
2422 4393 2611 4433 vocem
2659 4378 2808 4431 illam
2848 4392 2868 4427 ι
2907 4377 3081 4431 altare
3104 4376 3210 4430 iab
3238 4374 3470 4445 lgnatio,
3504 4374 3696 4445 quidni
3726 4386 3788 4432 et

2200 4471 2270 4525 ab
2308 4470 2431 4525 aliis
2465 4485 2699 4539 quorum
2741 4468 2942 4537 scripta
2988 4468 3290 4537 perierunt,
3335 4480 3447 4521 non
3482 4482 3631 4533 raro,
3685 4471 3786 4526 sed

2204 4578 2346 4633 saepe
2376 4569 2716 4631 usurpatam.
2747 4560 3021 4627 Secundo,
3046 4561 3093 4616 si
3126 4560 3284 4630 primi
3311 4558 3567 4616 Ecclesiae
3590 4559 3787 4619 Patres

2205 4657 2263 4708 in
2320 4652 2436 4708 suis
2486 4660 2679 4706 contra
2712 4666 2956 4722 paganos
2983 4652 3201 4722 scriptis
3233 4660 3289 4707 et
3317 4652 3786 4722 disputationibus

2204 4745 2353 4799 nulla
2396 4743 2728 4800 Christianis
2773 4743 2968 4798 altaria
3016 4743 3188 4799 fuisse
3227 4744 3509 4811 dixerunt,
3551 4745 3609 4800 in
3656 4747 3787 4804 aliis

2204 4838 2483 4908 operibus,
2525 4843 2620 4890 aut
2663 4836 3013 4891 sermonibus
3048 4836 3117 4891 ad
3160 4836 3507 4894 Christianos
3552 4838 3784 4905 habitis,

2205 4949 2305 4990 sua
2340 4933 2488 5002 ipsos
2517 4930 2709 4985 altaria
2740 4929 3001 4984 habuisse
3036 4930 3376 4984 asserebant.
3410 4928 3785 4996 Quamobrem

2204 5041 2329 5081 cum
2361 5022 2731 5093 antiquissimi
2758 5021 2837 5076 illi
2869 5022 3170 5091 scriptores
3206 5022 3310 5077 sibi
3344 5023 3480 5092 ipsis
3514 5023 3786 5078 contrarii

2200 5130 2323 5172 esse
2350 5129 2460 5169 non
2485 5113 2719 5184 possint,
2744 5111 2904 5167 iidem
2933 5111 3127 5182 procul
3155 5111 3324 5167 dubio
3362 5112 3457 5169 ubi
3487 5112 3620 5168 illud
3654 5112 3783 5168 inﬁ-

2203 5209 2443 5273 ciantur,
2471 5206 2546 5262 ibi
2569 5205 2638 5261 de
2666 5204 2932 5260 altaribus
2955 5205 3207 5275 publicis,
3222 5206 3277 5262 in
3294 5206 3496 5278 quibus
3514 5205 3784 5263 sacriﬁcia

2205 5299 2448 5353 maximo
2477 5304 2743 5367 apparatu
2773 5304 2833 5350 et
2866 5309 3203 5367 paganorum
3233 5310 3387 5352 more
3412 5297 3628 5364 ﬁerent,
3652 5307 3785 5353 sunt

2208 5390 2564 5460 intelligendi.
2590 5387 2657 5443 Et
2683 5395 2831 5443 certe
2865 5402 2993 5442 cum
3023 5386 3126 5457 ipsi
3164 5388 3555 5444 eucharistiam
3589 5403 3780 5444 verum

2210 5481 2460 5552 corporis
2489 5489 2544 5534 et
2570 5464 2854 5549 sanguinis
2882 5475 3089 5533 Christi
3124 5478 3454 5535 sacrificium
3478 5494 3600 5536 esse
3632 5480 3782 5534 omni

2209 5571 2616 5629 asseveratione
2657 5569 2952 5637 aﬁirment,
3004 5570 3149 5639 apud
3200 5572 3542 5628 Christianos
3589 5586 3781 5627 verum

568 5785 614 5817 “
669 5784 801 5856 Sup.
836 5793 977 5855 part.
1013 5798 1052 5851 ι,
1080 5798 1199 5854 cap.
1234 5783 1320 5851 ιε,
1356 5781 1384 5853 §
1413 5783 1446 5839 5
1473 5792 1527 5839 ct
1557 5782 1607 5839 ϐ.
1684 5782 1730 5816 ’⁵⁸
1755 5779 1926 5852 Epist.
1962 5778 2030 5834 ad
2062 5776 2100 5834 S

2205 5794 2239 5834 π.
2316 5778 2358 5811 ⁸⁷
2387 5776 2559 5848 Epist.
2584 5776 2655 5833 ad
2687 5775 2865 5848 Eplm
2956 5777 3011 5855 ῥ’
3035 5791 3193 5837 conc.
3226 5774 3445 5835 Laodic.
3471 5789 3596 5834 can.
3625 5773 3717 5831 μ.
