4134 6390
395 383 499 439 561

1367 377 1433 436 D.
1474 371 1767 433 NOURRII
1799 365 2277 425 DISSERTATIO.
2318 396 2387 407 —
2412 365 2592 420 PARS
2628 364 2720 419 lll.

3535 368 3641 421 562

385 523 453 565 ac
476 506 756 578 proprium
782 505 953 562 altare
974 504 1196 577 aliquod
1222 502 1395 561 fuisse
1421 515 1621 573 negare
1641 513 1751 553 non
1772 503 1966 567 potue~
1992 499 2039 555 Α
2077 489 2105 560 ς
2132 488 2221 544 1V.
2257 487 2521 543 Diaconos
2550 486 3042 578 eucharistiieLnon.
3064 484 3299 539 ciborum
3336 494 3384 539 et
3418 494 3636 553 potuum

382 607 532 655 runt.

467 690 496 763 ς
524 688 611 743 Ill.
639 688 707 745 In
733 689 1059 746 eucharistia
1085 703 1264 744 verum
1285 703 1397 744 esse
1425 685 1630 743 Christi
1665 682 1890 756 corpus.‘

454 779 533 837 Ex
560 781 647 837 his
677 791 859 837 autem
882 780 1242 851 scriptoribus
1272 787 1458 835 noster
1484 778 1542 833 in
1581 777 1772 848 primis
1800 774 1956 847 lgna-

382 871 492 928 tius
516 887 707 926 verum
744 872 801 927 in
822 871 1156 926 eucharistia
1177 884 1299 926 esse
1318 868 1525 924 Christi
1551 882 1752 937 corpus
1774 866 1953 921 diser-

382 961 592 1016 tissime
618 961 796 1017 docet.
824 959 1107 1030 Siquidem
1136 960 1227 1014 ubi
1258 960 1326 1015 de
1349 957 1640 1023 haereticis,
1672 958 1766 1028 qui
1787 955 1950 1012 Chri-

378 1062 525 1110 stum
553 1068 665 1108 non
695 1068 906 1119 veram,
951 1052 1047 1109 sed
1078 1053 1261 1108 ﬁctam
1298 1059 1355 1107 et
1379 1051 1694 1107 simulatam
1731 1064 1951 1105 carnem

377 1144 749 1213 assumpsisse
800 1143 1135 1214 garriebant,
1178 1157 1491 1199 sermonem
1535 1142 1700 1196 habet
1744 1158 1759 1195 :
1807 1159 1827 1193 ι
1867 1140 1953 1195 Ab

373 1235 733 1302 cucharistia,
761 1234 941 1304 inquit
963 1234 1030 1301 ιθ,
1061 1234 1361 1301 abstinent,
1390 1242 1609 1303 prOpter
1633 1246 1745 1287 non
1775 1231 1953 1287 conﬁ-

373 1326 476 1380 teri
510 1340 733 1381 carnem
764 1340 887 1381 esse
923 1323 1224 1380 Salvatoris
1250 1324 1423 1380 nostri
1452 1323 1582 1380 Jesu
1610 1322 1813 1379 Christi
1852 1336 1951 1393 pro

370 1417 613 1486 peccatis
642 1416 845 1472 nostris
875 1432 1148 1487 passam,»
1169 1426 1274 1472 etc.
1304 1417 1371 1471 Et
1401 1431 1530 1472 vero
1558 1416 1605 1471 si
1638 1426 1769 1470 tunc
1790 1414 1950 1470 Chri-

372 1508 543 1563 stiani
584 1508 639 1562 in
671 1509 861 1563 eadem
900 1524 965 1564 ac
992 1508 1301 1563 Calviniani
1340 1509 1516 1563 nostri
1554 1506 1790 1563 fuissent
1816 1523 1946 1563 sen-

372 1600 563 1664 tentia,
597 1600 988 1655 eucharistiam
1021 1602 1271 1671 corporis
1307 1600 1517 1657 Christi
1560 1600 1767 1656 nudam
1804 1601 1948 1656 dun-

367 1693 520 1739 taxat
553 1701 676 1741 esse
715 1686 969 1758 ﬁguram,
1015 1689 1085 1744 ab
1133 1689 1214 1744 eis
1255 1704 1367 1744 non
1410 1689 1596 1760 potius
1643 1690 1735 1745 illa
1787 1689 1945 1760 rejici

364 1775 573 1843 debuit,
601 1792 765 1847 quam
797 1778 1122 1849 baptismus,
1151 1780 1245 1851 qui
1270 1796 1398 1836 vere
1426 1781 1619 1836 mortis
1651 1780 1855 1837 Christi
1882 1782 1945 1836 ﬁ-

364 1884 496 1939 gnra
535 1886 658 1926 csse
698 1871 919 1928 dicitur.
967 1871 1085 1929 lmo
1119 1875 1187 1929 ab
1224 1874 1331 1930 illis
1376 1882 1432 1930 et
1462 1874 1793 1931 cucharistia
1832 1889 1942 1929 non

364 1976 527 2017 secus
547 1978 611 2018 ac
635 1965 943 2034 baptismus
965 1964 1232 2022 ambabus
1257 1967 1404 2022 ulnis
1426 1966 1773 2036 suscipienda
1790 1966 1939 2036 erat';

361 2052 565 2122 quippe
600 2069 712 2123 qua
758 2054 1040 2112 Christum
1084 2056 1300 2125 nullibi,
1348 2057 1457 2113 nisi
1504 2059 1560 2112 in
1601 2057 1796 2128 ﬁgura,
1828 2072 1941 2111 non

360 2144 537 2214 reipsa
553 2147 833 2202 exstitisse
855 2149 1261 2205 concluderent.
1285 2150 1421 2205 Cum
1444 2164 1576 2222 ergo
1596 2150 1665 2205 ab
1696 2150 1789 2205 illa
1809 2151 1938 2206 abs-

360 2238 644 2305 tinuerint,
671 2242 727 2295 in
763 2240 953 2297 eadem
994 2241 1114 2312 ipsa
1142 2257 1332 2298 verum
1363 2258 1563 2314 corpus
1584 2242 1791 2299 Christi
1818 2258 1939 2300 esse

356 2344 685 2399 persuasum
721 2332 1019 2389 habebant.

429 2418 665 2491 Objiciet
708 2421 942 2480 forsitan
981 2425 1183 2496 aliquis
1218 2426 1643 2493 eucharistiam,
1679 2428 1785 2484 etsi
1825 2443 1932 2483 nu-

354 2512 480 2566 dam
509 2515 760 2584 corporis
790 2515 997 2575 Christi
1023 2516 1277 2588 ﬁguram,
1308 2518 1429 2574 ideo
1456 2527 1639 2574 tamen
1662 2519 1732 2575 ab
1751 2518 1830 2574 eis
1853 2534 1936 2573 re-

348 2604 581 2674 jectam;
615 2608 764 2676 quia,
802 2616 862 2663 ut
888 2608 967 2663 ait
997 2608 1427 2667 Tertullianus”
1456 2629 1471 2669 :
1503 2609 1646 2665 Vana
1668 2628 1772 2676 res,
1793 2611 1931 2681 quod

351 2708 431 2751 est
465 2698 807 2767 phantasma,
835 2701 1069 2770 ﬁguram
1111 2718 1215 2755 non
1244 2702 1503 2757 admittit.
1548 2700 1654 2758 Sed
1701 2703 1808 2759 huc
1838 2703 1931 2759 illa

352 2786 672 2845 Tertulliani
698 2793 999 2849 auctoritas
1024 2808 1307 2863 perperam
1330 2793 1652 2849 adducetur.
1675 2792 1753 2849 lbi
1781 2796 1930 2850 enim

349 2878 544 2937 doctus
565 2882 656 2937 ille
678 2884 765 2938 vir
792 2883 1150 2954 Marcionem,
1182 2887 1277 2956 qui
1305 2886 1585 2942 Christum
1610 2886 1796 2943 ﬁctum
1828 2886 1929 2942 ho—

350 2971 555 3026 minem
585 2981 640 3028 et
673 2974 1004 3044 phantasma
1039 2976 1210 3033 fuisse
1233 2978 1524 3045 delirabat,
1548 2978 1654 3033 hoc
1680 2978 1927 3034 testimo-

349 3065 444 3120 nio
489 3064 740 3121 Jeremiae
764 3067 810 3098 “
844 3066 1075 3125 dicentis
1109 3087 1123 3124 :
1164 3069 1367 3136 Venite,
1390 3071 1667 3125 mittamus
1700 3069 1922 3142 lignum,

346 3166 480 3224 etc.,
513 3159 729 3229 egregie
752 3157 974 3228 refellit,
994 3160 1344 3234 ostenditque
1369 3178 1434 3218 eo
1461 3162 1569 3219 loci
1594 3178 1788 3233 panem
1815 3178 1921 3218 non
1947 3177 1993 3235 (ζ

347 3248 577 3318 figuram
604 3249 806 3306 Christi
833 3251 1138 3322 simplicem
1167 3260 1221 3307 et
1267 3254 1494 3321 nudam,
1539 3254 1635 3309 sed
1684 3255 1922 3325 prophe-

350 3341 513 3395 ticam
558 3343 846 3412 appellari.
901 3344 974 3398 At
1016 3344 1072 3399 in
1102 3345 1437 3401 eucharistia
1490 3345 1651 3416 juxta
1682 3345 1925 3401 Calvini-

347 3442 562 3487 .starum
594 3434 908 3504 opinionem
954 3450 1064 3490 non
1096 3434 1269 3490 futuri
1304 3437 1553 3507 corporis
1583 3438 1922 3507 pr0phetica,

346 3525 441 3580 sed
479 3526 730 3597 corporis
775 3542 903 3583 vere
948 3529 1267 3584 exsistentis
1299 3529 1475 3600 ﬁgura
1510 3537 1615 3586 est.
1663 3529 1797 3597 Quis
1824 3546 1925 3586 au-

345 3623 454 3669 tem
491 3617 774 3672 revocabit
826 3616 883 3672 in
913 3617 1143 3674 dubium
1186 3618 1429 3689 aliquam
1470 3621 1738 3691 corporis,
1775 3621 1924 3691 quod

344 3706 600 3763 simulate
633 3717 688 3763 et
718 3708 843 3763 ﬁcte
889 3717 1102 3764 tantum
1144 3709 1385 3776 exsistit,
1428 3726 1593 3780 posse
1621 3726 1744 3767 esse
1780 3711 1922 3783 ﬁgu-

344 3814 485 3854 ram.
519 3798 771 3855 Haeretici
804 3815 943 3873 ergo
982 3799 1061 3875 illi
1101 3800 1246 3855 hanc
1288 3800 1359 3856 ob
1393 3816 1619 3857 causam
1665 3803 1920 3857 euchari-

343 3892 530 3957 stiam,
566 3891 729 3947 sicuti
771 3892 1129 3962 baptismum,
1167 3907 1331 3961 quem
1372 3894 1511 3948 ﬁcta:
1538 3892 1741 3949 Christi
1774 3908 1922 3949 mor-

342 3979 415 4034 tis
439 3979 668 4051 ﬁguram
698 3996 822 4038 esse
866 3982 1267 4050 concedebant,
1288 3997 1550 4052 respuere
1577 3999 1688 4039 non
1714 3983 1920 4040 debue-

340 4078 493 4124 runt.

414 4157 536 4215 Vim
577 4161 811 4233 hujusce
844 4164 1155 4234 argumenti
1192 4179 1317 4219 cum
1360 4164 1589 4219 sentiret
1633 4162 1917 4232 Claudius,

336 4245 806 4305 Charentonensis
838 4251 967 4306 olim
1000 4253 1275 4319 minister,
1318 4253 1374 4307 in
1413 4254 1579 4308 aliam
1621 4255 1758 4310 abiit
1798 4270 1919 4309 sen-

338 4340 589 4396 tentiam.
630 4341 935 4412 Respondit
980 4344 1166 4415 itaque
1194 4345 1241 4377 ⁸²
1278 4346 1383 4401 hos
1424 4346 1710 4403 haereticos
1751 4348 1917 4402 stulto

338 4428 644 4485 credidisse
670 4430 976 4501 Christum,
1000 4435 1095 4503 qui
1122 4449 1314 4490 verum
1343 4450 1545 4505 corpus
1572 4452 1681 4491 non
1703 4436 1915 4502 habuit,

2643 574 2754 611 esse
2773 556 3063 623 ministros.

2128 672 2544 730 Observandum
2571 686 2791 741 quoque
2825 671 3088 725 diaconos
3124 668 3268 723 inter
3294 683 3481 724 sacros
3507 667 3635 722 ado-

2056 763 2216 818 randi
2240 762 2593 818 eucharistia:
2631 761 2963 817 sacramenti
3002 760 3283 816 ministros
3317 760 3387 815 ab
3422 758 3633 830 lgnatio

2055 854 2365 925 computari
2389 854 2435 886 ⁵³
2460 873 2475 907 :
2503 873 2521 905 ι
2556 852 2782 923 Oportet
2811 860 2864 906 et
2889 851 3149 907 diaconos
3173 852 3455 907 ministros
3481 852 3631 907 exsi-

2054 954 2260 1001 stentes
2289 946 2678 1017 mysteriorum
2726 943 2854 998 Jesu
2888 942 3095 997 Christi
3125 983 3140 998 .
3178 984 3191 998 .
3224 984 3238 999 .
3268 985 3281 997 .
3319 943 3438 999 Non
3482 945 3627 999 enim

2052 1038 2303 1093 ciborum
2332 1047 2387 1093 et
2414 1045 2641 1107 potuum
2662 1045 2790 1091 sunt
2816 1034 3075 1089 ministri.
3116 1054 3136 1087 ι
3163 1034 3302 1089 Hinc
3315 1037 3478 1090 etiam
3511 1035 3630 1091 Ste-

2052 1130 2292 1198 phanus,
2326 1145 2471 1185 unus
2507 1144 2575 1182 ex
2607 1136 2816 1197 septem
2850 1128 3049 1196 primis
3070 1125 3330 1182 Ecclesiae
3355 1128 3626 1193 diaconis,

2051 1222 2120 1276 ab
2144 1221 2433 1276 Ambrosio
2464 1220 2513 1254 “
2532 1230 2790 1275 vocatur:
2815 1219 3092 1274 «Minister
3124 1220 3351 1285 altaris;
3377 1238 3395 1272 ι
3414 1228 3467 1274 et
3485 1218 3630 1274 Lau-

2049 1315 2265 1368 rentius
2292 1314 2435 1383 apud
2465 1314 2718 1368 eumdem
2753 1313 3056 1377 doctorem,
3102 1310 3315 1365 Sixtum
3347 1328 3624 1366 summum

2047 1405 2358 1475 pontiﬁcem
2383 1406 2470 1459 his
2491 1405 2670 1460 verbis
2701 1403 3079 1473 compellat”:
3105 1422 3123 1454 ί
3147 1401 3407 1471 Experire
3439 1410 3624 1455 utrum

2049 1496 2308 1550 idoneum
2340 1495 2657 1550 ministrum
2691 1495 2941 1564 elegeris,
2968 1494 3057 1549 cui
3086 1493 3411 1548 commisisti
3442 1491 3625 1546 Domi-

2048 1583 2158 1637 nici
2183 1583 2467 1656 sanguinis
2502 1584 2994 1638 consecrationem.
3038 1600 3058 1635 ι
3100 1581 3207 1636 Sed
3238 1581 3370 1635 illud
3401 1582 3625 1651 potissi-

2046 1688 2197 1727 mum
2227 1674 2283 1728 in
2314 1675 2495 1729 verbis
2524 1673 2716 1744 lgnatii
2743 1673 3307 1738 animadvertendum,
3336 1673 3480 1741 quod
3504 1673 3624 1741 ipse

2045 1764 2112 1819 de
2136 1764 2329 1819 iisdem
2361 1765 2608 1820 diaconis
2648 1764 2856 1818 addidit
2882 1781 2895 1815 :
2917 1782 2935 1815 ‹
2974 1761 3091 1817 Non
3119 1768 3262 1818 enim
3290 1763 3539 1817 ciborum
3569 1774 3624 1819 et

1974 1836 2017 1890 Β
2045 1862 2272 1923 potuum
2309 1861 2438 1908 sunt
2458 1852 2713 1909 ministri.
2738 1870 2756 1904 ι
2787 1850 3000 1906 Etenim
3030 1851 3085 1904 hi
3128 1851 3364 1921 primum
3397 1850 3617 1919 quidem

2044 1958 2105 2004 ut
2134 1951 2422 2006 viduarum
2452 1964 2863 2020 pauperumque
2893 1963 3084 2004 curam
3107 1955 3379 2019 gererent,
3400 1948 3467 2001 ab
3488 1962 3620 2016 apo-

2040 2042 2198 2096 stolis
2230 2050 2360 2097 sunt
2389 2040 2650 2096 ordinati.
2686 2038 2890 2094 Verum
2919 2039 3309 2095 secundarium
3359 2038 3491 2093 illud
3520 2053 3617 2093 eo-

2038 2150 2161 2189 rum
2185 2150 2408 2201 munus,
2439 2134 2693 2203 quamvis
2722 2134 2912 2203 prima:
2941 2132 3189 2202 ipsorum
3235 2130 3488 2185 electioni
3524 2147 3617 2184 occ

2036 2225 2317 2282 casionem
2346 2225 2695 2294 praebuisset;
2736 2224 3065 2294 quibusdam
3094 2233 3275 2277 tamen
3301 2222 3355 2275 in
3380 2221 3609 2290 regioni.
3654 2214 3660 2223 '

2037 2316 2144 2371 bus
2176 2316 2342 2386 paulo
2364 2326 2488 2386 post
2518 2314 2625 2370 fuit
2654 2313 3055 2369 mutationibus
3081 2312 3406 2367 obnoxium.
3438 2310 3613 2365 Porro

2035 2407 2083 2461 si
2125 2407 2257 2477 quid
2295 2415 2485 2461 contra
2550 2404 2895 2461 Justinianus
2948 2412 3005 2459 et
3051 2403 3295 2475 synodus
3348 2402 3609 2459 Trullana

2033 2497 2361 2563 delinierint,
2390 2498 2494 2552 hac
2524 2497 2580 2551 in
2613 2511 2673 2551 re
2704 2512 2771 2550 ex
2796 2496 2938 2551 male
2967 2494 3279 2559 intellectis,
3314 2510 3439 2549 cum
3471 2492 3613 2548 Neo-

2034 2587 2378 2643 catsariensis
2414 2587 2629 2643 concilii
2660 2587 2728 2652 ⁵⁸,
2755 2594 2870 2640 tum
2911 2584 3290 2657 Chrysostomi
3321 2585 3501 2639 verbis
3545 2584 3614 2639 ab

2039 2678 2266 2749 antiqua
2301 2677 2525 2733 Patrum
2551 2677 2845 2734 traditione
2866 2686 3233 2731 recesserunt.

2034 2787 2149 2861 ιγ.
2176 2787 2610 2861 Εοςζεείαειὶεατη
2636 2787 2993 2861 hieran/tiam
3017 2786 3189 2841 tribus
3218 2796 3427 2861 tantum
3442 2791 3612 2843 sacris

2102 2859 2381 2941 ordinibus
2414 2859 2678 2929 componi,
2727 2869 2777 2912 et
2818 2858 3087 2927 episcopos
3136 2859 3457 2927 presbyteris
3501 2876 3612 2914 esse

2098 2945 2415 2992 superiores.

2085 3023 2655 3096 'Annnadvertendum
2684 3046 2943 3110 praeterea
2967 3038 3239 3109 lgnatium
3272 3048 3385 3095 tres
3415 3039 3610 3095 Eccle-

2026 3132 2121 3187 sia:
2133 3132 2512 3188 ministrorum
2530 3131 2751 3186 ordines
2769 3146 2869 3186 nec
2881 3132 3066 3202 plures
3083 3129 3234 3184 ullibi
3251 3146 3608 3198 memorasse,

2026 3225 2317 3295 episcopos
2363 3223 2594 3289 scilicet,
2630 3222 2982 3294 presbyteros
3012 3229 3067 3276 et
3110 3221 3396 3277 diaconos.
3453 3220 3612 3277 Unde

2027 3318 2306 3388 intelligas
2328 3316 2763 3373 ecclesiasticam
2790 3315 3155 3371 hierarchiam
3193 3315 3247 3368 in
3276 3315 3362 3371 his
3394 3324 3608 3370 tantum

2031 3408 2209 3464 tribus
2254 3407 2546 3463 ordinibus
2595 3406 2664 3460 ab
2699 3421 2766 3461 eo
2806 3405 2977 3461 fuisse
3026 3406 3402 3461 constitutam.
3450 3406 3608 3471 Quod

2024 3501 2244 3572 quidem
2270 3502 2512 3571 synodus
2543 3497 2864 3553 Tridentina
2898 3498 3002 3553 hoc
3027 3512 3237 3553 canone
3257 3498 3456 3553 diserte
3476 3514 3608 3553 con-

2022 3591 2205 3646 ﬁrmat
2224 3599 2277 3645 et
2295 3590 2485 3644 deﬁnit
2511 3590 2556 3623 ⁵⁷
2582 3604 2595 3642 :
2630 3607 2650 3640 ‹
2686 3588 2743 3643 Si
2766 3589 2891 3659 quis
2919 3590 3120 3644 dixerit
3151 3590 3204 3643 in
3231 3588 3476 3645 Ecclesia
3509 3605 3603 3644 ca-

2027 3683 2230 3739 tholica
2265 3696 2375 3737 non
2414 3696 2539 3736 esse
2583 3680 2972 3747 hierarchiam,
3022 3680 3210 3736 divina
3257 3681 3604 3737 ordinatione

2021 3775 2350 3841 institutam,
2388 3787 2510 3844 quae
2548 3780 2767 3827 constat
2793 3786 2861 3826 ex
2898 3771 3217 3841 episcopis,'
3244 3769 3602 3843 presbyteris,

2022 3875 2078 3922 et
2120 3865 2412 3931 ministris,
2456 3865 2749 3920 anathema
2798 3863 2889 3918 sit.
2920 3881 2939 3915 ι
2970 3862 3275 3921 Addamus.
3328 3864 3375 3918 si
3423 3862 3596 3927 lubet,

2022 3956 2293 4030 lgnatium
2316 3956 2520 4027 ubique
2542 3956 2708 4010 etiam
2731 3955 3112 4025 episcoporum
3138 3969 3249 4024 prae
3269 3954 3602 4026 presbyteris

2018 4049 2392 4105 excellentiam
2416 4048 2489 4102 ita
2519 4048 2665 4102 clare
2688 4046 2942 4103 docuisse
2960 4085 2977 4112 ,
3011 4056 3070 4101 ut
3094 4044 3239 4101 hanc
3264 4046 3336 4100 ob
3367 4060 3590 4100 causam

2019 4141 2336 4197 Calvinista
2364 4154 2607 4206 omnem,
2639 4139 2720 4193 uti
2748 4137 2871 4194 fuse
2910 4154 2940 4192 a
2971 4137 3131 4193 nobis
3160 4137 3598 4193 demonstratum

2018 4244 2122 4303 est,
2151 4233 2427 4289 moverint
2458 4232 2843 4303 lapidem,quo
2885 4232 2987 4286 has
3009 4231 3270 4301 epistolas
3296 4230 3367 4284 ab
3395 4228 3603 4299 lgnatio

2020 4328 2253 4397 scriptas
2281 4340 2393 4380 non
2430 4324 2605 4379 fuisse
2639 4324 3013 4380 ostenderent.
3064 4321 3170 4378 Sed
3201 4322 3343 4376 irriti
3375 4320 3602 4376 fuerunt

2021 4418 2216 4489 injusti
2259 4431 2453 4472 eorum
2487 4425 2744 4482 conatus,
2791 4430 2857 4471 ac
2907 4415 3107 4470 victrix
3156 4414 3361 4485 ubique
3394 4414 3601 4470 veritas

336 4518 427 4574 his
460 4521 643 4575 verbis
674 4537 688 4573 :
721 4521 837 4576 Hoc
871 4533 951 4578 est
994 4540 1183 4593 corpus
1213 4541 1419 4593 meum,
1456 4542 1674 4597 panem,
1703 4535 1764 4581 ut
1793 4541 1915 4581 cor-

2031 4526 2238 4582 semper
2276 4510 2653 4580 triumphavit.

333 4625 441 4679 pus
474 4626 635 4667 suum
666 4612 842 4681 ﬁeret,
872 4630 1066 4671 revera
1102 4617 1414 4687 adoptasse.
1442 4617 1499 4672 ιιι
1530 4633 1658 4673 vero
1699 4628 1762 4673 ut
1784 4634 1915 4689 pro-

334 4702 447 4767 bet,
479 4702 899 4773 Tertullianum,
923 4708 1045 4765 loco
1073 4725 1105 4763 a
1126 4710 1286 4765 nobis
1317 4725 1484 4780 supra
1503 4710 1698 4779 citato,
1723 4720 1917 4767 testem

334 4797 619 4865 producit.
651 4797 758 4854 Sed
794 4801 869 4855 ibi
894 4799 1267 4857 Tertullianus
1301 4802 1368 4857 de
1404 4802 1493 4856 illa
1531 4802 1916 4859 haereticorum

331 4889 504 4942 stulta
528 4890 788 4959 opinione
824 4908 893 4947 ne
919 4894 1208 4949 minimum
1248 4894 1471 4964 quidem
1511 4897 1738 4950 verbum
1769 4895 1915 4951 fecit.

404 4979 576 5036 Instat
615 4982 707 5039 ille
746 4998 813 5038 ex
854 4983 1187 5041 Bellarmino
1227 4988 1297 5042 ab
1338 4987 1611 5044 haereticis
1649 4989 1756 5045 illis
1804 5005 1913 5044 non

333 5078 448 5125 tam
488 5085 893 5130 sacramentum
949 5078 1321 5146 eucharistiae,
1376 5095 1542 5150 quam
1590 5081 1914 5152 mysterium

332 5161 739 5220 lncarnationis
767 5164 942 5223 fuisse
969 5168 1372 5241 impugnatum.
1404 5169 1547 5237 Quid
1578 5170 1913 5227 indc?Nun-

331 5253 468 5323 quid
496 5255 820 5325 mysterium
850 5254 1253 5313 Incarnationis
1283 5259 1443 5313 aliter
1470 5260 1779 5331 impugnari
1803 5276 1912 5316 non

330 5355 546 5415 potest;
574 5347 682 5403 nisi
704 5347 957 5404 Christus
993 5366 1212 5419 panem,
1243 5359 1303 5405 ut
1338 5366 1498 5406 suum
1528 5367 1728 5422 corpus
1744 5362 1911 5420 esset,

331 5438 629 5507 ad0ptasse
656 5439 912 5495 dicatur?
948 5442 1071 5497 Haec
1098 5458 1231 5499 sane
1264 5457 1430 5512 quam
1464 5459 1602 5498 vana
1626 5446 1737 5500 sint
1764 5455 1817 5500 et
1838 5444 1916 5499 fu-

333 5526 474 5592 tilia,
509 5542 673 5582 nemo
701 5544 811 5584 non
840 5528 1007 5583 videt.

401 5658 446 5691 "
486 5658 671 5743 Epist.
700 5663 769 5716 ad
807 5649 1014 5743 ,ἔπιεν-ὶ-
1055 5665 1102 5698 ⁸ο
1132 5666 1355 5743 lib._tt:,
1407 5679 1559 5743 09!“;
1601 5668 1864 5743 Marcion:
1893 5688 2014 5743 cap.
2046 5673 2137 5729 40.
2214 5674 2258 5706 ⁸¹
2291 5690 2391 5743 cap

331 5743 527 5809 prii-pet.
559 5742 703 5809 part.
717 5749 788 5809 _n,
810 5749 931 5809 cap.
955 5735 1045 5802 2|,
1072 5752 1196 5809 pag.
1238 5738 1364 5792 269.
1442 5740 1488 5770 ⁸³
1520 5738 1691 5809 Epist.
1723 5742 1791 5796 ad
1825 5735 1994 5799 Trall.

329 5800 503 5868 cilia,
524 5817 646 5874 cap.
677 5803 766 5857 42.
844 5800 892 5838 δέ
919 5800 1043 5861 cun.
1072 5800 1173 5862 ῖΗΪ
1239 5809 1281 5841 ³⁷
1312 5824 1447 5865 sess.
1486 5800 1579 5866 25:

2100 4618 2129 4691 ᾗ
2154 4617 2245 4674 Vl.
2278 4617 2356 4673 De
2369 4618 2637 4673 codicibus
2668 4632 2830 4740 qtanu
2844 4617 3080 4671 exaratis
3110 4617 3301 4671 harum
3329 4619 3531 4687 episto-

2706 4704 2880 4740 arum.

2706 4705 2737 4741 a
2744 4704 2803 4741 ru
2809 4704 2880 4742 ηι.

2091 4801 2190 4858 His
2237 4801 2716 4857 observationibus
2757 4808 2812 4854 et
2839 4798 2974 4853 illud
3014 4798 3594 4871 adjiciemus,nullum

2021 4894 2376 4965 epistolarum
2419 4893 2612 4964 lgnatii
2655 4891 2901 4946 codicem
2937 4906 3104 4945 manu
3134 4900 3419 4946 exaratum
3457 4893 3596 4947 huc-

2024 5003 2200 5057 usque
2228 4996 2502 5057 repertum
2532 4987 2725 5050 fuisse,
2766 4984 2861 5054 qui
2915 4984 3142 5039 omnino
3186 4983 3394 5054 integer
3442 4986 3515 5039 sit
3544 4993 3600 5040 et

2022 5078 2397 5148 incorruptus.
2437 5076 2541 5144 Qui
2579 5078 2726 5132 enim
2769 5076 3032 5131 hactenus
3069 5075 3195 5131 usui
3248 5075 3509 5144 fuerunt,
3557 5079 3597 5132 ii

2021 5185 2163 5242 pene
2194 5185 2387 5225 carries
2413 5185 2574 5225 veras
2619 5178 2673 5224 et
2718 5168 2885 5223 falsas
2907 5167 3099 5237 lgnatii
3124 5169 3297 5223 nostri
3327 5169 3592 5239 epistolas

2019 5260 2358 5316 confundunt
2395 5269 2450 5315 et
2491 5260 2839 5329 permiscent.
2879 5256 2937 5312 In
2970 5256 3181 5313 Latinis
3234 5274 3367 5314 vero
3404 5276 3594 5314 exeru-

2022 5350 2289 5422 plaribus,
2308 5366 2430 5420 qua:
2444 5350 2689 5419 pluribus
2700 5350 2755 5402 in
2781 5348 2915 5403 locis
2929 5357 3185 5417 corrupta
3200 5359 3349 5417 sunt,
3368 5351 3598 5404 habetur

2022 5443 2224 5508 versio,
2250 5457 2360 5512 qua
2385 5451 2566 5497 textus
2594 5440 2817 5496 Graecus
2848 5448 2957 5493 tam
2988 5440 3316 5510 scrupulose
3359 5443 3425 5496 ad
3450 5442 3597 5496 litte-

2022 5551 2139 5590 ram
2176 5536 2451 5601 redditur,
2489 5543 2551 5591 ut
2582 5549 2647 5590 ea
2689 5536 2918 5590 omnino
2952 5536 3231 5607 inelegans
3273 5536 3346 5591 sit
3381 5545 3437 5591 et
3467 5537 3595 5591 bar-

2398 5713 2412 5727 .
2454 5692 2528 5742 xi,
2568 5674 2655 5732 19.
2815 5675 2859 5745 'f'
2883 5674 3149 5745 Respons.
3175 5675 3243 5729 ad
3303 5684 3463 5731 tract.
3516 5675 3597 5745 De

2070 5744 2116 5777 ⁵³
2142 5743 2235 5800 lib.
2267 5743 2343 5798 De
2369 5746 2629 5815 virginit.,
2657 5759 2777 5814 cap.
2813 5744 2899 5813 18,
2936 5744 2964 5815 ς
2996 5743 3132 5801 ⁷119.
3212 5748 3259 5778 ⁸⁸
3295 5746 3392 5802 lib.
3452 5763 3467 5801 ι
3518 5744 3595 5802 Ds
