4134 6392
526 403 636 459 565

1596 406 1656 460 S.
1694 402 2047 460 IGNATIUS.
2090 435 2160 443 —
2200 402 2736 458 PROLEGOMENA.

3690 402 3796 458 56-!

522 526 678 589 Imra,
713 541 778 579 ac
813 540 956 595 saepe
983 524 1183 595 smpius
1230 524 1464 580 obscura
1497 534 1551 580 et
1577 525 1833 581 dillicilis.
1881 525 2105 581 Grazcus
2134 528 2181 586 Α
2208 532 2263 578 et
2303 521 2589 577 erroribus
2637 520 2841 575 foedata
2890 520 2945 573 in
3006 520 3181 575 lucem
3227 519 3590 590 prodierunt?
3630 519 3801 578 Nemo

526 631 691 685 porro
731 616 1085 670 Florentinus
1138 616 1311 669 codex
1352 626 1406 669 ct
1456 616 1643 685 plures
1688 616 1851 671 habet
1899 631 2106 683 naevos,

525 726 623 761 nec
655 709 882 777 integer,
916 709 991 762 uti
1027 724 1193 776 supra
1243 708 1580 775 monuimus,
1610 709 1705 764 sed
1739 709 1970 763 mutilus
2002 719 2106 776 est,

520 808 576 852 et
613 800 902 868 epistolam
949 799 1014 853 ad
1069 798 1349 853 Romanos
1394 814 1505 853 non
1546 809 1921 870 reprrcsentat.
1957 798 2111 854 Hane

523 901 713 946 noster
736 893 1116 947 Theodericus
1154 892 1479 959 Ruinartus,
1529 910 1637 948 una
1699 909 1824 949 cum
1878 892 2110 948 sinceris

523 980 719 1049 Iguatii
773 983 1028 1053 martyrii
1086 984 1241 1039 Actis
1286 1000 1349 1038 ex
1384 984 1761 1054 manuscripto
1791 984 2110 1040 Colbertino

524 1073 666 1142 typis
727 1074 932 1129 Graecis
980 1075 1169 1129 edidit.
1247 1075 1396 1131 Duos
1466 1077 1690 1147 insuper
1753 1078 2108 1147 epistolarum

526 1162 719 1231 Iguatii
754 1166 1165 1234 manuscriptos
1212 1167 1430 1222 codices
1480 1184 1544 1221 ex
1598 1167 1784 1221 eadem
1835 1167 2110 1221 ditissima

522 1255 889 1311 illustrissimi
911 1255 1154 1310 Colberti
1176 1258 1513 1313 Bibliotheca
1546 1259 1688 1312 nacti
1716 1274 1928 1313 sumus.
1962 1257 2111 1311 Alter

523 1348 748 1404 Graecus
779 1358 883 1413 est,
926 1351 1019 1405 sed
1066 1366 1424 1421 papyraceus,
1476 1367 1578 1405 nec
1607 1360 1835 1406 vetusta:
1858 1367 2056 1405 manus
2092 1368 2105 1403 :

526 1442 665 1495 alter
700 1444 1102 1511 pergaminaaus
1137 1454 1264 1499 ante
1287 1458 1464 1499 annos
1490 1445 1820 1514 quingentos
1849 1453 2108 1499 exaratos

523 1542 627 1587 est.
663 1532 901 1604 Uterque
932 1550 1061 1589 vero
1085 1551 1275 1590 omnes
1299 1534 1489 1607 Iguatii
1513 1536 1773 1604 epistolas
1797 1551 2105 1606 germanas,

524 1627 862 1694 suppositas,
892 1609 1277 1693 \adulterinas,
1337 1628 1720 1697 interpolatas,
1774 1627 2004 1682 confuse
2054 1637 2109 1681 ct

524 1720 788 1789 permiste
825 1722 1093 1776 continet.
1129 1720 1377 1792 Denique
1399 1720 1733 1775 Pearsonius
1761 1721 1927 1774 alium
1958 1721 2109 1775 Grae-

525 1828 651 1866 cum
691 1814 971 1879 codicem,
1016 1823 1222 1883 septem
1271 1815 1538 1885 genuinas
1592 1812 1786 1884 Iguatii
1849 1814 2108 1884 epistolas

2212 628 2366 680 sane,
2398 613 2494 682 qui
2536 613 2622 667 vel
2669 612 2954 666 minimam
3003 611 3056 664 in
3104 611 3485 666 examinandis
3515 612 3800 669 codicibus

2212 706 2604 776 manuscriptis
2645 720 2869 775 operam
2912 703 3225 771 collocavit,
3261 704 3479 760 difﬁteri
3523 716 3704 775 potest
3743 710 3801 763 in

2213 816 2420 871 paucos
2452 799 2747 854 admodum
2786 813 2844 853 se
2877 796 3139 852 incidisse
3169 796 3488 866 hujusmodi
3515 798 3709 864 libros,
3743 799 3800 852 in

2212 894 2415 965 quibus
2446 892 2608 946 nulla:
2639 892 2750 945 sint
2776 890 2859 945 vel
2899 889 3177 943 breviores
3208 889 3293 942 vel
3336 889 3612 959 longiores
3646 890 3801 945 lacu-

2213 1002 2316 1051 nae,
2346 986 2398 1038 in
2439 984 2641 1054 quibus
2679 983 2816 1036 nulli
2851 982 2961 1037 sint
2996 981 3352 1035 oscitantium
3399 980 3485 1034 vel
3517 980 3801 1050 imperito-

2212 1092 2335 1131 rum
2366 1076 2720 1129 librariorum
2747 1075 2953 1144 lapsus,
2984 1074 3039 1126 in
3065 1073 3269 1143 quibus
3289 1071 3424 1125 nihil
3449 1073 3674 1125 omnino
3704 1073 3801 1128 de-

2214 1170 2502 1225 sideretur.
2529 1167 2631 1221 Cui
2656 1182 2786 1221 vero
2810 1166 3029 1235 aliquos
3076 1165 3194 1219 sive
3234 1163 3421 1218 Graeca
3460 1164 3577 1218 sive
3604 1162 3800 1217 Latina

2215 1277 2380 1316 manu
2411 1268 2665 1314 exaratos
2698 1258 2913 1313 codices
2942 1256 3023 1311 las
3046 1271 3155 1309 non
3184 1254 3287 1309 fuit
3309 1255 3511 1324 legere,
3543 1253 3726 1318 adeat,
3753 1254 3801 1308 si

2212 1354 2366 1420 velit,
2399 1354 2483 1407 vel
2513 1350 2693 1406 solum
2726 1349 3227 1417 manuscriptorum
3252 1347 3518 1400 librorum
3544 1345 3597 1398 in
3628 1345 3803 1399 Atha-

2212 1446 2377 1511 nasii,
2428 1442 2741 1514 Augustini,
2792 1443 3137 1511 aliorumque
3159 1439 3379 1493 Patrum
3410 1438 3568 1493 novis
3604 1439 3801 1492 editio-

2213 1533 2378 1587 nibu-s
2406 1532 2726 1597 elenchum,
2757 1541 2812 1586 et
2832 1547 2899 1586 ex
2922 1546 2989 1585 eo
3018 1531 3193 1586 discet
3231 1529 3414 1599 plures
3444 1544 3635 1583 eorum
3680 1536 3794 1582 tra-

2211 1633 2413 1691 ctatus,
2443 1624 2703 1694 epistolas
2744 1632 2800 1678 et
2839 1638 3083 1679 canones
3128 1639 3194 1677 ex
3243 1637 3355 1676 uno
3387 1631 3601 1675 tantum
3632 1635 3801 1675 manu

2217 1724 2448 1770 exarato
2477 1716 2667 1771 codice
2699 1716 2906 1785 publici
2949 1714 3125 1770 factos
3156 1714 3326 1769 fuisse
3349 1713 3512 1783 juris.
3541 1710 3801 1781 Nunquid

2212 1808 2377 1879 igitur
2406 1816 2491 1863 est
2514 1808 2719 1863 idcirco
2747 1807 3059 1878 negandum
3094 1807 3194 1860 hos
3218 1805 3441 1859 Patrum
3473 1804 3659 1863 libros,
3683 1820 3801 1857 ser-

524 1905 874 1959 cxhibentem
906 1907 983 1972 ⁵⁸,
1026 1918 1080 1961 et
1109 1907 1158 1960 ei
1191 1922 1302 1977 quo
1337 1906 1610 1970 Gobarus,
1649 1906 1976 1961 Anastasius
2012 1922 2111 1976 pa-
2144 1908 2185 1961 B
2217 1915 2407 1956 mones
2442 1908 2499 1957 et
2532 1900 2816 1971 epistolas.
2854 1915 3044 1953 verum
3092 1900 3502 1969 geminumque
3541 1896 3803 1951 Clllibel‘c

524 1999 767 2053 triarcha
798 1998 1204 2061 Antiochenus,
1256 2009 1421 2069 atque
1451 2000 1807 2055 Alexandrini
1846 1999 2111 2054 Chronici

524 2100 719 2146 auctor
750 2093 835 2148 usi
863 2101 1012 2160 sunt,
1040 2092 1267 2148 omnino
1296 2093 1531 2148 similem
1561 2108 1621 2149 se
1647 2092 1852 2149 vidisse
1879 2101 2111 2148 testatus

522 2176 631 2240 est;

528 2298 557 2371 ᾗ
587 2296 698 2353 VII.
734 2296 1043 2370 Singularis
1072 2297 1286 2353 Ernesti
1327 2298 1587 2354 Tentzelii
1622 2300 1686 2353 de
1724 2300 1859 2355 veris
1910 2298 2112 2371 Iguatii

874 2370 1113 2440 epistolis
1149 2372 1413 2425 sententia
1442 2370 1729 2440 refellitur.

595 2483 895 2555 Postquam
921 2500 983 2540 ea
1017 2500 1139 2555 quae
1172 2486 1239 2540 de
1271 2485 1417 2540 veris
1446 2494 1500 2539 et
1535 2484 1689 2541 falsis
1718 2484 1909 2556 Iguatii
1937 2468 2133 2543 nostri"

526 2577 798 2646 epistolis,
836 2593 871 2631 a
910 2576 1075 2631 uobis
1103 2578 1372 2631 hactenus
1411 2576 1707 2646 disputata,
1744 2579 1883 2649 typis
1909 2593 2111 2633 excusa

528 2670 786 2734 fuissent,
838 2670 893 2723 in
958 2685 1156 2725 manus
1206 2678 1428 2723 nostras
1489 2680 1762 2724 venerunt
1847 2670 2110 2725 Willelmi

528 2760 743 2817 Ernesti
770 2760 1031 2816 Tentzelii
1061 2762 1278 2817 selectae
1303 2761 1754 2824 exercitationes,
1790 2776 2023 2830 quarum
2056 2762 2111 2816 in

529 2855 693 2907 tertia
720 2853 811 2907 ille
839 2868 1070 2921 prorsus
1104 2852 1437 2922 singularem
1463 2853 1531 2907 de
1561 2853 1813 2922 genuinis
1862 2854 1970 2908 illis
1996 2854 2113 2923 epi-

532 2944 694 2999 stolis
736 2945 1063 2999 sententiam
1099 2945 1444 3014 amplexatus
1468 2953 1570 2999 est.
1606 2945 1745 2999 Cum
1788 2945 1935 2999 enim
1981 2943 2111 2997 Flo-

530 3036 809 3090 rcntinum
870 3051 965 3091 seu
1016 3035 1315 3091 Mediceum
1372 3035 1650 3101 codicem,
1705 3050 1872 3104 quem
1931 3035 2109 3089 solum

530 3128 752 3184 Graecas
805 3128 998 3199 Ignatii
1059 3130 1271 3184 litteras
1327 3131 1537 3199 absque
1594 3127 2111 3198 interpolationibus

532 3222 795 3277 exhibere
835 3222 1110 3289 diximus,
1152 3224 1423 3293 integrum
1468 3236 1577 3275 non
1621 3234 1765 3285 esse,
1814 3219 1908 3274 sed
1949 3218 2109 3273 sicuti

533 3317 874 3381 monuimus,
898 3316 1178 3383 mutilum,
1209 3314 1621 3377 detruncatum,
1650 3327 1716 3367 ac
1742 3312 1913 3367 variis
1938 3312 2110 3365 libra-

535 3409 739 3461 riorum
795 3407 1007 3462 mendis
1062 3415 1117 3461 et
1164 3406 1445 3461 erroribus
1493 3410 1812 3472 corruptum
1852 3401 2110 3468 vidisset;

535 3499 663 3555 hinc
683 3499 773 3554 ille
795 3514 954 3553 suum
995 3498 1217 3552 induxit
1249 3498 1303 3551 in
1336 3498 1581 3551 animum
1617 3496 1673 3549 in
1702 3509 1774 3549 eo
1800 3508 1902 3548 nec
1929 3508 2112 3558 veras,

532 3607 636 3646 nec
665 3591 933 3661 genuinas
976 3590 1381 3661 repraesentari,
1419 3604 1624 3659 easque
1667 3587 1862 3642 nullibi
1896 3595 2115 3642 exstare

533 3684 789 3754 amplius.
815 3683 871 3738 In
905 3684 1070 3755 hujus
1093 3694 1274 3741 autem
1309 3685 1609 3755 opinionis,
1643 3698 1674 3737 a
1701 3683 1915 3749 exteris
1937 3682 2116 3741 omni-

534 3776 638 3829 bus
673 3776 809 3831 adeo
861 3775 1227 3837 abhorrentis,
1259 3774 1737 3833 conﬁrmationem
1790 3779 1943 3832 varia
1990 3792 2116 3847 pro-

535 3867 639 3923 l‘crt
661 3869 993 3939 testimonia,
1014 3884 1077 3926 ex
1103 3869 1191 3928 his
1213 3869 1410 3928 litteris
1432 3889 1461 3928 a
1492 3872 1861 3938 Theodoreto,
1888 3874 2119 3942 aliisque

536 3960 868 4033 quibusdam
914 3963 1317 4033 antiquissimis
1369 3964 1733 4034 scriptoribus
1769 3966 2116 4035 deprompta,

536 4073 659 4127 qua:
702 4072 812 4112 non
857 4057 1046 4112 eodem
1087 4073 1317 4127 prorsus
1349 4058 1512 4113 modo
1558 4066 1723 4129 atque
1762 4058 1819 4112 in
1868 4058 1963 4112 illo
1994 4057 2120 4112 Flo-

536 4150 759 4206 rentino
799 4149 989 4205 codice
1036 4150 1314 4221 leguntur.
1347 4149 1426 4204 Ex
1451 4150 1655 4221 quibus
1689 4150 1884 4204 doctus
1922 4149 2013 4203 ille
2038 4147 2126 4201 vir

538 4243 821 4299 concludit
853 4256 956 4295 nos
984 4256 1082 4311 pro
1116 4257 1245 4297 vere
1275 4241 1562 4313 Ignatiano
1590 4242 1728 4296 nihil
1772 4256 2000 4311 prorsus
2026 4240 2125 4293 ba-

538 4336 690 4401 bere,
722 4334 828 4388 nisi
853 4334 997 4403 quod
1031 4334 1099 4389 ab
1141 4333 1402 4389 Ecclesia:
1434 4331 1712 4398 Patribus,
1761 4332 1856 4401 qui
1889 4338 2124 4401 quatuor

537 4426 734 4498 primis
770 4424 1109 4497 postlgnatii
1132 4437 1369 4480 mortem
1403 4424 1618 4479 saeculis
1644 4422 1971 4491 ﬂoruerunt,
1990 4435 2125 4477 con-

541 4536 739 4591 gruum
763 4520 835 4575 sit
860 4530 915 4575 ct
943 4517 1297 4575 conveniens.

616 4615 719 4671 Sed
755 4615 873 4671 haec
907 4629 1059 4670 mera
1092 4621 1242 4678 sunt,
1280 4611 1424 4666 absit
1460 4621 1642 4666 tamen
1680 4610 1849 4665 verbo
1892 4608 2118 4677 invidia,

542 4707 788 4764 hominis
814 4706 1091 4777 vigilantis
1149 4704 1389 4770 somnia,
1450 4719 1715 4774 variaeque
1765 4718 1830 4757 ac
1894 4717 2125 4773 prorsus

542 4799 753 4854 frivola:
776 4798 1067 4869 opiniones
1088 4806 1142 4851 et
1170 4795 1530 4865 conjecturae.
1556 4793 1692 4849 Nam
1727 4794 1774 4849 si
1797 4810 1865 4849 ex
1896 4808 1960 4850 eo
1980 4793 2127 4863 quod

543 4905 645 4945 nec
680 4889 907 4945 omnino
958 4890 1339 4955 incorruptum
1383 4900 1485 4940 nec
1528 4886 1689 4955 plane
1731 4886 2008 4954 integrum
2055 4883 2131 4939 sit

543 4985 747 5038 veteris
781 4981 1019 5051 alicujus
1056 4978 1573 5048 antiquissimorum
1615 4977 1873 5033 Ecclesia:
1900 4975 2126 5031 Patrum

543 5073 945 5129 lucubrationis
997 5071 1316 5136 exemplar,
1371 5070 1507 5125 illud
1563 5069 1773 5125 idcirco
1830 5070 2128 5141 genuinum

545 5166 693 5219 illius
726 5180 863 5234 opus
882 5178 1227 5233 nequaquam
1250 5170 1644 5233 reprzesentare
1683 5162 1921 5228 dicatur,
1954 5161 2128 5231 pluri-

547 5273 649 5311 ina:
684 5272 817 5311 sane
859 5272 924 5311 ac
964 5258 1359 5327 propemodum
1409 5257 1633 5311 inﬁnita:
1699 5263 1860 5311 erunt
1907 5255 2126 5309 illorum

546 5350 1059 5416 commentationes,
1076 5350 1276 5419 quibus
1294 5349 1481 5403 cadem
1510 5348 1764 5404 falsitatis
1792 5357 1918 5402 nota
1937 5349 2132 5403 debeat

547 5442 713 5495 inuri.
754 5441 900 5507 Quot
944 5442 1114 5503 enim,
1165 5441 1309 5495 Deus
1352 5441 1515 5508 bone,
1548 5441 1864 5495 corumdem
1902 5439 2127 5494 Patrum

545 5536 770 5605 scripta,
806 5543 1089 5597 tractatus,
1124 5534 1247 5588 libri
1280 5543 1334 5587 et
1382 5534 1488 5588 alia
1517 5534 2030 5604 ejuscemodiopera
2062 5550 2126 5587 ex

550 5642 660 5681 uno
708 5637 917 5681 tantum
970 5626 1348 5696 manuscripto
1396 5626 1584 5681 codice
1643 5626 1858 5692 mutilo,
1916 5626 2129 5679 lacunis

548 5720 756 5788 hiante,
782 5722 1058 5791 variisque
1090 5720 1507 5775 amanuensium
1540 5718 1892 5774 librariorum
1918 5718 2131 5775 mendis

708 5913 910 5973 l'indic.
944 5913 1117 5984 Epist.
1149 5911 1305 5985 [gnat
1362 5930 1483 5983 pag.
1524 5914 1603 5967 48.

2216 1992 2433 2045 illorum
2466 2006 2605 2060 opus
2644 1999 2699 2043 et
2746 1986 3241 2043 commentarium?
3278 1983 3536 2054 Nunquid
3594 1984 3802 2038 idcirco

2216 2084 2352 2137 nihil
2386 2083 2535 2138 aliud
2583 2084 2638 2137 in
2685 2084 2765 2139 eis
2800 2082 2914 2136 veri
2945 2089 2998 2135 et
3027 2077 3229 2134 sinceri
3260 2093 3380 2133 esse
3421 2077 3654 2142 dicetur,
3694 2076 3800 2131 nisi

2214 2173 2361 2244 quod
2394 2174 2535 2227 intra
2578 2174 3011 2244 quadringentos
3037 2170 3106 2223 ab
3137 2167 3380 2223 auctoris
3418 2176 3591 2220 morte
3623 2181 3800 2219 annos

2214 2266 2284 2321 ab
2314 2266 2438 2320 aliis
2459 2265 2821 2336 scriptoribus
2848 2264 3075 2319 citatum
3100 2260 3367 2332 legimus?
3386 2258 3526 2325 Quid
3544 2257 3715 2312 vero?
3742 2256 3802 2312 Si

2193 2361 2771 2433 scriptoresilli,utnon
2788 2359 2859 2413 ita
2875 2372 2999 2411 raro
3010 2371 3113 2412 usu
3123 2351 3432 2416 venit,nihil
3448 2366 3515 2404 ex
3544 2350 3630 2404 his
3647 2364 3803 2405 com-

2215 2450 2650 2505 mentationibus
2690 2448 3057 2513 laudaverint,
3106 2444 3353 2515 nunquid
3418 2442 3628 2497 idcirco
3688 2443 3803 2497 hac

2214 2543 2537 2598 veneranda:
2572 2549 2925 2596 monumenta
2960 2537 3305 2609 antiquitatis
3332 2535 3628 2606 rejicienda
3671 2541 3803 2591 sunt

2214 2651 2279 2690 ac
2304 2635 2521 2705 penitus
2550 2632 2990 2704 proscribenda?

2283 2727 2397 2797 Age
2424 2742 2572 2793 vero,
2603 2725 2754 2795 quid,
2786 2738 2992 2794 quaeso,
3021 2738 3088 2777 ex
3120 2722 3224 2779 hac
3248 2718 3668 2793 argumentandi
3698 2732 3791 2771 ra-

2216 2820 2364 2874 tione
2387 2820 2453 2875 de
2477 2819 2600 2873 aliis
2632 2816 2722 2871 lict
2744 2817 2969 2870 Patrum
2994 2815 3275 2884 operibus,
3300 2828 3423 2883 quae
3451 2810 3707 2881 quamvis
3733 2823 3802 2862 ex

2216 2912 2465 2981 pluribus
2513 2908 2902 2977 manuscriptis
2950 2905 3235 2961 codicibus
3285 2918 3487 2958 excusa
3544 2911 3599 2957 et
3658 2900 3807 2970 typis

2215 3008 2382 3073 edita,
2444 3005 2629 3059 nullus
2683 3015 2862 3057 tamen
2906 3015 2973 3054 ex
3012 2999 3205 3053 iisdem
3252 2996 3539 3051 codicibus
3592 2997 3806 3064 integer

2216 3096 2466 3160 omnino,
2495 3096 2571 3148 uti
2592 3108 2735 3161 saepe
2756 3090 2956 3159 sacpius
2978 3088 3199 3151 accidit,
3228 3096 3281 3141 et
3301 3087 3656 3154 incorruptus
3683 3092 3801 3147 est;

2216 3189 2307 3243 sed
2337 3188 2391 3241 iu
2427 3186 2512 3240 his
2543 3183 2802 3239 omnibus
2827 3180 3022 3235 menda
3050 3184 3373 3242 occurrunt,
3403 3177 3612 3244 lapsus,
3650 3189 3807 3229 erro-

2140 3246 2181 3302 ϐ
2219 3297 2327 3345 res,
2358 3281 2538 3334 hiatus
2587 3287 2642 3333 et
2678 3278 2908 3339 lacunae,
2934 3289 3059 3344 qua:
3097 3287 3163 3326 ex
3190 3269 3341 3323 nullo
3363 3283 3554 3322 eorum
3579 3282 3679 3320 nec
3709 3280 3805 3319 sa-

2218 3372 2339 3426 nari
2370 3377 2603 3441 possunt
2625 3382 2725 3421 nec
2744 3360 3335 3430 cmendari?Nunquid
3357 3374 3485 3428 ergo
3507 3357 3801 3412 dicendum

2218 3476 2301 3519 est
2330 3463 2514 3519 omnia
2544 3458 2879 3531 ejuscemodi
2913 3456 3137 3510 Patrum
3175 3468 3364 3523 opera,
3395 3451 3576 3506 dubia:
3614 3451 3805 3505 tandiu

2217 3573 2340 3613 esse
2363 3556 2507 3622 ﬁdei,
2539 3553 2781 3624 quandiu
2810 3549 3032 3620 aliquod
3078 3547 3297 3602 illorum
3323 3545 3601 3615 exemplar
3628 3544 3807 3597 omni-

2219 3652 2325 3709 bus
2356 3649 2471 3707 suis
2500 3646 2751 3704 numeris
2781 3644 3118 3709 absolutum,
3147 3652 3200 3696 et
3240 3639 3658 3711 integerrimum
3693 3652 3804 3690 non

2220 3744 2558 3815 reperietur?
2587 3740 2757 3796 Nemo
2782 3746 2928 3793 certe
2950 3751 3058 3790 non
3084 3733 3231 3787 videt
3252 3740 3519 3802 quantum
3553 3730 3667 3782 haec
3687 3744 3800 3782 om-

2221 3840 2311 3894 nia
2360 3836 2599 3893 absurda
2648 3841 2702 3888 et
2747 3833 2815 3887 ab
2854 3830 3005 3885 oumi
3048 3841 3277 3898 prorsus
3324 3820 3808 3879 verisimilitudine

2221 3931 2331 3985 sint
2352 3930 2549 3983 aliena.

2294 4022 2515 4077 Certum
2554 4020 2720 4091 igitur
2747 4025 3043 4087 ratumque
3064 4026 3189 4067 esse
3218 4009 3381 4065 debet
3423 4007 3546 4061 illas
3582 4003 3806 4059 Patrum

2223 4112 2713 4169 commentationes
2752 4126 2911 4164 veras
2952 4120 3007 4163 et
3032 4108 3299 4180 genuinas
3329 4120 3450 4160 esse
3479 4101 3807 4165 ceuscndas,

2222 4221 2345 4276 qua:
2371 4221 2435 4259 ex
2466 4219 2598 4268 uno,
2632 4203 2726 4258 sed
2757 4203 2983 4271 antiquo
3015 4212 3067 4256 et
3090 4201 3310 4270 optimm
3336 4206 3479 4253 nota:
3508 4192 3811 4262 exemplari

2225 4299 2299 4353 ita
2330 4305 2597 4350 eruuntur
2621 4333 2637 4360 ,
2673 4303 2733 4348 ut
2761 4294 2813 4347 in
2846 4294 2941 4347 illo
2965 4309 3074 4346 non
3106 4308 3167 4346 ea
3192 4300 3426 4353 tantum,
3471 4304 3593 4359 qua:
3617 4287 3686 4340 ab
3710 4301 3812 4339 an-

2225 4387 2396 4456 tiquis
2434 4384 2797 4451 scriptoribus
2838 4384 2967 4437 inde
3001 4383 3220 4437 laudata
3258 4382 3511 4451 legimus,
3550 4378 3643 4434 scd
3673 4376 3815 4429 nihil

2227 4481 2415 4545 etiam,
2460 4479 2567 4533 nisi
2605 4487 2830 4531 auctore
2868 4491 2970 4531 suo
3012 4476 3401 4547 dignissimum
3442 4473 3813 4529 contineatur.

2154 4602 2198 4657 Β
2227 4569 2393 4638 Atqui
2416 4567 2610 4639 Iguatii
2640 4566 2817 4621 nostri
2846 4567 3129 4637 epistolas,
3159 4582 3225 4621 ex
3261 4565 3579 4621 Florentino
3623 4563 3816 4617 codice

2224 4663 2551 4731 divulgatas,
2586 4659 2722 4714 tales
2758 4674 2881 4713 esse
2934 4658 3338 4725 iuvietissimis,
3367 4657 3445 4711 uti
3468 4654 3686 4725 quidem
3718 4668 3815 4706 ar-

2224 4754 2517 4818 bitramur,
2544 4749 2909 4821 argumentis,
2945 4748 3202 4819 superius
3226 4748 3662 4801 demonstratum
3702 4748 3808 4794 est.

2225 4845 2498 4901 Caeterum
2549 4843 2657 4897 illa:
2690 4841 2885 4913 Iguatii
2934 4840 3181 4911 epistolae
3215 4855 3323 4893 non
3366 4839 3422 4891 iu
3459 4836 3579 4891 solo
3623 4833 3818 4889 codice

2226 4938 2545 4994 Florentino
2569 4945 2796 5006 reperta:
2821 4944 2980 5003 sunt;
3006 4933 3263 4989 Usserius
3288 4931 3435 4985 enim
3455 4930 3593 4985 alios
3619 4936 3817 4981 nactus

2225 5040 2329 5096 est,
2357 5030 2450 5101 qui
2475 5028 2728 5100 quamvis
2764 5025 2944 5081 Latini
2985 5027 3118 5091 sint,
3175 5023 3303 5094 quia
3337 5032 3519 5076 tamen
3560 5019 3816 5075 eumdem

2228 5140 2293 5178 ac
2333 5122 2685 5177 Florentiuus
2732 5118 2925 5192 Iguatii
2958 5127 3164 5173 textum
3199 5115 3479 5177 exhibent,
3506 5114 3563 5167 in
3598 5112 3666 5167 iis
3697 5110 3818 5164 siu-

2229 5231 2383 5271 ceras
2410 5214 2791 5285 genuinasque
2818 5211 2963 5265 illius
2994 5208 3253 5279 epistolas
3286 5202 3666 5275 reprzesentari
3687 5201 3815 5256 uul-

2230 5312 2315 5365 lus
2346 5311 2505 5379 plane
2543 5306 2827 5362 dubitandi
2863 5304 3142 5358 locusest.

2270 5478 2275 5483 ,
2302 5426 2383 5481 Ad
2416 5423 2681 5481 Tcntzclii
2707 5423 2892 5490 itaque
2920 5420 3267 5487 conjecturas
3288 5416 3435 5486 quod
3466 5414 3681 5479 attinet,
3712 5413 3818 5468 illa:

2231 5520 2403 5576 dubio
2433 5517 2643 5588 procul,
2676 5516 2826 5569 nullo
2852 5512 3084 5581 amplius
3112 5510 3337 5563 feriente
3357 5520 3452 5563 aut
3480 5508 3815 5577 impellente,

2236 5615 2330 5670 sed
2367 5629 2425 5669 se
2460 5612 2595 5681 ipsis
2622 5618 2791 5663 ruunt
2821 5617 2876 5661 et
2897 5612 3253 5661 evanescunt.
3290 5602 3354 5656 Et
3376 5618 3506 5657 vero
3534 5603 3579 5656 si
3608 5617 3731 5671 qua:
3762 5602 3816 5654 in

2239 5709 2561 5767 memoratis
2604 5705 2888 5762 codicibus
2919 5702 3194 5759 variantes
3223 5700 3506 5767 lectiones,
3546 5711 3639 5753 aut
3674 5697 3821 5753 leves
