4134 6392
366 338 469 393 565

1411 332 1714 390 ANDREZE
1754 333 2125 391 GALLANDII
2161 336 2528 393 ΡηουΕΜΑ.

3504 342 3606 395 566

361 461 567 527 hiatus,
589 468 644 515 et
672 460 883 516 lacunae
908 468 1222 525 occurrunt,
1243 463 1391 514 certe
1420 456 1663 527 plerique
1688 455 1927 524 codices,
1957 473 2005 529 Α
2032 457 2323 529 ditatisque
2349 458 2716 523 devenerunt,
2761 466 2820 513 ut
2864 458 2989 514 inde
3018 459 3421 531 lgnatianarum
3460 462 3607 517 litte—

357 569 424 609 cx
463 552 666 623 quibus
699 553 804 607 alia
833 552 1055 608 Patrum
1084 566 1249 621 opera
1282 552 1337 605 in
1368 552 1565 620 vulgus
1595 549 1932 619 prodierunt,

358 663 460 702 nec
502 648 799 703 levioribus
846 661 949 701 nec
1000 643 1531 714 infrequentioribus
1570 642 1933 712 inquinantur

356 737 572 793 erratis.
606 738 679 791 At
707 737 820 791 haec
843 748 1035 791 contra
1051 733 1370 790 eorumdem
1399 747 1622 802 operum
1651 733 1932 787 veritatem

356 840 413 885 et
436 830 767 903 γνησιότητα
809 843 1054 901 pugnare
1076 827 1256 882 nullus
1296 828 1491 881 merito
1533 839 1773 896 unquam
1811 825 1934 896 jure

356 922 580 978 dixerit.

433 1012 638 1067 Deinde
664 1027 792 1067 vero
822 1027 932 1066 non
962 1010 1101 1065 alios
1129 1009 1434 1065 Florentini
1482 1009 1689 1067 codicis
1717 1023 1934 1064 errores

359 1103 674 1159 Tentzelius
701 1102 858 1157 nobis
880 1100 1088 1170 objicit,
1121 1116 1285 1171 quam
1336 1100 1458 1156 illos
1504 1100 1600 1169 qui
1656 1099 1815 1169 prius
1862 1099 1933 1154 ab

359 1197 610 1261 Usserio,
640 1195 838 1250 Vossio
858 1204 912 1248 et
939 1192 1481 1249 Pearsonioindicati
1511 1192 1750 1247 luerunt.
1782 1191 1933 1259 Quo-

357 1289 525 1344 modo
556 1288 721 1358 igitur
762 1288 1056 1355 scriptores
1098 1284 1199 1350 illi,
1256 1300 1395 1354 quos
1441 1284 1584 1339 idem
1615 1282 1934 1337 Tentzelius

358 1386 583 1452 lynceos
603 1388 656 1435 et
677 1378 923 1435 oculatos
959 1377 1155 1439 merito
1184 1377 1437 1448 appellat,
1462 1392 1527 1432 eo
1551 1376 1941 1444 casitatisitar-

2035 567 2220 606 rarum
2254 552 2413 607 fidem
2436 550 2692 606 vacillare
2732 558 2788 606 et
2823 552 3042 608 concuti
3067 568 3177 607 non
3207 553 3606 609 animadverte-

2035 644 2185 698 rint?
2213 642 2370 698 Nulla
2412 659 2547 699 sane
2586 644 2692 697 alia
2724 658 2890 699 causa
2922 643 3044 711 fuit,
3075 645 3182 699 nisi
3212 645 3341 715 quia
3376 645 3606 700 acrioris

2034 738 2402 807 aequiorisque
2430 737 2533 807 ipsi
2561 747 2717 792 erant
2740 737 2954 807 judicii,
2975 753 3141 808 quam
3172 745 3233 792 ut
3260 746 3481 808 propter
3507 754 3606 792 va-

2031 826 2145 881 rios
2177 828 2441 896 quosdam
2477 828 2823 881 librariorum
2845 842 3083 894 errores,
3115 838 3316 883 certam
3344 829 3608 883 harumce

2032 919 2406 989 epistularum,
2429 919 2513 974 vel
2539 919 2767 975 alterius
2786 920 3079 989 cujuslibet
3099 920 3492 976 lucubrationis
3513 936 3607 975 ve-

2034 1008 2253 1063 ritatem
2284 1015 2478 1063 nutare
2501 1009 2807 1065 crederent.
2832 1007 2937 1064 Sed
2966 1010 3083 1064 haec
3113 1009 3291 1066 fusius
3314 1011 3602 1081 prosequi,

2033 1109 2087 1155 et
2116 1100 2173 1154 in
2188 1100 2290 1154 hac
2307 1100 2589 1170 opinione,
2610 1116 2735 1171 quae
2758 1110 2872 1156 tam
2912 1103 2982 1157 ab
3020 1103 3253 1158 aliorum
3297 1103 3603 1167 sententiis,

2036 1207 2200 1261 quam
2233 1192 2301 1245 ab
2324 1192 2439 1260 ipsa
2469 1193 2697 1247 veritate
2724 1193 2862 1248 adeo
2894 1193 3174 1259 abhorret,
3206 1194 3415 1249 diutius
3442 1194 3606 1249 refel-

2035 1281 2194 1336 lenda
2212 1281 2516 1349 immorari,
2550 1283 2886 1353 superﬂuum
2917 1284 3143 1340 omnino
3158 1293 3211 1340 et
3234 1285 3423 1342 inutile
3445 1286 3605 1341 nobis

2034 1372 2263 1427 videtur.

381 1569 3600 1600 Μ

1037 1732 1846 1844 ANDBEE
1941 1734 2963 1850 GALLANDII

1686 1983 2265 2078 PROCEMIA

678 2204 786 2266 AD
837 2204 1278 2269 EPISTOLAS
1333 2202 1618 2266 SANCTI
1662 2202 1971 2266 IGNATII
2025 2205 2128 2265 ET
2193 2202 2404 2267 ACTA
2438 2203 2843 2266 MARTYRII
2891 2204 3271 2271 EIUSDEM.

1116 2364 1369 2428 (Veterum
1390 2368 1598 2418 Patrum
1617 2362 1863 2427 Biblioth.,
1890 2370 1927 2416 ι.
1952 2365 1991 2429 I,
2013 2365 2241 2418 Venetiis
2264 2367 2401 2431 1765,
2426 2370 2649 2434 Proleg.,
2666 2384 2718 2435 p.
2742 2372 2860 2435 Liv.)

852 2590 1081 2647 CAPUT
1113 2588 1406 2646 PRIMUM.

360 2682 571 2752 septem
600 2683 848 2753 epistolas
874 2684 1083 2751 scripsit
1108 2683 1167 2738 S.
1200 2681 1460 2753 Ignatius.
1500 2680 1707 2736 Harum
1737 2683 1933 2752 duplex

427 2753 697 2822 mmplar
724 2772 742 2808 :
785 2754 1010 2808 alterum
1045 2754 1331 2814 sincerum,
1376 2753 1605 2807 alterum
1640 2753 1933 2823 interpola-

431 2834 565 2878 tum.
598 2823 763 2878 Misso
789 2826 1096 2892 posteriore,
1125 2826 1305 2893 agitur
1328 2823 1392 2877 de
1415 2824 1619 2893 priore,
1644 2823 1797 2893 cujus
1812 2839 1935 2892 pra-

426 2893 988 2965 pouuntur_editiones
1042 2892 1345 2964 praaeipuw.
1409 2892 1661 2949 Omnium
1708 2892 1931 2965 Optima,

431 2980 553 3034 qua:
584 2973 660 3018 est
688 2963 902 3019 Thema:
936 2963 1153 3021 Smithi.

427 3077 769 3147 Scriptorum
804 3078 1305 3135 ecclesiasticorum
1340 3077 1602 3134 saeculum
1637 3092 1677 3131 ιι
1711 3075 1939 3131 inchoat

359 3167 420 3223 Β.
460 3167 735 3239 lgnatius,
762 3170 1054 3240 episc0pus
1102 3170 1475 3226 Antiochenus
1534 3178 1590 3225 et
1627 3177 1866 3239 martyr;
1904 3183 1937 3222 a

356 3276 471 3331 quo
502 3260 746 3330 epistolae
772 3276 871 3325 vn,
896 3259 1187 3331 Smyrnaeis
1216 3304 1231 3330 ,
1292 3262 1588 3331 Polycarpo
1608 3303 1625 3329 ,
1668 3261 1933 3332 Ephesiis,

360 3352 673 3423 ﬂagnesiis,
697 3351 1270 3423 Philadelpliiensibus,
1298 3353 1588 3408 Trallianis
1629 3362 1794 3424 atque
1824 3353 1936 3408 Ro-

361 3444 534 3497 manis
585 3442 857 3513 inscriptaa
898 3453 1221 3500 noscuntur.
1280 3442 1484 3500 Harum
1520 3445 1721 3516 duplex
1761 3454 1939 3502 exstat

355 3534 607 3589 (mecum
645 3535 955 3604 exemplar:
1005 3535 1239 3591 alterum
1292 3536 1513 3593 brevius
1542 3577 1557 3602 ,
1615 3552 1937 3608 germanum

354 3635 523 3695 atque
587 3624 901 3693 sincerum;
957 3627 1189 3682 alterum
1228 3628 1448 3699 longius
1474 3669 1491 3697 ,
1524 3628 1934 3698 interpolatum.

358 3714 527 3771 Misso
560 3718 883 3787 posteriore,
925 3717 994 3772 ad
1020 3726 1270 3773 nostrum
1298 3718 1608 3774 institutum
1638 3718 1785 3774 haud
1812 3734 1939 3791 per-

356 3810 585 3876 tinente,
613 3810 680 3864 de
714 3810 894 3879 priore
926 3825 1072 3865 nunc
1094 3824 1274 3865 sermo
1300 3810 1603 3867 habendus.

1965 2593 2010 2647 Β
2039 2588 2151 2644 tine
2176 2591 2473 2645 redditam:
2507 2604 2675 2660 quam
2705 2589 2965 2661 deinceps
3013 2607 3179 2647 unam
3204 2633 3221 2659 ,
3275 2607 3401 2649 cum
3458 2594 3608 2651 Actis

2034 2680 2303 2751 Ignatiani
2331 2681 2601 2753 martyrii,
2627 2697 2772 2738 anno
2802 2683 2941 2739 1699
2965 2684 3018 2739 in
3051 2684 3322 2756 Spicilegii
3365 2684 3465 2743 SS.
3494 2687 3610 2742 Pa-

2038 2784 2176 2829 trum
2197 2775 2476 2831 volumine
2498 2774 2543 2829 ΙΙ
2569 2774 2808 2832 Joannes
2837 2776 3102 2834 Ernestus
3148 2778 3382 2835 Grabius
3408 2779 3608 2837 Oxonii

2035 2866 2257 2937 prodire
2315 2867 2501 2937 jussit.
2538 2865 2680 2924 Hinc
2732 2877 2916 2923 autem
2963 2868 3203 2927 Joannes
3271 2873 3516 2929 Clericus
3553 2875 3609 2929 in

2037 2957 2274 3014 editione
2298 2958 2663 3026 Coteleriana,
2697 2962 2865 3016 semel
2900 2962 3208 3033 iterumque
3227 2980 3358 3020 ann.
3389 2965 3527 3021 1698
3556 2974 3613 3023 et

2038 3049 2592 3107 1724Amstelodami
2630 3053 2885 3122 repetita,
2928 3056 3174 3110 eamdem
3206 3056 3272 3112 ad
3330 3056 3611 3115 Romanos

2037 3142 2621 3213 epistolam,versione
2655 3142 3017 3203 Ruinartiana
3046 3148 3247 3204 refecta
3273 3191 3288 3217 ,
3332 3165 3429 3206 sex
3476 3154 3611 3207 reli-

2039 3234 2166 3305 quis
2194 3234 2427 3291 sinceris
2461 3236 2737 3294 addidisse
2780 3240 3154 3309 comperitur:
3192 3241 3248 3295 in
3287 3256 3397 3311 qua
3429 3250 3612 3297 tamen

2038 3327 2246 3383 edenda
2274 3368 2291 3394 ,
2332 3342 2396 3383 ea
2431 3329 2684 3385 libertate
2715 3345 2877 3385 nsum
2926 3333 3179 3388 novimus
3230 3349 3354 3404 qua:
3386 3335 3613 3391 minime

2038 3420 2321 3490 probanda
2339 3420 2578 3488 videtur,
2612 3431 2673 3476 ut
2699 3438 2766 3478 ex
2797 3438 2925 3479 mox
2941 3425 3187 3481 dicendis
3205 3427 3430 3496 patebit.

2110 3511 2319 3569 Exinde
2343 3528 2493 3579 vero,
2527 3530 2558 3569 e
2580 3513 2803 3571 Medicei
2848 3516 3053 3574 codicis
3103 3519 3421 3588 exemplari,
3463 3522 3612 3592 quod

2038 3617 2184 3658 novo
2212 3613 2266 3660 et
2285 3606 2703 3662 accuratissimo
2728 3607 2912 3663 studio
2933 3610 3377 3679 exscripseratV.
3411 3611 3475 3667 C.
3501 3614 3615 3667 Ann

2040 3697 2223 3753 tonius
2288 3698 2459 3752 Maria
2513 3697 2822 3765 Salvinius,
2883 3699 3047 3755 aliam
3078 3701 3373 3758 editionem
3429 3705 3614 3760 emisit

2039 3787 2237 3845 Oxonii
2291 3788 2430 3845 1708
2463 3788 2526 3845 C.
2582 3790 2915 3859 Aldrichius,
2964 3792 3060 3862 qui
3106 3801 3311 3850 textum
3360 3795 3612 3853 Graecum

428 3900 716 3957 Breviores
750 3903 917 3973 igitur
947 3902 1228 3972 epistolas,
1261 3918 1398 3973 quas
1422 3902 1613 3958 habuit
1642 3903 1933 3971 Eusebius,
1964 3924 2007 3985 α
2039 3889 2205 3985 pro“?
2242 3882 2394 3937 mum
2412 3882 2763 3985 exhibeam?
2804 3892 2995 3940 exac‘e
3028 3898 3128 3955 Ρ¹³⁰
3149 3886 3364 3985 firmus
3416 3889 3615 3959 impri'

357 4010 500 4065 quas
532 3994 703 4050 edidit
732 3993 1085 4067 Polycarpus,
1141 4012 1279 4066 quas
1313 3996 1533 4066 scripsit
1587 3996 1850 4067 lguatius,
1878 4007 1939 4054 ut

363 4104 489 4143 cum
554 4088 854 4144 Pearsonio
904 4090 1119 4158 loquar,
1158 4090 1370 4158 primus
1420 4089 1475 4143 in
1517 4089 1697 4144 lucem
1746 4089 1940 4144 extulit

357 4179 753 4235 Amstelodami
786 4179 943 4244 1646,
966 4181 1054 4245 4°,
1082 4179 1301 4236 lsaacus
1340 4179 1570 4236 Vossius
1596 4196 1664 4235 ex
1695 4196 1807 4235 uno
1839 4196 1937 4236 su-

356 4274 585 4343 perstite
614 4274 958 4329 bibliothecae
976 4273 1229 4329 Mediceze
1245 4273 1435 4329 codice
1466 4289 1570 4328 ms.
1589 4282 1939 4343 veteremque

357 4362 613 4418 Latinam
652 4365 961 4419 versionem
996 4364 1244 4429 addidit,
1281 4379 1446 4434 quam
1502 4363 1693 4419 Graeco
1746 4378 1937 4418 exem-

355 4458 497 4527 p.ari
515 4456 911 4527 propemodum
935 4455 992 4509 in
1017 4456 1275 4511 omnibus
1295 4455 1716 4525 respondentem
1738 4454 1937 4509 Oxonii

355 4548 501 4607 16.14
536 4548 785 4617 vulgarat
835 4546 1076 4602 Jacohus
1128 4545 1409 4603 Usserius.
1463 4545 1664 4602 Verum
1718 4562 1844 4602 cum
1881 4546 1938 4601 in

358 4658 426 4695 eo
455 4640 642 4696 codice
674 4639 989 4695 Florentino
1023 4639 1239 4695 deesset
1272 4640 1501 4710 epistola
1533 4640 1601 4695 ad
1638 4640 1936 4706 Romanos,

355 4732 510 4785 illam
548 4744 616 4785 ex
651 4729 1104 4799 interpolatarum
1156 4729 1394 4785 editione
1426 4730 1801 4800 desumptam,
1837 4729 1939 4784 du-

356 4835 513 4879 ('ture
535 4832 723 4877 vetere
758 4822 1051 4891 interprete
1076 4862 1091 4888 ,
1131 4837 1245 4877 suae
1299 4822 1595 4893 integritati
1649 4823 1941 4878 restituere

354 4916 591 4972 adortus
625 4922 728 4969 est.
792 4912 946 4970 Hanc
998 4922 1180 4968 autem
1232 4911 1557 4969 Vossianam
1618 4915 1969 4982 editionem,.

353 5017 409 5061 et
442 5007 665 5076 quidem
691 5005 1119 5076 castigatiorem,
1154 5006 1351 5061 iterum
1376 5007 1720 5079 evulgarunt,
1768 5006 1940 5063 Usse~

359 5100 480 5152 rius
510 5098 749 5168 primum
789 5096 1027 5152 Londini
1056 5097 1217 5165 1647,
1258 5098 1456 5154 deinde
1494 5100 1802 5156 Cotelerius
1834 5099 1939 5154 Pa-

358 5189 513 5245 risiis
542 5189 704 5244 1672.

2041 3974 2301 4029 mendum
2351 3977 2582 4031 curavit.
2624 3975 2701 4032 De
2728 3977 2833 4032 hac
2883 3986 3066 4033 autem
3101 3979 3340 4036 editione
3387 3997 3615 4052 peracre

2035 4065 2302 4135 judicium
2333 4067 2457 4122 tulit
2484 4067 2726 4123 Thomas
2758 4068 3004 4126 Smithus
3037 4072 3092 4125 in
3150 4072 3379 4143 epistola
3424 4074 3615 4132 West-

2038 4158 2375 4212 monasterio
2401 4158 2490 4214 die
2515 4159 2548 4213 5
2585 4158 2763 4215 Martii
2800 4160 3002 4218 1708—9
3022 4163 3092 4219 ad
3122 4162 3389 4221 Thomam
3440 4165 3614 4224 Hear-

2038 4249 2192 4304 nium
2215 4251 2372 4305 data:
2418 4251 2475 4306 in
2521 4266 2585 4307 ea
2617 4253 2890 4323 siquidem
2936 4271 3047 4311 non
3105 4258 3281 4313 solum
3322 4270 3501 4315 errata
3537 4262 3616 4317 lc-

2037 4341 2189 4396 viora
2216 4351 2369 4398 notat
2399 4343 2599 4412 quibus
2656 4346 2885 4417 singulae
2927 4349 3139 4419 pagina:
3191 4360 3422 4419 scatent,
3468 4354 3615 4411 unde

2038 4448 2258 4504 quoque
2273 4435 2479 4506 pluries
2499 4436 2801 4493 deformata
2822 4440 3015 4509 lectio;
3038 4457 3224 4498 verum
3253 4445 3413 4499 etiam
3440 4460 3615 4515 pauca

2039 4539 2070 4580 e
2104 4528 2290 4583 multis
2325 4528 2431 4583 alia
2463 4529 2518 4583 in
2554 4531 2792 4585 medium
2820 4531 3045 4601 profert,
3074 4550 3196 4605 quae
3212 4536 3327 4590 sive
3347 4553 3618 4607 gramma-

2040 4616 2160 4672 tica:
2215 4618 2426 4689 legibus
2480 4622 2597 4677 sive
2626 4623 2868 4679 auctoris
2899 4626 3067 4680 menti
3098 4638 3420 4697 repugnant.
3460 4629 3615 4687 Hanc

2041 4718 2223 4764 autem
2280 4710 2480 4766 Smithi
2510 4713 2798 4782 epistolam
2846 4731 2972 4770 cum
3018 4718 3143 4773 aliis
3188 4719 3256 4774 ad
3302 4719 3616 4790 Ignatiauas

2042 4802 2311 4872 Epistolas
2340 4807 2760 4875 pertinentibus,
2792 4808 2849 4863 in
2873 4809 3050 4865 lucem
3081 4812 3439 4869 emittendam
3479 4832 3615 4870 cen-

2042 4896 2154 4949 suit
2184 4895 2416 4965 ipsemet
2439 4896 2710 4955 Hearnius
2734 4900 2789 4954 in
2819 4901 3132 4971 Appendice
3185 4904 3253 4959 ad
3293 4906 3544 4960 volumen
3569 4907 3615 4960 ll

2042 4988 2291 5043 Chronici
2313 4988 2539 5045 Joannis
2568 4992 2950 5048 Glastoniensis
2976 4996 3240 5062 monachi,
3276 5014 3434 5069 pagg.
3486 5000 3615 5054 46l-

2041 5077 2168 5146 469,
2201 5096 2329 5134 ann.
2372 5082 2510 5137 1726
2541 5084 2802 5156 evulgati.

2114 5194 2439 5264 Insequente
2472 5206 2652 5253 autem
2704 5215 2833 5254 ann.
2861 5200 3000 5256 1709
3031 5203 3233 5271 prodiit
3257 5204 3383 5259 item
3418 5204 3615 5260 Oxonii

431 5282 591 5337 Anno
610 5292 792 5337 autem
824 5280 963 5337 1689
995 5282 1285 5353 epistolam
1320 5283 1389 5336 ad
1414 5282 1699 5351 Romanos,
1726 5300 1848 5355 quae
1882 5283 1938 5337 in
1971 5265 2017 5320 D
2044 5289 2492 5357 praestantissima
2518 5290 2720 5345 laudati
2744 5291 2966 5348 Thomas
2987 5265 3182 5349 Sinithi
3219 5296 3418 5363 editio;
3448 5312 3613 5365 quam

359 5376 553 5431 codice
583 5392 687 5432 ms.
722 5375 966 5431 Mediceo
1002 5376 1437 5441 desiderabatur,
1476 5377 1744 5432 intextum
1804 5393 1942 5448 quo-

362 5483 470 5536 que
495 5466 551 5520 S.
589 5465 793 5536 Iguatii
826 5468 1141 5537 martyrium
1159 5466 1555 5538 praeferentem,
1581 5478 1743 5537 atque
1764 5471 1932 5524 veteri
1980 5500 1999 5519 ο

360 5560 648 5629 interpreti
725 5559 1023 5617 Usseriano
1083 5561 1420 5616 adamussim
1490 5562 1881 5631 sequiparatam
1918 5605 1933 5630 ,

361 5650 590 5706 Parisiis
620 5653 821 5722 publici
845 5653 987 5724 juris
1017 5651 1147 5708 fecit
1192 5652 1567 5711 Theodericus
1610 5654 1930 5714 Ruinartius

364 5743 419 5799 iu
448 5745 597 5801 Actis
622 5761 924 5818 martyrum
951 5746 1197 5816 sinceris,
1220 5746 1289 5802 ab
1330 5746 1469 5817 ipso
1485 5746 1555 5803 cl.
1597 5746 1801 5805 edituro
1836 5747 1939 5804 La-

2040 5379 2259 5449 quidem
2308 5381 2433 5436 licet
2465 5397 2495 5435 a
2529 5381 2740 5438 Clerico
2766 5385 2990 5455 insuper
3014 5387 3252 5442 habitam
3281 5389 3335 5442 in
3373 5388 3613 5444 secunda

2037 5469 2400 5536 Coteleriana,
2456 5473 2712 5544 deinceps
2763 5484 2940 5529 tamen
2975 5486 3103 5531 sunt
3159 5478 3330 5533 secuti
3371 5477 3611 5534 Joannes

2039 5565 2349 5623 Ludovicus
2364 5567 2504 5639 Frey
2533 5577 2587 5623 et
2611 5567 2921 5627 Richardus
2942 5570 3165 5627 Russel:
3186 5581 3239 5626 et
3274 5573 3362 5627 ille
3386 5573 3610 5643 quidem

2038 5657 2093 5711 in
2132 5657 2388 5727 Epistolis
2435 5656 2537 5713 SS.
2570 5658 2796 5713 Patrum
2849 5661 3279 5728 apostolicorum,
3316 5677 3438 5731 qua}
3478 5678 3606 5717 ann.

2042 5751 2180 5806 17-12
2210 5750 2435 5807 Basilete
2464 5752 2605 5823 typis
2641 5768 2857 5809 excusa:
2878 5751 3083 5821 ‘l‘uerc;
3126 5753 3223 5829 hic,
3252 5767 3383 5809 vero
3414 5753 3467 5809 in
3513 5769 3609 5808 eo-
