4134 6384
557 327 659 381 567

1610 324 1667 379 S.
1709 322 2060 381 lGNATlUS.
2093 354 2165 365 —
2187 322 2718 381 PROLEGOMENA.

555 445 805 500 rumdem
836 443 936 499 SS.
964 445 1193 501 Patrum
1214 446 1629 514 apostolicorum
1664 446 1906 517 operibus
1955 464 2135 517 genui-
2165 454 2209 508 Α
2241 448 2479 517 scriptis.
2510 445 2807 518 Septimam
2834 463 2993 514 vero,
3042 450 3111 502 ad
3149 447 3414 503 Romani»
3434 490 3449 515 ,
3497 463 3607 504 una
3671 462 3797 504 cum

553 538 661 605 nis,
694 536 925 591 Londini
960 552 1090 591 ann.
1131 536 1271 593 1746
1307 538 1360 591 in
1385 538 1584 607 vulgus
1604 539 1843 595 emissis.
1868 539 2128 605 Quando-

552 628 771 698 quidem
816 643 946 683 vero
1006 628 1149 684 hanc
1185 627 1384 684 Smithi
1422 631 1713 685 editionem
1768 646 1879 701 pra:
1917 633 2127 689 caeteris

553 719 655 787 ipsi
702 734 925 789 quoque
972 719 1307 789 sequendam
1365 719 1662 788 duximus;
1703 732 1993 791 propterea
2037 723 2127 779 hic

548 810 861 866 describere
902 821 1125 880 praestat
1150 853 1164 877 ,
1202 826 1323 881 quae
1354 811 1421 865 de
1465 827 1564 867 suo
1604 813 1853 869 instituto
1890 830 2016 870 cum
2069 816 2125 871 in

548 898 863 969 praefatione
900 910 1017 956 tum
1043 904 1097 956 in
1128 902 1358 973 epistola
1389 903 1458 958 ad
1486 902 1782 960 Hearnium
1810 907 1973 962 modo
2000 907 2123 961 lau-

548 988 674 1045 data
698 992 955 1047 edisserit
974 994 1045 1047 cl.
1078 995 1275 1050 editor.

620 1078 879 1136 Testatur
937 1083 1120 1153 itaque
1180 1084 1429 1143 Smithus
1489 1098 1891 1159 peropportune
1944 1091 2012 1145 ad
2066 1105 2125 1147 se

548 1172 905 1230 transmissae
959 1172 1187 1232 Joannis
1236 1177 1501 1249 Ledgardi
1559 1182 1832 1248 schedas,
1865 1182 2123 1239 editionis

550 1259 833 1318 Vossianae
854 1266 1199 1322 collationem
1238 1285 1363 1324 cum
1388 1270 1629 1329 Mediceo
1664 1274 1850 1329 codice
1880 1276 2122 1345 comple-

548 1360 779 1416 cten'es,
817 1370 984 1423 quam
1014 1356 1104 1411 ille
1152 1357 1279 1411 dum
1323 1357 1612 1415 Florentia:
1659 1371 1844 1431 ageret
1894 1360 2123 1417 Joannis

548 1440 831 1499 Pearsonii
874 1455 1065 1517 rogatu
1090 1449 1436 1513 confecerat;
1489 1463 1778 1523 monetque
1828 1456 2121 1510 consilium

547 1534 819 1603 ejusmodi
838 1536 1136 1595 Pearsonio
1164 1543 1507 1611 suggessisse
1527 1545 1823 1616 ipsummet
1838 1546 2117 1601 Vossium:

546 1626 641 1694 qui
678 1626 809 1681 dum
869 1628 923 1683 in
976 1631 1340 1687 exscribendo
1369 1648 1437 1689 eo
1491 1636 1680 1691 codice
1731 1648 2115 1707 occuparetur,

547 1718 780 1784 paucula
816 1720 1064 1788 quaedam
1113 1737 1399 1792 perperam
1436 1724 1632 1795 legisse
1657 1767 1672 1792 ,
1716 1726 1931 1797 aliaque
1983 1744 2121 1785 non-

2227 536 2376 590 Aetis
2400 537 2647 607 martyrii
2677 536 2737 593 S.
2764 535 2997 607 Ignatii,
3029 551 3096 592 ex
3140 537 3381 593 editione
3436 534 3797 592 Ruiuartiana

2230 627 2481 685 Smithus
2508 630 2840 699 desumpsit;
2870 644 3105 700 eamque
3133 630 3299 687 nimis
3317 630 3537 686 curiose
3564 639 3801 685 assecta-

2225 730 2336 785 tus,
2369 720 2435 775 ad
2470 721 2709 776 litteram
2745 720 2859 775 fere
2901 721 3175 790 expressit
3198 762 3213 787 ,
3270 735 3340 775 ne
3389 720 3690 791 quidquam
3742 720 3799 774 in

2224 819 2375 866 textu
2401 820 2605 866 temere
2654 821 2899 867 mutasse
2920 812 3195 867 videretur
3229 830 3245 867 :
3288 813 3517 869 mendas
3578 812 3797 867 interim

2224 919 2346 974 qua:
2367 904 2420 958 in
2454 904 2647 961 oeulos
2683 905 2957 972 insiliunt,
2993 904 3050 959 in
3095 904 3243 961 notis
3294 904 3652 975 corrigendas
3688 906 3796 961 sibi

2224 1011 2537 1053 reservans.

2294 1088 2374 1143 Ad
2412 1088 2527 1144 haec
2572 1090 2745 1145 textui
2775 1088 2967 1145 Grieco
2995 1097 3235 1144 veterem
3283 1088 3534 1144 Latinam
3589 1090 3799 1145 versio~

2222 1195 2371 1247 nem,
2400 1181 2691 1235 barbaram
2724 1182 2947 1251 quidem
2988 1182 3161 1247 illam,
3189 1182 3283 1235 sed
3316 1180 3385 1235 ad
3417 1182 3644 1235 verbum
3665 1182 3799 1235 tide-

2225 1273 2351 1327 liter
2386 1287 2701 1343 expressam
2731 1282 3116 1343 exactamque,
3170 1272 3371 1342 adjecit
3399 1272 3541 1327 idem
3574 1272 3785 1337 editor;

2225 1381 2391 1437 quam
2425 1375 2481 1421 et
2504 1381 2647 1421 novo
2673 1367 2857 1426 Studio
2886 1366 3118 1422 contulit
3141 1381 3266 1421 cum
3299 1380 3406 1419 ms.
3429 1364 3621 1419 codice
3651 1362 3797 1419 Can-

2220 1457 2559 1525 tabrigiensi,
2590 1459 2854 1514 correctis
2885 1458 3108 1526 insuper
3136 1456 3283 1511 illius
3332 1455 3792 1520 aberrationihus,

2222 1549 2380 1618 cujus
2400 1564 2565 1618 opera
2597 1564 2731 1605 usus
2759 1548 2941 1605 fuerat
2973 1547 3232 1606 Usserius
3260 1547 3357 1618 qui
3408 1561 3531 1603 eam
3581 1546 3797 1617 primus

2223 1640 2278 1695 in
2314 1640 2490 1693 lucem
2523 1639 2731 1694 emisit.

2294 1730 2448 1786 Licet
2478 1740 2662 1786 autem
2705 1731 2761 1785 in
2804 1746 2905 1786 sua
2940 1729 3221 1801 lgnatiana
3278 1727 3516 1783 editione
3568 1727 3797 1782 concin-

545 1810 696 1864 nulla
736 1826 845 1879 prae
890 1811 1236 1869 festinatione
1266 1829 1331 1871 ac
1364 1815 1526 1871 taedio
1565 1819 1981 1886 praetermisisse
2027 1836 2122 1876 su-
2157 1789 2198 1845 Β
2223 1825 2403 1879 nanda
2430 1826 2654 1879 multam
2686 1822 2937 1880 Smithus
2963 1789 3301 1893 diligentiam
3352 1819 3684 1884 adhibuerit,
3737 1828 3797 1873 ut

545 1907 879 1975 spicabatur.
915 1906 1033 1974 Quo
1060 1910 1281 1979 quidem
1314 1927 1561 1975 munere,
1595 1914 1713 1983 pari
1743 1915 2028 1970 oculorum
2057 1932 2122 1971 ac
2220 1930 2286 1969 ex
2320 1916 2585 1971 hactenus
2610 1916 2773 1971 dictis
2794 1916 2927 1971 satis
2959 1923 3297 1984 compertum
3330 1915 3409 1976 tit,
3436 1926 3547 1965 non
3572 1909 3796 1966 defuere

543 1995 747 2065 ingenii
774 1998 911 2061 acie,
939 1999 1143 2068 optima
1176 2001 1281 2055 ﬁde
1301 2002 1624 2072 perfunctus
1664 2002 1837 2060 fuisse
1890 2020 2113 2076 compe-

542 2088 683 2143 ritur
717 2088 1065 2161 Ledgardus;
1097 2092 1186 2147 cui
1222 2110 1287 2149 ex
1335 2096 1451 2151 otio
1496 2098 1763 2152 maturior
1794 2099 2115 2155 deliberatio

539 2186 596 2231 et
654 2178 869 2234 facilior
922 2196 1187 2239 excusum
1241 2186 1521 2254 exemplar
1552 2202 1678 2241 cum
1742 2190 2118 2257 manuscripto

538 2272 891 2340 comparandi
925 2288 1090 2342 opera
1131 2274 1483 2346 obtingebat:
1538 2293 1604 2333 eo
1630 2294 1805 2349 usque
1844 2281 2115 2351 siquidem

539 2365 825 2432 processit,
852 2375 911 2421 ut
940 2369 1274 2425 variationes
1310 2372 1657 2442 perexiguas,
1699 2388 1768 2428 ne
1796 2373 1973 2429 dicam
2004 2375 2116 2429 titi-

535 2456 731 2523 vnitia,
762 2473 901 2527 pene
936 2459 1008 2514 ad
1034 2476 1296 2517 nauseam
1325 2462 1523 2518 litteris
1558 2465 1914 2534 consignarit.
1963 2464 2115 2521 Hanc

536 2554 718 2602 autem
744 2548 1011 2621 integram
1045 2552 1393 2609 collationem
1424 2554 1857 2625 Ledgardianam
1900 2558 2115 2614 duabus

533 2638 781 2707 ejusdem
815 2636 1014 2694 Smithi
1044 2641 1292 2711 epistolis
1312 2642 1381 2698 ad
1407 2641 1691 2713 lgnatiana
1717 2645 2110 2714 spectantibus,

532 2731 573 2783 l.
610 2745 660 2784 c.
691 2730 925 2801 subjecit
956 2730 1254 2790 Hearnius.

605 2820 720 2878 Hoc
770 2823 936 2895 igitur
966 2826 1114 2882 haud
1150 2842 1283 2883 sane
1309 2828 1573 2884 mediocri
1599 2829 1844 2886 subsidio
1891 2832 2112 2902 adjutus

530 2914 618 2967 vir
642 2914 696 2969 in
724 2915 829 2971 hoc
880 2917 1188 2974 studiorum
1222 2934 1420 2991 genere
1468 2922 1991 2989 exercitatissimus,
2042 2926 2112 2980 ad

531 3022 689 3063 suam
721 3007 1019 3063 editionem
1069 3011 1449 3068 adornandam
1481 3028 1541 3069 se
1582 3015 1836 3069 contulit.
1891 3014 2023 3082 Quae
2052 3017 2108 3071 in

2222 2016 2403 2063 tamen
2451 2009 2544 2078 qui
2571 2024 2697 2063 eum
2739 2009 2923 2063 minus
2952 2014 3208 2062 accurate
3243 2006 3485 2061 codicem
3523 2003 3795 2058 Flmenti-

2220 2116 2351 2154 num
2382 2101 2723 2170 expressisse
2758 2099 3100 2153 aﬂirmarint.
3159 2096 3471 2153 Gronovius
3515 2095 3796 2149 enimvero

2218 2194 2395 2248 dicam
2428 2193 2478 2246 ei
2506 2193 2767 2263 grandem
2796 2191 3049 2261 impingit
3084 2189 3197 2260 (l),
3233 2189 3363 2243 dum
3402 2186 3660 2241 Vossium
3704 2202 3794 2241 re-

2216 2287 2538 2358 prehendit:
2574 2285 2799 2357 perinde
2848 2299 2913 2339 ac
2948 2284 2993 2339 si
3037 2283 3205 2353 hujus
3248 2281 3416 2335 ductu
3441 2280 3527 2334 vel
3579 2278 3632 2332 in
3680 2292 3797 2332 sua

2215 2380 2543 2435 Oxoniensis
2589 2378 2846 2433 editionis
2873 2375 3140 2440 exordio,
3183 2374 3237 2427 in
3268 2373 3383 2442 ipsa
3421 2370 3629 2426 scilicet
3678 2368 3797 2437 epi-

2217 2474 2371 2529 stolae
2396 2472 2465 2525 ad
2499 2470 2800 2541 Smyrnam
2832 2468 3211 2537 inscriptione,
3251 2472 3567 2533 corruptam
3610 2462 3797 2516 istius-

2215 2563 2363 2617 modi
2419 2562 2742 2626 lectionem,
2796 2558 3065 2629 πνεύματι
3102 2557 3193 2611 καὶ
3228 2556 3376 2621 λόφῳ
3419 2552 3577 2620 Θεοῦ,
3629 2552 3795 2606 nobis

2214 2654 2517 2710 ubtruserit
2554 2653 2675 2717 ille;
2704 2667 2830 2705 cum
2866 2659 3071 2713 tamen,
3106 2647 3152 2703 si
3176 2647 3353 2702 virum
3388 2646 3642 2700 criticum
3687 2658 3791 2697 au-

2214 2742 2354 2808 dias,
2392 2752 2519 2797 nota
2553 2758 2660 2796 ms.
2686 2738 2912 2795 Medicei
2946 2738 3359 2808 compendiaria
3389 2735 3587 2790 fuisset
3615 2732 3788 2788 inani-

2212 2835 2351 2888 feste
2376 2833 2624 2903 legenda,
2651 2829 3005 2901 πνευματικῷ
3040 2828 3183 2899 λόγῳ
3212 2826 3369 2880 Θεοῦ.
3419 2829 3489 2880 At
3520 2824 3790 2888 Smithus,

2212 2929 2560 2983 collationem
2594 2925 3024 2996 Ledgardianam
3059 2932 3305 2987 secutus,
3342 2923 3394 2975 in
3444 2920 3671 2975 scholiis
3720 2919 3789 2971 ad

2210 3023 2457 3077 eamdem
2499 3021 2781 3090 epistolam
2812 3018 3030 3073 obviam
3065 3016 3341 3084 prativisse
3394 3013 3673 3069 Gronovio
3706 3014 3789 3066 vi-

532 3095 801 3152 Vossiana
836 3096 1052 3154 fuerant
1083 3101 1198 3156 sive
1236 3112 1441 3157 temere
1488 3104 1695 3158 omissa
1750 3105 1865 3159 sive
1898 3120 2109 3175 prmpo-
2135 3124 2176 3181 ο
2210 3116 2369 3169 detur
2396 3114 2481 3169 bis
2511 3111 2725 3167 verbis:
2768 3130 2786 3162 ι
2812 3110 2919 3164 Καὶ
2952 3109 3111 3180 λόγῳ
3148 3107 3317 3161 Θεοῦ.
3354 3107 3427 3161 Ita
3461 3121 3679 3176 quoque
3712 3104 3789 3159 leo

530 3199 675 3244 stere
697 3187 1007 3257 exscripta,
1048 3205 1116 3245 ex
1165 3208 1308 3248 nova
1356 3192 1460 3249 ista
1512 3192 1775 3265 Ledgardi
1818 3196 2108 3253 collatione

528 3280 801 3350 supplevit
823 3282 1270 3355 emendavitque,
1324 3285 1525 3342 additis
1552 3304 1769 3358 quoque
1801 3288 2004 3357 passim
2040 3289 2107 3344 ad

527 3376 996 3446 paginaelimbum
1046 3377 1342 3433 breviculis
1392 3379 1619 3434 scholiis
1665 3390 1721 3434 et
1750 3378 2105 3448 conjecturis,

527 3467 811 3535 quibusin
836 3470 1024 3525 oculos
1059 3468 1220 3525 facile
1263 3469 1675 3525 incurrentibus
1718 3478 1900 3525 textus
1944 3469 2106 3526 lectio

525 3556 784 3613 reddatur
804 3559 1019 3630 planior
1041 3569 1206 3632 atque
1234 3561 1597 3618 emendatior.

598 3648 786 3721 Neque
820 3651 910 3707 hic
940 3652 1307 3707 omittendum
1335 3653 1485 3723 quod
1512 3654 1771 3708 admonet
1796 3652 1968 3708 solers
1991 3651 2105 3706 edi-

523 3749 613 3795 tor
642 3752 829 3797 noster
852 3740 904 3795 in
926 3739 1149 3811 praefata
1168 3742 1235 3796 ad
1262 3740 1562 3797 Hearninm
1599 3743 1863 3812 cpistola,
1904 3741 1997 3796 ubi
2037 3740 2106 3796 de

524 3836 595 3891 iis
636 3835 801 3890 verba
832 3834 963 3890 facit
1010 3836 1105 3906 qui
1152 3835 1379 3891 editioni
1436 3835 1801 3890 Aldrichianae
1848 3835 2106 3889 curanda:

521 3927 860 3998 praefuerunt
893 3944 907 3980 :
941 3946 960 3979 ι
982 3926 1351 3998 Rigidissimis
1380 3928 1721 3992 censoribus,
1773 3928 1974 3998 inquit,
2003 3943 2103 3997 pa-

524 4037 647 4075 rum
683 4022 1032 4077 excusandus
1061 4021 1277 4076 videtur
1309 4020 1373 4074 D.
1394 4018 1662 4087 Vossius,
1706 4021 1803 4092 qui
1855 4022 1909 4076 in
1940 4023 2099 4091 epist.

527 4114 596 4166 ad
648 4112 707 4169 S.
745 4112 1136 4183 Polycarpum,
1173 4122 1307 4170 sect.
1336 4114 1389 4181 5,
1422 4114 1747 4184 particulam
1796 4113 2102 4183 negativam

516 4203 607 4274 μή
630 4204 772 4259 inter
804 4206 1048 4274 ὁμιλίαν
1073 4215 1128 4261 et
1158 4206 1333 4261 ποιοῦ
1363 4206 1633 4273 inseruit,
1677 4222 1801 4262 cum
1854 4223 1883 4263 e
1915 4210 2103 4265 codice

523 4295 843 4352 Florentino
861 4298 1021 4367 plane
1050 4297 1216 4364 absit,
1247 4307 1307 4353 ut
1341 4298 1457 4368 ipse
1491 4299 1545 4353 in
1581 4299 1855 4355 adnotatis
1909 4301 2099 4355 obser-

521 4387 795 4452 vavi,nec
822 4387 879 4442 in
906 4403 1008 4444 suo
1062 4390 1248 4445 codice
1292 4390 1506 4461 legebat
1558 4400 1715 4447 vetus
1772 4389 2099 4447 Usserianus

520 4479 821 4548 interpres:
851 4480 1009 4548 cujus
1036 4482 1341 4536 reverentia
1366 4490 1422 4536 et
1450 4481 1777 4537 auctoritate
1825 4491 2009 4537 motus
2032 4499 2099 4538 ex
2132 4475 2177 4534 D

522 4570 711 4626 codice
744 4587 865 4628 meo
889 4572 1037 4628 illam
1074 4573 1268 4639 delevi,
1297 4573 1382 4628 vel
1410 4574 1625 4641 saltem,
1650 4584 1711 4629 ut
1739 4575 1956 4630 uncinis
2002 4576 2098 4644 qui

520 4665 952 4721 additamentum
982 4664 1117 4719 illud
1172 4666 1479 4722 indicarent
1517 4666 1892 4722 includeretur
1917 4706 1931 4729 ,
1980 4684 2098 4723 om—

521 4762 654 4815 nino
678 4760 965 4815 volebam:
1003 4760 1098 4814 sed
1124 4758 1311 4813 nescio
1341 4774 1453 4829 quo
1506 4774 1639 4813 casu
1675 4762 1943 4815 correctio
1993 4764 2095 4817 ista

521 4856 725 4910 omissa
743 4862 880 4908 erat.
907 4851 965 4905 ln
988 4852 1177 4906 eadem
1199 4851 1327 4905 item
1352 4851 1515 4920 epist.
1546 4852 1615 4906 ad
1639 4851 1696 4907 S.
1718 4852 2091 4923 Polycarpttm,

523 4954 658 5001 sect.
687 4944 741 5011 7,
764 4953 819 4998 et
848 4943 902 4997 in
928 4942 1087 5012 epist.
1138 4941 1207 4993 ad
1264 4939 1749 5011 Philadelphienses
1780 4984 1797 5011 ,
1841 4957 1976 5002 sect.
2028 4950 2095 5002 10

520 5038 676 5106 (qua:
699 5036 967 5090 correctio
989 5034 1055 5088 ad
1086 5033 1248 5088 ﬁnem
1279 5034 1489 5105 paginae
1536 5035 1643 5105 ibi)
1691 5036 1923 5094 habetur
1961 5041 2095 5095 ἐπεὶ

518 5125 586 5180 δέ
618 5142 715 5196 pro
747 5124 973 5191 ἐπειδή,
1005 5135 1066 5181 ιιι
1090 5142 1158 5181 ex
1187 5128 1401 5183 schedis
1434 5128 1496 5182 D.
1534 5128 1801 5200 Ledgardi
1832 5134 2044 5187 correxi
2077 5153 2093 5202 ;

518 5218 614 5272 sed
643 5218 784 5271 inter
819 5218 1087 5273 tumultus
1132 5219 1265 5288 prcli
1312 5221 1706 5292 negligebatur.
1747 5241 1767 5274 ›
1816 5221 2089 5281 Hactenus

519 5309 587 5362 cl.
634 5307 915 5364 Smithus:
951 5311 1038 5364 cui
1066 5311 1289 5379 quidem
1318 5314 1634 5368 admonenti
1664 5331 1872 5371 morem
1897 5332 2089 5388 geren-

516 5409 619 5463 tes,
651 5400 941 5469 utrobiqne
989 5401 1246 5455 mendum
1281 5404 1604 5459 sustulimus
1627 5445 1642 5469 ,
1676 5422 1741 5461 ac
1796 5417 2084 5477 negantem

518 5490 839 5559 particulam
874 5492 947 5561 μή
979 5492 1257 5547 uncinulis
1300 5494 1838 5565 circumscripsimus
1874 5516 1887 5550 :
1937 5500 2083 5568 quod

517 5598 651 5636 sane
696 5582 1123 5650 praicedentibus
1153 5583 1489 5640 editionibus
1541 5602 1811 5654 nusquam
1853 5588 2079 5645 factum.

584 5673 704 5728 lluc
733 5688 906 5744 usque
931 5676 998 5729 de
1026 5690 1121 5730 sex
1145 5676 1393 5745 epistolis
1420 5694 1450 5731 e
1482 5680 1670 5733 codice
1709 5680 1950 5736 Medicco
1990 5683 2082 5739 de-

590 5787 666 5858 ”)
694 5790 931 5848 Gronov.
961 5791 1186 5861 Prwfat.
1227 5795 1294 5847 ad
1325 5793 1603 5863 Ilerodot.,
1634 5812 1752 5866 pag.
1786 5797 1835 5851 1.

2211 3206 2409 3277 gebant
2431 3211 2592 3258 vetus
2610 3210 2795 3256 noster
2818 3201 3083 3268 interpres
3110 3207 3164 3252 et
3195 3197 3571 3267 interpolator,
3600 3194 3791 3250 distinp

2208 3296 2337 3351 ctim
2362 3306 2414 3350 et
2437 3292 2758 3363 separatim,
2800 3306 2910 3345 non
2962 3304 3057 3359 per
3091 3288 3515 3359 appositionem,
3573 3294 3634 3339 ut
3664 3285 3781 3355 qui-

2208 3388 2334 3442 dam
2359 3386 2442 3441 vir
2473 3386 2668 3439 doctus
2698 3400 2764 3439 ex
2789 3381 3011 3437 fortuita
3049 3381 3213 3451 hujus
3243 3379 3527 3449 particula:
3555 3378 3785 3447 conjun—

2207 3479 2366 3535 ctiva:
2424 3476 2727 3531 omissione
2792 3474 2847 3527 in
2898 3472 3152 3527 versione
3195 3468 3464 3525 Vossiana
3520 3467 3786 3539 (vetere)

2206 3568 2617 3638 interpretatur.
2656 3584 2674 3617 ι
2706 3563 2977 3619 llmcille:
3016 3573 3077 3617 ut
3101 3561 3329 3633 proinde
3368 3560 3640 3614 immerito
3688 3574 3787 3613 su-

2208 3669 2473 3730 spectam,
2503 3675 2611 3713 non
2650 3657 2830 3711 solum
2858 3670 2981 3710 eam
3007 3654 3321 3718 lectionem,
3373 3653 3467 3707 sed
3517 3652 3785 3722 integrant

2205 3766 2425 3821 quoque
2450 3751 2625 3820 ipsam
2668 3748 3033 3803 Smithianam
3065 3746 3388 3812 editionem,
3424 3744 3651 3799 reddere
3684 3758 3780 3798 vo.

2205 3842 2375 3897 luisse
2407 3846 2490 3895 vir
2518 3840 2767 3895 eruditus
2787 3846 3097 3893 censeatur.

2835 4012 3064 4069 CAPUT
3098 4012 3163 4070 ll.

2209 4156 2422 4211 Thomw
2453 4155 2647 4211 Smitlti
2678 4154 2842 4207 editio
2874 4154 3008 4223 typis
3040 4152 3266 4217 tradita,
3296 4154 3511 4208 scholiis
3560 4152 3780 4206 editoris

2273 4228 2520 4280 omissis:
2557 4240 2776 4294 quorum
2801 4224 2936 4287 loco,
2971 4224 3246 4293 prwmissa
3274 4226 3505 4293 primunt
3533 4233 3777 4291 excerpta

2274 4306 2503 4349 veterum
2534 4295 2759 4349 Patrum
2780 4296 3005 4365 integra,
3034 4310 3099 4346 ea:
3123 4296 3359 4362 epistolis
3396 4296 3635 4365 genuinis
3687 4294 3781 4345 de»

2272 4368 2516 4436 scripta:
2572 4366 2807 4432 subjecta
2852 4364 3038 4417 deinde
3089 4364 3779 4436 earuntdem'epistolarum

2275 4434 2594 4506 fragmenta,
2629 4444 2888 4506 quotquot
2906 4444 3114 4506 egrstaitt
3155 4436 3207 4487 in
3240 4434 3526 4488 Parallelis
3574 4434 3777 4487 Dama—

2275 4502 2494 4561 scenicis
2539 4502 2993 4574 Rupefucaltlinis.
3047 4502 3253 4557 Horum
3304 4505 3541 4558 subsidio
3602 4514 3776 4557 textus

2273 4578 2512 4630 sincerus
2532 4576 2608 4629 vel
2630 4577 2896 4643 ﬁrmatur,
2914 4574 2990 4627 uel
3006 4576 3313 4645 corrigitur,
3338 4574 3414 4628 vel
3435 4577 3593 4629 etiam
3611 4590 3772 4644 quan-

2268 4650 2435 4717 doque
2462 4648 2755 4715 suppletur.

2271 4762 2407 4814 Dum
2463 4776 2593 4815 vero
2649 4759 2803 4829 Angli
2840 4760 3004 4831 hujus
3036 4760 3262 4815 editoris
3287 4761 3595 4815 institutum
3621 4759 3673 4813 in
3707 4759 3769 4814 S.

2197 4852 2390 4925 lgnatii
2426 4852 2673 4923 epistolis
2705 4854 2937 4907 sinceris
2980 4853 3203 4908 edendis
3245 4869 3436 4908 sumus
3476 4853 3772 4923 persecuti,

2200 4957 2444 4999 nostrum
2474 4946 2603 4999 item
2632 4944 3038 5015 quodammodo
3054 4945 3429 5012 exposuimus,
3459 4946 3625 5014 utqui
3650 4945 3775 5013 ejus

2198 5037 2476 5106 exemplar
2542 5053 2653 5106 pra:
2728 5038 2941 5092 ueteris
2996 5037 3378 5091 cxcudendum
3451 5038 3767 5106 selegimus.

2200 5128 2419 5184 Scholia
2456 5140 2636 5184 tamen
2672 5146 2795 5185 cum
2826 5129 3070 5200 ejusdem
3119 5128 3316 5183 Smithi
3340 5141 3456 5183 tum
3485 5128 3770 5187 Pcarsonii

2195 5222 2538 5292 aliorumque
2586 5226 2828 5277 virorum
2890 5222 3230 5277 eruditorum
3283 5223 3768 5292 praetermittenda,

2193 5331 2260 5369 ne
2290 5331 2427 5384 Opus
2467 5316 2628 5371 nimis
2662 5324 3002 5370 excresceret
3026 5356 3040 5379 ,
3072 5314 3528 5371 existimavimus.
3582 5314 3765 5382 Quan-

2192 5423 2356 5475 quam
2394 5406 2627 5462 fortasse
2657 5407 2973 5477 hujusmodi
3014 5406 3305 5462 consilium
3360 5409 3588 5463 moleste
3636 5410 3766 5478 quis

2191 5498 2350 5565 ferat,
2377 5516 2499 5555 cum
2536 5503 2836 5570 praesertim
2869 5510 3047 5557 textus
3076 5503 3273 5558 alicubi
3299 5502 3511 5557 mendis
3549 5502 3766 5557 obsitus

2191 5603 2464 5656 occurrat,
2499 5610 2660 5664 quem
2696 5594 2938 5663 profecto
2970 5597 3161 5651 saltem
3206 5598 3260 5651 in
3297 5598 3443 5651 notis
3480 5598 3764 5652 emacula-

2190 5694 2304 5738 tum
2342 5697 2598 5755 praestarc
2624 5687 2927 5756 oportebat.
2954 5687 3095 5754 Quid
3139 5690 3370 5761 loquar?
3429 5688 3507 5744 Eo
3540 5689 3765 5760 quidem
