4134 6414
348 342 449 400 669

1388 342 1695 400 ANDREE
1732 342 2106 401 GALLANDII
2143 341 2505 401 PRO(EMIA.

3500 345 3605 403 570

348 484 573 528 munere
602 483 703 541 pro
734 466 945 525 viribus
974 467 1250 539 perfuncti
1274 467 1557 525 fueramus
1579 469 1634 523 in
1658 468 1917 525 observa-
1945 473 1992 529 Δ
2019 466 2249 537 proinde
2278 480 2341 523 ea
2365 465 2582 522 ratione
2619 464 2870 521 emollire
2913 464 3185 522 studebat.
3226 462 3295 522 Et
3324 465 3449 536 jure
3483 467 3606 537 qui-

348 561 594 618 tionibus
640 558 1023 629 subjiciendis,
1079 560 1273 617 eadem
1313 558 1489 616 ferme
1536 559 1753 615 ratione
1786 572 1923 614 con-

355 651 540 719 textis,
578 666 688 721 qua
743 649 829 706 usi
860 665 1058 707 sumus
1097 649 1169 706 ad
1225 649 1595 707 Clementinas
1634 648 1920 720 epistolas:

347 742 571 813 jamque
597 741 1012 797 observationes
1052 742 1191 807 istae,
1236 741 1765 812 cujusmodicunque
1802 737 1925 794 fue-

349 831 483 898 rint,
508 832 563 885 in
592 838 849 903 promptu
873 839 1064 898 erant;
1090 846 1282 888 verum
1305 831 1428 887 illas
1458 831 1734 895 novimus,
1766 829 1927 885 nobis

347 923 511 992 plane
542 922 767 990 invitis,
824 923 1014 979 nescio
1048 938 1158 994 quo
1190 938 1325 978 casu
1359 923 1618 990 omissas,
1646 922 1776 977 dum
1810 920 1928 991 epi-

347 1015 502 1070 stolae
530 1013 824 1085 lgnatianaa
855 1015 1006 1086 prelo
1041 1015 1547 1071 committebantur.
1582 1014 1652 1069 At
1685 1012 1927 1068 huic-in-

346 1107 674 1173 commodo,
711 1116 979 1177 quantum
1025 1107 1079 1161 in
1114 1106 1275 1162 nobis
1306 1105 1438 1174 fuit,
1470 1106 1783 1163 consultum
1825 1118 1926 1158 vo-

347 1199 576 1265 luimus,
613 1214 716 1254 nec
748 1198 944 1254 leviter
977 1198 1280 1264 enimvero,
1318 1207 1379 1253 ut
1424 1198 1642 1269 quidem
1693 1196 1923 1251 arbitra-

346 1306 492 1346 mur.
526 1290 775 1346 Primum
809 1291 1082 1361 siquidem
1117 1290 1260 1344 inter
1309 1300 1554 1346 veterum
1589 1288 1926 1357 testimonia,

347 1384 565 1455 integra
587 1383 679 1439 illa
708 1382 1106 1453 descripsimus
1121 1398 1189 1438 ex
1216 1385 1444 1450 irenzeo,
1472 1382 1730 1449 Eusebio,
1748 1382 1928 1439 Theo-

345 1476 532 1531 dorito
567 1474 801 1546 aliisque
836 1474 1069 1530 vetustis
1101 1474 1447 1539 auctoribus,
1487 1474 1543 1528 in
1579 1474 1779 1545 quibus
1828 1473 1929 1528 ali-

342 1568 475 1637 quis
532 1576 718 1622 textus
771 1565 1039 1637 lgnatiani
1098 1567 1255 1622 locus
1302 1574 1522 1622 exstare
1555 1567 1923 1636 comperitur:

342 1672 460 1728 quo
507 1658 768 1711 nimirum
804 1658 977 1713 lector
1007 1672 1076 1713 ex
1126 1657 1327 1712 Smithi
1376 1658 1579 1713 notulis
1611 1658 1925 1714 admonitus

341 1748 644 1819 confugere
670 1748 867 1818 possit,
901 1748 993 1803 ubi
1032 1749 1241 1804 haerere
1269 1749 1572 1819 contingat.

419 1837 491 1894 Ut
540 1848 724 1894 autem
762 1839 928 1910 hujus
957 1839 1188 1894 subsidii
1230 1840 1463 1910 pretium
1521 1840 1929 1911 quodammodo

338 1937 580 1996 constet,
629 1945 801 1984 unum
841 1930 926 1985 vel
958 1929 1192 1985 alterum
1220 1930 1530 2000 exemplum
1583 1930 1637 1984 in
1686 1931 1927 1986 medium

339 2020 717 2092 proferamus.
749 2019 807 2075 ln
839 2021 1070 2090 epistola
1106 2022 1147 2087 Ι,
1184 2020 1483 2093 Smyrnaeis
1528 2021 1824 2091 inscripta,
1846 2022 1929 2079 sic

338 2112 580 2182 legimus
604 2111 708 2183 (2):
750 2112 1413 2182 Πεπληροφορημένους
1443 2114 1532 2178 εἰς
1564 2112 1671 2165 τὸν
1711 2114 1931 2181 Κύριον

337 2200 535 2272 ἡμῶν,
568 2199 808 2270 άληθῶς
840 2199 987 2254 ὄντα
1010 2241 1023 2255 .
1045 2239 1061 2255 .
1081 2238 1097 2254 .
1172 2200 1310 2253 Υὶόν
1342 2199 1489 2254 Θεοῦ
1523 2199 1672 2254 κατὰ
1703 2200 1932 2269 θέλημα

334 2294 444 2350 καὶ
477 2293 736 2364 δύναμιν
773 2292 943 2348 Θεοῦ.
985 2293 1085 2348 Ubi
1108 2292 1427 2347 Theodorit.
1484 2292 1632 2346 Dial.
1682 2308 1701 2347 ι
1728 2292 1931 2345 excitat

334 2386 556 2457 Anglus
576 2385 775 2441 editor.
804 2383 859 2439 Si
896 2399 1027 2439 vero
1056 2392 1300 2439 veterum
1336 2383 1649 2439 testimonia
1683 2382 1931 2452 epistolis

334 2477 641 2548 lgnatianis
677 2478 962 2547 prtemissa
980 2476 1269 2531 consulere
1290 2475 1447 2541 velis,
1482 2481 1681 2545 praesto
1708 2474 1801 2529 tibi
1824 2474 1931 2528 erit

334 2570 507 2625 lectio
533 2569 760 2632 codicis,
819 2585 929 2639 quo
963 2577 1090 2624 ante
1143 2568 1292 2622 mille
1342 2578 1397 2623 et
1432 2576 1708 2623 trecentos
1752 2582 1929 2625 annos

333 2675 481 2715 usus
513 2667 601 2714 est
629 2658 1015 2715 Theodoritus.
1050 2656 1141 2713 Sic
1176 2666 1360 2712 autem
1390 2673 1449 2713 se
1465 2657 1657 2713 habet:
1689 2661 1933 2726 1131.11}-

324 2753 790 2824 ροςρορημένους
820 2750 1059 2820 ἀληθῶς
1085 2752 1171 2816 εἰς
1192 2748 1299 2803 τὸν
1329 2750 1549 2817 Κύριον
1575 2748 1762 2819 ήμῶν,
1788 2750 1933 2803 ὄντα

334 2888 385 2903 ..
411 2885 426 2898 .
472 2845 612 2899 Υἱὸν
671 2844 820 2899 Θεοῦ
849 2844 1002 2897 κατὰ
1040 2844 1290 2911 θεότητα
1322 2842 1428 2897 παὶ
1461 2842 1738 2912 δύναμιν,
1793 2840 1933 2897 Hinc

331 2938 550 3002 disces,
597 2935 875 3006 quomodo
922 2934 1117 3006 legerit
1150 2934 1242 2987 hic
1274 2933 1403 3005 Cyri
1458 2933 1778 3003 episcopus;
1836 2933 1932 3002 qui

335 3028 678 3098 transposita
707 3043 843 3082 voce
874 3024 1132 3095 ἀληθῶς,
1157 3034 1212 3081 et
1234 3027 1436 3080 omissa
1454 3033 1734 3095 postrema
1758 3023 1928 3090 Θεοῦ,

332 3136 446 3191 pro
479 3119 631 3173 κατὰ
662 3118 892 3187 θέλημα
913 3134 1013 3172 ms.
1037 3115 1283 3183 Medicei,
1312 3118 1461 3170 κατὰ
1494 3118 1741 3183 θεότητα
1777 3114 1925 3185 legit.

332 3214 522 3269 Probe
576 3222 759 3267 autem
800 3209 1036 3265 notanda
1100 3208 1253 3263 varia
1302 3208 1617 3278 hujusmodi
1663 3206 1859 3271 lectio;
1898 3222 1928 3262 a

332 3320 453 3376 qua
487 3319 615 3359 cum
646 3315 885 3358 veterem
911 3301 1262 3369 interpretem
1289 3338 1304 3365 ,
1351 3307 1469 3353 tum
1527 3299 1772 3354 codicem
1806 3296 1931 3352 Flo-

335 3397 625 3451 rentinum
652 3395 924 3450 dissidere
957 3393 1148 3462 liquet.
1175 3391 1306 3445 Eam
1342 3392 1702 3446 nihilominus
1738 3399 1925 3445 tuetur

334 3488 745 3557 Wesselingius
771 3487 851 3558 (3)
894 3484 960 3541 V.
1001 3485 1063 3541 C.
1101 3494 1381 3555 permotus
1429 3482 1729 3554 exemplari
1786 3483 1932 3537 anti-

337 3580 619 3651 quissimo
633 3577 782 3649 quod
815 3577 1184 3633 Theodoritus
1215 3592 1327 3647 prae
1359 3575 1533 3631 oculis
1587 3574 1816 3637 habuit,
1847 3574 1931 3644 ip-

335 3676 576 3742 siusque
609 3672 663 3725 in
699 3670 892 3742 primis
926 3669 1121 3742 lgnatii
1163 3667 1455 3735 sententia,
1485 3666 1631 3721 unde
1653 3666 1789 3720 nihil
1825 3666 1931 3721 hoc

337 3765 489 3823 abit:
527 3764 729 3835 quibus
764 3762 1010 3828 accedit,
1046 3760 1278 3830 exprimi
1313 3758 1449 3815 satis
1478 3767 1733 3813 accurate
1779 3756 1930 3811 hisce

344 3857 533 3914 verbis
555 3899 572 3925 ,
606 3854 756 3926 quod
788 3853 994 3909 Paulus
1025 3853 1093 3909 ad
1128 3851 1407 3907 Romanos
1460 3848 1782 3920 perscripsit
1828 3847 1927 3919 (4).

340 3951 604 4004 Attamen
634 3946 884 4002 Smithus
909 3962 940 4001 a
975 3960 1080 4000 ms.
1100 3942 1401 3998 Florentini
1425 3942 1659 3998 lectione
1682 3948 1790 3997 stat
1807 3956 1935 3996 con-

340 4050 532 4102 stans;
575 4037 850 4107 simulque
910 4035 1186 4091 existimat
1248 4032 1468 4104 genium
1529 4047 1692 4088 suum
1748 4032 1935 4102 potius

342 4148 514 4203 quam
550 4130 797 4187 codicem
824 4129 998 4186 fuisse
1027 4129 1069 4184 Τ
1076 4128 1423 4184 heodoritum
1458 4135 1732 4190 secutum,
1769 4126 1932 4197 quasi

342 4223 585 4279 nimium
638 4221 810 4280 cruda
842 4221 923 4276 illi
973 4220 1253 4277 videretur
1285 4220 1459 4275 altera
1514 4218 1719 4285 lectio,
1769 4232 1935 4287 quam

2026 559 2148 616 dem
2185 574 2200 613 :
2248 558 2441 631 lgnatii
2481 557 2627 614 enim
2653 598 2669 625 ,
2703 555 2927 625 Justlni,
2963 556 3180 614 Tatiani
3206 599 3223 626 ,
3272 556 3602 615 Tertulliani

2026 650 2369 721 aliorumque
2398 650 2899 707 vetustissimorum
2934 649 3158 706 Patrum
3202 652 3473 708 sententia
3533 653 3605 709 de

2025 741 2166 797 Filio
2194 742 2288 798 Dei
2328 743 2510 814 genito
2545 742 2697 797 κατὰ
2727 740 2959 812 θέλημα
2990 743 3158 807 Θεοῦ,
3222 758 3289 799 eo
3318 760 3483 800 sensu
3517 752 3602 801 est

2024 834 2360 904 accipienda,
2388 850 2500 903 quo
2520 834 2669 889 illam
2704 842 2928 889 strenue
2952 832 3474 904 defenditdocteque
3504 851 3603 889 ex-

2025 930 2191 1001 plicat
2207 931 2292 984 vir
2316 930 2589 985 maximus
2610 928 2853 984 Iacobus
2875 928 3152 996 Benignus
3176 928 3473 983 Bossuetus
3495 930 3596 999 (5).

2102 1020 2395 1091 Pergamus
2415 1034 2598 1091 porro.
2626 1021 2682 1074 In
2707 1019 2895 1073 eadem
2915 1019 2983 1073 ad
3015 1018 3328 1090 Smyrnzcos
3342 1020 3599 1090 epistola,

2026 1110 2143 1166 haac
2163 1110 2321 1165 verba
2358 1118 2654 1165 occurrunt
2674 1108 2780 1180 (6):
2805 1109 3191 1177 εὐχαριστίας
3212 1110 3311 1163 καὶ
3341 1126 3600 1178 προσευ-

2025 1199 2143 1270 κῆς
2174 1200 2518 1270 ἀπέχονται.
2543 1197 2649 1265 Qui
2677 1200 2897 1268 quidem
2946 1200 3102 1255 locus
3133 1200 3213 1255 sic
3244 1201 3387 1270 apud
3415 1199 3599 1257 Theo-

2026 1292 2262 1347 doritum
2293 1289 2516 1345 eﬂ'ertur
2557 1290 2669 1359 (7):
2702 1291 3088 1357 εὐχαριστίας
3119 1291 3215 1344 καὶ
3252 1294 3603 1361 προσφορὰς

2026 1386 2138 1441 οὐκ
2168 1380 2585 1451 ἀποδέχονται.
2613 1381 2684 1435 At
2703 1381 2908 1437 codicis
2942 1381 3166 1437 Medicei
3200 1383 3419 1438 lectioni
3460 1384 3606 1438 favet

2026 1483 2183 1529 vetus
2206 1474 2475 1543 interpres
2518 1471 2879 1538 Usserianus;
2908 1488 3032 1543 qua:
3072 1473 3300 1540 proinde
3348 1490 3461 1545 pra:
3513 1475 3606 1530 illa

2025 1563 2348 1619 Theodoriti
2412 1563 2695 1619 retinenda
2748 1564 2987 1621 videtur.
3034 1564 3176 1621 Huic
3230 1576 3414 1621 autem
3483 1567 3607 1621 loco

2027 1672 2199 1711 unum
2230 1655 2409 1710 adhuc
2434 1655 2704 1725 insignem
2730 1656 3017 1723 addamus,
3042 1672 3206 1726 quem
3258 1657 3463 1727 praebet
3490 1657 3609 1725 epi-

2027 1748 2165 1804 stola
2186 1748 2253 1802 ad
2281 1745 2566 1816 Ephesios.
2585 1745 2788 1817 Estque
2815 1747 3128 1818 hujusmodi
3151 1747 3227 1817 (8)
3248 1764 3260 1799 :
3282 1743 3387 1814 Εἷς
3413 1748 3610 1815 ἱατρός

1959 1825 2002 1880 Β
2029 1838 2199 1892 ἐστιν
2224 1876 2240 1892 .
2270 1877 2285 1892 .
2317 1876 2331 1891 .
2357 1836 2427 1889 ἐν
2445 1837 2624 1904 σαρκὶ
2658 1838 2981 1907 γενόμενος
3004 1838 3180 1904 Θεὸς,
3222 1838 3293 1891 ἐν
3335 1837 3607 1900 ἀθανάτῳ

2031 1926 2145 1998 ζωῇ
2167 1927 2460 1997 ἀληθινῆς
2490 1943 2613 1998 qua:
2636 1944 2768 1982 sane
2800 1938 3073 1998 postrema
3106 1930 3182 1983 ita
3206 1945 3426 2000 quoque
3462 1931 3610 2000 lege-

2031 2021 2124 2075 bat
2150 2020 2206 2074 in
2247 2035 2348 2076 suo
2371 2020 2669 2089 exemplari
2698 2028 2853 2075 vetus
2886 2021 3192 2091 interpres:
3233 2022 3397 2075 vertit
3438 2020 3608 2084 enim.

2028 2128 2086 2166 ιη
2113 2110 2405 2165 immortali
2425 2112 2537 2165 vita
2565 2128 2709 2166 vera.
2742 2110 2847 2166 Sed
2879 2120 3167 2167 contextus
3196 2121 3493 2182 repugnat;
3526 2126 3615 2165 re-

2029 2203 2487 2274 scribendumque
2507 2204 2753 2270 omnino,
2774 2204 2845 2257 ἐν
2884 2203 3117 2268 θανάτῳ
3172 2204 3283 2273 ζωὴ
3329 2204 3610 2273 ἀληθινή,

2028 2295 2086 2348 in
2119 2302 2286 2347 morte
2318 2295 2426 2347 vita
2449 2310 2601 2348 vera:
2631 2294 2906 2362 quomodo
2935 2294 2987 2347 in
3013 2294 3128 2349 suis
3160 2293 3440 2349 codicibus
3467 2294 3587 2364 lege

2028 2386 2154 2440 bant
2181 2384 2387 2440 vetusti
2413 2383 2625 2450 Patres,
2661 2384 3021 2448 Athanasius,
3053 2384 3421 2442 Theodoritus
3447 2395 3613 2456 atque

2030 2477 2303 2541 Gelasius,
2324 2485 2384 2532 ut
2411 2493 2477 2532 ex
2508 2476 2687 2531 allatis
2713 2476 2854 2530 infra
2881 2492 3071 2532 eorum
3105 2477 3240 2533 locis
3267 2488 3611 2548 compertum

2030 2569 2109 2624 ﬁt.
2146 2569 2215 2623 At
2248 2571 2364 2625 haec
2402 2569 2537 2625 satis
2567 2578 2764 2636 sunto;
2798 2585 2865 2624 ex
2891 2570 3093 2639 quibus
3117 2572 3419 2641 perspicias
3436 2586 3613 2642 quan-

2033 2669 2148 2715 tum
2176 2659 2304 2713 hinc
2331 2657 2560 2713 subsidii
2588 2657 2812 2712 accedat
2834 2659 3002 2713 textui
3036 2661 3419 2727 emaculaudo,
3449 2663 3498 2718 si
3524 2664 3611 2718 cui

2031 2752 2099 2808 de
2122 2752 2272 2806 illius
2300 2751 2611 2822 integritate
2638 2751 2881 2820 suspicio
2913 2752 3092 2821 aliqua
3115 2753 3241 2821 jure
3270 2754 3611 2811 suboriatur.

2103 2840 2306 2896 Verum
2360 2841 2415 2895 in
2463 2841 2608 2895 idem
2639 2841 2930 2895 consilium
2973 2843 3205 2899 ulterius
3255 2846 3437 2900 adhuc
3487 2863 3614 2917 prn-

2031 2949 2220 3005 gressa
2243 2942 2325 2988 est
2353 2949 2485 2989 cura
2529 2942 2740 2989 nostra.
2790 2932 3061 2989 Nimirum
3084 2978 3099 3004 ,
3137 2935 3458 3008 fragmentis
3508 2939 3615 2996 illis

2031 3040 2153 3094 quae
2178 3026 2372 3095 Ignatii
2408 3025 2668 3095 epistolas
2698 3025 3137 3095 subsequuntur,
3180 3038 3436 3099 excerpta
3471 3047 3619 3101 qum-

2033 3117 2157 3172 dam
2185 3117 2522 3186 subjecimus
2556 3133 2624 3173 ex
2657 3129 2881 3173 auctore
2922 3118 3316 3175 Parallelorum
3366 3120 3616 3191 Ruperu-

2034 3208 2401 3276 caldinorum,
2429 3226 2593 3279 quem
2626 3210 2697 3264 cl.
2724 3209 3058 3282 Lequienius
3107 3213 3302 3267 merito
3339 3215 3618 3268 existimat

2035 3300 2249 3371 integro
2286 3301 2489 3355 sacculo
2508 3300 2849 3358 Damasceno
2871 3303 3259 3373 antiquiorem.
3291 3303 3416 3359 Haec
3433 3315 3617 3360 autem

2033 3402 2290 3464 excerpta
2313 3408 2475 3448 nemo
2503 3409 2634 3449 sane
2656 3394 2858 3449 dixerit
2903 3396 3049 3450 baud
3117 3399 3299 3467 magni
3336 3397 3615 3463 facienda;

2034 3500 2164 3541 cum
2194 3492 2344 3538 certo
2367 3491 2583 3538 constet
2604 3484 2925 3553 scriptorem
2954 3485 3106 3539 illum
3124 3526 3138 3551 ,
3174 3487 3489 3556 quicunque
3519 3487 3616 3540 dc-

2036 3589 2189 3629 mum
2239 3572 2423 3639 fuerit,
2480 3588 2547 3627 ex
2573 3573 2807 3629 sinceris
2842 3572 3039 3643 lgnatii
3098 3576 3364 3645 epistolis,
3398 3578 3445 3632 si
3495 3594 3616 3633 eam

2034 3666 2276 3735 excipias
2298 3681 2420 3735 quae
2442 3663 2705 3721 Romanis
2741 3665 3065 3721 inscribitur
3082 3708 3099 3731 ,
3121 3668 3212 3722 illa
3237 3670 3617 3739 descripsisse,

2034 3759 2392 3828 codicemque
2416 3757 2657 3813 Mediceo
2695 3760 3122 3814 emendatiorem
3156 3761 3507 3818 adhibuisse:
3559 3773 3621 3819 ut

2037 3849 2267 3921 proinde
2296 3857 2481 3904 textus
2510 3848 2712 3917 vulgati
2746 3848 2907 3903 lectio
2930 3865 2997 3904 ex
3036 3849 3105 3905 iis
3141 3866 3248 3906 non
3279 3852 3457 3907 solum
3485 3868 3615 3908 con-

2038 3943 2304 4006 ﬁrmetur,
2337 3954 2528 3994 verum
2556 3939 2723 3993 etiam
2751 3940 3073 3995 emendetur
3120 3942 3405 4012 multoque
3454 3945 3620 3999 casti-

2039 4033 2216 4104 gatior
2267 4032 2596 4101 plerumque
2644 4031 2926 4086 reddatur.
2987 4030 3109 4098 Quo
3177 4043 3357 4087 autem
3408 4034 3618 4104 aliquot

2040 4123 2306 4194 exemplis
2328 4138 2416 4179 res
2442 4122 2851 4192 comprobetur,
2873 4123 2994 4179 loca
3017 4125 3281 4181 nonnulla
3320 4140 3444 4182 cum
3471 4128 3622 4183 edito

2041 4215 2238 4271 collata
2267 4214 2359 4269 hic
2386 4214 2582 4272 sistere
2606 4213 2827 4286 juverit.

1619 4387 1881 4428 EPISTOLA
1924 4387 1993 4428 AD
2040 4385 2352 4427 SIIYRNEOS.

797 4493 950 4549 Edit.
980 4509 1046 4549 ex
1074 4493 1192 4548 cod.
1220 4491 1477 4548 Medicae.

417 4609 552 4681 Cap.
588 4609 682 4662 IX.
735 4607 1030 4679 Ἀνανῆψαι
1054 4647 1068 4661 .
1100 4647 1114 4660 .
1148 4646 1163 4659 .
1197 4606 1412 4678 ἔχομεν.

414 4706 549 4774 Cap.
578 4704 672 4755 XI.
691 4702 946 4755 Θέλουσιν
971 4700 1082 4771 γὰρ
1107 4702 1241 4771 ἡμῖν
1266 4697 1617 4771 εὐπράσσειν,
1637 4698 1771 4763 Θεὸς
1794 4697 1933 4751 ἑτοι-

348 4813 451 4869 μος
486 4797 568 4860 εἰς
595 4793 658 4848 τὸ
680 4795 1004 4865 παρασχεῖν.

2442 4489 2528 4545 Ea;
2557 4488 2821 4547 Parallel.
2848 4490 3204 4563 Rupefucald.

2115 4604 2413 4677 Ἀνανῆψαι
2439 4606 2605 4676 ἡμᾶς.
2629 4645 2643 4658 .
2672 4644 2686 4658 .
2711 4645 2724 4658 .
2770 4604 2988 4677 ἔχομεν.

2101 4694 2328 4749 Θέλουσι
2355 4695 2467 4768 γὰρ
2494 4697 2627 4766 ἡμῖν
2651 4688 2713 4749 εὖ
2763 4696 3025 4767 πράττειν
3045 4736 3061 4763 ,
3090 4696 3235 4765 ,Θεὸς
3272 4698 3489 4769 ἕτοιμος
3536 4698 3622 4760 εἰς

2036 4788 2096 4842 τὸ
2119 4788 2402 4860 παρέχειν.

1750 4921 1816 4959 ΑΒ
1869 4920 2239 4961 POLYCARPUM.

420 5032 555 5103 Cap.
592 5033 635 5086 Ι.
675 5030 967 5103 Γρηγόρει,
1004 5028 1302 5100 ἀκοίμητον
1332 5027 1547 5099 πνεῦμα
1568 5025 1923 5099 κεκτημένος.
1957 5058 1963 5066 -

2105 5026 2395 5098 Γρηγόρει,
2419 5025 2715 5097 ἀκοίμητον
2742 5024 2898 5096 δμμα
2920 5023 3273 5096 κεκτημένος.

1772 5162 1840 5200 ΑΒ
1892 5160 2169 5201 εριιεειοε.

421 5272 556 5343 Cap.
587 5270 676 5325 Vl.
714 5270 951 5326 Εἰώθασί
969 5287 1113 5334 τινες
1137 5270 1275 5341 δόλῳ
1298 5268 1520 5341 πονηρῷ
1545 5267 1604 5321 τὸ
1637 5266 1805 5338 ὄνομα
1839 5284 1936 5320 πε-

354 5364 476 5436 ριφέ
483 5381 541 5436 ρε
550 5382 618 5419 ιν.

536 5511 709 5589 [gnaL
736 5506 1015 5589 Episl.nad
1033 5505 1286 5589 Περι-ρης..
1311 5522 1432 5589 cap.
1461 5507 1514 5561 1.

430 5577 867 5666 Wesseling.
910 5578 1187 5633 Probabil.
1216 5577 1309 5633 lib.
1344 5577 1507 5648 sing.,
1536 5592 1657 5647 cap.
1689 5579 1779 5647 35,
1810 5594 1931 5650 pag.

358 5650 494 5705 196.⁷
824 5650 835 5651 ί

429 5726 507 5790 μ)
538 5720 691 5775 Rom.
728 5736 765 5785 t,
791 5721 846 5785 3,
873 5720 905 5774 Α

453 5791 509 5861 5)
544 5790 797 5859 Bossuet,
836 5802 910 5843 γιο
948 5789 1200 5846 Avertiss.
1232 5806 1339 5846 aue:
1382 5789 1612 5847 Pratcsl.
1640 5832 1653 5858 ,
1703 5803 1720 5844 t
1766 5799 1928 5860 part.,

2109 5267 2344 5322 Εἱώθασί
2391 5285 2535 5333 τινες
2578 5268 2717 5340 δόλῳ
2764 5265 2987 5339 πονηρῷ
3030 5266 3092 5321 τὸ
3135 5265 3306 5337 ὄνομα
3366 5259 3622 5335 Χριστοῦ

2042 5360 2380 5432 περιφέρειν.

2045 5518 2147 5565 art.
2178 5527 2230 5576 v,
2263 5509 2400 5581 §54.

2112 5581 2194 5655 (ﬁ)
2224 5582 2403 5655 [μοι.
2446 5579 2713 5655 Epist_._ad
2738 5579 2975 5650 Smyrn.,
3008 5595 3129 5655 c_a_p_.
3159 5578 3193 5633 7

2115 5652 2192 5723 (7)
2223 5651 2543 5723 Theodorit.
2574 5652 2716 5705 Dial.
2742 5668 2842 5723 fill,
2873 5668 2996 5721 pag.
3030 5651 3152 5723 15!.

2113 5720 2192 5795 (8)
2220 5723 2392 5795 Ignat.
2425 5721 2599 5793 Epist.
2634 5723 2702 5777 ad
2730 5720 3151 5793 Ephea.,cap.7.
