4134 6388
544 322 644 378 δτι

1003 440 1152 495 Edit.
1177 456 1243 496 ex
1269 440 1386 495 cod.
1416 440 1669 496 Hediceo.

611 535 742 604 Cap.
774 535 866 588 ΧΙ.
908 534 1020 605 Τὴν
1064 534 1370 589 ἐνεστῶσαν
1410 535 1569 607 χάριν
1612 538 2021 612 ἀγαπήσωμεν·
2064 542 2121 596 ἓν

539 626 648 677 τῶν
689 625 782 678 δύο
814 628 971 695 μόνον
998 627 1057 678 ἐν
1077 629 1182 697 Χρ.

608 717 740 786 Cap.
797 717 937 771 XIV.
984 719 1149 790 Ἀρχὴ
1192 720 1293 790 μὲν
1340 720 1555 783 πίστις·
1604 721 1755 785 τέλος
1797 723 1855 776 δὲ
1907 723 2117 795 ἀγάπη.

528 811 605 864 Τὰ
646 811 702 863 δὲ
723 811 835 875 δύο,
865 816 924 865 ἐν
958 813 1171 883 ἑνότητι
1200 814 1467 883 γενόμενα
1488 854 1501 875 ,
1541 814 1665 867 θεοῦ
1711 818 1877 869 ἐστιν.
1899 856 1912 869 .
1938 856 1949 868 .
1975 856 1987 868 .
2017 818 2122 869 Οὐ-

1618 323 1675 377 S.
1719 322 2067 381 lGNATlUS.
2106 348 2181 368 -ο
2215 322 2753 381 PROLEGOMENA.

2152 453 2205 511 Α
2641 444 2724 498 Ex
2753 443 2833 497 Pa
2842 443 3011 498 rallel.
3042 443 3401 515 Rupefucald..

3694 324 3802 381 579

2299 543 2409 614 Τὴν
2430 540 2737 595 ἐνεστῶσαν
2768 541 2926 611 χάριν
2957 542 3332 612 ὰγαπήσωμεν
3354 543 3412 595 ὲν
3433 540 3511 612 τῷ
3543 539 3638 596 νῦν
3671 541 3792 613 βίῳ,

2226 635 2386 705 μόνον
2427 634 2486 687 ὲν
2517 635 2562 685 X
2569 652 2620 704 ρ.

2308 727 2473 798 Ἀρχὴ
2518 728 2616 797 μὲν
2663 727 2697 797 ἡ
2752 724 2971 788 πίστις·
3003 725 3155 785 τέλος
3193 725 3315 797 δὲὴ
3363 726 3572 798 ἀγάπη.
3621 730 3701 782 Τὰ
3743 729 3797 780 δὲ

2176 844 2188 858 ο
2219 820 2345 883 δύο,
2379 823 2436 873 ὲν
2469 819 2681 889 ὲνότητι
2724 818 3022 888 γενόμενα,
3060 818 3192 881 Θεός
3229 821 3397 871 ἐστι..
3419 858 3432 871 .
3477 820 3664 883 Οὐδεὶς
3711 823 3797 873 πί-

522 904 634 965 ὃδὶς
676 915 860 956 πίστιν
883 905 1371 974 ἐπαγγελλόμενος,
1400 907 1706 978 ἁμαρτάνει
1729 924 1742 937 '
1763 908 1883 961 οὐδὲ
1900 908 2121 980 ἀγάπην
2222 928 2337 964 στιν
2364 908 2830 979 ἐπαγγελλόμενος
2864 908 3025 979 ἔχειν,
3072 910 3396 982 ἁμαρτάνει.
3426 912 3613 976 Οὐδεὶς
3664 915 3799 982 ἀγά-

525 1012 583 1047 κε
606 1014 691 1049 κτ.
715 1037 727 1048 .
751 1037 788 1049 ..
826 997 1145 1069 Χριστιανοὶ
1174 994 1334 1052 εἶναι.

2222 1013 2332 1067 πην
2364 1013 2515 1049 κεκτ.
2538 1034 2550 1047 .
2572 1035 2585 1048 .
2607 1034 2622 1049 .
2646 995 2881 1066 Χριστοῦ
2908 990 3066 1050 εἶναι.

1965 1130 2031 1168 ΑΙ)
2074 1128 2388 1168 MAGNESIOS-

597 1226 729 1296 Cap.
768 1227 852 1282 Ill.
888 1230 1103 1300 Πρέπον
1136 1230 1281 1282 ἐστὶν
1323 1228 1612 1283 ἐπακούειν
1654 1229 1793 1283 κατὰ
1843 1230 2108 1300 μηδεμίαν

526 1321 903 1392 ὑπόκρισιν....
928 1324 1063 1376 ἀλλὰ
1093 1324 1182 1375 τὸν
1213 1324 1444 1393 ἀόρατον
1479 1322 1929 1395 παραλογίζεται·
1973 1326 2031 1376 τὸ
2053 1323 2109 1375 δὲ

524 1414 782 1481 τοιοῦτον,
810 1415 869 1468 οὐ
898 1415 1034 1487 πρὸς
1065 1416 1241 1487 σάρκα
1270 1415 1446 1483 λόγος.

2288 1233 2505 1304 Πρέπον
2542 1231 2691 1285 ἐστὶν
2730 1232 3021 1285 ὑπακούειν
3058 1231 3135 1301 τῷ
3176 1233 3459 1303 ὲπισκόπῳ
3498 1236 3638 1287 κατὰ
3688 1251 3794 1304 μη⁹

2216 1326 2406 1396 δεμίαν
2465 1325 2839 1397 ὑπόκρισιν....
2889 1325 3023 1379 ἀλλὰ
3071 1326 3161 1379 τὸν
3211 1328 3440 1397 ἀόρατον
3492 1329 3793 1401 παραλογί-

2218 1414 2546 1480 ζεταιΘεόν,·
2574 1415 2650 1487 τῷ
2683 1416 2739 1470 δὲ
2768 1416 3009 1489 τοιούτῳ,
3041 1418 3101 1471 οὐ
3138 1417 3272 1491 πρὸς
3302 1419 3478 1490 σάρκα
3506 1419 3681 1489 λόγος.

1934 1551 2000 1589 ΔΙ)
2034 1549 2387 1590 τῐιΛιιΙΑΝοε.

1726 1634 1809 1645 *η

591 1647 725 1717 Cap.
760 1646 847 1701 VI.
882 1649 941 1701 Οἱ
965 1649 1148 1720 καιροὶ
1183 1649 1681 1721 παρεμπλεκουσιν.

590 1736 724 1806 Cap.
758 1736 891 1792 VIII.
924 1739 1131 1810 Μηδεὶς
1155 1738 1308 1809 ὑμῶν
1347 1739 1487 1793 κατὰ
1524 1738 1618 1792 τοῦ
1653 1739 1883 1810 πλησίου
1915 1739 2105 1811 ἐχέτω.

518 1828 610 1899 Μὴ
637 1831 803 1898 ἀφηη
836 1829 921 1909 ἶνα
1148 1831 1208 1885 τὸ
1241 1833 1299 1884 ὲν
1328 1831 1435 1902 θεῷ
1460 1832 1662 1903 πλῆθος
1688 1832 1883 1903 βλασφ.

528 2027 541 2040 0
589 1963 729 2020 Hinc
760 1965 1005 2034 profecto
1049 1978 1355 2022 noscuntur
1388 1968 1502 2023 haec
1543 1978 1797 2039 excerpta
1827 1969 2106 2041 lgnatiano

524 2058 696 2111 textui
730 2058 844 2112 sive
878 2059 1223 2113 emendando
1259 2060 1374 2115 sive
1397 2061 1559 2114 etiam
1591 2061 1791 2116 alicubi
1822 2063 2107 2117 sarciendo

517 2148 664 2203 haud
692 2165 886 2218 parum
914 2149 1221 2219 profutura.
1258 2150 1459 2207 Verum
1500 2160 1558 2206 ut
1590 2152 1658 2208 iis
1689 2154 1995 2223 expeditius
2028 2154 2106 2207 uti

513 2238 746 2295 lectores
789 2249 1014 2310 queant,
1056 2242 1247 2296 eadem
1286 2256 1353 2296 eo
1388 2242 1719 2312 digessimus
1759 2242 1968 2307 ordine,
1999 2259 2108 2313 quo

511 2332 795 2401 disposita
822 2342 1124 2387 occurrunt
1151 2333 1393 2403 epistolae
1420 2349 1545 2388 cum
1577 2333 1632 2387 in
1666 2334 1854 2389 codice
1884 2333 2108 2389 Floren-

514 2422 649 2487 tino,
683 2431 796 2476 tum
828 2424 884 2477 in
914 2422 1112 2477 Smitbi
1139 2423 1287 2478 edito
1318 2424 1406 2478 hic
1436 2425 1580 2494 typis
1610 2440 1836 2480 excuso.

1089 2552 1321 2609 CAPUT
1365 2553 1454 2609 Ill.

512 2644 742 2700 Simonii
769 2658 817 2702 et
849 2646 1103 2701 Tentzelii
1134 2647 1198 2700 de
1226 2664 1327 2700 ms.
1355 2647 1531 2701 codice
1556 2647 1791 2701 Mediceo
1821 2648 2101 2702 sententia.

587 2716 736 2773 Unde
791 2719 1025 2772 hauserit
1075 2717 1363 2787 Ignatiana
1397 2716 1660 2781 Svicerus,
1690 2720 1745 2771 in
1777 2736 1929 2771 suum
1959 2718 2094 2773 Tlte-

572 2805 801 2844 vsaurum
831 2789 1089 2857 conjecta.
1138 2787 1396 2856 Epistolw
1428 2788 1779 2855 interpolatae,
1830 2788 1905 2841 vel
1928 2790 2089 2843 etiam

2139 1637 2185 1695 Β
2285 1648 2393 1701 Καὶ
2419 1648 2915 1721 παρεμπλεκουσιν.

2284 1741 2488 1812 Μηδεὶς
2512 1740 2665 1811 ὑμῶν
2694 1741 2833 1795 κατὰ
2866 1741 2957 1795 τοῦ
2991 1742 3216 1813 πλησίον
3243 1744 3413 1815 ἐχέτω
3441 1763 3510 1809 τι,
3531 1746 3604 1817 μὴ
3621 1749 3785 1816 ἁφ....

2218 1834 2304 1886 ἵνα
2533 1832 2593 1886 τδ
2624 1832 2804 1885 ἔνθεον
2839 1833 3041 1902 πλῆθος
3073 1834 3266 1905 βλασφ.

2200 1949 2378 2013 visus,
2406 1948 2531 2003 licet
2558 1949 2611 2003 in
2645 1949 2805 2004 aliam
2833 1965 2862 2004 a
2896 1948 3241 2006 Tentzeliana
3286 1954 3609 2008 sententiam
3640 1956 3790 2011 abie—

2205 2041 2297 2095 rit.
2339 2038 2714 2095 Pervolutanti
2748 2039 2892 2093 enim
2944 2040 3077 2094 mihi
3107 2041 3225 2110 ejus
3253 2039 3582 2095 Thesaurum
3619 2043 3787 2097 ecclea-

2207 2131 2483 2185 siasticum
2505 2130 2911 2203 deprehendere
2939 2132 3186 2202 contigit,
3219 2148 3393 2203 neque
3426 2150 3557 2189 sane
3583 2135 3791 2203 absque

2209 2221 2594 2293 admiratione,
2625 2221 2801 2291 ipsum
2842 2237 2942 2291 pro
2987 2239 3117 2277 vero
3164 2222 3374 2293 Ignatio
3405 2223 3789 2294 lgnatiastrum

2205 2313 2395 2369 lectori
2426 2313 2630 2384 passim
2670 2314 2993 2369 obtrusisse.
3031 2311 3109 2369 Ne
3135 2315 3340 2371 nimius
3372 2316 3497 2382 sim,
3521 2317 3630 2371 duo
3661 2325 3788 2372 tan-

2208 2414 2323 2460 tum
2353 2405 2471 2461 loca
2503 2404 2747 2474 proferre
2784 2405 2936 2460 libet.
2969 2404 3188 2460 Primus
3229 2408 3470 2462 occurrit
3498 2424 3551 2461 v.
3588 2406 3776 2478 ’Λα-έν-

2207 2514 2390 2564 νητος
2423 2497 2557 2569 (15),
2591 2498 2685 2552 ubi
2717 2498 2901 2553 statim
2933 2498 3003 2553 ab
3033 2498 3187 2554 initio
3233 2500 3396 2555 verba
3446 2500 3636 2555 recitat
3667 2507 3789 2554 tan—

2209 2604 2373 2658 quam
2409 2589 2711 2661 lgnatiana,
2736 2607 2858 2661 qua:
2901 2600 3079 2647 tamen
3124 2593 3405 2665 desumpta
3435 2594 3790 2663 perhibentur

2208 2696 2276 2736 ex
2318 2682 2641 2751 interpolata
2672 2683 2900 2752 epistola
2940 2685 3006 2739 ad
3049 2683 3336 2754 Ephesios,
3368 2701 3487 2755 cap.
3517 2686 3567 2752 7,
3601 2686 3789 2755 sicque

2200 2788 2262 2828 se
2292 2773 2532 2828 habent:
2594 2793 2615 2827 ι
2664 2775 2867 2847 Ἰατρὸς
2900 2775 3056 2846 ἡμῶν
3086 2778 3233 2830 ἐστιν
3265 2778 3293 2829 6
3330 2777 3493 2848 μόνος
3539 2777 3789 2848 ἀληθινὸς

579 2860 954 2941 supposititite,
984 2875 1014 2938 (ι
1049 2858 1314 2941 nonnullis
1341 2859 1469 2941 viris
1513 2859 1681 2941 d'octis
1724 2860 1898 2941 minus
1953 2868 2089 2940 recte

2196 2865 2344 2932 Θεὸς,
2378 2868 2407 2919 6
2440 2867 2733 2939 άγέννητος
2769 2869 2864 2921 καὶ
2910 2868 3223 2941 ἀπρόσιτος,
3261 2872 3289 2924 6
3333 2869 3440 2924 τῶν
3487 2872 3625 2924 ὅλων
3670 2871 3788 2923 Κύ-

577 2931 719 2982 velnt
748 2930 966 2982 sincerae
998 2930 1264 2981 interdum
1293 2928 1509 2983 habitw.
1534 2928 1786 2982 Romanis
1820 2929 2088 2997 inscripta:

580 3000 818 3067 epistolte
836 2999 997 3052 editio
1016 3015 1174 3068 quam
1195 2998 1431 3052 Clericus
1450 2998 1817 3052 adornandum
1838 3001 2087 3070 suscepit,

576 3072 719 3123 haud
751 3070 1018 3139 ﬁdissima
1049 3086 1158 3123 esse
1185 3069 1507 3138 perhibetur.

576 3185 643 3241 Et
667 3187 837 3239 miror
857 3185 1109 3254 equidem
1139 3184 1453 3253 hujusmodi
1483 3195 1740 3254 excerpta
1772 3184 1941 3239 fuisse
1969 3185 2097 3239 hac-

502 3290 664 3335 tenus
700 3278 782 3333 vel
814 3278 1183 3343 inobservata,
1217 3277 1300 3331 vel
1343 3275 1482 3331 forte
1528 3277 1768 3346 neglecta
1808 3276 1939 3333 viris
1966 3292 2096 3331 eru-

502 3372 653 3435 ditis,
676 3369 769 3440 qui
796 3378 920 3440 post
951 3369 1227 3424 Smithum
1253 3369 1311 3423 S.
1337 3369 1596 3440 martyris
1621 3369 1880 3438 epistolas
1907 3384 2098 3425 rursus

505 3463 745 3517 edendas
799 3469 1082 3515 curarunt.
1130 3459 1404 3515 Smithum
1454 3458 1601 3513 enim
1651 3459 1886 3528 excipio,
1938 3459 2097 3529 cujus

510 3554 838 3610 Oxoniensis
878 3553 1046 3607 editio
1086 3552 1200 3623 jam
1252 3551 1308 3605 in
1355 3551 1533 3605 lucem
1574 3551 1870 3621 prodierat,
1917 3553 2099 3621 prius-

510 3663 673 3717 quam
705 3645 795 3699 illa
826 3644 1088 3699 Parallela
1111 3660 1141 3699 e
1170 3660 1275 3698 ms.
1310 3641 1745 3712 Rupefucaldino
1779 3643 2099 3713 evulgaren-

504 3748 614 3793 tur.
652 3738 784 3804 Quae
816 3737 1037 3807 quidem
1085 3739 1132 3791 si
1178 3734 1455 3790 Richardo
1505 3733 1755 3789 Simonio
1802 3735 2097 3807 aliquando

500 3832 887 3895 innotuissent,
918 3829 1101 3883 nullus
1123 3828 1334 3893 dubito,
1364 3827 1497 3894 quin
1518 3843 1584 3883 ex
1612 3827 1697 3881 his
1720 3826 1904 3895 potius
1928 3843 2097 3898 quam

500 3938 566 3977 ex
612 3922 997 3990 interpolatore
1048 3919 1290 3975 codicem
1344 3919 1647 3975 Mediceum
1707 3920 2096 3989 corrigendum

499 4016 785 4071 statuisset
814 4014 912 4084 (9).
950 4012 1153 4068 Eodem
1186 4013 1313 4067 item
1345 4014 1566 4068 nomine
1596 4014 1666 4068 ab
1704 4015 1796 4069 illa
1829 4013 2098 4068 sententia

499 4104 905 4173 pronuntianda
944 4104 1049 4159 sibi
1096 4102 1331 4159 fortasse
1381 4116 1738 4175 temperasset
1765 4105 2097 4159 Wilhelmus

501 4196 767 4252 Ernestus
802 4195 1111 4251 Tentzelius
1142 4194 1278 4261 (10),
1318 4214 1338 4246 ι
1368 4197 1505 4250 nihil
1544 4212 1646 4267 pro
1687 4196 1970 4267 lgnatiano
2001 4199 2100 4251 ha-

502 4288 761 4352 bendum,
794 4287 901 4342 nisi
924 4287 1068 4356 quod
1097 4278 1127 4338 a
1153 4285 1405 4342 Patribus
1429 4288 1674 4358 priorum
1705 4298 1944 4356 quatuor
1975 4298 2098 4358 post

500 4378 824 4447 martyrium
857 4375 1048 4447 lgnatii
1090 4378 1415 4433 saeculorum
1454 4379 1808 4433 sanctissimo
1848 4380 1966 4434 viro
1998 4381 2097 4433 tri-

499 4468 707 4523 huitur.
749 4486 767 4519 ι
802 4465 1071 4522 Nimirum
1116 4468 1364 4522 eruditus
1410 4468 1501 4521 ille
1541 4468 1623 4521 vir
1659 4469 1942 4524 nonnullis
1987 4485 2093 4524 ms.

499 4560 805 4616 Florentini
838 4560 952 4616 sive
981 4559 1249 4615 labeculis
1276 4560 1390 4614 sive
1413 4560 1767 4615 varietatibus
1793 4570 2094 4630 permotus,

500 4654 622 4724 ejus
648 4652 1176 4707 abeevrtavelevare
1198 4652 1477 4707 contendit
1501 4671 1515 4707 :
1542 4653 1703 4723 cujus
1733 4662 1912 4708 tamen
1952 4654 2099 4723 obje-

503 4746 839 4801 ctationihus
884 4752 1237 4799 occurrentes
1288 4744 1525 4799 Grabius
1572 4744 1685 4817 (11)
1732 4754 1787 4799 et
1829 4743 2096 4800 Nourrius

503 4842 645 4911 (12),
679 4841 801 4896 illas
835 4848 1089 4894 accurate
1123 4838 1259 4893 satis
1287 4838 1598 4905 diluerunt;
1630 4838 1866 4892 validius
1916 4838 2097 4892 adhuc

490 4916 558 4986 id
608 4930 929 5001 praestituri,
983 4929 1031 4984 si
1085 4928 1274 4984 eadem
1320 4926 1586 4985 Parallela
1640 4929 1911 5000 inspicere
1962 4930 2096 4999 ipsis

501 5025 774 5081 licuisset.

572 5123 712 5178 Cum
746 5120 1025 5178 Tentzelio
1070 5135 1289 5191 quoque
1334 5119 1389 5174 in
1439 5119 1683 5190 ejusdem
1725 5134 1831 5173 ms.
1870 5116 2095 5174 Medicei

504 5225 876 5286 contemptum
936 5214 1212 5269 immerito
1259 5214 1608 5285 conspirasse
1654 5212 1910 5268 Svicerus
1959 5212 2097 5267 mihi

577 5351 655 5418 (9)
705 5350 915 5404 Simon.
955 5350 1084 5404 Jud.
1134 5349 1198 5404 de
1241 5349 1320 5405 Is.
1364 5349 1533 5403 Vossii
1577 5366 1811 5420 respons.
1860 5350 1957 5405 sub
1996 5364 2096 5404 no--

507 5424 646 5475 mine
678 5420 995 5491 llifronymi
1025 5421 1073 5491 le
1100 5421 1327 5487 Camus,
1358 5437 1481 5491 pag.
1510 5421 1600 5475 24.

582 5492 693 5560 (10)
726 5489 968 5615 Τειιῑέιὲι.
1015 5489 1252 5546 Exercit.
1282 5489 1485 5559 selecti,
1512 5500 1651 5561 part.
1683 5507 1724 5557 ι,
1754 5489 1982 5545 exercit.
2010 5504 2094 5554 ιιι,

582 5578 677 5615 ιιι.
710 5578 835 5615 naa.
942 5603 955 5615 .

579 5578 677 5623 ΧΠ,
710 5578 835 5623 pag.
868 5578 955 5617 οε).

511 5563 540 5631 §
579 5578 677 5623 xu,
710 5578 835 5631 pag.
868 5563 955 5617 65.

584 5632 696 5693 (11)
729 5632 894 5701 Grab.
931 5629 1115 5701 Spicil.
1146 5640 1281 5686 tom.
1317 5630 1381 5692 Ii,
1410 5646 1468 5699 τις
1498 5630 1624 5683 ΞΞἹ.

585 5703 697 5772 (12)
740 5700 939 5772 Nourr.
971 5698 1192 5770 'Appar.
1231 5703 1311 5772 ad
1360 5701 1614 5755 Biblioth.
1669 5700 1809 5767 PP.,
1862 5708 1992 5755 tom.
2053 5698 2092 5766 l,

516 5772 731 5830 dissert.
761 5790 878 5844 vm,
898 5771 926 5845 ᾗ
949 5787 1019 5828 vn
1045 5814 1058 5839 ,
1084 5789 1132 5842 p.
1175 5771 1297 5828 159.

2115 2947 2157 3005 C
2193 2974 2327 3028 ριος,
2375 2956 2465 3010 τοῦ
2507 2957 2567 3011 δὲ
2610 2959 2930 3030 μονογενοῦς
2962 2959 3153 3032 Πατὴρ
3198 2960 3294 3016 καὶ
3337 2963 3635 3034 γεννήτωρ.
3672 2982 3689 3014 ι
3719 2964 3791 3018 At

2196 3048 2280 3101 vir
2313 3050 2643 3118 apostolicus
2690 3051 2745 3105 in
2792 3051 2983 3107 eadem
3025 3052 3251 3122 epistola
3277 3054 3507 3123 genuina
3544 3054 3580 3107 Ι.
3628 3070 3676 3108 c.
3711 3056 3788 3109 ita

2197 3139 2430 3194 scribit:
2467 3160 2486 3191 ι
2523 3135 2619 3205 Εἷς
2651 3142 2833 3213 ἰατρός
2878 3144 3045 3206 ἐστιν,
3100 3144 3361 3216 σαρκικός
3400 3162 3459 3198 τε
3499 3144 3593 3198 καὶ
3627 3162 3788 3198 πνευ-

2201 3230 2446 3301 ματικὸς,
2483 3230 2740 3300 γεννητὸς
2759 3233 2851 3287 καὶ
2870 3233 3181 3305 άγέννητος,
3216 3253 3233 3286 ι
3264 3252 3317 3288 κ.
3356 3253 3404 3288 τ.
3434 3234 3484 3287 λ.
3522 3235 3672 3291 Alter
3700 3236 3787 3290 lo-

2197 3337 2295 3377 cus
2317 3331 2494 3378 exstat
2518 3340 2568 3376 v.
2609 3323 2976 3395 Ἀντίψυχον
3014 3326 3126 3397 (lxi)
3156 3344 3169 3379 :
3206 3326 3279 3380 ibi
3314 3326 3458 3381 enim
3488 3336 3784 3397 postquam

2198 3413 2363 3482 hujus
2392 3415 2542 3470 vocis
2584 3416 2891 3485 exemplum
2926 3432 2993 3470 ex
3024 3432 3294 3486 germana:
3321 3417 3387 3471 ad
3421 3416 3786 3489 Smyrnenses

2197 3506 2438 3574 epistolae
2488 3506 2665 3575 capite
2692 3505 2779 3573 10,
2809 3515 3123 3575 excerptum
3153 3507 3487 3571 adduxisset,
3520 3508 3667 3562 aliud
3699 3525 3788 3563 re-

2198 3596 2305 3653 fert
2331 3614 2398 3653 ex
2429 3598 2747 3668 interpolata
2778 3599 2843 3652 ad
2876 3598 3162 3669 Ephesios,
3195 3614 3316 3669 cap.
3346 3600 3437 3653 21.
3479 3598 3667 3669 Neque
3698 3601 3787 3655 his

2198 3698 2510 3755 contentus,
2538 3690 2688 3761 paria
2720 3691 2915 3745 recitat
2947 3707 3013 3747 ex
3044 3691 3289 3761 epistolis
3325 3693 3688 3762 supposititiis
3714 3693 3784 3746 ad

2199 3780 2591 3850 Antiochenos,
2620 3782 2686 3837 ad
2718 3781 3011 3849 Heronem,
3041 3783 3108 3837 ad
3140 3781 3439 3838 Tarsenses
3465 3792 3518 3838 et
3559 3784 3627 3837 ad
3655 3782 3785 3837 Phi-

2199 3873 2474 3943 lippenses
2507 3893 2520 3929 :
2552 3876 2847 3945 omniaque
2882 3876 3071 3931 isthmc
3100 3876 3257 3931 nobis
3295 3875 3492 3946 ingerit
3524 3884 3785 3945 tanquam

2200 3981 2229 4019 a
2254 3968 2605 4023 sanctissimo
2632 3968 2973 4024 Antiocheno
3001 3968 3259 4038 episcopo
3290 3977 3343 4023 et
3365 3978 3600 4039 martyre
3630 3970 3789 4038 lgna-

2198 4060 2276 4115 tio
2310 4061 2631 4130 perscripta.
2660 4059 2815 4115 Unde
2839 4061 3063 4131 colligas
3106 4062 3365 4131 epistolas
3395 4071 3663 4131 quotquot
3690 4077 3788 4116 ex-

2200 4161 2348 4207 stant
2393 4168 2605 4218 omnes,
2651 4153 2765 4207 sive
2805 4153 3071 4218 sinceras,
3117 4153 3230 4209 sive
3258 4154 3631 4223 interpolatas,
3668 4154 3787 4208 sive

2130 4285 2172 4338 D
2202 4244 2419 4298 demum
2449 4244 2847 4313 supposititias,
2882 4245 3162 4300 Svicerum
3194 4245 3509 4315 promiscue
3533 4260 3630 4314 pro
3660 4258 3789 4298 vere

2204 4333 2498 4405 lgnatianis
2524 4336 2825 4404 accepisse.

2272 4471 2368 4528 His
2408 4482 2586 4528 autem
2620 4472 2688 4527 de
2731 4471 2935 4528 Sviceri
2982 4473 3251 4528 Thesauro
3292 4473 3514 4535 notatis,
3544 4473 3699 4527 locus
3730 4473 3785 4526 in

2199 4572 2436 4617 mentem
2460 4563 2609 4617 venit
2629 4578 2691 4618 ex
2724 4564 3034 4635 apocrypha
3061 4564 3290 4633 epistola
3316 4564 3383 4617 ad
3414 4563 3786 4617 Antiochenos

2198 4656 2423 4721 relatus,
2447 4659 2620 4725 ‘quem
2658 4672 2780 4711 cum
2809 4658 2863 4710 in
2895 4656 3039 4710 notis
3076 4665 3188 4710 tum
3226 4656 3280 4710 in
3321 4655 3557 4711 Scholiis
3586 4654 3788 4711 Nobilii

2200 4748 2269 4803 ad
2298 4745 2451 4803 Isaiae
2481 4764 2559 4812 ix,
2591 4748 2645 4813 6,
2672 4749 2726 4802 in
2751 4747 2941 4804 Bibliis
2965 4748 3192 4804 Sixtinis
3221 4747 3328 4800 τῶν
3353 4753 3408 4800 0'
3443 4748 3663 4802 memini
3702 4765 3790 4803 me

2199 4841 2496 4911 aliquando
2520 4840 2715 4910 legisse
2742 4841 2877 4911 (15).
2912 4841 2980 4895 At
3006 4857 3137 4896 vero
3178 4842 3523 4896 excusandus
3567 4841 3788 4895 videtur

2199 4932 2467 5000 Nobilius,
2509 4933 2741 4989 sinceris
2775 4932 3074 5004 lgnatianis
3100 4934 3347 5003 epistolis
3370 4943 3500 4988 tunc
3528 4934 3795 5002 temporis

2199 5023 2442 5079 nondum
2472 5023 2717 5079 detectis.
2743 5022 3034 5095 Ambigere
3060 5033 3240 5078 tamen
3265 5024 3390 5093 quis
3406 5023 3529 5093 jure
3552 5021 3790 5077 fortasse

2199 5117 2432 5185 poterit,
2489 5133 2560 5171 an
2612 5117 2731 5187 pari
2779 5118 2889 5172 sint
2951 5117 3283 5187 indulgentia
3335 5116 3639 5187 excipiendi
3685 5117 3790 5171 viri

2199 5219 2391 5266 caetera
2413 5209 2583 5272 docti.
2610 5208 2887 5265 Calmetus
2915 5208 3050 5280 (16),
3077 5208 3452 5265 Sabbatierius
3487 5209 3598 5278 (1‘7)
3627 5218 3791 5278 atque

2270 5346 2385 5415 (15)
2418 5345 2620 5399 Svicer.
2660 5344 2812 5400 Thes.
2843 5344 2996 5411 eccl.,
3023 5353 3155 5400 tom.
3185 5345 3228 5411 1,
3261 5347 3367 5401 col.
3395 5347 3487 5402 49.

2274 5417 2391 5484 (ιι)
2422 5416 2501 5469 Id.
2533 5416 2693 5481 ibid.,
2724 5417 2829 5469 col.
2863 5416 2988 5470 594.

2270 5484 2587 5609 (15)4%obil.
2616 5488 2672 5540 in
2714 5485 2826 5540 Vet.
2856 5485 3084 5541 Testam.
3121 5486 3336 5542 secund.
3368 5483 3531 5554 LXX,
3562 5493 3694 5541 tom.
3722 5483 3787 5550 ll,

2270 5573 2329 5609 ιι.
2476 5596 2489 5609 .

2242 5572 2329 5611 aa.
2370 5572 2489 5610 414.

2203 5573 2957 5754 ρθᾷοξῖἵιίιιηρῑ.’ϐοηιηιρηι
2988 5624 3041 5679 in
3072 5624 3209 5692 Isa.,
3234 5634 3365 5681 tom.
3402 5623 3459 5691 ν,
3488 5643 3622 5701 pag..
3647 5630 3773 5683 574.

2304 5699 2323 5749 1
2374 5701 2389 5753 l
2448 5696 2753 5752 Sabbattcr.
2801 5697 3019 5753 Bibliot.
3065 5714 3205 5753 sacr.
3242 5697 3365 5750 Lat.
3408 5712 3542 5751 vers.
3592 5701 3773 5754 antica

2304 5696 2389 5753 l")
2448 5696 2753 5752 Sabbaticr.
2801 5697 3019 5753 Bibliot.
3065 5714 3205 5753 sacr.
3242 5697 3365 5750 Lat.
3408 5696 3787 5767 versfantiq,

2205 5776 2336 5823 tom.
2370 5768 2435 5835 11,
2466 5784 2520 5838 p.
2550 5767 2671 5822 535.
