4134 6452
418 392 520 445 ’ἰῖδ

1484 398 1784 454 ΑΝΒΒΕἉΕ
1822 399 2191 455 CALLANDII
2226 400 2588 457 PROUEMIA.

3572 402 3673 455 574

412 521 605 565 auctor
633 512 1062 583 prolegomencon
1093 516 1158 569 ad
1189 525 1396 572 tomum
1416 517 1481 571 HI
1506 521 1773 575 versionis
1794 521 2005 574 Lxx-vi-
2035 522 2076 577 A
2175 521 2313 587 Quid
2340 523 2579 592 qumris‘!
2607 520 2790 575 Mirari
2835 521 2984 575 subit
3019 520 3298 575 enimvero
3344 533 3519 585 neque
3562 518 3676 572 Til-

410 606 548 659 ralis
583 605 841 661 editionis
882 606 1167 663 Grabiante
1189 610 1322 679 (18),
1357 612 1450 681 qui
1481 612 1753 667 Nobilium
1802 613 1995 679 secuti,

409 698 479 752 ad
517 698 651 750 illud
686 699 889 767 pariter
928 697 1080 754 Isaia:
1127 717 1203 765 ιχ,
1238 702 1290 767 6,
1319 702 1569 757 eumdem
1608 706 1787 759 locum
1828 720 1893 759 ex
1935 720 1999 759 ea

407 790 645 859 epistola
687 790 1156 863 pseudepigrapha
1202 802 1462 864 tanquam
1502 811 1626 851 vere
1658 796 1996 866 lgnatianum

407 882 753 935 excitarunt.

488 972 600 1028 Hac
626 974 754 1029 item
785 985 998 1045 arrepta
1022 977 1308 1032 occasione
1335 978 1479 1033 haud
1504 980 1739 1034 otiosum
1767 981 1998 1037 fortasse

411 1064 585 1120 fuerit
628 1068 949 1122 meminisse
993 1069 1139 1124 illius
1190 1069 1500 1141 fragmenti,
1538 1074 1680 1142 quod
1712 1090 1741 1129 e
1771 1074 1997 1130 Joannis

412 1159 793 1230 Chrysostomi
822 1162 1045 1217 liomilia
1085 1162 1156 1215 De
1190 1180 1291 1216 non
1321 1165 1832 1220 anathematizandis
1868 1169 1997 1221 vivis

412 1253 494 1305 re!
528 1254 791 1321 defunctis
839 1254 949 1325 (19)
979 1256 1361 1325 desumptum,
1408 1258 1656 1326 epistolis
1704 1257 1997 1328 Iguatianis

412 1344 593 1412 primo
621 1345 746 1399 loco
774 1345 1123 1415 subjecimus.
1174 1345 1264 1402 Sic
1292 1356 1471 1402 autem
1516 1349 1679 1402 habet
1703 1365 1715 1399 :
1748 1351 1843 1401 Ὃν
1870 1349 1995 1419 τρό-

412 1453 515 1489 πον
556 1439 585 1491 ὁ
622 1438 862 1510 περιθεὶς
902 1439 1078 1509 ἐαυτῷ
1113 1437 1401 1511 ἁλουργίδα
1455 1440 1737 1511 βασιλικὴν
1784 1439 1996 1511 ἰδιώτης

410 1531 713 1598 τυγχάνων,
746 1531 907 1593 αὐτός
940 1549 998 1583 τε
1030 1531 1121 1584 καὶ
1163 1534 1211 1584 οἱ
1255 1531 1403 1602 αὐτῷ
1442 1534 1891 1604 συνεργήσαντες,
1920 1532 1995 1595 ὡς

410 1620 665 1692 τύραννοι
700 1622 1079 1692 ἀναιροῦνταιο
1121 1624 1312 1688 οὕτως,
1348 1623 1472 1695 ἔφη,
1518 1627 1565 1677 οἱ
1598 1628 1661 1696 τῇ
1701 1626 1990 1693 δεσποτικῇ

409 1713 682 1781 ἀποφάσει
712 1714 1065 1785 χρησάμενοι,
1111 1716 1201 1768 καὶ
1242 1717 1497 1788 ἀνάθημα
1532 1718 1630 1788 τῆς
1674 1718 1993 1788 Ἐκκλησίας

408 1808 735 1878 ποιήσαντες
763 1808 1068 1878 ἄνθρωπον,
1110 1811 1189 1872 εἰς
1220 1810 1455 1880 παντελῆ
1501 1810 1719 1881 ὄλεθρον
1745 1810 1992 1879 ἀπάγου-

411 1915 498 1950 σιν
528 1899 774 1962 ὲαυτοὺς,
830 1899 929 1969 τὴν
976 1898 1132 1964 ἀξίαν
1182 1900 1274 1953 τοῦ
1356 1900 1487 1955 Υἱοῢ
1542 1902 1976 1974 ἀφαρπάζοντες.

408 1990 469 2043 Id
504 1999 633 2045 est:
677 1991 1131 2055 Quemadmodum
1176 1993 1224 2045 si
1275 1994 1413 2063 quis,
1473 1993 1708 2061 privatus
1740 2008 1857 2045 cum
1897 1994 1989 2058 sit,

408 2086 611 2155 regiam
640 2100 931 2153 purpuram
966 2085 1214 2149 induerit,
1246 2096 1356 2139 tum
1384 2087 1494 2155 ipse
1535 2095 1644 2138 tum
1677 2084 1995 2138 commilito-

407 2194 500 2231 nes
531 2177 667 2245 ejus,
696 2178 849 2246 quasi
875 2178 1087 2245 tyranni
1112 2177 1503 2247 interﬁciuntur
1526 2194 1544 2231 :
1567 2181 1663 2243 sic,
1690 2179 1882 2248 inquit,
1903 2178 1994 2246 qui

407 2268 692 2320 Dominico
717 2275 939 2320 utuntur
963 2267 1190 2333 decreto,
1218 2276 1263 2320 el
1295 2267 1555 2321 hominem
1581 2267 1831 2322 Ecclesia:
1860 2286 1996 2322 ana-

410 2359 589 2410 thema
619 2357 848 2425 faciunt,
878 2358 933 2409 in
962 2366 1250 2411 extremam
1278 2374 1332 2410 se
1376 2359 1658 2426 perniciem
1702 2359 1991 2426 abducunt,

409 2446 547 2500 Filii
568 2447 881 2517 dignitatem
910 2457 1244 2515 usurpantes.
1270 2446 1385 2502 Hoc
1409 2455 1587 2503 autem
1618 2448 1825 2503 dictum
1853 2451 1995 2505 inter

402 2540 621 2608 reliqua
672 2538 951 2605 lgnatiana
999 2554 1121 2608 quae
1170 2540 1223 2593 in
1277 2540 1523 2608 epistolis
1568 2541 1799 2596 sinceris
1848 2543 1993 2597 haud

404 2637 645 2695 exstant,
677 2630 1047 2698 reponendum
1091 2631 1427 2696 censuimus,
1462 2630 1520 2685 S.
1557 2632 1799 2687 doctoris
1846 2649 1997 2695 re";

406 2722 585 2775 rentia
612 2731 667 2775 et
695 2721 1023 2776 auctoritate
1047 2722 1309 2791 permoti;
1344 2724 1436 2792 qui
1462 2723 1734 2792 ejusmodi
1765 2724 1993 2779 eﬂatum

403 2811 813 2873 enuntiaturus,
852 2826 984 2866 suos
1013 2811 1289 2867 auditores
1319 2810 1404 2865 liis
1429 2812 1609 2867 verbis
1652 2812 1950 2882 alloquitur
1975 2829 1990 2865 :

407 2922 431 2956 ο
479 2903 746 2958 Βούλεσθε
779 2902 990 2974 μαθεῖν,
1040 2897 1128 2957 οἷά
1156 2921 1239 2966 τις
1263 2902 1562 2973 ἐφθέγξατο
1592 2904 1743 2973 ἅγιος
1765 2904 1871 2958 τῶν
1892 2904 1996 2977 πρὸ

402 2996 437 3065 ὴ
450 2995 568 3064 μῶν
628 2995 727 3064 τῆς
778 2994 1029 3065 διαδοχῆς
1082 2993 1192 3048 τῶν
1244 2994 1556 3049 ἀποστόλων
1595 2995 1901 3066 γενόμενος,
1938 2996 1997 3059 ὃς

405 3087 501 3139 καὶ
535 3084 834 3157 μαρτυρίου
866 3086 1062 3156 ἠξίωτο
1093 3103 1106 3151 ;
1156 3105 1174 3137 ›
1221 3084 1391 3140 Vultis
1438 3087 1640 3140 discere
1682 3088 1810 3157 quid
1847 3088 1996 3142 dixe-

2104 612 2422 667 lemoutium
2470 629 2646 683 neque
2691 612 3180 678 Moutl‘auconium,
3232 611 3325 679 qui
3374 619 3429 664 et
3470 619 3677 664 textum

2103 706 2348 761 Crtecum
2375 708 2750 776 llgnatiauum,
2790 716 2849 759 ut
2889 704 3106 775 quidem
3145 712 3315 773 putat,
3352 703 3405 756 in
3438 703 3676 757 medium

2100 787 2325 867 profert,
2382 799 2434 851 in
2478 797 2840 867 suspicionem
2898 796 3042 849 haud
3084 794 3319 858 venisse,
3363 795 3529 848 verba
3582 795 3672 847 illa

2100 903 2207 941 non
2245 889 2313 943 ab
2347 887 2573 957 lgnatio,
2606 888 2698 942 sed
2736 891 2805 940 ab
2841 885 3164 953 lgnatiastro
3206 883 3377 938 fuisse
3425 884 3673 939 conseri-

2099 991 2211 1050 pta,
2246 996 2346 1035 nec
2372 980 2426 1032 in
2452 980 2683 1044 sincera,
2711 979 2805 1033 sed
2836 983 2889 1031 in
2915 977 3235 1045 interpolata
3264 977 3331 1029 ad
3362 975 3673 1046 Smyrnaeus

2097 1072 2323 1141 epistola
2348 1080 2585 1126 exstare.
2610 1069 2843 1124 Barouio
2863 1069 3051 1136 utique
3074 1066 3460 1137 indulgendum
3484 1066 3672 1120 eodem

2100 1163 2339 1225 nomine,
2366 1178 2475 1231 quo
2499 1161 2660 1229 paulo
2688 1168 2813 1213 ante
2840 1156 3114 1211 Nobilium
3145 1165 3464 1211 excusatum
3496 1154 3674 1206 volui-

2099 1268 2241 1306 mus.
2268 1251 2405 1317 Quid
2436 1252 2618 1321 igitur,
2645 1250 2877 1319 inquies,
2911 1249 2977 1303 de
3010 1248 3405 1319 Chrysostomo
3430 1256 3675 1301 statuen-

2097 1343 2227 1396 dum
2259 1342 2458 1395 fuerit?
2490 1341 2565 1396 De
2610 1356 2675 1395 eo
2718 1341 2977 1394 nimirum
3009 1340 3082 1393 ita
3112 1340 3453 1394 sentiendum
3483 1338 3677 1391 existi--

2096 1451 2349 1489 mamus:
2399 1434 2481 1488 vel
2542 1434 2760 1503 aliquod
2816 1433 2874 1487 S.
2938 1432 3192 1502 martyris
3248 1431 3508 1497 scriptum
3566 1430 3681 1483 sive

2097 1527 2438 1596 epistolicum
2468 1527 2582 1581 sive
2610 1527 2750 1579 alius
2777 1525 2990 1594 generis
3026 1539 3169 1577 nunc
3202 1521 3539 1590 deperditum
3591 1536 3679 1573 re-

2094 1619 2336 1686 spexisse
2382 1615 2438 1670 S.
2491 1616 2766 1670 doctorem
2798 1634 2810 1668 :
2838 1615 2941 1680 vel,
2987 1613 3032 1668 si
3067 1615 3242 1667 mavis
3266 1654 3280 1678 ,
3332 1612 3524 1680 lguatii
3562 1612 3681 1682 epi—

2095 1708 2360 1764 stularum
2393 1707 2635 1761 codicem
2666 1705 3050 1773 interpolatum
3098 1703 3154 1757 in
3200 1703 3320 1771 ejus
3364 1717 3558 1754 manus
3585 1701 3684 1753 ali-

2095 1799 2316 1869 quando
2364 1798 2659 1862 incidisse,
2703 1812 2866 1865 quem
2912 1793 3118 1864 putarit
3158 1809 3279 1847 esse
3327 1807 3683 1862 germanum;

2095 1891 2241 1960 quod
2284 1899 2467 1944 tamen
2518 1888 2608 1942 vix
2660 1887 2986 1943 crediderim
3028 1903 3042 1940 :
3090 1885 3175 1938 vel
3222 1883 3456 1953 denique
3501 1882 3681 1950 ipsum

2094 1984 2329 2038 fortasse
2355 1984 2409 2036 in
2434 1982 2601 2035 alium
2630 1982 2698 2035 ab
2725 1981 2932 2048 lgnatio
2960 1979 3321 2049 apostolicum
3346 1979 3521 2030 virum
3553 1992 3685 2030 ocu-

2094 2079 2177 2134 los
2220 2078 2535 2133 iutendisse.
2586 2077 2655 2129 At
2698 2076 2764 2129 de
2811 2075 2897 2129 his
2941 2075 3075 2128 satis
3110 2092 3123 2127 :
3157 2088 3278 2142 qua:
3317 2071 3534 2141 quidem
3572 2086 3681 2122 non

2095 2173 2271 2228 solum
2298 2178 2584 2239 eapropter
2617 2166 2926 2221 adnotanda
2975 2164 3309 2228 censuimus,
3341 2178 3408 2216 ne
3435 2162 3682 2214 virorum

2094 2266 2537 2321 doctissimorum
2580 2258 2878 2313 auctoritas
2915 2256 3211 2311 incuriosis
3251 2253 3544 2308 lectoribus
3591 2251 3681 2304 fu-

2094 2374 2219 2413 cum
2270 2356 2465 2420 faciat,
2508 2353 2602 2408 sed
2649 2353 2811 2406 etiam
2864 2352 2918 2404 in
2964 2350 3157 2418 primis
3198 2359 3259 2402 ut
3304 2345 3551 2415 epistolis
3589 2358 3683 2412 ge-

2094 2447 2278 2502 nuinis
2316 2446 2530 2500 debitus
2573 2444 2751 2497 honor
2790 2442 2845 2496 in
2885 2451 3004 2496 tuto
3045 2441 3260 2510 positus
3304 2437 3517 2492 ﬁrmius
3550 2449 3682 2490 con-

2096 2542 2273 2597 sistat.

2170 2632 2366 2687 Verum
2420 2639 2713 2701 antequam
2757 2629 2866 2684 alio
2915 2643 2972 2683 se
3018 2633 3299 2682 convertat
3351 2624 3557 2688 oratio,
3611 2622 3682 2677 de

2093 2724 2286 2796 lguatii
2333 2723 2559 2793 epistola
2611 2722 2875 2777 Romanis
2908 2720 3174 2788 inscripta
3224 2732 3347 2787 qua:
3392 2717 3447 2769 in
3494 2714 3686 2769 codice

2098 2820 2340 2876 Medicco
2372 2821 2733 2882 desideratur,
2782 2817 3046 2871 nonnulla
3096 2815 3185 2868 hic
3219 2811 3553 2867 admouenda
3588 2824 3688 2863 οε*

2094 2922 2346 2977 currunt,
2396 2912 2570 2982 iisque
2617 2910 2888 2972 addenda,
2929 2924 3050 2976 quae
3097 2905 3349 2975 superius
3398 2918 3461 2957 ea
3514 2902 3580 2955 de
3625 2915 3687 2954 re

2096 3004 2397 3074 attigimus.
2451 3002 2603 3057 lianc
2649 3002 2815 3071 igitur
2861 3000 3149 3069 epistolam
3193 2998 3333 3068 typis
3381 2993 3684 3063 consigna-

2100 3096 2228 3159 turi,
2266 3094 2464 3148 Smithi
2494 3093 2771 3161 exemplar
2804 3091 2869 3145 ad
2900 3089 3174 3143 Ruinartii
3213 3088 3419 3142 editum
3451 3086 3685 3154 diligen-

403 3179 480 3230 rit
508 3178 587 3229 vir
612 3178 854 3246 quidam,
883 3178 1116 3248 quiante
1139 3193 1232 3229 nos
1261 3187 1311 3230 et
1338 3180 1403 3231 de
1430 3178 1754 3233 successione
1784 3188 1997 3248 aposto-
2026 3191 2071 3253 (ζ
2102 3198 2185 3243 ter
2225 3197 2477 3243 exactum
2531 3184 2823 3254 selegimus
2849 3202 2862 3237 :
2899 3196 3075 3251 neque
3125 3181 3270 3234 enim
3313 3178 3584 3232 Clericum
3630 3176 3685 3229 in

401 3266 579 3318 lorum
607 3265 734 3334 fuit,
770 3282 832 3318 ac
875 3266 1130 3334 martyrio
1166 3266 1416 3337 dignatus
1462 3268 1579 3321 est?
1626 3266 1800 3334 Quem
1846 3272 1991 3323 enim

400 3356 578 3411 alium
608 3367 904 3426 martyrem
939 3372 1005 3411 ex
1047 3359 1417 3426 apostolorum
1458 3360 1828 3426 successione,
1858 3376 1990 3430 pro-

404 3448 597 3501 tulerit
658 3446 1086 3518 Chrysostomus
1144 3448 1449 3504 Antiochiae
1503 3450 1770 3519 loquens,
1826 3468 1989 3521 quam

404 3537 681 3607 lgnatium
716 3536 1117 3609 Antiocheuum
1159 3538 1518 3608 episcopum?
1549 3548 1607 3593 ut
1645 3541 1769 3610 jure
1814 3540 1993 3609 arguit

403 3632 476 3685 el.
513 3628 957 3684 Montfauconius
989 3629 1123 3699 (20).
1158 3629 1427 3687 Baronius
1454 3632 1547 3701 qui
1577 3632 1787 3700 primus
1810 3632 1988 3687 locum

399 3722 611 3777 detexit
640 3721 775 3790 (21),
816 3720 1102 3791 epistolam
1128 3722 1197 3775 ad
1236 3720 1543 3792 Smy'rnazos
1568 3721 1625 3776 S.
1666 3723 1817 3777 Patri
1865 3732 1993 3777 ante

401 3815 594 3869 oculos
620 3814 965 3868 obversatam
1003 3811 1174 3867 fuisse
1214 3814 1469 3883 conjecit,
1507 3815 1601 3869 ubi
1642 3816 1759 3870 baac
1804 3817 1992 3886 legun-

402 3918 495 3961 tur
521 3907 637 3971 (22)
666 3924 679 3959 :
715 3925 734 3956 ι
771 3906 834 3958 Ei
869 3905 978 3976 γὰρ
1010 3907 1038 3959 ὁ
1067 3903 1376 3975 βασιλεῦσιν
1429 3908 1868 3979 ἐπεγειρόμενος,
1905 3928 1994 3963 κο-

400 3999 612 4062 λάσεως
656 3998 802 4063 ἄξιος
839 3999 1062 4063 δικαίως
1113 4001 1423 4070 γενήσεται,
1468 3997 1543 4063 ὥς
1588 4016 1651 4068 γε
1702 4002 1992 4073 παραλύων

400 4094 504 4164 τὴν
536 4092 719 4163 κοινὴν
760 4092 1044 4163 εὐνομίαν·
1082 4092 1232 4161 πόσῳ
1259 4092 1464 4145 δοκεῖτε
1490 4094 1726 4165 χείρονος
1756 4094 1992 4166 ἀξιωθή-

402 4202 560 4239 σεται
592 4183 882 4255 τιμωρίας,
915 4184 945 4235 ὁ
973 4184 1101 4237 ἄνευ
1152 4183 1450 4236 ἐπισκόπου
1492 4183 1545 4237 τί
1589 4187 1765 4237 ποιεῖν
1792 4187 1995 4257 ξπροαι-

402 4278 684 4349 ρούμενος,
718 4277 810 4330 καὶ
844 4274 942 4345 τὴν
970 4277 1221 4344 ὁμόνοιαν
1255 4273 1518 4339 διασπῶν,
1562 4276 1655 4329 καὶ
1699 4276 1796 4347 τὴν
1831 4277 1993 4330 εὐτα-

399 4369 523 4435 ξίαν
540 4369 784 4439 συγχέων
802 4386 816 4435 ;
832 4390 849 4421 ι
885 4368 944 4424 Si
972 4371 1110 4423 enim
1132 4371 1254 4440 jure
1275 4371 1373 4423 erit
1392 4386 1548 4437 paena
1571 4370 1760 4440 dignus
1778 4371 1867 4439 qui
1896 4370 1996 4423 ad-

398 4474 578 4513 versus
621 4475 762 4528 reges
807 4459 1069 4530 insurgit,
1122 4469 1180 4512 ut
1233 4460 1324 4530 qui
1388 4460 1615 4514 resolvat
1669 4476 1995 4514 communem

2095 3284 2333 3342 secunda
2363 3281 2706 3338 Coteleriaua
2737 3278 2959 3331 Patrum
2985 3275 3411 3345 apostolicorum
3444 3272 3685 3326 editione

2094 3375 2250 3444 sequi
2294 3374 2516 3443 placuit,
2568 3371 2684 3441 qui,
2734 3385 2802 3423 ne
2850 3370 3051 3423 lectore
3102 3365 3322 3434 quidem
3380 3362 3681 3425 admonito,

2096 3475 2307 3521 textum
2342 3465 2456 3519 sive
2490 3462 2666 3531 ipsius
2696 3459 2939 3529 epistolae
2981 3458 3096 3511 sive
3139 3457 3400 3509 Actorum
3435 3453 3682 3521 martyrii

2095 3555 2360 3627 lgnatiani
2398 3551 2633 3608 subinde
2672 3549 2908 3613 reﬁnxit,
2940 3546 3224 3614 eidemque
3266 3550 3424 3613 prout
3473 3542 3576 3595 sibi
3615 3541 3682 3595 li-

2092 3647 2210 3700 buit
2239 3646 2524 3699 immutate
2546 3658 2700 3697 suam
2730 3638 3231 3709 interpretationem
3257 3634 3475 3704 adjecit.
3501 3632 3682 3686 Unum

2092 3740 2176 3792 vel
2206 3739 2436 3791 alterum
2470 3735 2637 3803 hujus
2672 3733 2816 3787 haud
2862 3729 3099 3785 ferenda
3132 3725 3363 3781 licentia:
3404 3724 3680 3794 specimen

2093 3829 2298 3897 accipe.
2326 3826 2383 3880 lu
2413 3826 2654 3895 epistola:
2696 3822 3053 3891 inscriptione
3100 3817 3462 3873 Ruiuartiaua
3512 3815 3681 3869 editio

2094 3921 2277 3982 habet,
2300 3919 2529 3985 Πατρός
2550 3916 2836 3984 ὑψίστου.
2870 3913 2947 3966 Ita
2980 3925 3198 3979 quoque
3228 3906 3575 3977 Logothetes.
3604 3904 3676 3957 At

2092 4010 2334 4065 Clericus
2375 4025 2498 4063 cum
2543 4006 2795 4071 Usserio,
2832 4004 3105 4073 εὑψίστου
3162 3999 3413 4066 Πατρός.
3473 3995 3679 4049 Ibidem

2093 4103 2238 4172 apud
2270 4100 2616 4155 Ruinartium
2637 4141 2652 4165 ,
2683 4098 2781 4152 καὶ
2824 4094 3027 4163 Ἰησοῦ
3060 4090 3313 4161 Χριστοῦ
3354 4088 3459 4141 τοῦ
3492 4088 3682 4157 μόνου

2107 4192 2243 4246 Υἱοῦ
2297 4190 2510 4245 αὐτοῦ.
2588 4189 2787 4243 Vocem
2834 4188 3028 4256 μόνου
3084 4184 3247 4238 habet
3298 4182 3461 4235 etiam
3512 4178 3681 4233 Meta-

2094 4286 2362 4354 phrastes,
2414 4284 2651 4353 legitque
2697 4282 2749 4334 in
2799 4295 2901 4334 suo
2948 4277 3138 4333 codice
3184 4287 3341 4330 vetus
3386 4273 3678 4340 interpres.

2092 4378 2338 4432 Clericus
2371 4386 2551 4429 tamen
2594 4372 2790 4427 maluit
2842 4386 2967 4427 cum
3017 4368 3261 4432 Usserio,
3310 4364 3683 4435 μονογενοῦς

2093 4468 2279 4523 αὑτοῦ
2338 4466 2496 4520 Υἱοῦ.
2530 4465 2735 4519 Ibidem
2770 4463 3044 4523 Ruinart.,
3090 4461 3221 4529 ἣτις
3250 4458 3345 4513 καὶ
3388 4456 3683 4525 προκάθη-

396 4552 676 4621 quictem:
707 4560 903 4617 quanto
950 4552 1149 4619 putatis
1199 4552 1412 4622 gravius
1468 4552 1751 4605 merebitur
1799 4553 1998 4622 suppli-
2027 4561 2213 4624 υται,
2263 4555 2366 4611 Ubi
2418 4557 2661 4625 apposite
2713 4555 2970 4609 observat
3023 4551 3303 4613 Smithus,
3354 4548 3679 4618 particulam

396 4643 566 4705 cium,
597 4642 687 4711 qui
708 4643 820 4695 sine
853 4644 1091 4712 episcopo
1131 4643 1258 4713 quid
1285 4643 1417 4697 volet
1449 4661 1618 4714 agere,
1649 4646 1988 4698 concordiam

396 4750 649 4802 rumpens
682 4745 731 4787 et
767 4732 957 4786 bonum
989 4735 1227 4787 ordinem
1272 4736 1638 4805 confundens?
1664 4736 1833 4806 Cujus
1868 4737 1991 4806 qui-

396 4825 524 4879 dem
582 4824 685 4878 loci
739 4824 885 4889 vim,
932 4840 1041 4878 non
1093 4825 1260 4880 verba
1305 4827 1606 4883 reddidisse
1657 4828 1988 4899 Chrysosto-

396 4930 576 4981 mum,
620 4925 785 4985 atque
828 4917 895 4970 ad
937 4918 1274 4986 propositum
1309 4919 1439 4973 illud
1483 4936 1642 4974 suum
1686 4919 1984 4988 inﬂexisse,

397 5006 593 5063 statuit
624 5006 765 5061 idem
789 5008 1078 5061 Annalium
1112 5010 1609 5065 eeclesiasticorum
1644 5027 1861 5080 parens.
1890 5012 1987 5067 Se-

399 5116 504 5155 cus
529 5116 659 5154 vero
692 5102 988 5157 arbitratur
1016 5102 1395 5159 Tillemontius
1428 5105 1562 5176 (25),
1596 5106 1683 5161 cui
1713 5107 1865 5161 locus
1898 5108 1987 5161 hic

400 5192 865 5263 lgnatianuscum
898 5195 991 5250 illo
1020 5194 1395 5267 Chrysostomi
1440 5198 1529 5251 vix
1556 5199 1833 5268 quidpiam
1867 5198 1984 5253 alli-

401 5285 591 5339 nitatis
639 5285 838 5340 habere
902 5285 1137 5340 videtur.
1190 5285 1632 5342 Montfauconius
1692 5298 1874 5344 tamen
1928 5290 1981 5344 iu

402 5374 625 5430 Barouii
653 5377 979 5433 sententiam
1004 5378 1274 5434 concedit.

475 5536 587 5603 (18)
614 5533 734 5589 Vet.
760 5535 910 5592 Test.
928 5553 991 5591 ex
1022 5554 1161 5593 vers.
1183 5538 1321 5591 LXX
1345 5539 1473 5594 edit.
1516 5538 1703 5603 Grab.,
1728 5548 1859 5593 tom.
1892 5538 1980 5605 Ill,

402 5610 704 5680 prologum.
736 5624 789 5659 ιι.
824 5624 899 5673 tv,
937 5610 1039 5662 sub
1080 5612 1172 5663 liti.
1211 5610 1270 5680 ἐξ
1299 5609 1423 5662 Jant
1463 5626 1527 5663 ea:
1559 5611 1654 5662 hoc
1693 5612 1977 5677 schemate,

402 5686 458 5729 et
490 5676 604 5727 Duo
630 5686 804 5729 tamen
832 5689 976 5732 sunt.

403 5746 586 5869 Pailli?)
807 5746 1091 5817 Chrysost.
1125 5745 1261 5818 Opp.
1297 5757 1428 5805 tom.
1468 5747 1509 5819 l,
1560 5765 1681 5821 pag.
1713 5750 1817 5805 593
1847 5751 1975 5806 edit.

2093 4649 2456 4719 cinphaticatu
2491 4648 2588 4700 καί
2627 4647 2767 4700 male
2809 4644 2975 4699 fuisse
3016 4643 3070 4696 in
3104 4641 3337 4710 vulgatis
3376 4639 3676 4692 omissam:

2090 4757 2254 4811 quam
2307 4740 2659 4795 nihilominus
2732 4737 3017 4801 Clericus,
3070 4733 3353 4789 Usserium
3418 4739 3675 4791 secutus,

2089 4836 2344 4889 omisisse
2377 4834 2729 4902 comperitur.
2781 4828 2985 4883 Ibidem
3040 4826 3143 4881 sub
3189 4826 3353 4879 tinem
3403 4820 3675 4875 Ruinartii

2089 4928 2388 4995 exemplar,
2438 4924 2509 4977 ἐν
2553 4921 2757 4991 Ἰησοῦ
2806 4918 3037 4988 Χριστῷ
3084 4917 3164 4983 τῷ
3231 4915 3370 4981 Θεῷ.
3430 4914 3677 4968 Clericus

2090 5031 2239 5079 vero,
2272 5016 2342 5067 ἐν
2370 5015 2565 5082 Κυρίῳ
2598 5010 2798 5080 Ἰησοῦ
2828 5009 3057 5079 Χριστῷ
3087 5007 3227 5073 Θεῷ.
3258 5006 3428 5061 Habet
3457 5005 3672 5074 quidem

2092 5106 2343 5162 Usserius
2394 5108 2609 5174 Κυρίῳ,
2658 5104 2753 5159 sed
2812 5104 3011 5157 retinet
3056 5101 3344 5154 articulum
3391 5097 3470 5161 τῷ
3516 5099 3604 5156 Θ..
3642 5111 3675 5149 a

2085 5199 2298 5253 Clerico
2331 5197 2762 5267 pnetermissum
2793 5214 2806 5249 :
2843 5196 2986 5265 quod
3026 5194 3080 5247 in
3114 5192 3307 5262 primis
3347 5191 3670 5244 notandum.

2088 5290 2208 5345 Uno
2242 5293 2427 5352 verbo,
2464 5288 2642 5343 editor
2672 5284 3218 5345 Amstelodamensis,
3256 5283 3441 5336 relicta
3467 5281 3671 5350 passim

2088 5383 2448 5437 liuinartiana
2480 5380 2740 5447 editione,
2782 5377 3061 5434 Usserium
3093 5376 3291 5446 ubique
3324 5374 3492 5429 ferme
3522 5388 3673 5427 asse.

2158 5540 2270 5649 (20)
2302 5538 2598 5595 Montlauc.
2634 5538 2688 5592 in
2717 5538 3000 5617 Chrysost.
3034 5535 3190 5599 ibid.,
3226 5542 3339 5589 not.
3370 5548 3421 5589 c.

2181 5614 2272 5649 cm
2302 5611 2478 5649 Ral-nn
2538 5609 2601 5649 ml
2632 5626 2715 5649 ειη
2750 5609 2871 5649 ᾔκειν
2906 5609 2932 5649 s
2959 5622 3054 5649 ιιι-

2181 5609 2272 5677 2t)
2301 5611 2500 5664 Baron.
2536 5609 2602 5662 ad
2631 5626 2718 5662 an.
2750 5609 2877 5669 582,
2906 5609 2932 5677 §
2959 5622 3054 5659 LII.

2310 5681 2480 5748 Ignat.
2507 5678 2679 5748 Epist.
2707 5680 2774 5731 ad
2808 5673 3021 5746 Smgrn.
3048 5677 3412 5749 i_ntct'p.,_ca_p.
3438 5673 3492 5731 9.

2182 5743 2274 5821 ‘25)
2312 5743 2525 5806 Tillem.
2555 5743 2715 5804 Mem.
2745 5750 2870 5803 ccci.
2900 5743 3033 5803 tom.
3059 5745 3150 5813 XI,
3179 5761 3232 5813 p.
3261 5743 3385 5800 564.
