4134 6412
492 349 600 404 575

1573 351 1631 404 S.
1673 347 2024 405 IGNATIUS.
2063 376 2133 387 ——
2175 345 2708 407 PROLEGOMENA.

3664 354 3770 412 576

489 480 703 537 ctatur;
751 469 846 539 qui
880 479 1097 536 tamen,
1138 485 1262 526 cutn
1300 470 1441 525 hanc
1474 468 1665 553 lgnatii
1705 471 1990 541 epistolam
2024 470 2078 523 in
2109 477 2155 528 Α
2182 471 2393 538 polatas
2416 474 2531 542 pari
2560 473 2684 542 jure
2708 472 2948 544 gaudere
2969 473 3244 544 opinatur.
3280 473 3388 531 Sed
3417 475 3521 532 iste
3548 476 3771 534 demum

489 563 644 618 nullo
687 577 793 617 ms.
830 561 1022 617 codice
1065 562 1401 627 invenisset,
1453 564 1617 619 unius
1663 564 1860 619 veteris
1902 564 2075 617 inter-

489 655 658 725 pretis
688 656 851 711 ductu
886 669 1007 709 eam
1034 656 1105 709 ab
1130 656 1643 725 interpolationibus
1690 656 1955 711 redimere
1984 654 2080 708 ad-

490 747 648 802 nisus
677 746 797 801 fuit.
833 743 1013 816 thue
1050 762 1139 802 res
1180 748 1555 816 experimento
1602 747 1885 818 probetur,
1918 744 2080 799 adeat

489 844 663 898 lector
689 843 953 899 Grabium
991 842 1104 914 (24)
1128 860 1142 909 ;
1170 843 1264 913 qui
1289 842 1558 897 Ruinartii
1584 842 1861 912 exemplar
1884 841 2079 896 verbo-

489 946 650 992 tenus
696 935 963 1004 exhibuit,
1000 935 1289 1004 variasque
1341 932 1669 989 Usserianas
1714 934 1976 989 lectiones
2021 932 2076 986 in

488 1027 758 1096 cujusque
807 1026 1017 1096 paginae
1066 1025 1295 1079 limbum
1342 1024 1582 1094 conjecit
1624 1039 1811 1094 :quas
1857 1023 2078 1093 quidem

489 1134 611 1171 cum
648 1116 845 1171 Clerici
881 1116 1027 1170 edito
1057 1116 1343 1185 diligenter
1387 1115 1697 1179 conferens,
1731 1114 1871 1168 haud
1908 1129 2079 1184 pauca

491 1225 625 1265 sane
672 1210 887 1273 addita,
936 1211 1243 1274 immutata,
1287 1211 1618 1277 transposita
1668 1209 1817 1263 facili
1862 1209 2079 1278 negotio

490 1303 884 1372 deprehendet.
940 1304 1177 1358 Rectene
1231 1319 1365 1358 vero
1424 1319 1493 1356 an
1558 1317 1717 1357 sccus
1772 1302 1823 1355 id
1875 1302 2079 1355 factum

492 1394 679 1454 fuerit.
720 1394 844 1449 aliis
891 1395 1295 1450 decernendum
1346 1395 1730 1465 relinquimus.
1776 1392 1888 1450 Nos
1931 1394 2078 1449 enim

491 1486 750 1540 nonnulla
797 1488 1112 1556 specimiuis
1154 1503 1285 1557 ergo
1327 1502 1394 1541 ex
1446 1503 1554 1541 una
1596 1488 1840 1557 epistola:
1884 1488 2080 1542 inscri-

494 1576 677 1644 ptioue
710 1577 980 1633 delibasse
1013 1578 1274 1645 contenti,
1306 1578 1372 1632 ad
1406 1578 1510 1631 alia
1542 1593 1919 1648 properamus.

1093 1713 1325 1769 CAPUT
1389 1714 1479 1772 IV.

496 1800 1307 1894 Qtfeeets'ﬁeevetotatum
1332 1807 1693 1889 ίη.εεθνίιατενη
1723 1806 2071 1894 vrere???“
2104 1812 2146 1867 Β
2178 1800 2366 1894 sua.

562 1877 966 1947 propugnariut.
996 1876 1341 1947 gNovissimus
1377 1880 1612 1947 ipsarum
1655 1894 1775 1931 osor
1807 1876 2068 1940 Oudinus.

2182 564 2442 632 praecocis
2484 564 2687 635 ingenii
2728 564 2869 621 fetus
2918 565 3090 621 fuisse
3131 566 3348 621 videtur
3384 586 3398 622 :
3443 578 3499 623 ut
3544 571 3775 641 proinde

2183 656 2413 711 comiter
2462 657 2535 712 sit
2576 657 2933 727 excipiendus
2962 657 3183 726 juvenis
3213 658 3640 727 eruditissimus,
3676 664 3771 733 qui

2184 762 2383 812 magna
2427 756 2707 817 spectasse
2739 750 3071 817 comperitur
3105 768 3117 803 :
3152 750 3278 819 quia
3318 767 3421 805 non
3468 752 3629 805 modo
3667 770 3773 806 non

2182 842 2447 895 invidetur
2474 841 2557 894 illi
2585 842 2756 905 aetati,
2783 849 2839 896 ut
2867 856 2995 896 vere
3022 857 3087 896 ac
3116 842 3391 912 sapienter
3416 842 3609 899 Cicero
3632 845 3772 917 (55),

2183 949 2359 986 verum
2387 933 2549 986 etiam
2583 933 2807 1002 favetur.

2252 1022 2399 1078 Inter
2433 1038 2529 1078 eos
2572 1030 2751 1079 autem
2784 1024 2877 1094 qui
2911 1039 3012 1093 pro
3049 1024 3293 1094 epistolis
3328 1027 3559 1084 sinceris
3590 1028 3771 1082 vindi-

2181 1114 2296 1170 cias
2324 1116 2671 1185 evulgarunt,
2705 1114 3061 1171 Pcarsonium
3092 1119 3336 1173 eminere
3371 1136 3531 1173 nemo
3560 1120 3771 1187 nescit;

2180 1206 2293 1259 sive
2316 1206 2517 1276 ingenii
2547 1216 2601 1259 et
2620 1205 2817 1275 judicii
2846 1222 3075 1261 acumen
3114 1208 3398 1277 inspicias,
3432 1208 3546 1264 sive
3587 1211 3775 1264 multi-

2177 1295 2364 1365 jugam
2392 1303 2447 1350 et
2483 1295 2815 1365 exquisitam
2862 1296 3221 1350 eruditionem
3259 1305 3493 1366 spectes,
3526 1296 3642 1350 sive
3678 1313 3775 1352 ωε

2181 1382 2325 1451 piam
2374 1390 2817 1452 argumentorum
2864 1392 2919 1438 et
2960 1386 3175 1455 pondus
3203 1386 3501 1454 expendas.
3546 1385 3770 1454 Verum,

2181 1487 2320 1541 opus
2370 1471 2805 1530 Pearsonianum
2853 1476 2981 1530 licet
3024 1476 3160 1530 adeo
3192 1477 3555 1546 luculentum,
3598 1494 3773 1549 Oppu-

2182 1580 2349 1635 gnare
2375 1576 2499 1621 sunt
2536 1569 2777 1638 aggressi
2810 1567 3098 1624 Mattbaeus
3150 1569 3540 1640 Larroquanus
3578 1580 3632 1624 et
3668 1570 3775 1625 Ca-

2183 1658 2405 1713 simirus
2450 1658 2720 1717 Oudinus.
2774 1660 2840 1716 Et
2862 1662 3010 1718 illius
3050 1663 3268 1733 quidem
3309 1673 3541 1719 conatus
3586 1664 3774 1719 irritos

2185 1748 2356 1803 fuisse
2390 1761 2898 1805 commonstrarunt
2933 1754 2988 1807 in
3032 1754 3224 1823 primis
3274 1755 3471 1824 partim
3509 1753 3774 1825 Georgius

2390 1838 2527 1908 (56),
2559 1841 2757 1911 partim
2788 1841 3045 1900 Nicolaus
3077 1843 3343 1901 Nourrius
3375 1846 3489 1915 (57)
3520 1847 3725 1915 aliique
3755 1860 3771 1895 :

565 1931 597 2015 ξι
634 1931 931 1999 Hamae/tio
968 1946 1027 2000 V.
1064 1948 1125 2002 C.
1157 1949 1353 2001 acriter
1377 1931 1689 2015 castigatus.
1725 1931 2071 2001 Heumannus
2175 1940 2236 1986 υι
2274 1932 2502 2002 Ρτοίηάθ
2550 1931 2793 1989 Clericus
2826 1935 2949 2005 iure
2984 1937 3285 2003 censuerit:
3325 1938 3456 1992 dum
3497 1939 3573 1993 ait
3613 1939 3726 2010 (58)
3756 1955 3771 1993 ³

562 2014 690 2087 item
748 2016 1054 2087 plerumque
1106 2018 1307 2071 Oudini
1368 2014 1598 2087 sectator
1666 2018 2073 2087 perstringitur:

564 2085 782 2153 ejusque
809 2085 1091 2153 objectatio
1124 2088 1188 2141 de
1214 2088 1425 2142 vocibus
1449 2085 1857 2141 Latinis'textui
1892 2086 2075 2141 Graeco

564 2154 812 2207 immistis
857 2158 1182 2225 exploditur.
1232 2157 1488 2225 Epistolte
1518 2159 1582 2211 ab
1619 2157 1832 2228 Ignatio
1865 2175 1924 2211 eo
1953 2167 2078 2210 tem-

562 2241 687 2293 pore
710 2229 1036 2298 perscriptw,
1064 2246 1166 2298 quo
1198 2229 1301 2297 fuit
1330 2230 1615 2283 Antiochia
1638 2229 1859 2283 Romam
1884 2228 2078 2281 missus

568 2296 828 2365 martyrio
858 2296 1329 2353 censummandus.

564 2409 683 2465 Jam
726 2427 857 2467 vero
906 2412 1205 2482 postularet
1254 2412 1486 2468 instituti
1530 2412 1703 2469 nostri
1736 2412 1899 2476 ratio,
1926 2420 1989 2466 ut
2014 2410 2081 2466 de

494 2504 690 2557 harum
740 2504 1097 2572 epistolarum
1147 2505 1460 2574 integritate
1517 2519 1698 2561 sermo
1766 2504 2080 2558 haberetur.

495 2592 602 2650 Sed
637 2606 817 2650 actum
849 2596 1091 2665 profecto
1126 2612 1435 2667 ageremus.
1471 2611 1595 2651 cum
1626 2596 1837 2666 jamdiu
1867 2612 1932 2652 eo
1964 2612 2085 2650 mu-

494 2699 625 2738 nere.
659 2688 795 2740 adeo
832 2695 1055 2741 strenue
1084 2686 1354 2755 perfuncti
1397 2685 1601 2740 fuerint
1630 2685 1942 2754 complures
1980 2684 2085 2738 viri

494 2778 664 2845 docti,
700 2790 759 2833 ut
792 2780 895 2834 hac
932 2780 1000 2835 de
1033 2794 1091 2834 re
1123 2781 1305 2834 nullus
1337 2779 1563 2833 omnino
1609 2778 1895 2832 dubitandi
1934 2779 2086 2832 locus

496 2870 755 2938 supersit,
788 2871 1087 2925 dummodo
1119 2870 1371 2941 quisque,
1404 2869 1775 2939 przcjudicatis
1814 2868 2088 2938 opinioni-

497 2961 599 3013 hus
630 2961 896 3029 tantisper
928 2962 1202 3028 sepositis,
1238 2961 1450 3015 sincera
1479 2969 1660 3014 mente
1693 2968 1856 3028 atque
1905 2959 2088 3012 animo

498 3051 731 3117 ingenuo
752 3051 992 3103 rationes
1014 3050 1265 3119 utrinque
1292 3050 1484 3103 allatas
1504 3049 1793 3117 diligenter
1814 3047 2077 3101 excutiat.

2182 2044 2200 2076 ‹
2229 2024 2450 2078 Illarum
2474 2038 2651 2078 rerum
2678 2027 2860 2095 periti,
2891 2036 3122 2098 utroque
3147 2044 3311 2099 opere
3332 2030 3621 2100 diligenter
3651 2048 3748 2101 per
3772 2066 3775 2069 λ

2177 2120 2339 2185 lceto,
2383 2131 2653 2185 negarunt
2688 2121 2962 2176 eruditum
3003 2120 3158 2176 illum
3201 2122 3376 2189 virum
3423 2124 3529 2179 ulla
3561 2125 3776 2183 ratione

2178 2211 2465 2271 Pearsonii
2524 2224 2850 2289 argumenta
2900 2199 3284 2271 labefactasse.
3330 2236 3349 2268 ι
3389 2215 3589 2273 Oudini
3643 2234 3775 2274 vero

2179 2306 2618 2364 dissertationem
2653 2309 2791 2378 (59),
2820 2309 2917 2378 qui
2964 2306 3148 2362 Dallazi
3171 2310 3403 2380 ejusque
3451 2312 3774 2381 sequacium

2180 2398 2571 2468 ohjectationes
2627 2402 2950 2471 plerumque
3015 2402 3354 2458 instaurasse
3413 2404 3770 2473 perhibetur,

2184 2501 2337 2548 tanta
2378 2493 2597 2548 demum
2646 2495 2920 2549 rationum
2962 2499 3015 2548 vi
3071 2510 3197 2549 cum
3225 2496 3556 2551 elocutionis
3596 2498 3775 2569 digni-

2193 2593 2303 2639 tate
2349 2585 2663 2655 conjuncta,
2717 2602 2892 2655 nuper
2934 2585 3247 2642 confutasse
3295 2588 3551 2644 novimus
3593 2590 3774 2646 virum

2182 2677 2434 2731 doctrina
2478 2685 2534 2733 et
2586 2678 2897 2734 eruditione
2942 2688 3290 2749 priestantem
3346 2679 3614 2737 Thomam
3663 2682 3777 2737 Ma-

2185 2770 2322 2823 riam
2353 2768 2717 2825 Mamachium
2758 2769 2893 2840 (40),
2927 2780 2987 2825 ut
3014 2770 3138 2841 jure
3181 2788 3457 2842 usurpare
3500 2776 3673 2843 possit
3712 2774 3774 2833 V.

2185 2862 2249 2917 C.
2284 2860 2594 2916 Tullianum
2624 2862 2754 2917 illud
2790 2882 2803 2917 :
2839 2862 3007 2918 Nullo
3037 2882 3156 2919 eum
3192 2866 3306 2920 loco
3342 2869 3628 2923 consistere
3659 2888 3777 2925 sum

2186 2970 2397 3023 passus.
2444 2954 2622 3023 Atque
2668 2954 2793 3009 inde
2828 2955 3103 3026 intelligas
3144 2959 3331 3025 velim,
3389 2961 3567 3015 soluta
3614 2962 3778 3017 simul

2189 3044 2490 3104 Heumanni
2515 3056 2836 3116 argumenta
2859 3067 2874 3116 ;
2898 3051 3099 3120 quippe
3119 3054 3212 3122 qui
3238 3052 3545 3111 Oudiniana
3566 3056 3779 3125 potiora

501 3138 756 3195 Yiudices
812 3139 1122 3211 lguatianos
1193 3141 1497 3211 praecipuos
1564 3139 1823 3195 collectos
1883 3138 2082 3208 praebet
2108 3165 2151 3223 ο
2188 3141 2375 3210 paucis
2408 3149 2709 3205 contracta,
2746 3149 3006 3211 tanquam
3050 3144 3242 3214 lgnatii
3272 3147 3627 3214 epistolarum
3663 3164 3781 3203 cer-

498 3244 730 3303 ntraque
776 3234 1118 3289 Coteleriana
1166 3233 1389 3290 Patrum
1441 3234 1868 3305 apostolicorum
1918 3233 2082 3287 editio

498 3325 1020 3379 Amstclodamensis
1047 3344 1060 3379 :
1094 3326 1292 3396 quibus
1319 3338 1497 3380 tamen
1528 3325 1763 3380 addendi
1789 3324 2085 3379 Tillemon-

497 3417 610 3471 tius
664 3417 802 3487 (25),
850 3414 1059 3473 Natalis
1111 3418 1419 3473 Alexander
1473 3418 1608 3488 (26),
1658 3416 1925 3471 Nourrius
1971 3415 2084 3487 (27)

499 3517 663 3577 atque
706 3509 1011 3565 Ceillierius
1056 3511 1190 3580 (28).
1241 3510 1429 3581 Neque
1474 3511 1754 3565 omittendi
1802 3509 2087 3565 Wottonus

502 3602 640 3668 (29),
674 3601 920 3657 Clericus
949 3604 1083 3673 (50),
1140 3603 1538 3674 Wesselingius
1588 3603 1701 3674 (51)
1749 3610 1804 3657 et
1848 3600 2087 3656 Ioannes

501 3691 810 3747 Ludovicus
839 3692 977 3765 Frey
1013 3694 1125 3765 (52)
1155 3712 1168 3749 :
1200 3695 1294 3763 qui
1343 3710 1441 3764 pro
1470 3694 1785 3749 breviorum
1826 3690 2089 3762 Epistola-

499 3800 625 3839 rum
670 3788 1029 3854 germanitate
1062 3788 1259 3859 stylum
1290 3788 1627 3841 strinxerunt
1659 3786 1919 3840 adversus
1951 3783 2087 3838 Gui-

503 3878 749 3931 lielmum
778 3877 1148 3945 Whistonum,
1178 3879 1272 3949 qui
1299 3895 1409 3933 non
1438 3879 1616 3932 solum
1649 3884 1854 3945 septem
1882 3875 2090 3945 episto-

2184 3232 2396 3286 tissima
2444 3231 2654 3294 νοθείας
2702 3231 2903 3287 indicia
2943 3235 3048 3289 sibi
3086 3236 3259 3290 videri
3307 3249 3585 3295 asseverat
3640 3241 3778 3312 (41).

2185 3322 2421 3393 Jamque
2444 3322 2586 3377 idem
2624 3322 2893 3391 judicium
2920 3325 3120 3380 tulerat
3158 3327 3388 3396 ipsemet
3426 3328 3782 3389 Heumannus

2188 3417 2243 3471 in
2291 3416 2445 3470 Actis
2484 3415 2819 3471 eruditorum
2847 3418 2984 3489 (42),
3016 3417 3379 3476 Oxoniensem
3422 3423 3618 3478 Smithi
3656 3426 3782 3481 edi-

2188 3507 2389 3561 tionem
2432 3522 2764 3575 recensens;
2799 3510 2958 3579 cujus
2992 3510 3189 3566 delnde
3222 3516 3545 3570 sententiam
3577 3518 3786 3586 placuit

2188 3598 2401 3654 Oudino
2451 3598 2507 3652 in
2556 3599 2831 3655 laudatam
2891 3618 3048 3657 suam
3106 3604 3556 3664 dissertationem
3600 3619 3785 3667 trans-

2190 3689 2335 3745 ferre
2359 3690 2499 3761 (45).

2263 3779 2715 3850 Quandoquidem
2748 3798 2877 3839 vero
2903 3783 3209 3843 Germanus
3242 3788 3331 3843 ille
3351 3791 3578 3848 criticus
3613 3794 3667 3848 in
3704 3810 3771 3848 ea

2192 3869 2464 3941 Lipsiensi
2518 3873 2858 3936 recensione,
2911 3890 3075 3944 quam
3105 3877 3231 3930 licet
3254 3876 3471 3939 Oudino
3493 3882 3781 3949 probatam

503 3969 585 4023 las
618 3969 918 4039 longiores,
954 3985 1141 4024 verum
1188 3971 1353 4024 etiam
1409 3979 1518 4024 tres
1563 3967 2088 4039 pseudepigraphas,

504 4061 570 4113 ad
603 4060 924 4127 Tarsenses,
954 4063 1019 4117 ad
1045 4062 1414 4118 Antiochenos
1442 4072 1495 4116 et
1536 4061 1601 4114 ad
1638 4059 1932 4119 Heronem,
1964 4065 2090 4109 tan-

2192 3966 2603 4021 eruditissimus
2632 3965 2973 4024 Mamachius
2996 3972 3277 4040 praeteriit,
3301 3971 3443 4027 inter
3467 3983 3627 4029 notas
3649 3991 3783 4043 sup-

2195 4058 2489 4128 positiouis
2518 4060 2835 4114 earumdem
2875 4062 3266 4131 epistolarum,
3314 4064 3450 4119 illud
3491 4066 3655 4119 etiam
3693 4082 3783 4121 re-

505 4169 671 4223 quam
716 4155 980 4223 genuinas
1031 4154 1086 4208 in
1123 4170 1222 4209 suo
1256 4153 1670 4209 Christianismo
1720 4149 1948 4203 redivivo
1979 4144 2092 4213 (55)
2194 4147 2336 4202 ferre
2387 4164 2497 4218 prae
2548 4164 2608 4205 se
2650 4149 2792 4216 fert,
2830 4154 2976 4221 quod
3019 4153 3223 4210 Graecis
3263 4155 3492 4210 vocibus
3528 4158 3782 4226 quaedam

505 4247 841 4299 omnianimi
867 4246 1214 4302 contentione
1236 4244 1614 4315 propugnavit.
1640 4237 2093 4295 Whistonohaud
2194 4240 2357 4294 etiam
2431 4240 2638 4296 Latina:
2701 4243 2956 4300 immista:
3018 4247 3403 4315 reperiantur,
3471 4249 3783 4319 cujusmodi

506 4337 581 4391 ita
611 4338 819 4407 pridem
857 4354 1021 4407 quam
1055 4338 1301 4407 proxime
1337 4336 1570 4391 accessit
1602 4332 1844 4388 Joannes
1894 4330 2082 4398 Philip-

2196 4341 2324 4386 sunt
2348 4332 2749 4403 ἐξεμπλάριον
2777 4335 2907 4408 (44),
2941 4336 3255 4407 δεσέρτωρ,
3287 4339 3779 4405 δεπόοητιιβκκε-

505 4443 611 4498 ινδ
643 4428 952 4485 Baraterius
980 4430 1117 4499 (54),
1147 4438 1204 4483 ιιι
1230 4429 1323 4500 qui
1353 4429 1481 4481 licet
1527 4427 1804 4481 breviores
1834 4423 2082 4493 epistolas

2198 4438 2317 4476 πτα
2346 4424 2477 4497 (45);
2502 4427 2861 4496 queriturque
2898 4429 3128 4498 proinde
3159 4429 3516 4487 Pearsouium
3540 4449 3604 4488 ac
3630 4432 3777 4488 Smi-

506 4520 657 4575 velut
682 4521 925 4577 sinceras
952 4529 1235 4593 agnoscat,
1266 4520 1542 4590 longiores
1574 4528 1754 4572 tamen
1783 4517 1895 4571 sive
1923 4515 2088 4571 inter-
2123 4513 2169 4569 D
2196 4515 2347 4570 thum
2379 4517 2497 4573 loca
2522 4518 2615 4573 illa
2649 4520 2877 4575 omnino
2914 4522 3357 4591 praetermisisse,
3406 4526 3552 4595 quod
3590 4537 3778 4583 essent

578 4696 695 4765 (24)
723 4696 890 4753 Grab.
927 4696 1139 4768 Spicil.,
1171 4706 1307 4752 tom.
1334 4698 1403 4764 II,
1433 4712 1488 4767 p.
1520 4696 1591 4768 _I_5
1620 4710 1773 4766 seqq.

722 4763 1142 4847 :l‘illent.'Mét_n.
1184 4770 1310 4822 eccl.
1344 4763 1483 4847 tom.
1520 4766 1583 4830 ll,
1616 4763 1773 4847 pagg.
1806 4764 1934 4847 294,
1966 4763 2089 4818 581.

604 4834 694 4907 26)
722 4837 845 4892 Nat.
878 4840 1031 4892 Alex.
1066 4838 1211 4892 Hist.
1248 4838 1399 4900 eccl.,
1427 4854 1552 4893 saec.
1593 4833 1653 4897 ll.
1688 4833 1905 4891 dissert.
1935 4851 2091 4889 χχιιι.
2200 4833 2738 4907 14μρῖιεέρ179-184.

604 4902 696 4976 27)
729 4908 899 4964 Nour.
949 4909 1151 4979 Appar.
1193 4910 1262 4962 ad
1312 4908 1456 4963 Bibl.
1499 4908 1643 4976 PP.,
1690 4917 1826 4962 tom.
1877 4907 1923 4974 Ι,
1966 4921 2090 4975 pag.
2270 4902 2616 4979 (157)7Nourr.
2645 4904 2848 4979 ﬁlppar.
2882 4902 2918 4958 I.
2941 4918 2993 4979 _c.

510 4972 758 5047 regem.
997 4972 1041 4979 ’⁷
1629 4972 1637 4976 ⁷
1911 4972 1915 4974 ⁷
1968 4972 1985 4975 ⁷
2044 4972 2063 4975 ⁷
2268 4972 2381 5047 (58)
2414 4973 2612 5047 Gleric.
2645 4972 2863 5047 Prazfat.
2889 4974 2955 5028 ad
2988 4974 3097 5047 vol.
3134 4972 3196 5047 Il.
3237 4972 3340 5028 PP.
3376 4973 3624 5047 Apostol.

583 5043 697 5116 (28)
723 5043 886 5119 :Ccill.
920 5048 1066 5102 Hist.
1097 5065 1269 5119 gener.
1298 5057 1431 5103 tom.
1464 5047 1508 5115 Ῑ,
1539 5063 1662 5118 pag.
1695 5048 1799 5102 625
1830 5060 1982 5119 seqq.
2169 5075 2175 5081 -
2270 5043 2392 5119 (59)
2408 5043 2614 5119 _Oudin.
2646 5043 2939 5098 Comment.
2977 5043 3040 5098 de
3069 5046 3316 5114 scriptor.
3359 5045 3521 5111 eccl.,
3570 5054 3704 5099 tom.
3734 5048 3777 5109 Ι.

582 5119 694 5188 (29)
720 5118 966 5172 Wotton.
991 5116 1206 5173 Praifat.
1225 5120 1291 5174 ad
1322 5119 1495 5189 Epist.
1529 5116 1589 5175 S.
1616 5116 1889 5173 Clement.
1927 5116 2086 5170 Rom.
2196 5116 2610 5189 pag.g89_seqq.

508 5183 1123 5263 p-igg_,:cgrxxiiifccu._
1294 5258 1308 5263 _
1362 5183 1406 5263 ξ-
1445 5256 1525 5263 __
1991 5256 2081 5263 Μ-
2194 5183 2383 5263 ςηζιο)
2409 5183 2968 5263 Ma_n_iacl_t:‘0riginn.
3000 5192 3051 5236 et
3090 5186 3291 5255 antiqq.
3334 5184 3689 5249 Christiann.,
3737 5192 3777 5238 ι.

585 5254 697 5327 (50)
726 5258 925 5315 Cleric.
952 5261 1006 5313 in
1041 5259 1193 5315 calce
1221 5258 1331 5314 vol.
1362 5257 1407 5314 ll
1434 5256 1550 5315 PP.
1596 5268 1792 5330 apost.,
1836 5272 1957 5328 pag.
1988 5256 2082 5311 501

2194 5254 2288 5315 IV.
2309 5272 2452 5330 pag2
2482 5254 2742 5330 577-496.

511 5323 686 5397 seqqﬁ
1630 5323 1640 5330 ’
1778 5323 1786 5326 ⁷
1836 5323 1853 5328 ”
1928 5323 1932 5325 ’
2272 5323 2607 5397 (4“1)Ηθυῃι.
2645 5324 2839 5397 Consp.
2878 5326 3007 5397 reip.
3053 5326 3244 5397 lit_ter.,
3292 5339 3413 5394 cap.
3450 5323 3502 5389 7,
3552 5323 3580 5394 §
3625 5338 3776 5386 κων,

2269 4692 2383 4763 (55)
2413 4679 2590 4764 _Cicer.
2624 4691 2701 4746 De
2730 4693 2886 4764 ama,
2915 4692 3012 4764 lib.
3050 4709 3112 4758 ιι,
3141 4708 3260 4764 cap.
3291 4694 3324 4748 9
3350 4708 3446 4749 seu
3480 4694 3567 4750 15.

2270 4762 2385 4836 (56)
2412 4762 2540 4836 Bul.
2557 4763 2771 4836 Defens.
2802 4763 2896 4833 ῥά.
2930 4762 3080 4829 Nic.,
3107 4762 3238 4819 sect.
3266 4779 3347 4833 ιιι,
3370 4779 3491 4834 cap.
3520 4764 3572 4831 1,
3601 4763 3664 4836 §§
3690 4765 3781 4821 10-

1927 5114 2086 5170 Rom.

585 5393 698 5471 (5|)
729 5397 1058 5471 Wesseliug.
1093 5397 1366 5455 Probabil.
1415 5400 1510 5455 lib.
1556 5401 1692 5471 sing.
1736 5413 1860 5468 cap.
1900 5397 1989 5463 55,
2035 5410 2089 5466 p.
2200 5415 2255 5469 p.
2281 5393 2901 5471 ji91,_ct_Ptncil.,_tom_.
2930 5393 3072 5471 ll_,_p.
3103 5394 3229 5448 248.

511 5461 793 5592 293νεραἕ.
1006 5461 1034 5471 ν
1311 5542 1321 5554 ¹
1643 5461 1665 5471 ⁷
1804 5461 1823 5468 ’
1977 5461 1983 5463 “
2036 5461 2053 5466 “

588 5540 700 5592 (52)
775 5556 867 5592 rev
890 5538 1099 5592 nrmfat.
1134 5540 1201 5592 ad
1229 5539 1400 5592 Emst.
1430 5540 1527 5592 SS.
1563 5540 1670 5592 PP.

2200 5461 2216 5469 ’
2272 5467 2386 5538 (42)
2415 5466 2469 5522 Id
2494 5468 2549 5521 in
2580 5467 2698 5520 Act.
2733 5465 2906 5521 Erud.
2948 5461 3098 5535 Lips.
3130 5481 3259 5519 ann.
3298 5464 3457 5524 l7I0.
3485 5479 3609 5534 pag.
3652 5461 3776 5528 l96,

2199 5553 2314 5592 seu.

588 5539 700 5612 (52)
729 5538 867 5612 Frey
890 5538 1099 5612 praefat.
1134 5540 1201 5595 ad
1229 5539 1400 5610 Epist.
1430 5540 1670 5612 SSLPP.
1707 5610 1713 5612 Α
2008 5610 2015 5612 ξ
2199 5553 2314 5612 seq.

589 5610 701 5681 {55)
729 5609 1005 5681 Wbiston.
1056 5609 1161 5664 The
1210 5609 1472 5680 primitive
1514 5610 1869 5681 Christianity
1900 5610 2093 5677 ννευὶυ..

517 5680 625 5736 vol.
662 5682 705 5734 1.
740 5680 939 5746 Lond.,
972 5680 1131 5745 tm,
1167 5681 1221 5734 8.

593 5750 707 5819 (54)
758 5750 937 5821 Barat.
992 5751 1213 5807 Dissert.
1266 5768 1283 5809 ι
1329 5760 1383 5809 et
1428 5767 1467 5807 ιι
1514 5752 1577 5807 de
1626 5750 1850 5806 Constit.
1901 5759 2095 5821 apost.,

521 5837 678 5897 pagg.
710 5819 840 5889 250,
863 5821 993 5877 279.

2270 5604 2383 5678 (45)
2412 5605 2687 5678 Oudin._l.
2707 5622 2791 5678 c.,
2824 5620 2955 5678 pag:
2986 5604 3110 5660 159.

2271 5671 2382 5747 (ill)
2411 5679 2581 5746 Ignat.
2615 5671 2787 5798 Erist.
2818 5671 2886 5729 ad
2901 5671 3154 5745 'Smyrn.,
3185 5688 3306 5743 cap.
3341 5673 3430 5739 12,
3458 5671 3525 5729 ad
3550 5671 3775 5742 Ephes.,

2271 5767 2319 5814 p.
2344 5749 2401 5811 2,
2432 5748 2498 5801 ad
2526 5746 2648 5799 Tral
2680 5786 2693 5798 .
2716 5786 2730 5811 ,
2760 5762 2881 5814 cap.
2920 5746 2973 5799 5.
3335 5812 3348 5814 ῃ

2200 5764 2498 5889 “mil?
2528 5764 3149 5886 ἒςὲἲέἱ·.ἀἳῗ¹ὶδυῗάιανρ.,
3182 5830 3300 5885 ευρ.
3334 5812 3384 5868 7.
