4134 6384
323 393 427 450 577

1374 385 1674 442 ΑΝΒΒΕΕ
1714 381 2087 440 GALLANDII
2124 382 2491 439 PROOEMIA.

3482 388 3590 444 578

322 529 389 568 eo
418 512 601 582 judice
633 512 774 568 satis
796 510 1148 568 lncommoda
1180 510 1537 582 nimiumque
1577 511 1779 583 negotii
1820 509 1902 563 ia-
1932 515 1977 569 A
2004 509 2155 563 dedit
2181 509 2249 564 ad
2278 508 2787 579 Philadelphenscs,
2819 509 2886 565 ad
2924 508 3261 581 Smyrnzeos,
3300 511 3559 580 privatim

322 612 642 660 cesserent-z
691 605 784 659 hic
813 605 1031 658 demum
1082 604 1392 658 istiusmodi
1436 604 1900 672 objectamentum

320 698 507 752 tuliere
528 705 772 767 praestat,
808 712 932 751 cum
966 694 1200 751 Vossius
1239 704 1294 749 et
1342 694 1646 751 Cotelerius
1680 695 1899 749 censori

319 801 506 845 uostro
541 791 686 845 haud
734 790 934 846 fecisse
987 792 1123 846 satis
1168 790 1477 844 videantur.
1528 788 1659 843 Rem
1710 788 1903 858 paucis

318 884 708 954 transigamus.
738 882 795 937 Si
820 884 993 939 sancti
1021 882 1280 955 martyris
1319 882 1512 953 lgnatii
1544 882 1904 952 epistolarum

316 973 607 1029 sinceritas
639 974 980 1043 periclitetur
1000 1015 1014 1040 ,
1041 974 1187 1044 quod
1224 974 1281 1028 iu
1330 975 1464 1044 ipsis
1502 974 1710 1043 aliquot
1739 987 1905 1027 voces

314 1060 525 1116 Latiute
551 1073 880 1127 occurrant,
925 1064 992 1118 de
1040 1064 1241 1120 divinis
1275 1080 1497 1136 quoque
1534 1062 1672 1120 Novi
1713 1062 1906 1119 Testa-

316 1151 488 1209 meuti
537 1152 735 1207 litteris
783 1153 1189 1208 conclamatum
1222 1153 1473 1223 profecto
1524 1153 1649 1209 erit.
1700 1152 1759 1207 ln
1810 1152 1901 1208 his

310 1242 457 1296 enim
492 1242 746 1313 legimus,
779 1244 1140 1311 κεντουρίων
1169 1243 1301 1315 (46),
1336 1243 1570 1314 κῆνσος
1604 1244 1736 1316 (47),
1762 1262 1904 1297 κου-

310 1333 539 1387 στωδία
574 1334 721 1404 (48),
769 1334 1125 1403 πραιτώριον
1170 1335 1317 1407 (49),
1370 1335 1904 1407 01pm!r(?t0r(50),

310 1426 640 1495 σουδάριον
670 1427 821 1498 (51),
866 1426 1297 1496 σπεκουλάτωρ
1338 1427 1481 1498 (52),
1518 1429 1719 1494 τίτλος
1766 1428 1902 1501 (55).

313 1515 370 1569 Si
398 1533 496 1584 eo,
534 1518 794 1588 inquam,
830 1520 1053 1574 nomine
1095 1527 1357 1590 tanquam
1412 1520 1754 1590 interpolata:
1804 1530 1907 1576 aut

310 1608 805 1679 pseudepigraphaa
833 1610 947 1665 sint
995 1610 1259 1666 habenda:
1299 1610 1597 1683 lgnatianre
1637 1612 1904 1681 epistolze,

311 1698 453 1753 Novi
486 1716 619 1770 ergo
650 1700 897 1758 Fcederis
939 1703 1198 1758 αὐθεντία
1224 1704 1481 1759 concidat
1516 1719 1740 1761 necesse
1779 1705 1904 1759 erit.

312 1788 455 1855 Quis
485 1799 671 1845 autem
706 1807 853 1846 sanae
879 1794 1079 1849 mentis
1105 1794 1173 1849 de
1204 1793 1401 1849 litteris
1440 1793 1704 1850 divinitus
1730 1793 1906 1864 inspi-

2006 616 2113 670 que
2145 601 2215 655 ad
2264 599 2628 673 Polycarpum
2685 602 2883 656 horum
2927 604 3269 673 episcopum.
3326 603 3431 659 Sed
3479 621 3592 676 quo

2005 694 2227 747 demum
2272 710 2418 748 anno
2460 695 2563 749 ista
2601 696 2970 765 contigerint,
3005 710 3126 765 cap.
3176 705 3443 767 sequente
3489 712 3584 767 op-

2005 786 2301 855 portunius
2330 785 2777 856 disquirendum.

2625 945 2855 1002 CAPUT
2895 944 2959 999 V.

2007 1058 2117 1133 De_
2137 1058 2691 1133 Ignatiani__martyrii
2739 1063 2887 1117 Actis
2929 1062 3164 1133 sinceris
3194 1079 3227 1115 a
3276 1060 3594 1117 Theoderico

2078 1129 2363 1184 Ruiuartio
2410 1130 2469 1185 γ.
2498 1131 2559 1186 C.
2590 1129 2835 1200 primum
2882 1133 3061 1186 editis.
3118 1131 3321 1185 Eorum
3376 1143 3593 1202 uterque

2078 1210 2223 1254 vetus
2256 1203 2512 1272 interpres
2550 1202 2766 1257 additus
2792 1217 2810 1255 :
2842 1204 3120 1274 integritas
3147 1204 3334 1272 paucis
3366 1214 3590 1257 asserta.

2083 1310 2141 1368 S.
2176 1313 2367 1385 lgnatii
2395 1315 2642 1385 epistolis
2694 1316 2949 1386 genuinis
2992 1317 3128 1373 Acta
3161 1316 3414 1387 Martyrii
3441 1318 3593 1389 ejus-

2007 1406 2133 1462 dem
2164 1409 2379 1463 sincera
2415 1409 2786 1479 subjecimus,
2831 1410 3199 1467 Oxouiensem
3236 1412 3433 1468 Smithi
3474 1415 3595 1471 edi-

2011 1499 2213 1554 tionem
2240 1501 2435 1565 secuti,
2462 1511 2521 1555 ut
2544 1503 2798 1571 superius
2831 1503 3135 1559 innuimus.
3166 1504 3357 1561 Graaco
3400 1508 3595 1573 textui,

2008 1606 2040 1646 e
2071 1592 2261 1647 codice
2301 1592 2621 1649 Colbertino
2654 1610 2681 1648 a
2712 1593 2780 1651 ν.
2812 1595 2878 1651 C.
2927 1594 3267 1653 Theoderico
3308 1597 3597 1655 Ruinartio

2010 1685 2249 1753 primum
2289 1686 2565 1755 evulgato,
2614 1687 2890 1758 duplicem
2945 1689 3204 1759 utrinque
3245 1692 3596 1762 appinximus

2010 1774 2261 1831 Latinam
2287 1780 2596 1833 versionem
2626 1798 2641 1846 ;
2680 1780 2908 1858 alteram
2944 1783 3164 1853 quidem
3192 1785 3392 1839 veteris
3426 1784 3597 1840 inter-

308 1880 469 1944 ratis,
497 1880 550 1934 id
582 1881 785 1936 nedum
817 1882 1023 1946 dicere,
1052 1884 1148 1937 sed
1181 1900 1249 1938 ne
1275 1884 1518 1955 cogitare
1550 1885 1771 1955 quidem
1797 1900 1900 1940 au-

2005 1871 2197 1939 pretis,
2224 1886 2255 1926 e
2287 1887 2392 1926 ms.
2432 1872 2653 1942 Cajensi
2703 1874 2775 1928 ab
2827 1873 3057 1930 Usserio
3095 1876 3423 1947 jampridem
3474 1880 3595 1935 edi-

306 1972 439 2026 deat
458 1973 482 2026 ἳ
501 1972 584 2027 An
618 1989 747 2028 vero
773 1974 1040 2029 vocabula
1070 1975 1196 2039 ista,
1228 1976 1611 2044 κεντουρίων,
1645 1975 1899 2045 κῆνσος,

305 2068 689 2133 κουστωδία,
722 2078 852 2135 etc.,
884 2070 1093 2126 castius
1124 2070 1427 2141 puriusque
1451 2070 1638 2127 Graace
1673 2079 1900 2135 sonant,

306 2176 479 2228 quam
524 2161 971 2231 ἐξεμπλάριον,
1028 2162 1356 2231 δεσέρτωρ,
1411 2162 1749 2217 δεπόο-ιταῖ)
1796 2173 1901 2219 etc.

304 2252 470 2319 Quod
500 2253 546 2308 si
574 2254 843 2323 apostolis
874 2263 929 2309 et
948 2255 1331 2324 evangelistis,
1372 2253 1629 2309 Matthazo
1664 2256 1820 2320 (aut,
1854 2256 1902 2311 si

304 2343 511 2410 mavis,
547 2343 667 2413 ejus
700 2344 1031 2414 interpreti),
1065 2344 1270 2411 Marco,
1303 2342 1725 2412 Lucae,Joanni,
1758 2344 1902 2400 Pau-

302 2437 355 2491 lo
407 2436 601 2492 Graece
624 2436 1035 2503 scribentibus,
1090 2452 1257 2493 voces
1308 2435 1588 2493 Romanas
1632 2453 1902 2507 usurpare

301 2526 608 2597 aliquando
637 2526 826 2592 licuit,
863 2527 1057 2597 quidni
1082 2536 1137 2582 et
1158 2526 1368 2598 lgnatio
1394 2527 1772 2597 apostolorum
1816 2530 1901 2583 di-

301 2618 564 2688 scipulo?
608 2617 712 2672 Sed
752 2633 931 2688 neque
973 2618 1110 2672 vitio
1138 2618 1359 2673 demum
1391 2619 1653 2673 vertenda
1699 2618 1903 2674 divinis

301 2709 659 2772 auctoribus,
696 2709 945 2779 adeoque
974 2708 1172 2779 potiori
1199 2709 1326 2778 jure
1352 2723 1531 2778 neque
1561 2718 1755 2766 sancto
1781 2711 1903 2781 epi-

300 2814 481 2869 scopo
512 2798 877 2866 Antiocheno,
911 2800 1232 2870 hujusmodi
1269 2799 1546 2855 scribendi
1596 2802 1737 2857 ratio
1769 2821 1783 2857 :
1820 2803 1904 2859 sic

298 2892 455 2945 enim
495 2890 701 2947 ferebat
733 2893 987 2959 occasio;
1021 2902 1153 2949 tunc
1203 2894 1471 2964 temporis
1498 2894 1762 2949 nimirum
1800 2910 1898 2964 per

299 2983 624 3037 universam
660 2982 774 3038 fere
804 2982 1093 3048 Graeciam,
1120 2982 1339 3056 Syriam
1361 3025 1376 3049 ,
1421 2983 1741 3056 Egyptum,
1767 2994 1899 3049 etc.,

303 3073 569 3129 Romano
599 3075 835 3145 imperio
863 3075 1021 3146 longe
1052 3074 1271 3145 lateque
1302 3086 1626 3148 propagato,
1661 3084 1723 3130 ut
1756 3075 1904 3146 opti-

301 3182 397 3221 me
435 3167 617 3235 arguit
643 3168 712 3222 cl.
748 3166 1107 3223 Blackwallus
1138 3168 1275 3239 (54).
1322 3167 1511 3239 Neque
1558 3169 1719 3223 aliter
1766 3182 1901 3225 sane

2006 1968 2116 2014 tam
2138 1978 2154 2026 ;
2180 1960 2406 2015 alteram
2438 1977 2569 2017 vero
2594 1963 2663 2017 ah
2685 1964 2875 2019 eodem
2903 1964 3190 2022 Ruinartio
3229 1968 3591 2026 adornatam:

2005 2068 2172 2122 quam
2203 2054 2350 2108 enim
2385 2053 2635 2110 Clericus
2657 2056 2869 2121 refecit,
2918 2057 3143 2127 insuper
3190 2058 3486 2118 habuimus
3527 2078 3593 2119 ea

2005 2144 2073 2198 de
2102 2159 2268 2199 causa
2296 2145 2456 2215 cujus
2476 2148 2643 2215 paulo
2676 2157 2802 2203 ante
2827 2151 3203 2208 meminimus.
3238 2154 3416 2209 Aliam
3448 2174 3595 2227 quo-

2005 2250 2113 2304 que
2166 2237 2460 2305 separatim
2504 2238 2807 2308 adjecimus
2854 2242 3135 2312 antiquam
3180 2247 3514 2316 versionem,
3562 2267 3596 2306 e

2004 2328 2196 2384 codice
2242 2329 2573 2385 Cottoniauo
2621 2347 2651 2387 a
2696 2333 2916 2389 laudato
2958 2334 3183 2393 Usserio
3215 2339 3591 2411 descriptam;

2005 2421 2153 2491 quod
2189 2422 2310 2491 ejus
2334 2432 2532 2477 auctor
2557 2440 2745 2480 verum
2784 2426 3047 2483 Actorum
3078 2429 3395 2487 Graecorum
3415 2450 3598 2489 exem-

2003 2513 2125 2582 plar
2158 2528 2269 2582 prae
2292 2514 2468 2570 oculis
2498 2514 2759 2573 habuisse
2788 2529 3071 2589 noscatur,
3109 2522 3233 2578 licet
3264 2526 3597 2597 quandoque

2003 2611 2186 2659 textus
2224 2612 2322 2659 aut
2353 2607 2682 2662 sententiam
2718 2618 2815 2664 aut
2855 2612 3019 2668 verba
3060 2615 3383 2686 neutiquam
3428 2617 3598 2673 fuerit

2004 2707 2316 2754 assecutus.
2361 2697 2441 2753 Eo
2490 2710 2673 2755 autem
2723 2702 2959 2757 consilio
3004 2713 3303 2777 utrumque
3355 2718 3596 2765 veterem

2004 2785 2358 2857 interpretem
2393 2790 2784 2858 proferendum
2816 2794 3281 2863 existimavimus,
3308 2814 3419 2868 quo
3441 2800 3597 2855 Grae-

2003 2879 2084 2933 cis
2116 2878 2212 2933 lux
2243 2879 2423 2949 major
2444 2881 2761 2947 accederet,
2802 2884 2981 2938 sicubi
3034 2887 3181 2942 haud
3219 2888 3356 2944 satis
3407 2898 3597 2959 aperta

2003 2972 2122 3027 sive
2156 2972 2337 3028 minus
2367 2974 2654 3029 emendata
2686 2984 3001 3031 occurrant.

2078 3061 2155 3117 De
2202 3064 2400 3119 horum
2444 3076 2626 3121 autem
2670 3067 2936 3123 Actorum
2982 3068 3243 3143 αὐθεντῐᾳ
3301 3086 3466 3126 nemo
3511 3080 3599 3129 est

2007 3155 2102 3225 qui
2139 3154 2263 3225 jure
2293 3158 2379 3212 vel
2408 3158 2699 3213 minimum
2733 3160 2998 3231 ambigat.
3034 3160 3339 3231 Siquidem,
3372 3171 3433 3217 ut
3469 3180 3594 3218 cum

300 3257 557 3326 antiquis
588 3255 811 3312 Gmcia
840 3257 1202 3328 scriptoribus
1235 3274 1337 3315 usu
1374 3260 1545 3326 venit,
1599 3259 1900 3327 Herodoto,
1929 3244 1976 3307 C
2009 3247 2227 3303 Smitho
2258 3251 2453 3321 loquar
2479 3251 2617 3323 (56),
2654 3270 2675 3305 ‹
2713 3267 2744 3306 a
2774 3251 3143 3308 familiaribus
3180 3253 3236 3308 S.
3269 3254 3460 3325 lgnatii
3501 3256 3597 3325 qui

298 3350 661 3420 Thucydidi,
713 3348 1100 3420 Xenophonti;
1165 3352 1309 3421 apud
1371 3368 1512 3422 quos
1571 3351 1900 3421 ἀκινάκης,

296 3444 495 3511 ἄσχυ,
525 3440 727 3510 βάρις,
762 3441 1004 3507 κανῶς,
1038 3441 1320 3510 κὰρανος,
1347 3441 1562 3509 πάσας,
1590 3444 1903 3514 παρασάγ-

298 3553 424 3607 της
454 3534 705 3603 aliasque
734 3548 899 3588 voces
932 3534 1275 3605 peregrinas,
1309 3533 1583 3596 Persicas,
1614 3534 1901 3607 Egyptia-

298 3642 437 3691 cas,
472 3626 650 3696 legere
683 3633 807 3681 est:
847 3633 1137 3695 propterea
1171 3627 1385 3681 scilicet
1423 3626 1570 3696 quod
1612 3626 1703 3681 illa
1746 3636 1904 3683 actate

298 3734 416 3789 qua
455 3716 722 3772 ﬂorebant
769 3716 807 3771 ii
848 3716 1075 3772 Graeciaa
1108 3717 1408 3787 scriptores
1440 3718 1755 3785 cultissimi,
1780 3718 1906 3774 Per-

299 3826 523 3874 sarum,
549 3808 937 3881 }Egyptiorum
968 3809 1315 3879 aliarumque
1343 3808 1585 3864 Orientis
1614 3812 1903 3865 nationum

302 3904 477 3966 bella,
503 3902 859 3965 commercia,
890 3902 1109 3967 itinera,
1137 3901 1322 3971 plures
1358 3901 1631 3971 ejusmodi
1660 3902 1905 3957 exoticas

300 4011 479 4051 voces
509 3995 563 4049 in
593 3994 841 4050 Grtecam
877 3995 1122 4064 linguam
1167 3994 1507 4049 invexerant.
1552 3994 1732 4064 Atque
1775 3994 1905 4050 hinc

302 4104 449 4144 sane
475 4087 715 4157 quisque
741 4087 999 4158 intelligit
1021 4101 1189 4157 quam
1220 4086 1499 4141 immerito
1547 4085 1653 4141 ista
1685 4085 1905 4157 objece-

302 4182 381 4235 rit
419 4180 509 4234 vir
536 4180 629 4235 ille
651 4180 899 4237 criticus.

377 4273 455 4326 At
498 4272 607 4327 alio
644 4270 1011 4327 convertenda
1054 4279 1139 4326 est
1175 4270 1353 4326 oratio
1387 4288 1401 4325 :
1448 4269 1713 4340 temporis
1754 4268 1902 4324 enim

305 4364 657 4419 notationem
691 4378 803 4433 quo
835 4363 1082 4432 epistolae
1111 4379 1182 4417 vu
1224 4364 1292 4418 ab
1333 4362 1542 4433 lgnatio
1589 4362 1906 4432 perscripta:

307 4455 589 4521 feruntur,
644 4462 832 4508 nostra
881 4453 1111 4507 interest
1148 4452 1394 4508 delinire.
1426 4452 1657 4507 Constat
1698 4460 1901 4516 autem,

2006 3345 2301 3401 Antiochia
2352 3346 2585 3401 Romam
2634 3362 2810 3417 usque
2846 3347 3000 3401 illum
3036 3358 3164 3403 sunt
3208 3348 3477 3413 comitati,
3515 3359 3597 3405 at-

2006 3455 2115 3510 que
2164 3439 2315 3494 illius
2359 3439 2556 3494 ultimo
2601 3447 2658 3494 et
2695 3440 2937 3494 maxime
2963 3440 3205 3510 glorioso
3235 3441 3397 3511 agoni
3426 3443 3597 3495 inter-

2006 3531 2182 3599 fuere,
2216 3532 2489 3602 descripta
2526 3530 2717 3598 fuisse,
2748 3533 2925 3586 multa
2964 3531 3018 3585 in
3053 3531 3188 3602 ipsis
3226 3533 3380 3588 Actis
3420 3533 3474 3587 id
3518 3544 3599 3588 te—

2006 3624 2371 3679 statissimum
2422 3623 2678 3678 reddunt.
2724 3621 2780 3677 In
2834 3623 2919 3677 his
2969 3623 3116 3677 enim
3165 3623 3245 3679 sic
3294 3625 3598 3695 loquuntur

2005 3717 2100 3787 qui
2125 3731 2189 3771 ea
2218 3715 2414 3770 litteris
2442 3714 2715 3770 tradidere
2760 3715 2874 3786 (57)
2903 3734 2917 3770 :
2960 3715 3159 3784 Ἡμεῖς
3184 3716 3302 3786 μὲν
3334 3717 3597 3787 ἄκοντες

2005 3809 2371 3878 ἀπηγόμεθα,
2405 3806 2727 3873 στένοντες
2764 3804 2866 3860 ἐπὶ
2896 3804 2977 3873 τῷ
3006 3808 3109 3877 ἀφ’
3140 3807 3310 3878 ἡμῶν
3332 3810 3599 3880 μέλλωσι.

2005 3918 2061 3954 τι
2106 3898 2385 3969 χωρισμῷ
2432 3898 2539 3952 τοῦ
2589 3897 2823 3952 δικαίου
2870 3898 3160 3968 γίνεσθαι.
3212 3898 3328 3955 Nos
3384 3903 3597 3972 qudem

2004 3992 2161 4046 inviti
2209 3990 2637 4056 abducebamur,
2671 3999 2930 4059 gementes
2968 3992 3031 4045 ob
3074 3994 3460 4063 separationem
3493 3998 3595 4051 viri

1997 4082 2137 4152 justi
2171 4098 2203 4134 a
2230 4082 2379 4135 nobis
2408 4098 2531 4135 mox
2560 4082 2821 4151 futuram.
2864 4081 2931 4138 Et
2972 4085 3255 4141 nonnullis
3292 4087 3596 4159 interjectis

2006 4173 2110 4230 sub
2138 4173 2300 4228 ﬁnem
2327 4173 2443 4245 (58)
2475 4192 2489 4228 :
2528 4174 2760 4228 Τούτων
2788 4176 3080 4230 αὐτόπται
3109 4178 3440 4248 γενόμενοι.
3481 4181 3597 4236 Ilo-

2004 4281 2125 4319 rum
2152 4281 2245 4319 nos
2283 4265 2387 4335 ipsi
2410 4276 2731 4336 spectatores
2785 4267 2939 4336 facti.
2986 4266 3133 4337 Haec,
3165 4270 3390 4343 inquam
3417 4316 3433 4341 ,
3461 4276 3598 4331 alia-

2005 4370 2113 4427 que
2139 4366 2294 4413 extra
2328 4374 2493 4414 omne
2517 4359 2747 4414 dubium
2774 4369 3007 4429 ponunt,
3039 4377 3070 4416 a
3104 4361 3161 4418 S.
3195 4363 3386 4434 lgnatii
3418 4370 3594 4423 comi-

2007 4448 2155 4504 tibus
2184 4448 2319 4503 Acta
2348 4448 2666 4519 hujusmodi
2703 4448 2877 4506 fuisse
2906 4454 3210 4523 perscripta
3240 4472 3255 4510 :
3286 4465 3339 4511 et
3369 4458 3593 4527 quidem

308 4546 557 4601 Eusebio
585 4553 722 4601 teste
753 4544 893 4617 (55),
934 4554 1185 4600 sanctum
1220 4554 1515 4615 martyrem
1548 4558 1614 4599 eo
1645 4543 1699 4597 in
1746 4543 1905 4597 itine-
1934 4609 1971 4617 _
2008 4555 2118 4611 non
2153 4540 2311 4612 longe
2338 4549 2466 4610 post
2498 4541 2672 4611 ipsius
2695 4544 3232 4599 consummationem
3259 4585 3276 4612 ,
3323 4556 3377 4601 et
3408 4549 3594 4617 proxi-

309 4654 374 4693 re
406 4637 531 4691 illas
566 4651 849 4702 exarasse,
877 4650 989 4707 quo
1010 4636 1171 4705 jussu
1197 4633 1423 4705 Trajani
1448 4634 1680 4703 Augusti
1707 4634 1901 4687 Antio—
1934 4609 1982 4668 θ
2008 4649 2118 4699 mo,
2171 4643 2230 4689 ut
2278 4634 2737 4690 verisimillimum
2778 4636 3014 4701 videtur,
3070 4653 3255 4705 anno;
3309 4640 3443 4697 dum
3500 4659 3592 4700 res

310 4731 443 4785 chia
499 4727 734 4782 Romam
784 4727 1188 4792 deducebatur,
1241 4725 1371 4782 feris
1420 4725 1785 4796 objiciendus.
1837 4723 1905 4778 Et

309 4828 556 4890 quatuor
580 4819 825 4889 quidem,
859 4834 986 4874 cum
1017 4817 1311 4890 Smyrnam
1351 4817 1716 4888 pervenisset,
1757 4816 1909 4871 misit

309 4928 381 4967 ex
442 4912 551 4967 ista
599 4911 736 4966 urbe
785 4912 853 4966 ad
900 4910 1191 4981 Ephesios,
1251 4910 1321 4965 ad
1376 4908 1786 4979 Maguesianos,
1834 4908 1905 4963 ad

312 5002 633 5059 Trallianos
661 5012 827 5073 atque
857 5002 926 5057 ad
970 5001 1290 5058 Romanos:
1332 5001 1561 5057 ulterius
1602 5015 1732 5056 vero
1775 5014 1906 5070 pro-

316 5111 565 5167 gressus,
595 5096 728 5151 dum
756 5094 972 5151 Troade
996 5094 1346 5161 consisteret,
1375 5094 1500 5149 inde
1527 5102 1638 5150 tres
1662 5092 1906 5164 reliquas

394 5211 510 5279 (46)
543 5210 713 5267 Marc.
752 5227 844 5275 xv,
866 5211 958 5275 59,
982 5211 1089 5279 11,
1116 5210 1208 5265 45.

394 5277 508 5349 (47)
540 5282 729 5337 Matth.
757 5297 892 5346 xvu,
926 5277 1026 5347 24;
1056 5296 1194 5346 mi,
1223 5279 1307 5342 17,
1341 5279 1428 5333 19.

420 5351 511 5421 48)
546 5352 735 5407 Matth.
772 5352 1048 5417 xxvu,65,
1066 5352 1164 5415 66;
1192 5366 1383 5413 xxvm,
1418 5349 1505 5421 11.

420 5417 508 5487 49)
543 5422 734 5477 Matth.
764 5439 935 5486 xxvu,
970 5423 1071 5487 27;
1102 5420 1269 5475 Marc.
1305 5437 1392 5485 xv,
1421 5420 1516 5484 16;
1550 5417 1710 5474 Joan.
1740 5433 1901 5486 svnt,

320 5488 417 5556 28,
445 5492 544 5558 '53;
579 5509 691 5557 xu,
726 5494 790 5559 9;
823 5492 945 5547 Act.
972 5508 1130 5560 χχιιι,
1164 5492 1265 5558 55;
1295 5491 1526 5560 Philipp.
1561 5506 1599 5557 ι,
1636 5490 1721 5542 15.

398 5561 510 5629 (50)
534 5565 653 5619 Act.
687 5580 801 5625 xix,
836 5564 923 5617 12.

327 5631 510 5753 12(51)
541 5632 676 5688 Luc.
707 5649 822 5701 XIX,
846 5633 952 5701 9.0;
983 5630 1141 5688 Joan.
1183 5646 1263 5700 ιι,
1288 5630 1387 5699 41;
1421 5646 1513 5698 xx,
1544 5629 1574 5682 7
1600 5648 1613 5701 ;
1641 5630 1758 5685 Act.
1787 5646 1899 5698 XIX,

400 5772 511 5839 (52)
540 5771 713 5827 Marc.
745 5787 820 5836 vr,
847 5772 940 5828 27.

402 5842 510 5914 (55)
537 5843 676 5899 Joan
730 5860 844 5909 snt,
877 5844 959 5899 19.

2008 4734 2175 4794 gestae
2203 4741 2328 4781 cum
2355 4727 2525 4783 totius
2551 4728 2765 4783 itineris
2788 4730 3021 4791 ratione,
3056 4730 3111 4784 in
3142 4732 3347 4787 recenti
3374 4733 3591 4792 ﬁdelius

2008 4818 2328 4873 inhaeserint
2350 4820 2637 4875 memoria.
2661 4819 2788 4876 lllos
2812 4831 2993 4875 autem
3027 4822 3196 4878 fuisse
3224 4822 3505 4882 Philonem
3536 4841 3591 4885 et

2007 4907 2443 4979 Agathopodem,
2474 4924 2711 4979 quorum
2744 4912 2996 4965 meminit
3026 4913 3412 4971 sanctissimus
3438 4934 3590 4974 mar-

2009 5009 2098 5071 tyr
2126 5000 2181 5053 in
2204 4998 2467 5069 Epistolis
2493 4999 2560 5054 ad
2610 4998 2923 5071 Smyrnaaos
2954 5001 3067 5072 (59)
3101 5012 3156 5057 et
3199 5004 3267 5059 ad
3313 5003 3589 5062 Philadel-

2010 5091 2248 5162 phenses
2275 5091 2410 5163 (60),
2438 5092 2585 5147 hunc
2617 5091 2994 5156 Antiochense,
3024 5093 3180 5149 illum
3203 5110 3336 5151 vero
3362 5095 3590 5155 Tarsen-

2081 5208 2195 5278 (51)
2228 5206 2539 5284 Blackwall.
2571 5208 2793 5284 Auctor.
2827 5225 2969 5284 ερον.
3005 5208 3168 5268 class.
3183 5214 3382 5284 defens.
3403 5221 3533 5268 tom.
3561 5215 3577 5269 Ι

2078 5288 2220 5349 part.
2231 5294 2293 5349 λ,
2330 5293 2450 5347 cap.
2474 5279 2537 5349 1,
2569 5279 2597 5349 ᾗ
2639 5279 2691 5343 5,
2733 5294 2785 5349 p.
2816 5278 2906 5349 48.

2083 5294 2220 5349 part.
2254 5294 2293 5341 ι,
2330 5294 2450 5347 cap.
2485 5294 2537 5341 ι,
2569 5294 2597 5349 3
2639 5294 2691 5343 5,
2816 5294 2906 5332 ιδ.

2083 5350 2198 5420 (55)
2229 5347 2429 5420 Euseb.
2463 5347 2605 5420 Hist.
2640 5364 2725 5420 ccc
2754 5348 2920 5420 .,Alib.
2956 5364 3039 5410 ιιι.
3066 5364 3186 5419 cap.
3211 5348 3302 5420 56.

2080 5417 2195 5489 (56)
2221 5418 2422 5475 Smith.
2454 5417 2664 5489 praefat.
2697 5419 2752 5472 in
2783 5418 2904 5473 Act.
2938 5417 3165 5489 martyr.
3196 5418 3256 5476 S.
3281 5418 3497 5491 Iguat.,
3529 5436 3586 5493 p.

2006 5491 2195 5629 42(57)
2223 5556 2342 5629 Act.
2381 5567 2603 5629 martyr.
2637 5556 2844 5627 Ignat.,
2874 5573 2996 5627 cap.
3021 5558 3075 5612 5.

2087 5626 2201 5699 (58)
2233 5626 2392 5699 lbid.,
2425 5626 2545 5699 cap.
2580 5628 2630 5682 7.

2086 5696 2199 5770 (59)
2233 5698 2406 5771 lgnat.
2440 5696 3175 5771 EpistaadSmyrnqicapp.
3205 5698 3272 5756 10
3295 5709 3350 5757 et
3378 5700 3467 5758 15.

2086 5767 2200 5840 (60)
2233 5767 2310 5824 Id.
2339 5769 2407 5823 ad
2439 5768 2795 5839 Philadelph.,
2831 5785 2951 5840 cap.
2986 5769 3071 5824 11.
