4134 6392
533 394 637 448 579

1600 391 1659 445 S.
1699 386 2046 445 IGNATIUS.
2080 413 2151 425 —
2190 381 2724 439 PROLEGOME‘NA.

3692 387 3796 443 580

531 512 608 565 sis
649 510 908 567 Ecclesia:
957 512 1287 578 diaconum,
1334 512 1493 566 vix’a
1541 526 1818 581 quoquam
1872 507 2111 561 dubitari
2144 509 2189 565 Α
2219 506 2401 559 tentia:
2446 506 2501 559 in
2553 521 2698 560 anno
2744 504 3056 561 deﬁniendo
3102 522 3213 577 quo
3265 506 3538 579 gloriosus
3590 518 3799 578 martyr

530 612 625 657 aut
648 613 825 671 potest
860 612 955 657 aut
987 605 1169 658 debet.
1204 623 1222 655 ι
1259 602 1534 657 Hactenus
1567 603 1650 655 vir
1696 600 1979 665 eruditus;
2016 597 2116 667 qui

529 705 585 750 et
637 700 900 754 adversus
947 700 1170 764 Riveti,
1230 699 1494 753 Blondelli
1556 698 1900 765 aliorumque
1955 695 2118 750 cavil-

531 789 802 854 lationes,
858 792 1117 861 pleraque
1170 790 1355 845 subdit
1408 790 1551 844 lectu
1595 790 1761 860 digna
1810 790 1878 844 de
1921 787 2118 842 itinere

533 883 790 939 instituto
849 896 1012 955 atque
1066 887 1125 940 in
1188 887 1379 942 iisdem
1436 886 1591 941 Actis
1642 886 1939 941 recensita.
1984 884 2119 949 Qui-

531 976 634 1029 bus
666 985 845 1029 tamen
900 992 1072 1029 unum
1125 976 1323 1031 addere
1379 976 1571 1038 liceat,
1636 975 1852 1031 Philoni
1910 976 2120 1030 scilicet

532 1070 587 1114 et
623 1062 963 1131 Agathopodi
1008 1062 1412 1133 adjungcndum
1452 1063 1647 1117 saltem
1693 1063 2016 1117 nominatim
2061 1073 2117 1118 et

530 1152 787 1217 Crocum,
817 1154 910 1222 qui
935 1165 1186 1209 sanctum
1215 1165 1510 1226 martyrem
1546 1154 1777 1209 Romam
1807 1171 1982 1225 usque
2017 1172 2111 1210 as-

530 1253 771 1299 sectatus
815 1244 985 1299 fuisse
1028 1245 1367 1313 perhibetur.
1420 1246 1549 1315 Ejus
1579 1246 1727 1301 enim
1776 1246 2027 1301 meminit
2057 1247 2114 1301 in

544 1335 774 1404 epistola
810 1336 877 1389 ad
926 1334 1207 1391 Romanos
1262 1337 1349 1391 bis
1387 1338 1566 1393 verbis
1618 1338 1773 1407 (6i):
1826 1339 2028 1409 Γράφω
2055 1338 2114 1390 δὲ

531 1428 658 1497 ὑμῖν
683 1426 855 1479 ταῦτα
883 1428 989 1481 ἀπὸ
1020 1428 1292 1500 Σμύρνης.
1324 1430 1478 1482 Ἔστι
1508 1430 1563 1482 δὲ
1591 1431 1685 1483 καὶ
1716 1430 1832 1501 ἅμα
1861 1431 1983 1501 ἐμοὶ
2018 1432 2115 1483 σὺν

529 1518 706 1580 ἄλλοις
734 1518 946 1581 πολλοῖς
971 1520 1184 1591 Κρόκος
1210 1520 1272 1572 τὸ
1302 1520 1536 1591 ποθητόν
1572 1538 1662 1590 μοι
1696 1519 1886 1590 ὄνομα.
1939 1520 2112 1573 Porro

531 1612 640 1665 lucc
673 1612 845 1666 scribo
871 1613 1016 1666 vobis
1040 1629 1066 1665 e
1097 1611 1397 1681 Smyrna...
1428 1612 1526 1665 Est
1556 1622 1733 1666 autem
1758 1628 1959 1665 mecum
1989 1628 2110 1665 cum

532 1702 656 1754 aliis
704 1701 888 1755 multis
932 1710 981 1755 et
1014 1700 1235 1769 Crocus,
1286 1704 1647 1757 desideratum
1694 1702 1824 1755 mihi
1880 1714 2112 1755 nomen:

533 1803 593 1847 ut
627 1796 853 1863 proinde
894 1795 1116 1865 quinam
1159 1810 1255 1849 seu
1283 1803 1545 1864 quotnam
1579 1795 1695 1849 hate
1734 1794 1869 1848 Acta
1898 1793 2108 1847 descri-

2218 593 2459 665 lgnatius
2486 597 2763 652 occubuit.
2802 597 2910 653 Has
2956 598 3101 653 inter
3141 598 3265 652 duae
3314 599 3642 653 celebriorcs
3685 600 3798 653 cir-

2216 686 2599 741 cumferuntur
2627 704 2640 740 :
2675 704 2909 758 quarum
2941 690 3111 744 altera
3140 690 3465 758 martyrium
3491 689 3621 744 illud
3646 706 3795 745 anno

2214 777 2420 833 Christi
2450 778 2569 842 116,
2595 780 2764 834 altera
2793 795 2938 834 anno
2972 781 3072 834 107
3104 781 3420 851 illigandum
3467 784 3677 837 statuit.
3729 782 3796 836 Et

2213 872 2451 942 priorem
2474 872 2694 941 quidem
2735 871 3067 928 Pearsonius
3112 874 3445 943 excogitavit
3487 889 3772 944 pr0pugna

2216 966 2402 1035 vitque
2448 964 2503 1018 in
2545 964 2929 1019 dissertatione
2974 966 3264 1034 posthuma
3303 965 3368 1018 de
3409 982 3549 1019 anno
3587 982 3690 1036 quo
3733 965 3793 1020 S.

2219 1058 2466 1128 Ignatiits
2504 1074 2539 1111 a
2583 1055 2817 1125 Trojano
2841 1056 3137 1111 Antiochiae
3172 1058 3242 1110 ad
3292 1057 3487 1111 bestias
3514 1068 3630 1112 erat
3671 1076 3798 1112 con-

2214 1149 2515 1211 demnatus,
2547 1164 2578 1202 a
2614 1148 2826 1205 Thema
2864 1149 3077 1203 Smitho
3120 1149 3176 1203 in
3229 1164 3386 1204 suam
3423 1147 3795 1207 Oxonienscm

2217 1242 2511 1297 editionem
2533 1242 2870 1312 lgnatianam
2900 1242 3135 1311 primum
3183 1244 3511 1312 conjectam.
3559 1242 3793 1299 Pearso-

2219 1334 2313 1389 nio
2355 1349 2481 1389 niox
2524 1336 2755 1390 accessit
2802 1334 3127 1391 Guillelmus
3172 1336 3414 1408 Loydius
3457 1338 3511 1392 in
3560 1337 3798 1393 diatriba

2216 1428 2459 1498 ejusdem
2492 1428 2823 1497 argumenti,
2855 1444 3021 1498 quam
3061 1428 3231 1484 edidit
3252 1439 3418 1499 atque
3457 1432 3759 1499 comproba
3780 1461 3798 1475 -

2216 1522 2295 1575 vit
2322 1520 2596 1574 Antonius
2623 1518 2823 1590 Pagius
2854 1522 2967 1593 (67)
2998 1540 3010 1575 :
3046 1537 3253 1591 eosque
3278 1524 3449 1577 secuti
3486 1534 3614 1579 sunt
3639 1524 3797 1578 dein-

2216 1625 2347 1679 ceps
2372 1607 2629 1674 Grabius,
2661 1608 2907 1665 Smithus
2945 1619 2999 1665 et
3028 1609 3358 1681 Lequienius
3388 1613 3523 1678 (68).
3559 1614 3797 1669 lnhaaret

2219 1710 2399 1754 autem
2433 1701 2548 1755 haec
2574 1702 2842 1756 sententia
2873 1701 3100 1757 Joannis
3130 1702 3335 1759 Malalaa
3367 1705 3421 1758 in
3466 1705 3657 1774 primis
3698 1722 3798 1761 au-

2216 1792 2476 1857 ctoritati,
2526 1794 2823 1847 asserentis
2871 1793 2983 1864 (69)
3026 1811 3132 1865 quo
3184 1805 3415 1864 tempore
3466 1806 3796 1852 terraamotus

531 1858 760 1954 pse-rint,
791 1858 1016 1957 pror’sus
1044 1903 1143 1941 nos
1171 1888 1352 1942 lateat.
1392 1886 1778 1941 verumtamen
1808 1902 1998 1941 eorum
2026 1886 2110 1940 in-
2146 1858 2187 1915 Β
2214 1881 2513 1934 Antiochia:
2571 1882 2788 1945 accidit,
2836 1884 3149 1950 imperatore
3205 1884 3320 1937 illic
3372 1885 3546 1939 adhuc
3590 1898 3792 1956 agente,

534 1981 770 2049 tegritati
809 1983 1035 2036 minime
1062 1982 1306 2035 onmium
1338 1981 1389 2035 id
1424 1982 1639 2037 otIicere
1677 1982 1835 2052 plane
1870 1989 2107 2047 constat,

533 2088 659 2125 eum
700 2082 752 2127 et
787 2074 893 2127 alia
926 2074 1085 2142 plura
1116 2083 1419 2144 martyrum
1451 2076 1585 2129 Acta
1623 2075 1835 2131 sincera
1859 2076 1983 2143 quis
2015 2075 2111 2128 lit-

532 2166 667 2218 teris
708 2166 1045 2234 consignarit
1070 2208 1083 2231 ,
1121 2166 1442 2236 plerumque
1471 2167 1809 2236 ignoremus.
1849 2164 2110 2220 Nonnulli

532 2256 750 2325 quidem
780 2258 973 2310 horum
1000 2259 1261 2312 Actorum
1298 2260 1583 2313 veritatem
1626 2274 1943 2329 oppugnare
1984 2266 2113 2313 sunt

533 2351 801 2419 aggressi,
835 2367 975 2421 quos
1009 2354 1148 2406 inter
1170 2353 1378 2423 primas
1406 2352 1549 2408 ferre
1576 2355 1913 2424 comperitur
1940 2352 2113 2408 Oudi-

532 2456 637 2495 nus
665 2456 676 2491 :
719 2442 839 2509 ejus
869 2443 1014 2495 enim
1060 2443 1395 2496 conlidentia
1423 2458 1487 2497 eo
1512 2459 1687 2511 usque
1717 2445 2005 2511 processit,
2051 2453 2114 2498 ut

533 2530 593 2586 8.
624 2531 889 2601 lgnatium
924 2535 1228 2588 Antiochia:
1257 2535 1311 2588 in
1355 2551 1487 2604 pace
1529 2535 1834 2591 decessisse
1861 2538 2112 2605 conjece-

533 2624 607 2677 rit
648 2624 796 2693 (62);
848 2624 1114 2695 Scaligeri
1160 2625 1300 2680 forte
1342 2627 1619 2681 dubietate
1665 2636 1968 2696 permotus,
2020 2629 2112 2698 qui

534 2714 666 2767 olim
691 2715 903 2769 edoceri
941 2716 1159 2784 petebat
1207 2732 1306 2771 cur
1348 2716 1570 2770 demum
1604 2715 1845 2784 lgnatius
1878 2732 1910 2772 e
1954 2718 2110 2790 Syria

534 2806 702 2861 fuerit
733 2806 960 2861 Romam
1000 2808 1269 2862 deductus
1313 2808 1446 2879 (63).
1497 2807 1702 2862 Verum
1737 2808 1937 2864 Oudini
1981 2828 2112 2865 sen-

534 2901 785 2963 tentiam,
812 2913 975 2967 quam
1002 2897 1145 2951 haud
1176 2899 1250 2952 ita
1275 2900 1483 2968 pridem
1509 2898 1867 2954 Heumannus
1891 2916 2113 2971 quoque

536 2990 863 3045 instauravit
890 2990 1025 3059 (64),
1053 2989 1300 3046 funditus
1330 2991 1524 3045 evertit
1550 2991 1635 3045 vir
1659 2991 1856 3047 doctus
1886 2990 1997 3063 (65)
2019 3008 2115 3048 su-

536 3082 725 3152 perius
756 3082 918 3137 nobis
942 3082 1218 3135 laudatus.

1147 3254 1379 3311 CAPUT
1422 3254 1512 3311 Vl.

542 3393 615 3447 De
634 3399 865 3467 tempore
888 3408 991 3462 quo
1021 3404 1235 3467 sanctus
1264 3406 1472 3467 martyr
1512 3414 1703 3464 passus
1750 3398 2113 3467 existimatur,

610 3464 729 3539 (tum
750 3462 997 3539 feruntur
1022 3463 1327 3539 celebriores
1353 3462 1624 3521 sententia:
1652 3486 1669 3521 :
1700 3485 1925 3539 quarum
1944 3462 2117 3524 altera

608 3531 840 3599 ejusdem
878 3536 1197 3601 martyrium
1230 3552 1369 3591 anno
1417 3539 1538 3601 116,
1589 3531 1759 3593 altera
1807 3540 1908 3592 107
1940 3543 2116 3594 consi-

609 3615 756 3676 gnat.
795 3601 1070 3676 Posterior
1091 3675 1100 3676 η
1112 3606 1279 3673 priori
1306 3608 1637 3676 pra'ferenda
1668 3611 1876 3663 videtur
1898 3626 1916 3663 :
1954 3612 2117 3665 adeo-

606 3688 713 3751 que
733 3673 843 3737 ipso
871 3690 1008 3751 anno
1046 3675 1147 3727 107
1173 3673 1446 3751 currente,
1476 3682 1689 3746 scriptm
1717 3681 1983 3733 ducuntur
2011 3684 2117 3751 epi-

608 3741 762 3795 stolv:
792 3745 1135 3819 [gnatianwg
1170 3747 1304 3800 Acta
1332 3741 1449 3801 vero
1490 3741 1758 3819 martyrii,
1792 3767 1931 3803 anno
1975 3741 2118 3805 inse-

610 3822 797 3881 quente
829 3814 930 3866 108
960 3813 1151 3868 litteris
1180 3820 1432 3871 mandata
1460 3813 1753 3875 censentur.

609 3963 877 4020 Caeterum
906 3967 1001 4021 alii
1034 3967 1376 4025 cordatiores
1406 3972 1582 4027 critici
1608 3990 1742 4043 pura
1774 3983 1829 4029 et
1855 3992 2116 4045 germana

542 4055 732 4109 eadem
765 4055 896 4110 Acta
926 4074 1051 4112 esse
1083 4068 1350 4126 statuunt,
1391 4079 1567 4132 neque
1602 4066 1727 4133 jure
1772 4082 1805 4120 a
1836 4083 2115 4137 quoquam

542 4146 909 4203 sollicitanda.
952 4147 1018 4204 Et
1059 4149 1135 4204 illi
1167 4150 1389 4221 quidem
1424 4155 1760 4224 paucissima
1804 4167 2014 4214 tantum
2061 4161 2115 4215 in

542 4241 612 4295 iis
640 4240 773 4293 vitio
804 4241 1154 4296 librariorum
1192 4255 1450 4315 corrupta
1483 4248 1654 4303 fuisse
1684 4251 2017 4320 conjectant,
2052 4270 2115 4309 ea

541 4332 845 4401 praesertim
879 4348 1001 4401 qua:
1037 4334 1103 4388 ad
1136 4350 1309 4391 annos
1345 4338 1557 4407 imperii
1584 4338 1804 4410 Trajani
1827 4352 1882 4396 et
1907 4359 2112 4400 consu-

542 4422 656 4476 lum
712 4424 1045 4477 notationem
1100 4435 1398 4494 spectant:
1446 4429 1500 4482 lii
1563 4446 1735 4497 vero,
1797 4432 1922 4488 licet
1969 4435 2113 4491 haud

2215 1977 2477 2043 martyrio
2507 1990 2819 2030 coronatum
2850 1994 2960 2033 esse
2984 1978 3043 2033 S.
3077 1978 3353 2050 Ignatium
3375 1983 3673 2050 episcopum
3696 1986 3798 2036 An-

2216 2065 2533 2119 tiochenam.
2608 2067 2988 2139 Ἐμαρτύρησε
3056 2069 3111 2122 δὲ
3168 2071 3261 2123 ἐπὶ
3316 2070 3481 2135 αὑτοῦ
3546 2074 3574 2125 ὁ
3642 2074 3798 2140 ἅγιος

2227 2158 2519 2225 Ἰγνάτιος,
2591 2163 2620 2213 ὁ
2683 2160 2978 2223 ἐπίσκοπος
3038 2162 3137 2232 τῆς
3186 2163 3391 2226 πόλεως
3447 2163 3796 2236 Ἀντιοχείας.

2216 2245 2378 2304 Istius
2408 2264 2538 2303 vero
2568 2258 2909 2306 terratmotus
2938 2252 3286 2308 characteres
3308 2254 3623 2323 hujusmodi
3666 2272 3801 2326 pro-

2217 2336 2323 2390 fert
2358 2338 2520 2406 paulo
2548 2348 2674 2392 ante
2696 2339 2837 2393 idem
2859 2351 3051 2395 auctor
3078 2360 3091 2395 :
3126 2342 3249 2395 Ἐπὶ
3277 2343 3375 2414 τῆς
3406 2344 3683 2414 βασιλείας
3703 2346 3797 2400 τοῦ

2216 2427 2495 2481 θειοτάτου
2526 2429 2819 2500 Τραϊανοῦ,
2852 2429 3051 2482 ἔπαθεν
3091 2430 3389 2503 Ἀντιόχεια
3431 2436 3464 2505 ή
3494 2436 3723 2508 μεγάλη,
3764 2440 3799 2508 ἠ

2215 2518 2355 2587 πρὸς
2378 2519 2616 2589 Δάφνην,
2660 2518 2721 2571 τὸ
2770 2520 2953 2593 τρίτον
2996 2522 3169 2591 αὐτῆς
3198 2522 3391 2588 πάθος,
3438 2528 3566 2597 μηνὶ
3604 2528 3800 2581 Ἀπελ-

2214 2608 2350 2679 λαίῳ
2371 2609 2449 2679 τῷ
2474 2611 2567 2663 καὶ
2585 2613 2928 2684 Δεκεμὸρίῳ,
2958 2618 3001 2668 ll
3022 2617 3152 2685 (leg.
3188 2618 3279 2671 ΚΓ
3281 2619 3314 2689 ’)
3350 2621 3555 2692 ἡμέρᾳ,
3581 2622 3671 2688 Α.,
3706 2641 3804 2693 με-

2214 2699 2283 2752 τὰ
2312 2699 2665 2771 ἀλεκτρυόνα,
2698 2701 2850 2766 ἔτους
2872 2705 3301 2777 χρηματίζοντος
3330 2710 3468 2761 ΡΞΔ¹
3492 2712 3635 2765 κατὰ
3676 2716 3804 2777 τοὺς

2228 2792 2536 2863 Ἀντιοχεῖς.
2599 2795 2944 2851 Divinissimo
2997 2799 3228 2869 Trajano
3298 2803 3624 2872 imperante,
3688 2816 3793 2861 ter-

2216 2881 2348 2934 tiam
2380 2899 2533 2935 suam
2565 2884 2928 2941 calamitatem
2974 2906 3132 2959 passa
3172 2902 3251 2945 est
3281 2909 3475 2963 magna
3521 2897 3805 2951 Antiochia

2216 2972 2284 3023 ad
2316 2971 2569 3041 Daphnen
2605 2966 2731 3042 sitit,
2764 2994 2938 3032 mense
2966 2980 3200 3049 Apelleo
3231 2999 3320 3037 seu
3362 2983 3671 3052 Decembri,
3712 2988 3801 3041 die

2218 3062 2463 3116 vicesima
2495 3066 2672 3130 tertia,
2704 3067 2839 3135 feria
2881 3070 3074 3137 prima,
3125 3083 3243 3139 post
3272 3074 3622 3143 gallicinium,
3659 3095 3802 3132 anno

2218 3166 2342 3205 cra:
2371 3153 2709 3210 Antiochena:
2732 3172 2921 3225 currv,
2990 3162 3085 3229 qui
3124 3177 3302 3218 annus
3333 3166 3500 3234 erepit
3533 3182 3565 3221 a
3597 3166 3790 3223 Kalen-

2218 3241 2304 3296 dis
2334 3242 2748 3312 Septembribus
2778 3249 2905 3302 anni
2938 3264 3060 3303 terte
3093 3252 3331 3321 vulgaris
3362 3270 3485 3309 cxv.

2289 3332 2384 3388 llle
2435 3336 2602 3405 igitur
2631 3345 2974 3395 terraeinotus
3010 3343 3113 3397 sub
3158 3344 3321 3399 tinem
3370 3347 3618 3416 ejusdem
3668 3351 3800 3405 anni

2220 3425 2325 3479 115
2357 3428 2621 3497 contigit,
2666 3428 2755 3485 die
2801 3433 3012 3489 scilicet
3059 3435 3446 3507 subsequentis
3486 3440 3801 3497 Decembris

2219 3516 2481 3587 vigesima
2499 3516 2677 3587 tertia,
2698 3520 2751 3575 in
2776 3521 2968 3578 feriam
2993 3526 3225 3595 primam
3266 3527 3567 3597 incidente;
3608 3529 3802 3602 Traja-

2218 3624 2463 3680 nutnque
2492 3612 2693 3667 ibidem
2726 3613 3083 3684 biemantem,
3110 3624 3248 3673 teste
3275 3618 3447 3674 Dione
3476 3620 3614 3691 (70),
3660 3638 3801 3692 pene

2218 3705 2514 3772 oppressit.
2557 3705 2694 3762 Cum
2724 3720 2907 3764 autem
2936 3710 3240 3767 idololatris
3267 3716 3321 3767 in
3358 3730 3510 3770 more
3555 3716 3793 3785 positum

2217 3804 2363 3851 esset
2393 3796 2448 3849 in
2472 3796 2910 3855 Christianorum
2932 3803 3203 3857 excidium
3228 3806 3531 3861 calumnias
3562 3818 3796 3875 struere,

2218 3888 2439 3956 illisque
2472 3890 2710 3946 maxime
2739 3893 2984 3947 omnium
3018 3896 3264 3964 publicas
3294 3900 3633 3955 calamitates
3668 3917 3798 3970 pas—

2219 3979 2321 4033 sim
2358 3981 2650 4047 ascribere,
2683 3983 2811 4038 inde
2833 3986 3098 4057 colligunt
3141 3991 3305 4045 modo
3351 3992 3555 4046 laudati
3597 3995 3797 4059 critici,

2220 4086 2366 4126 anno
2393 4072 2491 4127 116
2521 4073 2765 4142 ineunte,
2805 4076 3102 4148 Trajanum
3137 4084 3389 4151 proximo
3421 4100 3546 4140 vere
3575 4086 3628 4139 in
3661 4084 3799 4141 Par-

2219 4166 2344 4221 thos
2390 4167 2691 4222 exercitum
2743 4170 3076 4239 ducturum,
3136 4175 3192 4229 in
3236 4176 3505 4245 judicium
3568 4191 3799 4233 vocasse

2218 4254 2507 4327 lgnatium,
2537 4260 2805 4316 illustrem
2838 4264 3278 4321 Christianorum
3310 4268 3366 4321 in
3414 4268 3569 4339 Syria
3609 4269 3800 4325 docto-

2220 4364 2357 4414 rem,
2395 4349 2655 4420 illumque
2701 4352 2879 4421 palam
2919 4354 3200 4411 Christum
3249 4358 3595 4413 conﬁtentem
3626 4375 3797 4427 seque

2220 4437 2286 4492 de
2313 4441 2698 4509 superstitione
2721 4443 3122 4515 objurgantem,
3155 4448 3223 4503 ad
3247 4448 3448 4506 bestias
3477 4451 3798 4507 damnatum

544 4512 1053 4567 emendatissimum
1074 4524 1348 4569 vetustum
1372 4516 1478 4572 hoc
1495 4533 1911 4576 monumentum
1944 4539 2113 4594 agno-
2147 4546 2192 4602 ο
2220 4528 2447 4586 Romam
2469 4532 2594 4588 duci
2615 4512 2849 4605 jussisse
2865 4512 3019 4607 :uno
3040 4512 3261 4597 demum
3283 4559 3406 4599 cum
3430 4553 3549 4614 post
3575 4545 3797 4615 longum

545 4611 723 4667 scant,
754 4604 821 4657 ad
851 4614 1064 4674 tempus
1094 4614 1276 4660 tamen
1305 4607 1360 4661 in
1398 4623 1464 4662 eo
1496 4609 1767 4680 signatum
1802 4616 1949 4683 quod
1984 4619 2112 4671 atti-

546 4704 656 4759 net,
694 4696 963 4765 integrum
994 4711 1116 4751 esse
1163 4713 1228 4752 ac
1258 4700 1555 4767 genuinum
1600 4703 1920 4761 decernunt.
1963 4706 2114 4765 Unus

543 4782 777 4838 Grabius
812 4786 1023 4853 potiora
1048 4786 1246 4841 horum
1284 4788 1548 4843 Actorum
1580 4794 1757 4863 capita
1795 4797 1944 4852 velut
1992 4801 2111 4855 sin-

544 4892 669 4930 cera
720 4876 989 4947 recipiens
1041 4878 1191 4949 (66),
1238 4891 1571 4950 postremam
1626 4896 1834 4955 partem
1882 4894 2112 4947 omnino

544 4970 789 5039 spuriam
816 4976 871 5023 et
907 4969 977 5023 ab
1010 4968 1403 5041 interpolatore
1423 4975 1661 5044 quodam
1686 4989 1931 5036 assutam
1966 4985 2116 5039 arbi-

543 5069 738 5116 tratur.

619 5151 754 5207 llinc
783 5154 967 5221 itaque
995 5162 1129 5210 orta:
1159 5155 1323 5210 variae
1354 5156 1597 5215 virorum
1619 5164 1963 5220 eruditorum
1989 5182 2116 5223 sen-

611 5309 723 5384 (61)
752 5308 924 5384 lgnat.
956 5312 1032 5384 ad
1062 5311 1237 5381 Rom.,
1263 5329 1384 5384 cap.
1417 5315 1504 5370 10.

613 5379 949 5501 (ῗέὲυυθίη.
993 5379 1283 5439 Comment.
1330 5379 1392 5439 ile
1430 5388 1679 5457 scriptor.
1729 5392 1939 5458 eccles.,
1985 5404 2023 5448 t.
2060 5394 2100 5460 l,

666 5467 697 5501 ο
742 5489 752 5500 .

614 5484 948 5589 (θξῗὸοίιιίς.
982 5522 1261 5595 ᾼζιζηιαιίυ.
1303 5524 1357 5577 in
1402 5524 1593 5581 Euseb.
1622 5528 1843 5595 C/iron.,
1876 5532 1945 5585 ad
1970 5549 2103 5588 ann.

540 5603 809 5660 ιυεχίχιι-ι)
841 5605 960 5660 pag.
987 5592 1112 5647 207.

538 5740 575 5795 υ
758 5656 1055 5717 Heumann.
1080 5661 1351 5732 Conspect.
1386 5665 1516 5734 reip.
1548 5666 1737 5733 litter.,
1763 5685 1811 5724 c.
1839 5670 1891 5736 7,
1920 5670 1947 5741 §
1977 5688 2101 5740 va,

580 5765 593 5778 .
696 5746 746 5781 ο.

580 5765 593 5778 .
624 5746 746 5781 430.

609 5796 723 5870 (65)
752 5797 1019 5856 Mamach.
1051 5802 1293 5875 Origtnn.
1334 5815 1382 5859 et
1419 5805 1618 5876 antiqq.
1662 5805 1895 5878 Clirist.,
1942 5819 1980 5867 t.
2012 5810 2101 5884 IV,

2220 4621 2321 4675 iter
2353 4625 2712 4694 pervenisset,
2744 4631 2933 4684 eodem
2965 4647 3109 4686 anno
3138 4634 3239 4687 116
3271 4635 3573 4701 desinente,
3610 4637 3700 4692 die
3725 4637 3799 4691 20

2221 4711 2559 4779 Decembris,
2590 4728 2647 4770 ut
2665 4716 2784 4786 ejus
2801 4720 2936 4775 Acta
2968 4731 3235 4779 testantur
3260 4726 3396 4796 (71),
3424 4729 3685 4798 martyrio
3713 4737 3800 4784 est

2221 4816 2536 4860 coronatus.
2568 4806 2779 4873 Quibus
2818 4813 3033 4881 positis,
3074 4818 3288 4886 scripta:
3329 4828 3459 4874 sunt
3502 4836 3633 4891 ergo
3676 4823 3799 4891 epi-

2219 4895 2373 4949 stola:
2404 4894 2715 4966 lgnatianaa,
2751 4902 2819 4955 ad
2868 4914 3104 4959 mentem
3135 4908 3519 4976 praedictorum
3554 4914 3801 4967 erudito-

2219 5002 2363 5052 rum,
2401 4988 2591 5043 eodem
2625 5007 2769 5046 anno
2797 5010 2919 5048 {BHE
2947 4997 3182 5067 vulgaris
3213 5001 3337 5068 116,
3368 5001 3613 5073 Actaque
3650 5019 3802 5059 mar-

2219 5082 2345 5153 tyrii
2377 5098 2520 5138 anno
2544 5084 2863 5154 insequente
2892 5090 2993 5143 117
3023 5092 3217 5148 litteris
3242 5096 3582 5165 consignata.

2291 5171 2574 5229 Posterior
2603 5192 2731 5231 vero
2768 5181 3061 5249 sententia,
3105 5198 3268 5252 quam
3300 5201 3411 5255 prae
3446 5188 3660 5245 caeteris
3702 5204 3798 5245 as-

2225 5342 2405 5540 “(33;
2415 5342 2585 5456 3:13;.
2622 5402 2866 5477 Spicileg.
2903 5407 3004 5463 ss.
3030 5409 3171 5476 PP.,
3206 5421 3338 5471 tom.
3368 5414 3435 5482 ll,
3470 5432 3525 5486 p.
3559 5417 3653 5473 22.

2306 5468 2395 5540 67)
2435 5471 2586 5540 Pagi.
2623 5477 2833 5540 Lritic.,
2858 5480 2922 5532 ad
2956 5496 3085 5534 ann.
3119 5484 3242 5540 107.
3279 5486 3304 5540 ὅ
3342 5503 3387 5539 tv
3416 5504 3532 5540 seu.

2435 5468 2837 5556 {’agi.'(.'ritinc.:
2858 5480 3085 5556 adann.
3119 5468 3242 5549 107,
3279 5468 3532 5556 §iiéeﬁL

2438 5539 2705 5621 Requieg.
2737 5539 2833 5600 0r.
2871 5547 3097 5621 Christ.,
3138 5539 3373 5621 [Olli.u”,
3553 5557 3675 5611 701.

2306 5610 2396 5697 ea)
2436 5610 2613 5697 natat.
2642 5614 2932 5697 σιινρτερθν.
2955 5620 3050 5676 lib.
3084 5610 3165 5691 su,
3183 5627 3284 5681 sub
3315 5610 3465 5694 itiit.,
3482 5610 3537 5697 .5.
3561 5610 3643 5685 ιιι.
3668 5610 3794 5688 117.

2309 5681 2396 5754 70)
2439 5682 2557 5754 Dio,
2594 5700 2715 5754 pag.
2756 5681 2876 5740 782'.

2285 5749 2397 5819 (71)
2436 5752 2556 5807 Act.
2592 5749 2814 5826 martyr.
2850 5756 3029 5829 Ignat.
