4134 6386
321 406 419 462 581

1437 406 1737 463 ΑΝΒΒΕΕ
1784 401 2152 462 GALLANDII
2189 402 2553 461 PROOEMIA.

3468 398 3573 452 532

319 543 539 584 seruere
583 527 686 583 viri
741 527 1086 596 doctissimi,
1145 527 1402 584 Usserius
1426 569 1441 595 ,
1508 527 1892 582 Tillemontius
1922 533 1966 587 Α
1997 527 2189 579 dat‘um
2235 525 2478 579 Historia
2517 524 2631 594 (80)
2674 522 2983 577 Parthicam
3014 521 3233 593 Trajani
3270 520 3571 590 expeditio-

318 628 482 688 atquc
532 635 706 689 nuper
760 618 1076 685 Corsinius,
1125 634 1269 674 anno
1315 619 1521 675 Christi
1574 618 1711 686 107,
1753 618 1891 674 Tra-

272 736 277 742 “
314 710 432 778 jani
484 726 537 775 x,
592 710 652 763 S.
698 710 889 780 lguatii
935 712 1258 781 martyrium
1307 712 1508 782 illigat,
1556 712 1893 780 sincerisque

320 804 472 858 Actis
516 801 815 870 lgnatianis
844 804 1003 858 inniti
1051 804 1397 873 potissimum
1435 805 1789 874 comperitur.
1835 802 1892 858 In

318 893 409 946 his
456 892 602 946 enim
659 892 891 962 legimus
921 894 1067 963 (72),
1121 893 1417 964 Trajanum
1465 894 1714 950 confecto
1753 895 1894 949 bello

318 982 542 1047 Dacico,
566 986 776 1054 imperii
804 986 887 1039 sui
912 1001 1051 1039 anno
1093 1004 1179 1052 rx,
1224 986 1428 1057 ὲννάτῳ
1458 986 1566 1039 ἔτει
1582 987 1682 1057 τῆς
1725 986 1892 1039 αὐτοῦ

319 1074 632 1143 βασιλείας,
683 1076 996 1144 festinanter
1035 1078 1299 1130 Armeniis
1338 1086 1387 1131 et
1434 1076 1655 1132 Parthis
1701 1078 1893 1133 bellant

317 1166 623 1233 illaturum,
656 1168 1026 1232 σπουδάζοντα
1047 1169 1140 1222 ἐπὶ
1177 1170 1465 1241 Ἀρμενίαν
1493 1172 1588 1225 καὶ
1617 1171 1891 1243 Πάρθους,

314 1259 422 1312 iter
450 1259 713 1314 orientale
739 1259 1062 1329 suscepisse,
1101 1261 1204 1316 sub
1248 1262 1409 1316 ﬁnem
1448 1263 1655 1317 scilicet
1695 1278 1923 1333 praece-q

312 1351 498 1405 dentis
527 1352 654 1406 anni
686 1351 825 1416 106;
864 1352 1133 1421 siquidem
1161 1368 1285 1407 cum
1319 1352 1609 1423 Trajanus,
1648 1361 1785 1409 teste
1810 1354 1895 1407 vel

312 1442 439 1510 ipso
467 1441 677 1497 Joanne
706 1442 897 1497 Malala
932 1443 1044 1515 (73)
1068 1485 1083 1511 ,
1123 1459 1311 1499 mense
1332 1443 1747 1515 Hyperberetaco
1782 1448 1898 1499 sive

311 1536 540 1592 Octobri
600 1536 774 1592 Roma
818 1536 1097 1608 digressus
1157 1546 1342 1603 esset,
1399 1536 1649 1607 proximo
1714 1545 1895 1592 autem

310 1648 508 1687 mense
536 1632 773 1702 Apellazo
809 1633 922 1687 sive
952 1631 1234 1687 Decembri
1275 1630 1578 1686 Seleuciam
1617 1630 1896 1699 pervenis-

311 1732 420 1787 set,
453 1723 801 1777 Antiochiam
831 1723 1050 1777 demum
1077 1722 1250 1794 Syriae
1299 1723 1581 1792 ingressus
1627 1732 1710 1776 est
1767 1721 1895 1792 μηνὶ

309 1813 618 1884 Αὐδυναίῳ,
648 1813 728 1883 τῷ
749 1814 844 1866 καὶ
880 1813 1220 1884 Ἰαννουαρίῳ
1242 1853 1258 1877 ,
1308 1812 1508 1885 ὲῦδόμῃ
1559 1811 1762 1882 ἡμέρᾳ,
1806 1818 1890 1875 ε’.,

1995 633 2120 672 nem
2150 634 2295 673 anno
2341 620 2516 673 solum
2574 615 2640 670 U.
2699 615 2761 671 C.
2814 615 2920 669 865
2965 624 3275 684 susceptam
3326 612 3567 682 putavit;

1993 712 2453 780 quemadmodum
2483 725 2614 765 sane
2641 708 2882 779 Leydius
2911 708 3023 776 (81)
3044 746 3059 771 ,
3091 706 3382 761 Fabrettus
3416 703 3531 773 (82)
3551 744 3568 769 ,

1993 802 2246 859 Norisius
2290 804 2443 873 (85),
2471 802 2672 873 Pagius
2709 801 2822 870 (84)
2843 844 2856 867 ,
2889 799 3188 870 Basnagius
3224 799 3338 868 (85)
3369 796 3572 865 aliique

1992 895 2213 967 plurimi
2242 892 2555 948 Parthicum
2602 893 2708 947 hoc
2752 892 2854 945 iter
2897 899 3018 960 post
3059 900 3267 943 sextum
3311 887 3571 944 consula»-

1994 995 2131 1052 tum,
2164 1000 2308 1040 anno
2341 982 2409 1039 U.
2438 983 2500 1038 C.
2540 983 2665 1047 865,
2698 998 2729 1036 a
2761 981 2996 1051 Trajano
3033 982 3216 1036 Romae
3256 990 3568 1051 susceptum

1994 1076 2287 1148 contigisse
2313 1075 2670 1130 contendunt.
2717 1072 3101 1127 Tillemontius
3124 1089 3256 1127 vero
3280 1072 3425 1141 (86),
3459 1088 3572 1140 quo

1994 1178 2138 1223 certe
2158 1181 2319 1221 nemo
2344 1166 2599 1221 subtilius
2629 1173 2793 1234 atque
2834 1168 3142 1220 accuratius
3184 1165 3325 1218 hanc
3358 1173 3571 1232 tempo-

1994 1272 2114 1310 rum
2141 1271 2435 1325 rerumque
2459 1264 2735 1325 gestarum
2770 1255 2967 1310 seriem
2992 1256 3313 1324 exploravit,
3348 1254 3568 1309 Barunii

1994 1364 2061 1402 ac
2089 1346 2296 1402 Petavii
2321 1347 2565 1418 vestigiis
2597 1348 2879 1414 insistens,
2910 1346 3217 1401 Parthicam
3263 1347 3405 1401 hanc
3434 1346 3571 1400 Tra-

1990 1438 2108 1507 jani
2141 1437 2373 1493 Caesaris
2401 1438 2801 1507 expeditionem
2831 1446 3064 1491 exeunte
3100 1452 3246 1490 anno
3272 1435 3337 1490 U.
3370 1436 3432 1491 C.
3465 1436 3573 1489 859

1998 1530 2291 1600 contigisse
2319 1530 2674 1585 demonstrat.
2722 1527 2789 1582 Ut
2828 1537 3008 1583 autem
3036 1529 3219 1582 omnia
3246 1543 3367 1597 quae
3398 1542 3428 1580 a
3456 1525 3569 1580 No-

1996 1621 2128 1675 risio
2154 1622 2476 1692 eaaterisque
2519 1624 2801 1692 proposita
2845 1622 3080 1685 fuerant,
3121 1628 3374 1674 accurate
3402 1619 3574 1688 expli-

1996 1711 2109 1765 cari
2154 1712 2427 1781 simulque
2461 1714 2713 1781 componi
2751 1712 2985 1781 possint,
3027 1710 3409 1764 Tillemontius
3455 1711 3575 1780 ipse

1997 1802 2308 1855 observavit
2356 1802 2503 1871 quod
2540 1801 2736 1871 duplex
2764 1800 2987 1871 Trajani
3039 1803 3093 1855 in
3142 1801 3416 1855 Orientem
3471 1801 3575 1855 iter

311 1903 439 1975 ὥρᾳ
464 1874 778 1976 ἡμερινῇδκ
818 1923 836 1956 ι
877 1918 1064 1959 mense
1108 1874 1387 1975 Audyuaeo
1433 1874 1549 1958 sive
1581 1874 1891 1968 'januario,
1926 1874 1967 1927 Β
1997 1894 2257 1963 distingui
2284 1894 2442 1948 debet
2472 1912 2484 1946 :
2518 1902 2579 1946 ut
2619 1894 2674 1946 in
2704 1893 2881 1961 primo
2924 1892 3142 1962 quidem
3175 1891 3443 1961 Trajanus
3472 1894 3577 1945 Ar-

312 1996 407 2051 die
432 1999 682 2065 septima,
732 1997 866 2052 feria
897 2000 1106 2067 quinta,
1151 1999 1287 2052 hora
1314 2006 1505 2067 quarta
1540 1997 1829 2051 matutina.
1869 2016 1889 2049 ι

308 2086 395 2141 Et
434 2103 554 2157 quo
598 2087 747 2143 feriae
781 2089 1018 2159 rquintae,
1078 2104 1202 2144 cum
1246 2091 1469 2157 septima
1517 2089 1604 2143 die
1650 2088 1895 2143 Januarii

309 2194 464 2233 anno
504 2196 628 2234 atrae
652 2179 977 2235 Christianae
1005 2180 1107 2234 107
1134 2180 1534 2247 concurrentis,
1580 2181 1895 2236 charactere

308 2270 525 2339 colligit
572 2267 833 2325 Usserius
869 2270 1005 2339 (74),
1062 2270 1165 2324 hoc
1216 2269 1333 2339 ipso
1383 2284 1528 2323 anno
1575 2268 1820 2334 ineunte,
1863 2282 1894 2321 a

309 2358 559 2429 Trajano
586 2360 892 2416 Antiochia:
928 2362 994 2415 ad
1036 2361 1435 2431 expeditionem
1480 2359 1791 2414 Parthicam
1836 2375 1895 2414 se

307 2464 704 2523 comparante,
754 2455 1071 2510 damnatum
1112 2455 1283 2510 fuisse
1336 2454 1394 2508 S.
1444 2452 1745 2522 lgnatium;
1801 2453 1895 2522 qui

308 2547 546 2615 proinde
594 2562 738 2601 anno
779 2548 971 2602 eodem
1014 2548 1260 2615 labente,
1312 2547 1525 2617 imperii
1567 2545 1788 2616 Trajani
1837 2561 1893 2611 x,

309 2639 405 2693 die
437 2637 753 2694 Decembris
774 2640 866 2705 ΞΟ,
910 2641 1232 2712 martyrium
1277 2639 1478 2695 subiit:
1526 2638 1770 2707 adeoque
1803 2637 1896 2691 illo

310 2731 440 2802 ipso
472 2746 617 2786 anno
671 2731 774 2785 107
815 2741 1072 2788 currente
1114 2734 1431 2803 perscriptae
1479 2733 1548 2787 ab
1585 2746 1651 2786 eo
1692 2729 1898 2785 fuerint

310 2823 589 2892 epistolae.
633 2833 797 2894 atque
848 2826 1163 2895 insequente
1210 2826 1312 2880 108
1364 2825 1607 2895 ejusdem
1650 2824 1897 2895 martyrii

310 2914 459 2966 Acta
496 2914 767 2984 evulgata.
821 2915 980 2987 Apud
1015 2915 1265 2972 Malalam
1314 2919 1534 2988 quidem
1560 2960 1576 2985 ,
1620 2920 1735 2975 sive
1778 2920 1898 2990 ejus

310 3005 541 3060 inscitia
584 3006 702 3062 sive
722 3006 1072 3063 librariorum
1101 3009 1416 3075 oseitantia,
1464 3009 1519 3064 in
1564 3012 1897 3066 notationem

310 3107 628 3168 temporum
657 3117 781 3156 eum
814 3101 1029 3172 imperii
1055 3102 1276 3174 Trajani
1307 3112 1421 3157 tum
1451 3104 1721 3173 Ignatiani
1754 3119 1899 3159 mar-

310 3192 448 3260 tyrii
492 3193 689 3246 menda
748 3194 1012 3249 nonnulla
1055 3195 1344 3265 irrepsisse
1404 3204 1748 3250 noscuntur:
1792 3198 1896 3253 levi

310 3294 507 3337 tamen
551 3283 771 3353 negotio
819 3299 888 3340 ex
935 3285 1002 3340 iis
1034 3285 1404 3352 emendanda,
1452 3302 1574 3356 quae
1620 3285 1897 3356 Usserius,

311 3371 679 3427 Chilmeadus
708 3373 824 3443 (75)
882 3374 1087 3445 aliique
1122 3385 1487 3430 monuerunt:
1531 3377 1645 3432 sive
1681 3386 1742 3432 ut
1779 3379 1900 3433 lau—

311 3462 489 3517 datus
516 3464 968 3535 chronographus
987 3466 1088 3521 sibi
1104 3474 1343 3531 constet,
1381 3466 1496 3521 sive
1522 3475 1579 3520 ut
1604 3467 1725 3536 ejus
1755 3467 1901 3524 dicta

312 3554 700 3610 monumentis
726 3555 1142 3621 vetustioribus,
1174 3556 1230 3610 in
1254 3556 1449 3626 primis
1478 3571 1609 3612 vero
1628 3557 1902 3613 Chronico

313 3643 660 3712 Eusebiano,
697 3644 844 3699 haud
870 3645 1230 3714 repugnantia
1258 3647 1688 3715 comperiantur.

392 3737 670 3792 Caeterum
702 3754 813 3807 quo
844 3738 1106 3794 hactenus
1138 3746 1389 3792 enarrata
1425 3740 1653 3808 reliquis
1679 3738 1901 3809 Trajani

316 3833 495 3903 gestis
521 3834 577 3887 in
608 3830 830 3888 Oriente
856 3833 1007 3903 paria
1033 3832 1417 3903 respondeant,
1445 3833 1713 3901 duplicem
1742 3835 1810 3889 ab
1838 3848 1904 3889 eo

317 3927 641 3982 Parthicam
692 3927 1091 3996 expeditionem
1142 3934 1455 3994 susceptam
1518 3924 1904 3982 Tillemontius

314 4019 450 4089 jure
479 4016 782 4087 conjecisse
811 4016 1023 4072 videtur
1052 4016 1197 4087 (76);
1233 4018 1391 4085 cujus
1426 4018 1652 4085 proinde
1683 4027 1904 4072 senten-

322 4108 465 4162 tiam
494 4122 669 4176 nuper
695 4105 865 4162 fuisse
892 4107 1173 4176 amplexus
1199 4115 1364 4175 atque
1385 4107 1738 4161 conﬁrmasse
1764 4107 1905 4161 vali-

322 4200 458 4253 dius
487 4198 837 4267 perhibetur,
882 4199 966 4252 vir
1011 4199 1359 4268 politioribus
1399 4199 1594 4253 litteris
1641 4207 1907 4268 praestans

325 4292 621 4347 Eduardus
640 4290 926 4346 Corsinius
954 4290 1088 4361 (77).
1140 4289 1201 4344 In
1238 4306 1359 4346 eam
1390 4292 1607 4362 quidem
1639 4291 1908 4347 Disserta-

328 4386 539 4439 tionem
568 4383 947 4437 Corsinianam
982 4381 1155 4435 Dubia
1187 4384 1456 4452 proposita
1490 4399 1585 4450 per
1617 4382 1905 4438 Erasmum

328 4475 707 4530 Froeliehium
737 4475 1086 4545 elegantioris
1133 4476 1395 4531 doctrinae
1438 4477 1905 4532 consultissimum

1998 1984 2233 2038 meniam
2273 1997 2338 2038 ac
2379 1982 2826 2051 Mesopotamiam
2872 1984 2928 2037 in
2974 1982 3235 2038 Romana
3282 1984 3575 2052 provincia

1997 2074 2229 2129 formam
2251 2075 2518 2145 redegerit
2547 2073 2890 2144 Parthizeque
2921 2090 3147 2144 regnum
3181 2073 3419 2130 Chosroi
3446 2076 3574 2128 reli-

1996 2167 2211 2236 querit:
2275 2167 2330 2219 in
2383 2166 2627 2221 secundo
2678 2180 2807 2219 vero
2853 2164 3072 2219 Parthis
3130 2165 3293 2234 ipsis,
3343 2167 3574 2235 expulso

1998 2260 2265 2326 Chosroe,
2302 2273 2483 2329 regem
2516 2259 2684 2312 alium
2708 2258 3062 2314 concesserit.
3083 2276 3104 2311 ι

2069 2350 2144 2405 Ac
2170 2361 2318 2406 certe
2346 2351 2564 2421 quidem
2597 2349 2891 2420 Trajanum
2935 2351 3192 2405 Armenia
3219 2351 3330 2420 jam
3363 2350 3571 2419 pridem

1997 2450 2210 2511 recepta
2237 2440 2465 2495 Romam
2496 2440 2743 2506 rediisse,
2777 2441 3082 2510 iterumque
3106 2440 3277 2495 Roma
3302 2440 3358 2493 in
3381 2437 3576 2493 Orien-

1998 2541 2104 2587 tem
2134 2532 2436 2602 prol‘ectum
2459 2546 2601 2596 esse,
2628 2546 2697 2585 ex
2719 2532 2957 2586 nummis
2981 2532 3144 2585 etiam
3169 2530 3383 2585 ostendi
3417 2543 3576 2599 posse

1997 2624 2342 2695 putaverim,
2406 2626 2455 2680 si
2506 2640 2631 2679 cum
2681 2624 2870 2680 Dionis
2906 2621 3151 2676 Historia
3201 2622 3573 2677 conferantur.

2001 2715 2287 2787 Siquidem
2314 2717 2550 2786 scriptor
2595 2716 2687 2771 ille
2733 2731 2859 2771 cum
2892 2715 3140 2780 dixisset,
3186 2712 3501 2767 Armeniam
3543 2727 3575 2765 a

1999 2808 2237 2879 Trajano
2271 2808 2486 2864 Caesare
2524 2809 2643 2865 sine
2669 2808 2856 2878 praelia
2895 2816 3169 2877 receptam
3215 2804 3577 2873 Romanoque

1998 2901 2200 2971 populo
2227 2900 2489 2954 tributam
2520 2915 2662 2967 esse,
2693 2915 2822 2953 mox
2851 2897 3069 2954 subdit:
3107 2896 3403 2962 Ἀπήντων
3417 2894 3579 2960 αὺτῷ

1997 2994 2052 3046 οἱ
2084 2991 2228 3061 τῇδε
2254 2990 2573 3060 σατράπαι,
2608 2992 2706 3044 καὶ
2737 2990 3019 3056 βασιλεῖς
3043 2989 3195 3058 μετὰ
3222 2986 3426 3055 δώρων
3451 3027 3465 3040 .
3492 3026 3505 3039 .
3523 3025 3539 3041 .
3560 3026 3576 3039 .

1997 3084 2465 3152 Παρθαμασίρην
2495 3081 2602 3136 τὸν
2635 3083 2951 3153 Ἀρμενίων
2968 3078 3389 3149 ἐτιμωρήσατο.
3424 3080 3579 3132 Ἐπεὶ

1999 3173 2067 3228 δὲ
2098 3173 2305 3229 πᾶσαν
2336 3174 2450 3243 τὴν
2486 3174 2793 3244 Ἀρμενίων
2840 3172 3037 3245 χώραν
3082 3168 3235 3241 εἷλε,
3282 3174 3380 3227 καὶ
3430 3176 3581 3227 πολ-

2000 3268 2149 3334 λοὺς
2181 3266 2298 3321 τῶν
2353 3266 2665 3330 βασιλέων
2708 3266 2851 3332 τοὺς
2897 3265 3009 3332 μὲν
3045 3266 3468 3329 ὑποπεσόντας
3510 3263 3582 3315 ὲν

2000 3359 2123 3425 τοῖς
2154 3359 2355 3428 φίλοις
2386 3358 2515 3428 ἦγε,
2551 3356 2693 3423 τοὺς
2724 3357 2792 3411 δέ
2826 3374 2991 3424 τινας
3023 3358 3121 3411 καὶ
3166 3356 3582 3420 ἀποθανόντας

2005 3450 2323 3523 (legendum
2352 3459 2485 3519 puto
2514 3448 2802 3516 ἀπόντας,
2840 3459 2899 3504 ut
2922 3451 2973 3504 hi
2998 3450 3259 3520 postremi
3287 3447 3452 3503 veluti
3484 3446 3581 3500 ab-

2002 3553 2170 3597 sentes
2209 3559 2241 3598 a
2279 3542 2556 3612 prioribus
2584 3543 2677 3612 qui
2715 3541 2952 3611 Trajano
2986 3549 3343 3603 occurrerant,
3385 3540 3584 3595 distin-

2003 3636 2259 3706 guantur)
2286 3634 2503 3702 ἀμαχεὶ
2526 3634 2862 3705 ἐχειροῦτο’
2899 3632 3038 3687 τάτε
3069 3633 3229 3687 ἄλλα
3260 3633 3581 3701 ἐψηφίζετο

2002 3723 2164 3790 αὐτῷ
2225 3722 2426 3776 πολλὰ
2458 3725 2497 3792 ἡ
2531 3723 2735 3790 ,ϐούλῃ
2766 3762 2782 3788 ,
2846 3723 2945 3776 καὶ
2982 3723 3270 3792 Ὀπτιμον
3309 3722 3415 3775 εἴτ’
3466 3718 3583 3776 οὖν

2007 3818 2309 3886 Ἀριστον,
2342 3814 2747 3882 ἐπωνόμασεν.
2768 3813 3013 3883 Satrapte
3036 3814 3125 3882 qui
3147 3813 3408 3883 regionem
3442 3822 3584 3866 tene-

2005 3908 2151 3971 bant,
2177 3921 2420 3975 regesque
2453 3921 2573 3958 cum
2602 3903 2902 3957 muneribus
2935 3904 2984 3957 ei
3022 3910 3382 3959 occurrerunt.
3416 3943 3430 3957 .
3466 3944 3479 3957 .
3509 3942 3527 3959 .
3563 3944 3579 3958 .

2004 3994 2461 4049 Parthamasirem
2492 3995 2860 4048 Armeniorum
2908 4009 3078 4065 regem
3118 3994 3355 4063 punivit;
3401 4005 3585 4064 capta-

2004 4102 2103 4156 que
2130 4087 2373 4138 universa
2406 4084 2672 4138 Armenia:
2704 4085 2931 4154 regione,
2963 4100 3104 4153 reges
3134 4085 3225 4154 qui
3262 4084 3584 4138 deditionem

2007 4181 2278 4250 fecerant,
2339 4177 2396 4230 in
2443 4178 2737 4231 amicorum
2784 4194 3004 4231 numero
3055 4177 3280 4243 habuit;
3328 4178 3585 4248 quosdam

2006 4285 2123 4324 vero
2151 4269 2313 4323 etiam
2354 4267 2593 4321 absentes
2636 4267 2830 4338 absque
2872 4284 3047 4338 pugna
3076 4270 3248 4337 cepit:
3293 4269 3441 4338 eique
3475 4278 3586 4319 tum

2008 4363 2119 4417 alia
2155 4364 2311 4432 plura
2340 4361 2567 4414 decrevit
2610 4370 2847 4427 senatus,
2899 4370 3007 4414 tum
3049 4361 3342 4430 prwsertim
3385 4359 3585 4429 Optimi

2008 4465 2409 4525 cognomentum
2436 4454 2711 4508 concessit.
2766 4453 2955 4521 Itaque
2986 4466 3055 4506 ex
3088 4451 3259 4506 Dione
3289 4460 3342 4505 et
3373 4450 3587 4504 Zonara

329 4568 595 4623 novimus
622 4567 767 4637 (78):
817 4542 938 4635 quae
982 4575 1163 4622 tamen
1207 4568 1461 4623 laudatus
1498 4568 1581 4621 vir
1624 4568 1817 4623 doctus
1852 4568 1900 4622 in

2010 4562 2249 4618 quoque,
2294 4546 2492 4616 Optimi
2522 4561 2721 4600 nomen
2763 4553 2893 4599 tunc
2935 4544 3174 4614 primum
3208 4542 3442 4613 Trajano
3470 4542 3588 4596 Cac-

333 4661 508 4715 altera
542 4658 930 4713 Dissertatione
968 4658 1073 4714 sibi
1112 4660 1367 4714 diluenda
1404 4660 1639 4729 sumpsit
1667 4658 1801 4729 (79).
1840 4658 1911 4713 At

334 4753 585 4808 virorum
613 4750 926 4805 criticorum
956 4750 1239 4805 arbitratui
1267 4750 1334 4805 de
1364 4750 1464 4805 hac
1494 4749 1702 4804 erudita
1733 4750 1913 4804 disce-

334 4840 583 4910 ptatione
616 4837 824 4907 judicio
868 4838 1080 4903 relicto,
1128 4838 1341 4892 interim
1378 4853 1509 4892 vero
1544 4838 1612 4892 ad
1656 4853 1771 4891 rem
1814 4851 1915 4891 no-

339 4938 513 4983 stram
543 4929 689 4998 quod
710 4929 924 4994 attinet,
958 4927 1249 4997 ipsummet
1276 4926 1586 4981 Corsinium
1607 4924 1805 4995 juverit
1835 4925 1919 4979 sic

342 5021 659 5091 loquentem
693 5021 916 5075 audire:
961 5039 979 5071 ι
1012 5017 1355 5081 Vaillantius,
1388 5018 1584 5088 inquit,
1615 5017 1670 5071 in
1701 5016 1920 5069 Arsaci-

419 5160 532 5228 (72)
561 5163 678 5215 Act.
706 5172 931 5231 martyr.
968 5159 1173 5230 Ignat.,
1204 5174 1324 5228 cap.
1352 5159 1409 5231 2.

419 5226 532 5316 (75)
572 5232 753 5286 Malal.
779 5226 1069 5301 Ch'ronoqr.
1094 5232 1187 5285 lib.
1212 5226 1288 5297 χι,
1318 5230 1420 5284 sub
1439 5228 1581 5294 init.,
1606 5242 1762 5297 pagg.
1792 5226 1915 5294 M5,

350 5301 534 5441 “(’74)
574 5370 761 5427 Usser.
798 5379 912 5425 not.
944 5370 997 5438 6,
1033 5373 1088 5423 in
1116 5379 1336 5439 martyr.
1365 5367 1423 5423 S.
1451 5367 1632 5437 Ignat.

423 5435 878 5527 (76;)0Chilmead.
915 5435 993 5495 ad
1016 5441 1205 5495 Malat.
1252 5435 1346 5494 lib.
1398 5435 1655 5495 xtfnott.
1687 5436 1778 5503 25,
1807 5435 1877 5492 29
1899 5476 1915 5502 ,

353 5513 791 5650 pafiﬁolstl‘illem.
822 5580 945 5635 Hist
972 5583 1059 5635 des
1094 5580 1470 5650 Emper._tom._
1517 5577 1580 5643 ll,
1626 5586 1742 5650 not.
1781 5591 1914 5639 xvn,

356 5647 448 5722 sur
486 5650 705 5722 Trajan.
737 5669 892 5722 pagg.
919 5647 1284 5707 505-509ζ-
1315 5648 1389 5703 Id.
1417 5647 1573 5702 Μέρη.
1602 5648 1752 5715 erct.,
1783 5656 1916 5701 tom.

357 5718 420 5785 ll,
453 5718 607 5792 pagg.
644 5718 765 5788 195—,
791 5718 917 5786 579,
950 5724 1073 5777 585.

427 5785 795 5859 ('77)"Corsin.
836 5785 1057 5847 Dissert.
1091 5791 1154 5847 de
1182 5789 1400 5846 Minnis.
1455 5804 1680 5857 numm.,
1728 5803 1851 5859 pag.
1888 5785 1921 5842 6

348 5874 490 5954 seqq
544 5861 767 5918 Liburni
800 5862 957 5923 1754.

2014 4647 2124 4702 sari
2155 4644 2342 4699 Roma:
2363 4658 2685 4698 concessum
2734 4640 2855 4706 fuit,
2901 4656 3025 4694 cum
3060 4640 3107 4694 is
3137 4640 3449 4693 Armeniam
3492 4654 3589 4692 ex-

2015 4739 2173 4808 pulso
2218 4734 2688 4791 Parthamasiride
2740 4732 3063 4799 cantet-isque
3111 4729 3315 4798 regulis
3362 4729 3588 4783 cumino

2017 4829 2249 4885 sublatis
2278 4834 2637 4897 occupasset:
2689 4824 2919 4893 ideoque
2959 4838 3083 4877 cum
3117 4822 3171 4875 in
3198 4823 3437 4875 nummis
3469 4822 3590 4889 plu-

2017 4922 2171 4976 ribus
2197 4918 2384 4973 Romae
2419 4915 2695 4987 percussis
2728 4912 2928 4980 Optimi
2968 4927 3167 4966 nomen
3204 4910 3441 4979 Trajauo
3486 4911 3592 4964 tri-

2020 5013 2213 5067 butum
2264 5017 2559 5073 occurrat,
2616 5007 2673 5061 in
2719 5005 2919 5076 quibus
2961 5004 3077 5076 ipse
3125 5002 3319 5057 Consul
3352 5018 3381 5055 v
3432 5018 3594 5055 voca-

2092 5152 2205 5225 (78)
2234 5150 2502 5225 Froelich.
2535 5150 2674 5205 Dub.
2705 5149 2768 5203 de
2804 5148 3047 5213 Minnis.,
3082 5157 3186 5201 etc.
3227 5146 3441 5200 Vienna:
3478 5145 3593 5198 An-

2021 5233 2119 5281 str.
2158 5224 2316 5278 1754.

2092 5295 2205 5365 (79)
2245 5291 2461 5365 Corsin.
2482 5290 2783 5365 Dissert._in
2807 5306 2910 5365 qua
2927 5288 3060 5342 Dub.
3076 5294 3212 5365 Leto.
3231 5284 3414 5340 Retine
3433 5284 3591 5337 1757.

2092 5357 2205 5434 (80)
2248 5361 2508 5434 Yaillanﬁt.
2543 5360 2788 5434 Arsagid.
2818 5357 2968 5426 hist,
3000 5374 3053 5428 p.
3079 5357 3204 5410 505.

2117 5430 2205 5503 81)
2248 5431 2416 5503 Loyd.
2446 5431 2647 5503 DeWEp.
2678 5430 2856 5503 igniti.

2240 5444 2416 5554 Ityoyd.
2446 5444 2520 5485 Ue
2548 5444 2647 5501 Ep.
2678 5444 2873 5510 [gnata

2154 5541 2183 5557 ..
2247 5502 2586 5575 Δ-ειιῃιειμ-Ιὶιξ
2609 5500 2712 5575 σοι.
2748 5498 2989 5575 Trajan.,
3011 5494 3213 5575 [£290.

2094 5566 2206 5641 (85)
2245 5572 2426 5626 Neris.
2462 5571 2635 5640 Epist.
2672 5566 2919 5641 Consuth
2948 5584 2998 5641 ρ.
3034 5566 3119 5622 72.

2122 5645 2210 5707 84)
2253 5641 2380 5711 Pag.
2410 5643 2478 5696 ad
2507 5637 2634 5695 ann.
2659 5639 2787 5711 Chr.
2828 5639 2945 5711 l05,
2971 5637 2998 5707 §
3028 5654 3065 5691 ιι
3098 5652 3191 5706 seq

2125 5706 2215 5779 85)
2256 5706 2487 5781 Basnag.
2515 5709 2709 5781 Annal:
2738 5709 2899 5781 eccl.,
2932 5706 2999 5781 at_t
3026 5724 3154 5781 ann.
3186 5706 3311 5761 “9..

2101 5777 2213 5851 (86)
2255 5777 2470 5837 Tillcnf.
2503 5781 2645 5851 Ilist.
2675 5778 2848 5851 Impp.
2878 5779 2931 5833 in
2958 5777 3213 5850 Trajau.,
3251 5783 3355 5831 art.
3402 5788 3594 5838 xxviii,

2030 5864 2083 5909 et
2111 5850 2220 5909 not.
2258 5867 2389 5919 xvn,
2420 5867 2472 5923 p.
2509 5850 2630 5908 509.
