4134 6396
534 393 639 450 585

1613 394 1673 448 8.
1710 391 2066 450 icNATlUS.
2105 423 2176 434 —
2203 390 2735 448 PROLEGOMENA.

3684 390 3790 450 58$

543 524 634 569 tur
662 514 816 584 (87);
864 512 1102 570 dubitari
1136 524 1289 570 certe
1321 512 1412 568 vix
1447 514 1644 584 poterit
1673 516 1808 584 quin
1840 514 2112 585 Trajanus
2142 514 2187 573 Δ
2213 513 2378 568 etiam
2426 513 2739 581 Graecisque
2784 513 3061 577 nummis,
3101 526 3243 582 quos
3284 526 3352 569 eo
3392 511 3653 570 libentius
3702 512 3793 568 hic

533 606 847 661 Armeniam
874 607 1170 676 subegerit,
1210 614 1376 674 atque
1405 605 1604 675 Optimi
1634 621 1834 661 nomen
1857 606 2111 661 obtinue-

535 696 606 749 rit
632 706 759 750 ante
787 710 991 750 annum
1023 693 1091 748 U.
1119 694 1182 749 C.
1221 693 1347 757 865,
1383 708 1493 763 quo
1526 703 1733 746 sextum
1764 692 2107 747 consulatum

534 784 723 840 Romae
796 784 1057 854 suscepit.
1124 783 1202 838 lta
1259 797 1519 853 quoque,
1569 796 1691 837 cum
1750 781 1807 835 in
1868 781 2111 835 nummis

533 876 656 931 aliis
689 875 802 946 (88)
838 875 1041 944 Optimi
1069 875 1261 929 titulus
1293 874 1635 940 observetur,
1663 872 1939 943 simulque
1973 870 2113 925 Pro-

534 968 690 1036 fectio
744 967 974 1037 Augusti
1022 974 1385 1031 memoretur;
1436 962 1597 1019 facile
1647 964 1845 1019 exinde
1888 972 2113 1033 apparet

534 1058 832 1129 Trajanum
857 1100 874 1124 ,
913 1059 1078 1113 etiam
1129 1065 1255 1128 post
1305 1057 1547 1112 subactae
1593 1057 1866 1111 Armenia:
1898 1066 2113 1126 tempus

535 1159 700 1219 atque
727 1149 927 1219 Optimi
954 1165 1149 1204 nomen
1178 1149 1279 1218 ipsi
1306 1149 1591 1214 tributum,
1618 1148 1913 1217 aliquando
1940 1147 2113 1202 Roma

538 1244 895 1300 discessisse:
915 1243 1062 1313 quod
1086 1242 1202 1297 ﬁeri
1223 1250 1369 1297 certe
1389 1241 1474 1297 vel
1492 1242 1751 1311 explicari
1774 1256 1878 1296 non
1907 1250 2112 1311 posset,

537 1336 585 1389 si
613 1334 780 1389 semel
804 1340 1185 1387 tantummodo
1210 1332 1474 1387 adversus
1488 1333 1776 1388 Armenios
1800 1348 1864 1387 ac
1883 1330 2115 1386 Parthos

534 1441 681 1481 anno
707 1424 773 1481 U.
797 1426 860 1480 C.
892 1425 997 1479 865
1026 1424 1195 1480 Roma
1225 1423 1499 1493 profectus
1531 1425 1588 1478 in
1611 1423 1832 1480 Oriente
1863 1424 2109 1479 obiisset.

571 1517 735 1573 «llaec
773 1518 891 1588 ipsa
919 1532 1138 1588 quoque
1178 1514 1398 1582 Traiani
1422 1516 1698 1586 expeditio
1737 1524 1864 1570 ante
1908 1530 2115 1569 annum

538 1610 604 1665 U.
630 1612 696 1670 C.
718 1611 822 1666 865
843 1619 1117 1680 suscepta,
1144 1609 1513 1680 pulcherrimo
1532 1609 1870 1664 Antiocheno
1890 1622 2117 1662 nummo

536 1702 853 1758 confirmari
887 1702 1090 1771 poterit
1137 1702 1281 1771 (89),
1327 1701 1379 1753 in
1414 1715 1526 1768 quo
1562 1700 1847 1769 perspicue
1883 1699 2112 1769 legitur:

536 1793 844 1845 AflMAPX.
906 1791 1009 1845 ΕΞ.
1068 1792 1274 1845 ΥΠΑΤ.
1320 1792 1381 1845 Ε.
1430 1789 1752 1844 Tribunicic
1799 1787 2114 1857 potestatis,

2211 606 2413 676 protuli
2445 615 2504 659 ut
2532 606 2740 658 vexatis
2784 605 2921 659 adeo
2950 603 3141 675 lgnatii
3180 606 3435 676 martyris
3469 603 3622 661 Actis
3662 606 3794 661 hinc

2210 698 2374 751 etiam
2398 697 2655 766 splendor
2684 711 2748 750 ac
2768 694 3081 765 praesidium
3108 695 3409 758 accederet,
3438 694 3652 750 ostendi
3676 695 3793 764 jam

2212 788 2417 858 poterit
2443 787 2588 858 quod
2627 786 2828 857 duplex
2860 785 3083 856 Trajani
3121 786 3175 841 in
3205 784 3484 841 Orientem
3519 786 3792 856 profectio

2212 878 2436 946 agnosci
2483 878 2686 933 debet:
2724 886 2782 931 ut
2823 877 2878 930 in
2918 878 3095 947 prima
3135 877 3357 947 quidem
3400 876 3636 932 Cbosroi
3678 877 3791 947 pla-

2213 978 2372 1024 catus
2404 969 2624 1025 obsides
2651 970 2831 1024 solum
2872 969 3056 1024 abillo
3091 969 3379 1039 receperit,
3403 968 3632 1038 solaque
3658 968 3795 1023 urbe

2214 1058 2388 1116 Nisibi
2413 1060 2713 1131 Batnisque
2746 1064 2920 1131 ceptis
2951 1060 3197 1115 Parthici
3229 1075 3427 1116 nomen
3457 1060 3793 1127 obtinuerit;

2214 1148 2271 1203 in
2300 1150 2473 1204 altera
2506 1165 2657 1215 vero,
2686 1165 2812 1205 cum
2858 1150 3133 1204 Chosroes
3182 1158 3277 1205 aut
3323 1164 3355 1203 a
3397 1147 3615 1204 Parthis
3660 1149 3795 1219 ipsis

2215 1240 2479 1309 expulsus
2511 1239 2680 1305 foret,
2714 1249 2811 1295 aut
2844 1241 3007 1295 ﬁdem
3044 1239 3284 1311 Trajano
3310 1240 3632 1295 obstrictam
3669 1240 3793 1293 vio-

2215 1332 2415 1400 lasset,
2450 1330 2673 1387 Parthis
2722 1333 2859 1403 ipsis
2902 1346 3105 1387 novum
3137 1347 3320 1402 regem
3368 1331 3736 1386 constituerit.
3770 1349 3789 1382 ι

2217 1422 2494 1480 Hactenus
2529 1425 2614 1479 vir
2646 1424 2736 1479 ille
2770 1423 3147 1480 doctissimus.
3171 1422 3359 1494 Neque
3383 1424 3605 1479 omittas
3631 1424 3796 1480 velint

2216 1535 2340 1590 quae
2367 1518 2757 1575 Pearsonianae
2800 1518 3083 1573 sententia:
3109 1517 3358 1587 patronis
3388 1516 3534 1574 haud
3572 1518 3644 1572 ita
3682 1518 3796 1587 pri-

2216 1611 2340 1666 dem
2398 1610 2659 1680 opposuit
2697 1608 3013 1664 Baraterius
3056 1608 3193 1679 (9‘2).
3248 1607 3307 1663 Si
3355 1610 3504 1662 enim
3552 1623 3617 1663 ea
3669 1623 3794 1663 cum

2218 1702 2549 1758 Tillemontii
2572 1712 2627 1759 et
2653 1702 2893 1758 Corsinii
2926 1701 3144 1773 placitis
3165 1712 3589 1771 componantur,
3618 1716 3707 1757 res
3731 1716 3799 1757 eo

2220 1796 2437 1851 tandem
2463 1796 2752 1853 deducitur
2775 1804 2836 1851 ut
2855 1797 3082 1852 omnino
3104 1794 3354 1851 confecta
3377 1810 3499 1850 esse
3519 1795 3799 1862 videatur;

538 1883 737 1938 Consul
762 1899 816 1937 ν.
848 1881 1061 1936 Etenim
1101 1883 1146 1937 Si
1181 1898 1443 1939 nummus
1496 1881 1586 1936 ille
1635 1888 1751 1934 tum
1805 1893 1974 1933 CUSUS
2016 1876 2119 1931 fuit
2149 1863 2191 1916 Β
2222 1903 2288 1943 ac
2337 1887 2569 1958 proinde
2611 1902 2776 1943 nemo
2817 1888 2873 1942 in
2922 1896 3207 1957 posterum
3249 1886 3318 1941 de
3350 1888 3612 1941 Actorum
3646 1884 3804 1956 lgna.

536 1991 663 2029 cum
688 1974 924 2043 primum
951 1972 1226 2043 Traianus
1256 1973 1608 2029 Antiochiam
1657 1970 1895 2036 advenit,
1935 1977 1998 2023 ut
2045 1968 2117 2024 cl.

535 2067 714 2120 editor
736 2065 1115 2128 existimavit,
1162 2064 1516 2133 perspicuum
1577 2064 1668 2118 ﬁet
1714 2062 2012 2132 Trajanum
2063 2061 2121 2117 in

535 2155 813 2212 Orientem
861 2166 987 2211 ante
1033 2156 1379 2212 consulatum
1425 2165 1654 2221 sextum,
1704 2154 1950 2224 adeoque
1997 2160 2124 2207 ante

537 2263 742 2303 anitum
771 2246 839 2303 υ.
869 2248 934 2303 C.
966 2246 1073 2302 865
1102 2249 1471 2304 concessisse:
1499 2246 1963 2317 quemadmodum
1990 2258 2124 2300 sane

538 2341 847 2412 perspicuis
898 2347 1207 2409 temporum
1264 2337 1678 2394 characteribus
1720 2337 1988 2392 adventus
2034 2336 2123 2399 ille

537 2432 890 2487 Antiochiam
930 2432 987 2486 in
1026 2431 1235 2487 Malalae
1274 2430 1520 2486 Historia
1564 2429 1682 2501 (90)
1718 2444 1863 2485 anno
1919 2427 1984 2485 U.
2054 2429 2120 2486 C.

538 2524 644 2580 860
686 2523 979 2587 tribuitur;
1029 2532 1194 2592 atque
1238 2523 1295 2575 in
1336 2521 1491 2576 Actis
1529 2519 1585 2575 S.
1632 2520 1828 2591 Ignatii
1865 2521 2123 2591 martyris

540 2615 829 2685 perspicue
852 2614 1164 2683 diserteque
1198 2612 1419 2677 legitur,
1450 2612 1596 2681 quod
1622 2621 1828 2683 martyr
1858 2611 1949 2666 ille
1985 2628 2123 2666 nono

540 2705 765 2775 Trsjani
801 2704 1122 2773 imperantis
1149 2718 1315 2770 anno,
1345 2702 1487 2757 Sura
1533 2710 1586 2756 et
1616 2701 1899 2757 Senecione
1928 2718 2123 2756 consu-

540 2796 702 2861 libus,
751 2795 855 2849 hoc
876 2803 959 2849 est
1001 2809 1147 2849 anno
1185 2793 1312 2856 860,
1352 2794 1573 2849 ineunte
1607 2791 1871 2849 Januario
1913 2806 2121 2860 mense,

542 2885 781 2955 Trajano
820 2886 1127 2941 Antiochiae
1172 2884 1412 2957 degenti,
1446 2892 1613 2955 atque
1646 2884 1702 2938 in
1730 2883 2022 2939 Armenios
2070 2894 2126 2940 et

542 2975 775 3032 Parthos
804 2976 1038 3032 moventi
1072 2976 1288 3031 oblatus
1315 2975 1438 3031 fuit.
1470 2975 1712 3046 Denique
1733 2976 1968 3031 eximius
1989 2976 2126 3032 alter

542 3067 769 3137 Traiani
822 3083 1083 3123 nummus
1131 3068 1361 3123 habetur
1390 3067 1503 3138 (91)
1548 3068 1604 3121 in
1648 3083 1760 3137 quo
1803 3068 1987 3123 Caesar
2010 3068 2126 3139 ipse

2225 1979 2358 2034 tiani
2389 1978 2635 2051 martyrii
2663 1980 2978 2035 sinceritate
3001 1978 3127 2048 jure
3161 1977 3416 2033 dubitare
3446 1977 3642 2048 possit.

2292 2068 2415 2125 Jam
2440 2085 2571 2125 vero
2603 2071 2672 2125 ad
2705 2085 2828 2125 eam
2871 2068 3251 2124 difﬁcultatem
3288 2067 3638 2123 enodandam
3678 2080 3805 2136 quae.

2222 2164 2333 2234 peti
2364 2163 2503 2219 solet
2528 2178 2597 2217 ex
2617 2162 2811 2217 iisdem
2837 2160 3007 2223 Actis,
3039 2160 3133 2215 ulti
3169 2159 3228 2215 S.
3249 2158 3442 2230 lgnatii
3476 2159 3802 2230 martyrium

2223 2254 2580 2329 consignatur
2609 2252 2992 2307 ὑπατευόντων
3020 2249 3172 2324 παρὰ
3214 2249 3504 2320 Ῥωμαίοις
3533 2247 3680 2321 Σύρα
3709 2247 3807 2301 καὶ

2223 2346 2475 2401 Σενεκίου
2505 2345 2567 2399 τὸ
2596 2344 2879 2418 δεύτερον,
2910 2343 3062 2399 Cass.
3105 2342 3245 2413 apud
3288 2340 3551 2397 Romanos
3588 2339 3729 2396 Sura
3754 2349 3806 2394 et

2226 2440 2507 2497 Senecione
2539 2455 2603 2503 ιι,
2634 2453 2761 2494 cum
2790 2453 2859 2492 ex
2889 2436 3070 2493 Fastis
3092 2444 3307 2492 constet
3335 2435 3472 2505 (93),
3499 2448 3643 2489 anno
3679 2449 3805 2489 teras

2224 2531 2555 2588 Christiana:
2590 2529 2716 2593 107,
2755 2528 3111 2584 Senecionem
3148 2544 3224 2595 1v,
3239 2536 3294 2584 et
3330 2525 3528 2581 Suram
3556 2541 3641 2590 Ill,
3669 2540 3805 2580 eon-

2226 2626 2373 2681 sules
2409 2622 2780 2694 processisse;
2828 2620 2987 2690 plura
3027 2627 3223 2689 praeter
3268 2615 3552 2672 Usserium
3594 2612 3804 2684 profert

2227 2715 2680 2773 accuratissimus
2733 2713 3117 2769 Tillemontius
3162 2711 3297 2781 (94).
3350 2708 3561 2776 Quibus
3605 2706 3807 2761 addere

2225 2816 2451 2881 praestat
2473 2822 2597 2879 qua:
2624 2807 2680 2861 in
2726 2815 2963 2861 veterem
2996 2804 3315 2860 eorumdem
3341 2803 3599 2858 Actorum
3633 2800 3804 2855 inter-

2227 2909 2436 2972 pretem
2502 2898 2715 2955 erudite
2776 2896 3090 2953 observavit
3148 2893 3350 2966 praesul
3430 2891 3803 2963 amplissimus

2226 2993 2554 3049 Franciscus
2584 2988 2939 3045 Blanchinius
2971 2988 3110 3059 (95).
3140 2988 3345 3043 Verum
3377 2986 3433 3040 in
3470 2985 3557 3039 bis
3595 2982 3807 3039 diutius

2229 3084 2536 3149 immorari,
2566 3082 2803 3138 instituti
2834 3080 3008 3136 nostri
3039 3079 3180 3135 ratio
3213 3093 3323 3132 non
3349 3077 3575 3147 patitur.

543 3164 767 3220 APICT-
798 3164 952 3220 CEB-
988 3166 1029 3219 Γ
1031 3165 1197 3219 ΕΡΜ·
1235 3166 1393 3220 ΔΑΚο
1447 3164 1651 3218 ΠΑΡΘ.
1702 3164 1970 3235 Optimus.
2014 3167 2194 3254 Au-C
2300 3175 2399 3230 Hic
2443 3184 2656 3230 tantum
2712 3173 2971 3227 lectorem
3020 3169 3294 3225 monitum
3358 3167 3654 3231 volumus,
3699 3181 3804 3221 nos

544 3270 753 3332 gustus,
792 3258 1161 3323 Germanicus,
1186 3256 1431 3323 Daccius,
1468 3256 1755 3312 Parthicus
1797 3259 2123 3329 appellatur,

544 3352 821 3422 simulque
867 3353 1099 3407 decimus
1137 3350 1350 3420 imperii
1387 3351 1561 3419 ipsibs
1608 3366 1787 3406 annus
1831 3367 2127 3421 expressus

545 3443 908 3513 conspicitur.
943 3442 1085 3513 Ergo
1108 3457 1254 3496 anno
1282 3439 1348 3497 U.
1376 3440 1437 3498 C.
1462 3441 1587 3509 861,
1612 3442 1667 3497 in
1697 3456 1860 3513 quem
1890 3443 2125 3499 decimus

548 3536 761 3606 imperii
783 3549 962 3590 annus
988 3535 1246 3598 incurrit,
1275 3532 1678 3605 Trajanusjam
1707 3534 1929 3603 Optimi,
1962 3548 2126 3609 atque

545 3642 577 3682 a
604 3628 869 3682 militibus
903 3628 1095 3683 saltem
1118 3626 1362 3680 Parthici
1386 3642 1583 3682 nomen
1610 3638 1935 3697 acceperat:
1968 3629 2124 3685 ideo-

547 3733 657 3788 que
687 3716 1009 3774 Parthicum
1063 3718 1166 3773 iter
1202 3718 1273 3773 ab
1308 3719 1403 3774 illo
1448 3729 1764 3790 susceptum
1798 3720 1869 3775 ad
1917 3735 2124 3777 annum

554 3810 618 3865 U.
644 3808 707 3864 C.
735 3810 842 3865 859
864 3804 1056 3864 referri
1088 3811 1270 3867 debet.

625 3917 647 3951 ς
685 3898 871 3970 Itaque
912 3916 1021 3955 non
1055 3917 1123 3957 ex
1172 3903 1537 3974 scriptoribus
1575 3903 1753 3959 solum
1794 3918 1935 3975 quos
1963 3903 2128 3961 Tille-

548 3992 795 4048 montius
860 3994 1274 4051 accuratissime
1317 3996 1604 4062 exhibuit,
1663 3995 1761 4052 sed
1801 4011 1871 4052 ex
1916 3994 2127 4053 Latinis

621 4152 736 4228 (8?)
771 4154 1030 4228 Yaillant.
1069 4164 1205 4228 tom.
1238 4155 1303 4221 ll,
1329 4172 1452 4228 pag.
1483 4157 1606 4228 121.

625 4225 739 4298 (88)
780 4225 914 4298 llud.
940 4238 993 4298 et
1020 4237 1160 4298 tomL
1177 4227 1225 4298 l,
1258 4225 1426 4298 pagg:
1441 4227 1531 4291 47,
1562 4225 1655 4281 49.

618 4292 786 4348 Ges".
819 4294 947 4349 Tab.
973 4296 1013 4361 l,
1042 4313 1098 4350 n.
1129 4296 1222 4353 78.

775 4364 1321 4447 ‘yaillantstonrzll,
1351 4382 1472 4447 pag.
1491 4363 1637 4447 .l27.

620 4432 735 4503 (90)
775 4434 954 4490 Mala].
972 4437 1173 4493 Histor.
1198 4438 1292 4491 lib.
1328 4432 1402 4501 ιί,
1425 4432 1556 4492 init.

621 4504 735 4573 (91)
774 4505 1000 4561 Gesner.
1036 4506 1164 4561 Ταῦ.
1190 4523 1328 4561 Lxxx
1380 4523 1429 4561 ιι.
1472 4508 1559 4562 11.

621 4574 737 4643 (92)
776 4574 959 4633 Barat.
1016 4576 1248 4649 Disquis.
1282 4574 1465 4631 chron.
1526 4575 1592 4631 de
1638 4592 1863 4630 success.
1915 4580 2116 4649 antiqq.

988 6381 1947 6389 ii—__—_____—ﬁ—____i

2228 3266 2450 3338 quidem
2484 3264 2769 3320 sententia:
2798 3277 2830 3317 a
2862 3261 3165 3317 Pearsonio
3190 3260 3423 3330 aliisque
3449 3269 3806 3329 propugnant:

2229 3357 2469 3428 primum
2506 3354 2837 3420 adhaesisse,
2884 3368 3029 3409 anno
3060 3352 3163 3407 116
3203 3351 3462 3422 epistolas
3500 3349 3810 3422 lgnatianas

2229 3448 2521 3519 illigantes,
2546 3447 2679 3503 dum
2719 3448 2843 3503 illas
2884 3446 3033 3518 typis
3065 3443 3413 3501 excudendas
3439 3446 3805 3509 curabamus;

2234 3541 2332 3597 sed
2368 3554 2429 3595 re
2477 3539 2733 3609 deinceps
2781 3538 3045 3594 attentius
3075 3537 3355 3606 inspecta,
3399 3550 3548 3590 nunc
3585 3534 3809 3590 demum

2232 3633 2461 3687 alteram
2500 3630 2835 3701 sequendam
2861 3629 3147 3693 ducimus,
3180 3628 3626 3699 quandoquidem
3674 3630 3811 3682 vali-

2231 3720 2484 3776 dioribus
2512 3721 2851 3792 argumentis
2879 3719 3202 3777 conﬁrmata
3221 3734 3346 3774 esse
3367 3719 3531 3775 nobis
3552 3718 3766 3775 videtur
3792 3736 3806 3750 -

2232 3820 2296 3867 ut
2341 3810 2572 3882 proinde
2619 3826 2766 3867 anno
2812 3819 3072 3868 currente
3096 3809 3197 3864 107
3222 3809 3442 3865 easdem
3470 3810 3730 3880 epistolas
3778 3823 3810 3865 a

2234 3902 2296 3958 S.
2330 3902 2539 3974 lgnatio
2571 3904 2905 3973 perscriptas
2923 3944 2939 3970 ,
2965 3903 3195 3973 ejusque
3225 3901 3362 3956 Acta
3389 3901 3636 3973 martyrii
3663 3915 3809 3957 anno

2232 3998 2555 4069 insequente
2578 3998 2681 4053 108
2703 3997 2903 4053 litteris
2932 3994 3192 4051 mandata
3221 3992 3630 4049 existimemus.

2235 4158 2511 4231 Episcopp.
2543 4160 2774 4222 Romm.,
2807 4174 2927 4243 cap.
2958 4156 3015 4226 7,
3046 4156 3074 4231 δ
3106 4158 3161 4222 4,
3188 4173 3312 4283 pag.
3337 4157 3406 4212 84
3435 4172 3591 4240 seqq.

2298 4231 2412 4283 (95)
2450 4232 2716 4283 Almelov.
2745 4231 2903 4283 Fasti
2933 4246 3102 4283 coss..
3136 4245 3190 4283 n.
3223 4230 3245 4282 1
3292 4229 3346 4283 ‘2.
3379 4229 3493 4283 alu.

2298 4229 2716 4301 (95)'Almelov.
2745 4229 2903 4285 Fasti
2933 4229 3102 4301 δορᾷ,
3136 4245 3190 4299 p.
3223 4229 3346 4291 152,
3379 4229 3493 4301 alii.

2295 4298 2409 4371 (91)
2451 4300 2668 4384 Τίιιςεῃλ
2703 4302 2848 4384 lii-st.
2873 4301 2963 4355 des
2992 4298 3232 4368 Empér.,
3256 4309 3388 4354 tom.
3413 4298 3480 4364 ll,
3504 4304 3805 4366 nott.xvit,

2226 4371 2715 4586 ἲξὲἐῗῗιῗὲιῗὲιὲὶι
2725 4372 2969 4515 33s,...
2988 4439 3058 4495 ad
3081 4441 3271 4497 Anast.
3289 4438 3573 4507 Biblioth.,
3593 4446 3731 4493 toto.
3759 4434 3804 4505 ι,
