4134 6394
498 336 601 393 581

1574 340 1631 396 S.
1666 339 2013 397 IGNATIUS.
2060 372 2124 381 ——-
2167 340 2707 399 PROLEGOMENA.

3676 346 3778 400 ἐῖδὸ

498 463 567 513 ns
605 458 853 512 notitiam
914 456 1229 513 testimonio
1288 474 1390 515 suo
1457 461 1814 517 conﬁrmatas
1864 463 2083 532 scriptis
2112 465 2503 534 Aprazsidium
2537 479 2881 533 quaeramus,
2913 465 3171 535 episcopo
3219 465 3334 535 (16)
3383 476 3776 519 aunmrenuum

496 549 763 603 mandare
800 550 1173 605 necessarium
1196 550 1370 605 duxit.
1413 571 1430 600 ι
1469 551 1597 607 Sole
1636 552 1939 608 meridiano
1963 554 2078 608 cla-

494 642 610 696 rius
638 649 742 706 est,
766 642 833 696 de
855 642 1148 697 traditione
1195 657 1307 696 non
1352 644 1554 713 scripta
1580 645 1747 699 verba
1782 644 1920 712 ﬁeri,
1952 661 2076 700 cum

493 734 764 789 Eusebius
794 733 973 789 tradat
1000 732 1059 788 S.
1086 734 1486 790 Antiochenum
1516 736 1834 807 episcopum
1858 736 2078 806 scriptis

494 826 755 881 mandare
784 827 1156 881 necessarium
1190 827 1432 892 duxisse,
1456 827 1703 882 uttutius
1735 828 1801 882 ad
1828 839 2077 897 posteros

491 920 871 990 pervenirent,
896 920 1041 990 quod
1072 935 1204 974 sane
1235 920 1343 975 dici
1377 920 1566 991 nequit
1597 920 1666 976 de
1703 921 1953 976 doctrina
1986 921 2075 976 lit-

490 1012 624 1067 teris
652 1012 995 1081 consignata.

491 1120 521 1195 5
562 1120 626 1177 ll.
670 1121 746 1176 De
772 1121 1047 1195 Ecclesia,
1073 1122 1187 1191 ejus
1220 1123 1504 1195 ministris,
1528 1123 1832 1190 schismate,
1863 1124 2073 1192 heresi,

721 1194 982 1247 hwreticis
1021 1193 1319 1263 fugiendis,
1349 1210 1631 1263 eorumque
1669 1197 1829 1248 notis.

558 1308 698 1364 Vera
724 1308 989 1370 Ecclesia,
1021 1309 1173 1379 juxta
1208 1306 1269 1362 S.
1295 1306 1587 1378 lgnatium,
1623 1311 1769 1365 notis
1810 1310 1962 1367 hisce
1991 1310 2075 1365 in-

488 1402 727 1457 ternosci
755 1410 961 1472 potest,
986 1400 1132 1472 quod
1167 1415 1275 1455 una
1311 1401 1382 1456 sit
1422 1401 1521 1471 (8),
1556 1402 1828 1459 catholica
1857 1405 1957 1473 (9),
1992 1404 2076 1457 in-

484 1496 860 1565 corruptibilis
881 1497 1016 1566 (10),
1037 1507 1202 1565 atque
1224 1497 1299 1551 ita
1322 1497 1611 1552 distributa
1640 1497 2073 1568 (ll)utepiscopi

483 1588 820 1661 presbyteris
837 1588 1073 1658 majores
1089 1589 1218 1654 sint;
1235 1588 1288 1642 hi
1304 1604 1434 1643 vero
1458 1589 1724 1648 diaconis.
1740 1590 1858 1645 sine
1873 1589 2074 1659 quibus

484 1688 503 1739 l
515 1685 599 1755 li!)
618 1683 919 1755 perdurare
941 1698 1050 1737 non
1072 1691 1271 1752 potest.
1294 1684 1455 1739 Docet
1473 1694 1729 1754 praeterea
1750 1683 1864 1753 (15)
1880 1698 2067 1754 quem-

494 1777 791 1833 admodum
830 1774 922 1831 ubi
960 1774 1215 1830 Christus
1266 1784 1386 1839 est,
1420 1776 1493 1829 ibi
1541 1791 1760 1845 quoque
1801 1775 2071 1830 catholica

2186 570 2271 614 est
2307 557 2422 629 (17)
2459 572 2697 628 eumque
2732 566 2791 611 ut
2825 556 2986 613 Jesus
3029 558 3287 613 Christus
3342 558 3561 614 Patrem
3615 575 3776 612 suum

2182 650 2341 721 sequi
2391 660 2623 721 oportet.
2650 648 3123 716 Quemadmodum
3154 649 3299 703 enim
3331 647 3496 704 Jesus
3522 648 3778 703 Christus

2183 742 2279 812 qui
2327 741 2710 811 inseparabilis
2767 749 2951 795 nostra
2982 742 3091 795 vita
3134 750 3253 806 est,
3301 740 3482 797 Patris
3517 741 3777 795 mandato

2182 835 2283 889 toti
2330 833 2585 889 Ecclesia:
2644 834 2969 904 praepositus
3021 842 3106 889 est
3149 834 3285 905 (18),
3334 836 3409 888 ita
3454 841 3508 888 et
3531 833 3775 903 episcopi

2181 923 2309 981 Jesu
2338 926 2547 982 Christi
2575 926 2738 997 jussu
2786 927 2963 981 eidem
3011 925 3253 996 praefecti
3293 934 3423 981 sunt
3452 939 3547 995 per
3590 925 3777 980 varias

2181 1020 2333 1076 orbis
2368 1020 2575 1091 plagas,
2619 1029 2678 1074 ut
2709 1020 2829 1091 ejus
2855 1022 3035 1076 locum
3064 1021 3383 1086 obtineant,
3410 1030 3465 1076 et
3491 1020 3772 1091 religionis

2181 1113 2417 1183 negotiis
2445 1111 2693 1181 praesint.

2254 1204 2501 1275 Ipsorum
2546 1203 2764 1259 interim
2806 1204 3050 1261 muneris
3099 1215 3185 1261 est
3229 1205 3341 1276 (l9)
3390 1204 3517 1261 Jesu
3564 1204 3772 1260 Christi

2178 1298 2484 1355 doctrinam
2510 1309 2673 1369 atque
2704 1313 2870 1370 opera
2902 1298 2956 1351 in
2992 1297 3190 1367 seipsis
3213 1298 3493 1353 exhibere.
3536 1297 3769 1368 Episco-

2177 1392 2232 1462 pi
2261 1400 2346 1448 est
2374 1392 2611 1447 ﬁdelium
2635 1401 2964 1447 conventum
2996 1392 3197 1445 habere
3226 1392 3362 1461 (20),
3401 1391 3590 1461 illique
3630 1405 3771 1460 pree-

2175 1500 2331 1552 esse;
2357 1486 2477 1541 sine
2532 1486 2653 1556 ipso
2677 1500 2856 1555 neque
2889 1484 3191 1554 baptizare,
3229 1500 3409 1555 neque
3443 1500 3648 1555 agapen
3687 1484 3771 1539 fa-

2174 1594 2321 1645 cere,
2363 1594 2540 1650 neque
2559 1581 2859 1650 quidquam
2898 1579 3047 1633 aliud
3099 1580 3248 1650 quod
3303 1580 3605 1635 Ecclesiam
3637 1597 3766 1651 spe-

2174 1684 2305 1741 ctat,
2326 1675 2545 1745 aggredi
2579 1673 2662 1730 fas
2686 1686 2790 1731 est.
2824 1674 2959 1745 Ejus
2991 1691 3213 1745 quoque
3247 1676 3587 1745 vigilantiam
3611 1677 3768 1733 decet
3860 1670 3863 1671 ν

2177 1786 2308 1823 num
2335 1768 2521 1823 ﬁdeles
2551 1783 2744 1823 omnes
2772 1768 3135 1823 conventibus
3168 1768 3443 1834 intersint,
3474 1768 3767 1837 dispicere,

485 1867 726 1923 Ecclesia
785 1875 887 1933 est,
921 1866 993 1920 ita
1025 1873 1079 1919 et
1120 1864 1194 1919 ibi
1224 1865 1463 1921 ﬁdelium
1504 1875 1831 1921 conventum
1864 1866 2066 1920 haben-
2105 1858 2149 1912 Β
2179 1870 2344 1931 atque
2370 1861 2424 1915 in
2469 1860 2718 1931 singulos
2765 1859 3091 1915 nominatim
3146 1860 3445 1930 inquirere,
3489 1870 3594 1914 etc.
3638 1858 3765 1914 Sta-

477 1962 608 2016 dum
635 1976 779 2023 esse,
807 1959 897 2014 ubi
926 1959 1215 2029 episcopus
1242 1967 1345 2014 est.
1388 1957 1609 2014 Nullum
1638 1959 1811 2014 altare
1833 1957 1946 2031 (14)
1981 1974 2072 2013 ra-

478 2063 595 2109 tum
626 2054 810 2116 habet,
838 2052 944 2106 nisi
974 2051 1025 2106 id
1058 2050 1201 2121 quod
1235 2065 1361 2106 cum
1388 2051 1484 2106 illo
1514 2066 1810 2107 commune
1831 2061 1942 2117 est;
1988 2060 2073 2106 est

475 2148 625 2203 enim
652 2146 785 2201 illud
812 2146 925 2215 (15)
952 2144 1179 2200 unitatis
1206 2145 1384 2201 locus.

546 2235 704 2305 Quod
753 2237 799 2291 si
850 2236 1116 2290 adversus
1167 2248 1388 2290 errores
1422 2247 1733 2304 pravasque
1784 2231 2069 2289 doctrinas

549 2398 627 2463 (8)
673 2415 691 2447 ι
730 2394 807 2450 Ex
825 2411 937 2466 quo
963 2396 1143 2452 fructu
1180 2395 1424 2461 (Christo
1449 2412 1551 2467 pro
1576 2397 1739 2453 nobis
1767 2398 1983 2453 conﬁxo
2009 2398 2064 2451 in

475 2468 661 2537 carne)
688 2482 789 2539 nos
822 2483 1015 2521 sumus
1046 2482 1143 2536 per
1182 2468 1425 2539 divinam
1476 2470 1689 2523 beatam
1748 2470 2064 2539 passionem

472 2540 616 2606 ejus,
643 2547 704 2590 ut
728 2538 900 2592 elevet
927 2539 1145 2607 signum
1171 2539 1229 2591 in
1260 2538 1457 2592 szecula
1480 2553 1575 2606 per
1607 2540 2065 2595 resurrectionem

474 2613 680 2679 sanctis
709 2618 763 2662 et
795 2607 1043 2663 ﬁdelibus
1072 2608 1349 2679 suis,_sive
1373 2608 1425 2679 in
1456 2607 1680 2674 Judaais,
1713 2610 1829 2679 sive
1858 2610 1911 2664 in
1932 2626 2065 2679 gen-

474 2681 623 2735 tibus
664 2677 717 2731 in
759 2693 870 2750 uno
909 2693 1140 2750 corpore
1190 2677 1448 2750 Ecclesia:
1477 2694 1611 2733 sua).
1654 2699 1671 2731 ι
1703 2679 1783 2734 Ad
1816 2677 2064 2750 S:uy'rn.,

474 2768 527 2805 ο.
558 2765 594 2803 ι.
615 2777 684 2787 ——
718 2767 736 2799 ι
779 2746 934 2802 Unus
964 2746 1047 2801 est
1076 2747 1237 2802 Jesus
1284 2748 1567 2819 Christus,
1621 2765 1733 2819 quo
1765 2746 2070 2819 nihil'prae-

473 2820 718 2875 stantius
752 2829 855 2874 est.
891 2819 1097 2873 Omnes
1156 2819 1345 2886 itaque
1398 2818 1546 2873 velut
1597 2818 1653 2873 in
1699 2836 1875 2874 unum
1928 2818 2065 2874 tem-

466 2892 624 2960 plum
656 2889 749 2944 Dei
779 2888 1112 2960 concurrite,
1167 2890 1312 2942 velut
1363 2890 1641 2960 aclunum
1689 2891 1884 2960 altare,
1918 2891 2066 2946 velut

472 2958 543 3016 ad
583 2976 754 3014 unum
806 2958 990 3014 Jesum
1028 2959 1332 3030 Christum,
1364 2958 1455 3028 qui
1502 2963 1571 3014 ab
1601 2975 1712 3014 uno
1738 2959 1898 3015 Patre
1930 2977 2062 3030 pro-

474 3033 574 3096 dit,
604 3039 659 3084 et
709 3030 761 3083 in
800 3045 912 3083 uno
959 3029 1165 3091 existit,
1222 3030 1277 3082 in
1333 3044 1504 3083 unum
1564 3032 1879 3085 revertitur.
1920 3049 1939 3082 ι
1982 3032 2062 3086 Ad

472 3101 810 3181 Magnesiam:
842 3099 894 3181 ’1ἶ
933 3129 1003 3142 —-
1028 3118 1045 3150 ‹
1080 3099 1269 3181 1111113,
1299 3115 1422 3168 qum
1452 3100 1805 3181 circumfero,
1828 3102 2064 3181 vinculis
2091 3124 2135 3181 α

466 3170 637 3228 laudo
684 3170 984 3235 Ecclesias,
1040 3170 1243 3239 quibus
1287 3181 1418 3237 opto
1448 3172 1706 3225 unionem
1745 3174 2051 3227 secundum

472 3258 698 3299 carnem
733 3249 788 3296 et
820 3238 1072 3308 spiritum
1121 3238 1251 3294 Jesu
1293 3240 1520 3306 Christi,
1568 3241 1919 3311 sempiterna:
1962 3259 2062 3298 no-

469 3324 602 3438 lﬁt)?
632 3313 781 3378 vitaz,
820 3312 965 3376 fidei,
997 3320 1070 3376 et,
1098 3313 1183 3365 cui
1213 3311 1345 3364 nihil
1374 3310 2054 3381 praefertur,’charitatis.p

535 3403 546 3438 l
592 3424 632 3438 ..
659 3399 709 3438 c.
736 3396 774 3435 ι.

496 3386 632 3441 bid..
659 3399 709 3439 c.
736 3396 774 3435 ι.

544 3427 632 3522 Ῐόί
661 3427 831 3507 ilbi
862 3450 1026 3505 fuerit
1058 3450 1310 3506 Christus
1333 3449 1516 3519 Jesus,
1568 3452 1643 3508 ibi
1666 3453 1942 3509 catholica
1976 3463 2060 3511 est

474 3525 735 3585 Ecclesia.
775 3542 793 3574 ι
830 3522 915 3593 Ad
936 3523 1182 3593 ngyrn”
1215 3537 1335 3588 cap.
1364 3522 1416 3575 8.

546 3596 659 3666 (10)
706 3612 724 3645 ε
760 3593 841 3649 Ob
870 3592 924 3666 i_d
962 3591 1228 3666 Dominus
1252 3594 1313 3666 _in
1345 3591 1523 3666 capite
1564 3607 1681 3666 suo,
1712 3596 1923 3665 accepit
1954 3612 2059 3650 un-

473 3661 754 3789 ﬁnitimum,
778 3661 1137 3788 uit7Ecclesia:
1182 3662 1353 3733 spiret
1381 3661 1875 3736 incorruptionem.
1913 3685 1933 3721 ι
1972 3668 2054 3722 Ad

500 3755 552 3789 ,υ
589 3752 694 3789 es..
725 3752 775 3789 c.
883 3775 895 3787 .

468 3743 694 3797 Ephes.,
725 3752 775 3790 C.
808 3743 832 3788 1
845 3743 895 3787 7.

520 3755 1032 3878 Ἧῖῗηιϐριἶίίίῳιοι
1083 3801 1222 3878 Dei,_
1253 3799 1505 3878 et_.iesu_
1544 3802 1745 3878 Christi
1804 3815 1953 3874 sunt,
1994 3806 2053 3862 hi

467 3873 602 3933 sunt
634 3873 774 3932 'cnm
817 3873 1100 3946 episcopo.
1143 3892 1162 3925 ι
1197 3873 1278 3946 Ad
1316 3873 1684 3946 Pliiladelph.,
1731 3890 1855 3945 cap.
1894 3873 1947 3933 δέ
1980 3907 2055 3917 ——-

472 3966 493 4000 ‹
527 3947 650 4002 Filii
678 3944 864 4017 itaque
891 3944 1029 4000 lucis
1060 3954 1114 3998 et
1139 3944 1408 4017 veritatis,
1436 3944 1607 4015 fugite
1629 3944 2048 4004 divisiones.....

467 4018 560 4073 ubi
588 4015 791 4072 autem
817 4025 1006 4086 pastor
1037 4024 1142 4079 est,
1178 4015 1383 4086 eodem
1416 4024 1475 4069 ut
1497 4030 1633 4086 oves
1661 4018 1991 4086 sequamini.
2024 4037 2045 4070 ι

464 4088 626 4154 lbid.,
657 4103 708 4143 c.
738 4089 792 4141 2.
812 4084 909 4136 ‘—-«
940 4086 1077 4140 Cum
1107 4084 1360 4155 episcopo
1386 4084 1614 4155 subjecti
1648 4084 1804 4152 estis,
1840 4097 1900 4142 ut
1921 4086 2050 4143 Jesu

454 4159 707 4220 Christo,
737 4155 996 4226 videmini
1045 4154 1340 4226 mibi__non
1392 4154 1695 4210 secundum
1748 4158 2047 4226 hominem,

465 4228 561 4285 sed
590 4227 890 4284 secundum
939 4224 1129 4280 Jesum
1162 4223 1446 4278 Christum
1489 4227 1765 4282 vivere....
1796 4223 2050 4284 uecessaé

466 4300 610 4354 rium
654 4300 852 4368 itaque
886 4304 997 4368 est,
1055 4294 1521 4368 quemadmodum
1579 4296 1778 4364 facitis,
1820 4307 1878 4353 ut
1929 4299 2049 4354 sine

463 4371 726 4439 episcopo
752 4365 1138 4439 'nihilhagatis
1176 4365 1341 4439 ;h_sed
1376 4375 1438 4439 et
1482 4368 1802 4439 presbytero
1842 4369 2046 4424 subditi

2180 1950 2284 2006 tuti
2324 1950 2507 2006 adhuc
2550 1966 2647 2021 per
2687 1966 2753 2006 ea
2801 1958 3049 2021 tempora
3094 1950 3211 2006 dies
3248 1966 3355 2005 non
3381 1960 3539 2006 erant
3564 1952 3768 2020 quibus

2176 2052 2323 2096 esset
2355 2040 2829 2104 conveniendum;
2866 2056 3058 2095 verum
3100 2038 3165 2101 S.
3206 2038 3469 2111 lgnatius,
3508 2051 3567 2095 ut
3597 2056 3763 2110 quam

2178 2134 2480 2203 saepissime
2532 2134 2880 2201 habeantur,
2925 2134 3277 2189 commendat
3320 2134 3453 2203 (21).
3512 2132 3668 2200 Quod
3714 2135 3764 2188 si

2176 2225 2474 2296 quidquam
2515 2226 2782 2295 gravioris
2812 2224 3075 2281 momenti
3123 2224 3424 2292 accidebat,
3467 2224 3764 2279 concilium

2174 2394 2342 2449 unius
2388 2403 2555 2464 atque
2601 2393 2828 2449 alterius
2880 2392 3124 2463 precatio
3179 2402 3359 2448 tantas
3405 2393 3548 2447 vires
3577 2392 3764 2464 habet,

2170 2475 2379 2534 quanto
2413 2461 2588 2533 magis
2624 2464 2739 2527 illa,
2785 2461 2909 2533 quae
2939 2463 3183 2534 episcopi
3216 2474 3324 2528 est,
3371 2473 3425 2518 et
3458 2464 3627 2518 totius
3650 2461 3761 2518 Ec;

2170 2537 2349 2591 clesire
2373 2536 2396 2588 ἲ
2427 2535 2531 2601 Qui
2555 2535 2720 2605 igitur
2747 2535 2801 2588 in
2824 2543 3156 2589 conventum
3190 2550 3299 2588 non
3328 2535 3497 2594 venit.
3528 2534 3760 2605 hicjam

2171 2606 2428 2675 superbia
2458 2606 2637 2661 elatus
2672 2616 2776 2670 est,
2810 2606 3065 2675 seipsum
3099 2606 3373 2673 separavit
3422 2616 3586 2674 atque
3610 2604 3765 2673 judi~

2170 2674 2335 2730 cavit.
2374 2676 2647 2743 Scriptum
2683 2689 2766 2731 est
2791 2676 2985 2730 enim:
3046 2674 3296 2743 Superbia
3358 2676 3497 2729 Deus
3550 2678 3755 2729 resistit

2173 2747 2316 2816 (Jac.
2373 2763 2448 2807 Iv,
2482 2746 2573 2815 6);
2606 2747 2927 2816 Studeamus
2960 2746 3123 2815 igitur
3169 2746 3429 2815 epist-opo
3464 2762 3570 2799 non
3608 2747 3753 2799 resi-

2172 2827 2340 2880 stere,
2376 2826 2434 2871 ut
2463 2818 2639 2871 simus
2663 2815 2897 2885 subjecti
2934 2816 3063 2870 Deo.
3106 2834 3125 2866 ι
3163 2817 3244 2870 Ad
3278 2816 3504 2886 Ephes.,
3534 2832 3656 2886 cap.
3700 2818 3753 2871 5.

2245 2888 2359 2955 (16)
2408 2906 2426 2938 ι
2457 2887 2497 2940 Α
2530 2888 2731 2941 talibus
2779 2887 3075 2955 (haereticis
3119 2896 3173 2941 et
3216 2888 3628 2946 seductoribus)
3658 2903 3757 2943 vus

2169 2959 2475 3013 custodite:
2503 2958 2648 3026 quod
2687 2959 2795 3020 ﬁet,
2834 2957 2880 3013 si
2914 2957 3084 3011 inflati
3118 2973 3226 3011 non
3260 2956 3494 3023 fueritis,
3521 2968 3573 3011 et
3601 2958 3760 3011 .indi-

2170 3029 2310 3082 vulsi
2364 3028 2732 3099 manseritisa
2761 3027 2874 3099 Deo
2913 3027 3042 3081 Jcsu
3087 3027 3327 3099 Chljsto,
3367 3038 3421 3082 et
3470 3029 3753 3099 episcopo,

2168 3107 2222 3153 et
2259 3098 2546 3169 prmceptis
2584 3098 2979 3168 apostolorum.
3022 3118 3039 3150 ι
3076 3098 3155 3151 Ad
3182 3097 3375 3159 Trall.,
3400 3114 3451 3154 c.
3486 3099 3534 3153 7.

2242 3167 2354 3239 (17)
2400 3167 2671 3224 (Omnes
2728 3170 3047 3239 episcopum
3107 3169 3436 3239 sequimini,
3493 3178 3553 3224 ut
3591 3168 3758 3226 Jesus

2164 3238 2417 3295 Christus
2450 3239 2687 3309 Patrem.
2711 3259 2731 3292 ι
2764 3238 2846 3295 Ad
2879 3240 3127 3309 Smyrn.,
3160 3238 3210 3294 cl
3237 3240 3291 3293 8.

2237 3310 2348 3381 (t8)
2390 3329 2409 3362 ι
2449 3307 2610 3365 Jesus
2639 3308 2893 3366 Christus
2945 3307 3336 3380 inseparabilis
3391 3320 3578 3365 nostra
3610 3312 3747 3377 vita,

2162 3379 2343 3435 Patris
2386 3389 2471 3435 est
2503 3382 2814 3451 sententia;
2843 3390 2903 3436 ut
2940 3391 2996 3435 et
3033 3379 3275 3451 episcopi
3306 3396 3402 3450 per
3444 3390 3605 3435 terrae
3635 3392 3749 3435 ter-

2163 3454 2344 3506 minos
2380 3451 2591 3506 deliniti
2626 3460 2679 3505 et
2707 3450 2835 3506 Jesu
2869 3452 3079 3507 Christi
3110 3462 3240 3506 sunt
3270 3451 3567 3507 sententia.
3600 3471 3617 3503 ι
3663 3453 3747 3506 Ad

2160 3522 2383 3592 Ephes.,
2420 3540 2472 3575 c.
2502 3523 2555 3576 5.
2578 3541 2684 3573 -‹
2715 3522 3109 3592 Quemcunque
3132 3523 3296 3576 mittit
3323 3520 3744 3587 Paterfamilias,

2159 3592 2225 3647 ad
2260 3593 2671 3663 gubernandam
2713 3592 3179 3660 familiamsuam,
3214 3593 3361 3648 hunc
3394 3594 3467 3663 ita
3498 3594 3751 3662 accipere

2159 3662 2446 3734 debemus,
2502 3672 2561 3717 ut
2606 3664 2759 3717 illum
2793 3664 2996 3733 ipsum,
3035 3664 3131 3734 qui
3170 3664 3357 3718 mittit.
3391 3662 3742 3717 Manifestum

2159 3733 2326 3805 igitur
2371 3743 2455 3805 est
2493 3735 2639 3804 quod
2691 3734 3012 3805 episcopum
3057 3733 3351 3805 respicere
3387 3741 3658 3803 oporteat,
3688 3744 3751 3788 ut

2156 3802 2337 3877 ipsum
2373 3802 2685 3877 Dominum.
2710 3802 2743 3857 ί
2768 3802 2926 3867 Ibid},
2960 3821 3080 3877 cap.
3119 3802 3299 3877 (ξζέε
3338 3802 3525 3877 Itaque
3559 3806 3750 3859 hortor

2158 3884 2213 3928 ut
2249 3874 2353 3929 hoc
2383 3874 2455 3927 sit
2478 3885 2720 3929 vestrum
2744 3873 3101 3939 studiumfin
3126 3873 3219 3930 Dei
3238 3873 3534 3930 concordia
3558 3878 3746 3930 omnia

2157 3945 2609 4017 agereepiscopo
2639 3946 2963 4016 praesidente
2991 3946 3085 4002 Dei
3117 3946 3307 4001 loco...
3325 3966 3343 3999 ι
3372 3946 3451 4001 Ad
3474 3945 3744 4017 Magnes,

2156 4030 2276 4069 can.
2308 4014 2361 4069 6.

2384 4083 2507 4166 vid.
2539 4086 2757 4166 epistol.
2787 4084 2846 4140 S.
2873 4084 3066 4157 lgnatii
3097 4088 3163 4142 ad
3194 4086 3580 4159 Polycarpum,
3615 4102 3743 4158 qua:

2152 4158 2349 4227 partim
2385 4158 2530 4227 circa
2556 4158 2942 4227 episcoporum
2977 4174 3203 4213 munera
3231 4158 3503 4214 versatur.

2226 4224 2339 4306 (ῼο)
2388 4246 2404 4278 ι
2439 4224 2605 4280 Νἰὺὶῑ
2640 4224 2897 4306 εἰιιὸᾑῑιιθ
2934 4230 3220 4306 voluntate
3243 4230 3337 4284 ﬁat
3360 4230 3635 4306 (episcope
3658 4230 3669 4281 !
3692 4231 3736 4306 )_,

2152 4298 2402 4369 crebrius
2431 4308 2732 4369 conventus
2772 4298 2924 4363 ﬁant,
2958 4300 3280 4355 nominatim
3332 4298 3527 4354 omnes
3562 4301 3743 4369 inqui-

2152 4384 2239 4441 re.
2272 4384 2290 4441 ρ
2326 4367 2405 4423 Ad
2439 4367 2753 4441 Polycarp.,
2788 4385 2837 4423 c.
2874 4369 3017 4422 4.-
3039 4395 3056 4421 ι
3103 4369 3236 4425 Sine
3282 4372 3544 4441 episcopo
3574 4367 3739 4424 nemo

464 4433 702 4526 sitishut
727 4437 991 4526 apostolis
1007 4433 1145 4526 'Jesq
1176 4433 1410 4526 Ehrlilsti,
1438 4433 1793 4526 etadiac'onos
1832 4449 2047 4509 oportet
2080 4470 2126 4526 Ι)
2154 4438 2455 4526 quidquam
2518 4433 2691 4526 faciat
2734 4456 3127 4526 eorum,lquaz
3164 4443 3246 4526 ad.
3275 4433 3584 4526 Ecclesium
3612 4455 3738 4521 spe-

464 4503 722 4565 omnibus
743 4503 977 4579 placere.
1012 4525 1030 4559 )
1069 4506 1148 4560 Ad
1176 4503 1452 4579 Trall.,c.
1490 4507 1546 4561 2.

538 4580 652 4650 (12)
698 4598 717 4631 ‹
744 4578 939 4650 Cuncti
977 4586 1335 4650 revereantur
1363 4578 1698 4650 diacmlos...
1746 4589 1799 4635 et
1833 4581 2048 4650 episco—

464 4648 662 4721 pum...
702 4661 756 4705 et
786 4649 1225 4721 presbyteros....
1251 4648 1371 4703 sine
1406 4648 1491 4705 his
1531 4648 1775 4704 Ecclesia
1809 4648 1919 4705 non
1952 4669 2048 4708 vo-

462 4732 639 4778 catur.
676 4722 825 4786 »11).,
859 4735 907 4774 c.
931 4722 983 4772 3.

563 4792 652 4862 15)
699 4811 717 4844 ι
754 4791 854 4847 Ubi
885 4789 1260 4862 comparuerit.
1293 4789 1607 4862 episcopus,
1651 4789 1727 4862 ibi
1777 4802 1832 4846 et
1857 4792 2044 4848 multi-

461 4859 597 4919 tudo
625 4859 730 4930 Sit;
758 4860 1215 4932 quemadmodum
1237 4860 1333 4932 ubi
1364 4859 1817 4932 fueritChristus,
1849 4863 1924 4917 ibi
1947 4879 2042 4919 ca-

461 4933 663 4990 tholica
703 4929 789 4988 est
821 4931 1081 4987 Ecclesia.
1117 4949 1135 4981 ι
1179 4930 1260 4985 Ad
1297 4931 1540 5001 Smyrn.,
1574 4946 1624 4985 c.
1672 4929 1724 4986 8.

537 5005 651 5076 (14)
686 5023 714 5058 ν(
744 5002 892 5076 Rata
931 5001 1268 5076 eucharistia
1301 5002 1568 5055 habeatur
1616 5002 1728 5076 illa,
1783 5017 1910 5076 quae
1936 5005 2040 5059 sub

460 5072 722 5145 episcopo
761 5073 945 5145 fuerit,
976 5072 1058 5126 vel
1091 5073 1181 5126 cui
1211 5073 1709 5145 ipsegconccsserit.
1745 5092 1763 5124 ι
1801 5072 1936 5128 Ibid.
1969 5104 2039 5113 -ο

464 5142 625 5213 (Qui
653 5142 802 5200 intra
830 5144 1002 5198 altare
1039 5153 1141 5207 est,
1174 5142 1415 5196 mundus
1448 5152 1531 5196 est
1556 5144 1682 5212 ;qui
1714 5159 1843 5198 vero
1883 5154 2036 5200 extra

459 5229 568 5283 est,
604 5216 842 5271 mundus
884 5230 988 5267 non
1033 5223 1145 5268 est:
1184 5213 1287 5266 hoc
1332 5214 1540 5284 estqui
1602 5214 1719 5269 sine
1754 5215 2033 5284 episcopo,

459 5301 514 5343 et
540 5286 899 5357 presbyterio,
937 5293 990 5338 et
1020 5284 1268 5357 diaconis
1311 5283 1610 5357 quidq_uam_
1655 5284 1797 5357 agit,
1843 5284 1891 5339 is
1922 5283 2033 5339 non

459 5353 809 5413 est—mundus
839 5357 892 5409 in
920 5354 1274 5409 conscientia.
1308 5370 1323 5402 ι
1362 5354 1440 5408 Ad
1466 5353 1659 5419 Trall.,
1680 5370 1730 5407 c.
1767 5353 1818 5408 7.

531 5429 646 5497 (15)
684 5447 703 5480 ‹
733 5425 964 5496 Operam
1007 5424 1147 5497 detis
1178 5434 1239 5497 ut
1266 5438 1371 5497 una
1405 5423 2031 5497 eucharistiautamini;

459 5493 568 5554 una
602 5493 749 5555 enim
782 5493 871 5551 est
908 5510 1038 5550 caro
1069 5493 1287 5548 Domini
1324 5495 1497 5547 nostri
1542 5493 1672 5549 Jesu
1713 5493 1938 5558 Christi,
1980 5504 2035 5549 et

461 5584 607 5624 unus
635 5568 777 5623 calix
809 5567 864 5620 in
896 5566 1161 5619 unitatem
1191 5565 1476 5632 sanguinis
1502 5565 1708 5634 ipsius;
1744 5579 1915 5617 unum
1952 5566 2033 5619 al—

462 5648 600 5704 tare,
634 5640 778 5693 sicut
808 5652 951 5691 unus
985 5636 1277 5705 episcopus
1307 5649 1432 5687 cum
1469 5634 1807 5705 presbyterio
1833 5645 1887 5689 et
1910 5636 2032 5689 dia-

458 5710 634 5763 conis.
669 5724 689 5759 )
741 5708 820 5761 Ad
865 5703 1152 5771 Phtladel.,
1178 5703 1245 5758 7c.
1276 5705 1328 5758 4.
1372 5723 1477 5754 -ι
1511 5703 1677 5759 Nemo
1715 5713 1896 5760 erret:
1926 5707 2032 5762 nisi

461 5781 586 5849 quis
631 5779 772 5833 intra
812 5776 984 5833 altare
1030 5776 1124 5844 sit,
1176 5775 1422 5846 privatur
1477 5791 1613 5843 pane
1645 5775 1758 5830 Dei.
1790 5776 1847 5830 Si
1883 5777 2028 5832 enim

2153 4515 2323 4565 ctant.
2357 4510 2493 4582 fiala
2522 4511 2859 4582 eucharistia
2896 4510 3159 4566 habeatur
3192 4512 3307 4577 illa,
3345 4528 3467 4582 quae
3502 4513 3605 4565 sub
3627 4513 3740 4581 epi-

2151 4592 2321 4651 scopo
2350 4580 2534 4644 fuerit,
2586 4581 2670 4635 vel
2707 4581 2795 4636 cui
2836 4583 2953 4651 ipse
2985 4584 3336 4638 concesserit.
3364 4580 3475 4639 “Ubi
3512 4580 3739 4651 compa-

2149 4648 2325 4706 ruerit
2355 4651 2668 4721 episcopus,
2703 4651 2775 4705 ibi
2806 4648 2870 4706 et‘
2897 4653 3193 4708 multitudo
3222 4654 3387 4709 sit....
3425 4651 3545 4707 Non
3610 4648 3739 4706 licet

2147 4724 2267 4795 sine
2295 4724 2553 4792 episcopo
2585 4736 2763 4795 neque
2803 4722 3102 4795 baptizare,
3140 4740 3316 4795 neque
3345 4740 3552 4795 agapen
3590 4725 3738 4778 cele-

2146 4794 2339 4857 brare;
2372 4796 2467 4865 sed
2507 4792 2878 4862 quodcunque
2906 4794 2995 4849 ille
3025 4792 3498 4865 probaverit,'hoc
3528 4803 3581 4847 et
3620 4795 3734 4848 Deo

2142 4875 2227 4919 est
2264 4863 2686 4932 beueplacitum,
2716 4872 2788 4935 qut
2828 4863 3036 4935 tutum’
3066 4863 3369 4935 ratumque
3408 4868 3501 4931 sit,
3550 4864 3732 4935 quod-

2144 4949 2363 5004 cunque
2407 4935 2607 5005 agitur.
2646 4953 2664 4984 ι
2700 4933 2780 4988 Ad
2824 4933 3025 5005 Smyrn
3054 4976 3074 4998 η
3105 4952 3153 4993 c.
3185 4937 3239 4991 8.
3267 4933 3334 4974 L-
3361 4955 3380 4989 ‹
3416 4933 3585 4991 Decet
3618 4953 3729 4989 nutt

2144 5002 2307 5059 modo
2342 5002 2525 5058 vocari
2547 5002 3039 5076 Christianos,'sed
3077 5010 3245 5061 etiam
3275 5022 3430 5072 esse;
3462 5005 3732 5076 quemad-

2142 5077 2365 5130 modum
2400 5074 2991 5146 uonuulliepiscopum
3026 5078 3246 5146 quidem
3298 5074 3609 5143 nominant,
3631 5077 3726 5130 sed

2140 5146 2260 5200 sine
2290 5146 2615 5227 ipsoomnia
2644 5144 2871 5227 faciunt.
2907 5144 3069 5227 Tales
3109 5163 3240 5203 vero
3274 5164 3381 5227 non
3418 5151 3561 5202 bona
3590 5148 3727 5227 mihi

2138 5217 2487 5289 conscientia,
2517 5217 2725 5285 praediti
2757 5232 2879 5271 esse
2909 5218 3189 5283 videntur,
3227 5221 3357 5289 quia
3410 5235 3520 5274 non
3563 5217 3731 5289 stabi-

2140 5286 2262 5341 liter
2287 5288 2589 5410 secuqdum
2619 5296 2951 5358 praeceptum
2987 5286 3412 5361 congregantur.
3448 5311 3467 5343 ι
3498 5293 3579 5346 Ad
3611 5288 3730 5342 Ma-

2140 5372 2312 5410 unes..
2340 5372 2388 5410 c.
2466 5395 2482 5410 .
2522 5374 2531 5378 ’

2174 5373 2312 5419 "83.,
2340 5372 2388 5412 C.
2426 5372 2482 5410 4v.
2522 5374 2531 5378 ’

2137 5372 2388 5497 ιζΠῗέ1’)ϐέ
2426 5372 2641 5503 gagpius
2679 5436 2984 5484 conventus
3026 5429 3187 5503 ﬁant.
3215 5446 3234 5483 ι
3277 5428 3358 5484 Ad
3400 5428 3727 5503 Polycarp.,

2136 5512 2321 5572 supra.
2340 5527 2410 5572 -_—
2434 5516 2453 5549 ι
2487 5498 2619 5572 Date
2647 5513 2892 5572 operam,
2930 5508 2988 5553 ut
3017 5501 3265 5572 crebrius
3287 5498 3725 5572 congregemiiii,

2134 5569 2202 5621 ad
2251 5568 2456 5637 gratias
2509 5567 2619 5622 Deo
2654 5569 2915 5638 agendas,
2954 5579 3007 5624 et
3056 5571 3123 5623 ad
3175 5588 3301 5627 eum
3354 5567 3721 5628 laudandum.

2133 5638 2364 5703 Quando
2397 5638 2543 5693 enim
2568 5641 2768 5707 saepius
2802 5640 2854 5692 in
2876 5640 3018 5694 idem
3050 5641 3156 5696 loci
3202 5644 3532 5707 convenitis,
3573 5645 3725 5699 labe-

2134 5708 2408 5763 factantur
2455 5708 2601 5763 vires
2648 5708 2885 5775 Satanae,
2919 5719 2973 5765 et
3003 5713 3292 5767 concordia
3348 5725 3545 5769 vestrae
3599 5714 3726 5769 ﬁdei

2133 5779 2629 5848 solvitur-exitium,
2657 5781 2801 5849 quod
2822 5781 2909 5837 ille
2930 5781 3113 5837 infert.
3143 5802 3161 5835 ι
3185 5784 3267 5839 Ad
3291 5781 3519 5855 Ephes.,
3540 5802 3593 5840 c.
3634 5784 3722 5843 13.
