4134 6390
500 378 592 433 591

1504 381 1561 438 S.
1592 384 1941 442 IGNATIUS.
1982 418 2051 428 --
2088 388 2608 450 PRULEGOMENA.

3678 406 3781 461 59?».

491 499 778 554 hominum
834 500 1052 555 animos
1102 500 1154 553 in
1207 500 1359 555 cmlis
1413 502 1480 557 de
1526 504 1768 560 Ecclesia
1814 516 1977 577 atque
2011 509 2078 563 de
2250 515 2453 588 duabus
2494 519 2719 583 naturis,
2765 536 2868 573 una
2898 536 3150 588 persona,
3194 531 3243 575 et
3276 522 3339 575 B.
3380 522 3439 577 V.
3464 522 3653 579 Maria:
3699 528 3755 579 di

493 590 742 645 ﬁdelibus
780 592 1043 646 sollicitos
1072 606 1214 654 esse,
1246 608 1371 646 cum
1408 595 1474 648 ad
1512 593 1681 650 Trall.
1719 599 1835 654 haec
1869 600 2079 655 scribe-

496 684 585 738 bat
618 684 732 753 (56)
760 703 773 737 :
804 702 822 735 ι
853 683 1045 753 Expiet
1096 700 1192 738 vos
1238 684 1465 754 spiritus
1520 704 1707 756 meus;
1746 706 1855 745 non
1912 693 2079 747 modo

496 792 674 841 nunc,
725 776 819 831 sed
873 788 927 831 et
983 776 1074 830 ubi
1124 776 1296 830 Deum
1354 789 1549 836 nactus
1602 782 1826 837 fuero.»
1879 782 2079 841 Varios

492 869 656 922 etiam
684 868 797 940 (57)
832 871 1147 941 angelorum
1181 866 1384 938 gradus
1409 878 1462 924 et
1494 872 1897 943 principatuum
1932 875 2079 928 ordi—

495 976 591 1016 nes
627 962 860 1016 invicem
907 963 1217 1032 distinguit,
1255 978 1321 1017 ac
1368 961 1470 1017 SS.
1507 963 1730 1018 Petrum
1759 974 1813 1019 et
1844 964 2078 1020 Paulum

493 1051 654 1106 ﬁdem
690 1051 957 1107 Romanis
987 1052 1101 1121 (58)
1134 1053 1497 1109 annuntiasse
1533 1056 1825 1125 signiﬁcat.

564 1164 669 1219 Ubi
718 1164 959 1218 ﬁdelium
1003 1164 1243 1232 aliquem
1288 1163 1614 1234 sanguinem
1645 1180 1806 1220 suum
1837 1181 1938 1236 pro
1972 1166 2079 1221 ﬁde

492 1256 770 1311 effundere
815 1254 1098 1309 eveniebat
1132 1255 1268 1323 (59),
1305 1265 1609 1312 conventus
1658 1257 1964 1312 habebatur
2011 1256 2076 1311 ad

494 1363 675 1420 grates
717 1349 828 1403 Deo
863 1365 959 1418 per
1000 1348 1186 1404 Jesum
1222 1348 1501 1404 Christum
1538 1350 1868 1415 reddendas,
1903 1366 2078 1421 eaque

493 1446 561 1498 de
592 1462 649 1500 re
682 1446 870 1514 hymni
904 1456 959 1502 et
991 1452 1201 1502 cantica
1243 1449 1692 1505 concinebantur.
1720 1444 2077 1514 lntelligimus

492 1545 673 1591 autem
705 1554 772 1592 ex
804 1554 1021 1593 summo
1062 1538 1154 1593 illo
1186 1537 1242 1593 S.
1281 1539 1498 1610 lgnatii,
1530 1537 1678 1607 quod
1725 1535 1778 1589 in
1830 1532 2076 1603 epistolis

494 1630 610 1684 suis
641 1629 922 1698 prtesefert
954 1631 1091 1699 (40),
1128 1632 1453 1702 martyrium
1484 1628 1721 1700 patiendi
1780 1626 2074 1691 desiderio,

494 1723 722 1777 ﬁrmiter
748 1739 873 1781 eum
904 1724 1233 1792 credidisse,
1280 1724 1428 1779 illico
1462 1739 1520 1779 se
1562 1721 1655 1775 Dei
1698 1720 1985 1790 praesentia
2019 1721 2075 1773 in

492 1815 648 1870 caelis
685 1815 1002 1870 fruiturum.
1043 1814 1179 1869 Illud
1211 1816 1378 1871 etiam
1426 1814 1811 1869 observatione
1844 1812 2073 1883 dignum

491 1910 663 1963 videri
701 1910 891 1978 possit,
924 1910 1069 1979 quod
1111 1910 1399 1979 mancipiis
1434 1908 1690 1963 Ecclesiae
1731 1904 2078 1961 inservienti-

490 2002 595 2057 bus
629 2002 1079 2057 manumissionis
1108 2002 1438 2057 desiderium
1466 2000 1777 2063 iuterdicat,
1812 2019 1829 2049 ‹
1858 1996 1956 2063 Ne,
1994 1998 2079 2050 in-

491 2094 628 2163 quit,
645 2092 773 2162 ’(41)
807 2092 1065 2146 vitiorum
1119 2092 1391 2161 mancipia
1435 2092 1745 2147 ﬁerent.....
1768 2110 1787 2141 1
1820 2090 1905 2145 sui
1947 2104 2077 2143 vero

491 2182 755 2251 temporis
784 2182 1072 2237 haereticos
1109 2183 1183 2237 ita
1215 2182 1497 2238 describit.
1525 2182 1637 2253 (42)
1668 2202 1687 2233 ι
1714 2181 2077 2236 Considerate

489 2289 584 2330 eos
617 2276 709 2344 qui
745 2275 978 2330 alienam
1014 2275 1327 2345 opinionem
1364 2285 1590 2331 tuentur
1616 2284 1807 2331 contra
1844 2274 2074 2344 gratiam

488 2365 617 2421 Jesu
650 2367 885 2429 Christi,
920 2383 1042 2437 qua!
1076 2367 1142 2421 ad
1179 2383 1283 2422 nos
1334 2368 1517 2433 venit,
1562 2368 1598 2422 ii
1634 2369 1912 2438 quomodo
1947 2373 2077 2421 sunt

490 2458 753 2512 contrarii
804 2458 1088 2513 sententiae
1118 2457 1212 2512 Dei
1242 2478 1253 2511 :
1289 2459 1356 2514 de
1384 2460 1651 2514 charitate
1687 2476 1794 2514 non
1826 2467 1911 2513 est
1940 2473 2075 2512 cura

492 2548 648 2618 ipsis,
671 2564 777 2603 non
797 2549 863 2604 de
881 2549 1064 2612 vidua,
1080 2550 1274 2605 nonde
1290 2551 1559 2621 orphano,
1580 2553 1773 2606 nonde
1790 2564 2073 2620 oppresso,

491 2656 599 2694 non
636 2641 703 2695 de
748 2641 931 2696 vincto
962 2642 1045 2694 vel
1091 2641 1271 2696 soluto
1295 2682 1310 2708 ,
1345 2658 1454 2696 non
1485 2642 1553 2697 de
1578 2643 1856 2697 esuriente
1892 2639 1978 2695 vel
2009 2639 2077 2694 de

490 2731 728 2787 sitiente.
780 2734 864 2787 Ab
902 2734 1238 2790 eueharistia
1286 2747 1341 2789 et
1384 2736 1631 2789 oratione
1667 2736 1962 2798 abstinent,
2008 2748 2076 2786 eo

491 2823 637 2893 quod
672 2838 779 2877 non
826 2826 1191 2881 conﬁteantur
1250 2826 1641 2881 eucharistiam
1695 2842 1916 2881 carnem
1953 2845 2077 2885 esse

494 2916 796 2971 Salvatoris
829 2918 1025 2983 nostri,
1067 2934 1189 2988 quae
1221 2934 1320 2988 pro
1370 2919 1613 2988 peccatis
1658 2919 1863 2973 nostris
1913 2936 2077 2991 passa

489 3016 594 3070 est,
619 3023 782 3077 quam
805 3006 966 3063 Pater
991 3024 1089 3063 sua
1114 3008 1448 3078 benignitate
1475 3010 1781 3064 suscitavit.
1816 3009 1919 3077 Qui
1947 3027 2077 3083 ergo

490 3098 872 3153 contradicunt
904 3098 1032 3153 huic
1054 3100 1199 3153 dono
1234 3099 1349 3166 Dei,
1380 3101 1703 3156 altercantes
1738 3103 2072 3159 moriuntur.

492 3187 637 3244 Utile
685 3199 864 3245 autem
916 3198 1062 3244 esset
1110 3189 1375 3260 diligere,
1430 3199 1491 3243 ut
1544 3200 1597 3244 et
1644 3202 2015 3261 resurgerent.
2050 3212 2068 3245 1
2102 3210 2144 3265 C

490 3280 975 3351 Eisdem‘quoque
1021 3282 1342 3351 exprobrat,
1378 3282 1522 3351 quod
1578 3283 1645 3335 ad
1698 3283 1847 3336 illam
1899 3299 2074 3355 usque

489 3375 632 3429 diem
660 3374 772 3445 (45)
797 3389 969 3443 neque
998 3375 1296 3443 prophetat,
1328 3390 1505 3443 neque
1529 3375 1616 3429 lex
1641 3373 1863 3445 Moysis,
1894 3393 2074 3446 neque

488 3466 866 3537 Evangelium,
901 3482 1076 3536 neque
1108 3476 1411 3538 martyrum
1450 3476 1724 3521 tormenta
1768 3484 1863 3523 eos
1890 3469 1957 3523 ab
1986 3485 2073 3524 er-

488 3575 612 3615 rore
647 3575 902 3614 revocare
930 3561 1225 3628 potuerint.
1263 3558 1338 3613 De
1374 3559 1496 3614 istis
1528 3575 1747 3631 quoque
1793 3562 2074 3630 accipien-

486 3654 617 3707 dum
649 3662 754 3715 est,
784 3654 897 3724 (Ui)
921 3655 1064 3724 quod
1091 3655 1207 3709 ait:
1237 3673 1255 3704 1
1286 3654 1542 3710 Excelsas
1567 3672 1814 3727 quasque
1840 3657 1892 3710 in
1920 3658 2073 3713 coelis

486 3754 792 3813 creaturas,
835 3745 1056 3813 angelos
1106 3760 1437 3814 quacunque
1480 3745 1700 3800 demum
1741 3747 1912 3817 gloria
1962 3747 2070 3802 ful-

488 3846 675 3907 gentes
696 3877 710 3902 ,
742 3837 1080 3906 principatus
1128 3837 1392 3904 visibiles,
1423 3847 1478 3891 et
1523 3838 1824 3893 invisibiles
1855 3839 1920 3893 ad
1949 3840 2070 3894 dira

488 3929 754 3999 supplicia
803 3944 925 3983 esse
972 3929 1337 3995 damnandos,
1374 3930 1478 3983 nisi
1516 3931 1569 3983 in
1601 3930 1808 3984 Christi
1845 3933 2072 4001 sangui-

488 4038 612 4076 nem
644 4021 887 4076 credant.
912 4041 929 4071 1

490 4198 521 4272 ς
558 4198 647 4253 Ill.
689 4198 764 4252 De
794 4198 1052 4252 Trinitate
1078 4214 1425 4272 personarum
1454 4195 1947 4272 divinarumnF‘ilii
1970 4196 2066 4251 Dei

556 4272 874 4335 wternitate,
914 4266 1489 4333 cunsubstantialitate,
1527 4266 1727 4321 Christi
1761 4267 2041 4320 divinitate

581 4410 673 4477 56)
756 4412 834 4463 Ad
865 4410 1055 4474 Trall.,
1088 4426 1208 4479 cap.
1238 4411 1324 4464 15.

581 4482 671 4539 57)
711 4501 727 4531 ι
770 4479 886 4534 Non
918 4491 1201 4550 propterea
1230 4480 1375 4549 quod
1407 4480 1621 4534 vinctus
1649 4496 1793 4545 sum,
1816 4490 1868 4535 et
1891 4482 2058 4537 coale—

483 4559 591 4609 stia
620 4553 917 4621 intelligere
945 4566 1191 4622 possum,
1213 4561 1263 4605 et
1280 4553 1419 4605 situs
1442 4551 1783 4622 angelorum,
1807 4560 1862 4605 et
1883 4564 2059 4607 cretus

484 4624 1011 4689 constitutionesque
1059 4621 1532 4691 principatuum...
1566 4632 1787 4691 propter
1814 4622 1918 4677 hoc
1942 4624 2058 4691 jam

482 4702 538 4749 et
565 4693 868 4762 discipulus
890 4708 1033 4762 sum.
1057 4712 1075 4742 1
1108 4690 1189 4746 Ad
1220 4690 1413 4762 Trall.,
1450 4707 1572 4762 cap.
1610 4692 1662 4745 5.

553 4762 666 4833 (58)
701 4760 721 4811 ἆ
751 4762 868 4815 Non
895 4773 953 4816 ut
980 4760 1175 4816 Petrus
1205 4770 1261 4833 et
1286 4760 1491 4816 Paulus
1510 4760 1762 4832 praecipio
1780 4765 1957 4820 vobis.
1977 4764 2059 4820 llli

482 4835 743 4956 apostiili,
774 4848 876 4902 ego
922 4848 1054 4886 vero
1096 4832 1553 4899 condemnatus,»
1608 4845 1713 4889 etc.
1744 4836 1828 4890 Ad
1873 4836 2056 4901 Rom.,

482 4920 602 4956 can.
670 4943 685 4956 .

480 4920 602 4959 can.
632 4920 685 4957 4'.

550 4920 685 5046 (ἐῶ.
706 4992 725 5024 ι
752 4971 883 5046 Plus
916 4972 1046 5046 mihi
1082 4971 1321 5046 tribuere
1353 4989 1461 5046 non
1493 4975 1765 5043 “potestis,
1801 4992 1965 5046 quam
2005 4987 2063 5030 ut

481 5044 734 5098 immnler
767 5042 897 5105 Deo,
933 5043 1063 5096 dum
1114 5044 1293 5096 adhuc
1343 5042 1527 5098 altare
1565 5042 1934 5114 paratmdest
1960 5066 1972 5100 :
2002 5056 2061 5100 ut

482 5115 536 5167 in
568 5114 833 5167 charitate
864 5114 1090 5167 chorum
1138 5114 1550 5177 constituentes,
1578 5118 1789 5171 canatis
1816 5116 1965 5170 Patri
1999 5119 2057 5171 iu

480 5184 701 5257 Christo
722 5182 1388 5257 Jﬂesu,quodepiseopum
1416 5185 1590 5257 Syria;
1611 5187 1869 5257 dignatus
1897 5188 2060 5241 luerit

481 5253 626 5307 Deus
661 5255 714 5306 in
731 5251 1023 5307 Occidente
1052 5251 1280 5308 inveniri
1316 5254 1383 5308 ab
1404 5251 1626 5310 oriente
1661 5251 2009 5312 accersitum.
2035 5277 2053 5308 1

549 5325 595 5354 ἶιΙ
675 5339 776 5354 Ann
831 5325 850 5352 (ὦ

481 5321 641 5388 lbid.,
674 5339 794 5446 cap.
831 5324 885 5377 ‘2.

552 5395 665 5461 (41))
701 5394 1009 5474 agnoscite
1045 5392 1207 5473 .mihi,
1253 5392 1491 5474 fratres,
1527 5411 1595 5474 ne
1637 5396 1773 5474 mihi
1828 5395 2059 5465 impedi-

480 5474 665 5536 mento
696 5465 851 5536 sitis,
873 5465 1168 5536 quominus
1215 5465 1509 5536 vivam"...
1545 5466 1708 5522 sinite
1741 5481 1828 5521 me
1858 5481 2057 5536 purum

481 5533 665 5588 lumen
698 5534 938 5588 haurire.
966 5554 985 5587 1
1026 5534 1185 5598 lbid.,
1217 5550 1266 5589 c.
1301 5535 1334 5589 6
1360 5545 1414 5589 et
1444 5535 1497 5590 ".

556 5606 666 5673 (M)
702 5606 781 5660 Ad
813 5604 1119 5675 Polycarp.,
1145 5621 1194 5675 c.
1221 5606 1274 5658 5.

552 5676 665 5740 (ᾆῖ)
699 5678 777 5730 Ad
807 5674 1049 5746 Sutyru.,
1085 5691 1134 5729 c.
1231 5685 1284 5730 et
1314 5674 1365 5729 7.

554 5746 665 5813 (45)
700 5746 780 5799 Ad
812 5744 1054 5815 Sni'yrn”
1085 5759 1134 5799 c.
1163 5745 1212 5800 5.

555 5816 664 5885 (tr,
707 5816 865 5879 lbid.,
900 5832 945 5869 ε.
980 5816 1031 5867 6.

2257 586 2380 637 vina
2417 591 2776 642 materuitate.

2259 676 2377 730 Duo
2422 679 2475 732 in
2516 681 2746 748 epistoia
2794 682 2858 736 ad
2893 680 3136 751 Magnes.
3186 696 3485 738 occurrunt
3524 684 3668 751 loca,
3726 687 3781 741 in

2182 768 2383 837 quibus
2430 772 2637 825 mentio
2674 771 2733 826 ﬁt
2768 773 2833 826 de
2873 771 2973 828 SS.
3002 773 3288 829 Trinitate.
3328 776 3383 830 In
3425 779 3605 847 primo
3654 779 3783 833 hate

2183 862 2439 932 leguntur
2490 865 2654 919 verba
2701 864 2857 935 (45):
2908 885 2927 917 ‹
2961 866 3187 921 Studete
3239 868 3406 939 igitur
3446 880 3505 923 ut
3541 869 3769 924 confor-

2184 953 2410 1007 memini
2458 954 2511 1007 in
2552 954 2900 1025 dogmatibus
2932 955 3146 1010 Domini
3183 966 3239 1009 et
3278 959 3678 1028 apostolorum,
3710 971 3769 1014 ut

2182 1048 2365 1101 omnia
2397 1064 2519 1117 quze
2556 1047 2743 1103 facitis
2770 1066 3029 1119 prospere
3064 1054 3214 1108 Vobis
3248 1054 3565 1117 succedant,
3600 1070 3768 1109 carne

2181 1148 2235 1192 et
2262 1139 2481 1208 spiritu,
2512 1139 2618 1194 ﬁde
2647 1149 2701 1194 et
2726 1142 2975 1205 veritate,
3011 1143 3063 1196 in
3097 1142 3243 1197 Filio
3281 1153 3332 1198 et
3362 1144 3542 1214 Patre,
3574 1155 3623 1199 et
3644 1146 3770 1215 Spi-

2183 1227 2291 1279 ritu
2316 1236 2517 1295 sancto,
2552 1228 2605 1282 in
2640 1230 2910 1299 principio
2943 1240 2997 1285 et
3037 1231 3091 1285 in
3130 1233 3255 1288 ﬁne.
3289 1252 3308 1284 1
3340 1232 3407 1288 Ει
3434 1246 3557 1305 post
3591 1252 3779 1306 pauca.

2182 1318 2462 1388 interjecta
2494 1336 2507 1370 :
2537 1339 2556 1372 ι
2580 1319 2821 1391 Subjecti
2847 1328 2960 1378 e'ste
2983 1324 3263 1395 episcopo,
3290 1339 3343 1381 et
3362 1328 3522 1382 vobis
3547 1338 3763 1392 mutuo,

2182 1411 2423 1467 utJesus
2441 1412 2696 1468 Christus
2718 1413 2866 1469 Patri
2899 1416 3197 1471 secundum
3235 1434 3496 1487 carnem;
3539 1430 3593 1477 et
3634 1438 3767 1493 apo»

2182 1503 2305 1556 stoli
2338 1503 2559 1558 Christo
2609 1513 2664 1559 et
2685 1503 2862 1570 Patri,
2893 1515 2946 1560 et
2980 1506 3230 1576 Spiritui.
3256 1527 3274 1560 1
3324 1509 3509 1565 Obiter
3543 1512 3631 1568 hic
3661 1515 3763 1568 ob~

2181 1597 2507 1652 servandum
2537 1606 2621 1653 est
2673 1596 2731 1651 S.
2758 1597 3026 1668 lgnatium
3054 1600 3143 1654 hic
3165 1600 3312 1670 loqui
3337 1602 3401 1655 de
3425 1603 3767 1671 suhjectione

2179 1686 2307 1742 Jesu
2337 1688 2576 1755 Christi,
2602 1699 2766 1759 prout
2791 1690 2958 1745 homo
2987 1700 3105 1757 est,
3134 1692 3250 1747 sive
3292 1694 3591 1748 secundum
3640 1712 3765 1750 car-

2180 1796 2327 1841 nem,
2364 1780 2503 1834 κατὰ
2540 1782 2739 1853 σάρκα.

2107 1862 2149 1915 Β
2248 1870 2507 1926 Pluribus
2546 1872 2602 1926 in
2647 1873 2783 1929 locis
2815 1871 2872 1927 S.
2898 1873 2989 1929 hic
3014 1883 3224 1945 martyr
3252 1874 3535 1943 proﬁtetur
3566 1876 3761 1931 Filium

2181 1962 2277 2019 Dei
2308 1980 2501 2019 verum
2535 1981 2658 2020 esse
2685 1965 2880 2032 Deum,
2913 1966 3062 2021 Patri
3099 1984 3201 2023 suo
3243 1978 3594 2024 coaeternum.
3652 1970 3764 2025 Lu-

2180 2054 2573 2110 culentissimis
2614 2064 2795 2109 autem
2828 2055 3009 2109 verbis
3054 2056 3104 2109 id
3139 2056 3381 2111 declarat
3418 2058 3470 2111 in
3500 2059 3659 2126 epist.
3696 2057 3763 2111 ad

2179 2145 2445 2216 Magnes.,
2490 2147 2582 2201 ubi
2637 2149 2714 2202 ait
2754 2148 2909 2220 (46):
2950 2170 2967 2200 1
3003 2147 3159 2205 Unus
3188 2162 3271 2205 est
3296 2150 3461 2214 Deus,
3514 2150 3607 2219 qui
3648 2166 3767 2203 ma-

2179 2236 2459 2290 nifestavit
2490 2238 2864 2308 semetipsum
2912 2256 3007 2309 per
3034 2239 3219 2294 Jesum
3253 2242 3533 2296 Clu-istum
3567 2240 3763 2294 Filiqu

2180 2329 2372 2398 ipsius,
2406 2330 2497 2399 qui
2529 2342 2579 2383 ct
2610 2330 2784 2400 ipsius
2808 2330 3042 2386 Verbum
3076 2342 3361 2391 aeternum.
3390 2348 3495 2385 non
3530 2348 3559 2385 a
3596 2332 3767 2385 silen-

2181 2420 2258 2473 tio
2287 2422 2663 2491 progrediens.
2698 2440 2716 2472 1
2781 2421 2945 2492 Atqui
3000 2423 3044 2477 si
3094 2422 3353 2479 Christus
3404 2434 3487 2479 cst
3526 2421 3762 2477 Verbum

2180 2509 2325 2565 Patri
2348 2527 2448 2566 suo
2478 2523 2833 2580 coaeternum,
2852 2514 2897 2568 is
2916 2514 3029 2583 ipse
3043 2525 3096 2569 et
3121 2516 3364 2586 ejusdem
3386 2530 3508 2569 cum
3530 2516 3648 2585 ipso
3667 2531 3766 2568 na-

2179 2614 2337 2671 turae,
2362 2605 2616 2675 idemque
2642 2621 2705 2659 ac
2724 2606 2813 2659 ille
2835 2608 2906 2660 sit
2926 2606 3089 2673 Deus,
3115 2609 3341 2661 omnino
3359 2623 3581 2663 necesse
3603 2616 3705 2662 est.

2250 2694 2395 2749 ldcm
2431 2694 2487 2748 S.
2517 2704 2726 2767 martyr
2762 2698 2816 2749 in
2851 2698 3082 2767 epistola
3119 2699 3184 2753 ad
3222 2697 3603 2770 Polycarpum,
3637 2714 3765 2753 san-

2178 2787 2484 2841 ctissimum
2545 2788 2929 2857 coepiscopum
2983 2805 3143 2844 suum
3192 2806 3204 2841 :
3263 2810 3281 2842 1
3320 2790 3478 2854 Eum,
3535 2792 3629 2860 qui
3681 2801 3767 2846 cst

2179 2893 2357 2947 supra.
2378 2888 2614 2947 tempus,
2642 2890 2895 2948 exspecta
2931 2882 3374 2951 intemporalem,
3405 2882 3761 2947 invisibilem,

2178 2976 2401 3038 propter
2441 2985 2541 3023 nos
2577 2970 2873 3037 visibilem,
2920 2971 3343 3042 impalpabilcm,
3382 2974 3762 3042 impatibilem,

2177 3071 2400 3131 propter
2440 3078 2539 3117 nos
2576 3063 2879 3131 patibilem,
2914 3066 3006 3134 qui
3038 3065 3369 3120 omnimodis
3407 3077 3628 3135 propter
3661 3081 3766 3121 nos

2179 3155 2439 3207 sustinuit
2484 3154 2619 3225 (47).
2671 3173 2690 3206 1
2742 3155 2817 3210 De
2863 3156 3003 3211 Filio
3043 3157 3139 3212 Dei
3184 3157 3474 3215 manifeste
3521 3160 3759 3229 loquitur

2180 3246 2289 3313 hic,
2332 3257 2530 3316 praeter
2576 3248 2683 3302 alia
2736 3249 2999 3304 attributa
3052 3251 3239 3305 divina
3288 3252 3453 3305 etiam
3505 3252 3609 3307 hoc
3658 3252 3764 3321 ipsi

2176 3340 2458 3405 tribuens,
2507 3340 2653 3409 quod
2700 3340 2772 3393 sit
2814 3341 3183 3411 ὑπέρκαιρος,
3234 3340 3495 3412 ᾶχρονος,
3549 3360 3567 3392 ι
3596 3357 3763 3411 supra

2176 3440 2414 3501 tempus,
2466 3431 2585 3486 siue
2632 3439 2908 3501 tempore,
2969 3451 2987 3483 1
3021 3433 3125 3488 hoc
3169 3442 3252 3487 est
3313 3443 3571 3487 aeternus.
3623 3433 3762 3488 Nam

2175 3540 2239 3578 ea
2270 3523 2373 3579 fuit
2405 3524 2570 3592 hujus
2603 3524 2705 3577 viri
2750 3524 3036 3593 apostolici
3079 3525 3427 3595 simplicitas,
3468 3534 3527 3579 ut
3553 3541 3765 3597 nequa-

2176 3634 2339 3688 quam
2383 3617 2658 3687 putandus
2706 3617 2807 3683 sit,
2852 3619 3052 3673 lusisse
3088 3619 3142 3672 in
3166 3631 3318 3689 voce,
3346 3622 3655 3693 temporis,»
3704 3630 3766 3677 ut

2174 3714 2527 3782 postmodum
2560 3712 2810 3767 luserunt
2842 3712 3057 3766 subdoli
3087 3712 3297 3767 Ariani.

2248 3804 2405 3870 Quod
2433 3802 2595 3859 Jesus
2620 3802 2876 3863 Christus
2916 3804 2988 3859 sit
3014 3820 3178 3859 verus
3210 3804 3376 3871 Deus,
3413 3805 3618 3859 veritas
3652 3810 3761 3871 est,

2174 3913 2339 3967 quam
2406 3896 2463 3951 S.
2507 3898 2613 3952 iste
2675 3898 2876 3967 praesul
2930 3912 3032 3967 pro
3082 3906 3233 3952 certo
3285 3898 3544 3967 supponit
3596 3898 3758 3953 sicuti

2173 3992 2386 4045 eruitur
2435 4006 2502 4044 ex
2544 3991 2873 4060 phrasibus,
2926 3991 3127 4060 quibus
3172 3992 3362 4058 utitur,
3400 3993 3531 4046 dum
3561 3992 3630 4046 de
3663 3990 3758 4046 illo

2174 4083 2450 4152 loquitur:
2477 4082 2549 4135 ait
2578 4082 2724 4136 enim
2758 4081 3107 4152 adEphesios
3133 4083 3282 4153 (48):
3315 4103 3333 4134 ι
3387 4083 3531 4139 Deus
3569 4095 3756 4140 autem

2174 4184 2361 4229 noster
2400 4174 2559 4229 Jesus
2608 4174 2883 4241 Christus,
2948 4175 3005 4229 Ὀ
3036 4175 3146 4248 γὰρ
3179 4175 3311 4240 Θεὸς
3343 4176 3499 4249 ἡμῶν
3548 4176 3759 4249 Ἰησοῦς

2173 4267 2428 4339 Χριστός,
2458 4268 2511 4319 in
2541 4278 2694 4321 utero
2717 4276 2961 4337 gestatus
2985 4276 3070 4323 est
3096 4282 3124 4321 a
3149 4267 3341 4335 Maria,
3358 4269 3513 4338 juxta
3536 4269 3762 4340 dispen-

2245 4410 2362 4479 (45)
2413 4410 2485 4479 Ad
2516 4408 2783 4479 Magne-5.,
2825 4424 2947 4479 cap.
2976 4411 3063 4465 15.

2245 4476 2695 4559 (46)“Εἶς-ὲεῗξιξ
2748 4483 2788 4559 ὁ·
2827 4476 3150 4559 φένξρῴσας
3202 4481 3395 4559 sttuit-by
3422 4480 3535 4559 _6t&
3577 4483 3758 4559 ξξῃσοῦ

2090 4524 2136 4580 n
2164 4524 2400 4624 Χρὶστόὖ
2441 4524 2698 4624 τὶὖ-Υἱοῦ
2732 4524 2894 4624 «pro?»
2927 4524 3148 4624 δέ’-ἐστῖ
3163 4551 3533 4624 αὐτοῦ-Λόγος
3564 4524 3756 4617 ὰῖέιος,

2163 4617 2264 4694 οὔκ
2296 4622 2404 4676 ἀπὸ
2438 4622 2608 4694 σιιίῆς-
2630 4617 2944 4694 προελθών.)
2982 4621 3150 4694 Epist.
3196 4623 3265 4694 ad
3312 4617 3579 4694 Magnes.,
3616 4639 3664 4678 c.
3698 4624 3755 4678 8.

2204 4693 2356 4747 Haud
2388 4705 2474 4745 me
2502 4690 2659 4760 fugit,
2677 4690 2824 4753 esse,
2856 4692 2948 4761 qui
2981 4690 3047 4747 es
3079 4692 3185 4748 hoc
3233 4693 3355 4749 loco
3393 4690 3755 4761 contendunt,

2164 4765 2333 4818 hasce
2355 4762 2614 4833 epistolas
2635 4762 2964 4833 lgnatiinon
2989 4779 3111 4817 esse
3131 4781 3143 4815 :
3165 4764 3434 4833 siquidem
3450 4765 3615 4818 verba
3640 4764 3754 4819 illa:

2163 4836 2277 4887 Οὐκ
2309 4833 2417 4887 ἀπὸ
2437 4832 2595 4904 cry-7;;
2611 4832 2911 4904 προελθών,
2936 4849 3043 4886 non
3072 4848 3101 4886 a
3135 4832 3353 4889 silentio
3373 4834 3753 4904 progrediens,
3808 4836 3823 4845 ⁴

2162 4904 2445 4973 preprium
2476 4902 2747 4975 Valentini
2772 4941 2797 4965 ,ι
2828 4915 2897 4975 fut
2929 4903 3065 4975 ipsis
3107 4905 3341 4969 videtur,
3377 4902 3755 4975 perstringunt

2163 4972 2648 5037 errorem,viventc
2671 4972 2899 5043 lgnatio,
2926 4974 3170 5028 nondum
3200 4972 3477 5030 exortum.
3499 4976 3580 5029 Ad
3614 4972 3759 5033 hanc

2165 5055 2346 5098 autem
2394 5042 2757 5115 objectionein
2803 5044 2981 5098 facilis
3029 5052 3113 5098 est
3163 5048 3486 5115 respOnsio;
3532 5045 3759 5101 solidis-

2166 5120 2304 5168 simc
2350 5114 2493 5167 enim
2523 5112 2588 5167 V.
2618 5114 2701 5167 Cl.
2735 5113 2922 5185 Bullus
2961 5115 3014 5167 in
3049 5112 3271 5183 Defens.
3302 5116 3430 5185 ﬁdei
3489 5115 3752 5183 Νἱειεηω,

2165 5195 2299 5239 sect.
2329 5186 2384 5248 3,
2428 5199 2477 5237 c.
2507 5185 2557 5247 l,
2615 5201 2667 5253 p.
2696 5184 3002 5247 174-187,
3038 5184 3436 5240 demonstravit
3479 5188 3754 5255 lgnatium

2164 5255 2217 5306 in
2247 5254 2425 5309 verbis
2450 5255 2650 5319 allatis,
2686 5263 2740 5308 ct
2766 5257 2818 5309 in
2849 5265 2958 5309 tota
2991 5257 3270 5323 perioche,
3302 5258 3370 5310 ad
3395 5254 3561 5325 quam
3588 5256 3755 5312 verba

2164 5326 2257 5379 illa
2300 5325 2592 5393 pertinent,
2630 5342 2807 5393 neque
2836 5325 3273 5388 Valentinianos,
3321 5342 3499 5395 neque
3531 5326 3757 5382 Ehioni-

2166 5405 2252 5451 tas
2284 5395 2576 5463 respicere,
2608 5398 2700 5449 sed
2724 5395 3078 5450 .ludaizantes
3109 5398 3231 5451 illos
3260 5396 3574 5462 Gnosticos,
3608 5411 3749 5465 quo-

2160 5481 2282 5518 rum
2307 5466 2563 5535 princeps
2603 5475 2721 5520 erat
2754 5466 3050 5520 Cerinthus
3108 5468 3224 5536 (qui
3250 5466 3544 5524 Valentino
3588 5468 3752 5537 longe

2161 5538 2421 5599 anterior,
2460 5539 2707 5605 adeoque
2757 5536 2889 5605 ipsis
2918 5539 3178 5605 apostolis
3226 5553 3445 5594 coaevus
3478 5538 3614 5604 fuit;
3652 5536 3751 5591 cu-

2159 5606 2249 5675 jus
2288 5607 2528 5680 haeresis
2548 5605 2822 5680 Ecclesias
2856 5608 3128 5680 Agsiaticas
3172 5607 3365 5680 lguatii
3408 5608 3748 5679 temporibus

2161 5677 2686 5746 maximeﬁturbavit)
2712 5678 3098 5746 perstringere.

2237 5746 2349 5817 (47)
2390 5745 2564 5817 Epist.
2601 5748 2667 5800 ad
2699 5745 3014 5817 Polycarpl,
3048 5764 3098 5802 c.
3125 5750 3175 5802 5.

2233 5816 2347 5885 (£8)
2390 5816 2560 5885 Epist.
2596 5820 2661 5871 ad
2696 5816 2921 5886 Ep‘lies.,
2956 5834 3075 5888 cap.
3108 5819 3195 5876 l8.
