4134 6392
365 360 463 415 59ο

1536 354 1620 412 DE
1660 353 2015 410 DOCTRINA
2052 353 2109 408 S.
2142 349 2417 408 lGNATlI.

3533 351 3633 406 594

363 477 625 531 sationem
653 474 750 530 Dei
794 490 861 531 ex
906 471 1386 540 semine‘lfavidis,
1422 491 1486 530 ex
1522 475 1723 545 Spiritu
1766 486 1948 529 autem
1980 476 2027 528 Α
2059 472 2262 528 sulsam
2308 468 2739 540 propositionem
2792 470 3113 538 assignabit.
3161 466 3428 526 Praeterea
3460 472 3503 526 si
3537 472 3633 525 da.

361 579 571 627 sancto.
601 589 618 621 ι
646 568 705 623 In
725 568 917 623 eadem
939 570 1195 638 epistola,
1224 586 1274 624 c.
1304 569 1370 623 19
1395 588 1407 623 :
1434 569 1569 622 Θεοῦ
1592 567 1951 639 ἀνθρωπίνως

363 662 771 733 φανερουμὲνου
805 664 886 725 εἰς
919 661 1214 732 καινότητα
1243 662 1414 715 ἀϊδίου
1448 663 1612 733 ζωῆς.
1638 682 1655 712 ι
1696 662 1804 717 Deo
1836 662 1942 715 hu-

360 755 705 825 manitus‘(id
733 764 816 810 est
836 756 1149 809 inhumana
1175 756 1362 825 carne)
1392 754 1741 810 manifestato
1768 755 1821 808 in
1844 768 1943 807 no-

358 851 576 903 vitatem
618 848 741 902 vitae
792 856 1031 903 aeternae.
1067 868 1084 899 ι
1145 846 1215 901 Et
1264 864 1313 902 c.
1340 848 1411 902 20
1446 865 1457 900 :
1492 866 1511 900 ι
1550 847 1680 903 Jesu
1721 847 1942 903 Christo

356 943 653 997 secundum
698 957 923 996 carnem
974 958 1039 997 ex
1087 958 1285 1011 genere
1319 942 1562 1006 Davidis,
1592 942 1730 996 Filio
1764 943 1942 996 homi-

357 1035 461 1098 nis,
489 1043 543 1087 et
574 1033 711 1087 Filio
746 1032 860 1100 Dei,
886 1052 905 1085 ι
935 1032 1012 1103 τῷ
1031 1032 1142 1103 Υῖῴ
1178 1032 1492 1104 ἀνθρώπου,
1528 1033 1622 1086 καὶ
1650 1029 1758 1102 Υἰῷ
1779 1030 1936 1085 Θεοῦ.

358 1125 415 1181 1η
446 1127 803 1196 inscriptione
827 1126 1074 1197 epistolae
1103 1126 1168 1179 ad
1194 1124 1475 1181 Romanos
1502 1125 1664 1181 Jesus
1686 1125 1940 1180 Christus

359 1220 440 1275 bis
467 1221 496 1273 ὁ
528 1218 661 1283 Θεὸς
695 1220 874 1290 ἡμῶν,
923 1239 941 1269 ι
972 1218 1118 1274 Deus
1152 1228 1338 1275 noster
1376 1239 1394 1270 ι
1424 1220 1753 1289 appellatur.
1786 1217 1853 1271 Et
1883 1218 1938 1271 in

356 1314 472 1383 ipsa
503 1312 734 1381 epistola
760 1310 872 1382 (49)
904 1312 1020 1366 hzec
1052 1311 1358 1366 habentur:
1387 1330 1406 1362 ι
1436 1310 1570 1365 Nam
1601 1310 1761 1365 Jesus
1783 1310 1941 1365 Chri-

351 1415 467 1459 stus
493 1403 637 1458 Deus
666 1413 855 1458 noster
897 1403 951 1458 in
980 1402 1143 1459 Patre
1164 1404 1403 1460 existens
1430 1405 1605 1474 magis
1640 1414 1885 1474 apparet.
1915 1424 1932 1456 ι

351 1495 649 1566 Epistolam
685 1495 753 1549 ad
783 1494 1095 1566 Smyrnams
1133 1494 1222 1551 his
1248 1496 1430 1550 verbis
1459 1496 1745 1551 exorditur
1770 1515 1782 1550 :
1811 1495 1939 1551 Glo‘

348 1588 500 1642 rilico
533 1586 725 1642 Jesum
772 1586 1054 1641 Christum
1112 1585 1281 1641 Deum
1325 1586 1436 1658 (τὸν
1468 1586 1623 1657 Θεὸν)
1684 1608 1702 1639 σ
1734 1589 1829 1657 qui
1859 1590 1940 1644 sic

349 1695 444 1734 ros
473 1679 751 1749 sapientes
778 1677 927 1733 facit.
962 1698 979 1728 ι
1032 1676 1138 1732 Sed
1177 1677 1406 1733 illustris
1434 1687 1519 1734 est
1551 1680 1602 1732 in
1635 1679 1826 1748 primis
1852 1680 1937 1732 lo-

347 1787 441 1826 cus
478 1770 533 1823 in
570 1769 801 1838 epistola
830 1770 895 1824 ad
918 1767 1209 1838 Ephesios,
1257 1768 1348 1824 ubi
1385 1768 1453 1823 de
1479 1768 1701 1824 Christo
1731 1770 1813 1824 sic
1857 1769 1938 1823 lo-
1968 1816 1973 1823 .

344 1863 529 1932 quitur
590 1862 831 1933 lgnatius
879 1878 892 1914 :
948 1856 1044 1924 Εἷς
1090 1861 1295 1933 Ἰατρὸς
1344 1864 1481 1925 ἐστι,
1540 1862 1800 1933 σαρκικὸς
1842 1862 1938 1916 καὶ

346 1955 745 2027 πνευματικὸς,
793 1954 1083 2025 γεννητὸς,
1138 1955 1233 2008 καὶ
1277 1954 1607 2025 ἀγέννητος,
1660 1956 1721 2008 ἐν
1769 1957 1933 2026 σαρκὶ

342 2050 635 2120 γενόμενος
681 2048 835 2111 Θεὸς,
883 2050 941 2101 ἐν
988 2047 1205 2117 Θανάτῳ
1253 2045 1368 2116 ζωὴ
1413 2047 1675 2119 ἀληθινὴ,
1725 2049 1819 2101 καὶ
1868 2052 1933 2102 ἐκ

342 2141 595 2213 Μαρίας,
645 2141 739 2194 καὶ
783 2143 849 2193 ὲκ
878 2139 1047 2203 Θεοῦ,
1098 2139 1315 2211 πρῶτον
1356 2139 1630 2211 παθητὸς,
1675 2142 1768 2193 καὶ
1814 2141 1934 2195 τότε

340 2234 578 2305 ἀπαθὴς,
618 2231 825 2303 Ἰησοῦς
856 2230 1093 2304 Χριστὸς
1122 2232 1151 2285 ὀ
1184 2231 1389 2303 Κύριος
1422 2232 1599 2299 ἡμῶν.
1650 2251 1668 2283 ι
1693 2231 1935 2289 Medicus

341 2334 521 2380 autem
576 2340 724 2379 unus
765 2334 870 2391 est,
915 2332 971 2377 et
1000 2324 1239 2378 carnalis
1282 2332 1338 2378 et
1366 2325 1689 2393 spiritualis,
1719 2327 1934 2396 genitus

339 2428 393 2474 et
416 2417 697 2489 ingenitus
725 2415 845 2485 (seu
876 2415 1125 2485 melius),
1160 2414 1275 2485 (50)
1299 2414 1478 2470 factus
1515 2426 1571 2471 et
1596 2433 1704 2472 non
1733 2418 1931 2484 factus,

341 2510 391 2563 in
427 2509 655 2563 homine
691 2506 935 2561 existens
964 2505 1129 2573 Deus,
1161 2506 1216 2560 in
1250 2517 1426 2561 morte
1450 2507 1560 2561 vita
1592 2524 1741 2573 vera,
1772 2519 1826 2564 et
1866 2525 1934 2565 ex

338 2601 525 2664 Maria,
555 2610 613 2656 et
639 2616 707 2655 ex
734 2598 868 2665 Deo,
891 2601 1132 2669 primum
1163 2598 1440 2667 passibilis
1478 2610 1533 2653 et
1564 2608 1694 2655 tunc
1732 2602 1935 2671 impas-

340 2695 510 2750 sibilis
554 2692 721 2749 Jesus
748 2692 1029 2759 Christus,
1059 2690 1326 2745 Dominus
1372 2700 1582 2747 noster.
1632 2713 1649 2744 ι
1709 2693 1833 2749 Haec
1872 2694 1929 2749 S.

340 2783 536 2855 lgnatii
578 2784 745 2838 verba
786 2784 856 2838 ab
880 2782 1209 2847 Athanasio,
1242 2781 1593 2838 Theodoreto
1636 2794 1691 2838 et
1714 2782 1934 2839 Gelasio

339 2887 525 2932 contra
585 2877 847 2945 antiquos
903 2874 1209 2930 divinitatis
1259 2874 1466 2929 Christi
1525 2875 1934 2947 impugnatores

337 2971 520 3037 citata,
561 2970 712 3024 illam
747 2968 949 3024 invicte
975 2968 1278 3038 explicant,
1317 2977 1376 3022 ut
1416 2983 1445 3022 a
1477 2968 1627 3023 nullo
1664 2970 1934 3025 hactenus

338 3062 609 3117 infirmari
654 3076 901 3131 unquam
954 3061 1253 3128 potuerint.
1292 3059 1663 3126 Quamobrem
1704 3061 1932 3131 quidam

336 3168 365 3206 e
393 3152 824 3207 Socinianorum
846 3158 994 3205 secta
1020 3147 1341 3205 Neotericus
1358 3150 1616 3220 scriptor,
1652 3166 1776 3205 cum
1813 3152 1930 3205 cla-

2054 580 2262 625 remus,
2309 562 2581 633 lgnatium
2616 562 2670 614 in
2702 563 3089 617 minutioribus
3118 564 3443 632 quibusdam
3477 581 3506 617 a
3541 566 3638 620 σο.

2051 657 2230 711 ctrina
2290 656 2591 725 apostolica
2639 654 2889 708 nonnihil
2929 654 3248 722 deﬂexisse;
3308 657 3502 711 ideone
3543 674 3635 710 ve—

2051 751 2283 804 risimile
2327 750 2544 803 cuidam
2602 748 2775 801 videri
2826 756 3033 816 posset,
3080 748 3261 816 ipsum
3308 749 3362 801 in
3402 749 3635 803 articulo

2050 842 2175 896 ﬁdei
2206 840 2537 897 Christianae
2581 838 2716 893 tanti
2759 838 3021 893 momenti
3056 848 3165 893 tam
3199 840 3430 909 turpiter
3462 840 3635 895 fuisse

2049 933 2316 987 illusum?
2343 932 2721 1001 Quisquamne
2748 940 2852 996 est,
2883 930 2979 999 qui
3008 930 3092 983 vel
3122 931 3429 998 suspicetur
3476 928 3633 999 lgna-

2046 1025 2217 1090 tium,
2256 1025 2352 1094 qui
2388 1040 2495 1079 una
2543 1040 2667 1079 cum
2707 1022 2836 1077 Jesu
2868 1022 3076 1077 Christi
3115 1022 3375 1092 apostolis
3408 1032 3518 1076 tam
3551 1020 3633 1075 fa-

2045 1118 2339 1171 miliariter
2389 1125 2641 1171 versatus
2679 1124 2792 1180 est,
2832 1130 3108 1184 quemque
3153 1115 3468 1184 apostolica:
3506 1114 3630 1169 ﬁdei

2048 1216 2345 1277 martyrem
2367 1205 2539 1261 fuisse
2570 1204 2823 1260 universa
2856 1204 3021 1258 tradit
3056 1205 3373 1274 antiquitas,
3408 1220 3439 1258 a
3471 1220 3632 1273 pseuo

2046 1299 2419 1369 do-apostolo
2482 1299 2536 1352 in
2586 1296 2847 1367 primaria
2911 1296 3319 1352 Christianismi
3381 1296 3630 1350 doctrina

2047 1390 2331 1459 deceptum
2366 1388 2573 1444 fuisse?

2541 1502 2736 1556 Credat
2765 1500 2988 1555 Iudaeus
3020 1501 3224 1569 Apella,

2279 1570 2403 1627 Non
2428 1590 2589 1643 ego...

2044 1688 2374 1745 Temeraria:
2417 1706 2549 1760 ergo
2590 1688 2695 1743 illae
2741 1688 3035 1757 impiorum
3069 1684 3353 1738 nominum
3399 1697 3630 1751 respon-

2044 1783 2231 1837 siones
2273 1780 2628 1852 explodendae
2664 1786 2823 1844 sunt,
2861 1779 3021 1848 eique
3057 1776 3323 1831 doctrina:
3361 1776 3630 1829 inhaeren-

2040 1873 2204 1932 dum.
2255 1888 2356 1943 pro
2386 1886 2493 1941 qua
2531 1887 2639 1925 non
2680 1870 2860 1925 solum
2905 1868 3180 1939 lgnatius,
3221 1867 3315 1923 sed
3354 1868 3627 1922 innumeri

2042 1972 2313 2032 martyres
2364 1964 2687 2033 sanguinem
2743 1977 2905 2016 suum
2957 1959 3267 2015 constantia
3317 1958 3627 2013 admirabili

2033 2056 2309 2127 planeque
2337 2056 2522 2111 divina
2554 2054 2944 2124 proludcrunt.

2126 2145 2395 2201 Caeterum
2446 2146 2703 2199 omnibus
2765 2144 2924 2200 facile
2976 2143 3291 2209 innotescit,
3339 2134 3627 2211 hucusque

2034 2240 2266 2310 allegata
2302 2240 2361 2294 S.
2385 2240 2576 2309 lgnatii
2604 2239 2721 2293 loca
2753 2251 2909 2306 teque
2946 2251 3188 2307 pugnare
3214 2250 3311 2305 pro
3342 2235 3626 2288 divinitate

2036 2332 2367 2397 Salvatoris,
2415 2348 2513 2399 pro
2560 2330 2767 2383 unitate
2803 2329 2924 2398 ejus
2972 2343 3242 2396 personze,
3282 2342 3380 2396 pro
3412 2326 3626 2381 duabus

2039 2424 2162 2492 ejus
2216 2424 2467 2487 naturis,
2525 2437 2590 2475 ac
2641 2436 2741 2490 pro
2791 2420 2977 2475 divina
3021 2417 3203 2473 Mariae
3256 2418 3622 2473 maternitate.

2040 2513 2266 2568 Fatetur
2295 2513 2441 2568 enim
2481 2531 2499 2563 ι
2523 2513 2711 2567 Jesum
2737 2511 3018 2566 Christum
3053 2526 3240 2565 verum
3266 2508 3434 2563 Deum
3459 2509 3627 2564 simul

2032 2622 2155 2660 esse
2201 2620 2269 2659 ac
2307 2619 2497 2658 verum
2548 2603 2859 2665 hominem,
2901 2609 3146 2656 creatum
3186 2609 3243 2654 et
3286 2599 3623 2666 increalu-m,

2036 2696 2203 2750 Deum
2249 2696 2305 2750 in
2333 2695 2556 2750 homine
2592 2694 2982 2757 exsistentem,
3019 2693 3073 2747 in
3116 2702 3290 2747 morte
3320 2693 3489 2747 vitam
3526 2708 3623 2748 ve-

2037 2801 2176 2851 ram,
2196 2784 2290 2840 Dei
2307 2785 2504 2840 Filium
2518 2783 2666 2838 Patri
2689 2795 2791 2837 suo
2807 2792 3162 2847 eoaeternum,
3182 2796 3397 2851 semper
3420 2783 3473 2835 in
3499 2782 3621 2850 ipso

2032 2890 2231 2936 etcum
2256 2879 2375 2949 ipso
2398 2882 2777 2941 exsistentem,
2808 2875 3045 2944 potentia
3068 2876 3354 2945 :equalem,
3379 2874 3473 2928 sed
3491 2872 3621 2927 sub-

2030 2973 2232 3044 jectum
2250 2973 2405 3041 juxta
2426 2984 2669 3035 carnem,
2692 2983 2746 3023 et
2772 2978 3032 3038 tanquam
3066 2966 3251 3020 Mariae
3284 2964 3455 3019 lilium
3482 2964 3619 3034 (51),

2034 3079 2160 3116 eum
2217 3078 2402 3115 revera
2464 3070 2742 3114 mortuum
2782 3074 2927 3121 esse,
2976 3066 3031 3111 et
3071 3060 3467 3120 resurrexisse,
3500 3055 3625 3107 nul-

2034 3156 2254 3224 lamque
2303 3153 2421 3207 sine
2466 3152 2585 3222 ipso
2632 3150 2831 3207 salutis
2880 3165 3034 3219 spem
3085 3148 3249 3203 nobis
3292 3161 3620 3217 superesse;

340 3246 554 3300 ritatem
587 3244 820 3312 hujusce
860 3241 1165 3297 testimonii
1197 3242 1365 3297 nullis
1400 3242 1582 3311 impia:
1614 3243 1812 3298 mentis
1841 3258 1930 3296 ar—
1958 3272 2000 3327 ρ
2033 3247 2337 3317 principem
2394 3260 2522 3297 vero
2578 3243 2745 3309 hujus
2801 3241 2989 3296 mundi
3045 3241 3157 3311 (52)
3209 3240 3330 3310 ejus
3386 3249 3620 3293 mortem

338 3337 482 3393 tibus
530 3336 841 3390 obscurare
885 3342 1097 3403 posset,
1139 3347 1206 3387 eo
1249 3332 1400 3387 venit
1450 3332 1821 3401 impudentiae,
1867 3342 1925 3388 ut

336 3430 579 3484 scribere
635 3443 806 3482 ausus
845 3428 917 3483 sit
963 3446 975 3480 :
1022 3425 1081 3479 In
1124 3424 1320 3496 lgnatii
1367 3425 1617 3495 epistolis
1663 3428 1924 3496 proposi-

338 3523 515 3579 tiones
556 3520 831 3591 quasdam
875 3519 1258 3575 incommodas
1296 3528 1351 3573 et
1391 3519 1632 3574 insulsas
1672 3520 1920 3588 reperiri,

337 3631 399 3671 ac
436 3614 671 3685 proinde
714 3628 839 3668 eum
891 3612 944 3666 in
989 3627 1089 3666 sua
1134 3610 1204 3666 de
1238 3610 1439 3665 Christi
1481 3611 1765 3665 divinitate
1797 3628 1921 3665 sen-

319 3710 502 3762 tentia
544 3707 707 3761 facile
752 3705 929 3775 decipi
966 3705 1213 3774 potuisse
1257 3720 1324 3759 ex
1362 3704 1659 3758 traditione
1690 3704 1926 3774 alicujus

336 3799 802 3870 pseudo-Christi,
834 3806 890 3852 et
916 3795 1415 3867 pseudo-apostoli.
1460 3794 1564 3850 Sed
1606 3796 1791 3850 nullus
1822 3813 1941 3853 ιιιι-Δ

336 3910 497 3963 quam
548 3893 606 3947 in
636 3890 936 3962 lgnatianis
964 3889 1215 3960 epistolis
1261 3888 1666 3943 incommodam
1706 3898 1803 3943 aut
1833 3891 1921 3944 in-

407 4010 523 4078 (49)
652 4009 764 4081 γὰρ
791 4007 929 4082 θεὸς
957 4007 1116 4082 mith
1154 4006 1361 4082 Ἰησοῇς
1394 4006 1633 4082 Χριστὸς
1663 4009 1721 4082 ἐν
1747 4011 1926 4082 Ila-cpt

335 4079 428 4142 ὢν,
465 4079 670 4152 μᾶλλον
703 4077 1180 4152 φαίνεταιᾷΕρὶξι.
1217 4077 1283 4152 ad
1307 4077 1493 4141 Rom},
1524 4094 1583 4152 c.
1605 4080 1657 4133 5.
1684 4079 1748 4152 Δ1η
1777 4077 1926 4135 salu-

336 4149 540 4206 tatione
578 4150 825 4219 epistolae
853 4151 918 4204 ad
947 4149 1236 4219 Ephesios,
1264 4149 1408 4219 ipsos
1442 4149 1858 4217 pnedestinatos
1879 4161 1934 4205 et

336 4221 723 4292 electos__dicit
749 4238 781 4292 εΔ
806 4220 894 4292 Ἐν
942 4220 1335 4292 θελᾼήματε-τοῦ
1369 4220 1585 4292 Πατρὸς
1614 4221 1708 4273 καὶ
1755 4221 1930 4292 Ἰησοῦ

339 4289 709 4363 Χριστοῦ-τοῦ
753 4290 890 4344 Θεοῦ
923 4289 1088 4363 ήμῷν
1116 4305 1129 4341 :
1163 4289 1677 4363 «Voluntate’Patris
1711 4301 1765 4345 et
1799 4289 1928 4347 Jesu

337 4360 544 4416 Christi
591 4361 682 4416 Dei
724 4363 918 4417 nostri.
948 4360 978 4413 ἰ
1032 4360 1088 4413 In
1133 4362 1297 4427 epist.
1338 4361 1405 4415 ad
1430 4360 1613 4422 Rmn.,
1650 4378 1699 4416 c.
1729 4363 1783 4428 6,
1814 4364 1924 4416 ait:

348 4431 715 4556 Ἐπιτὲἑψατὲ
744 4449 833 4503 μοι
864 4431 1106 4503 μιμητὴν
1136 4429 1276 4486 εἶναι
1308 4431 1400 4485 τοῦ
1435 4432 1641 4495 πάθους
1670 4432 1763 4486 τοῦ
1792 4433 1927 4485 Θεοῦ

348 4520 469 4556 mu:
542 4503 779 4556 oncedite
795 4504 1258 4556 miniimitatorem
1270 4519 1380 4556 esse
1400 4504 1661 4556 passionis
1684 4503 1778 4556 Dei
1802 4505 1924 4556 mei.

406 4522 469 4556 U2

542 4503 782 4592 oncedite
795 4504 1258 4592 minijiztitlatorem
1270 4519 1380 4556 esse
1400 4504 1661 4592 passionis
1684 4503 1778 4557 Dei
1802 4505 1924 4592 mei.
1958 4537 2004 4592 Β

406 4522 437 4555 υ
456 4523 469 4556 :
490 4520 779 4556 Lanceaue
795 4520 1258 4557 mummuatorem
1270 4520 1380 4556 esse
1400 4520 1661 4570 passionis
1684 4520 1778 4557 ue:
1802 4521 1924 4558 met.

336 4520 403 4626 ii?
424 4575 538 4626 line
584 4574 836 4644 epistolae
869 4574 937 4628 ad
962 4573 1327 4644 Polycarpum
1356 4589 1369 4624 ε
1403 4593 1419 4623 ι
1450 4573 1591 4641 Opto
1614 4590 1712 4626 vos
1742 4576 1925 4629 valere

336 4659 571 4715 semper
609 4645 662 4696 in
712 4643 824 4698 Deo
877 4642 1078 4715 nostro
1108 4642 1237 4699 Jesu
1281 4642 1534 4715 Christo,
1569 4664 1586 4694 ι
1630 4644 1929 4715 Δὲρῤὥσθατ.

337 4695 479 4785 δ
498 4695 594 4786 διὰ,
613 4695 817 4786 me;
838 4695 907 4767 ις
922 4695 1923 4786 aestas;1;,eqa‘xp'msuxsgsg;

409 4787 528 4855 (50)
582 4784 795 4847 Merito,
836 4784 1093 4856 γεννητός
1142 4787 1233 4839 καὶ
1282 4784 1829 4856 ἀγέννηιὲοςηΐθοιιιὲ
1874 4796 1930 4840 et

338 4852 444 4926 non
472 4858 815 4909 factusrcum
848 4852 1069 4910 Gelasio
1090 4856 1233 4926 Papa
1268 4852 1713 4924 interpretamur,
1749 4858 1926 4924 siqui-

337 4924 460 4979 dem
514 4941 709 4979 sensus
750 4927 798 4979 id
827 4926 1103 4996 efflagitat.
1139 4924 1192 4979 et
1221 4926 1564 4981 notissimum
1597 4938 1682 4981 est
1716 4942 1745 4981 a
1778 4926 1928 4981 Cra.-

338 4996 419 5051 cis
451 5010 616 5051 voces
639 4998 984 5068 yew'qco'get
1015 4996 1242 5068 γενητὸς
1270 4999 1611 5066 prosmiscue
1644 5002 1919 5066 usurparl.

341 5082 661 5135 quanquam
721 5067 1078 5122 ecclesiastici
1134 5067 1246 5122 fere
1299 5069 1594 5136 scriptores
1643 5068 1923 5133 catholici,

342 5137 646 5205 praesertim
678 5137 773 5206 qui
803 5147 925 5206 post
950 5139 1167 5192 tertium
1199 5139 1457 5191 saeculum
1491 5139 1768 5203 vixerunt,
1795 5154 1922 5193 cas-

342 5208 461 5260 dem
500 5209 555 5263 in
587 5208 890 5277 quaestione
924 5210 991 5262 de
1019 5208 1140 5262 Filii
1171 5209 1454 5261 divinitate
1495 5210 1806 5264 accuratius
1834 5210 1922 5263 di-

341 5278 676 5350 stinxerunt.
738 5280 962 5332 Accedit
1023 5281 1167 5343 quod
1208 5294 1309 5333 vox
1344 5278 1610 5350 ἀγένητος
1640 5281 1741 5333 soli
1772 5279 1921 5333 Patri

344 5356 534 5415 utpote
577 5349 821 5418 ingenito
852 5360 1163 5417 competat;
1197 5366 1369 5417 quare
1411 5349 1650 5418 lguatius
1680 5366 1790 5403 non
1819 5364 1923 5419 po-

343 5419 448 5471 tuit
489 5420 1068 5489 intelligerecgenitum
1117 5429 1172 5473 et
1214 5420 1756 5488 ingenitum,»quiin
1806 5420 1922 5488 epi-

343 5490 485 5542 stola
532 5490 601 5543 ad
632 5490 940 5545 Trallianos
976 5507 1069 5544 eos
1108 5501 1445 5554 exsecratur,
1480 5499 1575 5559 qut
1600 5490 1796 5544 Filium
1826 5490 1920 5545 Dei

342 5559 535 5630 dicunt
562 5559 1188 5630 ἀγένητοντιίηεριιίιυηι
1221 5560 1381 5626 »ρυίε
1422 5576 1526 5615 non
1553 5562 1699 5614 videt
1725 5560 1922 5630 praefa-

343 5627 649 5702 tislgnatii
669 5627 1090 5702 verbisArianze
1120 5631 1471 5702 blasphemia
1499 5627 1748 5702 jugulum
1777 5631 1923 5701 peti?

340 5698 551 5766 Quippe
601 5700 690 5753 hic
734 5700 985 5754 Christus
1038 5718 1146 5754 non
1197 5698 1358 5756 modo
1414 5698 1922 5770 Deus'agnoscitur

340 5783 466 5819 vere
513 5771 859 5835 immortalis,
905 5772 957 5823 in
1003 5787 1168 5825 carne
1214 5773 1487 5840 quondam
1529 5772 1781 5837 mortali;
1827 5772 1921 5826 sed

343 5853 452 5891 non
491 5840 703 5908 factus,
746 5842 847 5896 hoc
881 5850 964 5897 est
1004 5842 1281 5898 inet-catus
1327 5841 1527 5899 diserte
1570 5842 1788 5898 dictur.
1844 5842 1918 5898 lta

2031 3340 2180 3393 velut
2206 3348 2260 3392 et
2287 3335 2474 3390 Maria:
2505 3335 2875 3405 virginitatem
2915 3349 2980 3388 ac
3007 3342 3226 3403 partum
3260 3334 3564 3403 ignorasse.
3594 3351 3617 3385 ι

2104 3426 2380 3482 Unitatem
2412 3440 2662 3494 personae
2706 3425 2763 3478 in
2807 3427 2987 3493 specie
3022 3424 3253 3491 probant
3295 3423 3386 3477 illa
3420 3423 3617 3493 lgnatii

2030 3524 2195 3577 verba
2225 3522 2294 3576 ad
2322 3520 2705 3592 Magnesiauos
2737 3518 2851 3589 (55)
2876 3536 2889 3569 :
2933 3539 2950 3570 ι
2991 3517 3195 3574 Omnes
3222 3520 3607 3575 concurrite...

2027 3613 2178 3668 velut
2199 3614 2266 3668 ad
2295 3627 2464 3665 unum
2487 3609 2678 3665 Jesum
2711 3609 3019 3676 Christum,
3048 3612 3142 3679 qui
3184 3620 3238 3664 et
3275 3611 3344 3665 ab
3375 3626 3485 3665 uno
3516 3611 3621 3667 Pa-

2031 3715 2115 3762 tre
2157 3706 2356 3778 prodit,
2387 3714 2442 3759 et
2472 3705 2526 3757 in
2561 3718 2672 3757 uno
2705 3703 2944 3769 exsistit,
2975 3711 3030 3757 et
3074 3703 3127 3756 in
3170 3719 3341 3758 unum
3394 3706 3621 3760 reverti-

2031 3810 2139 3855 tur.
2173 3820 2192 3851 ι
2224 3798 2371 3853 Duas
2402 3798 2605 3867 ubique
2632 3794 2763 3851 Jesu
2798 3796 3003 3850 Christi
3035 3805 3262 3850 naturas
3292 3796 3369 3851 ita
3401 3812 3618 3855 memo-

2030 3900 2115 3947 rat
2140 3888 2253 3962 (54)
2275 3900 2337 3946 ut
2361 3906 2457 3945 eas
2480 3903 2676 3959 reapse
2700 3890 2839 3943 inter
2870 3903 2931 3945 se
2953 3889 3244 3945 distinctas
3267 3904 3409 3957 esse,
3436 3904 3619 3961 neque

2035 4022 2270 4067 mentem
2323 4009 2603 4081 D.lgnatii
2643 4011 2850 4079 optime
2896 4011 3187 4080 expressit,
3216 4011 3492 4079 simulque
3519 4028 3617 4065 vo-

2034 4083 2114 4137 cis
2154 4083 2415 4153 ἀγένητος
2456 4082 2571 4135 sive
2614 4082 2940 4153 ἀγέννητὸς,
2988 4092 3151 4153 prout
3183 4097 3245 4135 ea
3280 4097 3309 4134 a
3342 4082 3618 4139 veteribus

2035 4151 2563 4223 usurpata'legitur,
2610 4152 2887 4223 dupliCem
2936 4151 3312 4223 acceptionem
3359 4163 3618 4223 accurate

2030 4221 2281 4278 distinxit
2322 4221 2793 4289 MJAthanasius,
2820 4236 2984 4292 quem
3017 4222 3245 4276 consule
3287 4223 3341 4275 in
3370 4222 3515 4276 libro
3542 4222 3618 4279 De

2028 4294 2267 4364 synodis,
2307 4302 2438 4346 tom.
2471 4292 2510 4359 l,
2550 4308 2603 4362 p.
2632 4291 2759 4346 922.

2102 4365 2216 4434 (51)
2248 4383 2264 4415 ι
2286 4364 2549 4434 Obturate
2574 4378 2735 4434 aures
2757 4372 2987 4426 vestras,
3009 4377 3138 4434 eum
3164 4362 3319 4417 vobis
3340 4363 3615 4434 quispiam

2028 4432 2273 4504 loquitur
2313 4436 2432 4489 sine
2467 4433 2595 4489 Jesu
2626 4433 2884 4495 Christo,
2928 4432 3020 4502 qui
3055 4449 3122 4487 ex
3145 4448 3342 4503 genere
3368 4432 3614 4499 Dav'idis,

2031 4507 2125 4580 qui
2159 4520 2226 4559 ex
2257 4504 2451 4580 Maria,
2488 4505 2582 4574 qui
2617 4519 2744 4557 vere
2788 4510 3083 4580 natusest,
3126 4504 3463 4580 e_dit_,__bibit,
3489 4519 3615 4559 vere

2031 4572 2462 4645 persecutionem
2505 4572 2718 4643 passus
2761 4582 2845 4627 est
2878 4572 3199 4645 subPontio
3222 4574 3428 4639 Pilato;
3486 4590 3615 4629 vere

2033 4644 2331 4701 crucifixus
2372 4655 2428 4699 et
2473 4653 2724 4699 mortuus
2770 4655 2873 4707 est,
2908 4644 3220 4698 videntibus
3266 4646 3611 4709 caelestibus.

2034 4717 2392 4771 terrestribus
2428 4725 2481 4770 et
2511 4715 2915 4777 subterraneis;
2956 4715 3136 4781 qui'et
3161 4729 3285 4767 vere
3313 4717 3616 4770 resurrexit

2033 4803 2062 4840 a
2103 4787 2336 4841 mortuis
2370 4786 2732 4839 resuscitante
2784 4784 2959 4852 ipsum
2996 4782 3157 4837 Patre
3201 4786 3376 4852 ipsius
3417 4802 3615 4839 secun-

2031 4860 2163 4911 dum
2203 4857 2653 4939 similitudinem,
2697 4871 2821 4939 qua
2846 4864 2899 4906 et
2932 4868 3032 4939 tros
3077 4854 3179 4935 ipsi
3210 4856 3495 4909 credentes
3540 4860 3611 4909 ita

2030 4929 2377 4982 resuscitabit
2413 4927 2573 4980 Pater
2614 4926 2668 4979 in
2695 4922 2914 4994 Christo
2943 4922 3111 4984 Jesu,’
3138 4926 3255 4979 sine
3288 4942 3399 4994 quo
3424 4942 3612 4979 veram

2030 4999 2196 5053 vitam
2234 5013 2342 5051 non
2374 4998 2658 5051 habemus.
2694 5015 2713 5046 ν
2749 4993 2922 5063 Epist.
2962 4995 3029 5047 a'd
3063 4993 3372 5059 'l‘rallanos,
3398 5012 3519 5065 cap.
3549 4998 3605 5050 9.

2028 5082 2037 5109 ι
2104 5069 2222 5136 (52)
2256 5086 2274 5117 ι
2312 5067 2624 5136 Principem
2670 5067 2835 5134 hujus
2882 5066 3071 5119 rutundi
3128 5067 3285 5119 latuit
3324 5067 3611 5136 virginitas

2029 5140 2231 5203 Mariae,
2268 5149 2320 5193 et
2364 5151 2551 5208 partus
2591 5138 2762 5205 ipsius
2798 5137 3072 5200 similiter,
3122 5144 3177 5208 et
3212 5152 3397 5208 mors_
3420 5137 3605 5190 Domi‘

2028 5214 2105 5276 ni,
2141 5213 2242 5263 tria
2268 5206 2527 5281 mySteria
2550 5208 2836 5281 clamoris,
2868 5222 2989 5281 qua;
3021 5208 3076 5260 in
3110 5207 3329 5262 silentio
3372 5206 3469 5262 Dei
3501 5223 3602 5277 pa-

2028 5290 2167 5335 trata
2194 5277 2342 5335 sunt:
2379 5300 2396 5329 ι
2431 5279 2529 5348 Ep.
2556 5280 2621 5331 ad
2650 5277 2810 5346 Eph.,
2840 5294 2888 5332 c.
2922 5278 3010 5348 19.

2100 5352 2213 5428 (ἥδ)
2250 5350 2423 5428 Epist.
2450 5346 2525 5428 ad
2573 5348 2841 5428 Magnes,
2871 5364 2921 5403 c.
3040 5346 3100 5401 ln
3140 5347 3331 5403 eadem
3370 5346 3607 5428 epistola

2030 5419 2389 5490 S.'lgnalius
2445 5419 2810 5489 Magnesianis
2870 5419 3002 5473 satis
3040 5434 3125 5490 se
3185 5419 3608 5475 commendasse

2026 5488 2358 5546 Christiana:
2385 5488 2611 5545 unitatis
2636 5490 3008 5543 excellentiam
3030 5488 3155 5557 jure
3182 5490 3481 5543 arbitratus
3521 5496 3611 5542 est

2027 5562 2116 5616 his
2145 5563 2325 5617 verbis
2358 5580 2369 5614 :
2411 5580 2427 5611 ι
2466 5559 2622 5616 Unus
2656 5570 2742 5616 est
2781 5559 2944 5615 Jesus
2991 5559 3277 5629 Christus,
3311 5574 3423 5629 quo
3467 5559 3607 5613 nihil

2026 5633 2374 5701 praestantius
2402 5641 2505 5685 est.
2541 5652 2559 5681 ι

2101 5703 2215 5824 (ξὶᾼ)
2246 5704 2483 5757 Consule
2516 5703 2631 5757 loca
2676 5717 2839 5771 supra
2868 5702 2980 5772 jam
3025 5702 3275 5773 allegata,
3310 5704 3365 5757 in
3390 5704 3605 5772 primis,

2195 5790 2282 5824 eo.
2310 5773 2375 5824 ad
2406 5772 2566 5824 εἰμὴ..
2601 5792 2648 5824 c.
2675 5774 2709 5824 5
2775 5789 2860 5824 en.
2908 5773 2973 5824 ad
3013 5773 3354 5824 Polvcarnun
3381 5785 3457 5824 39.1
3492 5792 3542 5824 ρ.
3575 5774 3605 5824 5

2028 5792 2077 5829 c.
2110 5772 2140 5824 7
2195 5790 2282 5841 cp.
2310 5773 2375 5826 ad
2406 5772 2566 5841 Eph,
2601 5792 2648 5826 c.
2675 5774 2709 5826 5
2733 5789 2860 5844 “ep.
2908 5773 2973 5826 ad
3013 5772 3354 5844 Polycarpun
3381 5785 3457 5828 aet
3492 5792 3542 5828 c.
3575 5774 3611 5827 '5

2030 5845 2097 5899 ad
2118 5846 2360 5911 Stnvrn.;
2396 5861 2514 5913 cap.
2553 5844 2612 5897 l5
2646 5845 2711 5899 ad
2730 5842 2997 5915 Magnes;
3024 5846 3090 5899 ad
3114 5842 3379 5915 Smyrnam
3404 5866 3451 5909 s,
3472 5862 3521 5901 c.
3557 5845 3608 5898 1.
