4134 6392
469 340 576 397 595

1543 341 1600 397 S.
1634 340 1983 399 lGNATlUS.
2005 340 2095 383 ⁷-
2124 340 2655 399 PROLECOMENA.

3631 342 3738 399 595

473 464 817 531 commistas,
842 471 935 518 aut
967 460 1248 529 confusas,
1296 464 1392 521 sed
1425 480 1593 520 unam
1622 465 1678 520 in
1708 467 1828 537 ipso
1863 479 2054 535 perso-
2087 468 2131 523 Λ
2162 473 2309 519 ctam
2336 507 2352 532 ,
2387 465 2546 535 quia,
2582 474 2644 521 ut
2676 465 2753 519 ait
2784 459 3157 520 Tertullianus
3185 463 3297 534 (57)
3327 483 3338 518 :
3380 482 3399 515 ε
3437 462 3589 518 Vana
3623 478 3736 528 res.

473 570 598 608 nam
630 571 723 623 per
749 556 1010 611 unitatem
1041 558 1337 612 etﬁcientes
1366 564 1634 611 censeret.

543 646 836 703 Veritatem
867 649 1261 705 incarnationis
1283 690 1297 713 ,
1329 648 1724 718 Christumque
1752 660 1882 701 vere
1920 659 2046 715 pas-

467 755 588 793 smn
618 755 683 794 ac
729 742 1142 809 resurrexisse,
1184 748 1380 796 contra
1430 738 1809 809 phantasticos
1857 737 2047 791 multis

469 831 526 885 S.
569 833 808 903 lgnatius
835 834 1049 904 probat.
1081 834 1225 889 Inter
1251 833 1357 887 alia
1387 833 1461 889 ita
1495 832 1888 888 ratiocinatur:
1923 850 1944 884 ‹
1985 831 2041 886 Si

461 942 612 991 vero,
639 937 695 981 ut
720 928 943 997 quidam
965 927 1133 989 athei,
1153 928 1257 983 hoc
1283 937 1365 982 est
1390 927 1654 992 inﬁdeles,
1674 926 1846 989 aiunt,
1864 927 2043 996 ipsum

464 1018 795 1091 (Christum)
840 1020 1147 1076 secundum
1202 1020 1577 1090 apparentiam
1627 1033 1751 1074 esse
1797 1032 2046 1088 passum,

462 1111 567 1180 ipsi
606 1112 908 1167 secundum
948 1112 1321 1181 apparentiam
1355 1112 1711 1179 exsistentes;
1763 1126 1866 1182 ego
1913 1110 2045 1181 quid

462 1202 685 1258 vinctus
723 1203 883 1259 sum?
913 1212 968 1257 et
1014 1218 1115 1257 cur
1146 1212 1277 1273 opto
1308 1219 1433 1258 cum
1466 1204 1659 1259 bestiis
1697 1202 2045 1274 depugnare?

465 1296 671 1351 frustra
707 1298 890 1367 itaque
923 1296 1149 1351 morior.
1187 1315 1205 1348 ι
1237 1328 1308 1338 -
1341 1315 1359 1349 ι
1391 1296 1867 1367 Ρτοΐθειῦ,ιδά‹1ἱι
1899 1297 2049 1352 insu-

462 1393 900 1461 per,imendacia
936 1393 1003 1448 de
1043 1392 1279 1447 Domino
1311 1406 1419 1445 non
1462 1392 1747 1463 contingo,
1786 1409 1807 1443 ι
1846 1390 1958 1462 ἄρα
1983 1390 2047 1444 οὐ

462 1482 874 1555 καταψεύὸομαι
904 1483 1001 1538 τοῦ
1029 1484 1258 1557 Κυρίου.
1301 1501 1320 1535 t
1354 1482 1547 1554 Fugite
1593 1498 1745 1555 ergo,
1772 1502 1792 1537 ι
1819 1484 2045 1540 conclu-

461 1573 540 1627 dit
564 1574 681 1644 ipse
706 1574 775 1629 de
815 1576 1178 1645 phantastieis
1216 1578 1479 1648 loquens,
1511 1595 1531 1628 ί
1574 1575 1745 1646 fugite
1777 1578 2045 1649 malignas

463 1667 563 1722 has
598 1667 836 1736 stirpes,
889 1683 1014 1739 qua:
1072 1670 1306 1741 gignunt
1366 1667 1711 1725 mortiferum
1768 1668 2043 1737 fructum,

463 1773 627 1828 quem
654 1760 701 1815 si
741 1760 868 1831 quis
896 1761 1151 1831 gustarit,
1178 1761 1446 1817 continuo
1479 1761 1713 1817 moritur
1740 1760 1912 1833 (55).)

465 1869 493 1941 ς
526 1870 613 1925 ιν.
645 1870 722 1926 De
759 1872 894 1927 reali
934 1874 1219 1941 prwsentia
1259 1874 1496 1943 corporis
1525 1873 1731 1929 Christi
1771 1875 1831 1929 in
1850 1877 2050 1930 eucha-

535 1943 713 2003 ristia,
750 1943 815 1996 de
840 1944 1079 1997 diaconis
1114 1944 1454 2001 eucharistia:
1482 1945 1775 2011 ministris,
1806 1955 1858 2000 et
1889 1948 1955 2001 de
1985 1945 2046 2003 S.

535 2012 965 2067 Christianorum
987 2016 1171 2068 altari.

531 2126 610 2183 Ex
653 2129 897 2199 antiquis
941 2130 1302 2201 scriptoribus
1343 2140 1530 2185 noster
1557 2132 1611 2185 in
1647 2130 1839 2201 primis
1887 2131 2047 2202 lgna-

458 2220 601 2287 tius,
634 2236 827 2277 verum
854 2222 908 2275 in
948 2223 1285 2279 eucharistia
1320 2238 1445 2279 esse
1469 2222 1678 2279 Christi
1713 2239 1937 2293 corpus,
1966 2225 2052 2281 di-

460 2315 767 2371 sertissinie
811 2315 992 2371 docet.
1028 2314 1312 2387 Siquidem
1355 2317 1452 2372 ubi
1494 2318 1563 2372 de
1610 2318 1904 2384 haereticis,
1951 2319 2045 2389 qui

457 2406 741 2462 Christum
770 2424 878 2463 non
918 2424 1130 2471 veram,
1161 2408 1257 2464 sed
1295 2408 1477 2464 ﬁctam
1506 2418 1563 2465 et
1587 2410 1899 2466 simulatam
1923 2427 2048 2467 car-

460 2516 585 2556 nem
618 2503 989 2571 assumpsisse
1011 2503 1348 2573 garriebant,
1378 2517 1691 2559 sermonem
1720 2504 1900 2572 habet,
1931 2506 2049 2563 haec

459 2592 757 2649 observatu
802 2594 1131 2667 dignissima
1172 2594 1383 2665 profert
1411 2598 1618 2652 verba:
1648 2616 1668 2650 ι
1717 2598 1802 2654 Ab
1842 2602 2042 2657 eucha-

458 2681 638 2748 ristia,
665 2684 865 2755 inquit,
891 2685 1195 2753 abstinent,
1235 2696 1460 2757 propter
1480 2704 1589 2743 non
1624 2690 1895 2759 confiteri,
1924 2708 2048 2748 car-

458 2789 585 2829 nem
617 2790 742 2831 esse
769 2774 1077 2834 Salvatoris
1101 2778 1276 2834 nostri
1305 2776 1434 2835 Jesu
1463 2780 1666 2837 Christi
1699 2796 1801 2852 pro
1849 2796 2046 2851 pecca-

457 2866 529 2920 tis
554 2867 759 2921 nostris
787 2882 1009 2937 passam
1043 2867 1179 2939 (56).
1212 2886 1231 2921 )
1271 2868 1339 2926 Et
1367 2886 1522 2936 vero,
1551 2872 1599 2928 si
1628 2881 1760 2929 tunc
1781 2872 2047 2928 Christia-

458 2959 513 3012 ni
543 2959 598 3013 in
626 2960 840 3026 eadem,
870 2976 935 3015 ac
956 2959 1261 3016 Calviniani
1291 2963 1467 3018 nostri
1494 2963 1729 3020 fuissent
1751 2968 2041 3034 sententia,

456 3052 851 3107 eucharistiam
876 3054 1126 3123 corporis
1150 3054 1353 3111 Christi
1386 3055 1590 3110 nudam
1623 3057 1893 3111 duntaxat
1920 3072 2045 3113 esse

456 3144 711 3215 ﬁguram,
750 3146 821 3202 ab
848 3145 929 3203 eis
956 3163 1064 3203 non
1096 3149 1279 3219 potius
1307 3148 1399 3203 illa
1431 3148 1585 3218 rejici
1614 3148 1828 3214 debuit,
1872 3165 2041 3221 quam

2159 558 2309 626 quod
2356 566 2443 611 est
2489 558 2836 626 phantasma,
2872 557 3102 627 figuram
3136 572 3246 611 non
3276 554 3534 611 admittit.
3568 573 3590 606 ο
3629 553 3735 609 Sed

2160 651 2269 704 huc
2303 649 2391 703 illa
2428 648 2751 704 Tertulliani
2784 648 3085 704 auctoritas
3113 662 3398 717 perperam
3425 646 3733 701 adducitur.

2160 742 2236 795 lbi
2271 742 2418 796 enim
2452 742 2649 797 doctus
2681 740 2771 795 ille
2802 740 2888 794 vir
2916 739 3249 794 Marcionem
3269 780 3285 806 ,
3315 738 3408 808 qui
3452 736 3734 792 Christum

2162 831 2349 888 ﬁctum
2383 832 2661 888 hominem
2693 841 2750 887 et
2770 832 3096 903 phantasma
3125 829 3296 886 fuisse
3328 830 3615 895 delirabat,
3632 829 3738 885 hoc

2159 924 2477 981 testimonio
2509 922 2763 979 Jeremiae
2793 924 3026 979 dicentis
3052 941 3067 977 :
3110 921 3323 977 Venite.
3364 922 3641 976 mittamus
3673 921 3739 974 li-

2161 1034 2323 1089 gnum
2354 1019 2410 1073 in
2430 1033 2619 1087 panem
2650 1016 2764 1090 (58)
2797 1016 3013 1089 egregie
3048 1014 3263 1081 refellit,
3293 1015 3643 1084 ostenditque
3668 1029 3739 1069 eo

2158 1112 2263 1168 loci
2296 1127 2492 1183 panem
2531 1128 2643 1167 non
2694 1111 2925 1181 ﬁguram
2966 1109 3175 1165 Christi
3207 1108 3510 1178 simplicem
3551 1115 3608 1163 et
3634 1122 3738 1161 nu-

2157 1205 2306 1272 dam,
2340 1205 2435 1261 sed
2468 1205 2843 1276 propheticam
2884 1203 3169 1273 appellari.
3230 1230 3233 1231 ν

2225 1297 2295 1352 At
2327 1297 2382 1352 in
2418 1297 2753 1354 eucharistia
2781 1297 2934 1368 juxta
2966 1296 3395 1351 Calvinistarum
3421 1295 3737 1365 opinionem

2155 1404 2269 1447 non
2300 1387 2471 1444 futuri
2516 1390 2763 1460 corporis
2811 1388 3152 1459 prophetica,
3186 1388 3281 1443 sed
3325 1388 3577 1458 corporis
3609 1402 3739 1443 vere

2154 1482 2472 1540 exsistentis
2505 1482 2678 1552 ﬁgura
2710 1487 2816 1537 est.
2857 1479 2994 1547 Quis
3024 1492 3205 1535 autem
3230 1480 3511 1535 revoi-ahit
3547 1479 3603 1534 in
3639 1479 3738 1535 du-

2154 1574 2331 1641 bium,
2363 1573 2604 1643 aliquam
2634 1572 2905 1644 corporis,
2929 1573 3073 1640 quod
3097 1571 3353 1628 simulate
3379 1579 3435 1624 et
3463 1569 3585 1625 ﬁcte
3608 1578 3736 1623 tau-

2155 1672 2273 1718 tum
2295 1664 2533 1730 exsistit,
2565 1678 2726 1734 posse
2758 1678 2880 1718 esse
2909 1662 3143 1732 ﬁguram
3167 1662 3191 1716 ‘l
3217 1660 3468 1717 Haeretici
3495 1676 3627 1731 ergo
3656 1658 3734 1714 illi

2156 1752 2299 1809 hanc
2330 1755 2403 1809 ob
2429 1769 2654 1810 causam
2690 1754 3083 1810 eucharistiam
3104 1794 3120 1819 ,
3169 1752 3333 1809 sicuti
3374 1753 3733 1823 baptismum,

2084 1864 2126 1920 Β
2154 1859 2318 1914 quem
2361 1844 2486 1902 ﬁcte
2523 1844 2728 1901 Christi
2774 1846 2970 1901 mortis
3004 1846 3235 1916 ﬁguram
3278 1859 3402 1900 esse
3442 1844 3739 1900 contende-

2156 1936 2313 2004 bant,
2360 1952 2619 2007 respuere
2642 1952 2754 1993 non
2784 1938 3109 1993 debuerunt.
3141 1936 3263 1991 Vim
3302 1936 3531 2007 hujusce
3562 1952 3732 2006 argu-

2151 2028 2325 2084 menti
2356 2042 2485 2084 cum
2518 2028 2747 2085 sentiret
2784 2029 3052 2085 Claudius
3098 2028 3568 2085 Charentonensis
3602 2029 3734 2085 olim

2150 2118 2423 2187 minister,
2458 2119 2513 2175 in
2546 2120 2710 2175 aliam
2741 2121 2875 2176 abiit
2905 2123 3255 2175 sententiam.
3284 2119 3589 2191 Respondit
3627 2122 3734 2177 ita-

2149 2226 2257 2281 que
2278 2212 2394 2284 (59)
2422 2212 2526 2268 hos
2553 2213 2841 2269 hereticos
2883 2216 3046 2269 Stulte
3098 2215 3398 2270 credidisse
3429 2214 3735 2281 Christum.

2150 2306 2247 2376 qui
2285 2320 2475 2361 verum
2511 2321 2714 2376 corpus
2745 2305 2958 2373 habuit,
2986 2306 3075 2362 bis
3108 2306 3331 2362 verbis:
3365 2305 3481 2361 Hoc
3510 2317 3587 2361 est
3613 2323 3735 2361 cor-

2148 2414 2248 2457 pus
2276 2414 2478 2462 meum,
2522 2413 2717 2469 panem
2739 2439 2756 2464 ,
2790 2406 2853 2453 ut
2896 2412 3103 2469 corpus
3136 2414 3298 2454 suum
3334 2398 3510 2467 ﬁeret,
3543 2414 3734 2456 revera

2149 2490 2461 2560 adoptasse.
2494 2491 2551 2547 Id
2578 2504 2738 2557 vero,
2762 2499 2822 2546 ut
2850 2491 3043 2561 probet
3060 2532 3076 2559 ,
3118 2489 3523 2547 Tertulli-anum
3550 2493 3675 2548 loco
3701 2508 3733 2548 a

2150 2582 2312 2638 nobis
2352 2598 2517 2653 supra
2568 2584 2760 2650 citato,
2799 2592 2989 2639 testem
3030 2585 3306 2654 producit.
3346 2583 3454 2641 Sed
3485 2586 3558 2640 ibi
3594 2585 3732 2641 'l'er-

2151 2674 2416 2729 tullianus
2473 2674 2541 2728 de
2583 2673 2677 2728 illa
2729 2673 3112 2730 haereticorum
3168 2676 3333 2732 stulta
3365 2677 3627 2747 Opinione
3663 2693 3737 2734 ne

2149 2767 2440 2822 minimum
2494 2766 2715 2837 quidem
2778 2766 3007 2822 verbum
3065 2766 3214 2823 fecit.
3278 2768 3453 2824 Instat
3517 2769 3610 2825 ille
3665 2786 3732 2826 es

2094 2883 2098 2887 ’
2146 2858 2499 2927 Bellarmino,
2524 2859 2592 2914 ab
2621 2859 2895 2915 haereticis
2917 2860 3025 2916 illis
3055 2875 3165 2914 non
3193 2868 3302 2915 tam
3325 2873 3733 2919 sacramentum

2145 2952 2513 3019 eucharistia},
2547 2966 2713 3022 quam
2748 2952 3071 3023 mysterium
3119 2951 3523 3011 lncarnationis
3563 2956 3735 3014 fuisse

2148 3045 2551 3116 impugnatum.
2595 3043 2739 3111 Quid
2785 3044 2945 3100 inde?
2992 3043 3248 3116 Nunquid
3291 3050 3615 3118 mysterium
3647 3049 3734 3104 ln-

2144 3141 2486 3199 carnatiouis
2509 3141 2667 3197 aliter
2698 3141 3010 3212 impugnari
3046 3158 3155 3198 non
3184 3155 3395 3215 potest;
3432 3148 3540 3205 nisi
3574 3150 3733 3207 Chri-

456 3236 785 3306 haptismus,
818 3238 912 3308 qui
944 3254 1072 3294 vere
1104 3240 1303 3294 mortis
1350 3237 1559 3295 Christi
1596 3238 1769 3307 ﬁgura
1801 3254 1925 3297 esse
1956 3242 2043 3297 di-
2077 3222 2121 3280 Ο
2156 3244 2276 3291 stus
2300 3250 2520 3305 panem.
2557 3244 2621 3290 ut
2645 3250 2809 3291 suum
2836 3250 3038 3305 corpus
3070 3248 3237 3304 esset,
3265 3238 3559 3309 adoptasse
3583 3242 3737 3299 dica-

455 3327 621 3383 citnr.
662 3329 777 3386 [mo
818 3330 888 3385 ab
920 3331 1030 3387 illis
1058 3339 1113 3386 et
1142 3330 1481 3388 eucharistia
1518 3347 1629 3387 non
1662 3347 1821 3389 secus
1846 3349 1913 3388 ac
1940 3333 2045 3389 ba-

454 3420 690 3489 ptismus
722 3421 991 3478 ambabus
1043 3423 1190 3479 ulnis
1236 3422 1587 3494 suscipienda
1636 3433 1791 3493 erat;
1841 3426 2043 3497 quippe

453 3526 562 3581 qua
594 3512 877 3569 Christum
931 3514 1157 3583 nullibi,
1203 3514 1311 3572 nisi
1357 3515 1412 3570 in
1465 3516 1671 3588 ﬁgura,
1718 3532 1827 3573 non
1862 3518 2044 3590 reipsa

451 3604 733 3660 exstitisse
756 3604 1169 3661 concluderent.
1206 3605 1346 3662 Cum
1378 3622 1512 3679 ergo
1542 3608 1611 3662 ab
1644 3608 1735 3664 illa
1767 3609 2048 3668 abstinue-

455 3696 587 3761 rint,
618 3697 673 3751 in
707 3696 899 3752 eadem
929 3697 1046 3767 ipsa
1073 3711 1263 3752 verum
1297 3713 1499 3768 corpus
1528 3697 1736 3755 Christi
1769 3715 1893 3756 esse
1918 3716 2043 3771 per-

453 3806 678 3846 suasum
716 3790 1013 3846 habebant.

522 3880 757 3951 Objieiet
791 3880 979 3936 forsan
1011 3881 1211 3953 aliquis
1245 3882 1665 3953 eucharistiam,
1699 3885 1803 3941 etsi
1833 3886 2037 3942 nudam

450 3974 703 4044 corporis
747 3973 953 4030 Chrisﬁ
1007 3976 1263 4045 figuram,
1306 3976 1428 4033 ideo
1460 3986 1643 4032 tamen
1682 3978 1755 4033 ab
1783 3977 1865 4034 eis
1897 3980 2040 4050 reje-

2151 3326 2273 3383 tur?
2304 3324 2431 3382 llzec
2462 3341 2596 3382 sane
2645 3341 2784 3381 vana
2822 3341 2990 3397 quam
3036 3328 3147 3383 sint
3195 3338 3251 3383 et
3300 3314 3513 3400 iutilia,
3569 3347 3735 3391 nemo

2146 3438 2256 3477 non
2282 3422 2447 3478 videt.

2216 3516 2630 3574 Observandum
2653 3530 2895 3587 quoque,
2919 3515 3182 3572 diaconos
3224 3516 3367 3573 inter
3397 3528 3587 3574 saeros
3604 3518 3737 3575 ado-

2146 3611 2305 3667 randi
2332 3608 2684 3666 eucharistia
2730 3608 3065 3664 sacramenti
3105 3609 3391 3665 ministros
3417 3610 3488 3665 ab
3520 3609 3734 3682 lgnatio

2146 3701 2490 3773 computari:
2521 3708 2739 3771 oportet
2767 3708 2823 3755 et
2854 3700 3122 3756 diaconos
3159 3700 3441 3757 ministros
3461 3703 3736 3758 exsisten-

2144 3809 2228 3850 tes
2244 3792 2632 3865 mysteriorum
2661 3789 2792 3847 Jesu
2820 3790 3095 3848 Christi...
3134 3789 3253 3845 Non
3278 3791 3424 3845 enim
3453 3791 3731 3860 ciborum,

2144 3897 2201 3943 et
2236 3895 2465 3957 potuum
2496 3892 2627 3939 sunt
2659 3884 2898 3939 ministri
2932 3882 3069 3952 (60).
3118 3881 3260 3938 Hinc
3291 3883 3458 3938 etiam
3494 3881 3555 3940 S.
3602 3884 3731 3939 Ste-

2145 3982 2364 4051 phanus
2397 3994 2541 4035 unus
2582 3992 2650 4033 ex
2692 3986 2900 4048 septem
2942 3976 3138 4047 primis
3184 3973 3445 4032 Ecclesiae
3476 3976 3732 4034 diaconis

524 4119 639 4188 (55)
666 4118 838 4206 Epist.
863 4119 936 4206 ad
954 4117 1176 4206 'Trall.,
1209 4136 1274 4179 c.
1304 4121 1412 4206 10.¹
1440 4121 1499 4206 in
1548 4121 1712 4206 epist:
1747 4122 1817 4206 ad
1846 4121 2037 4195 Smyr-

2148 4122 2391 4206 ξωιεῆρος
2413 4120 2591 4206 “np.th
2636 4119 3103 4206 'l3605_Xptctoﬁ,
3137 4119 3234 4188 τὴν

451 4206 603 4245 uicos
632 4193 828 4260 repetit
863 4190 923 4245 S.
954 4190 1221 4261 Ignatius,
1269 4192 1415 4261 quod
1441 4190 1599 4247 Iesus
1638 4192 1883 4248 Christus
1923 4190 2040 4249 v'ere

452 4277 640 4336 passus
668 4273 777 4336 est,
809 4264 947 4336 sicut
973 4271 1039 4336 et
1073 4263 1319 4336 seipsttm
1341 4264 1649 4336 suscitavit,
1692 4263 1786 4336 κᾳὶ
1821 4265 2039 4336 ᾲληθῶς

449 4331 673 4403 ἔπαθξν,
712 4334 789 4396 ὡς
831 4333 925 4386 καὶ
960 4330 1177 4403 ἀληθῶς
1227 4332 1525 4402 ἀνέστησεν
1583 4334 1793 4387 ἑαυτόν.
1819 4330 1952 4403 Cap.
1986 4338 2040 4399 2,
2090 4364 2093 4365 ν

454 4413 508 4455 ιιι
533 4400 675 4457 infra
710 4404 875 4459 habet
901 4422 914 4457 :
938 4421 956 4452 ι
982 4400 1097 4471 Ego
1119 4415 1174 4456 et
1198 4412 1323 4471 post
1344 4400 1812 4471 reSurrectionem
1833 4400 1959 4459 eum
1994 4406 2048 4459 in

451 4488 637 4546 mrne_
660 4474 820 4540 novi,
866 4483 923 4528 et
957 4470 1121 4526 credo
1158 4470 1305 4546 esse.
1339 4470 1409 4546 Et
1443 4474 1690 4546 quando;
1711 4474 1777 4527 ad
1804 4490 1921 4542 eos,
1954 4476 2048 4546 qui

454 4560 578 4599 cum
606 4543 769 4597 Petro
799 4552 979 4607 erant,
1006 4545 1192 4613 venit,
1230 4542 1412 4612 inquit
1456 4544 1590 4612 ipsis
1619 4562 1630 4596 :
1666 4542 2042 4613 Apprehendi-
2078 4543 2124 4598 D

455 4629 532 4678 te,
565 4615 779 4684 palpate
805 4630 912 4677 me,
936 4624 991 4669 et
1013 4612 1214 4679 videte,
1242 4613 1388 4683 quod
1420 4629 1526 4668 non
1558 4629 1681 4668 sum
1707 4615 2038 4669 daunonium

456 4686 801 4754 incorporale
829 4705 843 4741 :
876 4695 931 4740 et
961 4684 1249 4756 confestim
1284 4684 1462 4756 ipsum
1497 4685 1789 4756 tetigerunt
1812 4725 1834 4756 ι
1877 4695 2043 4756 atque

454 4756 811 4810 crediderunt
837 4755 1076 4810 convicti
1105 4768 1271 4809 carne
1297 4754 1469 4822 ipsius
1493 4764 1547 4808 et
1571 4754 1785 4823 spiritu.
1814 4754 2042 4825 Propter

454 4827 561 4880 hoc
597 4826 764 4882 etiam
791 4833 1026 4880 mortem
1073 4834 1557 4893 contempserunt;
1608 4840 1775 4893 supra
1810 4837 2038 4881 mortem

454 4911 584 4950 vero
608 4898 815 4951 inventi
844 4905 993 4952 sunt.
1030 4894 1163 4950 Post
1198 4897 1658 4950 resurrectionem
1706 4904 1888 4950 autem
1914 4912 2039 4953 cum

454 4967 563 5022 illis
595 4967 856 5031 comedit,
897 4976 951 5038 et
992 4966 1150 5038 bibit,
1202 4974 1262 5019 ιιι
1287 4967 1581 5038 carnalis,
1629 4965 1709 5030 ὡς
1755 4967 2041 5038 ςαρκικός,

452 5040 709 5106 quamvis
776 5037 1136 5107 spiritualiter
1205 5036 1394 5091 unitus
1446 5037 1621 5107 Patri.
1668 5057 1687 5090 ι
1753 5036 1925 5106 Epist.
1975 5042 2043 5093 ad

456 5104 702 5180 Smyrn.,
733 5104 873 5180 οξὸ.
911 5104 1029 5180 Non
1070 5107 1381 5180 mirandum
1433 5106 1492 5180 S.
1528 5104 1929 5178 Igtiatiumtatn
1950 5125 2044 5163 ve-

456 5177 742 5233 hementer
763 5178 1130 5247 depra‘dicare
1163 5177 1442 5231 veritatem
1476 5177 2041 5245 lnc’arnatiouis,cum

453 5264 609 5302 error
651 5249 939 5317 oppositus
963 5248 1121 5302 valde
1147 5248 1447 5303 obtinuerit
1496 5249 1833 5318 temporibus
1876 5251 2042 5303 etiam

454 5319 851 5387 apostolorum,
878 5319 1046 5373 sicuti
1074 5334 1334 5386 expresse
1389 5328 1661 5373 testantur
1693 5320 1922 5374 Tertull.
1944 5321 2039 5374 lib.

457 5388 531 5441 De
557 5388 885 5457 prwscript.,
913 5405 962 5443 c.
988 5390 1082 5454 5'5,
1110 5406 1175 5444 ac
1196 5389 1261 5443 D.
1292 5387 1516 5443 Hieron.
1548 5392 1799 5444 adversus
1830 5389 2047 5458 Luci/e-

458 5459 658 5530 rianas,
692 5474 743 5512 c.
776 5465 846 5525 ὅ,
882 5475 1096 5530 necnon
1146 5460 1358 5514 eruitur
1406 5476 1435 5515 a
1481 5462 1657 5530 prima
1708 5460 1770 5512 υ.
1816 5460 2050 5515 Joannis

461 5526 786 5597 Epistulam.
808 5547 846 5584 ι.
881 5529 1117 5586 Hazresis
1154 5531 1269 5585 haec
1312 5526 1625 5586 communis
1647 5541 1766 5586 erat
1789 5531 2047 5585 omnibus

457 5599 759 5667 titiosttcis,
813 5601 958 5656 sicut
998 5602 1389 5655 animadvertit
1418 5600 1756 5665 Tillemout.,
1793 5599 2043 5657 t.iﬂist.

456 5670 666 5736 (σείει,
702 5682 821 5739 post
846 5672 1189 5727 Pearsonum
1220 5682 1274 5725 et
1304 5671 1541 5725 Builum.

529 5741 639 5813 (56)
676 5742 1039 5813 Εὑχαριστίας
1090 5743 1185 5796 καὶ
1230 5744 1539 5812 προσευχῆς
1582 5742 1907 5813 ἁπέχονῖαι,
1957 5740 2051 5796 διὰ

459 5812 517 5862 τὶ
548 5809 629 5886 μὴ
651 5809 931 5887 ὁμολοᾲεἰν
986 5820 1084 5883 τὴν
1139 5809 1506 5884 εὐχαριστίὰυ
1549 5809 1726 5887 σάρκᾶ
1769 5809 1904 5867 εἶναι
1952 5814 2046 5870 τοῦ

2144 4188 2741 4267 ἡμῶσπᾳθόῦσριννῆγ
2772 4192 2847 4261 τῇ
2892 4188 3229 4267 Χρηστότηῖι
3266 4190 3295 4267 εξ
3339 4188 3529 4261 Πατὴρ
3571 4188 3730 4267 ira:

2147 4259 2261 4337 ῥὲν.
2286 4282 2306 4315 ‹
2331 4259 2769 4337 AbAeucharistia
2796 4259 2850 4337 et
2877 4259 3125 4337 oratione
3154 4259 3463 4323 abstinent,
3492 4259 3561 4337 eg
3579 4259 3733 4330 quod

2150 4330 2259 4397 non
2294 4332 2657 4390 conﬁteantur
2699 4330 3087 4385 eucharistiam
3118 4346 3340 4384 carnem
3381 4345 3503 4386 esse
3529 4330 3730 4384 Serva-

2148 4407 2285 4461 toris
2316 4403 2491 4458 nostri
2515 4401 2642 4457 Jesu
2671 4401 2900 4481 Christi,
2931 4416 3055 4481 quae
3098 4401 3729 4481 prohpeccatisrnostris

2191 4490 2317 4531 assa
2350 4481 2454 4538 est,
2483 4487 2647 4541 quam
2676 4470 2838 4526 Pater
2861 4486 2958 4541 sua
2990 4470 3325 4541 benignitate
3356 4470 3658 4526 suscitavit.
3700 4489 3721 4522 ι

2199 4547 2323 4616 pist.
2359 4545 2426 4616 ad
2463 4539 2706 4613 Sinyrn.,
2735 4556 2783 4596 c.
2818 4539 3223 4616 7._Verba_lizec
3253 4550 3469 4616 certum
3482 4541 3730 4616 reddunt

2149 4611 2525 4672 testimonium
2553 4611 2620 4667 de
2644 4611 2931 4682 praesentia
2962 4613 3096 4667 reali
3133 4612 3383 4682 corporis
3429 4611 3634 4666 Christi
3666 4612 3723 4666 in

2150 4685 2503 4743 sanctissimo
2533 4681 2723 4737 altaris
2746 4693 3112 4738 sacramento.
3150 4681 3215 4737 Et
3242 4697 3427 4736 revera
3454 4682 3585 4751 quid
3608 4682 3728 4737 cla-

2148 4758 2291 4823 rius,
2319 4754 2457 4825 quid'
2482 4755 2688 4809 certius
2716 4752 2823 4825 dici
2865 4762 3041 4822 potest
3085 4769 3185 4825 pro
3231 4753 3589 4825 hac‘veritate
3618 4768 3725 4806 no-

2149 4822 2280 4883 stris
2312 4822 2465 4881 hisce
2503 4824 2697 4879 diebus
2744 4824 2799 4877 in
2833 4823 3207 4879 controversia
3238 4822 3447 4891 posita,
3494 4823 3563 4877 iis
3602 4839 3727 4892 quae

2147 4900 2307 4953 docet
2328 4896 2386 4950 S.
2414 4895 2686 4965 Ignatius,
2715 4894 2966 4965 videlicet
3000 4894 3394 4965 eucharistiam
3431 4908 3556 4949 esse
3597 4909 3725 4948 car-

2150 4984 2274 5022 nem
2310 4963 2618 5022 Servatoris
2648 4964 2819 5018 nostri
2856 4963 2986 5018 Jesu
3021 4964 3261 5030 Chrisd;
3287 4964 3434 5018 illam
3474 4964 3725 5018 eamdem

2148 5053 2391 5104 carnem,
2421 5051 2542 5105 qua:
2562 5049 2660 5105 pro
2686 5036 2924 5103 peccatis
2946 5036 3150 5105 nostris
3171 5050 3330 5103 passa
3353 5044 3456 5098 est,
3481 5044 3535 5088 et
3556 5049 3727 5103 quam

2150 5108 2309 5162 Pater
2335 5104 2523 5177 postea
2566 5104 2892 5161 'suscitavit?
2935 5104 3219 5169 Quomodo
3240 5105 3548 5177 consociari
3591 5122 3726 5174 pos-

2150 5191 2279 5236 sunt
2306 5176 2618 5248 h’ujusmodi
2650 5178 3033 5248 pln'asescuni
3082 5192 3250 5230 sensu
3292 5176 3527 5248 ﬁgurato
3555 5192 3727 5248 nova-

2150 5246 2570 5304 torum‘lNunc
2618 5248 2784 5317 igitur
2808 5246 3056 5305 miretur
3096 5262 3291 5312 nemo,
3320 5247 3514 5317 sighos
3544 5247 3727 5300 videat

2149 5330 2471 5389 respuentes
2525 5315 2904 5372 auctoritatem
2955 5315 3426 5389 epistularuth.
3486 5316 3726 5386 lgnatii,

2148 5387 2384 5460 quarum
2432 5388 2682 5445 doctrina
2716 5403 2907 5443 eorum
2944 5387 3207 5441 doctrinae
3244 5402 3277 5441 e
3318 5387 3587 5443 diametro
3640 5398 3727 5441 est

2149 5461 2420 5531 opposita.

2220 5527 2337 5599 (ὅτ)
2367 5528 2760 5595 Tertullianus,
2779 5527 2876 5582 lib.
2907 5542 2958 5583 tv
2982 5539 3168 5582 contra
3196 5527 3546 5596 Marcionem,
3564 5530 3722 5583 c.4t).

2219 5603 2333 5671 (58)
2364 5599 2590 5671 Jcrem.,
2617 5616 2740 5669 cap.
2771 5615 2847 5663 ιιι,
2962 5599 3050 5671 i9.

2148 5668 2634 5797 2|(5)9)‘2lbi£e)spons.
2665 5668 2732 5725 ad
2766 5678 2923 5725 tract.
2948 5668 3026 5723 De
3049 5669 3353 5740 perpetuit.,
3382 5679 3536 5740 parte
3559 5685 3598 5723 ll
3620 5710 3637 5737 ,
3670 5684 3721 5724 c.

2222 5784 2238 5797 .
2261 5759 2314 5797 ι».
2449 5779 2464 5792 .

2191 5743 2238 5796 Ι.
2261 5759 2314 5796 ri.
2337 5742 2464 5795 ‘269.

2222 5759 2486 5886 italfozei
2520 5809 2577 5863 δὲ
2641 5812 2733 5866 καὶ
2768 5812 2889 5876 τοὺς
2918 5810 3193 5875 διακόνους
3228 5810 3388 5873 ὄντας
3419 5809 3722 5882 μυστηρίου
