4134 6382
331 362 428 418 597

1442 362 1545 431 DE
1584 361 1934 418 DOCTRINA
1973 360 2031 417 S.
2060 358 2333 418 lCNATIl.

3480 357 3578 411 598

333 495 401 537 ab
433 481 721 539 Ambrosio
771 492 998 541 vocatur
1042 484 1282 540 minister
1322 484 1511 540 altaris
1550 485 1686 556 (61).
1729 483 1795 539 Ει
1827 483 1889 537 D.
1919 487 1966 544 Α
1994 482 2061 537 de
2093 483 2364 554 spirituali
2411 496 2475 537 ae
2511 480 2903 551 metaphorico,
2956 477 3051 535 sed
3099 478 3166 532 de
3210 476 3480 533 materiali
3530 485 3580 529 ct

334 577 651 633 Laurentius
689 577 833 648 apud
882 576 1133 632 eumdem
1183 577 1460 633 doctorem
1509 577 1625 647 (62)
1680 575 1897 631 Sixtum

330 686 597 726 summum
641 670 953 739 pontiﬁcem
1000 669 1089 726 his
1118 669 1299 726 verbis
1340 670 1631 740 compellat
1666 687 1683 726 :
1725 689 1745 720 ‹
1788 667 1899 723 Ex-

331 761 524 830 perire,
549 770 733 816 utrum
750 760 1005 816 idoneum
1021 760 1334 816 ministrum
1350 760 1603 830 elegeris,
1623 759 1710 815 cui
1745 773 1897 813 com-

330 852 521 906 misisti
557 851 828 906 Dominici
865 851 1150 922 sanguinis
1195 852 1688 907 consecrationem.
1727 869 1747 903 »
1789 847 1897 904 Sed

330 946 456 999 illud
484 945 832 1015 potissimum
856 946 911 999 in
940 945 1119 1001 verbis
1156 944 1214 1000 S.
1242 944 1433 1017 lgnatii
1465 944 1900 999 animadverten-

329 1038 477 1099 dum,
510 1036 656 1105 quod
688 1036 805 1106 ipse
837 1037 905 1092 de
938 1037 1130 1092 iisdem
1163 1037 1411 1093 diaconis
1439 1035 1689 1091 addidit:
1721 1054 1741 1087 ι
1776 1032 1895 1088 Non

328 1129 469 1183 enim
503 1130 753 1184 ciborum
786 1136 842 1184 et
878 1137 1107 1199 potuum
1153 1137 1278 1185 sunt
1312 1128 1571 1183 ministri.
1620 1146 1640 1180 ι
1685 1125 1896 1181 Etenim

329 1222 381 1276 hi
409 1223 643 1292 primum
675 1222 922 1291 quidem,
955 1230 1018 1277 ut
1045 1221 1332 1276 viduarum
1355 1234 1771 1291 pauperemque
1801 1235 1901 1275 cu-

327 1331 439 1369 ram
486 1323 762 1386 gererent,
805 1315 875 1369 ab
905 1314 1170 1385 apostolis
1208 1322 1339 1369 sunt
1385 1313 1643 1368 ordinati.
1694 1311 1898 1367 Verum

328 1407 713 1463 secundarium
760 1406 895 1461 illud
929 1422 1122 1461 eorum
1165 1421 1393 1473 munus,
1425 1404 1680 1476 quamvis
1708 1404 1900 1474 prima:

325 1516 515 1554 eorum
564 1501 819 1555 electioni
874 1500 1220 1556 occasionem
1280 1500 1525 1565 dederit;
1570 1499 1898 1569 quibusdam

326 1603 506 1648 tamen
543 1593 597 1648 in
638 1594 955 1664 regionibus
996 1594 1161 1664 paulo
1194 1601 1321 1665 post
1358 1592 1757 1648 mutationibus
1798 1591 1902 1647 fuit

324 1686 645 1742 obnoxium.
682 1686 855 1742 Porro
897 1687 944 1742 si
968 1688 1099 1757 quid
1124 1696 1314 1743 contra
1350 1684 1698 1742 Justinianus
1723 1695 1778 1741 et
1806 1700 1899 1757 sy-

324 1779 503 1835 nodus
532 1778 795 1834 Trullana
827 1779 939 1849 (65)
972 1779 1305 1835 deﬁnierunt
1344 1779 1448 1834 hac
1487 1778 1542 1833 in
1577 1793 1634 1833 re
1663 1793 1731 1832 ex
1758 1778 1901 1832 male

1999 590 2130 631 vero
2166 575 2325 630 altari
2355 589 2479 629 eum
2531 573 2679 643 loqui
2720 585 2944 627 necesse
2970 579 3073 626 est.
3122 568 3364 639 Denique
3389 568 3433 622 si
3462 584 3550 622 mu

2000 667 2225 722 lieribus
2278 666 2469 721 altaris
2519 680 2775 720 accessus
2818 663 2950 719 olim
2998 661 3444 725 interdicebatur,
3485 675 3578 728 per

2000 754 2168 813 divini
2201 767 2410 814 tantum
2436 758 2597 814 cilicii
2633 767 2900 828 tempora,
2943 771 3051 813 non
3082 765 3287 823 autem,
3318 772 3443 812 cum
3482 770 3579 808 eu-

2002 850 2263 905 charistia
2293 851 2611 921 accipienda
2639 858 2805 914 esset,
2830 849 2965 905 illud
2987 850 3067 905 eis
3089 850 3422 919 prohibitum
3453 847 3574 901 fuit.

2072 941 2308 998 lnstabis
2339 959 2355 998 :
2405 942 2604 999 Primis
2639 941 2895 998 Ecclesiae
2933 942 3151 998 saeculis
3188 957 3370 997 vocem
3408 943 3579 995 altare

2003 1035 2183 1090 rarius
2231 1035 2535 1090 adhibitam
2578 1050 2608 1090 a
2659 1034 2937 1097 Patribus,
2986 1034 3102 1104 qui,
3147 1049 3272 1089 cum
3316 1034 3579 1089 adversus

2001 1128 2254 1183 ethnicos
2278 1128 2646 1197 disputarem,
2668 1127 2775 1182 ulla
2805 1125 3136 1182 Christianis
3180 1126 3377 1181 altaria
3409 1124 3582 1180 fuisse

2003 1229 2317 1275 constanter
2343 1220 2727 1289 peruegabant.
2771 1219 2878 1274 Sed
2914 1220 3003 1276 his
3046 1218 3208 1274 facile
3242 1217 3580 1289 respondeas

2001 1311 2181 1382 primo
2208 1327 2395 1367 vocem
2440 1312 2586 1366 illam
2618 1311 2791 1366 altare
2837 1312 2906 1367 ab
2939 1312 3173 1381 lgnatio,
3211 1310 3404 1381 quidni
3428 1319 3483 1364 et
3509 1309 3580 1363 ab

2002 1404 2126 1459 aliis
2145 1403 2421 1469 Patribus,
2462 1420 2698 1475 quorum
2729 1404 2931 1475 scripta
2957 1404 3259 1475 perierunt,
3287 1419 3395 1458 non
3427 1418 3579 1467 raro,

2004 1498 2097 1554 scd
2150 1513 2293 1566 saepe
2343 1505 2683 1569 usurpatam.
2715 1496 2989 1565 Secundo,
3026 1499 3068 1553 si
3118 1497 3281 1568 primi
3324 1495 3585 1551 Ecclesiae

2003 1588 2193 1645 Patres
2222 1590 2278 1644 in
2310 1591 2426 1646 suis
2464 1600 2655 1645 contra
2698 1606 2941 1662 paganos
2981 1590 3201 1661 scriptis
3239 1598 3294 1646 et
3331 1590 3585 1659 disputa-

2003 1682 2246 1738 titn‘bus
2291 1683 2444 1738 nulla
2488 1684 2821 1741 Christianis
2855 1686 3048 1741 altaria
3085 1685 3259 1741 fuisse
3302 1684 3583 1748 dixerunt,

2005 1775 2061 1829 in
2109 1776 2232 1833 aliis
2273 1779 2530 1848 operibus
2576 1789 2670 1835 aut
2718 1780 3072 1835 sermonibus
3115 1781 3184 1836 ad
3240 1779 3585 1837 Christianos

325 1873 645 1939 intellectis,
696 1888 823 1928 cum
865 1871 1326 1932 Neoczesariensis
1376 1871 1631 1936 concilii,
1678 1879 1792 1925 tum
1839 1869 1897 1925 S.
1932 1858 1975 1915 Β
2004 1868 2227 1937 habitis,
2257 1886 2356 1927 sua
2385 1873 2533 1942 ipsos
2561 1873 2756 1928 altaria
2796 1874 3054 1929 habuisse
3073 1884 3347 1931 asserunt.
3378 1873 3584 1939 Quam-

321 1966 704 2038 Chrysostomi
732 1966 913 2023 verbis
937 2006 953 2031 ,
989 1966 1058 2022 ab
1086 1966 1311 2037 antiqua
1357 1965 1580 2021 Patrum
1610 1964 1901 2020 traditione

323 2067 690 2114 recesserunt.

388 2148 582 2219 Neque
611 2149 744 2205 illud
770 2149 935 2205 etiam
982 2148 1347 2219 perfunctoria
1384 2148 1765 2206 observatione
1802 2148 1903 2205 ad.

322 2240 655 2307 notandum,
701 2241 847 2311 quod
895 2240 1135 2312 lgnatius
1169 2241 1236 2296 de
1276 2256 1435 2297 sacro
1464 2240 1903 2297 Christianorum

321 2333 481 2387 altari
529 2332 598 2387 ad
658 2331 922 2402 Ephesios
950 2331 1081 2403 ’(64)
1128 2331 1366 2387 scribit:
1410 2351 1428 2384 ι
1465 2329 1524 2386 Si
1549 2331 1673 2400 quis
1698 2345 1806 2386 non
1833 2329 1905 2385 sit

324 2425 465 2481 intra
518 2425 712 2492 altare,
767 2444 786 2477 ι
830 2424 923 2479 τοῦ
964 2423 1374 2495 θυσιαστηρίου,
1422 2442 1442 2476 ι
1481 2424 1728 2494 privatur
1763 2438 1903 2495 pane

317 2516 430 2573 Dei.
464 2535 491 2569 ›
526 2516 592 2571 Ει
620 2517 687 2571 ad
708 2514 1046 2586 Philadelph.
1073 2515 1185 2586 (65)
1212 2534 1224 2571 :
1252 2533 1271 2567 ι
1304 2513 1423 2571 Una
1456 2514 1602 2569 enim
1631 2526 1760 2569 caro
1788 2510 1901 2566 Do-

319 2610 446 2662 mini
478 2609 655 2663 nostri
681 2606 827 2663 Jesu'
849 2606 1079 2675 Christi,
1113 2616 1167 2662 et
1199 2624 1343 2663 unus
1370 2607 1511 2662 calix
1546 2606 1602 2660 in
1637 2604 1898 2662 unionem

321 2695 608 2767 sanguinis
648 2696 842 2766 ipsius,
887 2712 1057 2751 unum
1103 2696 1293 2759 altare,
1333 2696 1390 2750 ἒν
1431 2696 1835 2769 θυσιαστήριον.
1878 2715 1901 2751 ι

321 2784 415 2843 llis
460 2788 522 2841 in
558 2787 697 2844 locis
746 2803 938 2843 vocem
967 2787 1352 2859 θυσιαστήριον
1395 2788 1451 2842 in
1506 2804 1605 2843 sua
1659 2789 1901 2860 propria,

320 2872 443 2932 vera
476 2892 545 2932 ac
587 2877 823 2947 genuina
857 2877 1277 2949 signiﬁcatione,
1314 2879 1575 2933 nimirum
1607 2895 1709 2950 pro
1745 2896 1903 2936 saera

319 2984 535 3035 mensa,
567 2968 622 3023 in
653 2984 759 3040 qua
787 2969 990 3025 Christi
1026 2984 1227 3040 corpus
1266 2970 1601 3036 immolatur,
1652 2973 1906 3043 usurpari

317 3061 695 3117 certissimum
747 3071 863 3129 est;
906 3062 1051 3118 unde
1094 3061 1339 3132 profecto
1382 3062 1695 3120 refutantur
1724 3065 1906 3121 Calvi-

319 3157 496 3224 niani,
524 3158 619 3227 qui
649 3172 841 3213 verum
870 3158 1074 3214 Christi
1105 3173 1305 3229 corpus
1340 3160 1394 3213 in
1426 3159 1761 3217 eucharistia
1783 3178 1905 3219 esse

308 3257 606 3321 negantes,
645 3264 831 3305 vocem
872 3265 1093 3321 quoque
1121 3250 1524 3323 θυσιαστήριον,
1551 3253 1743 3319 altare,
1774 3269 1905 3310 vero

316 3353 382 3395 ac
427 3338 663 3410 prOprio
708 3339 1013 3409 signiﬁcatu
1066 3356 1165 3411 per
1218 3342 1323 3396 tria
1375 3344 1555 3413 prima
1593 3344 1792 3400 saecula
1835 3345 1905 3400 ab

318 3429 564 3500 antiquis
592 3427 849 3485 Patribus
877 3439 1156 3501 acceptam
1185 3431 1519 3489 inficiantur.
1546 3435 1769 3490 Frustra
1807 3451 1903 3489 au-

317 3531 426 3577 tem
493 3522 691 3593 objicit
741 3522 997 3579 Vedelius
1050 3523 1506 3594 :Eueharistiam
1546 3526 1905 3597 lguatiitem-

315 3628 451 3682 pore
495 3613 564 3669 ad
606 3628 857 3669 mensam
907 3615 1166 3685 ligneam,
1202 3631 1326 3685 qua:
1374 3616 1545 3672 altare
1575 3616 1793 3687 proprie
1819 3617 1905 3672 di-

315 3712 469 3761 ctum
526 3721 637 3761 non
686 3716 826 3772 erat,
883 3705 1058 3762 fuisse
1117 3708 1575 3764 administratam.
1630 3708 1903 3764 Incertum

316 3810 562 3866 namque
595 3796 777 3865 primo
815 3805 900 3851 est
937 3805 1123 3851 utrum
1158 3796 1246 3852 his
1285 3796 1543 3853 Ecclesiae
1568 3798 1905 3867 temporibus

316 3887 507 3943 tabula
548 3887 726 3958 lignea
770 3904 839 3943 an
871 3889 1085 3958 lapidea
1124 3889 1209 3944 usi
1242 3888 1464 3945 fuerint.
1511 3888 1765 3946 Secundo
1794 3906 1902 3946 non

317 3980 579 4036 materies
624 3980 862 4050 lapidea,
900 3991 996 4037 aut
1030 3982 1229 4053 lignea,
1256 3983 1351 4037 sed
1380 3984 1710 4039 sacriﬁcium
1740 3999 1906 4051 super

317 4084 593 4137 mensam,
638 4071 1015 4143 cujuscunque
1055 4073 1300 4128 materiei
1336 4074 1429 4141 sit,
1477 4074 1547 4129 ab
1591 4075 1905 4130 hominibus

318 4157 430 4214 Deo
471 4161 718 4215 oblatum
764 4162 935 4217 altare
974 4164 1193 4234 proprie
1228 4164 1435 4219 dictum
1464 4165 1767 4221 constituit.
1799 4164 1905 4222 Ne-

317 4266 426 4320 que
451 4267 586 4307 vero
613 4252 665 4307 id
694 4254 922 4325 majoris
946 4257 1209 4311 momenti
1235 4265 1340 4324 est,
1375 4259 1523 4327 quod
1560 4258 1701 4314 idem
1735 4258 1906 4315 Vede-

318 4341 426 4399 lius
459 4358 549 4408 eo,
588 4344 715 4413 quia
760 4345 1104 4412 mulieribus,
1137 4361 1206 4400 ne
1247 4347 1313 4401 ad
1362 4348 1533 4403 altare
1561 4349 1902 4417 accederent,

319 4432 603 4488 nonnullis
632 4435 937 4491 eauonibus
980 4435 1092 4507 (66)
1122 4436 1351 4491 vetitum
1380 4447 1547 4503 esset,
1590 4438 1717 4494 inde
1747 4438 1905 4509 lgna-

2005 1964 2195 2020 obrem
2225 1980 2351 2020 eum
2402 1966 2773 2036 antiquissimi
2822 1966 2897 2021 illi
2952 1966 3246 2036 scriptores
3295 1966 3399 2022 sibi
3452 1965 3585 2035 ipsis

2005 2057 2270 2112 contrarii
2312 2073 2434 2113 esse
2484 2074 2603 2113 non
2655 2058 2896 2128 possint,
2950 2058 3112 2113 iidem
3159 2057 3349 2127 procul
3394 2057 3581 2123 dubio,

2005 2147 2097 2203 ubi
2129 2148 2261 2204 illud
2298 2148 2629 2213 inﬁcientur,
2673 2148 2748 2203 ibi
2793 2150 2861 2203 de
2902 2148 3169 2203 altaribus
3213 2147 3473 2219 publicis,
3526 2148 3583 2202 in

2004 2240 2207 2309 quibus
2242 2239 2513 2295 sacriﬁcia
2547 2239 2788 2295 maximo
2826 2249 3114 2310 apparatu,
3143 2249 3198 2295 et
3237 2255 3577 2310 paganorum

2006 2346 2158 2386 more
2185 2330 2397 2395 ﬁerent,
2435 2337 2564 2384 sunt
2609 2328 2968 2398 intelligendi.
3016 2328 3081 2383 Et
3125 2337 3272 2385 certe
3315 2345 3439 2384 cum
3478 2328 3584 2398 ipsi

2003 2422 2394 2480 eucharistiam
2434 2436 2625 2477 verum
2661 2421 2908 2490 corporis
2954 2430 3010 2477 et
3055 2422 3340 2492 sanguinis
3380 2421 3582 2477 Christi

2003 2513 2335 2573 sacriﬁcium
2357 2528 2480 2569 esse
2513 2513 2661 2568 omni
2695 2514 3101 2569 asseveratione
3126 2513 3413 2579 aliirment,
3438 2514 3585 2583 apud
3611 2524 3615 2529 ·

2009 2604 2346 2663 Jbristianos
2363 2621 2549 2660 verum
2577 2620 2641 2660 ac
2656 2607 2934 2675 proprium
2953 2606 3121 2661 altare
3147 2606 3365 2676 aliquod
3394 2604 3589 2669 fuisse,

2003 2714 2203 2770 negare
2225 2713 2335 2754 non
2360 2706 2677 2768 potuerunt.

2075 2814 2152 2869 De
2176 2813 2525 2868 eucharistia:
2561 2822 2909 2869 sacramento
2947 2815 3224 2871 disserens
3252 2814 3315 2869 Ι).
3345 2813 3591 2885 lgnatius

2005 2907 2170 2962 simul
2204 2907 2446 2962 declarat
2481 2906 2726 2961 divinum
2767 2907 2915 2962 hunc
2950 2908 3135 2963 cibum
3167 2909 3440 2979 quoddam
3466 2925 3590 2964 esse

2004 2998 2337 3061 remedium.
2375 2998 2519 3069 quod
2550 2998 2803 3069 producit
2835 3000 3301 3055 immortalitatem
3328 3019 3341 3053 :
3371 3000 3591 3073 Φάρμα-

2006 3109 2102 3145 κον
2133 3091 2451 3156 ἁθανασεας,
2488 3108 2509 3141 ι
2542 3089 2898 3159 pbarmacum
2928 3090 3357 3147 immortalitatis
3381 3090 3514 3161 (67),
3564 3110 3585 3142 ι

1930 3208 1975 3265 c
2010 3185 2252 3255 glorioso
2295 3183 2401 3238 hoc
2440 3183 2665 3237 nomine
2706 3182 2854 3237 istud
2883 3182 3130 3239 divinum
3179 3192 3588 3239 sacramentum

2007 3277 2244 3347 appellat
2275 3295 2290 3331 :
2324 3277 2622 3346 statimque
2659 3276 2813 3331 addit
2862 3275 3010 3346 quod
3048 3284 3449 3331 sacramentum
3483 3277 3591 3332 hoc

2004 3378 2088 3425 est
2112 3369 2435 3436 antidotum,
2461 3385 2525 3423 ne
2562 3368 2880 3433 moriamur,
2910 3369 3001 3422 sed
3033 3368 3270 3423 vivamus
3308 3384 3511 3438 semper
3532 3368 3593 3422 in

2004 3462 2133 3518 Iesu
2164 3462 2397 3520 Christo.
2437 3461 2740 3533 Magniﬁca:
2787 3461 3105 3531 hujusmodi
3139 3462 3369 3529 phrases
3398 3460 3453 3516 in
3489 3476 3591 3516 au-

2005 3564 2155 3611 ctore
2203 3564 2314 3609 tam
2348 3563 2587 3618 vetusto,
2624 3554 2768 3609 sicut
2792 3564 2875 3609 est
2908 3553 2969 3608 D.
3006 3552 3270 3624 lguatius,
3312 3567 3588 3609 summam

2004 3648 2286 3703 evidenter
2319 3647 2615 3703 ostendunt
2657 3647 3084 3711 venerationem,
3121 3662 3229 3715 qua
3271 3646 3591 3703 colebantur

2006 3741 2189 3796 divina
2218 3741 2334 3795 hsce
2367 3740 2624 3810 mysteria
2651 3740 2847 3811 primis
2875 3739 3136 3799 Ecclesiae
3158 3740 3514 3810 temporibus.

2549 3925 2945 3983 ARTICULUS
2984 3926 3046 3983 ll.

2432 4054 2865 4096 OBSERVATIONES
2904 4055 3166 4096 IIOBALES.

2075 4156 2277 4213 Praeter
2299 4156 2661 4227 obligationes
2684 4156 2994 4226 episcopos,
3018 4153 3363 4225 presbyteros
3388 4168 3453 4211 ac
3473 4155 3592 4211 dia-

2006 4266 2176 4307 conos
2209 4259 2625 4316 concernentes,
2654 4248 3098 4304 Christianorum
3145 4247 3372 4318 insuper
3402 4249 3593 4306 munia

2005 4352 2059 4397 et
2086 4342 2449 4413 obligationes
2487 4341 2540 4396 in
2574 4341 2807 4411 epistola
2839 4340 2906 4395 ad
2931 4339 3289 4412 Polycarpum
3319 4339 3431 4410 (68)
3472 4355 3596 4410 per-

2007 4443 2226 4501 tractat,
2252 4434 2310 4489 in
2342 4450 2449 4505 qua
2480 4435 2697 4504 magnis
2730 4433 2895 4488 etiam
2939 4433 3197 4489 laudibus
3245 4441 3405 4488 ornat
3446 4432 3593 4486 caeli-

318 4526 457 4580 tium
508 4543 617 4581 non
672 4528 739 4582 de
778 4528 965 4599 aliquo
1010 4530 1314 4597 materiali,
1358 4532 1452 4586 sed
1506 4532 1573 4587 de
1614 4532 1902 4601 spirituali,
1934 4548 1982 4609 ο
2008 4530 2130 4584 hem
2169 4528 2337 4582 vitam
2364 4528 2477 4598 (69)
2504 4536 2725 4599 agentes
2760 4542 2898 4582 :eos
2923 4537 3105 4581 tamen
3130 4534 3415 4596 propterea
3440 4525 3591 4583 inani

320 4633 547 4687 precum
597 4619 809 4674 scilicet
850 4629 906 4675 et
952 4621 1268 4676 orationum
1329 4622 1739 4693 intelligendum
1783 4640 1909 4680 esse

318 4709 628 4764 contendit.
664 4709 959 4767 Enimvero
1001 4711 1143 4768 idem
1182 4713 1297 4783 ipse
1333 4713 1609 4781 Vedclius,
1651 4730 1774 4770 cum
1806 4716 1908 4771 hos

318 4795 459 4850 citat
509 4812 768 4866 canones,
816 4800 911 4870 qui
953 4818 1143 4857 vocem
1194 4804 1383 4859 altaris
1414 4820 1543 4859 vero
1581 4821 1647 4861 ac
1672 4807 1909 4877 genuino

318 4901 486 4943 sensu
520 4900 806 4960 usurpant,
834 4892 1072 4962 seipsum
1105 4893 1420 4963 imprudens
1440 4896 1672 4966 jugulat.
1705 4897 1909 4954 Deinde

319 4979 567 5048 lgnatius
609 4984 676 5038 de
734 4985 1069 5041 eucharistia
1120 4986 1381 5058 loquitur,
1429 5004 1495 5043 ac
1538 4990 1766 5059 proinde
1795 5007 1907 5046 non

331 5113 512 5191 ’ζησρῦ
544 5117 782 5191 ριστοῦ
809 5120 957 5191 κατὰ,
986 5119 1167 5191 πάντα
1188 5120 1388 5191 τρόπον
1421 5124 1588 5177 πᾶσιν
1618 5124 1901 5191 ἀρέσκειν·

316 5184 520 5259 οζίγὰιρ
546 5184 850 5259 βρωμάτων
881 5190 973 5242 καὶ
1005 5190 1189 5244 ποτῶν
1215 5184 1325 5245 sic:
1356 5191 1610 5256 διάκονοι,
1626 5184 1740 5246 ἀλλ’
1787 5195 1909 5248 Ἑκ-

320 5255 555 5344 κλησίας
582 5255 720 5311 Θεοῦ
746 5259 1035 5344 υπήρξςςαι.
1060 5280 1095 5344 Δσ.
1119 5260 1343 5344 Oportet
1366 5270 1547 5316 autem
1565 5272 1628 5344 .et
1646 5265 1907 5344 diaconos

320 5330 714 5447 mysteriorum
739 5328 873 5383 Jesu’
893 5329 1097 5385 Christi
1124 5328 1407 5386 ministros
1429 5332 1577 5387 omni
1608 5335 1768 5388 modo
1788 5350 1909 5388 om-

322 5395 379 5448 ni
406 5413 488 5451 ius
519 5398 753 5467 placere.
798 5398 915 5452 Non
967 5402 1110 5454 enim
1155 5401 1401 5455 ciborum
1447 5412 1501 5455 et
1533 5413 1757 5467 pollnle
1800 5405 1906 5457 mi—

322 5410 488 5451 mnus
519 5410 753 5467 placere.
798 5410 915 5452 Non
967 5410 1110 5454 enim
1155 5410 1401 5455 ciborum
1447 5412 1501 5455 et
1533 5413 1757 5471 potump
1800 5410 1904 5457 mi-

324 5467 485 5543 nistri
530 5480 695 5533 sunt,
722 5470 818 5525 sed
856 5468 1116 5526 Ecclesiae
1137 5470 1230 5526 Dei
1257 5473 1517 5527 ministri.
1552 5493 1572 5525 ›
1606 5472 1686 5530 Ad
1713 5473 1904 5543 Trall.,

322 5550 376 5588 θ’
398 5536 508 5688 ἒξ)
539 5605 658 5688 pip.
686 5608 1048 5688 υςυίερέηίιη
1085 5625 1136 5665 εξ.
1157 5610 1253 5688 μβ,
1281 5611 1312 5685 ς
1342 5609 1453 5666 1:9.

398 5627 508 5675 (οη
542 5627 658 5662 ιλιι).
686 5627 764 5663 ue
786 5627 867 5663 vir
904 5627 1048 5676 tum,
1085 5627 1136 5665 c.
1163 5627 1231 5664 Ἰδ

398 5675 509 5749 (ﬁgi
539 5676 659 5749 Eib.
691 5694 705 5732 ι
738 5678 810 5733 De
838 5627 1008 5749 (lg/156.,
1032 5698 1084 5738 c.
1147 5682 1235 5738 Η.

400 5745 514 5807 (63)
542 5746 765 5801 Canone
794 5750 883 5805 41.

401 5815 513 5883 (64)
553 5818 693 5893 Cap.
720 5819 775 5874 5.

2012 4619 2183 4691 gloria
2211 4618 2391 4674 eﬂ'erri
2421 4632 2532 4672 non
2560 4618 2696 4672 vult.
2743 4617 2823 4671 Illi
2861 4632 3011 4678 vero,
3058 4617 3153 4686 qui
3205 4617 3428 4686 nuptias
3454 4630 3590 4671 con-

2010 4710 2257 4775 trahunt,
2300 4709 2485 4764 subdit
2517 4709 2634 4779 ipse
2669 4708 2783 4777 (70)
2825 4708 2875 4762 id
2914 4708 3171 4778 episcOpo
3206 4716 3482 4762 annuente
3510 4706 3591 4761 fa-

2011 4804 2179 4871 ciant,
2208 4812 2268 4858 ut
2298 4804 2501 4872 nuptiae
2536 4801 2841 4857 secundum
2879 4800 3050 4855 Deum
3089 4802 3221 4867 sint,
3254 4816 3362 4857 non
3388 4817 3594 4857 secun-

2022 4898 2139 4952 lum
2172 4896 2550 4967 cupiditatem.

2082 4990 2139 5045 ln
2168 4990 2401 5061 epistola
2427 4990 2495 5045 ad
2524 4988 2787 5061 Ephesios
2812 4998 3037 5044 sanctus
3063 4994 3275 5060 martyr
3306 5001 3591 5043 commen-

2081 5122 2194 5192 (65)
2233 5122 2365 5193 Cap.
2397 5122 2448 5178 4.

2082 5216 2196 5290 (66)
2235 5216 2443 5270 Concil.
2478 5212 2885 5277 Laodiezenum,
2910 5226 3121 5268 canone
3145 5213 3236 5268 44.

2081 5310 2197 5379 (67)
2238 5308 2411 5378 Epist.
2441 5308 2506 5363 ad
2532 5304 2757 5377 Ephes.,
2779 5320 2899 5375 cap.
2929 5303 3019 5359 20.

2104 5402 2195 5463 68)
2234 5400 2364 5465 Cap.
2394 5401 2446 5455 6.

2082 5404 2195 5471 (68)
2234 5404 2364 5465 Cap
2394 5404 2446 5455 6.

2082 5473 2197 5541 (69)
2242 5491 2262 5522 ι
2302 5471 2357 5524 Si
2390 5470 2515 5541 quis
2545 5477 2725 5541 potest
2748 5468 3107 5541 incastitate
3132 5483 3354 5523 manere
3385 5469 3452 5523 ad
3492 5470 3594 5541 ho-

2009 5538 2200 5598 norem
2234 5538 2423 5595 carnis'
2453 5539 2771 5606 Dominicae,
2820 5538 2874 5592 in
2920 5539 3229 5593 humilitate
3260 5549 3499 5594 maneat.
3534 5540 3593 5594 Si

2011 5613 2294 5684 glorietur,
2318 5612 2497 5684 periit.
2540 5608 2759 5684 Et_si_se
2785 5609 3052 5684 majorem
3086 5609 3347 5679 episcopo
3383 5619 3590 5676 censet,

2010 5679 2236 5739 interiit.
2274 5700 2292 5733 ›
2320 5680 2490 5750 Epist.
2517 5680 2584 5734 ad
2604 5679 2912 5750 Polycarp.,
2941 5696 2990 5733 e.
3021 5680 3075 5734 5.

2084 5753 2195 5819 (70)
2241 5770 2257 5802 ι
2310 5749 2473 5805 Decet
2515 5761 2573 5803 ut
2629 5749 2817 5818 spOnsi
2844 5749 2926 5803 ’ct
2957 5764 3172 5817 sponsae
3214 5750 3279 5804 de
3323 5749 3592 5807 sententia

2012 5823 2252 5897 epiSCOpi
2282 5822 2593 5894 conjugium
2626 5821 2847 5889 faciant,
2883 5837 2990 5891 quo
3025 5821 3226 5892 nuptias
3257 5820 3365 5877 sint
3390 5835 3591 5876 secun-
