4134 6438
508 398 607 448 sua

1548 398 1605 453 S.
1650 399 2004 455 lGNA'l'lUS.
2047 430 2115 437 —
2155 395 2675 453 PROLEGOMENA.

3679 398 3782 454 600

499 517 611 579 dat,
648 516 806 570 ﬁdem
859 532 922 571 ac
969 516 1289 572 cliaritatem
1340 517 1486 589 (7f);
1534 521 1803 576 orationis
1850 520 2165 589 publicaaA
2194 517 2389 573 Nullus
2436 518 2595 571 ﬁdem
2638 512 3024 586 repromittens
3071 522 3279 583 peccat,
3322 530 3499 585 neque
3542 516 3782 571 charita-

498 618 781 665 enumerat
813 610 1074 665 utilitates
1104 610 1241 681 (72).
1277 629 1296 661 ε
1335 610 1509 666 Nemo
1535 624 1701 681 erret,
1727 615 1803 668 ait
1845 612 1902 668 S.
1927 612 2086 683 lgna-

497 714 627 756 uus.
671 703 774 756 nisi
802 703 928 771 quis
975 703 1117 756 intra
1157 703 1329 759 altare
1364 704 1711 775 sit,privatur
1750 723 1891 776 pane
1934 706 2030 763 Dei
2068 725 2082 761 :

494 796 541 847 si
585 794 731 848 enim
780 796 944 849 unius
980 803 1146 863 atque
1187 794 1414 849 alterius
1444 798 1686 866 precatio
1729 807 1909 853 tantas
1941 798 2084 853 vires

494 887 677 951 habet,
706 898 915 955 quanto
943 887 1119 956 magis
1167 887 1280 953 illa,
1311 903 1435 957 qua:
1473 889 1714 958 episcopi
1744 899 1848 954 est,
1882 891 1966 945 vel
2003 899 2085 945 to-

494 976 599 1029 tius
630 974 910 1031 Ecclesiae.
953 975 1059 1042 Qui
1101 977 1265 1047 igitur
1302 977 1359 1031 in
1404 993 1737 1034 conventum
1776 996 1883 1036 non
1911 982 2080 1045 venit,

493 1070 709 1139 hicjam
745 1070 1003 1139 superbia
1044 1069 1222 1125 elatus
1264 1077 1367 1135 est,
1413 1079 1467 1124 et
1495 1072 1735 1141 seipsum
1785 1072 2079 1142 separavit.

491 1162 623 1216 Date
660 1162 843 1230 itaque
874 1178 1120 1230 operam,
1157 1183 1175 1213 ι
1208 1164 1285 1217 ait
1319 1164 1541 1232 insuper
1567 1163 1631 1217 ad
1654 1164 1874 1218 eosdem
1904 1163 2082 1233 Ephe-

488 1252 623 1317 sios,
677 1271 695 1303 ι
732 1262 787 1305 ut
820 1254 1054 1307 crebrius
1116 1239 1553 1325 congregemini,
1612 1256 1679 1309 ad
1724 1255 1930 1326 gratias
1967 1253 2081 1310 Deo

487 1348 751 1413 agendas,
787 1344 1042 1414 illiusque
1083 1345 1311 1414 gloriam
1358 1362 1372 1397 :
1409 1345 1631 1414 quando
1686 1346 1832 1399 enim
1880 1345 2080 1414 saepius

488 1436 541 1487 iu
573 1434 715 1489 idem
742 1436 845 1490 loci
875 1437 1205 1499 convenitis,
1237 1436 1636 1492 labefactautur
1664 1437 1811 1492 vires
1840 1437 2077 1503 Satanm,

485 1534 539 1577 et
564 1527 861 1580 concordia
890 1536 1088 1583 vestrte
1120 1526 1243 1581 ﬁdei
1267 1528 1498 1582 solvitur
1524 1528 1774 1592 exitium,
1806 1530 1953 1598 quod
1988 1530 2081 1584 ille

488 1612 670 1667 infert.
722 1634 742 1666 ι
800 1614 857 1668 Si
901 1616 1243 1685 gravissima:
1288 1618 1602 1688 hujusmodi
1650 1622 1909 1675 veritates
1952 1636 2082 1690 pro-

486 1704 655 1759 funde
686 1706 740 1759 in
788 1707 1064 1762 mentibus
1110 1708 1351 1764 fidelium
1396 1721 1599 1767 nostra:
1640 1713 1817 1768 tetatis
1868 1713 2079 1769 inscul-

486 1804 589 1863 pta:
618 1806 824 1861 essent,
869 1800 1189 1869 neutiquam
1241 1802 1561 1859 innumeros
1604 1805 2073 1874 conspiceremus,

482 1887 575 1954 qui
606 1888 814 1958 absque
843 1889 1083 1959 legitima
1109 1907 1274 1948 causa
1299 1902 1353 1949 et
1375 1905 1565 1949 contra
1597 1911 1788 1950 verum
1819 1897 2077 1954 Ecclesia!

482 1979 759 2046 spiritum.
815 1994 1171 2039 sacrosancto
1222 1988 1404 2041 missa:
1449 1987 1741 2055 sacriﬁcio,
1786 1998 1840 2044 et
1870 1990 2076 2047 divinis

481 2070 717 2138 propriae
740 2073 996 2141 partecite
1028 2073 1240 2142 ofﬁciis,
1280 2092 1343 2131 ac
1380 2077 1426 2132 si
1459 2093 1646 2133 revera
1676 2079 1949 2135 immunes
1983 2097 2075 2138 es-

480 2170 621 2222 sent,
656 2179 782 2219 raro
810 2173 906 2218 aut
934 2181 1214 2237 nunquam
1238 2170 1467 2226 omnino
1490 2171 1779 2226 intersunt.
1801 2171 1859 2227 Si
1889 2183 2075 2230 autem

480 2254 737 2309 maxima:
770 2256 1054 2323 utilitates,
1116 2275 1240 2329 quae
1292 2261 1545 2317 ﬁdelibus
1581 2264 1883 2318 obveniunt
1916 2264 2076 2321 Chri-

479 2345 675 2401 stianis
721 2348 871 2403 hisce
909 2365 939 2404 a
969 2354 1353 2421 conventibus,
1383 2370 1480 2411 eos
1518 2370 1629 2409 non
1668 2365 1923 2427 tangunt,
1954 2371 2074 2412 mo-

479 2452 607 2494 vere
645 2440 835 2496 saltem
881 2442 1146 2500 deberent
1177 2446 1443 2516 pericula,
1472 2447 1671 2517 quibus
1698 2458 2069 2519 exponuntur,

479 2530 609 2583 dum
642 2530 856 2598 seipsos
878 2532 947 2586 ab
975 2533 1084 2588 illis
1106 2544 1417 2606 segregant.

546 2645 844 2715 Complura
885 2648 1123 2719 denique
1160 2659 1468 2704 memoratu
1498 2649 1819 2721 dignissima
1846 2650 1913 2705 de
1942 2651 2069 2716 fide,

477 2737 767 2803 charitate,
801 2755 865 2794 ac
909 2740 1105 2795 timore
1138 2742 1305 2796 tradit
1341 2741 1399 2795 S.
1446 2752 1682 2813 martyr:
1707 2743 1774 2797 de
1816 2742 1919 2797 ﬁde
1948 2744 2071 2812 qui-

478 2831 624 2897 dem,
666 2840 831 2901 atque
870 2834 1141 2889 charitate
1184 2835 1259 2888 ita
1302 2834 1547 2904 loquitur
1590 2854 1603 2889 :
1665 2855 1683 2887 ι
1732 2836 2069 2906 Principium

477 2920 698 2989 quidem
734 2921 902 2991 (vitm)
956 2922 1113 2989 ﬁdes,
1166 2922 1293 2978 finis
1328 2939 1459 2978 vero
1492 2926 1735 2980 charitas
1763 2924 1815 2996 (I
1850 2926 1988 2981 Tim.
2026 2945 2066 2993 ι,

477 3012 558 3082 5).
596 3031 616 3065 ι
649 3031 669 3065 ι
704 3012 832 3069 [hec
863 3024 1046 3069 autem
1071 3015 1179 3069 duo
1209 3016 1264 3069 in
1293 3030 1463 3069 unum
1495 3017 1751 3071 coeuntia
1780 3015 1872 3071 Dei
1898 3026 2027 3072 sunt
2053 3036 2065 3071 :

478 3106 665 3160 omnia
718 3122 849 3161 vero
893 3107 998 3161 alia
1034 3106 1103 3162 ad
1155 3108 1487 3178 probitatem
1525 3118 1885 3164 consectanea
1918 3119 2065 3165 sunt.

477 3274 607 3345 dum
661 3272 977 3345 Dominum,
1030 3284 1084 3327 et
1127 3289 1236 3330 non
1282 3277 1585 3331 secundum
1634 3275 2009 3345 cupiditatem.
2044 3294 2064 3328 ι

478 3343 703 3397 Ibidem.
732 3344 810 3396 En
845 3345 1075 3413 requirit
1118 3345 1177 3400 S.
1222 3346 1419 3400 doctor
1456 3343 1805 3412 sententiam,
1848 3362 1945 3401 seu
1976 3347 2071 3401 be-

476 3413 842 3486 nedictionem
867 3415 1132 3486 episcopi,
1164 3425 1225 3469 ut
1271 3416 1473 3486 nuptiae
1500 3416 1788 3471 conferant
1812 3417 2066 3482 gratiam.

551 3484 661 3554 (71)
704 3482 945 3556 Epistola
978 3482 1315 3555 all—Ephes.,
1351 3482 1481 3556 'ca'p.
1514 3488 1547 3542 8
1580 3501 1635 3543 et
1674 3488 1763 3542 M.
1796 3486 1931 3543 Vide
1971 3503 2070 3542 no-

479 3564 651 3611 stram
684 3555 947 3626 Agnalysin
975 3557 1208 3611 laudatae
1232 3555 1499 3626 epistola.

551 3626 664 3696 (7‘2)
706 3624 879 3697 Epist.
917 3628 983 3680 ad
1008 3626 1231 3696 Ephes.,
1267 3624 1393 3697 cap.
1428 3629 1535 3683 ﬁet
1560 3630 1645 3684 15.

551 3697 663 3768 (75)
705 3697 785 3750 Ad
814 3696 1009 3766 Ephes.
1038 3697 1161 3767 Ep.,
1200 3714 1321 3768 cap.
1344 3696 1417 3753 14
1441 3708 1494 3754 et
1517 3700 1718 3763 8,dicit
1743 3718 1787 3752 :a
1807 3699 2071 3755 Carnales

481 3766 786 3841 spiritualia
816 3766 1097 3841 exercere
1130 3766 1487 3841 nequeunt,
1520 3786 1697 3841 neque
1752 3770 2066 3839 spirituales

479 3838 742 3909 carnalia,
775 3838 928 3909 ‘sicut
972 3854 1073 3892 nec
1117 3838 1271 3904 fides,
1320 3856 1442 3909 qua:
1480 3838 1879 3897 incredulitatis
1909 3850 2065 3908 sunt,

480 3922 581 3961 nec
605 3906 979 3973 incredulitas,
1007 3926 1129 3977 quae
1169 3909 1289 3963 fidei
1317 3906 1490 3979 {quae
1524 3927 1653 3966 vero
1677 3921 1730 3965 et
1759 3906 2063 3966 secundum
2106 3967 2117 3977 ,

481 3993 700 4051 carnem
758 3979 943 4051 agitis,
986 3994 1051 4051 ea
1113 3981 1419 4048 spiritualia
1461 3991 1609 4051 sunt,
1653 3983 1708 4038 in
1753 3979 1881 4038 Jesu
1914 3984 2061 4039 enim

480 4047 908 4117 (Σιιτρδιοριηηίει
931 4049 1113 4117 agitis.
1161 4069 1180 4101 ι

546 4114 666 4182 (⁸78)
702 4116 874 4188 Epist.
900 4114 1219 4189 ad'Ephes”
1262 4136 1382 4191 cap.
1406 4121 1460 4178 9.
1493 4124 1497 4128 ’

2199 619 2304 664 tem
2344 608 2631 681 possidens
2670 607 2804 662 odit.
2844 605 3128 662 Manifesta
3162 616 3245 662 est
3286 608 3451 661 arbor
3492 621 3559 661 ex
3598 605 3779 662 fructu

2197 702 2373 770 ipsius
2423 719 2437 753 :
2502 700 2756 753 similiter
2804 698 2899 769 qui
2961 703 3289 769 profitentur
3335 714 3396 754 se
3435 698 3781 753 Christianos

2190 810 2335 858 esse,
2360 808 2426 849 ex
2450 794 2539 859 iis,
2567 808 2690 863 qua:
2721 790 2945 858 facient,
2973 800 3284 846 cernentur.
3313 789 3431 845 Non
3460 791 3606 845 enim
3634 806 3780 847 nunc

2190 886 2647 954 repromissionis
2675 899 2835 955 opus,
2871 884 2964 939 sed
2989 899 3083 953 per
3110 883 3370 939 virtutem
3400 883 3547 949 ﬁdei,
3574 884 3619 939 si
3653 885 3778 953 quis

2192 976 2505 1031 inveniatur
2550 991 2726 1047 usque
2765 976 2834 1031 ad
2876 977 3040 1030 finem
3074 974 3211 1046 (75).
3267 994 3286 1027 ι
3334 974 3411 1029 De
3450 976 3648 1031 timore
3685 992 3775 1032 se-

2188 1071 2413 1141 quentia
2453 1070 2617 1126 habet
2647 1070 3088 1135 :«Bevereamur,
3110 1078 3164 1124 et
3185 1069 3475 1124 timeamus
3520 1068 3617 1124 Dei
3655 1070 3776 1124 lon-

2188 1165 2585 1234 ganimitatem,
2616 1178 2686 1218 ne
2716 1163 2773 1217 in
2799 1162 3070 1233 judicium
3096 1161 3254 1216 nobis
3276 1160 3451 1216 cedat.
3484 1162 3593 1214 Aut
3626 1161 3772 1213 enim

2186 1252 2429 1307 futuram
2488 1254 2783 1308 timeamus
2831 1252 2994 1319 iram,
3051 1258 3145 1305 aut
3181 1261 3502 1321 prmsentem
3541 1252 3770 1321 gratiam

2185 1345 2496 1417 diligamus,
2531 1362 2701 1401 unum
2729 1362 2799 1400 ex
2833 1346 3071 1410 duobus,
3099 1345 3261 1399 modo
3300 1348 3355 1399 in
3391 1344 3615 1399 Christo
3642 1343 3770 1399 Jesu

2186 1438 2530 1493 inveniamur
2558 1441 2625 1494 ad
2649 1454 2836 1495 veram
2864 1438 3033 1492 vitam
3064 1437 3349 1493 vivendam
3374 1436 3487 1507 (74)
3511 1454 3531 1488 ι

2718 1596 3118 1653 ARTICULUS
3153 1596 3239 1653 ΙΙΙ.

2534 1724 2964 1765 ουδειινλτιοιηεε
2996 1723 3418 1766 DISCIPLINABES.

2256 1821 2460 1877 Praeter
2516 1823 2633 1893 jam
2680 1823 2788 1877 alia
2846 1822 2987 1878 inter
3037 1822 3377 1893 dogmaticas
3422 1820 3773 1876 animadver-

2182 1911 2368 1966 siones
2390 1913 2741 1968 occurrentia
2768 1912 3071 1983 disciplinae
3100 1921 3323 1983 puncta,
3367 1911 3499 1966 illud
3522 1911 3687 1965 etiam
3713 1911 3766 1964 in

2182 2002 2239 2056 S.
2269 2002 2460 2074 lgnatii
2484 2004 2736 2075 epistolis
2758 2004 3129 2060 adnotandum
3162 2012 3265 2071 est,
3298 2019 3424 2059 cum
3450 2002 3767 2073 episcopum

2179 2097 2474 2166 quemdam
2530 2098 2600 2152 ab
2642 2098 2876 2154 ecclesia
2935 2113 3034 2154 sua
3081 2099 3199 2153 sine
3242 2098 3352 2152 ulla
3407 2097 3618 2152 reditus
3673 2112 3771 2165 spe

2177 2188 2371 2245 abesse
2428 2190 2788 2260 contingeret,
2832 2190 2952 2260 ejus
2984 2198 3167 2245 tamen
3211 2189 3578 2244 ministerium
3610 2205 3672 2245 ea
3700 2191 3771 2245 de

2177 2297 2346 2337 causa
2384 2282 2451 2337 ad
2490 2284 2765 2338 seniorem
2801 2283 2915 2354 (75)
2951 2298 2982 2336 e
3009 2282 3343 2354 presbyteris
3373 2282 3614 2337 delatum
3654 2298 3767 2338 non

2177 2369 2370 2439 fuisse,
2394 2382 2558 2443 atque
2578 2388 2721 2443 saepe
2737 2373 3013 2443 juniorem
3036 2372 3417 2444 presbyterum
3442 2372 3554 2443 (76)
3584 2374 3768 2429 senio-

2177 2465 2332 2521 ribus
2374 2466 2704 2535 posthabitis
2750 2467 2820 2523 ad
2854 2467 3230 2537 episcopatum
3279 2474 3526 2522 evectum
3569 2464 3765 2523 fuisse.

2250 2555 2622 2614 Ohservamus
2654 2566 2934 2627 postremo
2969 2556 3313 2611 Dominieam
3356 2564 3487 2610 tunc
3535 2555 3764 2610 Sabbati

2174 2654 2296 2708 loco
2342 2652 2398 2705 in
2427 2649 2555 2705 Jesu
2586 2649 2795 2705 Christi
2828 2650 3245 2705 resurrectionis
3292 2650 3617 2704 memoriam
3657 2651 3764 2705 coli

2173 2745 2392 2801 solitam
2423 2758 2567 2798 esse.
2593 2741 2776 2812 lnquit
2796 2743 2943 2798 enim
2973 2741 3030 2796 S.
3067 2740 3311 2811 lgnatius
3334 2742 3391 2795 in
3429 2741 3662 2811 epistola
3695 2744 3764 2797 ad

2175 2836 2561 2908 Magnesianos
2604 2835 2716 2905 (77)
2755 2855 2768 2887 :
2810 2855 2828 2888 ι
2859 2836 2940 2891 Ad
2987 2837 3283 2891 novitatem
3324 2835 3449 2889 vita:
3494 2846 3765 2890 venerunt

2176 2928 2499 3000 (prophetae)
2553 2943 2663 2982 non
2709 2929 2945 2998 amplius
2994 2928 3300 2983 Sabbatum
3358 2929 3624 2992 colentes,
3666 2928 3762 2982 sed

2169 3022 2328 3092 juxta
2359 3021 2699 3077 Dominicam
2745 3022 3009 3088 viventes,
3050 3021 3105 3075 in
3162 3036 3271 3092 qua
3320 3029 3374 3075 et
3414 3024 3525 3074 vita
3574 3019 3762 3075 nostra

2172 3121 2364 3168 exorta
2388 3122 2473 3168 est
2502 3128 2597 3183 per
2619 3110 2805 3168 Jesum
2836 3112 3115 3167 Christum
3143 3120 3199 3168 et
3233 3121 3469 3167 mortem
3506 3111 3700 3182 ipsius.
3737 3131 3757 3164 ›

2251 3275 2365 3345 (75)
2411 3294 2430 3327 ε
2464 3274 2733 3345 Memores
2759 3281 2936 3329 estote
2974 3275 3029 3328 in
3057 3274 3314 3344 precibus
3344 3273 3546 3345 vestris
3571 3270 3760 3326 Eccle-

2178 3345 2292 3410 sise,
2324 3342 2446 3415 quae
2466 3356 2551 3400 est
2578 3346 2632 3399 in
2675 3344 2832 3415 Syria
2873 3361 2997 3415 qua:
3025 3342 3126 3414 pro
3154 3360 3242 3399 me
3286 3363 3305 3395 ι
3341 3342 3453 3398 Deo
3486 3352 3705 3415 pastore
3736 3361 3761 3393 γ.

2178 3414 2368 3471 utitur.
2400 3416 2563 3472 Solus
2597 3414 2770 3486 ipsam
2793 3414 2952 3472 Jesus
2971 3415 3228 3486 Christus
3258 3417 3375 3470 vice
3409 3414 3650 3483 episcopi
3675 3429 3760 3468 rev

2178 3496 2365 3564 getLet
2391 3498 2571 3564 ves_t_ra
2606 3484 2868 3564 charitas.
2901 3506 2920 3538 ›
2950 3486 3033 3564 {id
3062 3484 3253 3564 _l_i_orn.,
3280 3500 3401 3554 cap.
3436 3500 3509 3538 ix.
3588 3552 3599 3564 _
3725 3553 3755 3564 Α.

2250 3557 2363 3628 (76)
2409 3576 2429 3610 ς
2467 3558 2577 3613 Vos
2610 3558 2765 3612 decet
2805 3572 2914 3611 non
2944 3556 3273 3611 familiarius
3312 3552 3378 3611 ac
3420 3552 3651 3628 superbe
3679 3553 3757 3628 u_ti

2177 3622 2622 3699 aetate'episcopi,
2654 3629 2749 3683 sed
2797 3628 3098 3683 secundum
3144 3629 3400 3681 virtutem
3445 3624 3539 3699 Dei
3578 3622 3760 3699 Patris

2178 3694 2405 3775 omnem
2432 3694 2700 3775 impertiri
2730 3699 2809 3753 illi
2854 3699 3253 3775 reverentiam;
3290 3694 3756 3775 quemadmodum

2168 3771 2295 3823 novi
2333 3767 2555 3825 sanctos
2601 3770 2781 3825 facere
2815 3770 3200 3839 presbyteros;
3256 3783 3363 3822 non
3401 3767 3757 3836 respicientes

2166 3840 2232 3894 ad
2266 3848 2616 3910 apparentem
2636 3840 2936 3910 juvenilem
2968 3839 3390 3910 ordinationem,
3414 3839 3509 3891 sed
3543 3846 3601 3889 ut
3626 3851 3759 3910 prof

2166 3907 2362 3981 dentes
2390 3913 2444 3965 in
2476 3910 2588 3965 Deo
2619 3907 2876 3966 cedentes
2903 3910 3025 3981 ipsi,
3084 3925 3193 3964 non
3234 3909 3337 3979 ipsi
3379 3918 3563 3981 autem
3588 3947 3604 3973 ,
3659 3907 3757 3962 sed

2170 3978 2469 4053 PatriJesu
2493 3981 2701 4038 Christi
2728 3977 2977 4037 omnium
3000 3977 3280 4053 episeopo.
3319 3998 3340 4034 ι
3369 3979 3453 4035 Ad
3479 3977 3758 4051 ﬂagitem,

2166 4067 2285 4123 cap.
2308 4052 2369 4123 ὅ.

2242 4120 2353 4194 (77)
2396 4120 2474 4177 Ad
2502 4120 2773 4195 Magnes,
2806 4136 2926 4194 cap.
2955 4121 3010 4178 9.
