4134 6422
385 349 487 406 £6.
1086 348 1173 404 DE
1205 348 1670 406 INTEGRITATE
1707 349 1991 408 TEXTUS
2024 351 2319 410 RECEPTI
2361 354 2508 410 EPP.
2552 356 2611 412 '6.
2654 354 2931 413 IGNATII.
3555 358 3662 413 602

424 507 3648 547 Iw

1372 712 1523 801 DE
1600 713 2083 805 TEXTUS
2158 715 2667 807 RECEPTI

592 996 1599 1119 EPISTOLABUM
1681 1003 1800 1117 S.
1892 1005 2453 1123 IGNATII
2536 1002 3448 1119 ANTIOCHENI

1754 1277 2312 1340 INTEGRITATE

1191 1514 2160 1665 DISQUISITIO
2273 1509 2923 1645 CRITICA

1498 1808 1753 1872 Iteratis
1782 1808 1957 1872 curis
2013 1806 2239 1872 Latine
2268 1807 2523 1872 reddita

1895 2017 2191 2061 AUCTORB

1027 2199 1850 2315 HENBICO
1927 2200 3025 2317 DENZINGEB

814 2435 879 2488 IN
927 2436 1397 2495 UNIVEBSITATE
1427 2439 1956 2492 WlRCEBURGENSI
1989 2439 2379 2492 THEOLOGI/E
2418 2439 2808 2491 DOGMATICE
2853 2436 3292 2494 PROFESSORE.

1998 2741 2047 2801 Ι.

1309 2864 1771 2928 Controversia:
1801 2885 1993 2928 causa
2024 2879 2080 2933 et
2110 2875 2317 2928 status
2354 2864 2745 2945 quastionis.

472 2987 725 3068 Duplex
750 2988 1089 3070 hucusque
1116 2992 1533 3071 epistolarum
1568 2996 1630 3057 S.
1664 2994 1921 3074 Ignatii,
1956 2993 2243 3076 epiSCOpi
2274 2999 2336 3055 et
2364 2990 2666 3070 martyris
2708 2988 3125 3063 Antiocheni,
3166 2993 3378 3049 textus
3420 2986 3640 3048 aderat

374 3089 581 3165 Alter,
616 3107 813 3170 quem
845 3108 1071 3154 omnes
1108 3093 1389 3156 rationes
1425 3101 1496 3157 ut
1526 3096 1888 3175 genuinum
1919 3093 2476 3165 commendabant,
2513 3090 2761 3172 quique
2796 3089 3214 3169 antiquorum
3248 3086 3663 3165 scriptorum,

372 3191 735 3270 praesertim
774 3194 1065 3268 Eusebii,
1101 3195 1496 3257 testimoniis
1529 3196 1718 3274 plane
1749 3204 2080 3271 consonat,
2110 3202 2355 3275 septem
2386 3193 2692 3275 epistolas
2723 3189 3218 3268 complectitur;
3250 3188 3429 3258 alter,
3462 3194 3667 3248 multo

370 3288 719 3368 prolixior,
744 3292 997 3354 easdem
1033 3293 1340 3373 epistolas
1372 3294 1596 3356 multis
1649 3295 2544 3375 additamentisinterpolatas
2583 3301 2950 3374 praeterque
2998 3308 3105 3353 eas
3150 3289 3446 3370 quinque
3477 3287 3665 3360 alias,

368 3405 654 3469 quarum
685 3394 1013 3456 Eusebius
1046 3396 1441 3458 mentionem
1473 3414 1605 3459 non
1634 3396 1809 3474 fecit,
1846 3400 2133 3463 exhibet.

460 3490 680 3569 Nuper
709 3509 862 3554 vero
893 3510 969 3555 ex
1003 3494 1396 3574 quibusdam
1427 3495 1967 3560 collectaneorum
1995 3498 2404 3578 Syriacorum
2430 3495 2787 3569 codicibus,
2821 3510 2987 3575 quos
3018 3492 3312 3573 Angli'in
3343 3503 3669 3552 monaste-

368 3589 476 3651 rio
511 3591 574 3653 S.
608 3593 831 3656 Mariae
864 3594 1111 3657 deserti
1147 3595 1491 3657 Nitriensis
1546 3597 1935 3661 detexerunt
1979 3606 2042 3662 et
2092 3606 2425 3677 coemptos
2479 3598 2548 3658 in
2592 3599 2891 3660 Museum
2924 3593 3365 3656 Britannicum
3416 3589 3666 3653 detule-

369 3700 528 3755 runt
568 3693 721 3773 (78),
755 3695 854 3756 vir
902 3696 982 3758 de
1032 3695 1266 3759 litteris
1319 3697 1765 3760 Orientalibus
1815 3698 2535 3771 benemerentissimus,
2598 3695 2966 3758 Gulielmus
3028 3695 3354 3765 Cureton,
3416 3697 3659 3753 textum

367 3796 727 3875 quemdam
767 3796 1102 3876 Syriacum
1139 3796 1365 3872 edidit,
1392 3815 1587 3876 quem
1622 3804 1754 3859 tres
1784 3800 2037 3862 codices
2069 3815 2351 3861 consone
2376 3797 2688 3878 prtebent,
2721 3794 2835 3876 qui
2870 3793 3133 3856 nonnisi
3166 3802 3297 3855 tres
3330 3792 3662 3872 epistolas,

366 3897 452 3958 ad
498 3897 948 3975 Polycarpum,
979 3896 1297 3976 Ephesios
1327 3903 1389 3959 et
1412 3898 1760 3971 Romanos,
1806 3898 2072 3961 exhibet
2110 3915 2348 3978 easque
2386 3896 2592 3960 multo
2623 3895 2955 3957 breviores
2985 3911 3056 3955 ac
3098 3894 3167 3954 in
3201 3900 3378 3955 textu
3410 3901 3665 3972 recepto

368 3997 721 4062 habentur.
756 3997 959 4059 Multa
989 3997 1347 4075 prmsertim
1381 3997 1639 4072 desunt,
1665 4015 1812 4076 qua)
1839 3999 1919 4061 de
1952 3998 2191 4062 Christi
2214 3998 2475 4061 Domini
2526 3995 2732 4059 nostri
2777 3994 3117 4058 divinitate
3163 3999 3225 4055 et
3265 3992 3665 4054 hierarchica

368 4100 834 4180 episcoporum
877 4105 1190 4178 potestate
1215 4098 1285 4160 in
1312 4098 1450 4173 illo,
1485 4116 1683 4180 quem
1708 4100 2048 4180 hucusque
2085 4118 2203 4181 pro
2233 4101 2524 4183 genuino
2556 4114 3035 4178 receperamus,
3068 4102 3270 4170 textu,
3316 4094 3659 4157 habentur.

450 4202 737 4278 Quaastio
767 4202 918 4265 inde
949 4212 1089 4265 orta
1128 4208 1246 4277 est,
1284 4220 1416 4265 non
1452 4204 1611 4266 levis
1654 4222 1834 4280 sane,
1883 4222 2028 4267 cum
2061 4208 2141 4269 de
2173 4206 2632 4286 antiquissimo
2665 4204 3062 4283 maximique
3095 4203 3400 4283 ponderis
3434 4203 3652 4265 saeculi

364 4303 711 4382 apostolici
751 4309 1211 4377 monumento,
1263 4302 1907 4384 prmclarissimisque
1976 4313 2039 4367 et
2091 4304 2519 4368 sanctissimis
2597 4313 2834 4366 nostra)
2886 4300 3223 4382 religionis
3272 4300 3664 4363 testimoniis

365 4415 598 4488 agatur
635 4429 651 4467 :
700 4414 914 4471 utrum
946 4412 1160 4467 textus
1194 4404 1320 4468 iste
1354 4424 1563 4469 novus
1592 4406 1943 4487 genuinus,
1979 4408 2383 4486 proindeque
2434 4406 2547 4483 qui
2582 4405 2921 4484 hucusque
2953 4410 3250 4481 receptus
3280 4411 3437 4475 erat,
3466 4402 3664 4464 inter-

369 4510 633 4592 polatus
663 4510 770 4586 sit,
807 4525 889 4572 an
920 4526 1073 4572 vero
1102 4515 1315 4573 textus
1345 4511 1646 4590 Syriacus
1678 4517 2038 4587 truncatus,
2094 4519 2288 4592 atque
2343 4510 2458 4573 ille
2520 4527 2717 4590 quem
2769 4526 2887 4590 pro
2938 4507 3226 4589 genuino
3270 4506 3663 4570 habebamus

369 4628 570 4692 porro
602 4610 986 4674 retinendus
1014 4609 1121 4672 sit.

1974 4710 2057 4772 ll.

1120 4834 1292 4910 Quid
1322 4835 1396 4896 de
1430 4836 1545 4897 hac
1574 4837 1918 4916 quastione
1950 4837 2270 4916 hucusque
2303 4837 2647 4899 statuerint
2679 4834 2934 4897 eruditi.

454 4963 546 5026 Cl.
586 4962 893 5035 Cureton,
925 4961 1038 5041 qui
1071 4967 1316 5024 textum
1348 4962 1681 5041 Syriacum
1716 4964 1961 5027 detexit
1991 4970 2184 5045 atque
2216 4963 2472 5043 primus
2504 4962 2737 5034 edidit,
2769 4961 3194 5040 criticamque
3215 4963 3293 5022 de
3313 4979 3390 5025 eo
3410 4962 3652 5043 disqui-

367 5070 673 5132 sitionem
704 5067 955 5147 primus
986 5065 1295 5143 instituit,
1324 5069 1497 5146 quod
1520 5069 1889 5132 mirandum
1923 5087 2075 5132 sane
2106 5086 2237 5132 non
2264 5076 2385 5145 est,
2422 5076 2668 5131 textum
2707 5084 2898 5129 suum
2927 5066 3287 5146 genuinum
3313 5084 3453 5128 esse
3479 5069 3653 5145 lgna-

379 5160 801 5243 tiumtuetur,
835 5176 1027 5249 atque
1064 5168 1133 5230 in
1156 5168 1482 5247 prioribus
1509 5171 1789 5243 duobus,
1824 5189 1972 5251 quas
2006 5171 2123 5235 hac
2155 5172 2235 5234 de
2270 5171 2534 5234 materia
2584 5170 2811 5243 edidit,
2850 5166 3158 5248 Operibus
3212 5168 3381 5247 (78'),
3413 5174 3653 5228 textum

368 5274 700 5348 receptum
750 5268 818 5331 in
854 5266 1057 5347 priori
1104 5268 1325 5329 saaculi
1360 5285 1423 5331 ιγ
1465 5278 1641 5348 parte
1692 5271 1771 5332 ad
1817 5273 2119 5335 tuendam
2156 5271 2467 5334 adversus
2507 5271 2773 5334 Aerium
2838 5278 3029 5349 atque
3063 5268 3338 5331 Arianos
3394 5269 3651 5331 catholi-

370 5388 506 5433 cam
566 5371 925 5434 doctrinam
964 5373 1044 5434 ab
1089 5371 1553 5451 interpolatore
1582 5371 1942 5436 confectum
1973 5376 2177 5439 fuisse
2213 5373 2525 5454 supponit
2555 5395 2573 5447 ;
2609 5373 2916 5452 epistolas
2945 5382 3224 5451 quatuor
3254 5389 3403 5450 quae
3444 5373 3512 5433 in
3544 5376 3652 5451 Sy-

372 5469 539 5531 riaca
582 5469 882 5531 versione
910 5470 1168 5544 desunt,
1204 5478 1334 5532 non
1378 5470 1649 5533 omnino
1681 5471 1910 5533 nothas
1936 5517 1952 5545 ,
2007 5473 2430 5552 interpolatas
2470 5480 2688 5535 tamen
2722 5482 2783 5535 et
2816 5472 2989 5552 ipsas
3023 5487 3190 5547 esse,
3219 5472 3573 5534 contendit.

592 5651 818 5730 Singula
848 5668 969 5730 qum
1001 5653 1122 5730 huc
1149 5653 1425 5730 pertinent
1462 5652 1593 5730 vide
1628 5653 1771 5730 apud
1803 5654 2069 5730 tlureton,
2110 5654 2716 5730 qupusrlgnutianum,
2749 5675 2803 5729 p.
2838 5675 2966 5713 xxvn
2992 5676 3113 5730 sqq.

437 5723 575 5804 (Ἰζν)
614 5720 729 5804 7:13
745 5724 970 5804 Διιξιιξεξηε
1012 5720 1189 5804 δῃνζᾲτ
1219 5724 1519 5804 regiam!!!
1552 5724 1634 5804 the
1661 5720 1873 5804 epist!“
1901 5726 1961 5795 of
1980 5729 2123 5783 saint
2153 5720 2420 5797 lghatiui.
2450 5720 2875 5795 London,'i'846.
2922 5720 3174 5787 Vindictae
3200 5729 3515 5804 Ignatiaua’,
3535 5742 3648 5792 etc.

370 5795 589 5850 London
604 5834 619 5859 ,
636 5794 772 5849 1846
801 5794 1081 5861 (adversus
1116 5793 1253 5848 liud.
1272 5793 1401 5850 Chr.
1418 5794 1837 5865 Wordsworth).
