4134 6452
390 343 496 401 605
1142 345 1232 403 με
1266 345 1475 406 INTEG
1488 347 1742 404 RITATE
1798 349 2081 408 TEXTUS
2114 352 2411 412 RECEPTI
2444 354 2598 423 EPP,
2633 355 2691 412 S.
2741 355 3019 413 IGNATII.
3553 356 3661 413 606

389 465 464 545 Ο.
508 464 571 526 S.
611 465 711 541 B.,
748 467 1075 546 professor
1102 471 1512 534 Monacensis
1542 471 1709 552 (8'7);
1740 473 2126 539 Adamn-tus
2154 477 2386 551 Maier,
2414 477 2744 559 professor
2772 478 3231 560 Friburgensis
3260 477 3413 561 (88),
3430 480 3651 547 Rittcr.

389 567 716 644 professor
760 571 1283 635 Vratislaviensis
1332 572 1497 654 (89);
1558 590 1638 636 ex
1697 576 2209 640 Prolestantibus
2267 578 2584 651 Neander,
2642 577 2794 639 licet
2828 576 3011 656 prius
3068 579 3554 659 adversaretur,
3593 585 3657 639 et

387 667 677 732 Uhlhorn
715 670 883 750 (90);
944 690 1022 734 ex
1076 672 1455 753 Anglicanis
1511 677 1719 739 Routh
1759 675 1908 760 (91),
1948 679 2263 742 Jacobson
2294 680 2464 761 (92);
2501 679 2854 742 novissime
2892 696 3044 742 vero
3071 682 3230 743 Edv.
3264 680 3550 744 Churton
3585 679 3652 749 in

387 783 551 830 nova
575 770 861 835 editione
889 775 1321 838 Vindiciarum
1350 780 1767 858 epistolarum
1791 782 1859 844 S.
1893 782 2161 860 lgnatii,
2183 790 2442 846 auctore
2464 785 2711 845 Joanne
2740 783 3110 857 Pearsonio,
3130 782 3655 845 adnotationibus

384 876 451 930 et
482 871 857 948 praefatione
886 875 962 937 ad
989 876 1381 941 hodiernum
1415 883 1875 946 controversia;
1902 889 2140 945 statum
2172 886 2643 947 accommodata
2678 884 2803 964 (93)
2831 907 2849 961 ;
2881 901 3044 963 opus
3076 904 3225 949 vere
3260 886 3445 959 utile,
3479 885 3654 964 quod

382 972 789 1037 adversarios
820 984 1078 1041 nostros
1107 978 1313 1044 solide
1345 998 1474 1044 non
1508 983 1724 1047 minus
1747 1001 1941 1065 quam
1974 984 2187 1063 lepide
2223 984 2522 1065 exagitat.

463 1074 590 1136 Nos
612 1075 731 1138 hac
759 1077 899 1141 vice
924 1081 1311 1159 opusculum
1346 1084 1639 1147 anterius
1687 1084 2169 1166 aliquantulum
2199 1087 2412 1166 quoad
2444 1085 2717 1149 formam
2753 1087 3231 1162 contrahentes,
3265 1088 3477 1168 quoad
3520 1102 3655 1147 ma-

380 1173 614 1236 teriam
648 1176 980 1253 veroillis,
1013 1197 1160 1258 qua)
1186 1182 1266 1244 ab
1296 1180 1440 1258 illo,
1473 1200 1605 1263 quo
1639 1184 2202 1267 prodiit,tempore
2232 1186 2634 1267 subjicienda
2673 1196 3118 1264 occurrerunt,
3163 1197 3498 1269 augentes,
3536 1191 3657 1250 ite.-

379 1277 542 1338 ratis
575 1279 751 1342 curis
773 1279 879 1344 hic
912 1282 1266 1348 reddimus.

1958 1411 2071 1473 Ill.

1089 1534 1411 1599 Momenta
1441 1537 1768 1616 desumpta
1810 1554 1889 1599 ex
1919 1536 2215 1599 doctrina
2246 1537 2321 1600 de
2350 1537 2602 1601 Christo
2642 1539 2937 1601 Domino.

462 1653 787 1719 Ponamus
810 1676 1032 1727 revera
1080 1667 1324 1724 textum
1360 1663 1592 1742 lgnatii
1619 1662 1980 1744 genuinum
2010 1679 2046 1725 a
2081 1665 2360 1745 quodam
2410 1663 2711 1727 falsatore
2744 1665 2950 1728 fuisse
2992 1662 3449 1743 interpolatum
3487 1683 3503 1722 :
3536 1659 3658 1722 ali-

372 1771 572 1831 quem
611 1766 782 1823 certe
840 1762 1033 1825 ﬁnem
1088 1762 1145 1824 is
1200 1767 1674 1845 assequendum
1730 1766 1857 1830 sibi
1904 1765 2265 1847 proposuit,
2304 1783 2499 1846 quem
2536 1773 2603 1829 ut
2655 1766 3021 1846 attingeret,
3067 1764 3360 1845 quaedam
3406 1760 3654 1823 dixisse

371 1864 654 1935 oportet,
687 1878 767 1923 ex
799 1862 1039 1943 quibus
1072 1863 1244 1947 idem
1300 1866 1440 1946 ipse
1484 1866 1733 1929 fraudis
1772 1883 2007 1947 secpus
2040 1864 2403 1946 inquirenti
2448 1866 2753 1928 elucebit.
2791 1867 2925 1945 Age
2954 1881 3135 1937 vero,
3174 1864 3345 1924 hunc
3381 1877 3649 1939 sc0pum

368 1957 580 2021 fuisse
636 1960 884 2037 dicunt,
940 1974 1012 2028 ut
1042 1967 1402 2029 doctrinam
1442 1968 1522 2030 de
1566 1967 1805 2030 Christi
1859 1967 2204 2030 divinitate
2245 1966 2343 2029 vel
2380 1967 2737 2040 induceret,
2770 1967 2869 2029 vel
2913 1973 3355 2046 promoveret;
3403 1969 3648 2025 textum

370 2079 598 2125 revera
639 2072 967 2145 receptum
1003 2068 1100 2131 bis
1133 2069 1258 2152 (9’4)
1321 2086 1559 2133 nomen
1594 2082 1735 2131 Θεοῦ
1769 2070 2025 2133 Christo
2055 2070 2366 2139 tribuere,
2393 2069 2506 2131 ubi
2538 2070 2739 2149 Syrus
2770 2085 2956 2131 secus
2994 2067 3173 2148 legit.
3196 2068 3438 2127 Verum
3475 2062 3650 2124 idem

367 2160 590 2240 ipsum
624 2165 761 2228 vice
791 2184 974 2231 versa
1008 2171 1173 2249 apud
1209 2173 1441 2250 Syrum
1473 2171 1753 2235 occurrit
1781 2172 1928 2251 (95),
1962 2188 2176 2251 neque
2205 2172 2423 2232 minus
2467 2170 2588 2231 iste
2620 2169 2947 2232 Christum
2975 2172 3180 2230 Deum
3216 2171 3397 2228 vocat
3436 2163 3586 2243 (96).

451 2266 653 2330 Porro
690 2270 747 2331 si
779 2271 1203 2353 interpolator
1236 2275 1369 2348 ille,
1403 2293 1597 2356 quem
1647 2273 1996 2337 adversarii
2029 2282 2431 2353 supponunt,
2483 2272 2719 2337 Christi
2755 2272 3157 2335 divinitatem
3194 2270 3652 2332 commendan-

366 2368 519 2430 dam
558 2371 684 2436 sibi
712 2377 1073 2456 proposuit,
1110 2394 1264 2439 sane
1294 2377 1604 2440 adversus
1652 2377 1987 2439 haereticos
2018 2376 2329 2456 quosdam
2361 2391 2538 2437 arma
2578 2377 2893 2449 movebat,
2940 2382 3133 2454 atque
3166 2392 3240 2436 ex
3283 2374 3643 2443 erroribus,

366 2489 540 2555 quos
568 2473 931 2557 impugnat,
963 2477 1232 2557 quinam
1265 2477 1359 2539 illi
1394 2478 1656 2550 fuerint,
1692 2493 1936 2556 eosque
1982 2476 2233 2555 lgnatio
2276 2477 2556 2538 seriores
2592 2491 2731 2536 esse
2765 2475 2982 2537 videre
3011 2476 3154 2538 erit.
3182 2478 3424 2538 Verum
3459 2476 3514 2537 si
3546 2493 3650 2538 ac-

364 2575 784 2640 curatissime
821 2578 1127 2659 epistolas
1156 2586 1371 2641 textus
1406 2579 1643 2659 recepti
1682 2576 2131 2658 perscruteris,
2175 2594 2303 2640 non
2347 2577 2647 2639 invenies
2693 2575 2821 2636 nisi
2854 2577 3196 2657 ejusmodi,
3244 2577 3355 2657 qui
3396 2578 3647 2654 lgnatio

364 2678 572 2741 coaavi
602 2679 890 2755 fuerunt,
933 2681 1294 2758 Ebionitas,
1325 2683 1755 2757 Judaizantes,
1790 2684 2084 2744 Docetas.
2120 2682 2334 2743 Unum
2380 2686 2501 2753 est,
2543 2679 2715 2758 quod
2746 2677 3500 2741 acribuscontroversiis
3528 2694 3649 2738 an-

361 2797 506 2843 sam
530 2781 661 2859 jam
693 2782 892 2853 dedit,
929 2800 1075 2845 cum
1130 2784 1408 2847 Pearson
1458 2784 1534 2845 ad
1590 2783 2047 2846 vindicandum
2094 2780 2415 2861 Ignatium
2472 2796 2702 2843 manus
2738 2797 2881 2843 cum
2926 2780 3262 2843 Blondello
3306 2789 3367 2841 et
3409 2779 3650 2840 Dallmu

361 2892 742 2947 consereret
777 2906 793 2946 :
832 2885 1010 2947 locus
1040 2885 1151 2948 ille
1177 2869 1729 2948 celebratissimus
1758 2903 1837 2947 ex
1869 2884 2139 2959 epistola
2171 2883 2248 2945 ad
2290 2883 2742 2963 Magnesianos
2787 2882 2933 2962 (97),
2960 2881 3027 2943 in
3060 2898 3189 2961 quo
3215 2878 3517 2963 Christus
3547 2878 3650 2939 di-

360 2982 537 3045 citur
588 2990 756 3064 Λὸγος
821 2988 996 3054 ἀΐδιος
1053 2993 1148 3047 οὐκ
1178 2994 1283 3048 ἀπὸ
1351 3001 1507 3066 σιγῆς
1538 2993 1827 3067 προελθών.
1861 2985 1991 3046 lsth

2016 3003 2059 3046 .c
2096 3001 2329 3063 nempe
2379 2984 2780 3046 manifestam
2836 2984 2974 3045 fieri
3034 2981 3426 3044 mentionem
3467 2980 3648 3061 Siges

360 3082 842 3149 Valentinianaa
872 3089 1256 3161 obtendunt,
1301 3089 1722 3151 Valentinum
1781 3104 1934 3150 vero
1989 3095 2130 3166 post
2177 3088 2555 3150 defunctum
2615 3086 2944 3167 Ignatium
3004 3084 3462 3147 insurrexisse.
3498 3086 3648 3147 Haec

361 3183 591 3243 eadem
642 3186 920 3265 objectio
986 3189 1178 3251 modo
1213 3196 1276 3251 et
1314 3196 1532 3251 contra
1584 3195 1801 3251 textus
1852 3189 2051 3251 nostri
2110 3189 2556 3250 auctoritatem
2590 3186 3006 3268 intorquetur
3040 3204 3187 3249 cum
3221 3185 3332 3248 illa
3370 3187 3561 3248 verba
3610 3203 3646 3247 a

361 3285 630 3363 Syriaco
658 3287 894 3352 absint.

447 3384 587 3457 Qua
616 3384 683 3447 in
717 3404 783 3448 re
834 3387 899 3450 id
934 3389 1352 3453 concedimus
1407 3390 1686 3465 facilius,
1722 3408 1915 3471 quam
1949 3392 2229 3453 Pearson
2266 3388 2388 3471 (93)
2424 3397 2484 3452 et
2515 3391 2797 3452 Massuet
2830 3388 2976 3470 (99),
3012 3388 3431 3450 Valentinum
3484 3406 3646 3450 non-

360 3486 496 3548 nisi
528 3496 671 3568 post
699 3489 1075 3556 defunctum
1106 3494 1429 3573 Ignatium
1456 3495 1785 3559 docuisse.
1825 3497 2048 3574 Neque
2085 3493 2167 3555 iis
2205 3499 2491 3568 utemur,
2523 3509 2671 3571 quasi
2710 3508 2840 3553 non
2886 3492 3029 3552 sine
3061 3489 3239 3552 omni
3279 3489 3641 3568 probabili-

360 3594 494 3651 tate
526 3606 565 3652 a
613 3593 961 3656 Pearsonio
1009 3594 1133 3657 late
1183 3604 1602 3674 exponuntur
1633 3596 1701 3657 in
1741 3596 2048 3657 Vindicit's
2097 3593 2457 3672 lgnatianis
2506 3590 2614 3672 (1),
2653 3609 2890 3655 nomen
2949 3590 3114 3652 illud
3167 3603 3323 3669 σιγῆς
3362 3606 3488 3651 non
3524 3607 3643 3669 pro

360 3691 756 3770 appellativo
787 3694 1190 3772 habendum,
1222 3705 1563 3778 totumque
1619 3698 1831 3760 locum
1876 3697 1950 3758 ad
1989 3694 2323 3758 Ebionitas
2358 3695 2703 3775 respicere.
2757 3694 2829 3755 In
2866 3692 3028 3754 illud
3069 3710 3222 3755 vero
3268 3692 3636 3771 argumenti

363 3809 576 3871 genus
610 3794 1019 3872 insistemus,
1070 3799 1246 3879 quod
1298 3816 1333 3862 a
1388 3798 1738 3862 Pearsonio
1796 3796 2236 3876 prmlihatum,
2290 3813 2423 3858 rem
2473 3794 2659 3875 plane
2697 3793 2973 3866 conficit,
3023 3809 3257 3873 nempe
3284 3794 3640 3855 doctrinam

361 3890 544 3953 illam
575 3892 656 3953 de
686 3891 833 3972 Sige
864 3901 1191 3975 totamque
1219 3896 1490 3975 primam
1524 3912 1779 3959 menum
1811 3896 2093 3973 ogdoada
2118 3914 2152 3957 a
2176 3898 2435 3959 Simone
2459 3900 2672 3957 ortum
2708 3893 2956 3956 trahere
2982 3901 3174 3973 atque
3201 3894 3638 3973 geneal0giam

364 4010 625 4057 menum
659 3992 975 4074 integram
1018 3997 1259 4059 sensim
1300 4014 1335 4059 a
1365 3997 1689 4060 Gnosticis
1719 4016 1797 4060 ex
1830 3997 1944 4057 illa
1976 3998 2188 4061 radice
2221 3997 2545 4060 evolutam
2592 3993 2823 4069 fuisse,
2855 3995 2934 4057 de
2967 4012 3097 4075 quo
3135 3993 3376 4057 videsis
3422 3995 3639 4075 ipsum

362 4099 788 4160 Pearsonium
826 4098 935 4179 (2).
964 4099 1177 4160 Unum
1212 4105 1459 4161 tantum
1500 4098 1777 4177 perfecte
1816 4106 2117 4176 praestare
2148 4114 2275 4158 non
2312 4098 2523 4177 potuit
2554 4095 2653 4157 vir
2683 4093 3256 4174 praestantissimus
3289 4112 3367 4155 ex
3399 4111 3639 4157 monu-

361 4207 736 4265 mentorum
771 4199 1048 4262 defectu.
1095 4201 1254 4262 Cum
1300 4198 1474 4260 enim
1508 4206 1636 4258 rem
1684 4216 1716 4260 a
1768 4199 2030 4260 Simone
2070 4206 2280 4260 ortum
2324 4197 2574 4260 trahere
2603 4198 3129 4269 demonstrasset,
3167 4196 3640 4258 ostendendum

360 4320 562 4383 porro
590 4309 947 4364 eratvocem
979 4302 1169 4363 etiam
1195 4315 1350 4380 σιγῆς
1375 4301 1453 4363 ah
1484 4301 1625 4381 ipso
1654 4299 1857 4362 fuisse
1888 4307 2285 4378 usurpatam.
2310 4298 2495 4371 Quod
2518 4305 2591 4359 ut
2619 4297 3284 4378 praestaretseriorum
3319 4315 3639 4377 quorum-

360 4405 535 4476 dam,
566 4404 860 4481 Eusebii,
887 4404 1183 4484 Gregorii
1221 4385 1603 4466 Nazianzeni
1642 4404 1912 4483 ejusque
1944 4410 2524 4466 commentatornm
2557 4409 2803 4465 tantum
2833 4404 3204 4466 testimonia
3250 4424 3383 4484 prae
3417 4407 3629 4469 mani-

348 4511 487 4587 ,bns
520 4508 818 4569 habebat.
844 4506 1003 4579 Qum
1036 4505 1180 4566 licet
1212 4504 1757 4567 suilicientissima
1788 4504 1942 4576 sint,
1972 4522 2041 4565 ea
2074 4512 2283 4565 tamen
2311 4503 2634 4565 cavillatio
2659 4503 3046 4565 adversariis
3076 4514 3291 4585 erepta
3318 4525 3447 4570 non
3479 4517 3636 4583 erat,

360 4614 659 4669 auctores
691 4604 1152 4684 hzeresiologos
1181 4605 1431 4683 lgnatio
1462 4622 1775 4685 suppares
1809 4604 1933 4666 alte
1963 4604 2179 4675 silere,
2220 4603 2353 4665 imo
2410 4620 2646 4665 nomen
2690 4605 2853 4681 siges
2896 4604 3242 4668 Valentino
3274 4608 3489 4686 potius
3517 4628 3638 4672 au-

361 4704 527 4769 ctori
559 4704 839 4767 deferre.
873 4707 1117 4767 Verum
1150 4715 1212 4769 et
1246 4707 1417 4769 istud
1458 4706 1770 4785 effugium
1813 4704 1975 4784 ipsis
2018 4712 2115 4765 est
2149 4704 2557 4783 prteclusum,
2596 4712 2931 4784 postquam
2964 4707 3282 4770 detectum
3316 4709 3439 4771 fuit
3477 4712 3638 4791 Hip-

358 4811 595 4893 polyti.
629 4812 1009 4875 Portuensis
1042 4830 1207 4892 opus
1241 4814 1329 4873 De
1378 4813 1716 4875 hwrest'bus
1775 4809 1884 4891 (3),
1942 4810 2097 4873 olim
2154 4828 2234 4871 ex
2288 4816 2464 4889 parte
2524 4810 2648 4873 sub
2689 4808 2991 4888 Origenis
3039 4813 3305 4876 nomine
3360 4814 3634 4892 editum,

432 5024 546 5093 (87)
577 5022 634 5079 ln
666 5022 840 5078 nostri
865 5023 1046 5093 operis
1073 5023 1199 5079 crisi
1247 5023 1300 5077 in
1339 5020 1949 5091 Historisch-polilische
2125 5019 2238 5093 (93)
2262 5017 2640 5093 onnii_1852.

357 5088 617 5149 Bluetter.
650 5095 813 5159 1851,
844 5088 985 5148 Hél‘t.
1019 5095 1070 5148 9.
1673 5088 1681 5091 ”

1673 5088 1681 5091 '
2123 5088 2236 5159 (94)
2272 5089 2408 5158 Eph.
2456 5090 2536 5142 tit.
2569 5098 2623 5144 et
2652 5107 2706 5144 η.
2742 5088 2828 5144 19.

431 5166 544 5234 (88)
584 5164 888 5235 Einleitung
918 5165 1102 5235 inadie
1130 5164 1381 5234 schriften
1419 5165 1508 5219 des
1562 5162 1633 5218 Ν.
1668 5160 1729 5216 Τ.
1764 5160 1943 5216 Freib.
2123 5159 2237 5235 (95)
2272 5159 2431 5235 Boni.
2519 5168 2573 5235 e_t
2601 5165 2692 5235 lin.

360 5238 395 5290 i.
434 5229 718 5291 Ηι-ζ1852.
754 5229 915 5289 νοτὶ.
953 5233 1043 5288 ιν.
1274 5229 1284 5234 ’

1274 5229 1284 5234 ’
2125 5232 2237 5296 (96)
2274 5230 2411 5299 Eph.
2456 5230 2507 5295 1,
2536 5229 2719 5300 Polyc.
2752 5232 2786 5283 5

432 5301 542 5367 (89)
576 5307 632 5361 In
677 5306 947 5360 Aschbach
980 5305 1310 5374 aitgemeines
1340 5304 1780 5373 kirclienlexicon,
1823 5305 1942 5359 Art.
2040 5312 2041 5315 “
2123 5303 2237 5374 (97)
2367 5301 2419 5354 8.

362 5375 633 5455 hinnitus,
663 5376 804 5455 (it-in
837 5367 1081 5455 "isto-ﬁo
1106 5377 1622 5455 suufcctesiustica.‘
1707 5446 1718 5455 .
2264 5371 2537 5455 ,νὶρμὶίίὶω
2565 5367 3056 5455 Ιθηαζίαηᾳῑ,ρειι“ι.
3079 5390 3151 5455 _II,
3186 5390 3237 5429 c.
3274 5373 3328 5429 7.

361 5441 401 5568 ἡ
432 5441 633 5569 (Famem
665 5445 926 5500 Niedners
965 5444 1273 5516 Zeilschrift
1315 5448 1356 5517 Ῑ.
1392 5445 1540 5500 Hist.
1581 5445 1738 5500 tlteol.
1779 5446 1940 5501 1851.

410 5539 436 5568 υ
466 5531 502 5569 ι.
574 5558 586 5571 .

1480 5457 1540 5500 si.
1581 5445 1738 5500 ιΙιεοι.
1779 5446 1940 5501 1851.
2122 5441 2756 5580 ὶῗξὶ)ἐη4[¹ι·οιθεοιιιεηὶδ
2785 5446 2872 5500 ed.
2908 5441 3112 5499 lrenaei.

410 5531 502 5569 UH.
532 5531 586 5571 ’2.
2123 5531 2199 5571 Η)
2234 5531 2296 5567 ιλ.
2334 5531 2388 5566 4.

434 5589 544 5653 (9|)
587 5587 756 5657 Prmf.
790 5588 859 5643 ad
892 5587 1159 5660 Reliquias
1206 5606 1410 5657 sacras,
1433 5589 1521 5644 ed.
1570 5586 1732 5653 1846,
1758 5588 1867 5643 vol.
1896 5586 1939 5656 l,

919 5587 1159 5660 leliquias
1206 5606 1410 5657 sacras,
1433 5589 1521 5644 ed.
1570 5586 1732 5653 1846,
1758 5588 1867 5643 vol.
1896 5586 1939 5656 l,
2124 5585 2201 5660 (Et)
2231 5583 2390 5660 ibid,
2417 5598 2466 5660 c_.
2499 5583 2551 5638 6.

358 5672 392 5725 p
448 5652 639 5715 xxvi".
715 5652 725 5657 ’
1015 5652 1029 5660 ’
1395 5652 1406 5657 ⁷
1720 5652 1727 5653 ί
1924 5652 1932 5656 ⁷
2117 5653 2201 5720 (5)
2244 5652 2486 5726 Origenis
2518 5654 3025 5726 _Pliilosoplmmena
3080 5672 3127 5708 δ.
3193 5658 3421 5710 omnium
3465 5657 3628 5713 barre-

430 5729 544 5795 (92)
576 5729 744 5798 Praef.
770 5730 838 5783 ad
866 5728 1089 5786 Patrum
1115 5730 1524 5801 apostolicorum
1544 5730 1627 5786 ed.
1662 5743 1750 5798 tu,
1780 5728 1939 5797 i859,
2048 5724 2481 5801 s_iun_t_refutario_.
2509 5724 2707 5801 cod.
2736 5724 3053 5801 Parisiensi
3069 5742 3217 5801 pauc
3244 5730 3484 5797 primum
3514 5732 3581 5785 cd
3607 5759 3630 5773 -

357 5815 407 5863 ρ.
444 5794 798 5856 xlii-xxxvi".
1149 5794 1159 5815 ⁷
1734 5794 1743 5798 ⁷
1924 5794 1931 5797 ⁷
2049 5798 2127 5852 dit
2158 5795 2475 5850 Emmanuel
2506 5794 2699 5866 Miller,
2729 5796 2924 5857 Oxouii
2956 5796 3111 5853 1851.
