4134 6390
520 370 623 423 60⁸1
1556 365 1614 421 S.
1652 364 2010 422 IGNATIUS.
2052 395 2111 406 -—

2175 361 2708 419 PROLEGOMENA.
3698 359 3800 414 6118

522 492 713 550 modo
746 505 901 552 vero
934 484 1225 568 genuino
1253 485 1501 549 auctori
1536 487 1932 550 vindicatum
1970 487 2032 550 ⁸.
2082 486 2205 551 Hic
2244 486 2415 548 enim
2460 502 2590 547 non
2643 483 2854 546 solum
2893 481 3220 545 Valentini
3262 481 3554 558 dogmata
3586 498 3661 540 ex
3704 483 3802 541 Si-

524 590 849 651 mouianis
879 595 1095 651 exorta
1127 587 1397 651 affirmat
1444 587 1554 669 (ιι),
1586 590 1699 651 sed
1734 589 1924 651 etiam
1959 607 2038 651 ex
2087 588 2256 651 libro
2310 587 2615 659 Simonis,
2670 586 2775 648 cui
2813 602 3051 647 nomen
3084 583 3401 659 Ἀπὸφασις,
3429 582 3563 645 huic
3607 584 3797 643 verba

517 690 748 771 allegat
770 690 854 771 (5)
890 713 905 753 ε
966 698 1072 752 Δύο
1109 699 1217 752 εἰσὶ
1249 693 1586 771 παραφυάδες
1625 705 1727 753 τῶν
1754 695 1884 751 ὅλων
1915 698 2138 765 αἰώνων,
2176 700 2311 771 μήτε
2344 698 2529 770 ἀρχὴν
2564 700 2696 768 μήτε
2726 694 2889 767 πείρας
2917 690 3169 765 ἔχουσαι,
3197 691 3302 745 ἀπὸ
3340 696 3470 764 μιᾶς
3499 691 3801 763 gignatur

519 797 636 851 ἐστὶ
665 793 909 870 δύναμις,
959 804 1109 871 σιγή,
1166 793 1415 871 ἀόρατος,
1458 797 1859 858 ἀκατάληπτος.
1900 793 2151 851 Ponam'

2167 808 2230 853 ιε
2273 790 2463 852 etiam
2493 789 2730 850 librum
2757 788 2952 847 istum
2979 785 3259 847 Simonis
3297 802 3422 845 non
3457 800 3622 854 esse,
3646 782 3799 845 licet

517 890 837 967 ejusmodi
879 906 1072 967 Opera
1105 890 1229 968 ipsi
1264 889 1554 951 tribuant
1583 890 2013 969 Epiphanius,
2063 889 2510 968 Hieronymus
2564 887 2680 970 (6),
2735 886 3090 966 Dionysius
3134 884 3513 964 Areopagita
3553 883 3678 966 (7);
3717 902 3796 945 ex

516 988 655 1066 ejus
680 998 892 1051 tamen
926 998 1118 1064 secta,
1147 1008 1293 1071 quaa
1322 991 1624 1071 Origenis
1653 991 1862 1054 adhuc
1900 1000 2211 1071 tempore,
2258 991 2451 1052 exilis
2492 975 2642 1053 licet
2681 1006 2978 1061 numero,
3012 988 3223 1051 adhuc
3244 986 3612 1061 exsistebat,
3651 1002 3797 1065 pro-

512 1087 713 1150 diisse
738 1090 1064 1167 Oporteret
1096 1096 1287 1168 atque
1317 1088 1851 1169 antiquissimum
1894 1106 2059 1161 esse,
2115 1107 2261 1152 cum
2290 1090 2422 1169 jam
2456 1088 2794 1167 Hippolyti
2844 1098 3130 1167 tempore
3167 1090 3411 1168 absque
3447 1086 3649 1150 dubio
3685 1087 3792 1148 Si-

514 1187 691 1249 moni
732 1188 1147 1251 tribueretur.
1180 1189 1296 1250 His
1328 1191 1383 1249 si
1418 1190 1611 1251 addas
1645 1189 1839 1268 Sigen
1872 1207 1908 1251 a
1949 1188 2423 1252 Valentinianis
2475 1189 2725 1250 Ἐννοιαν
2761 1196 2823 1248 et
2853 1187 3124 1248 Matrem
3170 1187 3399 1249 dictam
3433 1185 3636 1248 fuisse
3678 1186 3791 1265 (8),

512 1289 757 1349 Ἐννοιαν
830 1308 980 1352 vero
1037 1300 1231 1370 atque
1284 1293 1555 1353 Matrem
1625 1291 1873 1353 Simoni
1928 1292 2129 1355 tribui
2171 1294 2249 1354 ab
2314 1293 2558 1353 lrenaao
2610 1288 2694 1369 (9)
2756 1299 2817 1351 et
2881 1290 3244 1370 Epiphanio
3287 1290 3443 1370 (10);
3499 1290 3793 1351 eamdem

520 1400 808 1471 Προύιικον
835 1410 869 1453 a
902 1393 1289 1472 quibusdam
1339 1393 1664 1455 Gnosticis
1696 1393 1939 1455 Nicolai
1970 1395 2312 1473 discipuiis
2356 1402 2417 1456 et
2463 1411 2497 1455 a
2538 1390 3011 1455 Valentinianis
3039 1391 3270 1453 dictam
3320 1392 3468 1471 (11),
3499 1390 3791 1452 eamdem
3868 1408 3875 1411 '

512 1508 662 1552 vero
697 1499 984 1571 Προύνικον
1034 1497 1113 1557 ab
1164 1496 1528 1575 Epiphanio
1582 1497 1830 1558 Simoni
1866 1497 2066 1559 tribui
2120 1503 2138 1576 (

2162 1498 2282 1577 [2);
2326 1496 2744 1571 Barbeliotas,
2767 1514 2844 1557 ex
2881 1493 3273 1558 Simonianis
3304 1500 3499 1561 ortos,
3546 1491 3794 1552 Ἐννοιαν

510 1594 779 1656 Barbelo
815 1614 1073 1659 vocasse
1107 1598 1257 1677 (13),
1289 1598 1724 1678 Epiphanium
1761 1618 1913 1661 vero
1946 1618 2249 1678 expresse
2283 1598 2597 1661 afﬁrmare
2630 1599 2899 1661 Barbelo
2955 1597 3141 1659 istam
3196 1598 3482 1658 eamdem
3540 1613 3680 1657 esse
3717 1612 3791 1656 ac

510 1698 792 1759 Simonis
836 1706 1123 1778 Προύνικον
1157 1724 1172 1761 :
1207 1701 1362 1773 haec,
1390 1699 1682 1779 inquam,
1715 1700 1767 1761 si
1798 1700 2115 1773 conferas,
2154 1698 2409 1762 nullum
2453 1698 2727 1760 dubium
2766 1714 2907 1759 esse
2944 1697 3178 1775 poterit
3210 1704 3428 1759 etrem
3462 1702 3523 1757 et
3554 1711 3791 1758 nomen

508 1817 587 1864 ex
620 1803 882 1864 Simone
907 1812 1119 1866 ortum
1157 1804 1450 1876 traxisse,
1488 1802 1616 1863 nisi
1649 1804 1865 1864 omnia
1896 1803 2149 1865 critices
2189 1801 2508 1881 principia
2539 1799 2821 1865 evellere
2863 1798 3046 1863 velis.

2122 1958 2230 2019 IV.

1186 2086 1502 2148 Momenta
1525 2086 1848 2165 desumpta
1878 2105 1955 2146 ea:
1978 2086 2270 2147 doctrina
2297 2084 2367 2145 de
2400 2094 2711 2163 potestate
2749 2080 3111 2162 episcopali.

590 2208 813 2287 Neque
845 2210 1083 2273 melius
1118 2229 1221 2275 res
1259 2212 1647 2275 adversariis
1699 2212 2007 2291 processit
2052 2211 2118 2272 in
2156 2211 2357 2274 altero
2401 2228 2619 2290 scopo,
2665 2227 2856 2289 quem
2911 2208 3421 2287 promovendum
3476 2207 3599 2269 sibi
3646 2223 3794 2286 pro.

513 2310 814 2387 posuisse
844 2310 1369 2391 interpolatorem
1404 2324 1766 2387 autumant,
1796 2313 2179 2392 detegendo,
2215 2312 2647 2392 episcopalem
2686 2328 2917 2389 nempe
2966 2308 3407 2371 auctoritatem
3452 2326 3788 2372 commen-

502 2409 719 2471 dandi.
764 2412 969 2474 Multa
1012 2412 1174 2474 hanc
1214 2414 1281 2475 in
1324 2432 1458 2478 rem
1495 2415 1690 2477 verba
1739 2413 2033 2475 fecerunt
2067 2415 2353 2485 Bunsen,
2390 2413 2670 2475 Cureton
2713 2419 2774 2472 et
2812 2409 3077 2482 Ritschl,
3115 2411 3277 2488 quin
3310 2427 3523 2470 veram
3565 2410 3789 2489 Syria-

504 2528 648 2572 eum
687 2510 857 2573 inter
887 2518 951 2573 et
1002 2520 1331 2592 receptum
1382 2522 1628 2577 textum
1678 2513 2120 2577 diversitatem
2172 2513 2292 2575 hoc
2340 2513 2404 2575 in
2444 2514 2741 2593 dogmate
2793 2510 3012 2575 haberi
3069 2512 3501 2591 probaverint.
3546 2515 3787 2576 Textus

503 2611 677 2672 enim
710 2611 1011 2689 Syriacus
1034 2619 1096 2673 et
1135 2612 1271 2691 ipse
1303 2612 1760 2693 epiSCOporum
1803 2612 2295 2693 praarogativam
2333 2622 2395 2676 et
2432 2622 2559 2676 tres
2595 2611 2979 2673 hierarchiae
3017 2613 3251 2691 gradus
3289 2614 3602 2687 admittit,
3637 2634 3783 2678 cum

502 2712 843 2791 episcopos
874 2712 1175 2775 exhibeat
1210 2714 1555 2792 Ignatium,
1591 2714 2015 2794 Polycarpum
2044 2722 2105 2777 et
2154 2715 2539 2778 Onesimum
2574 2761 2590 2790 ,
2636 2732 2849 2795 neque
2899 2716 3422 2792 presbyterorum
3474 2715 3786 2777 diacono--

506 2831 736 2877 rumve
809 2815 1211 2878 mentionem
1276 2814 1571 2879 omiserit
1635 2817 1783 2897 (111).
1866 2815 2037 2877 Nihil
2099 2825 2320 2880 contra
2381 2819 2667 2897 episc0pi
2724 2815 3111 2878 sententiam
3167 2816 3304 2879 ﬁeri
3364 2818 3509 2897 (15),
3574 2835 3787 2897 neque

503 2914 916 2978 matrimonia
966 2917 1281 2991 contrahi,
1331 2935 1546 2996 neque
1578 2918 2017 2997 virginitatem
2074 2922 2208 2982 Deo
2240 2921 2440 2981 dicari
2486 2920 2781 2981 concedit
2828 2919 2977 2999 (16).
3021 2920 3236 2993 ipsius
3280 2936 3422 2980 esse
3456 2919 3790 2980 conﬁrmat

502 3016 819 3079 unitatem
865 3034 1122 3078 servare
1173 3019 1320 3098 (17),
1366 3017 1725 3079 doetrinam
1762 3034 1981 3078 sanam
2032 3018 2198 3081 tueri
2235 3018 2383 3095 (18),
2418 3017 2712 3079 collectas
2759 3033 3110 3077 convocare
3160 3017 3307 3096 (19),
3357 3015 3787 3095 omniumque

506 3136 726 3183 curam
777 3137 1024 3199 gerere.
1078 3123 1367 3200 Eamque
1417 3125 1799 3199 potestatem
1849 3138 1925 3182 ex
1980 3120 2095 3182 Dei
2152 3123 2295 3199 lege
2342 3137 2643 3183 exercere
2704 3120 3003 3197 admittit,
3038 3138 3184 3182 nam
3220 3139 3446 3183 omnes
3496 3122 3790 3183 hortatur

506 3220 813 3300 episc0po
847 3220 1170 3302 subjectos
1202 3239 1366 3298 esse,
1407 3229 1479 3285 ut
1508 3228 1570 3286 et
1604 3224 1776 3284 Deus
1808 3220 1970 3301 ipsis
2011 3223 2094 3283 sit
2128 3222 2451 3302 propitius
2484 3221 2632 3303 (20).

2096 3378 2176 3438 V.

1627 3506 1949 3569 Momenta
1977 3523 2056 3565 ex
2086 3502 2245 3584 styli
2271 3505 2658 3568 diversitate.

581 3632 1049 3711 Argumentum
1100 3650 1179 3695 ex
1222 3633 1375 3713 styli
1413 3635 1830 3711 diversitate,
1880 3636 1959 3697 ab
2004 3633 2489 3713 antiquioribus
2540 3635 3020 3714 lgnalianarum
3076 3634 3499 3714 epistolarum
3542 3635 3785 3696 adver—

497 3733 686 3795 sariis
710 3734 841 3812 jam
876 3732 1197 3812 prolatum
1238 3741 1299 3796 et
1332 3752 1366 3796 a
1396 3734 1745 3797 Pearsonio
1784 3734 2114 3798 uberrime
2173 3731 2519 3795 refutatum
2548 3777 2565 3805 ,
2613 3734 2859 3813 Syriaci
2910 3740 3121 3796 textus
3166 3733 3418 3814 patroni
3471 3750 3548 3794 eo
3596 3735 3786 3796 modo

499 3842 926 3911 recoxerunt,
985 3844 1059 3899 ut
1106 3839 1336 3899 miram
1386 3837 1557 3900 inter
1607 3838 1968 3918 genuinum
2016 3836 2336 3916 lgnatium
2388 3842 2449 3897 et
2495 3834 3021 3916 interpolatorem
3076 3835 3227 3916 styli
3286 3834 3783 3913 discrepantiam

494 3944 873 4002 statuerent.
894 3940 1262 4003 Bunsenius
1293 3942 1359 4003 in
1393 3942 1528 4003 illis
1563 3944 1872 4020 partibus,
1894 3958 2056 4019 quas
2092 3939 2509 4019 interpolatas
2541 3947 2787 4012 censet,
2826 3938 3093 4018 quasvis
3142 3937 3454 3999 oratorias
3493 3936 3782 4015 phrases,

495 4040 764 4103 nimiam
798 4042 1144 4103 verborum
1180 4043 1676 4107 redundantiam
1705 4088 1722 4117 ,
1760 4050 1928 4103 πάθος
1957 4040 2220 4116 falsum,
2254 4059 2442 4105 voces
2473 4043 2541 4104 in
2585 4044 2980 4104 immensum
3021 4041 3407 4121 compositas
3453 4040 3777 4102 cumulari

498 4139 951 4219 conqueritur.
1012 4143 1428 4218 Curetonius,
1483 4147 1553 4207 in
1591 4144 1898 4207 omnibus
1949 4145 2369 4220 moderatior,
2428 4144 2493 4206 id
2545 4143 2770 4205 saltem
2825 4142 3179 4213 contendit,
3243 4140 3779 4219 interpolatorem

495 4243 817 4322 qumdam,
852 4260 1002 4321 qua)
1048 4242 1116 4305 in
1173 4245 1425 4324 lgnatio
1458 4252 1806 4325 repererat,
1848 4253 1971 4306 tam
2008 4245 2431 4310 immoderate
2479 4262 2852 4324 usurpasse,
2893 4252 2966 4307 ut
2998 4262 3066 4305 se
3100 4242 3492 4304 imitatorem
3530 4242 3777 4322 prodat.

495 4346 739 4406 Verum
776 4350 841 4405 et
883 4342 986 4404 hic
1028 4342 1202 4407 idem
1247 4346 1434 4408 nobis
1468 4345 1648 4407 locus
1687 4343 1875 4409 tertia
1924 4344 2064 4406 vice
2099 4345 2591 4424 responsionem
2650 4340 3121 4422 suppeditabit,
3176 4357 3305 4402 non
3354 4340 3568 4401 minus
3609 4343 3779 4418 apud

496 4449 736 4524 Syrum
774 4462 1137 4519 occurrere,
1186 4465 1333 4527 quae
1380 4447 1505 4526 ipsi
1551 4447 1620 4507 in
1667 4464 1767 4518 eo,
1808 4463 2003 4525 quem
2050 4452 2450 4525 supponunt,
2485 4444 2947 4523 interpolatore
2980 4441 3464 4520 reprehendunt
3498 4463 3512 4501 :
3548 4440 3783 4519 praedi-

496 4556 789 4613 catorum
844 4568 1078 4629 nempe
1142 4565 1506 4629 vocumque
1566 4546 1886 4611 similium
1941 4548 2447 4611 cumulationem
2506 4546 2652 4628 (21),
2716 4544 3063 4626 particulas
3114 4545 3535 4607 immoderate
3598 4559 3785 4621 repe-

566 4738 645 4876 (ιί)
678 4737 742 4793 L.
774 4756 851 4805 v1,
878 4754 925 4792 c.
958 4739 1051 4803 20,
1086 4755 1139 4808 p.
1170 4737 1293 4801 176,
1321 4736 1444 4791 177.

566 4810 622 4876 (5
669 4808 830 4869 L.v1.
865 4825 913 4863 c.
954 4809 1041 4862 18.

1042 4781 1051 4803 ,
1086 4755 1139 4808 p.
1170 4737 1293 4801 176,
1321 4736 1444 4791 177.
2265 4738 2378 4808 (14)
2410 4736 2596 4807 Polyc.
2622 4736 2674 4790 6.

2262 4809 2375 4876 (15')
2404 4807 2537 4861 Ibid.
2570 4808 2625 4861 4.

494 4822 503 4833 ‘
565 4807 644 4877 (5)
669 4808 830 4869 L.v1.
865 4825 913 4863 c.
954 4809 1041 4862 18.
1091 4807 1099 4808 ί

992 4809 1041 4862 8.
1091 4807 1099 4808 ί
2262 4809 2375 4877 (15)
2404 4807 2537 4861 Ibid.
2570 4808 2624 4861 4.

568 4880 645 4949 (6)
678 4884 745 4933 In
777 4880 972 4935 Matth.
1002 4894 1153 4944 xxrv,
1186 4879 1239 4932 5.

1002 4894 1153 4944 μιν,
1186 4879 1239 4932 5.
2263 4879 2377 4945 (16)
2409 4879 2543 4949 Ibid.
2570 4878 2622 4931 5.

565 4948 642 5020 (7)
678 4950 751 5005 De
778 4952 885 5004 div.
917 4966 1083 5009 nom..
1114 4964 1163 5003 c.
1196 4949 1252 5004 6.

989 4966 1083 5009 ηι..
1114 4964 1163 5003 c.
1196 4949 1252 5004 6.
2263 4949 2376 5017 (17)
2408 4948 2539 5020 ibid.

564 5017 642 5086 (⁷8)
673 5020 815 5075 lren.
846 5021 881 5072 l.
914 5037 952 5083 1,
987 5036 1036 5075 c.
1074 5021 1127 5074 1.

988 5036 1036 5075 ο.
1074 5021 1127 5074 1.
2262 5020 2375 5087 (18)
2410 5017 2539 5071 Ibid.
2567 5019 2620 5073 3.

566 5092 644 5156 (9)
672 5090 733 5145 L.
770 5108 809 5153 1,
844 5106 894 5146 c.
922 5091 1014 5144 25.

989 5094 1014 5143 ι.
2261 5089 2375 5157 (19)
2402 5089 2541 5142 Ibid.
2568 5091 2621 5142 4.

566 5160 679 5230 (10)
712 5161 776 5217 N.
809 5162 865 5215 2.

2261 5160 2374 5229 (ευ)
2405 5161 2534 5230 ibid.
2572 5159 2623 5213 6.
3013 5208 3029 5219 .

712 5166 982 5301 1Epifihan.
1021 5231 1151 5303 liter.
1196 5231 1288 5296 26,
1330 5230 1721 5301 Cnosticorum,
1753 5252 1808 5287 η.
1838 5235 1905 5300 5;
1947 5234 2077 5290 liter.

2664 5250 2676 5284 :
2696 5231 2942 5303 ἀόρᾳτον,
2962 5208 3309 5303 ἀῷηλάφητοκ
3325 5273 3339 5297 ,
3352 5232 3537 5303 ἀπαθῆ
3561 5232 3774 5303 :Polyc.

498 5302 918 5366 Nicolaitarum,
955 5318 1010 5358 n.
1049 5302 1103 5367 4,
1145 5303 1275 5357 liter.
1303 5304 1392 5369 51,
1426 5321 1481 5358 η.
1509 5306 1561 5361 5.

566 5374 678 5427 (12)
710 5371 774 5427 N.
806 5372 861 5425 2.

2189 5303 2257 5356 6:
2287 5303 2640 5369 συγκοπιᾶτε,
2660 5302 3130 5362 συναθλεῖτεωύντ
3169 5302 3319 5373 έχετε
3341 5344 3354 5364 ,
3386 5302 3737 5375 συμπάσχετε
3758 5345 3774 5367 ,

2190 5371 2586 5427 συγκοιμᾶσοε.
2640 5372 3036 5427 συνεγείοεσθε.
3084 5320 3169 5427 CF.
3219 5383 3273 5427 et
3330 5373 3490 5427 lion).
3541 5377 3593 5427 in
3663 5378 3774 5427 tit..

566 5371 861 5444 (12)
953 5443 960 5444 7
1159 5443 1166 5444 ί
1231 5442 1248 5444 _
2190 5397 2198 5444 γ

2190 5371 2586 5444 ᾳυγκομμᾶσοε,
2640 5372 3036 5444 συνεγείρεσθε.
3084 5371 3169 5428 Cl.
3199 5371 3273 5429 ἐι
3330 5371 3490 5429 Huni.
3541 5371 3774 5440 intulit"

565 5438 679 5514 (15)
714 5443 910 5512 Epiph.
941 5443 1073 5498 hazr.
1107 5443 1196 5507 26,
1230 5442 1369 5500 lren.
1405 5445 1441 5499 Ι.
1474 5461 1513 5512 1,
1541 5460 1589 5499 c.
1626 5444 1719 5499 29.
2194 5438 2333 5514 Eph.
2372 5438 2427 5495 in
2467 5444 2547 5497 tit.

558 5612 576 5631 ⁸
602 5613 901 5677 c'ententiaa,
946 5615 1074 5677 apud
1111 5616 1356 5665 Doctores
1403 5616 1795 5666 Ultrarhenanos
1839 5620 2048 5678 exortae,
2095 5630 2208 5677 qua».
2232 5613 2675 5678 Philosoplmmena
2698 5616 2966 5678 Hippolyto
3011 5610 3167 5666 tribui
3192 5655 3204 5668 .
3240 5629 3335 5664 non
3368 5629 3629 5678 possumus
3650 5616 3775 5675 quin

495 5683 852 5739 casti-“eamus.
891 5679 1098 5736 Ombus.
1130 5685 1187 5727 ut
1202 5679 1489 5726 doctissimo
1515 5679 1779 5739 professori
1809 5676 2219 5739 Wirceburgensi
2246 5676 2655 5730 contradicamus.
2679 5676 2983 5738 argumentis
3013 5679 3245 5737 nitamur,
3273 5676 3382 5727 non
3408 5686 3487 5727 est
3526 5679 3604 5725 hic
3634 5680 3774 5725 locus

495 5738 777 5803 declarare.
799 5738 955 5803 Aderit
978 5741 1135 5787 lector
1158 5741 1339 5787 thesim
1357 5754 1501 5803 quam
1518 5738 1525 5739 7
1542 5753 1705 5803 nuper
1725 5743 1776 5803 in
1811 5740 1989 5803 Schola
2016 5738 2291 5801 theologica
2325 5741 2593 5803 lfarisiensi
2620 5742 2826 5803 egregie
2871 5742 3139 5802 disputavit
3164 5741 3382 5792 Domnus
3405 5740 3552 5792 abbas
3571 5739 3768 5801 (iniice,

493 5813 603 5859 qua:
627 5802 809 5863 spuriis
831 5802 1146 5865 Origenianis
1174 5804 1222 5851 in
1250 5798 1416 5852 nostra
1442 5798 1674 5865 Origenis
1699 5798 1924 5852 editione
1948 5798 2285 5865 praemittitur.
2326 5802 2464 5853 EDIT.
2490 5802 2641 5851 Pan.
