4134 6430
354 357 455 411 609
1100 361 1191 417 DE
1222 362 1690 421 INTEGRITATE
1724 365 2005 425 TEXTUS
2044 366 2338 424 RECEPTI
2378 370 2529 426 EPP.
2573 368 2632 426 S.
2681 369 2962 427 lGNATﬂ.
3530 374 3635 428 6ιο

354 473 499 534 titas
535 475 1032 575 (22),-vocabu1a
1080 484 1331 560 prolixe
1364 488 1718 569 composita
1755 485 1904 571 (23),
1955 490 2258 569 periodos
2302 492 2669 575 complexes
2719 501 2783 556 et
2817 492 3299 557 anacolut'hicas
3342 494 3635 565 Pauliuis

351 574 602 636 similes
643 573 794 656 (2h).

433 676 614 739 Hanc
635 678 788 757 styli
829 679 1330 759 discrepantiam
1368 685 1788 762 Curetonius,
1843 689 2202 768 praesertim
2251 691 2423 754 inter
2467 692 2660 755 ﬁnem
2701 695 2991 773 epistolae
3044 695 3121 757 ad
3167 697 3633 776 Polycarpum,

355 775 568 855 qualis
593 779 767 857 apud
800 795 919 840 nos
948 779 1246 857 habetur,
1280 791 1343 845 et
1373 786 1657 863 priorem
1695 786 1981 867 ejusdem
2017 789 2308 868 epistolaa
2339 799 2607 871 partem,
2636 810 2829 872 quam
2872 801 2933 858 et
2968 796 3167 873 Syrus
3201 775 3492 867 retinuit,
3532 796 3637 857 in'—

353 881 678 943 tercedere
729 881 975 960 objicit.
1023 886 1263 947 Verum
1312 890 1843 967 respondendum
1898 896 1995 953 est
2055 892 2344 954 eamdem
2413 893 2880 956 dissonantiam
2941 896 3112 957 inter
3164 896 3500 977 epistolam
3557 899 3637 959 ad

352 981 775 1071 Polycarpum
830 982 1157 1062 Syriacam
1189 987 1481 1068 aliasque
1525 990 1832 1070 epistolas
1866 1010 1902 1055 a
1941 994 2103 1072 Syro
2150 1002 2434 1058 retentas
2496 1015 2629 1060 non
2683 996 2902 1059 minus
2953 999 3292 1063 interesse.
3340 1003 3635 1081 lgnatius

352 1086 527 1182 enim
587 1089 663 1149 ad
730 1088 1041 1169 collegam
1100 1091 1392 1155 scribens
1437 1094 1759 1174 Epistolas
1806 1097 1991 1159 Pauli
2046 1099 2124 1161 ad
2178 1098 2594 1163 Timotheum
2667 1101 3021 1181 Titumque
3070 1103 3398 1177 imitatur,
3468 1105 3638 1165 sicut

351 1190 744 1269 czeteroquin
797 1193 957 1254 alias
1004 1192 1182 1254 Pauli
1230 1195 1549 1272 Epistolas
1607 1194 1677 1258 in
1736 1197 1994 1260 dicendi
2045 1217 2282 1277 genere
2326 1201 2648 1281 sequitur.
2702 1205 2982 1282 Uterque
3037 1221 3210 1279 vero,
3273 1207 3511 1267 Paulus
3576 1212 3641 1267 et

349 1288 665 1369 lgnatius,
704 1309 814 1370 pro
848 1310 1267 1372 personarum
1306 1296 1552 1359 ratione
1606 1298 1865 1361 diverso
1913 1300 2080 1379 style
2111 1300 2339 1365 utitur.
2372 1304 2468 1365 Ad
2493 1303 2945 1383 coepiscopum
2973 1320 3206 1383 nempe
3252 1306 3639 1386 sociumque

349 1391 737 1453 scribentem
769 1388 1052 1473 simplici
1082 1403 1143 1456 et
1186 1394 1491 1460 familiari
1522 1398 1778 1461 dicendi
1810 1417 2047 1479 genere
2080 1403 2177 1464 uti
2208 1411 2499 1482 oportet,
2545 1423 2672 1467 non
2705 1420 2857 1465 vero
2907 1404 3183 1467 solemni
3230 1405 3343 1467 illo
3383 1415 3444 1467 et
3489 1424 3642 1469 con-

348 1493 732 1569 cionatorio,
765 1500 939 1577 quod
976 1501 1165 1581 sequi
1206 1502 1389 1564 decet
1448 1501 1634 1563 illum
1683 1500 1798 1581 qui
1834 1504 2094 1581 publice
2140 1505 2457 1568 Ecclesias
2503 1507 2689 1570 docet
2736 1515 2798 1569 et
2848 1507 3160 1569 hortatur.
3195 1508 3383 1581 Quod
3425 1516 3487 1571 et
3536 1510 3643 1571 hic

346 1606 561 1662 actum
599 1608 721 1672 est,
753 1619 898 1664 cum
924 1603 993 1665 in
1024 1604 1149 1666 fine
1179 1604 1470 1684 epistolae
1500 1604 1574 1665 ad
1608 1604 2030 1683 Polycarpum
2066 1624 2434 1670 sermonem
2466 1608 2543 1670 ad
2574 1610 3002 1688 Smyrnenses
3035 1608 3378 1671 convertit.

425 1703 652 1783 Neque
686 1704 751 1765 id
793 1708 1309 1784 praetereundum
1343 1715 1463 1782 est,
1501 1716 1956 1785 argumentum
1992 1727 2069 1771 ex
2100 1710 2270 1789 stylo
2301 1710 2713 1790 desumptum
2752 1710 2973 1789 aliquo
3022 1727 3281 1788 semper
3311 1727 3454 1773 cum
3498 1726 3639 1770 mo-

344 1804 683 1867 deramine
729 1806 1169 1868 adhibendum
1213 1824 1392 1879 esse,
1434 1824 1579 1868 cum
1628 1822 1819 1868 nemo
1866 1807 1950 1869 sit
1996 1809 2108 1887 qui
2139 1808 2366 1870 eodem
2408 1816 2776 1871 constanter
2818 1808 3074 1871 dicendi
3120 1829 3358 1890 genere
3405 1827 3640 1872 sensus

342 1924 501 1987 suos
555 1908 799 1982 reddat,
844 1926 1057 1989 neque
1090 1927 1206 1989 pro
1252 1910 1666 1971 materiarum
1702 1909 1947 1972 ratione
1977 1919 2038 1973 et
2071 1910 2243 1972 varia
2274 1910 2477 1972 animi
2508 1910 2973 1990 diSpositione,
3083 1909 3328 1972 varium
3446 1915 3634 1972 etiam

342 2006 675 2070 scribendi
726 2010 991 2072 modum
1042 2018 1337 2089 usurpet.
1386 2011 1584 2072 Caute
1634 2009 1750 2071 bac
1799 2011 1865 2071 in
1923 2028 1989 2072 re
2056 2011 2463 2091 dijudicanda
2516 2013 3000 2091 procedendum
3058 2031 3192 2083 υδι,
3249 2012 3317 2074 in
3372 2032 3500 2093 qua
3556 2018 3637 2079 de

340 2111 701 2174 subtilibus
750 2113 1102 2176 admodum
1151 2112 1540 2175 differentiis
1583 2114 1797 2192 agitur
1841 2122 1904 2175 et
1939 2114 2009 2176 in
2053 2131 2181 2194 qua
2230 2115 2503 2194 proinde
2543 2114 2939 2195 praajudiciis
2986 2114 3339 2177 latissimus
3369 2134 3635 2199 campus

342 2218 543 2292 patet.

1933 2316 2043 2377 VI.

1233 2448 1553 2510 Memento
1587 2445 1911 2522 desumpta
1948 2463 2026 2505 ex
2063 2428 2516 2506 sententiarum
2547 2462 2744 2508 nexu.

418 2568 683 2633 Nemini
713 2571 965 2634 cordato
998 2569 1236 2632 mirum
1270 2567 1619 2641 videbitur,
1656 2566 1869 2627 virum
1918 2566 2483 2643 persecutionibus
2534 2582 2864 2645 pressum,
2913 2565 3346 2627 Ecclesiarum
3394 2566 3639 2629 sollici-

338 2671 571 2736 tudine
598 2673 926 2752 jactatum,
957 2689 991 2734 a
1022 2671 1432 2745 satellitibus,
1458 2670 1743 2732 ferarum
1783 2684 1957 2730 more
2002 2669 2462 2743 saavientibus,
2498 2678 2822 2742 vexatum,
2872 2669 3041 2730 inter
3088 2669 3345 2731 itineris
3395 2671 3641 2750 longis-

336 2769 498 2834 simi
528 2770 956 2849 diuturnique
1014 2778 1181 2831 terra
1239 2768 1535 2848 marique
1576 2769 1815 2847 peracti
1873 2770 2125 2841 turbas,
2194 2768 2412 2830 animo
2444 2769 2908 2831 diversissimis
2950 2770 3253 2831 sensibus
3287 2771 3437 2832 hinc
3477 2772 3629 2834 inde

335 2876 646 2939 distracto
688 2877 1103 2950 scribentem,
1144 2891 1270 2936 non
1317 2890 1465 2936 eum
1500 2873 1968 2936 sententiarum
2015 2887 2255 2933 nexum
2294 2889 2508 2951 neque
2556 2883 2846 2951 pacatum
2888 2872 3077 2935 illum
3135 2873 3637 2955 ordinatumque

334 2993 709 3038 sermonem
744 2977 1120 3054 producere,
1160 2992 1291 3055 quo
1324 2974 1434 3035 ille
1481 2973 1575 3035 uti
1615 2972 1783 3034 valet
1824 2972 1939 3053 qui
1982 2972 2157 3033 domi
2196 2972 2461 3052 quietus
2491 2990 2725 3034 sensus
2770 2990 2924 3034 suos
2969 2973 3279 3052 disponit.
3332 2974 3469 3038 lmo
3526 2980 3634 3042 tali

334 3068 403 3138 in
439 3094 593 3139 casu
628 3084 949 3155 excerpta,
986 3094 1133 3156 qum
1158 3058 1802 3154 praecipuas‘tantum
1851 3073 2204 3134 sententias
2236 3073 2559 3147 delibant,
2596 3073 2929 3135 meliorem
2969 3091 3209 3135 nexum
3245 3084 3304 3138 et
3349 3074 3632 3155 logicum

334 3180 546 3259 magis
606 3180 902 3242 ordinem
958 3180 1265 3243 exhibere
1315 3186 1592 3257 oportet,
1651 3195 1842 3257 quam
1902 3178 2399 3258 autographum.
2457 3179 2559 3239 Nil
2608 3179 2879 3258 proinde
2920 3185 3016 3239 est
3069 3180 3240 3257 quod
3294 3181 3634 3244 insolitum

331 3291 533 3362 atque
572 3281 992 3362 peregrinum
1041 3280 1229 3343 nobis
1282 3276 1486 3341 videri
1529 3285 1842 3359 oporteat,
1882 3278 1937 3339 si
1970 3279 2032 3339 S.
2068 3276 2302 3358 lgnalii
2333 3276 2623 3355 epistolas
2676 3278 2831 3339 tales
2874 3277 3061 3338 nobis
3094 3288 3461 3353 occurrant,
3496 3279 3630 3341 imo

332 3382 844 3445 circumstantiis
896 3389 1405 3444 consentaneum
1466 3381 1757 3461 adeoque
1814 3381 2015 3442 fidum
2079 3379 2283 3459 magis
2345 3387 2538 3459 atque
2590 3395 2739 3441 vero
2793 3378 3079 3441 similius
3131 3398 3272 3442 esse
3337 3382 3623 3445 videtur.

337 3481 562 3546 Nihilo
620 3490 838 3544 tamen
891 3483 1106 3545 secius
1155 3500 1283 3544 non
1339 3490 1435 3546 est
1478 3501 1595 3546 cur
1656 3484 1733 3545 ad
1782 3483 1918 3546 hate
1963 3499 2412 3559 recurramus,
2444 3500 2588 3543 cum
2635 3480 2988 3543 adversarii
3045 3482 3232 3543 nobis
3282 3483 3628 3561 objiciunt,

332 3591 633 3646 nostrum
679 3591 926 3645 textum
981 3582 1049 3643 in
1097 3584 1565 3645 sententiarum
1605 3582 1773 3646 serie
1817 3591 1939 3645 tam
1986 3584 2333 3662 abruptum
2389 3600 2562 3657 esse,
2610 3581 2934 3661 siquidem
2968 3590 3040 3669 et
3092 3585 3233 3661 ipse
3268 3591 3481 3645 textus
3514 3587 3634 3665 Sy-

333 3689 573 3763 riacus,
618 3686 857 3748 fatente
916 3686 1272 3759 Bunsenio,
1327 3688 1674 3749 obscurum
1718 3696 1912 3767 atque
1963 3689 2308 3766 abruptum
2362 3702 2491 3748 non
2538 3684 2755 3746 minus
2807 3702 2877 3747 se
2924 3687 3226 3765 praebeat.
3286 3689 3376 3750 Ne
3426 3688 3633 3767 igitur

331 3791 674 3851 videamur
708 3805 924 3867 pugna
956 3790 1218 3861 cedere,
1252 3789 1330 3849 ad
1372 3788 1545 3867 quod
1578 3804 1731 3850 sane
1764 3788 1943 3850 nulla
1976 3804 2095 3848 nos
2130 3788 2452 3850 rationu
2490 3785 2849 3863 indigentia
2893 3788 3220 3868 adigimur
3244 3833 3261 3862 ,
3301 3789 3436 3851 loca
3474 3808 3630 3869 per-

331 3910 674 3956 curramus
705 3892 1008 3965 breviter,
1042 3892 1109 3953 in
1138 3892 1379 3971 quibus
1419 3898 1629 3953 textus
1661 3906 1698 3953 a
1736 3909 1806 3954 se
1834 3891 2112 3954 invicem
2142 3893 2531 3971 discrepant.
3494 3896 3495 3899 ‘

408 3994 700 4075 Epistula
740 3995 818 4055 ad
858 3993 1278 4072 Polycarpum
1335 4009 1405 4054 ea
1457 4001 1574 4066 est,
1619 3992 1687 4054 in
1733 4010 1859 4072 qua
1910 3996 2113 4074 Syrus
2164 3994 2547 4072 paucissima
2593 3992 2854 4056 excidit.
2896 3993 2969 4054 In
3007 3994 3132 4054 ﬁne
3192 3992 3628 4056 nihilominus

331 4094 654 4158 nonnulla
692 4095 995 4167 abstulit,
1038 4111 1184 4173 qua:
1229 4093 1435 4157 recisa
1486 4101 1920 4157 truncatorem
1964 4097 2267 4176 produnt.
2315 4096 2482 4169 Quid
2540 4097 2714 4156 enim
2768 4095 3115 4173 abruptum
3165 4093 3369 4173 magis
3428 4112 3627 4175 quam

330 4197 457 4261 tria
492 4197 603 4258 illa
635 4205 950 4258 commata
981 4197 1225 4276 quibus
1255 4194 1592 4275 epistolam
1626 4194 1952 4258 concludit
1986 4220 2001 4258 :
2037 4197 2174 4275 Ego
2208 4194 2511 4274 gaudeam
2558 4194 2625 4254 in
2661 4193 2840 4254 vobis
2886 4192 3057 4253 omni
3098 4203 3397 4271 tempore.
3432 4195 3623 4258 Chri-

329 4299 542 4360 stiano
569 4315 700 4357 non
742 4307 830 4357 est
859 4305 1143 4375 potestas
1166 4313 1359 4373 super
1392 4295 1623 4372 seipse,
1646 4295 1752 4356 sed
1798 4297 1923 4356 Deo
1944 4305 2244 4374 paratus,
2274 4304 2341 4354 ut
2375 4293 2781 4373 subjiciatur.
2825 4292 3000 4370 Rogo
3022 4310 3245 4370 pacem
3270 4292 3481 4369 illius,
3516 4296 3628 4375 qui

330 4402 763 4481 digniﬁcatus,
808 4410 881 4462 ut
934 4410 1029 4462 eat
1073 4399 1157 4460 ad
1194 4399 1595 4460 Antiochiam
1628 4415 1753 4475 pro
1787 4417 1912 4467 me,
1952 4400 2119 4459 sicut
2157 4396 2428 4474 praecepi
2474 4394 2637 4455 tibi?
2681 4393 3003 4466 Quidnam
3053 4394 3160 4455 hic
3208 4394 3337 4458 sibi
3398 4400 3626 4461 volunt

328 4505 528 4567 verba
560 4503 671 4565 illa
705 4525 718 4563 :
751 4510 1068 4568 Χριστιανὸς
1101 4508 1293 4561 ἑαυτοῦ
1322 4507 1568 4572 ἐξουσίαν
1602 4505 1696 4559 οὐκ
1730 4502 1870 4578 ἔχει,
1923 4505 1960 4559 ἄ

1992 4506 2050 4560 tot
2088 4513 2206 4576 Θεῲ
2240 4498 2551 4576 σχολάζειῖ
2585 4495 2689 4554 Ait
2724 4497 2987 4556 Bunsen
3024 4495 3101 4557 ad
3133 4496 3456 4575 Ignatium
3492 4499 3624 4562 haac

327 4602 670 4666 referenda
691 4602 962 4683 ejusque
986 4602 1062 4663 ad
1098 4602 1468 4682 patiendum
1510 4601 1989 4680 paratissimum
2019 4599 2309 4661 animum
2356 4598 2746 4678 exprimere.
2777 4595 2939 4669 Quis
2972 4614 3125 4659 vero
3166 4597 3286 4660 hoc
3333 4607 3625 4679 σχολάζειν

327 4706 520 4781 dicet,
556 4707 731 4786 quod
757 4723 983 4766 vacare
1014 4710 1219 4776 sonat,
1267 4703 1619 4781 pratsertim
1662 4719 1805 4765 cum
1839 4702 1991 4764 hinc
2019 4700 2173 4763 inde
2206 4718 2239 4763 a
2273 4699 2617 4773 militibus,
2653 4716 2817 4779 quos
2861 4699 3184 4776 leopardis
3225 4704 3616 4783 aequiparat,

319 4806 598 4885 jactatus
642 4809 719 4869 ad
757 4806 993 4870 bestias
1041 4804 1429 4867 deducitur?
1460 4805 1597 4866 Hoc
1625 4804 1825 4865 sensit
1868 4809 1931 4864 et
1969 4803 2108 4881 ipse
2159 4801 2803 4880 Syrus,proindeque
2868 4801 3060 4862 verba
3112 4800 3222 4863 illa
3275 4806 3507 4885 adjecit
3539 4808 3619 4871 de

326 4924 475 4983 suo,
510 4917 581 4970 ut
615 4910 1023 4991 subjiciatur,
1057 4912 1299 4977 σχολάζει
1340 4924 1453 4986 per
1486 4922 1700 4967 vocem
1732 4914 2000 4983 paratus
2044 4904 2341 4966 reddens.
2373 4904 2456 4963 At
2494 4919 2686 4965 nemo
2729 4920 2856 4965 non
2898 4904 3071 4966 videt
3102 4904 3340 4966 melius
3376 4906 3509 4971 haec
3549 4910 3619 4973 in

328 5022 554 5077 nostro
610 5020 788 5076 textu
844 5010 1113 5084 haberi,
1176 5010 1243 5069 in
1290 5023 1423 5088 quo
1474 5007 1608 5070 haec
1663 5007 1742 5070 de
1819 5003 2201 5069 Christianis
2267 5003 2588 5066 sententia
2660 5004 3169 5082 Smyrnensibus
3232 5008 3612 5085 applicatur,

330 5122 572 5202 quibus
614 5116 905 5198 lgnatius
938 5114 1368 5183 mandaverat,
1404 5117 1474 5171 ut
1523 5108 1826 5171 nuntium
1885 5105 2231 5185 quemdam
2281 5103 2690 5166 Antiochiam
2751 5103 3105 5199 mitterent,
3156 5105 3271 5185 qui
3314 5108 3617 5175 Ecclesun

328 5225 428 5286 illi
467 5225 546 5287 de
583 5221 790 5299 SOpita
826 5215 1275 5298 persecutione
1309 5212 1885 5290 congratularetur.
1919 5210 2057 5268 Hoc
2085 5224 2250 5286 Opus
2296 5204 2621 5266 charitatis
2649 5206 2723 5265 ad
2759 5205 2872 5266 Dei
2907 5206 3177 5286 gloriam
3213 5207 3349 5268 fore
3390 5212 3500 5285 ait,
3534 5215 3613 5276 ad

326 5329 490 5391 hanc
521 5342 673 5402 vero
710 5318 1211 5403 promovendam
1245 5315 1479 5395 quovis
1522 5313 1711 5374 modo
1757 5310 2151 5372 tendendum
2187 5304 2595 5381 Christianis,
2643 5307 2819 5386 quod
2857 5324 2988 5369 non
3018 5308 3145 5370 sibi
3194 5308 3453 5386 vivant,
3497 5316 3612 5377 sed

325 5429 447 5493 sibi
482 5428 762 5509 quodam
789 5424 980 5487 modo
1006 5428 1320 5495 vacantes,
1363 5434 1480 5499 pro
1506 5419 1639 5479 Deo
1666 5413 1884 5478 omnia
1910 5420 2289 5493 Operentur.

395 5624 506 5693 (22)
541 5627 699 5682 item.
748 5640 766 5679 ι
810 5602 864 5680 in
914 5639 1009 5680 sex
1058 5622 1220 5678 lineis
1265 5630 1461 5690 quater
1496 5619 1604 5692 γάρ
1638 5618 1906 5693 occurrit;
2040 5687 2051 5693 _
2086 5615 2201 5685 (25)
2226 5613 2310 5669 Cf.
2339 5613 2584 5693 Peargon
2622 5612 2782 5693 Vind“.
2820 5611 2990 5693 ign,
3019 5630 3255 5693 p._t,_c.
3311 5614 3398 5669 M.
3442 5614 3605 5693 Item.

326 5684 500 5768 Syrus,
522 5696 684 5750 Rom.
715 5698 768 5751 4.
804 5697 874 5768 5η
906 5697 960 5749 in
1014 5704 1221 5763 septem
1254 5684 1426 5768 lineis
1469 5684 1762 5768 quinquies
1784 5729 1801 5755 ,
1854 5697 1910 5742 et

2012 5684 2121 5768 tit.,
2147 5697 2207 5768 et_
2226 5703 2288 5768 _u.
2332 5686 2356 5739 i
2390 5703 2403 5739 :
2436 5684 2707 5768 ᾲξιόῢεοςς
2742 5684 2927 5758 Polyc.
2960 5687 2994 5741 3
3025 5705 3041 5742 :
3069 5685 3418 5754 ἁξιόπιστοςς
3464 5684 3604 5758 Eph.

324 5756 505 5836 l’eiyc.
536 5769 571 5823 5
600 5768 656 5821 in
689 5777 815 5823 octo
842 5766 1000 5821 lineis
1029 5756 1219 5836 quater
1248 5763 1306 5819 δέ
1332 5756 1537 5834 posuit,
1578 5756 1639 5818 ui
1678 5761 1783 5816 alia
1820 5768 1905 5815 ta-

324 5851 556 5895 νεηνίης.

1033 5756 1219 5836 quater
1248 5763 1306 5819 δέ
1332 5756 1537 5834 posuit,
1578 5756 1639 5818 ui
1678 5761 1783 5816 alia
1820 5768 1905 5815 ta-
2012 5756 2665 5899 ῐίιὶἑίῗεὲἓῗῗικίόὶριστος.
