4134 6388
497 382 596 436 sn
1304 370 1307 373 ’
1535 387 1593 441 s.
1633 385 1979 443 IGNATIUS.
2021 412 2089 426 -ι
2148 384 2689 443 rnouzcounm.
3676 398 3781 454 διε

576 498 928 590 Ερίδιοίιω
966 510 1041 572 ad
1076 508 1397 588 Ephesios
1433 508 1916 589 quammaxime
1954 507 2316 588 amputavit
2349 510 2575 587 Syrus,
2608 508 2780 589 quod
2814 509 2889 571 ad
2920 527 3111 573 suum
3148 513 3341 574 tinem
3379 515 3679 591 pauciora
3711 533 3781 577 ιιι

490 630 562 674 ea
610 614 943 692 reperiret.
978 614 1120 684 Quo
1152 611 1389 671 factum
1448 618 1565 682 est,
1620 617 1691 671 ut
1738 617 1800 670 et
1844 607 2124 687 plurima
2169 609 2331 682 sint,
2383 626 2527 687 quas
2575 627 2748 671 nexu
2800 611 3069 673 omnino
3114 623 3391 675 careant.
3439 616 3777 693 Ejusmodi

492 727 651 776 sum
686 717 876 777 verba
914 714 1020 775 illa
1050 714 1173 793 (25)
1209 736 1223 774 :
1266 714 1373 775 sed
1396 724 1664 791 propter
1702 712 1870 792 quod
1902 712 2177 772 Charitas
2220 730 2349 771 non
2377 713 2526 773 sirit
2562 731 2675 785 me,
2729 722 2796 772 ut
2828 712 3073 774 silerem
3105 735 3143 775 a
3169 716 3368 790 vobis,
3404 736 3551 779 cum
3589 729 3778 783 antea

492 818 675 879 nulla
716 819 874 879 ratio
904 818 1066 879 dicta
1104 816 1331 889 fuerit,
1376 835 1490 878 cur
1541 816 1732 878 silere
1778 816 2065 877 deberet.
2106 817 2272 876 Laus
2304 815 2567 895 quidem
2598 860 2615 889 ,
2667 833 2858 895 quam
2916 825 3103 880 antea
3151 818 3450 897 Ephesiis
3497 840 3575 882 ex
3616 824 3779 899 Syro

495 919 785 998 lgnatius
835 920 1147 1000 impertit,
1182 918 1422 999 Opponi
1461 928 1673 998 posset
1705 918 2004 994 monitis,
2038 935 2183 996 quas
2229 926 2449 997 postea
2505 927 2896 998 sequuntur,
2934 920 3049 981 sed
3100 921 3179 983 de
3230 922 3349 985 hoc
3406 928 3596 987 modo
3643 946 3776 991 non

494 1023 728 1100 agitur,
765 1024 874 1084 sed
904 1027 981 1086 de
1022 1042 1096 1085 eo
1130 1024 1301 1102 quod
1348 1021 1601 1083 silentio
1636 1022 1872 1101 opponi
1906 1023 2190 1084 deberet.
2241 1020 2531 1100 Idipsum
2570 1030 2785 1084 autem
2818 1023 2886 1084 in
2936 1030 3115 1085 textu
3167 1036 3426 1104 recepto
3466 1031 3771 1108 praeclare

495 1122 788 1201 habetur,
823 1126 891 1185 in
917 1142 1046 1204 quo
1076 1123 1361 1203 lgnatius
1392 1123 1643 1185 dixerat
1675 1140 1742 1183 se
1793 1123 1982 1183 modo
2032 1122 2319 1200 incipere
2350 1122 2417 1182 in
2448 1122 2665 1184 schola
2695 1122 2928 1185 Christi
2966 1170 2983 1197 ,
3030 1132 3222 1205 atque
3254 1145 3446 1206 egere
3479 1138 3547 1191 ut
3579 1132 3657 1193 ab
3688 1133 3774 1196 iis

491 1225 566 1287 ad
602 1225 783 1287 fidem
817 1234 877 1286 et
902 1225 1276 1304 patientiam
1310 1223 1647 1285 excitetur.
1681 1224 1967 1292 Bunsen,
2011 1229 2079 1284 ut
2113 1221 2276 1283 hanc
2308 1220 2743 1285 diﬂicultatem
2784 1224 3110 1301 evaderet,
3146 1242 3368 1289 vocem
3407 1236 3538 1291 ἀλλά
3583 1233 3778 1296 vertit

492 1325 559 1386 in
594 1327 754 1394 ideo,
788 1326 960 1404 quod
995 1342 1123 1387 non
1160 1332 1256 1386 est
1282 1324 1622 1403 effugium,
1655 1322 1767 1382 sed
1807 1320 2153 1382 confessio.

569 1429 717 1489 Post
770 1428 903 1489 huic
949 1430 1149 1505 Syrus
1208 1424 1641 1505 paragraphos
1699 1420 1832 1483 fere
1905 1421 2197 1501 quinque
2262 1418 2654 1494 transilivit;
2703 1437 2953 1483 comma
3012 1424 3378 1502 proximum
3436 1448 3591 1493 vero
3642 1433 3768 1513 (26)

490 1533 841 1594 variantem
876 1532 1214 1593 lectionem
1248 1530 1553 1602 continet,
1587 1545 1785 1608 quam
1821 1527 2101 1589 Cureton
2134 1526 2260 1605 (27)
2301 1524 2601 1586 consulto
2644 1526 2722 1587 ab
2769 1525 3234 1605 interpolatore
3289 1529 3620 1594 inductam
3655 1536 3767 1609 ait,

488 1639 561 1691 ut
619 1649 855 1701 nexum
906 1633 1249 1710 quemdam
1296 1632 1463 1693 inter
1518 1630 1728 1691 addita
1772 1635 1835 1690 et
1880 1626 2216 1706 sequentia
2268 1626 2660 1688 restitueret.
2718 1627 3040 1691 Nimirum
3099 1631 3209 1693 ubi
3257 1634 3457 1711 Syrus
3510 1643 3771 1718 ἐπιθυμία

488 1730 666 1812 legit,
701 1743 919 1797 noster
945 1752 1163 1795 vocem
1198 1738 1305 1814 ἔρις
1334 1734 1545 1794 habet.
1580 1732 1699 1793 Sed
1736 1748 1881 1791 cum
1923 1736 1985 1791 et
2028 1728 2139 1789 ille
2178 1728 2439 1788 Griecus
2481 1728 2765 1801 uberior,
2813 1747 3007 1809 quem
3048 1748 3299 1807 omnes,
3335 1741 3397 1796 et
3433 1752 3590 1811 nos,
3649 1755 3769 1817 pro

485 1834 871 1913 interpolato
928 1834 1259 1906 habemus,
1312 1839 1563 1912 ἐπιθυμία
1612 1830 1801 1908 legat,
1853 1836 1914 1890 et
1956 1829 2095 1908 ipse
2136 1826 2558 1906 interpolator
2604 1835 2849 1890 textum
2888 1839 3216 1911 receptum
3249 1834 3390 1897 suis
3442 1836 3769 1916 figmentis

487 1933 924 2014 supposuerit,
988 1940 1157 2012 patet
1205 1932 1540 1993 lectionem
1593 1930 1853 1991 alteram
1906 1945 2036 1989 non
2086 1928 2382 1988 consulto
2430 1926 2497 1988 in
2551 1933 2792 1989 textura
2842 1931 3224 2008 repositam,
3257 1935 3370 1997 sed
3408 1955 3561 2001 casu
3598 1941 3765 2004 irre-

485 2036 721 2115 psisse,
759 2044 821 2097 et
854 2036 1115 2097 nonnisi
1148 2034 1464 2115 ejusmodi
1500 2033 1850 2095 variantem
1884 2048 2024 2093 esse
2052 2076 2069 2104 ,
2113 2030 2339 2112 quales
2392 2030 2461 2092 in
2509 2032 2816 2095 omnibus
2858 2034 3147 2098 textibus
3202 2042 3477 2119 reperiri
3527 2045 3763 2111 solent.

563 2141 638 2202 In
668 2140 1097 2220 sequentibus
1128 2139 1249 2219 (28)
1288 2138 1579 2217 lgnatius
1623 2136 1938 2215 Ephesios
1988 2134 2309 2207 hortatur,
2341 2144 2413 2196 ut
2453 2142 2639 2198 orent
2680 2154 2799 2216 pro
2842 2137 2992 2201 aliis
3026 2139 3429 2221 hominibus,
3476 2151 3591 2229 qui
3634 2169 3765 2215 non

484 2254 639 2309 sunt
669 2255 741 2309 ut
770 2247 896 2327 ipsi
930 2247 1046 2308 Dei
1082 2246 1340 2324 templa.
1378 2244 1495 2306 Hic
1526 2246 1749 2323 Syrus,
1780 2242 1896 2323 qui
1925 2239 2370 2303 antecedentia
2401 2240 2735 2318 omiserat,
2769 2259 2993 2306 vocem
3022 2245 3197 2308 illam
3254 2251 3423 2310 ἄλλων
3453 2253 3524 2315 in
3554 2267 3777 2321 πάντων

484 2350 896 2427 permutavit,
940 2368 1019 2411 ne
1054 2357 1174 2411 tam
1214 2351 1484 2428 abrupta
1539 2356 1709 2411 esset
1758 2346 1989 2421 oratio,
2047 2363 2193 2409 cum
2250 2353 2437 2408 antea
2479 2349 2785 2409 abessent
2833 2348 2956 2423 illi,
3011 2352 3253 2431 quibus
3301 2354 3422 2419 alii
3478 2374 3768 2439 Oppone-

484 2462 732 2514 rentur.
770 2451 1014 2513 Exinde
1044 2458 1261 2513 autem
1296 2451 1510 2511 minus
1544 2450 1955 2511 commodum
1990 2448 2297 2527 quiddam
2334 2448 2646 2524 emersit;
2676 2466 2823 2511 nam
2856 2467 3012 2514 sane
3042 2470 3171 2517 non
3201 2473 3427 2520 omnes
3463 2460 3764 2526 homines

483 2558 639 2613 sunt
667 2551 1009 2630 ejusmodi.
1047 2559 1115 2612 ut
1150 2550 1575 2612 conversione
1604 2549 1683 2611 ad
1722 2547 2150 2611 Christianam
2185 2546 2571 2627 religionem
2602 2560 2858 2629 egeant,
2902 2551 3226 2633 siquidem
3262 2557 3585 2636 ejusmodi
3630 2563 3762 2646 ipsi

483 2652 833 2715 Christiani
875 2670 1004 2714 non
1038 2660 1213 2713 sunt.

564 2754 790 2815 Simile
820 2753 1126 2832 quiddam
1163 2759 1303 2832 post
1325 2751 1553 2812 accidit
1582 2748 1731 2829 (29),
1764 2749 1873 2813 ubi
1914 2751 2114 2828 Syrus
2143 2749 2276 2812 duo
2317 2756 2631 2812 commata
2661 2754 3003 2832 conjunxit
3058 2778 3075 2817 :
3130 2757 3363 2820 Melius
3398 2774 3484 2825 est
3515 2765 3655 2841 hoc,
3686 2779 3758 2829 ut

482 2858 565 2918 sit
596 2856 787 2917 silens
818 2858 1020 2929 homo,
1058 2876 1195 2917 cum
1230 2866 1317 2916 est
1344 2855 1609 2934 aliquid,
1644 2874 1827 2933 quam
1858 2866 1925 2915 ut
1958 2856 2040 2913 sit
2069 2854 2351 2934 loquens,
2391 2873 2529 2914 cum
2573 2873 2701 2914 non
2736 2866 2846 2930 est,
2905 2869 2976 2919 ut
3018 2859 3086 2919 in
3124 2879 3313 2923 manu
3338 2862 3597 2927 illorum
3627 2888 3763 2948 qua:

483 2962 773 3044 loquitur
804 2972 1120 3041 operetur,
1173 2970 1225 3021 et
1276 2978 1392 3039 per
1448 2958 1563 3019 illa
1602 2975 1735 3038 quis
1769 2957 1935 3031 silet,
1978 2969 2419 3035 cognoscatur.
2456 2959 2605 3049 Hmc
2635 2960 2703 3020 in
2740 2966 2914 3023 textu
2950 2963 3175 3043 utique
3205 2966 3467 3044 Syriaco
3515 2972 3758 3051 Optime

482 3066 862 3148 procedunt,
911 3065 1064 3145 quia
1113 3066 1313 3144 Syrus
1366 3062 1609 3124 addidit
1638 3063 1843 3133 homo,
1885 3060 2003 3121 hoc
2049 3068 2145 3123 est
2170 3068 2275 3134 sic;
2305 3061 2440 3133 sed,
2484 3061 2536 3122 si
2588 3062 2804 3125 Graaca
2835 3063 2912 3124 ad
2944 3065 3188 3143 Syriaci
3226 3075 3438 3131 textus
3466 3088 3756 3137 normam

481 3184 853 3248 componas,
887 3166 1154 3230 habebis
1188 3166 1693 3247 propositionem
1738 3166 1805 3227 in
1837 3165 2161 3227 inﬁnitivo
2184 3169 2428 3245 absque
2465 3165 2791 3243 subjecto,
2824 3169 3496 3252 arctissimejunctam
3544 3177 3757 3252 alteri,

480 3289 628 3352 (Ῑυω
658 3271 1018 3352 subjectum
1054 3270 1359 3350 supponit
1394 3294 1408 3332 :
1443 3270 1555 3350 Ἀμ
1589 3274 1690 3330 ινόν
1718 3276 1861 3330 ὶττιν
1889 3282 2090 3349 (nam?)

2136 3278 2222 3329 καὶ
2251 3272 2382 3329 εἶναι
2423 3275 2453 3333 ἦ
2478 3274 2732 3330 λαλοῦντα
2762 3280 2833 3349 μὴ
2889 3274 3042 3344 εἶναι,
3072 3272 3136 3333 ἵν’
3161 3279 3193 3333 ἃ
3224 3280 3374 3337 λαλεῖ
3398 3283 3641 3359 «ptio-op,
3663 3291 3766 3343 καὶ

484 3374 552 3434 δι’
580 3376 651 3434 ὧν
683 3387 806 3456 σιγῇ
838 3381 1183 3453 γινώσκηται.
1220 3375 1311 3435 Ita
1342 3381 1405 3435 et
1441 3372 1578 3453 ipse
1634 3374 1893 3434 Bunsen
1931 3380 2173 3434 textum
2214 3373 2507 3433 Graacum
2541 3390 2575 3434 e
2610 3371 2869 3452 Syriaco
2903 3375 3209 3437 restituit.
3245 3377 3430 3450 Quod
3464 3391 3534 3442 ut
3564 3398 3754 3443 excu-

479 3484 692 3551 saret,
728 3476 939 3538 locum
973 3476 1246 3540 alterum
1280 3476 1512 3557 allegat
1547 3495 1621 3538 ex
1663 3475 1930 3556 epistola
1970 3476 2048 3537 ad
2100 3477 2422 3537 Romanos
2475 3475 2623 3555 (30),
2663 3474 2775 3537 ubi
2816 3477 3039 3538 eadem
3075 3479 3473 3543 constructio
3527 3482 3753 3545 minus

478 3579 794 3656 regularis
846 3578 1155 3643 habeatur
1190 3603 1204 3641 :
1258 3586 1426 3640 Καλὸν
1456 3587 1516 3640 τὸ
1562 3583 1715 3642 δῦναι
1750 3586 1852 3640 ἀπὸ
1884 3583 2094 3660 κόσμου

2148 3586 2282 3659 πρὸς
2329 3584 2487 3652 Θεὸν,
2537 3585 2621 3639 ἵνα
2667 3587 2744 3638 εἰς
2786 3585 2948 3639 αὐτὸν
2985 3586 3260 3641 ἀνατιίλύ.
3306 3583 3435 3646 Sed
3476 3601 3608 3647 non
3659 3594 3758 3649 est

477 3681 826 3761 utriusque
870 3682 994 3744 loci
1017 3684 1237 3745 eadem
1267 3683 1452 3757 ratio,
1486 3700 1630 3745 cum
1670 3684 1736 3744 in
1788 3683 1909 3745 hoc
1954 3690 2202 3744 certum
2243 3683 2327 3744 sit
2387 3681 2472 3743 ita
2520 3680 2858 3761 scripsisse
2889 3683 3214 3762 lgnatium
3246 3726 3263 3757 ,
3306 3684 3374 3744 in
3406 3684 3523 3747 illo
3568 3703 3754 3761 vero,

477 3782 557 3843 de
589 3798 720 3861 quo
753 3784 941 3846 modo
971 3784 1246 3863 agimus,
1278 3786 1359 3847 de
1386 3785 1629 3865 duplici
1680 3794 1860 3847 textu
1895 3783 2333 3847 controversia
2383 3782 2616 3862 vigeat,
2661 3783 2977 3863 adeoque,
3017 3801 3165 3846 cum
3207 3785 3591 3865 eligendum
3642 3786 3753 3860 sit,

472 3882 580 3960 jus
615 3885 802 3946 nobis
832 3894 1149 3967 competat
1184 3904 1263 3948 ex
1286 3888 1604 3967 ejusmodi
1638 3886 1918 3948 insuetis
1951 3886 2371 3947 construendi
2409 3884 2618 3947 modis
2640 3886 3163 3965 argumentandi.

566 3985 710 4046 Post
740 3985 873 4047 hinc
916 3988 1261 4065 extemplo,
1311 3990 1487 4050 nulla
1538 3988 1681 4049 data
1735 3989 2108 4061 occasione,
2151 3988 2330 4049 nulla
2381 3986 2508 4049 alia
2547 3986 2870 4049 sententia
2914 3986 3403 4062 introducente,
3455 3987 3754 4068 Syriacus

478 4087 691 4144 textus
718 4085 1038 4163 lgnatium
1091 4085 1348 4147 inducit
1388 4086 1846 4147 exclamantem
1891 4108 1908 4145 ε
1949 4084 2189 4145 Aderat
2220 4084 2490 4161 spiritus
2530 4101 2701 4143 meus
2747 4100 3011 4157 crucem,
3070 4105 3205 4165 qua
3255 4099 3343 4150 est
3389 4086 3758 4149 scandalum

480 4182 636 4260 illis,
682 4188 793 4267 qui
834 4206 963 4247 non
1010 4198 1157 4249 sunt
1195 4190 1513 4265 persuasi,
1556 4188 1738 4249 nobis
1781 4199 1988 4248 autem
2031 4188 2115 4249 ad
2159 4186 2569 4247 saluationem
2607 4196 2660 4247 et
2705 4188 2789 4248 ad
2826 4189 3065 4261 vitam,
3116 4208 3252 4269 qua:
3291 4190 3375 4251 ad
3429 4201 3751 4250 (sternam.

480 4292 661 4352 Tunc
684 4306 811 4351 non
843 4290 1112 4369 abrupto
1146 4288 1363 4349 minus
1391 4288 1727 4367 subjungit
1756 4310 1771 4349 :
1804 4287 2022 4349 Latuit
2042 4287 2118 4348 ab
2154 4287 2456 4348 archonte
2481 4284 2718 4361 swculi,
2759 4295 2906 4361 etc.,
2941 4306 3087 4367 quas
3108 4291 3328 4352 omnia
3358 4308 3553 4371 quam
3591 4294 3756 4356 bene

480 4391 548 4451 in
580 4398 757 4451 textu
788 4396 1045 4468 recepto
1076 4396 1438 4464 nectantur,
1476 4388 1713 4467 legenti
1760 4388 2023 4467 patebit.
2057 4389 2275 4468 Neque
2304 4387 2671 4449 Bunsenius
2720 4388 2932 4451 solitis
2977 4388 3223 4453 artibus
3254 4392 3394 4455 suis
3440 4391 3753 4472 effugium

480 4494 687 4555 ullum
722 4493 1006 4572 reperire
1037 4492 1271 4571 potuit.

560 4598 623 4660 Si
656 4597 805 4676 quis
846 4605 1062 4657 autem
1118 4592 1298 4655 locus
1326 4599 1512 4671 aptus
1543 4598 1662 4664 est,
1716 4598 1786 4653 ut
1834 4607 1913 4654 ex
1961 4607 2040 4652 eo
2078 4589 2436 4660 evincatur,
2468 4589 2801 4668 Syriacum
2858 4595 3099 4652 textum
3142 4593 3406 4655 nonnisi
3454 4604 3753 4676 excerpta

480 4700 769 4781 quaedam
800 4698 1068 4773 abrupta
1098 4692 1286 4763 nobis
1317 4694 1621 4771 praebere,
1655 4699 1747 4751 est
1797 4691 1877 4764 is,
1926 4691 2041 4769 qui
2083 4690 2455 4752 immediate
2501 4690 2821 4767 sequitur,
2853 4707 3047 4769 quem
3081 4694 3281 4771 Syrus
3311 4694 3394 4756 ita
3428 4697 3749 4761 reddidit:

482 4802 699 4861 Latuit
729 4798 803 4859 ab
840 4798 1138 4857 archonte
1176 4792 1388 4855 saeculi
1423 4796 1608 4874 hujus
1648 4794 1985 4871 virginitas
2028 4794 2253 4854 Mariae
2284 4802 2340 4854 et
2364 4800 2595 4870 partus
2627 4792 2882 4852 Domini
2922 4795 3133 4855 nostri
3163 4804 3218 4855 et
3276 4797 3406 4857 tria
3453 4802 3751 4877 mysteria

482 4902 796 4970 clamoris,
828 4917 961 4979 qua?
992 4899 1161 4978 [acta
1202 4906 1351 4956 sunt
1393 4898 1461 4957 in
1488 4895 1744 4957 lenitate
1785 4895 1902 4955 Dei
1928 4915 1967 4955 a
1994 4895 2199 4967 stella,
2238 4894 2361 4967 vel,
2407 4902 2481 4955 ut
2517 4894 2686 4955 alius
2720 4894 2921 4955 codex
2959 4893 3155 4973 legit:
3206 4890 3259 4956 et
3306 4915 3473 4957 mors
3520 4902 3651 4978 ejus
3694 4911 3749 4961 et

482 5004 613 5064 tria
659 5001 978 5080 mysteria,
1036 5007 1179 5067 etc.,
1214 4998 1336 5069 vel,
1375 5005 1441 5059 ut
1480 4998 1708 5058 tertius
1748 4996 1900 5075 legit
1936 5018 1951 5056 :
1984 5006 2037 5056 et
2078 5006 2311 5074 partus
2358 4994 2619 5054 Domini
2662 4995 2906 5062 nostri,
2947 4995 3078 5055 tria
3123 4998 3465 5074 mysteria,
3510 5000 3750 5061 omissa

485 5111 688 5165 morte
723 5109 783 5163 et
812 5099 1119 5181 particula
1157 5110 1211 5161 et
1244 5100 1390 5178 (31).
1425 5101 1561 5161 Jam
1598 5117 1773 5173 vero,
1811 5098 2134 5178 quidquid
2166 5098 2738 5177 legas,absurdum
2771 5097 3079 5177 quiddam
3124 5098 3431 5177 emergit,
3468 5098 3759 5181 licetque

556 5274 668 5340 (23)
698 5271 843 5327 N.'5.
2168 5284 2415 5331 nostrum
2462 5275 2644 5328 locum
2694 5274 2963 5335 imitatur.
2996 5273 3315 5327 Videbimus
3366 5272 3507 5327 infra
3556 5274 3611 5329 in
3669 5275 3762 5328 illo

554 5344 666 5411 (26)
691 5342 753 5415 Ν.
782 5344 836 5398 8.
901 5412 921 5415 _
1330 5414 1333 5415 ν
2168 5347 2376 5410 codice,
2395 5360 2555 5414 quem
2582 5344 3066 5415 Syrusexcerpsit,
3085 5345 3283 5415 nothus
3312 5344 3576 5413 epistolas
3608 5350 3762 5398 veris

555 5415 668 5486 (g7)
694 5414 854 5486 _C_orp.
890 5412 1034 5485 Ign.
1068 5430 1122 5486 p.
1156 5415 1283 5480 265,
1318 5414 1446 5470 281.
2158 5412 2435 5485 subjectus
2490 5412 2681 5469 fuisse.
2726 5414 2865 5469 llinc
2894 5412 3107 5469 videtur
3155 5414 3327 5486 Syrus
3349 5412 3567 5469 irevcra
3631 5430 3759 5470 cum

554 5484 665 5549 (28)
693 5483 758 5555 Ν.
793 5483 879 5538 10.
927 5483 939 5485 ’
1069 5483 1086 5486 ⁷
2159 5483 2543 5540 ἱΙΙοἸὶιΙςιιιοιὈ
2572 5495 2800 5539 mortem
2834 5486 3108 5551 omisisse,
3143 5483 3287 5553 quod
3314 5486 3450 5538 satis
3484 5500 3594 5540 non
3638 5501 3761 5555 per-

553 5556 667 5627 (29)
695 5554 759 5627 Ν.
804 5555 895 5627 l5.
1246 5584 1249 5589 ·
2159 5558 2418 5627 spiceret,
2448 5558 2727 5625 quomodo
2769 5557 2987 5610 diabolo
3027 5560 3210 5627 ignota
3264 5556 3356 5609 illa
3398 5558 3757 5614 remanserit.

554 5624 667 5695 (30)
698 5624 762 5677 N.
793 5626 849 5679 ‘2.
2159 5624 2569 5694 absurdumque
2602 5628 2674 5679 illi
2708 5627 3002 5691 videretur,
3033 5624 3264 5690 stellam,
3300 5635 3360 5679 ut
3391 5627 3593 5694 pulaba
3612 5636 3658 5690 ι,
3691 5627 3760 5679 ad

553 5697 666 5761 (5t)
697 5696 1002 5766 Notandum
1042 5705 1126 5751 est
1156 5706 1384 5752 mortem
1415 5697 1633 5752 Domini
1681 5698 1859 5753 omitti
1890 5700 2059 5754 etiam
2162 5708 2391 5751 mortem
2425 5702 2587 5749 etiam
2622 5697 2834 5762 referri,
2865 5713 2989 5750 cum
3016 5699 3068 5751 in
3101 5713 3343 5766 genuino
3375 5705 3521 5750 textu
3555 5714 3586 5749 ιι
3605 5707 3761 5766 ostro

476 5782 505 5820 a
556 5767 721 5819 notha
768 5765 994 5837 epistola
1040 5768 1106 5837 ad
1152 5767 1549 5837 Philippeuses,
1580 5784 1635 5822 η.
1669 5769 1723 5833 8,
1759 5770 1851 5823 ubi
1894 5770 2062 5824 fabri-
2161 5784 2270 5822 non
2296 5783 2418 5819 cum
2456 5768 2630 5820 tribus
2677 5768 2968 5837 mysteriis,
3000 5765 3253 5822 scd’cum
3296 5765 3601 5837 φανερώσει
3649 5765 3762 5821 Do-

478 5846 631 5891 cator
666 5836 1019 5906 epistularum
1066 5835 1255 5908 lgnatii
1295 5835 1886 5913 mdepigmuharum
1918 5840 2065 5895 hunc
2166 5840 2296 5893 mini
2328 5839 2482 5894 stella
2514 5835 2891 5892 lautumiae.»
2924 5847 3190 5893 nectatur.
