4134 6392
314 358 414 414 ὁ·ίῦ
1012 353 1101 411 DE
1127 351 1600 410 INTEGRITATE
1639 350 1926 409 TEXTUS
1958 351 2253 408 RECEPTI
2282 349 2429 408 EPP.
2464 353 2522 408 S.
2562 352 2844 409 lGNATlI.
3486 360 3591 414 6h

319 480 537 539 videre
564 476 857 556 Syriacos
892 492 1323 538 amanuenses
1366 475 1543 554 ipsos
1571 472 1920 554 perplexos
1950 472 2239 548 htBSiSSB,
2268 473 2424 554 quid
2458 474 2841 538 scriberent.
2870 476 2985 537 Vel
3020 475 3195 538 enim
3226 476 3417 556 ponis
3452 478 3580 538 Vir-

315 576 482 659 ginis
518 588 770 658 partum
796 586 858 640 et
890 587 1201 655 mortem;
1236 586 1298 641 at
1337 586 1488 640 tunc
1520 578 1669 657 quis
1694 584 1964 639 mortem
2011 577 2180 640 inter
2209 586 2273 642 et
2301 578 2555 643 stellam
2599 595 2810 641 nexus
2845 580 3201 643 intercedat
3236 581 3587 651 nescimus,

320 698 529 760 neque
565 680 783 743 stricte
821 681 1146 760 loquendo
1176 679 1362 743 stella
1397 680 1475 742 ad
1510 679 1942 760 virginitatem
1972 682 2269 762 Deiparaa
2302 681 2742 752 referebatur;
2797 683 2898 743 vel
2931 682 3119 762 penis
3152 682 3590 762 virginitatem

315 793 375 848 et
406 790 657 861 partum
700 804 716 843 :
768 782 880 844 sed
922 791 1076 844 tunc
1125 799 1255 844 non
1295 788 1448 843 sunt
1477 780 1597 841 tria
1644 779 1987 858 mysteria,
2036 782 2148 841 sed
2200 782 2367 856 duo;
2400 779 2498 843 vel
2546 780 2603 839 si
2662 788 2716 841 et
2760 780 2980 853 addas,
3016 782 3204 862 plane
3256 781 3595 861 ignoratur

314 901 610 965 quaenam
644 882 906 945 sintilla
936 882 1053 945 tria
1088 883 1395 962 mysteria
1431 898 1576 960 quin
1609 877 1964 958 virginitati
2003 888 2065 940 et
2097 880 2308 958 partui
2344 880 2894 958 superadduntur.
2927 883 3056 943 Nec
3092 882 3309 943 minus
3356 884 3593 945 absur-

314 989 466 1048 dum
512 993 607 1047 est
655 985 963 1065 mysteria
1017 984 1125 1047 illa
1158 987 1254 1047 vel
1290 985 1420 1045 duo
1469 984 1565 1046 vel
1597 981 1717 1044 tria
1757 997 1796 1042 a
1840 981 2022 1043 stella
2051 983 2223 1061 facta
2252 982 2405 1043 dici.
2457 982 2642 1054 Quod
2695 999 2844 1043 cum
2893 982 3164 1044 sentiret
3194 980 3591 1053 Bunsenius,

320 1099 534 1148 vocem
568 1084 742 1146 illam
782 1091 1024 1165 ἐπράχθη
1063 1083 1131 1145 in
1180 1090 1470 1163 ἐκηρύχθη,
1512 1080 1689 1143 nulla
1723 1079 2100 1142 auctoritate
2130 1080 2262 1141 vim
2295 1080 2681 1159 conjecturae
2724 1082 3203 1160 suppeditante,
3252 1084 3591 1156 convertit,

316 1205 461 1267 qua)
511 1186 808 1249 lectionis
840 1186 1109 1248 mutatio
1157 1204 1239 1248 ne
1270 1185 1425 1247 satis
1476 1185 1743 1265 quidem
1794 1183 2281 1246 incommodum
2318 1184 2507 1259 tollit,
2560 1201 2707 1246 cum
2759 1184 2947 1246 stella
2998 1203 3116 1249 nec
3156 1186 3594 1265 virginitatem

314 1290 532 1351 Maria:
581 1308 701 1353 nec
758 1299 1030 1352 mortem
1082 1290 1340 1352 Domini
1404 1288 1826 1362 nuntiaverit,
1895 1307 2109 1369 neque
2169 1289 2374 1369 magis
2422 1289 2674 1352 eluceat
2720 1289 2882 1369 quid
2931 1288 3059 1354 sibi
3118 1291 3237 1353 tria
3286 1292 3598 1371 mysteria

320 1393 543 1457 velint.
590 1394 796 1467 Quam
832 1394 1072 1475 injuste
1113 1412 1291 1467 vero,
1324 1392 1404 1455 ad
1458 1393 1771 1456 tuendum
1816 1391 1981 1454 hanc
2020 1409 2204 1454 suam
2238 1393 2712 1473 conjecturam,
2744 1394 2824 1456 de
2856 1411 2984 1473 qua
3027 1394 3156 1458 sibi
3207 1412 3599 1478 magnopere

316 1494 695 1574 gratulatur,
721 1493 1090 1557 Bunsenius
1128 1492 1393 1574 phrasin
1440 1492 1616 1554 illam
1661 1500 1938 1571 μυστήρια

1977 1498 2242 1571 πράσσειν
2272 1490 2491 1553 minus
2529 1492 2813 1553 tirmcam
2844 1508 2985 1553 esse
3035 1495 3418 1569 contendat,
3456 1500 3602 1575 plu-

318 1596 500 1659 ribus
537 1596 823 1658 ostendit
860 1596 951 1658 Cl.
984 1595 1139 1657 Edv.
1196 1595 1484 1658 Churton
1532 1590 1684 1676 (32).
1740 1594 1880 1654 Non
1921 1593 2097 1654 enim
2143 1593 2314 1655 alius
2363 1601 2462 1655 est
2509 1592 2706 1673 hujus
2761 1593 3072 1673 phraseos
3130 1611 3364 1657 sensus
3420 1596 3592 1657 nisi:

312 1717 412 1758 res
435 1715 727 1772 arcanas,
765 1697 1050 1776 mysterii
1076 1695 1294 1775 plenas
1336 1714 1542 1775 agere.
1580 1696 1863 1759 Cureton
1896 1693 2022 1774 (33)
2052 1693 2157 1756 hic
2185 1698 2402 1773 aperte
2449 1694 2693 1757 dubius
2742 1693 2977 1770 haeret,
3037 1712 3254 1777 neque
3293 1696 3598 1759 distincte

315 1799 476 1861 satis
531 1799 611 1861 de
653 1798 775 1861 hoc
822 1798 962 1860 loco
1011 1798 1306 1872 disserit,
1353 1799 1575 1878 aitque
1622 1795 1745 1860 tria
1792 1795 2142 1875 mysteria,
2200 1794 2524 1876 quidquid
2571 1794 2856 1876 denique
2902 1795 3077 1871 sint,
3142 1797 3470 1876 pertinere
3518 1802 3599 1860 ad

315 1898 756 1979 virginitatem
788 1900 1101 1979 Deiparae,
1131 1899 1528 1963 nativitatem
1564 1896 1828 1961 Domini
1869 1905 1933 1960 et
1968 1896 2175 1961 stella)
2217 1896 2713 1975 apparitionem.
2750 1900 2974 1978 Neque
2997 1898 3256 1962 felicius
3285 1900 3602 1961 Ritschlio

315 2017 420 2062 res
455 2000 674 2077 cessit,
705 2019 851 2063 cum
885 2002 1213 2064 Bunsenio
1244 2018 1635 2065 succurrens
1666 2002 1796 2077 ait,
1848 2006 2095 2063 textum
2125 2000 2486 2079 genuinum
2524 1999 2715 2065 illum
2752 2019 2921 2076 esse,
2963 2002 3079 2082 qui
3118 2004 3199 2070 de
3234 2001 3602 2083 virginitate

313 2110 377 2164 et
412 2112 600 2183 partu
637 2110 882 2166 tantum
916 2105 1228 2184 loquitur,
1270 2106 1745 2185 legendumque
1779 2126 1793 2165 :
1826 2110 1893 2165 τά
1931 2130 1945 2184 ι

1967 2114 2223 2183 μυστήρια,
2257 2120 2389 2167 non
2418 2126 2433 2165 :
2466 2111 2556 2164 καὶ
2598 2111 2667 2165 τὰ
2706 2111 2834 2184 τρία
2869 2116 3173 2185 μυστήρια.
3214 2108 3336 2168 Sed
3384 2124 3599 2186 neque

313 2204 440 2267 hoc
468 2204 905 2270 difﬁcultatem
933 2208 1150 2282 solvit,
1182 2208 1340 2289 quid
1370 2209 1496 2271 sibi
1536 2208 1692 2272 velit
1726 2209 1838 2271 illa
1866 2226 1985 2271 vox
2029 2215 2294 2290 ἐπράχθη.
2335 2212 2560 2289 Neque
2598 2210 2816 2271 minus
2852 2210 3132 2273 violenta
3163 2218 3258 2272 est
3302 2210 3603 2273 lectionis

312 2309 616 2382 mutatio,
650 2309 735 2372 ita
770 2318 840 2372 ut
870 2327 946 2372 eo
971 2311 1138 2391 ipso,
1173 2328 1367 2392 quam
1402 2312 1566 2375 male
1596 2311 1924 2374 cohaerens
1963 2319 2155 2391 atque
2186 2310 2539 2391 impeditus
2576 2311 2662 2373 sit
2701 2311 2881 2374 locus
2930 2312 3101 2391 apud
3148 2313 3406 2391 Syrum,
3443 2329 3600 2389 pro-

310 2407 494 2483 dant,
548 2411 725 2490 quod
771 2412 1035 2474 nonnisi
1065 2431 1214 2475 eum
1276 2412 1658 2493 corrigendo
1702 2430 1968 2475 sensum
2022 2413 2369 2492 quemdam
2416 2412 2760 2488 restituere
2811 2413 3100 2487 valeant,
3159 2430 3372 2493 neque
3426 2415 3603 2474 hunc

311 2514 537 2588 aptum
570 2510 986 2574 sufﬁcienter.
1014 2512 1210 2575 Aliud
1248 2530 1403 2577 vero
1445 2514 1588 2594 ipse
1624 2513 1869 2575 Ritschl
1901 2515 2225 2594 prodidit,
2250 2516 2423 2595 quod
2458 2524 2679 2578 contra
2722 2515 2938 2595 ipsum
2974 2522 3221 2577 vertere
3262 2516 3603 2577 commode

314 2611 585 2689 poteris.
626 2614 785 2676 Cum
817 2616 992 2677 enim
1019 2614 1279 2677 Grtecus
1316 2615 1484 2695 legat
1517 2637 1534 2677 :
1588 2618 1616 2675 ὁ
1649 2620 1863 2676 τοκετὸς
1906 2641 1946 2675 αη

1966 2628 2104 2689 ιτῆς,
2160 2617 2361 2695 Syrus
2411 2606 2631 2696 pesuit
2658 2638 2675 2676 :
2703 2620 2731 2676 ὁ
2764 2615 2980 2683 reus-rb:
3020 2628 3116 2678 τοῦ
3153 2625 3375 2695 Κυρίου,
3424 2618 3598 2695 quod

309 2727 474 2774 sane
512 2712 829 2776 absonum
878 2722 975 2778 est
1019 2731 1053 2776 a
1106 2713 1413 2795 loquendi
1465 2731 1616 2789 usu,
1668 2731 1815 2777 cum
1849 2714 1961 2777 illa
2003 2731 2128 2778 vox
2184 2721 2398 2777 τοκετὸς
2443 2713 2651 2777 active
2705 2715 2852 2793 poni
2910 2715 3138 2788 soleat,
3201 2716 3607 2795 proindeque

306 2832 466 2880 cum
499 2815 789 2895 genitivo
820 2816 937 2879 illo
973 2816 1207 2898 objecti
1258 2829 1354 2877 τοῦ
1387 2825 1588 2897 Κυρίου
1619 2817 1882 2881 nonnisi
1910 2817 2321 2881 incommode
2339 2815 2531 2896 jungi
2567 2815 2794 2896 possit.

399 2918 686 2995 Epistola
714 2920 793 2982 ad
827 2921 1151 2981 Romanos
1184 2918 1493 2997 denique,
1535 2920 1710 2993 licet,
1741 2928 1965 2998 utpote
2010 2919 2230 2981 minus
2260 2916 2474 2981 excisa
2497 2960 2516 2991 ,
2568 2918 2906 2996 pauciora,
2940 2935 3071 2980 non
3113 2926 3326 2980 tamen
3383 2920 3604 2981 minus

306 3018 681 3092 manifesta,
708 3018 1057 3098 interrupti
1087 3036 1122 3081 a
1160 3021 1320 3099 Syro
1358 3018 1825 3080 sententiarum
1856 3035 2063 3081 nexus
2092 3017 2333 3081 indicia
2370 3017 2853 3098 praebet.Velim
2878 3021 3069 3083 verba
3101 3019 3211 3082 illa
3237 3020 3360 3102 (3h)
3388 3021 3604 3101 legas:

309 3120 522 3199 Ignis,
556 3129 610 3181 et
654 3138 842 3192 crux,
879 3130 934 3180 et
963 3120 1191 3193 bestiae,
1221 3139 1355 3201 quae
1373 3130 1635 3199 paratae,
1667 3122 2021 3201 amputatio
2053 3120 2493 3195 membrorum,
2530 3131 2584 3183 et
2608 3122 2857 3199 sparsio
2890 3123 3127 3182 ossium
3159 3131 3214 3183 et
3250 3122 3609 3184 molitiones

306 3223 524 3285 totius
548 3222 863 3299 corporis,
900 3230 1213 3284 tormenta
1255 3222 1418 3283 dura
1456 3220 1695 3283 diaboli
1720 3240 1915 3301 super
1962 3241 2056 3283 me
2096 3224 2388 3295 veniant,
2428 3234 2484 3284 et
2521 3225 2724 3284 solum
2761 3224 2915 3283 Jesu
2957 3224 3209 3287 Christo
3253 3228 3605 3306 digniﬁccr.

302 3321 583 3383 Dolores
608 3330 836 3401 partus
864 3330 1037 3382 stant
1056 3339 1247 3400 super
1274 3340 1365 3380 me
1389 3328 1442 3380 et
1473 3338 1650 3380 amor
1672 3339 1842 3381 meus
1868 3321 2241 3400 cruciﬁxus,
2278 3329 2336 3381 et
2367 3339 2499 3381 non
2551 3329 2636 3381 cst
2670 3321 2739 3382 in
2764 3339 2856 3380 me
2897 3321 3063 3398 ignis
3108 3324 3175 3382 in
3200 3344 3411 3384 amore
3444 3325 3601 3388 alio.

304 3425 665 3500 Quomodo
703 3424 837 3485 hinc
883 3424 1194 3486 ulteriora
1224 3424 1396 3487 inter
1425 3440 1496 3484 se
1531 3428 1595 3486 et
1628 3439 1774 3486 cum
1817 3422 2145 3504 prioribus
2189 3422 2573 3498 cobaarean-t,
2608 3438 2740 3484 non
2788 3421 3000 3498 video,
3030 3441 3244 3504 neque
3275 3427 3433 3505 quid
3467 3429 3594 3492 sibi

306 3527 476 3592 velit
508 3526 672 3587 illud
721 3537 801 3599 et,
831 3525 1005 3605 quod
1039 3527 1261 3605 Syrus.
1326 3542 1505 3590 more
1558 3525 1793 3606 raptim
1856 3524 2289 3606 excerpentis,
2323 3524 2678 3605 prmposuit
2731 3524 2864 3587 illis
2914 3526 3129 3589 verbis
3164 3549 3180 3589 :
3215 3529 3410 3590 Amor
3439 3552 3609 3594 meus

307 3631 672 3708 cruciﬁxus
706 3639 819 3690 est.

1888 3750 2005 3812 VII
2019 3796 2033 3812 .

1121 3876 1441 3940 Memento
1462 3894 1540 3936 ea:
1574 3873 1722 3938 aliis
1758 3875 2123 3937 rationibus
2154 3874 2426 3938 internis
2453 3875 2798 3954 desumpta.

400 4011 689 4073 Plurima
718 4005 1058 4079 Blondelli,
1092 4004 1315 4067 Dallaai
1338 4004 1749 4083 aliorumque
1777 4002 2223 4083 antiquiorum
2252 4001 2485 4083 lgnatii
2514 4000 3055 4077 adversariorum,
3099 4022 3247 4082 quas
3276 4006 3605 4086 integrum

316 4114 646 4195 lgnatium
679 4110 1095 4189 impetebant,
1124 4123 1306 4170 suam
1337 4108 1407 4169 in
1438 4123 1572 4168 rem
1606 4107 1887 4169 Cureton
1923 4103 2375 4168 etBunsenius
2398 4104 2802 4184 adaptarunt.
2828 4105 2986 4176 Quaa
3015 4121 3162 4167 cum
3193 4123 3229 4169 a
3259 4108 3609 4172 Pearsonio

318 4212 627 4296 praeclare
657 4218 720 4272 et
752 4207 1077 4270 uberrime
1108 4204 1355 4268 fuerint
1401 4205 1633 4276 soluta,
1665 4220 1796 4267 non
1828 4204 1952 4266 erit
1992 4220 2207 4283 operai
2238 4203 2543 4284 pretium,
2577 4220 2725 4284 qua)
2768 4205 2934 4267 bene
2955 4202 3087 4284 jam
3116 4206 3285 4271 dicta
3314 4207 3606 4287 fuerunt,

318 4329 643 4402 repetere.
676 4312 959 4378 Sufﬁciat
988 4311 1190 4393 igitur
1220 4311 1609 4374 benevolum
1636 4310 1939 4374 lectorem
1974 4310 2055 4372 ad
2097 4308 2519 4373 Pearsonium
2558 4309 2910 4385 remittere,
2945 4317 3008 4373 et
3038 4310 3257 4391 aliqua
3293 4321 3614 4395 superad-

317 4427 503 4493 dere,
558 4434 705 4499 quae
759 4419 1124 4494 opportuna
1172 4416 1638 4485 occurrerunt,
1694 4410 2186 4491 nonnullaque,
2242 4426 2391 4490 quea
2440 4410 2522 4473 ab
2573 4408 2709 4473 illis
2764 4426 2847 4474 ex
2917 4426 3039 4474 suo
3099 4413 3347 4492 prolata
3410 4426 3607 4495 sunt,

317 4531 604 4594 solvere.
3388 4534 3391 4539 '
3467 4541 3471 4546 '

404 4639 480 4698 In
517 4631 786 4712 epistola
818 4632 1035 4690 nostra
1074 4629 1153 4687 ad
1186 4623 1616 4703 Polycarpum
1647 4620 1999 4685 Curetonio
2020 4620 2283 4684 videtur
2312 4638 2699 4702 repugnare,
2747 4621 2920 4701 quod
2948 4620 3239 4700 Ignatius
3261 4621 3331 4685 in
3361 4624 3611 4690 Troade

320 4748 483 4803 tunc
513 4735 899 4803 consistens,
953 4731 1258 4793 nuntium
1291 4729 1371 4790 de
1419 4727 1629 4806 sepita
1661 4726 1796 4807 jam
1834 4725 2237 4789 Antiochena
2294 4726 2745 4807 persecutione
2798 4727 3123 4806 accepisse
3174 4738 3607 4808 supponatur,

322 4864 446 4905 nec
473 4841 714 4914 minus,
748 4837 919 4917 quod
956 4836 1021 4897 in
1052 4833 1324 4914 epistola
1357 4834 1432 4895 ad
1472 4835 1823 4907 Romanos,
1858 4849 2004 4895 cum
2041 4834 2335 4912 Smyrnae
2374 4832 2579 4912 ipsam
2642 4833 2975 4905 scriberet,
3019 4831 3152 4911 jam
3201 4844 3609 4913 supponatur

325 4943 683 5016 audivisse,
716 4943 1035 5000 Romanos
1084 4953 1267 4997 suam
1317 4935 1769 4998 liberationem
1819 4936 2288 5014 procurandam
2340 4933 2467 4998 sibi
2514 4935 2958 5014 preposuisse.
3008 4934 3104 4996 Ad
3150 4934 3286 4997 haec
3338 4955 3607 5017 respon-

324 5050 612 5111 dendum
674 5041 1033 5104 lentissime
1073 5040 1198 5101 iter
1225 5056 1417 5101 suum
1451 5039 1662 5119 egisse
1709 5038 2056 5119 lgnatium,
2090 5056 2235 5101 cum
2266 5056 2346 5101 ex
2379 5039 2648 5101 Actibus
2693 5038 2983 5118 martyrii
3037 5042 3401 5119 persecutio
3432 5061 3607 5107 nono

328 5140 586 5228 'l‘rajani
618 5162 788 5206 anno
809 5141 1165 5220 inceperit,
1199 5157 1502 5221 moxque,
1526 5141 1631 5203 die
1648 5142 1687 5200 7
1708 5141 2021 5215 Januarii,
2052 5148 2210 5204 teste
2232 5142 2479 5203 Joanne
2501 5141 2752 5215 Malala,
2777 5143 2856 5204 ad
2881 5141 3293 5220 imperatoris
3325 5144 3606 5209 tribunal

323 5253 668 5322 deductus,
703 5264 779 5308 ex
797 5245 967 5306 Actis
997 5243 1259 5305 nonnisi
1290 5242 1481 5305 initio
1515 5242 1750 5305 decimi
1779 5242 1957 5317 anni,
1988 5243 2094 5305 die
2126 5244 2207 5304 20
2242 5244 2617 5306 Decembris
2649 5244 2765 5303 107
2786 5284 2803 5314 ,
2841 5241 3152 5322 martyrio
3200 5241 3465 5306 functus
3496 5245 3603 5319 sit,

319 5357 619 5433 adeoque
670 5350 805 5412 fere
854 5349 1104 5427 integro
1155 5362 1327 5408 anno
1369 5362 1406 5408 a
1461 5346 1852 5410 satellitibus
1901 5346 2053 5410 hinc
2089 5346 2242 5409 inde
2296 5354 2654 5426 protractus
2702 5345 2940 5421 fuerit,
3012 5355 3081 5410 ut
3123 5364 3160 5409 a
3200 5347 3603 5411 diversarum

321 5458 591 5521 urbium
624 5450 1005 5516 Christianis
1048 5449 1352 5530 pecunias
1394 5466 1509 5529 pro
1537 5448 1930 5529 alloquendo
1962 5457 2025 5512 et
2056 5450 2436 5512 deducendo
2481 5448 2731 5528 Iguatio
2762 5448 3195 5513 extraherent.
3227 5452 3381 5512 Acta
3411 5450 3600 5513 etiam

322 5564 620 5625 referunt
644 5578 791 5621 eum
823 5563 958 5638 μετὰ
987 5561 1151 5616 πολὺν
1172 5562 1408 5636 κάματον
1437 5556 1774 5636 Smyrnam
1800 5572 1954 5636 appt

1976 5554 2128 5618 lisse
2157 5555 2306 5635 (35),
2344 5572 2558 5634 neque
2599 5553 2815 5617 brevis
2844 5561 2964 5631 est,
3006 5569 3200 5633 quam
3232 5552 3606 5620 describunt

400 5738 514 5813 (ἓξ)
550 5736 810 5813 Yindicia:
845 5736 1143 5813 Ignat‘ianw
1165 5734 1315 5792 Prol.
1344 5752 1474 5792 xxv.

907 5747 1143 5813 “nation”
1165 5734 1315 5792 Prol.
1344 5752 1474 5792 xxv.
2088 5737 2199 5813 ίῑξρ)
2320 5738 2376 5813 5_,
2403 5736 2458 5803 6,
2485 5736 2539 5795 7.

406 5805 513 5881 \55)
541 5808 702 5878 Corp.
735 5807 835 5879 Ign
864 5805 954 5880 [ρ.
984 5805 1133 5863 286(

769 5825 835 5879 gn
864 5805 954 5880 [ρ.
984 5805 1133 5863 286έ
2091 5807 2199 5881 \55)
2237 5805 2303 5862 N.
2338 5808 2394 5864 3.
