4134 6404
478 382 597 444 015
1576 367 1632 423 S.
1670 366 2021 424 IGNATIUS.
2048 400 2117 407 —
2144 366 2691 425 PROLEGOMENA.
3649 370 3755 425 6m

478 495 752 555 ulterior
802 492 902 552 via
950 508 986 553 a
1032 490 1441 553 sanctissimo
1497 498 1775 568 martyre
1837 508 2097 552 emensa
2152 489 2301 571 (36),
2342 492 2447 553 cui
2496 498 2802 552 consonat
2856 491 3349 569 Chrysostomus
3406 491 3474 551 in
3524 508 3638 551 sua
3690 494 3755 552 in

476 597 538 655 S.
574 592 892 671 lgnatium
925 592 1191 653 homilia
1221 592 1470 661 dicens,
1509 590 1761 651 hostem
1813 600 2096 653 mentem

2130 592 2339 671 ipsius
2371 593 2741 671 opprimere
2774 592 3056 653 voluisse
3090 603 3277 668 καὶτῷ
3300 602 3453 669 μήκη
3480 605 3577 657 τῆς·
3605 594 3755 670 ὁδοῦ,

463 703 559 757 καὶ
597 708 669 774 τῷ
708 702 890 762 πλήθει
915 710 1017 755 τῶν
1044 704 1274 775 ἡμερῶν.
1326 694 1495 754 Hinc
1520 693 1801 772 spatium
1834 694 2095 771 tempori

2128 712 2142 755 ς
2174 693 2794 759 sulﬁcientissimum
2828 694 3057 765 adfuit,
3095 700 3164 754 ut
3196 702 3258 754 et
3299 694 3496 754 Roma
3536 699 3598 753 et
3630 694 3760 752 An-

473 797 711 858 tiochia
748 799 1014 860 nuntios
1043 798 1383 876 acciperet.
1417 795 1621 871 Adde,
1653 796 1824 875 quod
1858 796 1926 858 in
1958 796 2163 875 priori
2191 814 2341 860 casu
2373 797 2449 860 ad
2484 797 2939 861 revelationem
2990 797 3116 859 sibi
3147 794 3374 858 factam
3406 802 3711 875 provocet
3742 827 3758 865 ε

474 913 547 972 ὡς
575 905 798 969 δδηλώθη
832 928 946 981 μοι.

554 1008 700 1066 Post
742 1004 875 1066 haec
905 1004 1185 1065 Cureton
1236 1001 1449 1080 quoad
1501 997 1841 1078 epistolam
1889 999 1965 1058 ad
2013 998 2340 1059 Romanos
2388 998 2635 1078 objicit,
2685 1016 2824 1060 eam
2859 1016 2939 1061 ex
2985 1005 3165 1061 textu
3210 999 3432 1062 Graeco
3468 1001 3762 1077 Smyrnm

472 1108 772 1186 scriptam
810 1106 957 1186 (37).
993 1104 1187 1183 Atqui
1239 1120 1318 1163 ex
1351 1100 1518 1163 Actis
1571 1097 1859 1177 martyrii
1902 1099 2239 1176 Smyrnam
2289 1098 2499 1177 primo
2550 1100 2825 1179 appulit.
2876 1100 3216 1173 Quomodo
3260 1101 3479 1180 itaque
3526 1102 3594 1163 in
3646 1101 3762 1164 hat:

475 1211 611 1288 ipsa
643 1206 935 1287 epistola,
972 1205 1131 1265 utin
1164 1205 1382 1265 Graeco
1410 1201 1705 1273 habetur,
1742 1199 2026 1261 scribere
2056 1205 2301 1277 poterat
2331 1200 2625 1260 omnium
2669 1200 2929 1260 urbium
2959 1244 2976 1273 ,
3011 1217 3171 1279 quas
3217 1200 3284 1261 in
3327 1202 3560 1263 itinere
3605 1203 3759 1264 atti-

472 1312 660 1391 gerit,
719 1307 1116 1370 Christianos
1167 1306 1381 1382 ipsum
1426 1318 1678 1364 summa
1728 1318 1873 1362 cum
1918 1300 2223 1362 charitate
2256 1300 2642 1380 suscepisse,
2676 1302 2809 1377 imo
2840 1308 2900 1363 et
2947 1302 3117 1375 illas,
3166 1320 3311 1381 quas
3350 1320 3385 1365 a
3417 1304 3519 1366 via
3553 1303 3759 1365 dista-

474 1413 652 1484 bant,
690 1415 927 1489 legatos
955 1409 1029 1469 ad
1058 1406 1270 1485 ipsum
1308 1405 1605 1465 misisse?
1636 1404 1881 1463 Verum
1915 1412 2050 1464 acta
2082 1420 2211 1464 non
2247 1401 2508 1474 dicunt,
2544 1401 2757 1479 ipsum
2793 1401 3003 1479 primo
3047 1403 3385 1480 Smyrnam
3428 1402 3760 1481 appulisse

472 1518 535 1572 ct
568 1510 803 1571 nullibi
834 1519 1040 1571 antea.
1076 1508 1267 1568 Aliud
1299 1507 1599 1585 estquod
1628 1505 1706 1567 de
1758 1505 1873 1567 hac
1922 1510 2083 1569 urbe
2128 1508 2337 1585 primo
2385 1507 2627 1581 dicant,
2679 1506 2894 1585 ipsum
2950 1523 3027 1568 eo
3077 1508 3432 1587 appulisse,
3483 1507 3562 1568 de
3610 1506 3759 1567 aliis

471 1612 727 1672 sileant.
762 1613 920 1673 Cum
949 1611 1123 1672 enim
1169 1618 1417 1670 veteres
1452 1609 1682 1670 itinera
1717 1609 2042 1670 maritima
2074 1610 2285 1671 littora
2321 1616 2667 1687 sequentes
2703 1614 2990 1686 agerent,
3019 1609 3271 1669 nullum
3303 1606 3576 1669 dubium
3615 1622 3757 1668 esse

473 1720 704 1793 potest,
739 1730 886 1774 eum
925 1712 1299 1790 priusquam
1332 1712 1671 1788 Smyrnam
1700 1709 1971 1780 veniret,
2009 1709 2319 1787 plurimas
2349 1707 2508 1769 alias
2543 1709 2737 1769 urbes
2766 1708 2911 1769 navi
2941 1708 3253 1786 attigisse.

553 1818 646 1876 Ex
705 1815 926 1876 eadem
990 1812 1259 1890 epistola
1312 1809 1618 1887 objicitur
1667 1809 2033 1887 Ignatium,
2080 1810 2135 1869 si
2190 1810 2393 1873 textui
2438 1817 2660 1870 nostro
2715 1809 2870 1870 ﬁdes
2913 1811 3320 1883 concedatur,
3378 1809 3639 1882 dicere,
3688 1826 3758 1869 se

473 1916 766 1996 proxime
805 1916 1069 1974 Romam
1109 1921 1479 1980 venturum,
1516 1926 1658 1970 cum
1695 1916 1905 1969 tamen
1940 1926 2018 1969 ex
2056 1909 2212 1971 actis
2244 1917 2490 1971 certum
2530 1909 2635 1983 sit,
2669 1926 2815 1971 eum
2866 1926 3085 1970 mense
3120 1909 3454 1970 Decembri
3505 1924 3583 1971 eo
3614 1927 3759 1987 per-

472 2016 767 2087 venisse;
814 2013 945 2073 haer.
982 2028 1132 2071 vero
1166 2008 1435 2088 epistola
1470 2025 1687 2069 mense
1720 2007 1997 2085 Augusti
2029 2024 2097 2068 se
2126 2008 2430 2087 scriptam
2480 2009 2839 2071 conﬁrmet.
2887 2016 2968 2069 At
3012 2008 3067 2069 si
3104 2008 3465 2071 accuratius
3514 2010 3759 2085 legatur

473 2126 708 2189 textus,
748 2112 999 2176 videbis
1042 2114 1363 2191 Ignatium
1404 2128 1529 2171 non
1583 2109 1669 2171 ita
1706 2109 1908 2189 loqui,
1943 2110 2051 2170 sed
2087 2110 2150 2171 id
2194 2112 2595 2172 committere
2634 2112 2959 2184 Romanis,
3014 2119 3087 2173 ut
3139 2113 3316 2192 Syris
3343 2155 3358 2184 ,
3394 2112 3507 2192 qui
3540 2111 3753 2191 ipsum

472 2228 732 2287 Romam
783 2224 1262 2299 praecesserant,
1314 2214 1715 2287 nuntiarent,
1770 2230 1924 2277 sane
1984 2220 2323 2293 postquam
2374 2212 2617 2275 litteras
2668 2230 2818 2275 suas
2873 2213 3027 2275 istas
3073 2214 3488 2292 accepissent,
3542 2213 3756 2293 ipsum

472 2343 621 2387 mox
663 2330 1036 2393 venturum,
1072 2317 1319 2379 scilicet
1361 2331 1509 2376 mox
1548 2312 1887 2393 epistolam
1928 2330 2110 2374 suam
2146 2319 2547 2374 secuturum.
2594 2312 2994 2391 Responderi
3046 2314 3236 2375 etiam
3289 2322 3495 2392 potest
3540 2314 3752 2393 ipsum

471 2432 623 2484 tunc
653 2436 972 2501 sperasse,
1003 2435 1072 2478 se
1107 2434 1219 2495 per
1252 2415 1417 2475 viam
1452 2414 1837 2475 maritimam
1867 2411 2230 2474 breviorem
2275 2412 2542 2473 ductum
2588 2412 2713 2487 iri;
2750 2422 2969 2491 postea
3008 2430 3160 2475 vero
3216 2421 3383 2476 terra
3416 2433 3528 2494 per
3550 2419 3763 2501 Mace-

469 2523 725 2585 doniam
760 2520 1037 2601 longiori
1061 2519 1295 2581 itinere
1318 2534 1352 2577 a
1384 2517 1761 2577 custodibus
1790 2512 1991 2575 fuisse
2018 2514 2393 2575 deductum.
2441 2514 2761 2593 Denique,
2796 2514 2914 2577 hac
2957 2525 3020 2576 et
3050 2514 3117 2575 in
3153 2517 3537 2593 prmcedenti
3584 2518 3758 2595 obje—

470 2625 683 2687 ctione
714 2622 895 2682 nullo
920 2620 1067 2699 jure
1096 2617 1283 2678 nobis
1308 2625 1445 2677 acta
1477 2613 1767 2692 martyrii
1816 2620 2177 2692 Opponunt,
2213 2630 2357 2675 cum
2394 2613 2526 2675 hinc
2569 2614 2707 2692 ipsa
2743 2614 3082 2693 epistolam
3122 2616 3201 2677 ad
3238 2619 3559 2679 Romanos
3595 2618 3760 2678 inte-

470 2742 646 2803 gram
678 2741 755 2784 ex
785 2730 1002 2783 nostra
1040 2718 1245 2781 forma
1294 2717 1711 2790 contineant,
1763 2718 2058 2797 adeoque
2094 2715 2222 2778 nisi
2257 2716 2683 2796 sibimetipsis
2721 2719 3171 2781 contradicere
3224 2719 3423 2794 velis,
3488 2720 3758 2782 minime

471 2826 675 2888 tenui
713 2836 931 2883 nostro
965 2821 1290 2882 contraria
1322 2836 1463 2881 esse
1500 2817 1749 2896 possint
2934 2895 2947 2908 _

548 2924 709 2998 Qua)
735 2922 814 2983 de
846 2918 1291 2998 magnitudine
1325 2916 1528 2977 stella)
1554 2933 1699 2995 qua;
1739 2914 1943 2995 Magis
1977 2917 2301 2996 apparuit,
2356 2918 2425 2979 in
2471 2917 2742 2996 epistola
2786 2919 2865 2981 ad
2910 2920 3225 2999 Ephesios
3268 2924 3585 2987 celebrata
3614 2969 3632 2997 ,
3676 2927 3756 2987 de

472 3026 843 3108 prolixitate
875 3025 1163 3104 ejusdem
1199 3021 1490 3101 epistolae
1537 3033 1732 3099 atque
1785 3019 2055 3081 alterius
2108 3020 2311 3082 libelli
2359 3022 2834 3100 promissione,
2876 3022 3307 3086 nihilominus
3332 3024 3400 3086 in
3441 3024 3581 3105 ejus
3633 3028 3759 3089 ﬁne

468 3128 655 3201 facta,
687 3128 766 3188 de
797 3142 1031 3204 magno
1061 3124 1333 3186 fratrum
1365 3122 1671 3183 comitatu
1707 3122 1987 3197 aliisque
2024 3122 2345 3200 ejusmodi
2395 3139 2523 3184 non
2561 3123 2717 3184 satis
2764 3140 2910 3185 cum
2950 3123 3455 3187 circumstantiis
3487 3142 3757 3206 compo-

472 3227 728 3300 nendis,
768 3227 847 3288 de
883 3227 1146 3288 nomine
1185 3228 1428 3306 θεοφόρον
1470 3221 1666 3302 (quod
1710 3232 1918 3284 tamen
1961 3225 2162 3302 Syrus
2195 3224 2335 3302 ipse
2369 3224 2607 3306 habet),
2659 3226 2737 3287 de
2776 3225 2991 3304 phrasi
3050 3226 3160 3287 illa
3213 3228 3481 3289 Paulum
3523 3237 3574 3289 ἕν
3612 3237 3757 3310 πάσῃ

471 3327 723 3407 ἐπιστολῇ
762 3329 1190 3409 Ephesiorum
1233 3326 1631 3399 meminisse,
1663 3324 2098 3405 objiciuntur,
2131 3324 2425 3386 conferas
2468 3325 2887 3387 Pearsonium
2938 3324 3491 3391 suﬁieientissime
3540 3329 3757 3393 disse-

472 3444 721 3499 rentem
757 3433 906 3516 (38).

2029 3534 2197 3595 Vlll.

1435 3641 1755 3703 Momenta
1787 3658 1865 3701 ex
1904 3640 2399 3702 auctoritatibus
2443 3640 2793 3721 desumpta.

546 3773 825 3837 Multum
863 3775 930 3839 in
958 3770 1080 3835 hoc
1106 3771 1421 3833 insistunt
1450 3770 1828 3846 adversarii,
1870 3770 2044 3850 quod
2095 3776 2311 3831 textus
2351 3770 2554 3833 nostri
2592 3771 2845 3834 nullum
2882 3781 3181 3853 suppetat
3211 3776 3559 3857 vestigium
3609 3785 3758 3839 ante

467 3879 736 3943 Eusebii
772 3887 1080 3957 tempora,
1115 3895 1259 3938 cum
1297 3876 1432 3935 loca
1465 3875 1791 3953 lgnatiana
1830 3876 1908 3935 ab
1936 3876 2182 3935 Irenaeo
2222 3881 2285 3935 et
2319 3874 2602 3953 Origene
2634 3891 2764 3937 non
2794 3874 2919 3937 alia
2949 3876 3339 3957 allegentur,
3371 3897 3564 3960 quam
3602 3900 3750 3961 quas

468 3982 538 4044 in
574 3988 748 4042 textu
784 3978 1046 4058 Syriaco
1078 3978 1422 4040 habentur.
1455 3979 1592 4040 Imo
1624 3978 1972 4058 Origenem
2005 3980 2247 4041 directe
2280 3978 2467 4040 nobis
2493 3978 2855 4054 adversari,
2893 3982 3173 4045 Cureton
3206 3983 3440 4047 exinde
3490 3985 3758 4063 probare

468 4083 710 4155 studet,
743 4081 1013 4161 quodin
1054 4080 1209 4141 .ibro
1250 4089 1379 4160 Περὶ
1418 4086 1606 4159 ἀρχῶν
1644 4082 1812 4142 dicat
1873 4098 2092 4142 vocem

2156 4088 2444 4161 ἀσώματον
2473 4080 2542 4142 in
2580 4080 2765 4143 libris
2810 4082 3319 4145 Christianorum
3379 4084 3577 4146 sacris
3628 4101 3758 4146 non

468 4199 832 4245 occurrere.
872 4180 1232 4260 Appellatio
1285 4190 1621 4263 ἀσωμάτου,
1674 4186 1809 4247 haec
1859 4188 2050 4247 verba
2084 4194 2236 4247 sunt
2282 4184 2622 4264 Origenis,
2667 4204 2798 4247 non
2826 4185 3031 4248 solum
3072 4188 3246 4265 apud
3292 4188 3523 4249 multos
3567 4187 3756 4260 alios,

469 4302 683 4344 verum
722 4284 905 4343 etiam
936 4284 1109 4360 apud
1130 4296 1384 4344 nostras
1420 4287 1775 4363 scripturas
1810 4296 1897 4348 est
1931 4288 2240 4348 inusitata
2269 4296 2323 4347 et
2352 4287 2702 4364 incognita.
2732 4288 2805 4349 Si
2830 4306 2976 4349 vero
3009 4290 3151 4369 quis
3181 4287 3331 4351 velit
3366 4288 3551 4349 nobis
3586 4306 3757 4367 pro-

477 4381 636 4459 ferre
678 4404 757 4445 ea:
801 4384 911 4445 illo
944 4384 1176 4458 libello,
1214 4390 1320 4465 qui
1360 4389 1539 4449 Petri
1569 4390 1880 4452 Doctrina
1929 4390 2315 4469 appellatur,
2346 4390 2458 4454 ubi
2494 4391 2791 4453 Salvator
2836 4394 3088 4457 videtur
3134 4394 3217 4456 ad
3259 4392 3611 4472 discipulos
3661 4393 3761 4454 di—

470 4507 605 4549 cere
633 4510 651 4548 :
678 4489 821 4549 Non
852 4509 988 4549 sum
1024 4490 1395 4551 da’monium
1426 4491 1909 4571 incorporeum;
1937 4496 2145 4573 primo
2178 4494 2680 4572 respondendum
2712 4505 2798 4557 est
2835 4498 2913 4569 ei,
2947 4498 3245 4577 quoniam
3275 4497 3381 4559 ille
3410 4496 3567 4559 liber
3591 4499 3762 4559 inter

471 4589 669 4652 libros
697 4589 1148 4651 ecclesiasticos
1177 4608 1306 4649 non
1332 4590 1633 4659 habetur;
1664 4603 1719 4654 et
1760 4596 2209 4659 ostendendum
2250 4597 2401 4675 quia
2439 4614 2635 4675 neque
2662 4596 2837 4658 Petri
2880 4608 2964 4659 est
2998 4600 3141 4677 ipsa
3175 4601 3522 4678 scriptura,
3558 4618 3761 4680 neque

469 4691 735 4753 alterius
770 4692 1160 4771 cujusquam,
1192 4694 1303 4771 qui
1329 4693 1582 4770 Spiritu
1618 4695 1734 4756 Dei
1756 4697 1959 4777 fuerit
2001 4699 2383 4777 inspiratus.
2418 4699 2637 4778 Atqui,
2671 4700 2760 4761 ait
2798 4702 3105 4778 Cureton,
3143 4701 3433 4781 lgnatius
3458 4720 3757 4782 receptus

472 4790 589 4853 hac
624 4792 761 4869 ipsa
799 4810 950 4854 voce
990 4797 1194 4853 utitur
1223 4792 1345 4872 (39)
1382 4801 1442 4855 et
1478 4812 1547 4857 se
1592 4804 1661 4860 ut
1690 4797 2073 4878 inspiratum
2110 4800 2275 4880 gerit
2306 4798 2451 4880 (ιο).
2486 4802 2652 4879 Ergo
2694 4802 3010 4882 Origenes
3044 4821 3193 4867 eum
3230 4820 3342 4882 pro
3382 4803 3758 4866 authentico

472 4894 785 4973 scriptore
821 4910 948 4955 non
982 4894 1240 4972 agnovit
1279 4895 1372 4956 vel
1407 4896 1676 4959 omnino
1712 4914 1839 4960 non
1875 4900 2080 4961 novit.
2117 4901 2284 4975 Quis
2319 4917 2470 4963 vero
2500 4902 2724 4977 nescit,
2755 4902 2935 4966 aliud
2966 4921 3131 4978 esse,
3166 4903 3553 4982 inspiratum
3582 4920 3754 4971 esse.

472 4995 651 5058 aliud
680 4995 832 5057 hinc
858 4995 1008 5056 inde
1037 4994 1251 5076 aliqua
1284 4999 1677 5063 revelatione
1698 5001 1919 5064 divina
1951 5003 2129 5064 frui?
2160 5004 2477 5083 Origenes
2508 5005 2828 5083 lgnatium
2853 5006 3106 5068 censuit
3142 5024 3219 5067 ex
3250 5004 3419 5067 Petri
3447 5006 3756 5067 Doctrina

473 5100 914 5179 desumpsisse
974 5098 1085 5163 illa
1114 5104 1305 5164 verba
1338 5104 1577 5165 Christi
1615 5128 1627 5165 :
1670 5105 1823 5168 huic
1870 5124 1997 5169 non
2033 5114 2167 5170 erat
2202 5108 2579 5187 allegandus
2618 5110 2927 5187 lgnatius.
2980 5110 3092 5173 sed
3149 5110 3339 5189 liber,
3399 5126 3587 5189 quem
3639 5127 3755 5188 pro

474 5204 735 5265 illorum
774 5212 1033 5266 auctore
1064 5205 1366 5285 originali
1416 5208 1716 5273 habebat.

544 5330 660 5410 (ξιξ)
687 5330 847 5410 tua,
876 5347 931 5385 ιι.
959 5331 1016 5389 5.
2164 5354 2176 5387 ε

2164 5338 2487 5410 προσευχῶν
2525 5356 2646 5409 μου.
2693 5338 2761 5393 Et
2801 5355 2989 5394 revera
3024 5338 3263 5409 Epistula
3298 5338 3451 5393 Pauli
3481 5337 3549 5410 ad
3578 5336 3755 5410 Ephe-

569 5399 659 5480 ΞΖ)
782 5402 869 5456 ίθ·
930 5471 990 5480 ,η
1055 5474 1086 5480 η
1264 5473 1288 5480 Α
1333 5475 1386 5480 __
1456 5475 1506 5480 __
1543 5476 1574 5480 __
1988 5477 2002 5480 _
2157 5399 2271 5463 διὸς
2300 5399 2437 5463 duas
2474 5399 2713 5480 prolian
2740 5412 3020 5465 orationes
3053 5399 3152 5479 pro
3184 5410 3436 5479 Ephesiis
3468 5409 3542 5480 ad
3582 5399 3751 5480 Deum

570 5471 834 5549 ὄὸξῄΡειιίΓ
860 5488 896 5525 ιι
930 5471 1233 5549 Υἱηιιὶεεεθ.
1259 5473 1411 5529 8-12.
1456 5475 1879 5549 Meliustamen
1893 5477 2057 5549 verba
2156 5480 2202 5532 di

2156 5480 2393 5534 directas
2439 5471 2679 5534 continet
2712 5483 2775 5549 (ι,
2808 5480 2992 5548 16-25,
3028 5471 3081 5535 εἰ
3120 5497 3204 5545 ιιι,
3230 5471 3468 5547 ’15-21).
3510 5477 3665 5544 Quod
3700 5490 3753 5530 at

472 5539 565 5623 illa
592 5560 605 5595 :
634 5542 909 5623 ξΕγΠπᾴση
930 5544 1189 5623 ἐπιστολῇ.
1221 5546 1557 5623 μγημῳεέει
1575 5546 1727 5623 ὑμτῷν
1757 5550 1815 5623 ἐν
1839 5547 2059 5623 Κριτιτῷ

2157 5550 2231 5603 ita
2266 5552 2660 5623 interpretatur
2707 5539 3068 5623 interpolator
3096 5539 3389 5623 his'verbis
3421 5539 3574 5623 ε’](ῖς
3616 5549 3752 5601 πάν·

483 5611 664 5687 Ἰησοῦ
696 5611 853 5683 (Eph.
880 5611 976 5737 T22
1012 5630 1118 5667 non
1160 5611 1232 5668 de
1273 5611 1430 5668 laude
1464 5611 1711 5683 Ephesiis
1762 5611 2057 5685 impertita,

483 5690 561 5737 «μό
607 5684 676 5736 de
712 5686 945 5737 orationi
970 5701 1053 5737 ms
1084 5686 1316 5737 Anostoli
1343 5702 1701 5737 exnonemus.
1748 5687 1843 5737 Est.
1883 5693 2062 5737 maui-

1912 5611 2057 5680 rlita',
2157 5637 2277 5672 τοτε
2307 5624 2363 5672 ὲν
2392 5611 2507 5683 τάῖς
2536 5620 2782 5692 δεήσεσιν
2814 5611 2977 5675 αὺτοῦ
3008 5620 3335 5693 μνημονεύει
3369 5618 3540 5689 ὑμῶν.

1908 5693 2062 5737 nani-
2231 5690 2343 5737 (39H
2376 5690 2598 5737 varn-
2634 5693 2689 5737 3-

470 5684 561 5739 and
607 5684 1316 5760 de__oratiouili_t_tsApostoli
1343 5702 1726 5760 exponemus._
1748 5684 1855 5741 Est,
1883 5693 2062 5760 mani-
2231 5690 2343 5760 (59)
2376 5684 2689 5760 Smyrufﬁ.

472 5754 834 5833 lcsta_allusio
864 5756 929 5833 :l‘d
955 5757 1083 5833 illud
1132 5755 1265 5833 Eph.
1300 5772 1336 5833 |_,
1372 5756 1439 5833 Ψ
1468 5776 1480 5809 :
1514 5756 1591 5809 Οὐ
1622 5756 1865 5833 παύομαι
1899 5759 2062 5833 εὐχε-

2161 5829 2190 5833 _
2232 5754 2343 5833 (10)
2376 5754 2517 5833 Phil.
2550 5762 2599 5815 7.
2632 5762 2845 5818 Addere
2884 5763 3147 5833 potuisset
3194 5762 3331 5833 Eph.
3375 5761 3464 5829 20,
3495 5756 3663 5813 Trall.
3693 5759 3750 5823 8,

472 5828 667 5883 οιστῶν
700 5824 847 5895 ὑπὲρ
880 5826 1053 5897 ὑμῶν,
1079 5826 1280 5903 μνείαν
1310 5824 1463 5896 ὑμῶν
1487 5824 1805 5898 ποιούμενός
1836 5829 1927 5881 ἐπὶ
1954 5824 2062 5883 αἰτῶν
2161 5824 2343 5903 Polyc.
2375 5830 2405 5883 7
