4134 6392
387 400 491 457 617
1094 403 1179 458 DE
1218 402 1682 459 lNTEGRITATE
1716 404 1992 461 TEXTUS
2030 406 2321 462 RECEPTI
2362 406 2506 461 EPP.
2547 408 2600 462 S.
2632 408 2910 464 IGNATII.
3531 416 3633 470 613

465 527 686 604 Neque
707 529 1157 603 argumentum
1188 542 1222 586 a
1254 525 1515 587 silentio
1549 527 1958 603 desumptum
1998 528 2303 590 sustineri
2336 528 2567 606 poterit
2594 552 2610 603 ;
2648 529 2881 591 suﬂicit
2911 533 3109 607 enim,
3136 540 3204 595 ut
3233 532 3635 612 applicentur

383 624 489 686 hic
516 634 892 703 argumenta
916 642 949 685 a
977 624 1082 685 Pol
1090 641 1324 703 ycarpo
1358 632 1419 685 et
1448 625 1789 702 Peregrina
1825 625 2090 687 Luciani
2130 628 2485 707 desumpta,
2512 648 2655 707 qum
2686 630 2939 709 egregie
2996 648 3032 693 a
3076 634 3422 697 Pearsonio
3460 634 3634 697 evol-

382 732 625 787 vuntur
657 725 805 806 (lit).
854 728 1013 806 Nam
1056 725 1447 802 Polycarpus
1480 724 1544 784 in
1578 741 1690 785 sua
1717 724 1793 785 ad
1828 723 2265 803 Philippenses
2298 726 2565 804 epistola
2592 726 2811 803 plures
2845 744 3031 804 quam
3072 735 3196 790 tres
3226 731 3457 809 lgnatii
3487 734 3632 811 epi-

380 828 572 889 stolas
605 827 931 906 supponit.
968 835 1071 893 Td;
1101 833 1383 893 ἐπιστολὰς
1414 827 1699 904 Ἰγνατίσυ,
1734 826 1843 900 ait,
1879 833 1969 886 τὰς
2001 854 2012 886 ι

2001 834 2327 905 πεμφθείσας
2365 837 2489 905 ἡμῖν
2533 828 2628 887 ὑπ’
2659 834 2847 902 αὐτοῦ,
2901 837 2986 887 καὶ
3007 830 3189 901 ἄλλας,
3224 834 3355 898 ὅσας
3408 836 3633 912 εἴχομεν

378 931 496 1010 παρ’
535 940 682 1010 ἡμῖν,
730 935 1032 1011 ἐπέμψαμεν
1066 937 1212 1010 ὑμῖν.
1250 933 1398 991 Ηωϐ
1434 932 1624 991 verba
1667 929 1990 1008 duplicem

2053 930 2386 1008 epistolam
2438 930 2516 989 ad
2560 929 2977 1008 Polycarpum
3020 937 3080 991 et
3133 947 3287 993 suos
3344 933 3626 1006 missam,

380 1046 573 1108 porro
610 1031 833 1093 saltem
862 1033 1019 1093 duas
1055 1032 1211 1093 alias
1242 1037 1640 1109 supponunt.
1674 1030 1809 1091 lmo
1839 1038 2053 1108 aperte
2083 1031 2368 1092 innuunt
2398 1031 2733 1108 epistolam
2766 1030 2842 1090 ad
2870 1032 3253 1109 Smyrnzeos,
3289 1049 3481 1112 quam
3512 1050 3629 1111 pro

378 1132 576 1194 notha
615 1134 953 1195 traducunt
1003 1133 1372 1194 adversarii.
1402 1134 1595 1195 Porro
1626 1150 1770 1211 quae
1791 1132 1869 1193 de
1892 1131 2155 1194 materia
2184 1131 2598 1209 epistolarum
2622 1149 2655 1193 a
2686 1130 3032 1209 Polycarpo
3062 1131 3365 1195 dicuntur
3396 1155 3413 1195 :
3449 1141 3629 1219 περιά-

375 1256 544 1306 χουσι
569 1241 753 1293 πίστιν
781 1237 867 1294 καὶ
893 1240 1158 1313 ὑπομονὴν
1190 1240 1277 1293 καί
1301 1243 1475 1292 πᾶσαν
1509 1235 1793 1311 οἰκοδομὴν
1814 1240 1909 1295 τήν
1938 1240 2014 1298 εἰς
2042 1237 2129 1291 τὸν
2161 1237 2351 1310 Κύριον
2380 1238 2528 1310 ἡμῶν
2566 1238 2882 1303 ἀνήκουσαν,
2912 1233 3068 1308 meo,
3100 1233 3387 1311 inquam,
3419 1233 3485 1295 in
3514 1238 3630 1314 Sy-

376 1334 623 1394 riacum
662 1341 903 1395 textum
938 1336 1153 1396 minus
1184 1335 1518 1413 quadrent,
1550 1334 1665 1415 qui
1694 1332 1828 1395 fere
1878 1332 2041 1393 nihil
2072 1333 2151 1394 de
2188 1331 2310 1392 [ide
2346 1332 2652 1395 continet.
2691 1334 2847 1407 Quae
2878 1334 2947 1395 in
2983 1351 3173 1396 suum
3212 1335 3627 1413 Peregrinum

374 1439 456 1499 ab
488 1436 737 1515 lgnatio
772 1437 1098 1499 transtulit
1130 1438 1449 1500 Lucianus
1474 1439 1691 1516 plures
1722 1435 1911 1497 etiam
1938 1433 2237 1510 epistolas
2267 1441 2665 1513 supponunt,
2713 1452 2903 1514 quam
2947 1452 3091 1514 quae
3120 1435 3187 1495 in
3219 1436 3479 1514 Syriaco
3514 1436 3626 1498 ha-

374 1539 658 1600 bentur:
698 1547 830 1599 Φασί
876 1542 955 1607 δὲ,
1005 1538 1090 1600 ait
1123 1538 1268 1619 (ἵε-2),
1310 1545 1508 1603 πάσαις
1545 1538 1743 1617 σχέδον
1797 1547 1914 1596 ταῖς
1960 1536 2185 1603 ἐνδόξοις
2230 1538 2442 1595 πόλεσιν
2473 1541 2751 1594 ἐπιστολὰς
2793 1537 3079 1613 διαπέμψαι
3111 1543 3306 1609 αὐτὸν,
3365 1540 3620 1608 διαθήκας

370 1648 524 1703 τινὰς
554 1652 639 1702 καὶ
662 1650 998 1723 παραινέσεις
1034 1649 1122 1701 καὶ
1151 1644 1371 1719 νόμους.

450 1770 873 1835 Conferantur
898 1787 1090 1851 porro
1121 1772 1255 1833 loca
1278 1770 1599 1850 parallela,
1633 1786 1776 1849 quae
1799 1786 1875 1830 ex
1898 1767 2003 1829 Pol
2012 1785 2271 1849 ycarpo,
2302 1770 3140 1848 Peregrino,Chrysostomo
3165 1771 3308 1850 (1:3),
3334 1771 3621 1835 Athana-

368 1875 467 1937 sio
505 1875 651 1955 (ωε),
692 1873 873 1936 aﬁ‘ert
922 1872 1351 1948 Pearsonius;
1412 1871 1775 1933 conferatur
1803 1869 1982 1931 locus
2039 1869 2388 1932 Clementis
2438 1870 2857 1933 Alexandrini
2917 1871 3013 1933 vel
3048 1871 3264 1950 potius
3310 1872 3622 1935 Theodoti

365 1971 809 2036 Valentiniani
835 1972 1002 2050 apud
1036 1972 1426 2033 Clementem
1459 1970 1528 2030 in
1552 1969 1828 2047 Eclogis,
1859 1984 1988 2046 quo
2016 1966 2332 2045 Ignatium
2364 1966 2651 2030 imitatur
2676 1968 2820 2048 (A5).
2856 1969 3283 2032 Conferantur
3310 1972 3618 2053 denique,

364 2094 513 2157 quae
542 2093 618 2137 ex
649 2071 1235 2137 Constitutionibus
1268 2066 1888 2149 pseudoapostolicis
1924 2065 2134 2127 attulit
2174 2066 2311 2144 ipse
2359 2065 2603 2128 Ritschl
2651 2067 2798 2146 (liti),
2839 2087 2918 2130 ex
2949 2070 3200 2148 lgnatio
3252 2070 3617 2152 desumpta,

366 2178 647 2257 plurima
678 2174 1101 2252 reperientur,
1145 2189 1290 2251 qum
1320 2188 1448 2232 non
1494 2170 1622 2231 nisi
1655 2186 1733 2230 ex
1766 2173 1986 2230 nostro
2022 2175 2199 2230 textu
2232 2168 2485 2230 desumi
2527 2175 2899 2248 potuerunt.

444 2279 602 2339 Cum
642 2291 796 2336 vero
831 2281 916 2337 tot
947 2291 1017 2335 ac
1054 2281 1242 2333 tantm
1292 2272 1421 2333 sint
1449 2269 1881 2344 auctoritates,
1929 2286 2075 2349 qua;
2118 2277 2410 2332 nostrum
2463 2276 2707 2331 textum
2762 2276 3085 2347 tueantur,
3133 2272 3310 2336 nulla
3348 2275 3617 2339 omnino

362 2384 481 2451 est,
517 2396 662 2458 qua:
693 2379 852 2455 Syro
891 2375 1222 2438 Curetonii
1258 2374 1529 2454 positive
1560 2372 1765 2435 faveat
1815 2373 2084 2452 ejusque
2116 2374 2457 2435 lectionem
2507 2382 2837 2453 sequatur.
2870 2377 3091 2455 Neque
3121 2375 3241 2438 hoc
3270 2394 3615 2457 argumen-

361 2487 498 2539 tum
531 2495 566 2541 a
604 2476 865 2539 silentio
888 2478 1300 2556 desumptum
1327 2476 1593 2537 omnino
1619 2475 1986 2554 negativum
2021 2482 2136 2537 est.
2170 2478 2324 2537 Nam
2350 2476 2728 2538 incredibile
2761 2477 3027 2540 omnino
3059 2484 3174 2551 est,
3212 2486 3299 2540 tot
3335 2482 3609 2556 saaculis,

358 2584 530 2644 inter
567 2589 655 2644 tot
686 2580 915 2661 lgnatii
949 2581 1306 2651 citationes,
1342 2580 1582 2640 nullam
1622 2579 1814 2658 plane
1876 2579 2172 2657 reperiri,
2204 2596 2347 2658 qum
2409 2586 2651 2641 textum
2710 2580 3026 2659 ejusmodi
3073 2582 3351 2661 proferat
3401 2585 3612 2663 qualis

355 2686 426 2747 in
468 2686 598 2747 illis
632 2685 1039 2748 collectaneis
1070 2684 1349 2763 Syriacis
1387 2684 1596 2758 adest;
1650 2682 1736 2744 ita
1781 2690 1852 2744 ut
1914 2689 2039 2744 tota
2077 2682 2427 2744 adversarii
2460 2699 2649 2744 causa
2692 2692 2923 2761 przeter
2974 2685 3253 2746 rationes
3297 2686 3611 2764 quasdam

355 2787 645 2850 internas
676 2788 979 2849 omnibus
1004 2787 1211 2847 modis
1250 2794 1552 2848 nutantes
1604 2792 1798 2865 atque
1856 2784 2132 2847 incertas
2168 2786 2380 2864 plane,
2419 2786 2731 2848 innitatur
2768 2790 3209 2850 tantummodo
3248 2789 3609 2851 auctoritati

356 2890 483 2953 viri
514 2891 779 2953 omnino
810 2891 1038 2971 ignoti,
1076 2892 1153 2953 de
1183 2901 1312 2970 Quo
1344 2908 1424 2953 ne
1465 2891 1726 2970 quidem
1759 2890 2017 2969 probari
2045 2890 2303 2969 poterit,
2335 2890 2506 2969 quod
2532 2907 2721 2951 suum
2762 2897 3003 2952 textum
3038 2891 3393 2970 genuinum
3424 2892 3609 2970 lgna-

356 2994 520 3057 tium
551 3011 691 3057 esse
722 2995 874 3057 velit
909 3003 969 3058 et
1000 3002 1287 3057 testetur.

432 3120 614 3193 Quod
649 3138 800 3183 vero
834 3120 1095 3182 maximi
1128 3128 1223 3183 est
1258 3120 1588 3197 momenti,
1617 3120 1735 3201 ipsi
1769 3120 1937 3201 Syri,
1971 3137 2136 3201 quos
2170 3120 2491 3200 duplicem
2527 3120 2835 3182 exsistere
2867 3120 3185 3199 Ignatium
3214 3120 3436 3201 fugere
3479 3137 3609 3183 non

350 3225 710 3301 potuisset;
768 3223 901 3285 imo
947 3222 1071 3301 ipsi
1104 3222 1593 3302 Menephysita),
1640 3240 1803 3303 quos
1826 3231 2044 3287 noster
2084 3224 2369 3303 lgnatius
2403 3240 2530 3284 non
2567 3221 2782 3283 minus
2819 3239 3011 3301 quam
3043 3221 3145 3283 sui
3191 3222 3310 3283 aevi
3339 3223 3609 3283 Doeetas

342 3324 623 3409 jugulat,
657 3324 867 3401 ipsum
892 3329 1270 3402 agnoscunt,
1297 3324 1485 3385 toties
1510 3322 1635 3385 sibi
1659 3322 1976 3402 objectum
2003 3339 2134 3385 non
2153 3321 2474 3402 rejiciunt,
2497 3322 2628 3382 imo
2652 3328 2720 3383 ut
2745 3323 3118 3384 auctoritate
3144 3321 3286 3400 ipso
3309 3328 3607 3398 utuntur,

350 3444 497 3489 cum
530 3426 717 3488 facile
772 3423 1007 3485 fuisset
1044 3424 1121 3485 ad
1162 3422 1523 3485 breviorem
1557 3430 1825 3496 textum,
1860 3421 1973 3500 qui
2026 3423 2411 3500 paucissima
2452 3420 2614 3499 ipsis
2670 3421 2984 3483 contraria
3038 3420 3342 3492 continet,
3376 3435 3610 3499 provo-

352 3544 525 3590 care.
560 3528 653 3587 Ex
684 3525 1015 3587 codicibus
1066 3522 1343 3601 Syriacis
1379 3522 1519 3601 ipse
1550 3522 1829 3583 Cureton
1887 3522 2019 3582 loca
2055 3520 2327 3582 extraxit
2360 3517 2599 3589 Severi,
2640 3516 3027 3579 Antiocheni
3076 3517 3451 3595 patriarchae
3491 3534 3609 3579 saa-

350 3629 484 3693 cull
526 3648 589 3697 v.
622 3627 735 3707 qui
762 3626 827 3687 in
861 3624 1193 3703 allegando
1216 3622 1461 3701 Ignatio
1492 3621 1710 3683 critice
1758 3620 1949 3682 etiam
1982 3619 2273 3698 procedit
2333 3617 2482 3696 (Η),
2527 3615 2873 3690 Timothei,
2922 3616 3295 3693 patriarchae
3334 3617 3604 3677 Alexan-

347 3731 521 3793 drini
552 3727 772 3790 saeculi
804 3745 887 3797 vr,
922 3724 1186 3787 Joannis
1216 3724 1571 3804 cujusdam,
1597 3723 1918 3797 monachi,
1950 3722 2397 3799 aliorumque;
2423 3726 2573 3781 sunt
2605 3724 2667 3779 et
2698 3717 2834 3779 loca
2865 3717 3278 3791 Theodoreti,
3316 3716 3605 3796 episc0pi

351 3828 527 3909 Cyri,
567 3825 915 3905 Ephraemii
969 3823 1376 3895 Antiocheni,
1464 3822 1729 3883 Joannis
1784 3819 2160 3883 Damasceni
2215 3822 2485 3900 ejusque
2536 3818 2839 3899 discipuli
2900 3816 3215 3892 Antonii,
3272 3815 3601 3878 Anastasii

349 3930 761 4004 Antiocheni,
795 3931 908 3990 lbn
944 3929 1168 3995 Zobra,
1213 3925 1541 3996 Jacobitaa,
1575 3924 1899 3987 Anastasii
1932 3923 2191 3985 Sinaitaa
2235 3923 2669 4002 aliorumque,
2719 3920 2832 4001 qui
2880 3919 3355 3999 Monophysitis
3410 3920 3602 3983 etiam

347 4035 669 4115 Ignatium
700 4037 1036 4110 opponunt
1077 4050 1091 4088 :
1132 4043 1356 4087 omnes
1407 4033 1651 4087 textum
1694 4034 1984 4086 nostrum
2028 4032 2489 4104 repraesentant
2547 4031 2608 4085 et
2658 4040 2846 4085 nemo
2892 4022 3301 4085 contradixit.
3353 4024 3604 4086 Habent

347 4137 495 4216 Syri
527 4151 846 4199 canonum
904 4130 1383 4203 collectionem,
1438 4145 1630 4207 quam
1680 4134 1823 4189 ante
1853 4127 2377 4189 Nestorianorum
2412 4128 2491 4188 ab
2545 4125 2827 4187 Ecclesia
2856 4125 3210 4186 discessum
3247 4123 3601 4187 confectam

342 4235 553 4298 fuisse
585 4238 855 4313 oportet,
907 4247 1051 4293 cum
1084 4230 1249 4308 apud
1284 4245 1509 4290 omnes
1552 4226 1981 4288 Orientalium
2014 4233 2216 4288 sectas
2252 4225 2634 4304 reperiatur.
2668 4226 2878 4304 Hujus
2912 4224 3196 4285 codicem
3232 4224 3600 4287 Mediceuzn

344 4336 568 4398 saeculi
617 4353 657 4395 x
695 4333 790 4395 vel
824 4352 895 4393 χι
925 4315 1370 4393 Renaudotius
1403 4329 1562 4391 vidit
1606 4335 1667 4390 et
1715 4327 2054 4405 descripsit
2104 4327 2264 4407 (liS);
2316 4328 2604 4407 ejusdem
2638 4329 2917 4389 Cureton
2965 4325 3247 4387 codicem
3298 4326 3598 4401 alterum,

345 4435 505 4498 olim
538 4433 948 4505 Renaudotii,
981 4438 1121 4511 post
1152 4447 1303 4493 vero
1340 4434 1400 4492 S.
1438 4429 1741 4491 Germani
1778 4431 1857 4491 de
1888 4429 2113 4500 Pratis,
2147 4429 2439 4491 adhibuit
2487 4428 2633 4509 (ιι9).
2674 4430 2821 4489 Haec
2858 4443 3009 4489 vero
3042 4444 3362 4487 canonum
3396 4427 3597 4489 colle-

344 4538 475 4599 ctio
504 4537 689 4598 eﬂ‘ata
713 4534 947 4614 Ignatii
986 4553 1063 4596 ex
1097 4533 1390 4613 epistolis
1437 4533 1515 4594 ad
1564 4531 2039 4611 Magnesianos,
2085 4530 2470 4604 Trallenses,
2516 4527 3105 4607 Philadelphenses,
3147 4527 3598 4603 Smyrnenses,

342 4638 748 4719 proindeque
784 4644 1022 4699 textum
1057 4641 1349 4695 nostrum
1403 4633 1682 4695 exhibet.
1737 4632 2034 4712 Denique
2082 4631 2463 4704 Ebed-Jesu,
2510 4627 2963 4701 Nestorianus,
3025 4625 3433 4703 metropolita
3483 4628 3596 4687 Sa-

340 4739 586 4810 liensis,
631 4738 744 4817 qui
772 4736 1007 4799 szeculo
1044 4754 1163 4795 xm
1195 4741 1495 4807 exeunte,
1547 4752 1659 4798 xxv
1698 4733 1963 4795 ineunte
2011 4732 2252 4807 ﬂoruit,
2295 4732 2651 4811 catalogum
2700 4729 3086 4808 scriptorum
3134 4745 3268 4788 sum
3314 4727 3596 4789 nationis

338 4844 694 4901 contexens
726 4838 804 4898 de
835 4836 1083 4915 Ignatio
1116 4836 1248 4895 hinc
1270 4834 1459 4895 habet
1495 4832 1615 4912 (50)
1652 4856 1666 4896 :
1702 4834 2001 4893 Damasus
2030 4834 2359 4912 episcopus
2396 4834 2600 4892 Romae
2630 4832 2887 4908 scripsit
2921 4830 2994 4891 de
3036 4847 3103 4889 re
3132 4828 3277 4907 ﬁdei
3308 4839 3363 4889 et
3397 4849 3589 4889 cano-

335 4961 470 5015 nes,
508 4949 564 5000 et
613 4939 905 5017 [gnatius
944 4938 1274 4999 similiter.
1309 4941 1679 5000 Sermonem
1737 4940 1843 5000 hic
1891 4956 2031 5001 esse
2059 4939 2137 4999 de
2178 4937 2469 5017 epistolis
2517 4936 2773 5015 Ignatii,
2818 4942 2891 4997 ut
2944 4936 3335 4995 Assemanus
3376 4934 3499 5012 (51)
3533 4944 3597 4997 et

335 5045 673 5109 Fabricius
703 5044 825 5124 (52)
857 5044 1226 5115 admittunt,
1258 5043 1543 5105 dubitari
1592 5044 1846 5121 nequit,
1878 5044 2204 5123 siquidem
2239 5051 2299 5103 et
2330 5043 2583 5103 Damasi
2616 5058 2833 5119 opera,
2866 5058 3011 5120 qum
3051 5056 3195 5101 cum
3236 5040 3590 5118 Ignatianis

335 5153 446 5215 hic
475 5156 974 5237 componuntur,
1005 5148 1291 5224 epistola
1318 5144 1604 5207 fuerunt.
1642 5147 1792 5206 Haec
1819 5163 1996 5218 vero,
2045 5163 2191 5224 qua)
2246 5144 2403 5205 dicit
2442 5145 2804 5205 Ebed-Jesu
2859 5141 2928 5202 in
2972 5148 3221 5203 textum
3254 5141 3590 5205 Curetonii

408 5356 524 5426 (41)
546 5353 695 5411 Part.
730 5371 770 5421 ι,
800 5369 851 5410 c.
875 5355 931 5423 2,
965 5353 1018 5419 5,
1041 5353 1092 5407 4.
2017 5350 2040 5402 1

2017 5349 2176 5426 litigi,
2202 5348 2291 5403 ed.
2332 5346 2529 5426 Migne.
2563 5344 2925 5426 Cf._ejli5tl‘e-m
2963 5340 3320 5426 εοέςᾷέιὶιιιζῃ.
3350 5337 3582 5426 ριξωυη

404 5408 521 5497 (‘iéj
553 5408 770 5479 Ni'ii.’
812 5408 825 5410 ’
917 5408 931 5423 ’
1006 5408 1017 5419 ’
2015 5408 2439 5497 ᾳρ-ιίίιυιιεηξζ
2482 5408 2788 5497 ιεειρῃίίςι.
2836 5413 2988 5497 1I,_p.
3027 5411 3154 5497 διὲξ,
3200 5410 3309 5497 9.1;.
3352 5408 3584 5497 liram:

405 5478 520 5567 μῧῖ
553 5478 614 5567 C.
647 5478 729 5550 9.2
2016 5490 2037 5541 1

2016 5490 2187 5567 1847,
2208 5478 2356 5567 etvad
2382 5478 2654 5567 LitJJoh.
2696 5478 2991 5567 Αρίᾳὶιιιξρ,
3010 5480 3161 5567 mni,
3199 5488 3237 5533 t.
3270 5478 3334 5543 ll,
3367 5494 3419 5546 p.
3457 5478 3582 5533 488.

405 5551 520 5635 (in
551 5565 613 5620 C.
647 5567 699 5619 8.

2086 5560 2197 5635 (te)
2229 5559 2431 5635 ροςραε
2470 5555 2613 5635 Ιριιη
2644 5572 2696 5625 ρ.
2733 5551 3168 5635 ιθιλὲξξδδιε.

552 5616 699 5691 part.
734 5652 793 5701 ιι,
825 5651 874 5689 e.
908 5636 994 5701 10,
1026 5653 1081 5690 ιι.
1108 5637 1165 5691 3.

2086 5616 2200 5704 (se)
2221 5616 2360 5704 p.91
2381 5643 2468 5697 ap.
2496 5616 2808 5689 luisset-nam,
2830 5623 2971 5677 Bibl.
3002 5616 3232 5685 0rient.,
3256 5628 3293 5675 t.
3325 5616 3413 5685 ιιι,
3442 5626 3580 5688 part.

405 5644 499 5704 (45
552 5644 699 5691 Part.
734 5652 793 5701 ιι,
825 5651 874 5689 e.
908 5644 994 5701 10,
1026 5653 1081 5690 ιι.
1108 5644 1165 5691 5.

404 5644 520 5774 (4(ίῖ
548 5705 611 5759 Ρ.
645 5707 770 5769 406,
801 5705 926 5771 602,
956 5708 1079 5761 6l8.
2015 5712 2036 5753 ῐ

634 5646 699 5689 rt.
734 5652 793 5701 ιι,
825 5651 874 5689 c.
908 5644 994 5701 10,
1026 5653 1081 5690 ιι.
1108 5644 1165 5691 5.
2086 5644 2199 5697 (δυ)
2228 5644 2266 5682 υ

645 5707 770 5769 406,
801 5705 926 5771 602,
956 5708 1079 5761 6l8.
2015 5712 2052 5762 ῐ,

404 5767 1311 5856 (41)ροντ’-.Ῑθηςῖροὲὤρὲἑδν
1435 5845 1446 5856 .
1529 5842 1542 5856 .
1610 5850 1619 5856 ,
1839 5841 1875 5856 ί.

964 5776 1311 5856 -φιδρξικι-
1435 5845 1446 5856 .
1839 5841 1875 5856 ί.
2083 5767 2596 5856 ςξὲ,1ὶεςτ,ς-›,ιλ¹⁷-

403 5834 518 5916 (48)
552 5834 854 5916 Ρίνήιέιιιῖιέ
882 5834 959 5901 ἰίϐ
1001 5847 1053 5899 la
1080 5834 1189 5917 fui,
1215 5849 1250 5901 Ι.
1293 5863 1365 5915 Ix,
1400 5845 1486 5901 Ch.
1526 5842 1572 5911 l,
1608 5850 1645 5898 l.
1677 5840 1761 5911 Ill,
1796 5841 1900 5897 C01.

1314 5863 1365 5915 x,
1400 5845 1486 5901 cli.
1526 5842 1572 5911 l,
1608 5850 1645 5898 ι,
1677 5840 1761 5911 ιιι,
1796 5841 1900 5897 col.
2084 5834 2196 5909 (se)
2224 5834 2601 5906 monerem,
2633 5845 2671 5892 t.
2706 5834 2768 5904 v,
2806 5835 2940 5906 [1.4.

648 5942 920 6002 Puncta
982 5940 1098 6001 GR.
1167 5940 1241 5999 V.

3192 5924 3268 5987 20
