4134 6446
540 435 642 491 619
1619 434 1673 488 S.
1712 432 2056 489 IGNATIUS.
2086 464 2151 472 --

2142 464 2151 471 -
2190 430 2718 488 PROLEGOMENA.
3671 438 3774 493 620

541 550 807 610 minime
839 549 1174 627 quadrant,
1220 550 1400 629 cujus
1436 549 1711 626 idipsum
1749 550 2078 629 proprium
2132 559 2249 626 est,
2304 557 2373 611 ut
2418 550 2656 621 omnia,
2694 567 2837 627 qum
2892 549 2969 610 de
3022 550 3139 611 fide
3194 558 3253 613 et
3309 552 3647 632 disciplina
3694 557 3770 615 ab

538 650 785 729 lgnatio
815 650 978 712 dicta
1011 660 1181 726 sunt,
1214 652 1539 713 exciderit.

2090 778 2205 837 IX.

527 924 761 1001 Syrum
791 925 993 999 illum,
1024 928 1134 1005 qui
1163 928 1477 1006 lgnatium
1514 928 2024 1067 Curetonianunzl
2040 928 2395 1086 discripsit,
2439 936 2679 987 textum
2712 931 3111 1003 excerpsisse,
3148 932 3256 1006 qui
3304 948 3340 987 α
3387 938 3605 987 nostro
3644 948 3773 989 non

2029 1027 2045 1066 ι
2106 1026 2204 1066 ere
2246 1016 2338 1070 al.

2029 1016 2307 1070 ill‘erebal
2320 1054 2338 1070 .

614 1156 677 1217 Si
711 1154 895 1217 nobis
924 1154 1166 1233 integra
1206 1155 1414 1217 versio
1445 1156 1697 1234 Syriaca
1731 1164 2061 1235 prostaret,
2095 1175 2238 1236 quae
2270 1157 2334 1216 in
2378 1156 2527 1227 illis,
2562 1173 2708 1235 quae
2751 1157 2947 1235 Syrus
2990 1156 3319 1217 Curetonii
3379 1158 3669 1226 retinuit,
3703 1157 3775 1219 in

537 1258 991 1320 vocabulorum
1027 1256 1273 1316 delectu
1307 1262 1365 1315 et
1401 1254 1627 1315 ordine
1657 1256 2046 1316 adamussim
2116 1263 2496 1316 consonaret
2521 1272 2665 1317 cum
2706 1256 2865 1332 ipso,
2894 1255 3005 1315 sed
3049 1262 3109 1315 et
3143 1272 3214 1316 ea
3246 1256 3599 1331 exhiberet,
3631 1274 3779 1335 quas

537 1359 661 1437 ipsi
702 1359 955 1427 desunt,
990 1355 1234 1416 nemini
1264 1355 1533 1415 dubium
1574 1364 1951 1429 remaneret,
1993 1356 2493 1417 Curetonianum
2542 1362 2786 1417 textum
2827 1371 2953 1416 non
2994 1354 3118 1415 nisi
3152 1372 3264 1434 pro
3294 1356 3609 1434 excerptis
3657 1356 3775 1417 lia-

541 1458 848 1530 bendum,
906 1472 1049 1516 cum
1108 1451 1439 1515 moraliter
1494 1452 1895 1531 impossibile
1931 1454 2036 1526 sit,
2070 1453 2230 1513 duos
2270 1452 2663 1514 traductores
2704 1454 2790 1513 ita
2820 1468 3222 1520 concurrere.
3275 1466 3342 1514 ut
3393 1452 3764 1515 nullatenus

536 1558 857 1619 differant.
889 1559 1126 1617 Verum
1173 1553 1488 1631 ejusmodi
1521 1554 1733 1616 versio
1768 1554 2103 1632 hucusque
2132 1555 2377 1615 detecta
2408 1570 2536 1615 non
2569 1560 2663 1615 est
2702 1550 2851 1635 (53).

620 1657 836 1719 Nihilo
871 1664 1075 1717 tamen
1112 1655 1324 1715 secius
1360 1654 1529 1715 idem
1567 1654 2030 1731 praestabimus,
2066 1653 2120 1714 si
2149 1653 2544 1733 fragmentis,
2579 1672 2724 1733 quaa
2753 1654 2890 1732 ipse
2925 1655 3203 1716 Cureton
3234 1654 3422 1715 nobis
3471 1656 3778 1733 suppedi-

535 1763 645 1833 tat,
674 1766 1032 1836 Opportune
1067 1764 1344 1818 utamur.
1380 1756 1538 1815 Sunt
1567 1754 1738 1815 enim
1768 1756 1973 1834 plura,
2009 1773 2153 1835 quaa
2182 1758 2257 1818 ad
2291 1757 2556 1817 verbum
2610 1771 2756 1816 cum
2803 1771 2921 1817 suo
2952 1756 3112 1833 Syro
3156 1760 3531 1824 consonant,
3578 1754 3663 1815 ita
3707 1763 3776 1817 ut

534 1866 596 1921 et
624 1861 963 1921 verborum
998 1858 1287 1919 ordinem
1323 1854 1664 1927 retineant,
1702 1856 1756 1917 si
1790 1857 1953 1920 levia
1983 1859 2270 1936 quaadam
2319 1857 2626 1934 excipias,
2680 1874 2825 1935 qua;
2873 1872 3003 1917 non
3041 1855 3477 1916 diversitatem
3531 1855 3775 1915 versio-

532 1978 713 2035 num,
744 1961 854 2022 sed
885 1961 1173 2022 codicum
1208 1965 1454 2021 tantum
1501 1960 1784 2039 ejusdem
1818 1960 2136 2021 versionis
2186 1960 2520 2020 inducunt.
2554 1961 2701 2019 Haec
2729 1965 2943 2019 tamen
2983 1958 3121 2035 ipsa
3153 1956 3463 2018 nonnulla
3502 1957 3776 2036 subjun-

530 2067 711 2138 gunt,
767 2079 912 2139 quae
963 2061 1434 2123 Curetoniauus
1484 2078 1614 2122 non
1666 2061 1876 2123 habet.
1912 2064 2177 2140 Oportet
2210 2062 2408 2140 igitur
2451 2061 2773 2123 exstitisse
2805 2067 3083 2122 veterem
3133 2060 3474 2138 quamdam
3542 2057 3773 2137 lgnatii

532 2162 921 2237 versionem,
958 2180 1077 2224 usu
1124 2164 1305 2226 valde
1340 2162 1575 2235 tritam,
1612 2180 1690 2225 ex
1733 2180 1859 2242 qua
1889 2164 2088 2242 Syrus
2129 2162 2457 2224 Curetunii
2485 2178 2598 2223 sua
2630 2166 2923 2239 excerpta
2952 2158 3317 2222 confecerit.
3365 2160 3525 2220 Sunt
3555 2164 3770 2219 autem

528 2264 882 2343 fragmenta
909 2264 1040 2325 llth
1075 2288 1087 2325 :
1120 2282 1197 2326 ex
1232 2265 1486 2343 Syriaca
1516 2282 1834 2327 canonum
1862 2263 2263 2334 collectione,
2299 2274 2361 2323 et
2402 2280 2479 2323 ex
2524 2261 2792 2339 epistola
2834 2261 3097 2341 quidem
3129 2261 3203 2321 ad
3238 2258 3575 2337 Ephesios,
3604 2278 3668 2323 n.
3698 2264 3776 2322 15

532 2364 624 2444 (in
658 2364 939 2443 Corpore
964 2354 1326 2441 lgnatc'ano,
1357 2386 1416 2445 p.
1462 2367 1617 2437 197;
1650 2366 1728 2427 cf.
1765 2383 1827 2444 p.
1864 2365 2005 2445 32);
2042 2382 2115 2425 ex
2150 2362 2415 2440 epistola
2446 2363 2521 2423 ad
2554 2362 2940 2436 Trallenses,
2976 2379 3039 2422 n.
3075 2362 3112 2422 5
3144 2359 3350 2439 (ibid.,
3407 2377 3466 2437 p.
3500 2363 3654 2434 198;
3688 2362 3769 2423 cf.

531 2480 593 2539 ις».
628 2461 763 2539 56);
800 2479 877 2522 ex
921 2462 1190 2540 epistola
1233 2465 1309 2524 ad
1362 2464 1803 2542 Polycarpum,
1858 2481 1919 2524 n.
1972 2465 2009 2523 3
2060 2462 2266 2543 (ibid.,
2310 2480 2368 2539 p.
2407 2464 2560 2537 198;
2590 2462 2672 2524 cf.
2707 2481 2769 2541 p.
2808 2463 2902 2541 6);
2956 2478 3032 2522 ex
3067 2460 3283 2521 eadem
3318 2458 3612 2537 epistola,
3650 2466 3775 2523 n.6

534 2563 740 2642 (ibid,
779 2580 837 2642 p.
878 2565 1025 2637 198;
1053 2563 1133 2625 cf.
1173 2582 1232 2643 p.
1271 2564 1403 2637 12);
1445 2581 1525 2625 ex
1556 2567 1774 2625 eadem
1819 2580 2029 2643 porro,
2066 2581 2127 2623 η.
2168 2567 2203 2623 7
2236 2561 2441 2643 (ibid,
2484 2581 2544 2641 p.
2570 2564 2725 2636 201;
2759 2562 2839 2623 cf.
2879 2579 2938 2639 p.
2984 2561 3121 2635 1h);
3170 2569 3232 2621 et
3261 2559 3613 2639 fragmenta
3639 2557 3777 2634 epi-

534 2662 713 2723 stola)
736 2664 811 2723 ad
847 2666 1167 2725 Romanos
1198 2683 1274 2726 ex
1312 2666 1453 2726 cod.
1490 2665 1641 2724 Brit.
1669 2666 1832 2725 Mus.
1858 2663 2016 2724 Add.
2054 2680 2169 2724 ms.
2198 2664 2415 2735 17,131;
2447 2663 2748 2736 etilt,577
2775 2670 2836 2724 et
2865 2664 2932 2724 in
2965 2663 3234 2742 epistola
3262 2663 3527 2725 Joannis
3550 2662 3771 2722 Mona-

534 2762 636 2823 chi
670 2763 747 2823 ad
779 2763 1159 2841 EutrOpium
1196 2772 1256 2825 et
1286 2764 1634 2825 Eusebium
1669 2762 1874 2841 (ibid.,
1910 2781 1969 2840 p.
2010 2762 2333 2836 296,201,
2358 2763 2513 2835 207;
2547 2760 2624 2823 cf.
2660 2780 2720 2840 p.
2756 2762 2813 2833 Ιι,
2853 2764 2911 2833 6,
2954 2758 3078 2839 50).

615 2864 786 2924 ldem
820 2863 1007 2943 plane
1035 2865 1325 2943 emergit,
1364 2864 1419 2925 si
1471 2871 1746 2925 veterem
1786 2864 2226 2925 Armeniacam
2276 2864 2666 2932 versionem,
2702 2878 2759 2923 a.
2806 2863 2959 2922 1783
2988 2860 3541 2939 ConstantinOpoli
3601 2862 3773 2940 typis

534 2964 914 3037 mandatam,
953 2973 1018 3026 et
1066 2962 1219 3027 aCl.
1282 2966 1703 3027 Petermauno
1756 2965 1832 3025 ad
1882 2970 2116 3024 nostras
2146 2963 2525 3042 quaestionis
2559 2962 2948 3023 solutionem
2999 2961 3373 3035 adhibitam,
3416 2979 3560 3022 cum
3609 2966 3772 3041 Syro

533 3064 956 3126 conferamus.
988 3066 1179 3126 Fines
1208 3067 1393 3127 nobis
1425 3073 1695 3127 statutos
1725 3064 2338 3142 transgrederemur,
2383 3063 2435 3123 si
2486 3064 2741 3142 singula
2775 3065 2995 3125 omnia
3039 3063 3447 3136 referremus,
3481 3082 3628 3143 qua)
3677 3065 3774 3125 vir

534 3166 899 3244 linguarum
932 3164 1357 3226 Orientalium
1396 3164 1825 3243 peritissimus
1856 3164 1972 3225 hac
2008 3164 2086 3225 de
2126 3180 2195 3224 re
2233 3163 2527 3225 contulit.
2560 3162 2840 3225 Sufﬁciat
2868 3164 3068 3244 igitur
3097 3164 3176 3225 de
3210 3164 3487 3244 singulis
3518 3166 3596 3227 ad
3621 3184 3773 3228 eum

535 3266 860 3328 remittere
892 3272 953 3327 et
981 3266 1369 3343 generaliori
1404 3274 1773 3346 conspectu,
1808 3285 1953 3347 quae
1986 3285 2061 3328 ex
2096 3266 2302 3345 ipsius
2334 3264 2663 3327 laboribus
2699 3266 3035 3340 resultant,
3067 3267 3409 3329 indicasse.
3445 3268 3513 3329 Id
3557 3276 3772 3332 autem

534 3367 853 3430 sexcentis
886 3368 1040 3428 locis
1072 3370 1352 3431 ostendit
1394 3370 1809 3448 interpretem
1849 3369 2328 3442 Armeniacum,
2360 3385 2395 3431 a
2426 3385 2561 3429 suae
2590 3368 2832 3447 linguae
2890 3370 3084 3448 genio
3113 3376 3174 3431 et
3198 3369 3442 3446 regulis
3478 3372 3777 3436 receden-

541 3475 694 3543 tem,
734 3467 973 3530 idioma
1005 3469 1335 3548 Syriacum
1363 3472 1627 3545 imitari,
1656 3488 1933 3550 quorum
1968 3472 2442 3550 Syriasmorum
2476 3487 2607 3531 non
2640 3470 2856 3531 minus
2880 3486 3073 3549 quam
3100 3488 3212 3530 sex
3240 3470 3473 3531 classes
3503 3488 3777 3534 enume-

532 3581 667 3640 rat;
703 3566 979 3645 plurima
1013 3584 1202 3646 porro
1231 3568 1582 3649 sphalmata
1630 3570 1936 3643 inveniri,
1971 3586 2116 3648 qua)
2144 3569 2405 3630 nonnisi
2449 3586 2527 3630 ex
2559 3576 2735 3629 textu
2772 3570 3032 3648 Syriaco
3066 3570 3228 3630 male
3263 3569 3423 3631 lecto
3456 3572 3552 3632 vel
3584 3572 3777 3634 intel-

536 3670 695 3730 lecto
728 3669 1029 3747 explicari
1060 3678 1327 3749 queant;
1364 3673 1713 3733 Armenum
1747 3671 2103 3749 saepissime
2160 3670 2467 3734 lectiones
2501 3670 2597 3731 vel
2631 3671 3150 3749 orthographiam
3188 3670 3331 3748 Syri
3373 3672 3583 3750 sequi,
3629 3691 3779 3751 pro-

520 3770 815 3849 indeque
846 3772 1088 3850 absque
1131 3772 1332 3834 dubio
1361 3773 1851 3843 admittendum,
1912 3770 2270 3833 versionem
2318 3771 2641 3849 Syriacam
2679 3771 3017 3832 mediatam
3063 3788 3203 3833 esse
3252 3772 3520 3851 ejusque
3554 3776 3780 3852 proxi-

530 3886 711 3931 mum
745 3869 989 3932 fontem
1023 3872 1345 3950 Syriacam
1397 3876 1737 3953 quamdam
1776 3872 2257 3936 translationem
2293 3872 2527 3935 fuisse.
2558 3874 2752 3935 Porro
2792 3873 3095 3947 ostendit,
3129 3876 3481 3934 Armenum
3522 3876 3595 3936 in
3628 3877 3775 3951 plu-

514 3970 720 4032 rimis
744 3987 781 4033 a
818 3971 1061 4033 caateris
1089 3972 1500 4038 versionibus
1544 3973 1821 4052 Syriacis
1855 3975 2169 4045 recedere,
2209 3991 2354 4054 qum
2388 3973 2456 4034 in
2496 3972 2869 4052 fragmentis
2901 3989 2934 4034 a
2983 3974 3335 4037 Curetonio
3369 3974 3651 4037 collectis
3680 3976 3779 4037 di.-

532 4066 926 4131 versissimaa
986 4069 1329 4138 habentur.
1394 4077 1455 4132 et
1496 4088 1631 4131 eam
1664 4071 1849 4148 sequi
1888 4087 2079 4149 quam
2127 4070 2237 4133 ille
2280 4087 2394 4149 pro
2435 4071 2567 4131 veri
2596 4072 2827 4151 lgnatii
2864 4073 3165 4133 versione
3198 4074 3421 4149 edidit,
3464 4074 3596 4134 imo
3626 4090 3775 4135 cum

534 4170 653 4231 hac
688 4171 752 4230 in
781 4169 1057 4248 singulis
1095 4170 1364 4231 vocibus
1406 4169 1747 4230 reddendis
1780 4170 2014 4230 mirum
2041 4169 2108 4230 in
2142 4170 2403 4231 modum
2433 4186 2811 4247 congruere,
2845 4170 3022 4247 quod
3058 4187 3211 4232 casu
3268 4172 3406 4232 ﬁeri
3460 4172 3773 4251 potuisse,

535 4287 800 4349 prorsus
837 4270 1195 4347 negandum
1243 4276 1360 4331 est.
1392 4271 1576 4342 Quod
1626 4268 1679 4329 si
1715 4270 2004 4347 quaedam
2050 4271 2199 4343 sint,
2239 4270 2380 4331 licet
2417 4286 2636 4347 pauca,
2674 4270 2742 4330 in
2767 4270 3009 4348 quibus
3055 4273 3379 4334 Armenus
3422 4290 3456 4334 a
3506 4276 3665 4352 Syro
3696 4277 3776 4336 ad

535 4373 824 4433 Graecum
860 4372 1156 4431 recedere
1197 4369 1505 4439 videatur,
1541 4369 1601 4429 id
1639 4376 1855 4429 censet
1885 4369 1980 4430 vir
2011 4370 2424 4432 doctissimus
2475 4370 2629 4430 inde
2685 4377 2923 4443 ortum,
2955 4372 3129 4448 quod
3170 4375 3435 4435 Armeni
3487 4374 3775 4450 quidam,

536 4473 649 4554 qui
688 4474 976 4534 Graecum
1009 4472 1201 4533 etiam
1246 4477 1496 4532 textum
1537 4489 1662 4548 prae
1712 4472 2008 4534 manibus
2064 4473 2394 4546 haberent,
2440 4475 2506 4534 in
2552 4488 2675 4533 suo
2720 4472 3069 4550 exemplari
3102 4492 3179 4535 ex
3221 4476 3438 4538 Graeco
3479 4477 3775 4555 quasdam

535 4574 932 4637 correxerint
965 4574 1058 4634 vel
1097 4573 1172 4633 ad
1206 4571 1556 4650 marginem
1618 4572 1923 4646 notarint,
1957 4591 2102 4652 quae
2151 4584 2368 4652 postea
2407 4573 2476 4634 in
2534 4579 2779 4634 textum
2834 4573 3244 4651 irrepserint.
3294 4578 3503 4639 Addas
3554 4577 3773 4652 velim,

533 4677 626 4738 Cl.
662 4677 1038 4736 Petermann
1088 4691 1216 4752 prae
1244 4672 1449 4735 oculis
1506 4690 1631 4735 non
1685 4675 1985 4736 habuisse
2018 4675 2261 4754 Corpus
2296 4675 2700 4753 lgnatian-um
2730 4676 3081 4748 Curetonii,
3125 4676 3192 4737 in
3226 4695 3355 4755 quo
3394 4697 3473 4740 ex
3504 4680 3719 4740 codice
3744 4705 3785 4755 7-

536 4777 851 4837 variantes
879 4774 1093 4836 multm
1126 4776 1480 4846 adduntur;
1517 4791 1750 4853 neque,
1782 4776 1953 4854 quod
1986 4792 2102 4837 nos
2136 4777 2573 4854 praestitimus,
2626 4775 2977 4855 fragmenta
3008 4776 3263 4854 Syriaca
3305 4781 3594 4857 quaedam
3629 4798 3779 4842 cum

534 4875 695 4950 Syro
727 4871 1057 4934 Curetonii
1096 4871 1370 4933 identica
1393 4888 1531 4933 esse
1561 4872 1822 4945 vidisse,
1848 4890 1932 4935 ex
1964 4874 2202 4952 quibus
2255 4875 2685 4952 divergentias
2727 4875 3030 4953 quasdam
3066 4876 3329 4938 Armeni
3384 4878 3486 4940 sui
3535 4881 3613 4943 ab
3663 4881 3779 4943 illo

531 4976 719 5039 facile
743 4994 1061 5055 exponere
1091 4984 1279 5058 atque
1312 4993 1439 5039 non
1474 4979 1597 5038 nisi
1636 4995 1713 5039 ex
1744 4978 2125 5057 permutatis
2157 4978 2541 5057 quibusdam
2578 4979 2805 5040 litteris
2834 4990 3000 5043 ortas
3039 4998 3200 5053 esse,
3228 5000 3356 5044 non
3384 4984 3592 5045 solum
3627 4982 3779 5045 feli-

533 5075 691 5137 citer
723 5073 1061 5152 conjicere,
1094 5075 1204 5137 sed
1240 5081 1301 5136 et
1331 5075 1627 5138 evincere
1657 5076 1974 5155 potuisset
2024 5075 2176 5156 (5h).
2209 5078 2558 5141 Emendato
2608 5096 2685 5140 ex
2729 5080 3028 5158 pluribus
3067 5083 3395 5146 codicibus
3433 5090 3610 5146 textu
3637 5104 3784 5149 ver-

608 5281 715 5352 (55)
743 5281 1061 5362 ἢῦοιθηάειηι
1130 5300 1261 5362 sane
1298 5294 1387 5362 _est
1439 5286 1743 5362 versionem
1800 5285 2100 5362 Syriacam,
2210 5287 2443 5343 stionem
2484 5296 2865 5362 tractaremus,
2892 5305 3110 5362 omnem
3156 5291 3491 5362 diligentiam
3531 5292 3786 5347 adhibui-

530 5367 713 5429 quam_
743 5351 931 5429 Romae
976 5352 1235 5429 lgnatius,
1281 5355 1457 5429 dictus
1481 5351 2096 5429 ΔΜυιιειῐῃθῐ-ΑῑιμεπιΙιι-ρμέ
2200 5373 2347 5420 mus,
2379 5368 2439 5412 ut
2465 5360 2749 5429 vestigium
2774 5351 2939 5429 hujus
2977 5361 3219 5416 thesauri
3256 5351 3630 5417 "inveniretur.
3662 5363 3781 5417 Non

531 5422 768 5500 triarcha
799 5422 1361 5500 _Au_tigchenus,__qui,
1403 5426 1620 5500 sedente
1656 5424 1917 5500 Gregorio
1954 5422 2096 5500 AX—lll,
2198 5435 2379 5500 tamen
2423 5422 2692 5500 adulinEm
2737 5422 2983 5498 optatum
3014 5432 3297 5500 pervenire
3335 5433 3627 5495 valuimus,
3657 5448 3779 5487 cum

536 5491 905 5571 _reformationi
938 5492 1243 5571 Kalendarii
1267 5491 1686 5571 interfuit,cum
1730 5491 1999 5571 aliis__suis
2018 5491 2099 5571 Ali-
2199 5497 2373 5571 turbae
2401 5491 2802 5571 civiles‘omuia
2836 5491 3203 5570 impedierint.
3225 5500 3411 5571 Neque
3438 5491 3633 5555 melius
3660 5518 3785 5556 ces-

531 5563 645 5638 brls
693 5565 932 5638 moriens
976 5565 1228 5638 reliquit,
1270 5566 1606 5638 deperditam
1652 5580 1791 5638 esse.
1847 5564 2101 5638 U_sserius
2199 5568 2270 5638 sit
2295 5582 2458 5637 opera
2499 5568 2689 5638 multa,
2730 5563 3401 5638 quam-adliibuimusfut
3438 5572 3524 5627 vel
3563 5573 3785 5630 aliunde

525 5632 645 5709 jam
677 5633 742 5709 de
786 5635 887 5687 hac
923 5635 1036 5701 ipsa
1067 5635 1314 5709 audierat
1341 5632 1515 5709 (Diss.
1563 5636 1626 5709 de
1651 5636 1823 5709 _epist.
1875 5634 2097 5705 Ignau'i,
2198 5632 2463 5709 Ignatjuru
2496 5632 2775 5709 Syriacum
2816 5641 3085 5708 integrum
3115 5632 3580 5709 compararemus.

531 5702 676 5781 cxi),
705 5702 1035 5781 Assemanus
1063 5704 1181 5781 ejus
1208 5703 1534 5781 mentionem
1564 5702 1815 5781 facit,__i‘la
1840 5702 2017 5781 tamen
2043 5715 2100 5761 ut
2272 5706 2479 5781 (54)_V.
2516 5702 2565 5777 ἐ.
2601 5706 2759 5781 Rom.
2799 5710 2867 5781 5,_
2885 5702 3023 5779 quod
3063 5702 3373 5763 mandatum
3412 5710 3542 5765 mihi
3562 5727 3581 5775 ;
3622 5708 3782 5762 Rom.

533 5771 994 5853 vidisse_propriis
1023 5774 1335 5853 oculis'uon
1362 5774 1610 5853 videatur
1655 5775 1820 5853 (Bibl.
1867 5776 2094 5842 0rient.,
2202 5771 2288 5853 fi,
2319 5771 2543 5831 dolores'
2576 5778 2803 5853 mortis;
2838 5771 2995 5835 Rom.
3044 5780 3099 5847 5,
3133 5780 3191 5837 in
3235 5781 3491 5838 omnibus
3535 5771 3785 5853 sequitur

523 5848 666 5895 luxu.
693 5838 921 5911 Iu,.p.'l,
942 5858 998 5912 ρ.
1032 5843 1137 5909 l7).
1168 5842 1279 5899 Nos
1306 5859 1428 5898 cum
1456 5846 1631 5913 prima
1654 5838 1769 5900 vice
1793 5847 1933 5903 hanc
1951 5838 2098 5917 quae;
2189 5838 2587 5915 fragmentum,
2617 5864 2672 5919 p.
2707 5838 2831 5903 2071.
