4134 6442
518 419 631 475 823
1189 420 1277 475 DE
1315 416 1785 476 INTEGRITATE
1827 418 2107 473 TEXTUS
2149 418 2451 473 RECEPTI
2490 418 2638 476 EPP.
2683 418 2741 474 S.
2785 418 3062 475 lGNATII.
3648 423 3755 478 024

608 539 855 601 Insistit
890 541 1143 603 Bunsen
1176 543 1454 623 epilogo,
1488 543 1599 623 qui
1640 543 1707 604 in
1749 543 1964 605 codice
2006 550 2043 623 β
2070 542 2139 604 in
2186 544 2309 605 ﬁne
2354 544 2770 624 epistolarum
2819 543 3137 607 habetur:
3173 543 3404 606 Finitae
3444 553 3592 605 sunt
3635 552 3765 623 cpi-

530 643 704 703 ειοιω
732 652 856 703 tres
903 645 1144 721 lgnatii
1174 645 1452 723 episcopi
1490 653 1543 704 et
1592 644 1929 719 martyris,-
1987 643 2165 705 illam
2198 660 2418 706 vocem
2453 643 2728 723 epistolae
2757 662 2896 707 esse
2926 646 2994 707 in
3022 652 3189 708 statu
3220 645 3602 724 emphatico,
3646 646 3761 724 qui

528 743 782 807 articuli
826 746 1028 807 vicem
1067 748 1235 824 apud
1259 748 1451 826 Syros
1484 752 1679 808 tenet.
1712 747 1947 807 Verum
1976 747 2439 810 Petermannus
2470 748 2711 808 notavit
2740 754 2971 809 statum
2998 746 3427 827 emphaticum
3462 762 3765 807 nonnun-

528 863 719 925 quam
753 848 943 910 etiam
976 848 1383 910 indeﬁnitum
1402 863 1677 908 sensum
1712 846 1969 910 habere.
2011 850 2207 910 Porro
2236 855 2459 909 notum
2493 853 2609 919 est,
2647 864 2950 910 numeros
2980 847 3334 910 cardinales
3372 844 3763 908 ordinalium

526 946 737 1009 locum
793 948 961 1026 apud
995 947 1268 1010 Semitas
1316 946 1671 1025 saepissime
1703 952 1945 1009 tenere.
1997 946 2135 1008 Dici
2178 946 2369 1007 etiam
2415 952 2644 1025 potest,
2704 962 3167 1009 amanuensem
3211 944 3637 1008 determinate
3668 944 3765 1004 lo-

524 1046 662 1121 qui,
703 1049 814 1111 sed
848 1056 975 1111 tres
1005 1048 1148 1110 illas
1172 1045 1472 1125 epistolas
1510 1045 1868 1124 signiﬁcare
1898 1044 2207 1120 voluisse,
2242 1061 2401 1123 quas
2436 1045 2657 1108 lectori
2686 1046 2918 1107 offerre
2953 1053 3283 1124 excerptas
3314 1052 3758 1124 pr0posuerat.

524 1146 817 1226 Denique
860 1154 987 1209 tota
1026 1165 1127 1209 res
1170 1146 1541 1209 auctoritate
1574 1145 1985 1207 amanuensis
2014 1145 2212 1206 unius
2236 1143 2493 1206 obscuri
2521 1150 2713 1223 atque
2741 1143 2957 1206 forsan
2994 1144 3350 1224 ignorantis
3386 1144 3640 1207 nititur.

614 1246 677 1308 Si
718 1247 866 1326 quis
889 1247 1171 1327 denique
1192 1263 1357 1326 aagre
1388 1245 1513 1308 sibi
1543 1246 1611 1307 in
1643 1252 1920 1307 mentem
1957 1246 2234 1317 inducat,
2267 1252 2510 1306 textum
2538 1244 2768 1325 lgnatii
2795 1245 3190 1306 decurtatum
3216 1243 3416 1307 fuisse
3447 1267 3462 1305 :
3488 1244 3761 1307 alterum

530 1348 849 1428 ejusmodi
896 1350 1263 1430 exemplum
1320 1349 1537 1421 adest,
1598 1355 1826 1427 atque,
1890 1347 2066 1428 quod
2115 1347 2474 1409 evidentius
2536 1353 2652 1421 est,
2708 1346 2776 1407 in
2823 1345 2983 1425 ipsis
3022 1344 3248 1424 lgnatii
3280 1344 3572 1424 epistolis
3602 1362 3760 1406 eon-

523 1448 785 1509 sistens.
831 1451 1161 1512 Habemus
1194 1453 1368 1509 enim
1415 1449 1583 1526 apud
1613 1447 1976 1509 Simeonem
2028 1446 2498 1525 Metaphrasten
2535 1446 2866 1526 epistolam
2911 1447 2985 1510 ad
3043 1449 3362 1507 Romanos
3406 1444 3759 1507 narrationi

522 1533 814 1628 martyrii
843 1549 1174 1622 insertam,
1206 1564 1397 1628 quam
1432 1563 1501 1608 se
1546 1554 1632 1607 ἐπὶ
1660 1552 1847 1615 λέξεως
1875 1544 2275 1607 redditurum
2310 1544 2672 1623 pollicetur,
2705 1546 2773 1608 in
2808 1562 2934 1625 qua
2971 1551 3184 1607 tamen
3215 1551 3276 1606 et
3305 1544 3410 1606 hic
3440 1544 3623 1623 plura
3651 1546 3762 1607 de-

521 1652 675 1707 sunt
721 1652 784 1708 et
831 1646 956 1707 alia
984 1645 1248 1725 quidem
1295 1661 1487 1723 quam
1522 1645 1694 1724 apud
1736 1646 1991 1723 Syrum.
2047 1645 2188 1705 Non
2238 1652 2379 1707 erat
2425 1646 2695 1724 proinde
2745 1644 3042 1709 insuetus
3084 1643 3314 1708 modus
3348 1644 3469 1708 iste
3525 1662 3758 1707 excer-

518 1746 738 1825 pendL

597 1848 819 1922 Quoad
846 1848 1038 1911 finem
1073 1864 1244 1922 vero,
1276 1865 1469 1928 quem
1506 1849 1707 1927 Syrus
1736 1846 1847 1909 ille
1872 1846 1993 1909 sibi
2026 1853 2464 1925 proposuerat,
2496 1864 2642 1910 cum
2690 1847 2918 1928 lgnatii
2950 1848 3255 1927 epistolas
3287 1851 3374 1913 ita
3412 1856 3753 1933 excerpsit,

520 1967 654 2014 non
717 1950 972 2014 videtur
1021 1952 1097 2013 ad
1135 1951 1371 2013 tuenda
1422 1949 1679 2031 propria
1708 1949 2002 2029 dogmata
2052 1948 2283 2011 factum
2326 1949 2552 2024 fuisse,
2589 1968 2757 2027 cum,
2804 1961 2874 2016 ut
2897 1955 3338 2032 ostendimus,
3370 1956 3440 2017 in
3466 1957 3757 2023 doctrina

518 2068 665 2114 cum
696 2058 917 2114 nostro
950 2052 1139 2130 plane
1181 2052 1561 2115 consentiat.
1618 2049 2095 2128 Monophysita,
2125 2055 2196 2112 ut
2250 2051 2590 2130 supposuit
2620 2054 3088 2132 Wordsworth,
3122 2073 3249 2117 non
3298 2064 3453 2130 erat,
3488 2074 3631 2118 cum
3682 2059 3756 2122 in

517 2152 791 2231 epistola
819 2153 894 2213 ad
940 2150 1361 2231 Polycarpum
1395 2150 1517 2230 (65)
1548 2150 1804 2229 insigne
1831 2147 2093 2211 effatum
2138 2148 2499 2229 reliquerit,
2531 2152 2705 2230 quod
2744 2154 3334 2235 Menephysiticum
3388 2158 3619 2235 dogma
3649 2161 3759 2223 de-

514 2250 729 2312 struit.
760 2250 896 2311 Praa
927 2250 1171 2311 caeteris
1207 2249 1425 2329 itaque
1451 2247 1843 2310 admittenda
1878 2245 1991 2306 illa
2022 2245 2420 2326 hypothesis,
2451 2268 2596 2329 qum
2627 2255 2859 2332 Syrum
2886 2256 3230 2334 quemdam
3254 2257 3331 2319 ad
3365 2276 3551 2321 usum
3584 2276 3756 2320 asce-

514 2350 714 2413 ticum
746 2350 893 2412 illas
918 2349 1220 2430 epistolas
1270 2348 1688 2429 descripsisse
1740 2346 2126 2425 suspicatur,
2179 2364 2324 2427 quaa
2384 2351 2600 2429 plures
2646 2354 2962 2434 ejusmodi
3022 2356 3322 2419 materias
3370 2360 3751 2435 retinebant,

518 2449 776 2511 omissis
805 2450 910 2525 iis,
945 2468 1089 2529 qum
1116 2466 1308 2530 scapo
1357 2466 1477 2513 suo
1530 2467 1662 2513 non
1701 2448 2160 2513 inserviebam.
2203 2451 2362 2524 Quae
2388 2452 2762 2533 hypothesis
2808 2464 2869 2519 et
2914 2473 2990 2521 eo
3033 2460 3534 2536 commendatur,
3580 2465 3754 2542 quod

515 2550 804 2629 ejusdem
828 2552 1080 2630 generis
1106 2552 1241 2615 sint
1291 2552 1414 2615 alia
1458 2552 1788 2631 opuscula,
1822 2569 1967 2631 quin
2002 2553 2069 2615 in
2109 2552 2513 2619 collectaneis
2557 2557 2898 2637 habentur,
2930 2559 2997 2623 in
3030 2562 3271 2641 quibus
3302 2563 3589 2643 Ignatius
3624 2566 3745 2644 Sy-

516 2652 724 2712 riacus
752 2652 1038 2715 detectus
1075 2659 1197 2715 est.

586 2779 699 2850 (65)
726 2778 790 2835 Ν.
825 2781 879 2835 3.
