4134 6452
525 410 625 464 627

1500 413 1743 471 SANCTI
1779 413 2032 470 IGNATII
2073 413 2427 470 EPISTULA:
2465 415 2814 472 CENUINA‘Z.

3649 420 3756 476 628

519 533 687 599 jauo,
737 541 924 587 contra
970 535 1278 588 Armeniam
1335 545 1388 590 et
1434 535 1666 592 Parthos
1711 538 2086 606 proﬁciscente
2120 543 2162 597 Α
2195 537 2493 606 Iogicarum
2549 537 2822 606 magistri,
2877 534 3140 591 Henricus
3170 533 3444 600 Norisius,
3486 535 3758 592 Antonius

521 621 933 695 Antiochiaeque
975 636 1243 693 morante,
1275 627 1340 681 ad
1373 628 1576 684 bestias
1607 629 1944 691 damnatum,
1977 626 2087 681 Ro-

522 732 669 770 mam
699 733 820 772 esse
845 716 1166 772 abductum.

592 807 720 862 Post
766 809 983 881 longam
1033 819 1087 866 et
1130 811 1491 881 periculosam
1537 815 1971 883 navigationem,
2021 815 2089 868 ad

519 901 704 954 decem
754 900 976 968 milites,
1009 914 1150 971 quos
1203 903 1490 972 leopardos
1526 917 1683 958 vocat
1727 905 1864 975 (15),
1897 906 2089 976 alliga-

520 999 646 1054 tus,
685 998 908 1046 sanctus
963 1002 1168 1064 martyr
1226 991 1513 1065 Smyrnam
1561 996 1834 1064 pervenit,
1885 997 1974 1050 ubi
2021 1013 2088 1051 ex

519 1081 795 1150 colloquio
827 1097 951 1138 cum
987 1082 1045 1136 S.
1081 1083 1382 1156 Polycarpo
1411 1093 1464 1139 et
1503 1087 1865 1156 adjacentium
1901 1087 2084 1144 Eccle-

518 1170 722 1225 siarum
757 1173 948 1242 legatis
981 1175 1188 1237 habito,
1236 1176 1504 1246 ingentem
1538 1177 1867 1246 voluptatem
1902 1193 2088 1248 peree—

517 1261 616 1328 pit,
644 1271 698 1316 et
739 1272 976 1331 quatuor
1017 1265 1275 1334 epistolas
1323 1268 1387 1321 ad
1438 1267 1725 1335 Ephesios,
1754 1270 2083 1343 Magnesios,

520 1348 825 1408 Trallianos
851 1363 906 1409 et
937 1354 1212 1413 Romanos
1240 1360 1580 1428 conscripsit.

593 1442 823 1514 Smyrna
859 1444 1125 1501 Troadem
1163 1448 1331 1513 venit,
1363 1449 1454 1501 ubi
1503 1448 1740 1518 lgnatius
1789 1467 2084 1522 paucorum

520 1533 733 1588 dierum
765 1550 973 1590 moram
1003 1538 1246 1608 epistolis
1275 1539 1342 1592 ad
1378 1538 1876 1611 Philadelpliet-s3s,
1900 1543 2084 1614 Smyr-

523 1639 670 1679 naeos
699 1636 748 1679 et
791 1625 1149 1698 Polycarpum
1197 1633 1489 1687 exarandis
1524 1633 1744 1688 dicavit.
1783 1635 1910 1690 lnde
1943 1635 2084 1690 Nea-

521 1719 709 1786 polim,
733 1730 794 1774 ut
823 1721 1002 1776 Verbis
1035 1721 1285 1793 Lumperi
1319 1734 1459 1791 utar,
1493 1727 1779 1790 adductus,
1811 1726 2086 1798 Philippos

518 1810 891 1875 pertransiens
934 1810 1304 1868 Macedoniam
1358 1824 1526 1868 totam
1572 1819 1896 1888 peragravit.
1953 1817 2080 1888 Epi-

2193 625 2389 697 Pagius
2417 636 2470 682 et
2493 627 2816 682 Guiliclmus
2843 626 3099 697 Lloydius
3127 627 3238 697 (18)
3274 627 3607 696 probarunt,
3639 629 3759 681 bel-

2194 718 2302 770 lum
2339 717 2558 787 Trajani
2595 716 2909 772 Parthicum
2943 733 3088 772 anno
3133 715 3335 772 Christi
3368 717 3470 774 112
3499 720 3750 787 cmpisse.

2195 810 2250 862 Si
2275 811 2458 879 itaque
2485 809 2753 880 Trajanus
2783 809 2952 863 semel
2978 815 3184 862 tantum
3211 817 3398 863 contra
3440 807 3753 861 Armeniam

2192 901 2530 970 Parthosque
2576 915 2728 955 arma
2772 900 3004 964 tulisset,
3047 907 3100 953 et
3127 900 3292 954 semel
3318 906 3530 953 tantum
3562 897 3756 951 Antio-

2191 994 2327 1048 chiae
2349 1003 2494 1048 esset
2529 1002 2796 1056 moratus,
2832 993 3020 1062 utique
3047 1001 3101 1047 et
3130 990 3372 1062 lgnatius
3397 999 3519 1060 post
3551 1004 3755 1044 annum

2194 1087 2293 1140 112
2318 1087 2639 1157 martyrium
2670 1085 2945 1139 subiisset.

2264 1172 2366 1227 Sed
2401 1174 2670 1243 duplicem
2709 1173 3056 1228 Armenicam
3091 1171 3509 1241 Parthieamque
3530 1171 3756 1241 expedi-

2191 1267 2393 1320 tionem
2429 1281 2457 1318 a
2497 1263 2734 1333 Trajano
2763 1276 3072 1335 susceptam
3106 1263 3484 1318 Tilletnontius
3509 1263 3620 1333 (19)
3631 1263 3756 1332 jure

2189 1358 2488 1426 conjecisse
2518 1358 2749 1421 videtur,
2779 1359 2937 1426 cujus
2963 1356 3288 1412 sententiam
3324 1354 3608 1411 Eduardus
3628 1356 3757 1411 Cor-

2191 1450 2367 1504 sinius
2413 1448 2547 1519 (20),
2596 1449 2677 1502 vir
2721 1448 3064 1517 politioribus
3107 1447 3300 1502 litteris
3342 1456 3643 1516 priestans,
3687 1462 3754 1502 ex

2191 1543 2430 1597 nummis
2461 1541 2622 1596 etiam
2651 1541 3016 1595 conﬁrmavit.
3057 1539 3315 1595 Testibus
3337 1539 3480 1592 enim
3512 1537 3685 1593 Dione
3703 1549 3757 1594 et

2191 1631 2423 1695 Zonara,
2461 1631 2656 1698 Optimi
2686 1647 2879 1685 nomen
2917 1639 3046 1685 tunc
3075 1630 3311 1698 primum
3348 1625 3581 1697 Trajano
3626 1643 3756 1682 con—

2189 1741 2402 1779 cessum
2439 1723 2558 1789 fuit,
2587 1740 2712 1778 cum
2751 1725 2796 1779 is
2843 1722 3154 1776 Armeniam
3183 1720 3411 1789 expulso
3437 1718 3757 1773 Parthama-

2190 1817 2354 1870 siridc
2383 1816 2701 1884 czeterisque
2741 1815 2942 1886 regulis
2973 1813 3198 1868 omnino
3237 1811 3465 1867 sublatis
3495 1826 3757 1880 occupas-

517 1901 704 1954 damni
755 1919 884 1957 vero
913 1904 971 1972 (i.
1005 1921 1052 1958 e.
1091 1905 1364 1976 Dyrachii)
1398 1909 1450 1960 in
1495 1907 1658 1977 Epiro
1703 1926 1890 1964 navem
1937 1911 2086 1967 brevi
2120 1903 2160 1956 Β
2189 1916 2289 1962 set.
2326 1907 2579 1978 Ideoque,
2615 1924 2737 1962 cum
2774 1907 2828 1960 in
2858 1905 3098 1959 nummis
3128 1904 3378 1974 pluribus
3411 1903 3598 1958 Romae
3636 1918 3757 1972 per-

518 1992 818 2047 soluturam
849 1993 1128 2051 offendens
1149 2038 1164 2062 ,
1205 1997 1544 2053 Adriaticum
1580 2017 1730 2054 mare
1762 2003 2086 2072 enavigavit,

515 2091 680 2152 atque
723 2084 775 2138 in
808 2082 1146 2156 Tyrrhenum
1195 2089 1455 2143 ascendit.
1495 2089 1748 2146 Puteolos
1778 2093 1866 2147 ubi
1896 2110 2088 2162 perve-

522 2176 625 2240 nit,
666 2193 696 2230 e
747 2179 871 2232 navi
914 2179 1240 2236 descendere
1289 2183 1572 2251 cupiebat,
1616 2193 1675 2237 ut
1721 2185 1786 2239 ad
1835 2185 1891 2239 S.
1936 2184 2087 2239 Pauli

519 2273 826 2342 exemplum
877 2272 1105 2330 Romam
1136 2275 1376 2332 Puteolis
1415 2280 1779 2334 contenderet.
1831 2279 1899 2333 At
1930 2289 2087 2335 vento

513 2369 823 2424 vehementi
869 2371 922 2424 in
956 2372 1125 2426 altum
1157 2375 1429 2443 repulsus,
1463 2376 1652 2430 urbem
1687 2376 1833 2430 illam
1864 2385 2088 2446 prieter-

516 2458 596 2514 ire
629 2471 850 2516 coactus
878 2472 979 2516 est.
1022 2462 1264 2534 Denique
1286 2462 1351 2520 ad
1378 2465 1601 2521 Portum
1627 2466 1931 2522 Romanum
1965 2484 2089 2538 per—

517 2550 766 2618 veniens,
796 2567 828 2605 a
864 2552 1134 2617 ﬁdelibus,
1169 2553 1342 2610 Roma
1387 2557 1603 2610 obviam
1637 2559 1915 2624 euntibus,
1941 2559 2087 2614 salu-

517 2647 682 2706 tatus,
711 2657 741 2695 a
771 2642 1093 2698 custodibus
1127 2654 1307 2700 autem
1340 2645 1726 2702 festinantibus
1759 2647 1988 2705 Romam
2030 2653 2084 2705 in

516 2734 984 2802 amphitheatrum
1003 2737 1220 2802 ductus,
1249 2747 1303 2792 et
1320 2739 1536 2796 duobus
1564 2741 1815 2797 leonibus
1838 2742 2085 2812 objectus

515 2831 619 2887 est,
651 2824 744 2894 qui
795 2824 939 2879 illico
987 2825 1164 2894 ipsum
1214 2828 1577 2894 devorarunt,
1614 2831 1744 2884 solis
1772 2832 2086 2889 durioribus

520 2916 721 2971 relictis
759 2917 999 2984 ossibus,
1037 2934 1158 2988 qua:
1193 2920 1418 2976 collecta
1465 2921 1812 2976 Antiochiam
1862 2925 2083 2993 pretiosi

517 3007 690 3061 instar
718 3009 957 3063 thesauri
992 3008 1274 3080 deportata
1306 3024 1454 3068 sunt.

588 3097 856 3167 lgnatium
899 3115 1044 3154 nono
1071 3116 1217 3155 anno
1254 3102 1599 3172 imperatoris
1626 3103 1865 3176 Trajani,
1905 3124 1997 3162 seu
2029 3126 2077 3162 a.

519 3187 620 3242 107
648 3204 700 3258 p.
735 3188 867 3245 Chr.
897 3200 1028 3255 nat.,
1059 3193 1124 3246 ad
1150 3193 1354 3250 bestias
1386 3196 1724 3262 damnatum,
1749 3200 1968 3254 ineunte
1988 3217 2086 3254 au.

517 3289 623 3334 tem
667 3281 879 3335 decimo
917 3281 1135 3351 Trajani
1189 3300 1332 3338 anno
1355 3329 1369 3349 ,
1411 3287 1481 3341 20
1507 3285 1634 3342 Dec.
1669 3289 1791 3354 107,
1827 3293 2082 3362 martyrio

517 3380 835 3425 coronatum
879 3389 1016 3438 esse,
1062 3375 1192 3428 Acta
1246 3377 1514 3444 passionis
1550 3379 1670 3448 ejus
1721 3382 1942 3436 tradunt
1975 3399 2022 3437 c.
2051 3385 2085 3436 2

515 3471 565 3515 et
607 3461 656 3515 7.

589 3557 762 3611 Aliam
795 3561 1116 3613 sententiam
1143 3559 1470 3617 Pearsonius
1507 3567 1839 3636 excogitavit
1873 3575 1925 3619 et
1955 3585 2082 3637 pro-

517 3651 776 3718 pugnavit
801 3651 1253 3707 indissertatione
1286 3656 1578 3722 posthuma
1617 3658 1680 3711 de
1709 3675 1847 3712 anno
1884 3676 1985 3728 quo
2024 3661 2080 3714 S.

518 3738 762 3809 Ignatius
801 3760 831 3794 α
883 3741 1111 3812 Trajano
1160 3745 1450 3799 Antiochia:
1481 3747 1550 3799 ad
1587 3747 1781 3802 bestias
1820 3761 1932 3804 erat
1958 3769 2084 3804 con-

519 3831 794 3885 damnatus
811 3833 943 3902 (14).
961 3831 1062 3902 Ipsi
1081 3845 1426 3890 accesserunt
1447 3839 1716 3896 Antonius
1736 3838 1933 3912 Pagius
1949 3845 2083 3911 (15),

519 3922 754 3978 Grahins
783 3924 915 3991 (16),
950 3924 1280 3982 Benedictini
1324 3944 1354 3982 e
1384 3933 1798 4001 congregatione
1849 3935 1903 3989 S.
1938 3935 2086 3990 Mau-

518 4015 564 4068 rl
600 4015 736 4085 (17),
765 4025 818 4070 et
842 4019 994 4070 multi
1026 4019 1136 4071 alii.

587 4107 926 4162 Auctoritate
955 4108 1182 4164 Joannis
1202 4107 1410 4164 Mal-alae
1437 4113 1548 4166 [ixi
1584 4115 1683 4169 viri
1726 4117 1779 4169 hi
1815 4117 1959 4171 docti
1995 4134 2085 4171 as-

517 4207 707 4254 serunt
755 4197 1072 4270 Trajanum,
1111 4204 1164 4255 in
1217 4203 1451 4261 Parthos
1477 4206 1910 4276 proﬁciscentem
1939 4251 1951 4271 ,
1987 4212 2087 4263 sub

518 4291 679 4345 ﬁnem
711 4293 838 4345 anni
884 4293 1003 4360 115,
1051 4304 1289 4365 tempore
1359 4298 1504 4352 illius
1563 4307 1935 4365 terraemotus,
1993 4304 2086 4371 qui

518 4382 896 4451 imperatorem
942 4399 1077 4452 pene
1122 4387 1414 4454 oppressit,
1452 4388 1754 4444 Antiochiae
1794 4390 2083 4455 hiemasse,

518 4475 847 4546 lneunteque
876 4492 1022 4530 anno
1052 4477 1156 4530 116
1177 4479 1442 4548 lgnatium
1472 4490 1716 4535 nostrum
1751 4483 1800 4535 in
1821 4482 2086 4551 judicium

516 4580 770 4633 vocasse;
801 4567 1018 4622 beatum
1052 4576 1232 4622 autem
1273 4569 1419 4623 hunc
1441 4571 1725 4640 praesulem
1762 4573 1951 4627 eodem
1987 4590 2084 4627 an-

519 4677 588 4714 no
617 4662 718 4714 116
741 4663 1020 4718 desinente
1045 4665 1307 4735 martyrio
1344 4680 1467 4719 esse
1493 4675 1836 4719 coronatum.

2187 2000 2365 2054 cussis
2399 2000 2599 2064 Optimi
2623 2013 2817 2053 nomen
2847 1995 3085 2066 Trajano
3119 1995 3380 2050 tributum
3411 2002 3684 2058 occurrat,
3701 1993 3755 2046 in

2187 2093 2385 2161 quibus
2415 2093 2530 2162 ipse
2577 2090 2767 2146 consul
2801 2087 2845 2141 V
2875 2098 3125 2151 vocatur,
3171 2087 3408 2142 dubitari
3465 2095 3611 2142 certe
3665 2085 3757 2139 vix

2187 2184 2404 2251 poterit,
2443 2183 2572 2252 quin
2615 2181 2884 2250 Trajanus
2936 2179 3250 2234 Armeniam
3310 2179 3584 2249 subegerit
3631 2186 3758 2232 ante

2187 2289 2390 2328 annum
2445 2273 2548 2326 112
2586 2271 2674 2342 (U.
2724 2272 2786 2327 C.
2821 2270 2970 2339 865),
3020 2287 3130 2340 quo
3173 2279 3380 2324 sextum
3409 2269 3756 2324 consulatum

2191 2367 2375 2421 Romae
2411 2366 2671 2434 suscepit.
2702 2363 2966 2433 Denique,
2993 2372 3051 2418 ut
3077 2363 3182 2417 alia
3206 2359 3445 2417 Corsinii
3470 2375 3758 2432 argumen-

2187 2471 2238 2514 ta
2268 2459 2485 2514 silentio
2529 2467 2868 2528 praeteream,
2911 2455 3147 2512 eximius
3177 2455 3314 2509 alter
3337 2452 3554 2523 Trajani
3597 2469 3728 2508 num

2187 2568 2308 2605 mus
2356 2551 2604 2613 habetur,
2661 2549 2714 2602 in
2769 2564 2878 2616 quo
2919 2546 3103 2602 Caesar
3148 2547 3264 2616 ipse
3306 2543 3550 2600 APICT.
3591 2543 3752 2598 CEB.

2188 2645 2413 2699 FERM.
2465 2643 2628 2698 AAK.
2683 2646 2898 2697 ΠΑΡΘ.
2954 2643 2990 2696 i.
3041 2657 3090 2696 e.
3146 2640 3412 2710 Optimus,
3462 2640 3752 2710 Augustus,

2189 2734 2554 2798 Germanicus,
2583 2733 2836 2796 Dacicus,
2880 2732 3159 2786 Parthicus
3194 2733 3513 2802 appellatur,
3565 2733 3757 2787 simul-

2186 2843 2291 2896 que
2322 2826 2552 2880 decimus
2594 2824 2804 2894 imperii
2837 2823 3011 2892 ipsius
3051 2838 3225 2876 annus
3269 2837 3562 2892 expressus
3620 2837 3754 2877 con-

2187 2917 2433 2988 spicitur.
2465 2915 2608 2986 Ergo
2649 2931 2793 2970 anno
2808 2913 2954 2969 U.C.
2990 2913 3086 2968 861
3125 2913 3250 2983 (107
3274 2929 3324 2982 p.
3354 2913 3571 2983 (2b.),in
3593 2929 3754 2984 quem

2186 3011 2416 3063 decimus
2454 3009 2661 3078 imperii
2696 3022 2873 3063 annus
2907 3007 3174 3072 incurrit,
3209 3004 3478 3076 Trajanus
3504 3007 3615 3076 jam
3646 3006 3756 3077 Op-

2189 3103 2304 3157 timi
2335 3112 2496 3170 atque
2529 3099 2771 3153 Parthici
2793 3114 2991 3154 nomen
3019 3109 3322 3168 acceperat.
3351 3098 3557 3168 Duplex
3589 3099 3756 3170 igitur

2188 3193 2409 3264 Trajani
2456 3195 2509 3247 in
2563 3192 2839 3247 Orientem
2873 3191 3137 3263 profectio
3165 3191 3384 3262 agnosci
3417 3191 3576 3246 debet
3613 3190 3752 3260 (21),

2187 3288 2430 3356 nihilque
2466 3285 2684 3356 gravius
2730 3285 2842 3354 (22)
2889 3284 3099 3348 obstat,
3131 3299 3241 3354 quo
3268 3283 3451 3338 minus
3475 3297 3618 3337 anno
3651 3281 3755 3336 107

2186 3378 2449 3449 lgnatium
2481 3394 2510 3431 e
2532 3377 2671 3431 vivis
2699 3377 3000 3430 decessisse
3025 3383 3295 3444 putemus.

2259 3469 2320 3524 ll.
2374 3469 2693 3535 Quindecim
2744 3469 2848 3523 sub
2893 3467 3116 3521 nomine
3152 3465 3211 3520 S.
3243 3465 3434 3536 lgnatii
3462 3462 3755 3518 circumfe-

2187 3573 2381 3618 runtur
2409 3562 2670 3630 epistolaa,
2698 3575 2728 3614 e
2749 3559 2948 3628 quibus
2980 3567 3086 3614 tres
3111 3557 3300 3612 Latine
3328 3565 3535 3610 tantum
3560 3555 3627 3609 ad
3653 3569 3756 3609 nos

2187 3663 2577 3725 pervenerunt,
2617 3662 2669 3706 et
2724 3652 3082 3706 Graecismum
3132 3649 3360 3703 minime
3411 3647 3750 3710 redolentes,

2187 3764 2294 3800 non
2328 3746 2394 3800 ab
2422 3746 2734 3813 interprete,
2769 3743 2862 3798 sed
2894 3752 3117 3797 auctore
3156 3739 3350 3794 Latino
3383 3737 3639 3809 profecta:
3671 3736 3754 3790 vi-

2187 3838 2416 3891 dentur:
2444 3835 2508 3888 ad
2533 3833 2592 3887 Β.
2623 3831 2896 3904 Virginem
2937 3847 3066 3898 una,
3106 3831 3172 3885 ad
3215 3829 3272 3884 S.
3305 3827 3568 3884 Joannem
3607 3827 3749 3882 dum.

2186 3931 2404 3986 Caetera:
2436 3937 2614 3984 autem
2642 3926 2827 3982 Graece
2857 3934 3165 3997 supersunt.

2261 4021 2338 4075 Ex
2365 4018 2676 4090 quindecim
2725 4019 2812 4073 his
2841 4017 3085 4087 epistolis
3126 4024 3251 4071 octo
3289 4014 3532 4069 unanimi
3568 4014 3755 4069 docto-

2189 4128 2309 4167 rum
2340 4125 2611 4167 consensu
2643 4111 2842 4180 spuria:
2879 4108 3186 4163 habentur:
3222 4108 3274 4175 1)
3305 4121 3413 4162 una
3439 4106 3506 4160 ad
3530 4105 3592 4160 Β.
3627 4105 3752 4159 Vir-

2188 4205 2388 4276 ginem,
2428 4202 2484 4271 2)
2517 4210 2571 4257 et
2595 4201 2649 4269 5)
2675 4201 2795 4256 duae
2818 4200 2883 4253 ad
2913 4198 2972 4252 S.
3004 4197 3291 4262 Joannem,
3319 4199 3374 4267 4)
3407 4212 3515 4252 una
3538 4196 3607 4251 ad
3638 4194 3754 4248 Ma-

2191 4297 2325 4349 riam
2356 4293 2774 4352 Cassabolitem,
2805 4291 2861 4360 5)
2888 4305 2992 4345 una
3022 4289 3088 4345 ad
3115 4288 3433 4354 Tarsenses,
3458 4288 3512 4357 6)
3552 4302 3657 4343 una
3682 4287 3751 4341 ad

2188 4388 2581 4449 Antiochenos,
2612 4384 2666 4454 7)
2691 4399 2797 4438 una
2822 4382 2888 4437 ad
2919 4381 3212 4445 Heronem,
3245 4381 3535 4435 diaconum
3565 4379 3753 4435 Antio-

2192 4481 2446 4545 chenum,
2474 4477 2528 4548 8)
2561 4492 2668 4530 una
2697 4475 2764 4529 ad
2793 4473 3166 4544 Philippenses
3193 4472 3331 4542 (25).

2262 4571 2613 4639 Reliquarum
2648 4577 2852 4637 septem
2876 4607 2889 4629 ,
2919 4580 3041 4636 quae
3065 4564 3204 4620 datae
3234 4571 3362 4618 sunt
3389 4562 3443 4632 1)
3475 4561 3540 4617 ad
3576 4560 3756 4630 Ephe-

2191 4668 2324 4725 sios.
2356 4663 2413 4734 2)
2443 4663 2509 4718 ad
2533 4660 2862 4730 Magnesios,
2894 4659 2949 4728 '5)
2997 4658 3064 4712 ad
3093 4656 3420 4720 Trallianos,
3451 4655 3506 4724 4)
3537 4653 3604 4709 ad
3643 4652 3756 4708 Ro-

588 4749 780 4820 Negari
812 4768 915 4806 non
947 4762 1144 4822 potest,
1191 4754 1336 4821 quod
1370 4755 1591 4809 maximi
1622 4770 1800 4809 rerum
1847 4756 2083 4810 ehrono»
2117 4763 2158 4815 D
2191 4770 2403 4818 manos,
2437 4753 2490 4822 5)
2525 4752 2591 4806 ad
2621 4749 3096 4818 Philadelphenses
3120 4785 3136 4812 ,
3165 4745 3220 4815 6)
3252 4745 3318 4800 ad
3361 4743 3672 4815 Smyrnaeos
3701 4753 3759 4798 et

591 4927 702 4995 (15)
733 4925 929 4996 lgnat.,
965 4943 1052 4996 ep.
1085 4928 1150 4981 ad
1184 4925 1368 4989 Rom.,
1401 4944 1449 4982 c.

590 4997 701 5117 (14)
735 4996 885 5051 Hanc
925 4999 1364 5052 dissertationem
1409 4997 1673 5055 Smithius
1727 5009 1780 5054 et
1827 5000 2089 5056 Jacobso-

598 5084 623 5117 s
657 5077 669 5117 1
706 5065 744 5117 Ι.
778 5084 832 5117 ῐ).
859 5067 964 5117 524
994 5083 1114 5117 sua.
1148 5068 1279 5117 edit.
1315 5073 1374 5117 It)
1420 5071 1474 5117 in
1519 5085 1646 5117 suas
1672 5071 1937 5117 editiones
1959 5087 2089 5117 con-

520 5082 623 5120 uus
657 5065 744 5134 (ΙΙ,
778 5084 832 5136 p.
859 5067 964 5122 524
994 5083 1114 5136 sqq.
1148 5068 1279 5122 edit.
1314 5073 1374 5137 ιι)
1420 5071 1474 5123 in
1518 5085 1646 5124 suas
1672 5071 1937 5126 editiones
1959 5087 2090 5126 con-

515 5147 782 5206 jecerunt.

591 5207 703 5275 (15)
737 5206 896 5272 Crit,
926 5207 990 5260 ad
1026 5223 1156 5260 ann.
1193 5206 1313 5274 107,
1351 5223 1404 5260 n.
1437 5208 1554 5262 5-6.

592 5209 682 5275 (15
737 5209 896 5272 Crit,
926 5209 990 5260 ad
1026 5223 1156 5260 ann.
1193 5209 1284 5260 107

733 5279 1005 5354 δΡίείίεθη
1033 5287 1071 5354 ιτ
1102 5277 1165 5354 11)
1193 5277 1284 5354 9‘2:

590 5345 702 5422 (17)
732 5345 880 5400 Βάνι
907 5345 1220 5422 (ξιξ-Δυένὶβεν
1259 5347 1332 5402 les
1365 5349 1534 5415 dates,
1561 5366 1614 5418 p.
1639 5349 1766 5412 259,
1794 5365 1882 5422 ap.
1918 5351 2082 5407 Lum-

519 5433 633 5487 per.
670 5418 705 5472 Ι.
733 5434 808 5480 c.,
837 5433 891 5486 p.
915 5417 1041 5471 250.

590 5488 701 5554 (18)
737 5487 936 5552 Grabe,
969 5487 1178 5556 Spicil.,
1210 5497 1245 5542 t.
1282 5486 1346 5554 11,
1379 5502 1432 5556 p.
1467 5487 1552 5542 22.

588 5559 699 5628 (19)
727 5556 874 5629 Hist.
903 5558 990 5612 des
1016 5556 1252 5628 Emper.,
1289 5569 1327 5611 t.
1372 5556 1437 5624 ll,
1470 5572 1582 5613 not.
1616 5558 1705 5629 17,
1732 5576 1826 5616 sur
1854 5559 2077 5629 Trajan.

517 5624 993 5716 Idemiﬁlémoﬂizes
1037 5624 1168 5697 patir
1211 5630 1392 5692 servir,
1428 5639 1555 5692 etc.,
1593 5638 1630 5682 t.
1665 5626 1727 5693 ll,
1771 5647 1821 5700 p.
1862 5624 1996 5693 195⁷,
2030 5642 2082 5685 ct

517 5707 626 5752 not.
663 5701 749 5764 10,
787 5715 838 5767 p.
874 5699 997 5752 585.
1774 5699 1779 5700 “

585 5769 698 5836 (20)
734 5769 1008 5839 Calland.,
1043 5767 1320 5839 Biblioth.,
1343 5776 1391 5839 t._
1418 5767 1458 5831 l,
1493 5767 1728 5839 Prolcg..
1755 5786 1806 5838 p.
1838 5786 1924 5823 LXI
1959 5787 2038 5838 sq.

587 5840 698 5908 (21)
733 5838 908 5894 Unam
943 5849 1147 5894 tantum
1178 5837 1394 5907 Trajani
1427 5837 1826 5909 expeditionem
1867 5837 2053 5896 Parthi

2196 4946 2314 4985 cam
2349 4928 2598 5000 agnoscit
2609 4925 2868 5000 _F'ranc_lt_e
2896 4923 2946 4977 in
2970 4923 3110 4977 libro
3137 4940 3149 4975 :
3178 4920 3288 4974 Zur
3311 4918 3614 4974 Geschichte
3631 4917 3756 4972 Tra-

2187 5003 2340 5070 jans,
2361 4993 2466 5070 etc.
2505 4996 2659 5070 1857,
2685 5013 2746 5070 _p._
2778 4993 2900 5048 161.

2265 5059 2378 5140 (22)
2410 5069 2564 5138 Apud
2593 5059 2845 5140 Mal-alam
2871 5064 3037 5140 enim,
3071 5071 3206 5140 teste
3233 5059 3519 5140 Gallandio
3549 5059 3612 5140 (1.
3655 5059 3756 5139 οε),

2194 5131 2309 5194 sive
2343 5131 2471 5208 ejus
2518 5137 2754 5200 inscitia,
2805 5134 2918 5189 sive
2971 5133 3315 5208 librariorum
3341 5131 3652 5208 pscitantia
3698 5131 3755 5182 in

2193 5198 2529 5265 notationem
2566 5198 2872 5275 temporum
2919 5219 3044 5275 cum
3097 5201 3311 5275 imperii
3339 5198 3588 5275 Trajani,
3637 5207 3754 5252 tum

2192 5278 2454 5350 lgnatiani
2473 5269 2992 5350 _martyi':i_i,_menda
3032 5269 3295 5350 nonnulla
3338 5269 3623 5350 irrepsisse
3660 5284 3731 5348 no

2191 5338 2436 5405 acuuntur.
2472 5338 2652 5418 Teste'
2680 5338 2871 5418 Malala
2921 5342 3191 5418 Trajanus
3235 5342 3476 5418 septima
3486 5338 3754 5418 Januarii,

2185 5420 2323 5476 feria
2359 5415 2931 5489 quintauAntiochiam
2981 5407 3407 5489 ingressus_;e_stl.
3444 5407 3549 5463 Sed
3593 5408 3758 5489 septi:

2183 5507 2321 5544 mam
2343 5477 2582 5542 Januarii
2608 5501 2732 5541 cum
2762 5484 2897 5554 feria
2919 5477 3124 5553 quinia,
3157 5499 3206 5537 a.
3249 5479 3511 5554 107_(not_t
3541 5493 3593 5532 a.
3628 5477 3755 5554 11§)

2184 5559 2531 5614 concurrisse
2565 5545 2806 5611 ostendit
2837 5545 3092 5608 Usserius
3115 5545 3258 5621 ’(not.
3293 5550 3326 5604 6
3355 5545 3409 5603 in
3455 5547 3656 5618 Martyr
3689 5545 3753 5600 S.

2183 5629 2345 5682 lam).

2207 5633 2370 5764 311211)
2402 5697 2516 5751 Cir.
2546 5696 2786 5750 virorum
2820 5692 3195 5764 ductorumde
3226 5686 3646 5764 hisccepistolis
3666 5684 3756 5754 ju-

2182 5758 2324 5822 dicia
2356 5758 2495 5837 apud
2540 5767 2850 5821 llussclium
2889 5775 2941 5819 et
2977 5762 3344 5818 Jacobsonum
3379 5763 3439 5829 (t.
3478 5758 3518 5824 l,
3555 5773 3607 5827 p.
3647 5771 3751 5811 xxv

2183 5840 2350 5910 sqq.).
