4134 6394
409 380 514 436 6‘29

1640 378 1700 432 C.
1739 377 1788 433 J.
1831 375 2100 432 HEFELII
2141 373 2532 431 PREFATIO.

3565 367 3668 420 650

412 500 462 564 7)
497 500 562 554 ad
599 498 956 570 Polycarpum
978 541 994 566 ,
1037 499 1235 572 duplex
1286 509 1463 556 exstat
1507 501 1752 556 Graecum
1797 517 1980 557 exem-
2011 508 2054 564 Α
2085 501 2205 555 dem
2239 499 2445 566 regulis
2473 497 2653 550 minus
2674 497 2994 561 obnoxium,
3024 495 3116 550 sed
3149 495 3346 549 ardore
3381 491 3667 558 scriptoris

407 591 546 662 plar,
577 593 808 645 alterum
839 592 1059 647 brevius
1082 634 1096 660 ,
1137 593 1367 648 alterum
1416 593 1648 660 longius.
1691 591 1981 646 Recensio—

405 696 530 738 nem
562 683 867 736 breviorem
902 682 1134 751 longiori
1181 676 1302 740 esse
1335 684 1758 755 praehabendam
1779 725 1792 741 .
1846 699 1982 753 pene

408 773 476 827 ad
505 788 674 827 unum
707 787 900 830 omnes
945 774 1044 828 viri
1095 775 1269 831 critici
1318 776 1676 830 alIirmarunt.
1730 773 1983 830 Schmid-

407 862 653 934 tius(.24)
681 875 863 920 autem
907 874 962 920 et
1002 864 1224 922 Netzius
1264 868 1378 937 (25')
1403 908 1418 930 ,
1453 868 1633 923 neutri
1676 866 1980 922 recensioni

407 955 623 1009 laudem
658 956 988 1012 sinceritatis
1013 959 1336 1028 prmbentes,
1367 969 1656 1030 utramque
1685 977 1750 1014 ex
1783 960 1983 1013 immu-

407 1049 611 1102 tatione
651 1050 874 1118 genuini
912 1051 1198 1119 cujusdam
1241 1052 1569 1122 exemplaris
1605 1062 1780 1107 ortam
1823 1060 1982 1120 puta-

407 1139 541 1194 bant
567 1140 704 1209 (26).
741 1138 1068 1195 Novissimis
1103 1156 1232 1195 vero
1278 1143 1616 1211 temporibus
1654 1141 1718 1197 D.
1750 1141 1981 1195 Carolus

405 1230 593 1297 “cier,
619 1232 905 1302 theologia:
927 1232 1205 1302 professor
1227 1234 1535 1290 Giessensis
1567 1250 1740 1303 nuper
1763 1235 1981 1288 demor-

406 1331 566 1387 tuus,
607 1324 839 1394 longiori
884 1326 1190 1380 recensioni
1239 1326 1477 1396 palmam
1535 1325 1809 1391 tribuens,
1857 1340 1978 1379 eam

407 1425 516 1463 non
552 1411 708 1478 plane
740 1411 959 1480 quidem
999 1413 1264 1485 integram
1307 1425 1362 1469 et
1391 1415 1708 1485 genuinam,
1742 1415 1978 1470 breviori

404 1508 588 1555 tamen
622 1502 778 1573 longe
806 1503 1199 1573 pra-ferendam
1230 1521 1353 1561 esse
1380 1507 1664 1562 contendit
1690 1507 1825 1576 (27).
1872 1507 1977 1562 Sed

403 1602 616 1647 tantum
663 1595 873 1662 aberat,
927 1607 984 1651 ut
1029 1598 1268 1651 virorum
1309 1599 1597 1653 doctorum
1635 1601 1898 1669 applausu
1927 1600 1980 1656 id

402 1684 624 1748 faceret,
656 1695 716 1740 ut
737 1689 1030 1755 neminem,
1059 1705 1221 1759 quem
1252 1690 1442 1755 sciam,
1472 1691 1525 1743 in
1557 1707 1711 1746 suam
1744 1693 1981 1749 traheret

401 1781 752 1846 sententiam,
783 1782 968 1850 plures
989 1799 1138 1848 vero,
1166 1800 1222 1838 re
1259 1785 1453 1839 iterum
1491 1786 1544 1839 in
1569 1786 1716 1840 litem
1763 1799 1976 1854 vocata,

2086 595 2378 652 ferventem
2407 608 2437 646 a
2470 591 2664 662 frigida
2699 592 2947 658 duraque
2979 589 3216 658 epitome
3258 585 3432 657 possit
3458 584 3668 639 discer-

2083 700 2230 739 nere.
2257 683 2411 750 Quod
2444 683 2676 751 denique
2701 679 3053 735 obscuritatis
3074 677 3423 747 opprobrium
3451 673 3661 739 attinet,

2083 776 2133 830 id
2169 775 2236 830 de
2280 774 2556 844 corruptis
2594 782 2800 827 tantum
2846 771 2981 825 locis
2998 771 3203 824 dictum
3246 779 3424 839 putes,
3458 767 3662 837 quibus

2082 866 2384 936 saepissime
2408 865 2613 919 medela
2638 871 2817 934 potest
2854 860 3031 916 afferri
3057 861 3192 929 (55).

2150 963 2205 1031 c)
2237 961 2450 1017 Testem
2477 975 2695 1030 quoque
2723 958 3008 1026 antiquum
3042 971 3155 1010 sua'.
3190 953 3466 1022 opinionis
3489 949 3660 1004 addu-

2081 1057 2156 1111 cit
2185 1054 2440 1116 Meierus,
2472 1053 2782 1106 Chronicon
2829 1050 2952 1105 dico
2985 1046 3269 1118 paschale,
3316 1043 3656 1114 temporibus

2080 1148 2389 1204 Constantii
2419 1143 2765 1215 imperatoris
2789 1140 3162 1210 conscriptum
3187 1138 3275 1208 (ad
3302 1154 3354 1193 a.
3393 1135 3455 1191 D.
3480 1135 3570 1202 52,
3600 1150 3656 1203 p.

2082 1238 2208 1302 M6,
2243 1236 2366 1291 Vol.
2402 1234 2442 1290 1.
2483 1235 2547 1289 ed
2577 1234 2752 1290 Bonn.
2799 1230 2985 1302 1852),
3028 1231 3082 1283 in
3112 1245 3226 1299 quo
3266 1227 3529 1299 longioris
3563 1241 3654 1282 re-

2083 1328 2359 1385 censionis
2386 1328 2540 1382 locus
2568 1325 2659 1396 (ad
2692 1323 2861 1378 Trall.
2902 1339 2950 1377 c.
2981 1321 3072 1392 10)
3113 1321 3386 1375 laudatur.
3417 1318 3524 1374 Sed
3559 1335 3657 1372 an-

2083 1421 2350 1492 tiquiores
2379 1419 2538 1472 nobis
2569 1426 2735 1472 testes
2757 1423 2959 1486 praesto
2985 1422 3134 1478 sunt,
3165 1411 3432 1467 Eusebius
3467 1410 3579 1480 (54)
3603 1418 3658 1463 et

2084 1512 2416 1567 Athanasius
2441 1509 2579 1580 (55),
2609 1508 2807 1578 quibus
2854 1507 3157 1560 breviorem
3185 1502 3557 1558 recensionem
3587 1501 3657 1554 ad

2084 1623 2280 1662 manus
2320 1606 2491 1660 fuisse
2542 1603 2668 1657 inde
2721 1601 2879 1656 facile
2921 1599 3162 1668 colliges,
3208 1596 3356 1667 quod
3389 1596 3550 1650 verba
3587 1597 3656 1648 ab

2083 1699 2217 1770 ipsis
2248 1699 2408 1752 citata
2437 1698 2490 1751 in
2512 1697 2749 1751 breviori
2779 1703 3136 1757 tantum,non
3166 1705 3318 1759 atque
3350 1688 3404 1742 in
3423 1687 3657 1758 longiori

2084 1790 2438 1846 inveniuntur
2467 1787 2786 1842 recensione
2811 1785 2948 1854 (50).

400 1870 672 1926 brevioris
715 1875 1049 1930 recensionis
1093 1892 1205 1930 rem
1241 1885 1478 1947 agerent.
1529 1876 1838 1935 Laudemus
1889 1881 1976 1935 hic
2013 1859 2052 1912 Β
2153 1883 2210 1953 (1)
2249 1882 2493 1951 Denique
2523 1881 2576 1934 in
2621 1877 2851 1964 longiori
2882 1875 3198 1931 recensione
3231 1879 3424 1942 pratter
3447 1871 3660 1940 episco-

402 1959 468 2016 V.
495 1962 560 2018 1).
591 1961 922 2020 Richardum
958 1964 1134 2022 Bothe
1175 1969 1323 2038 (28),
1361 1985 1509 2025 nunc
1556 1969 1976 2043 Heidelbergen-

400 2070 540 2121 sem,
571 2056 860 2113 Arndtium
894 2059 1006 2128 (29)
1037 2059 1554 2131 Ratzeburgensem,
1581 2061 1838 2117 Baurium
1867 2062 1975 2117 Tu-

399 2148 718 2219 bingensem
747 2149 859 2220 (50)
905 2162 958 2207 et
1000 2151 1338 2208 Fridericum
1381 2154 1734 2209 Diisterdieck
1779 2154 1977 2212 [lame-

399 2239 608 2296 lensem
635 2242 774 2313 (51).

472 2331 706 2388 Meierus
751 2334 926 2390 tribus
973 2335 1319 2404 potissimum
1372 2339 1708 2406 argumentis
1759 2350 1978 2397 senten-

400 2426 531 2479 tiam
557 2442 711 2480 suam
740 2428 956 2482 firmare
981 2439 1212 2484 conatus
1231 2441 1333 2486 est.

476 2519 531 2587 a)
562 2517 618 2572 In
655 2519 909 2586 breviori,
943 2520 1141 2591 inquit,
1171 2523 1488 2579 recensione
1514 2522 1732 2582 Nicaana
1762 2527 1829 2582 de
1856 2527 1974 2582 dei-

398 2617 510 2665 tate
537 2610 739 2665 Christi
768 2611 1015 2666 doctrina
1043 2620 1276 2679 tenetur,
1301 2629 1432 2685 ergo
1458 2617 1808 2685 postnicaanis
1840 2626 1976 2673 tem—

397 2698 626 2767 poribus
681 2710 904 2755 exarata
955 2711 1210 2771 putetur;
1272 2703 1486 2774 longior
1541 2720 1667 2760 vero
1725 2708 1973 2763 recensio

400 2793 586 2846 minus
619 2792 864 2848 decisum
890 2793 957 2848 de
982 2795 1085 2850 hac
1109 2811 1166 2850 re
1193 2796 1406 2851 dicendi
1431 2812 1626 2867 genus,
1658 2800 1975 2869 apostolicis

398 2885 739 2955 temporibus
790 2902 1114 2956 congruum,
1148 2887 1430 2957 praesefert
1456 2897 1510 2942 et
1531 2901 1730 2944 servat.
1762 2921 1832 2930 —
1866 2890 1972 2946 'Ve-

400 2993 524 3031 rum
573 2977 758 3032 acrior
791 2978 1080 3047 utriusque
1116 2979 1457 3033 recensionis
1495 2979 1761 3049 inspectio
1795 2983 1972 3048 docet,

399 3068 698 3138 longiorem
723 3086 942 3140 quoque
959 3071 1130 3126 octies
1156 3070 1339 3126 decies
1362 3070 1644 3127 Christum
1674 3072 1840 3127 Deum
1876 3091 1974 3130 no-

400 3161 633 3228 minare,
683 3177 802 3216 eam
859 3163 1034 3232 magis
1063 3162 1285 3217 definite
1333 3164 1401 3218 de
1448 3180 1673 3232 persona
1735 3164 1974 3235 Spiritus

399 3253 576 3308 sancti
622 3253 806 3325 loqui,
838 3253 1182 3323 pleniorique
1229 3252 1464 3309 formula
1517 3255 1801 3312 Trinitatis
1853 3276 1976 3315 esse

400 3361 557 3399 usam
583 3345 696 3415 ('52)
722 3363 737 3409 ;
770 3361 880 3414 quo
904 3347 981 3412 lit,
1014 3345 1285 3401 utmerito
1315 3348 1713 3417 posterioribus
1742 3351 1816 3405 sit
1835 3359 1974 3406 tem-

399 3438 627 3507 poribus
657 3437 966 3494 tribuenda.

474 3531 532 3600 b)
566 3530 878 3586 Secundum
909 3540 1290 3613 argumentum
1320 3531 1550 3589 Meierus
1596 3549 1661 3588 ex
1690 3535 1814 3606 styli
1845 3535 1976 3591 cha-

401 3633 614 3680 ractere
643 3625 938 3696 depromit,
969 3639 1221 3691 monens,
1255 3625 1558 3680 breviorem
1599 3627 1972 3682 recensionem

399 3717 670 3786 epitomes
709 3715 974 3772 deformis
1015 3726 1070 3772 et
1111 3718 1360 3772 obscurae
1399 3716 1542 3772 ferre
1573 3731 1846 3784 naturam,
1886 3721 1973 3775 cui

399 3809 614 3879 longior
645 3818 796 3865 textu
835 3810 1050 3864 meliori
1094 3810 1278 3864 lumen
1321 3811 1563 3880 prwbere
1622 3811 1833 3866 debeat.
1869 3813 1976 3868 Sed

397 3909 592 3954 contra
615 3900 800 3970 plures
835 3900 1099 3971 longioris
1134 3901 1474 3957 recensionis
1508 3902 1612 3957 loci
1649 3918 1680 3957 a
1727 3903 1976 3959 breviore

395 3987 618 4040 demum
651 3987 1013 4042 illustrantur.
1058 3987 1210 4043 Illam
1241 3989 1396 4058 justo
1423 4005 1547 4046 esse
1577 3992 1972 4062 loquaciorem,

396 4077 762 4149 dictionisque
776 4081 1039 4150 gravitate
1055 4096 1264 4146 carere,
1285 4081 1442 4138 facile
1456 4081 1776 4140 videas.Nec
1793 4085 1975 4141 minus

396 4170 770 4225 additamenta
797 4172 992 4227 inertia
1028 4181 1083 4227 et
1113 4173 1404 4228 citationes
1455 4174 1745 4242 superfluae
1793 4185 1843 4230 te
1895 4176 1974 4231 fu-

397 4262 568 4330 gient,
599 4263 802 4332 quibus
827 4263 1185 4333 interpolator
1211 4265 1510 4334 genuinum
1539 4273 1747 4320 textum
1772 4282 1973 4338 augere

394 4361 482 4410 est
504 4369 692 4410 ausus.
730 4354 1042 4409 Breviorem
1071 4371 1200 4410 vero
1219 4357 1591 4412 recensionem
1618 4373 1779 4412 nemo
1803 4358 1976 4427 epito-

398 4461 524 4500 men
556 4447 787 4516 putabit,
823 4447 917 4516 qui
972 4448 1315 4503 succinctum
1348 4457 1404 4503 et
1438 4449 1722 4504 concisum
1765 4465 1974 4504 sermo-

396 4551 545 4602 nem,
560 4536 820 4607 gravibus
838 4537 1124 4594 sententiis
1146 4537 1429 4605 refertum,
1462 4539 1834 4610 grammaticis
1859 4539 1982 4609 qui-

2083 1985 2200 2039 pos,
2235 1970 2581 2040 presbyteros
2611 1978 2665 2022 et
2701 1961 2966 2021 diaconos
2998 1963 3192 2032 reliqui
3224 1976 3444 2032 quoque
3490 1961 3654 2014 cleri—

2078 2076 2268 2116 eorum
2323 2061 2545 2115 ordines
2590 2058 2944 2124 nominantur
2991 2053 3224 2122 (Philad.
3271 2070 3319 2109 c.
3364 2053 3443 2108 ιε
3493 2052 3584 2104 καὶ
3627 2055 3656 2105 ὁ

2077 2153 2259 2218 λοιπὸς
2305 2153 2548 2225 κλῆρος),
2581 2153 2675 2223 qui
2703 2150 2760 2205 S.
2793 2148 2985 2219 lgnatii
3025 2147 3363 2218 temporibus
3403 2145 3646 2200 nondum

2077 2249 2131 2302 in
2169 2247 2401 2302 ecclesia
2432 2245 2780 2300 exstiterunt.

2151 2335 2460 2390 Breviorem
2488 2349 2619 2404 ergo
2651 2331 3027 2387 recensionem
3051 2325 3247 2384 merito
3279 2326 3536 2396 longiori,
3569 2325 3653 2379 in-

2077 2430 2376 2500 terpolatae,
2410 2425 2802 2498 praeferendam
2826 2433 3102 2493 putamus.

2147 2521 2231 2576 lll.
2260 2521 2398 2575 Cum
2441 2533 2472 2572 e
2521 2516 2761 2571 tenebris
2801 2516 2998 2568 iterum
3041 2514 3093 2567 in
3141 2514 3317 2566 lucem
3373 2508 3655 2580 prodirent

2076 2611 2318 2680 epistola:
2343 2606 2398 2661 S.
2440 2605 2654 2676 lgnatii,
2681 2604 2872 2674 prima:
2909 2603 3156 2658 omnium
3186 2603 3412 2655 detectae
3435 2606 3489 2653 et
3511 2598 3654 2668 typis

2076 2705 2356 2772 impressae
2380 2709 2509 2754 sunt
2530 2696 2913 2754 Parisiislcl95'
2944 2694 3094 2749 falsae
3120 2695 3236 2749 ista:
3263 2703 3372 2747 tres
3388 2691 3653 2761 epistolae,

2076 2793 2268 2850 Latine
2301 2802 2513 2848 tantum
2547 2790 2785 2859 scriptae,
2817 2789 2885 2843 ad
2925 2786 2986 2841 B.
3023 2785 3302 2857 Virginem
3345 2800 3450 2837 una
3501 2793 3555 2837 et
3587 2782 3654 2836 ad

2079 2886 2137 2940 S.
2164 2885 2430 2940 Joannem
2470 2884 2613 2938 duae.
2639 2881 2755 2936 Cfr.
2785 2897 2948 2951 supra
2981 2894 3133 2933 num.
3172 2877 3236 2932 ll.
3277 2876 3476 2931 Tribus
3498 2875 3658 2930 annis

2076 2985 2201 3046 post
2231 2974 2473 3030 Jacobus
2492 2973 2665 3028 Faber
2683 2970 3046 3041 Stapulensis,
3076 2970 3161 3024 his
3189 2968 3482 3038 epistolisg
3506 2966 3654 3036 quod

2077 3067 2314 3122 tenebris
2345 3067 2593 3121 omnium
2627 3064 2966 3134 dignissima:
2995 3061 3200 3116 fuerint
3230 3081 3248 3112 ι
3279 3060 3522 3126 omissis,
3554 3076 3658 3114 un-

2077 3160 2253 3215 decim
2305 3159 2442 3214 alias
2479 3157 2534 3222 (7
2566 3157 2923 3225 interpolatas
2964 3163 3018 3208 et
3055 3154 3088 3207 4
3119 3152 3306 3220 falsas)
3335 3166 3366 3206 e
3406 3149 3658 3205 versione

2081 3258 2247 3314 veteri
2279 3256 2470 3310 Latina
2493 3255 2666 3309 edidit
2693 3252 2920 3308 Parisiis
2940 3250 3099 3304 1198.
3125 3249 3282 3302 Anno
3309 3257 3490 3302 autem
3523 3244 3660 3301 1556

2083 3348 2519 3421 Symphorianus
2572 3344 2959 3413 Champerius,
3024 3339 3428 3409 Lugdunensis,
3486 3336 3586 3390 has
3628 3351 3660 3388 a

2077 3440 2257 3495 Fabro
2297 3439 2472 3495 editas
2501 3453 2627 3492 cum
2671 3436 2849 3490 tribus
2898 3433 3024 3487 aliis
3065 3431 3134 3485 ab
3183 3431 3276 3484 illo
3329 3428 3568 3498 rejectis,
3606 3437 3661 3482 et

2078 3541 2274 3604 quarta
2310 3530 2441 3601 (non
2469 3530 2653 3583 minus
2680 3526 2838 3595 falsa)
2884 3525 2952 3578 ad
2983 3523 3210 3578 Mariam
3241 3520 3656 3585 Cassabolitem,

2079 3641 2359 3696 nunquam
2392 3630 2519 3678 ante
2548 3621 2841 3692 publicata,
2866 3619 2952 3674 edi
2976 3617 3403 3683 curavit;atque
3429 3613 3505 3667 ita
3539 3621 3663 3666 tan-

2078 3717 2201 3772 dem
2232 3714 2299 3769 15
2328 3711 2523 3783 lgnatii
2545 3711 2787 3781 epistolae
2806 3708 2999 3763 Latine
3029 3705 3374 3762 exstiterunt.

2151 3804 2445 3859 Duodecim
2471 3818 2659 3858 earum
2692 3801 2747 3872 (7
2771 3799 3126 3869 interpolatas
3157 3807 3212 3852 et
3235 3797 3268 3852 5
3301 3794 3492 3851 falsas)
3516 3811 3545 3850 e
3567 3811 3662 3850 co-

2080 3895 2202 3949 dice
2229 3892 2420 3947 Grzeco
2453 3891 2794 3946 bibliothecae
2818 3890 3150 3960 Augustanaa
3176 3888 3387 3957 primus
3410 3887 3658 3940 omnium

2079 3984 2326 4054 Dillingae
2371 3983 2509 4037 1557
2543 3981 2715 4037 edidit
2767 3979 3089 4035 Valentinus
3142 3977 3461 4049 Hartungus
3510 3977 3663 4044 Frid,

2080 4093 2178 4132 seu
2215 4075 2463 4141 Pacwus,
2509 4073 2730 4129 nomine
2762 4087 2862 4142 pro
2889 4072 2988 4126 aevi
3015 4070 3415 4126 consuetudine
3457 4071 3661 4126 immu-

2079 4176 2212 4224 tato.
2247 4166 2474 4222 Easdem
2508 4166 2575 4221 12
2597 4165 2857 4238 epistolas
2888 4164 3134 4219 Andreas
3173 4162 3448 4219 Gesnerus
3477 4163 3664 4218 Graece

2082 4269 2136 4315 et
2183 4259 2375 4314 Latine
2425 4258 2749 4329 (interprete
2792 4257 3003 4314 Joanne
3046 4257 3352 4328 Brunnero)
3394 4274 3424 4313 e
3463 4257 3654 4312 codice

2084 4352 2429 4406 bibliotheca:
2459 4336 2609 4406 γίο.
2645 4351 2872 4422 Gaspari
2906 4369 2934 4406 a
2961 4350 3266 4423 Nydpryek,
3305 4351 3493 4421 Tiguri
3525 4351 3662 4405 1559

2087 4444 2280 4500 edidit.
2311 4443 2448 4498 Cum
2489 4441 2662 4498 Pacaai
2698 4444 2866 4499 editio
2904 4443 3082 4514 ipsum
3132 4444 3346 4509 lateret,
3385 4442 3662 4497 Gesnerus

2091 4537 2329 4607 primum
2349 4552 2406 4591 se
2430 4534 2646 4592 Graecas
2664 4535 2852 4606 lgnatii
2868 4537 3128 4607 epistolas
3145 4535 3656 4606 edidissejactabat.

472 4702 587 4775 (9.4)
627 4700 852 4775 Yerguch
894 4703 1033 4775 fiber
1082 4704 1170 4775 die
1212 4704 1512 4775 gedoppelte
1560 4705 1845 4760 Recension
1890 4706 1984 4759 der
2017 4712 2060 4767 D
2085 4707 2379 4770 authenu‘u,
2418 4716 2520 4759 etc.
2552 4704 2950 4758 Commentatio
2993 4701 3262 4772 Gottinga:
3296 4703 3521 4772 prmmio
3566 4718 3656 4755 re—

393 4762 580 4858 Btriiefe'
606 4774 696 4858 des
720 4772 966 4858 Ignalt'us
981 4775 1054 4858 'i'n
1082 4793 1095 4827 :
1130 4762 1353 4858 "elicite:
1375 4762 1627 4858 lllagazli‘n
1649 4847 1659 4856 .
1678 4777 1768 4858 {iir
1805 4775 1978 4858 ﬁelig.

392 4841 767 4916 ριιξιυδρρῂὶε,
806 4845 941 4898 tom.
981 4842 1070 4909 111,
1123 4861 1245 4915 pag.
1291 4846 1351 4899 91
1396 4841 1818 4916 δαεὶορὶἰιίοηί
1857 4841 1985 4901 huic

395 4913 738 4967 Schmidtius
767 4923 957 4983 postea
1003 4913 1258 4970 nuntium
1303 4913 1456 4972 misit
1482 4913 1711 4985 '(Kirch.
1767 4916 1977 4981 Gesch.,

395 4997 438 5036 ι.
473 4981 513 5036 Ι.
539 4999 592 5036 υ.
619 4984 726 5036 209
759 4985 888 5036 so.l.

395 4997 438 5038 t.
473 4984 516 5050 Ι,
539 4999 592 5050 p.
619 4984 726 5038 209
759 4985 888 5053 sq.).
1511 4984 1516 4985 ί

469 5051 583 5123 (25)
620 5053 677 5108 lu
716 5073 728 5107 :
759 5052 1032 5122 Ullmann,
1066 5053 1310 5111 Studien.
1339 5073 1392 5110 u.
1422 5055 1566 5110 Krit.
1603 5057 1762 5122 1855,
1797 5074 1848 5127 p.
1875 5057 1972 5111 88l

393 5138 582 5264 silliﬂb)
612 5193 768 5264 illanc
803 5195 1115 5264 opinionem
1157 5206 1379 5250 secutus
1411 5207 1494 5251 est
1525 5195 1586 5250 V.
1631 5195 1692 5251 C.
1742 5195 1974 5252 Carolus

394 5262 571 5329 HaSe,
601 5262 1033 5335 Kirchengesch”
1072 5282 1123 5333 p.
1163 5265 1250 5330 70,
1284 5268 1368 5320 ed.
1405 5285 1474 5335 7v.

471 5335 584 5404 (‘27)
622 5335 676 5388 In
713 5355 726 5390 :
767 5334 1043 5390 Ullmanni
1079 5335 1235 5390 Stud.
1279 5347 1329 5390 et
1368 5334 1544 5402 Krit.,
1583 5335 1750 5399 1850,
1783 5353 1834 5406 p.
1871 5336 1978 5391 540

391 5421 586 5599 ῖέἶξδ)
616 5474 782 5599 Βίξῦιὲ
792 5476 984 5546 nfiinge
1005 5477 1100 5531 der
1121 5476 1324 5530 εΙινὶδιι.
1343 5475 1391 5529 Κ
1395 5477 1558 5538 irclte,
1591 5475 1973 5546 Wittemberg.

471 5563 502 5598 ι)
544 5587 559 5599 .
591 5561 643 5599 n.
792 5591 803 5599 .

471 5545 1030 5686 (275)plri7?%llmanni
1065 5617 1219 5671 Stud.
1253 5628 1300 5670 et
1337 5616 1480 5670 Kril.
1521 5617 1675 5680 1859,
1708 5633 1758 5684 p.
1792 5618 1910 5671 156.

619 5686 877 5759 Tubing.,
906 5687 1163 5741 Zeitschr.
1188 5689 1272 5756 [ἐπ
1297 5687 1473 5742 Theol.
1512 5689 1664 5753 1858,
1698 5687 1856 5743 Fasc.
1887 5687 1972 5751 ill,

438 5797 450 5808 .
483 5770 502 5808 1
523 5770 605 5810 ιδ.

395 5770 430 5827 p
469 5823 584 5898 (51)
615 5826 991 5893 Dusterdieek,
1051 5828 1122 5882 De
1175 5827 1580 5898 lguau'anarum
1627 5829 1972 5898 epistularum

2085 4781 2423 4854 aiter-leta.
2457 4791 2510 4854 Ρ·
2533 4775 2605 4854 99
2636 4791 2756 4854 ειμι·

2155 4850 2269 4919 (5‘2)
2311 4839 2426 4919 (illi.
2453 4839 2648 4919 Afndt,
2686 4839 2741 4898 ἰιῖ
2781 4864 2793 4898 ἒ
2825 4843 3107 4919 numam“
3143 4840 3457 4919 S£“_d:v_‘_’.‘9'

2082 4939 2135 4991 p.
2161 4909 2454 4991 ‘llil-lfill;
2491 4915 2996 4991 ΒυιιιείηΑηίᾱηςιεξζ
3017 4911 3422 4978 etepJM-"lﬁl
3453 4920 3508 4966 et
3543 4909 3656 4963 Dii-

2080 4985 2372 5051 sterdieck,
2409 4989 2443 5042 l.
2474 5003 2548 5050 c.,
2575 5003 2627 5055 p.
2649 4985 2720 5039 ‘26
2745 5001 2829 5056 sq.
2855 4995 2908 5056 et
2930 4985 3018 5056 55.

2115 5061 2268 5154 “(55)
2309 5057 2554 5120 Arndt,l.
2575 5052 2666 5124 _c.,
2712 5072 2764 5125 p.
2793 5052 3037 5110 ⁷119461
3067 5072 3080 5122 ;
3119 5063 3175 5110 et
3207 5052 3404 5118 Bothe,
3435 5053 3471 5108 l.
3503 5067 3577 5118 c.,
3602 5068 3658 5122 p.

2077 5133 2318 5199 7565qq.

2152 5203 2266 5270 (5.1)
2315 5198 2455 5253 Hist.
2497 5197 2877 5270 eccl.,m,36.

2155 5263 2267 5341 (55)
2307 5269 2382 5341 De
2402 5269 2602 5341 synodo
2633 5269 2801 5321 Artm.
2845 5276 2892 5320 et
2921 5266 3151 5331 Scirum,
3185 5282 3239 5336 p.
3273 5263 3401 5328 922,
3440 5273 3477 5318 t.
3508 5264 3527 5317 1
3569 5263 3658 5319 ed.

2081 5343 2257 5398 Paris.
2295 5340 2452 5393 1627.

2154 5414 2268 5483 (56)
2312 5411 2510 5483 Bothe,
2540 5410 2577 5483 Ι).
2616 5425 2690 5473 c.,
2713 5424 2766 5478 p.
2809 5406 3084 5483 Ἱιᾷἓηᾙνῖ).
3119 5405 3532 5483 F_usiori_modo
3569 5420 3662 5483 ar:

2083 5474 2340 5555 gumento
2385 5479 2568 5533 Meieri
2614 5474 3306 5555 enervavit_l)iiStcrdieck_
3353 5475 3388 5528 l.
3446 5474 3658 5555 c.,.qni

2083 5545 2275 5608 Thetim
2305 5568 2526 5621 quoque
2553 5549 3045 5621 argumentatitpie-
3075 5547 3308 5621 breviori
3344 5545 3656 5621 recensioni

2083 5613 2862 5695 originisprimitivm'laudem
2890 5613 3168 5695 vindicare
3185 5617 3384 5695 studet,
3411 5626 3466 5669 et
3492 5616 3660 5669 inter-
3716 5677 3717 5680 η

2086 5688 2320 5765 polatam
2339 5688 2639 5746 editionem
2679 5700 2804 5743 ante
2843 5690 3078 5765 iugalium
3106 5688 3365 5744 saeculum
3404 5695 3694 5756 quartum‘

2083 5759 2360 5822 exaratam
2398 5779 2515 5818 esse
2552 5771 2732 5831 negat,
2758 5777 2808 5831 p.
2846 5759 3036 5814 28-41.
