4134 6386
498 362 592 420 631
1486 364 1728 422 SANCTI
1770 364 2025 423 IGNATII
2070 362 2430 423 EPISTOLIE
2466 367 2821 425 GENUINE.

3648 373 3754 430 63'!

566 486 711 542 Pene
737 494 955 541 centum
982 486 1143 543 annis
1182 497 1307 557 post
1346 489 1624 544 breviores
1658 491 1878 545 demum
1906 498 1959 545 et
1986 506 2076 560 ge-
2107 494 2150 551 Α
2181 489 2455 545 casionem
2486 490 2787 560 praebuisse
2812 489 3268 561 perhibetur,esse
3291 491 3749 549 commentitium.

496 582 680 635 nuinae
704 580 760 635 S.
792 580 984 651 lgnatii
1020 583 1265 652 epistolae
1295 582 1520 637 detecta!
1556 592 1704 647 sunt,
1741 599 1942 653 easque
1963 583 2075 653 pri-

496 688 623 728 mus
674 671 860 728 Grazee
906 672 1075 728 edidit
1115 674 1508 728 Amstelodami
1555 674 1691 730 1646
1736 676 1807 730 ls.
1846 672 2075 730 Vossius

496 779 563 817 ex
595 776 705 818 uno
737 764 1030 833 superstite
1059 763 1409 819 bibliotheca
1436 761 1691 820 Mediceas
1737 765 1927 821 codice
1963 781 2068 820 ms.

496 854 683 909 saeculi
716 871 794 922 χι,
826 864 1180 926 veteremque
1213 854 1464 911 Latinam
1496 858 1805 913 versionem
1846 858 2071 922 addidit,

496 966 660 1020 quam
712 950 903 1007 Graeco
939 954 1237 1022 exemplari
1280 954 1677 1023 propemodum
1730 955 1784 1008 in
1816 952 2074 1008 omnibus

495 1045 915 1114 respondentem
944 1047 1137 1099 Uxonii
1170 1043 1308 1100 1644
1334 1062 1365 1100 e
1394 1046 1610 1101 duobus
1642 1046 1943 1111 codicibus,
1966 1062 2076 1115 uno

494 1138 934 1207 Cantabrigiensi
964 1145 1017 1192 et
1040 1139 1215 1193 altero
1236 1154 1301 1193 ex
1329 1139 1661 1195 bibliotheca
1708 1138 1928 1193 Ricardi
1959 1139 2075 1209 epi—

495 1230 641 1300 scopi
663 1228 1033 1293 Norvicensis,
1063 1229 1299 1285 Iacobus
1322 1228 1600 1297 Usserius,
1632 1230 2075 1301 archiepiscopus

495 1324 900 1389 Armachanus,
933 1323 1251 1391 vulgaverat
1280 1321 1419 1390 (57).

566 1411 766 1467 Verum
794 1429 918 1467 cum
952 1413 1004 1465 in
1038 1413 1131 1467 illo
1169 1414 1244 1481 (et
1278 1412 1465 1481 unico)
1499 1411 1687 1467 codice
1712 1410 1951 1467 Mediceo
1974 1427 2071 1468 seu

494 1504 812 1561 Florentino
841 1506 1057 1559 deesset
1106 1506 1334 1575 epistola
1390 1505 1456 1560 ad
1492 1503 1793 1568 Romanos,
1846 1504 2072 1559 Vossius

495 1600 641 1653 illam
671 1616 738 1653 ex
778 1600 1231 1669 interpolatarum
1267 1600 1508 1656 editione
1532 1602 1901 1670 desumptam,
1933 1600 2072 1653 duce

492 1704 675 1748 vetere
700 1693 1019 1763 interprete,
1052 1708 1165 1747 suae
1199 1692 1498 1763 integritati
1528 1693 1816 1747 restituere
1842 1691 2073 1745 adortus

491 1794 594 1840 est.
622 1786 781 1839 Anno
804 1793 982 1839 autem
1008 1785 1146 1839 1689
1171 1784 1456 1852 epistolam
1484 1785 1549 1839 ad
1574 1782 1873 1848 Romanos,
1902 1784 2071 1836 veteri

2247 580 2301 651 a)
2331 579 2628 649 Trajanum
2671 582 2819 636 enim
2864 582 3169 639 Antiochia:
3198 583 3475 639 biemasse
3504 584 3747 639 dubitari

2177 686 2281 727 non
2313 681 2506 741 potest.

2245 765 2302 833 b)
2335 763 2470 820 Eum
2502 763 2864 833 Christianos,
2901 766 3023 823 illos
3050 769 3349 837 praesertim
3379 770 3476 839 qui
3508 769 3669 825 delati
3699 779 3755 825 et

2177 859 2420 911 accusati
2457 866 2633 923 erant,
2673 859 2740 913 ad
2788 868 3022 914 mortem
3062 860 3375 925 damnasse,
3430 877 3592 917 nemo
3626 864 3755 933 jure

2175 949 2409 1019 negabit.
2432 948 2551 1003 1am
2570 950 2747 1005 Plinio
2777 952 2921 1005 enim
2943 954 3255 1021 proconsuli
3288 954 3583 1023 imperator
3604 970 3756 1009 man-

2174 1043 2398 1096 daverat
2440 1060 2451 1094 :
2486 1041 2547 1097 Si
2573 1043 2878 1113 deferantur
2905 1053 2953 1097 et
2977 1055 3292 1114 arguantur,
3323 1048 3573 1115 puniendi
3604 1058 3750 1102 sunt.

2245 1138 2296 1207 c)
2338 1135 2516 1201 Plebs,
2557 1154 2745 1206 panem
2780 1146 2835 1191 et
2882 1138 3137 1191 circenses
3185 1139 3492 1208 postulans,
3534 1140 3748 1194 meliori

2176 1228 2326 1282 nullo
2356 1228 2517 1282 modo
2541 1230 2743 1298 placari
2775 1237 3008 1298 poterat,
3040 1230 3665 1299 quamChristianorum
3684 1232 3752 1287 ad

2174 1321 2378 1375 bestias
2401 1321 2774 1377 damnatione.

2245 1412 2302 1480 d)
2338 1412 2728 1484 Imperatorem
2773 1415 3064 1473 damnatos
3115 1417 3461 1472 Christianos
3520 1416 3749 1471 Romam

2174 1504 2413 1571 misisse,
2469 1512 2529 1557 ut
2579 1503 2842 1559 Romana:
2877 1506 3020 1575 plebi
3069 1508 3207 1577 grati
3268 1505 3474 1577 aliquid
3521 1505 3750 1571 faceret,

2176 1596 2325 1649 nullo
2360 1596 2523 1650 modo
2559 1597 2774 1651 veritati
2808 1611 3092 1669 repugnat.

2249 1689 2301 1757 e)
2334 1688 2490 1755 Quod
2521 1688 2760 1759 lgnatius
2786 1690 3034 1762 Smyrna:
3059 1702 3111 1747 et
3140 1690 3353 1747 Troade
3377 1691 3576 1747 fratres
3622 1707 3753 1747 con-

2176 1780 2391 1835 venisse
2438 1780 2621 1850 ibique
2667 1781 2929 1851 epistolas
2980 1782 3268 1852 scripsisse
3314 1783 3650 1851 perhibetur,
3699 1781 3753 1835 id

495 1873 702 1930 Latina:
753 1875 991 1930 versioni
1038 1875 1374 1930 adamussim
1421 1875 1834 1945 aequiparatam,
1872 1890 1901 1927 e
1946 1874 2069 1926 cod.
2109 1849 2145 1900 Β
2179 1872 2402 1925 minime
2449 1872 2778 1925 contradicit
2831 1871 3141 1926 crudelitati
3174 1874 3491 1938 custodum,
3541 1874 3609 1929 de
3644 1890 3752 1944 qua

496 1967 626 2022 1451
693 1968 1040 2023 bibliotheca:
1092 1968 1273 2039 Regia;
1337 1968 1667 2023 Parisiensis
1726 1968 2071 2021 membrana-

490 2076 587 2116 ιθοο
625 2060 772 2129 (58),
814 2059 1045 2117 Parisiis
1086 2062 1289 2131 publici
1332 2061 1477 2130 juris
1521 2059 1649 2115 fecit
1695 2056 2071 2114 Theodericus

492 2150 789 2208 Ruinartus
829 2153 884 2205 in
920 2153 1066 2205 Actis
1099 2161 1393 2221 martyrum
1425 2151 1681 2214 sinceris;
1712 2165 1878 2219 quam
1915 2149 2073 2204 dein-

488 2258 616 2313 crps
652 2242 890 2299 Grabius
930 2254 984 2298 et
1026 2244 1275 2299 Clericus
1300 2244 1535 2313 (prodire
1568 2242 1877 2312 jusserunt.
1911 2242 2071 2297 Anno

489 2333 629 2389 1709
656 2333 852 2389 Oxonii
880 2334 1081 2405 prodiit
1107 2335 1562 2405 prmstantissima
1586 2332 1813 2389 Thoma:
1848 2330 2066 2387 Smithii

484 2428 671 2493 editio,
708 2444 871 2499 quam
910 2430 1082 2485 secuti
1117 2438 1246 2483 sunt
1294 2428 1606 2483 Ludovicus
1636 2425 1795 2498 Frey,
1837 2426 2068 2480 Richar-

484 2519 590 2576 dus
609 2516 826 2585 Russel,
847 2520 1091 2576 Andreas
1114 2520 1433 2576 Gallandius
1456 2529 1509 2573 et
1529 2518 1853 2574 Guilielmus
1873 2517 2070 2573 Jacob-

488 2627 692 2679 sonus;
723 2629 866 2683 quos
894 2621 949 2667 et
980 2629 1079 2669 nos
1105 2613 1274 2667 duces
1305 2612 1622 2666 habuimus.

556 2703 645 2760 1V.
671 2707 817 2760 Inter
834 2721 927 2760 eos
951 2706 1043 2771 qui
1067 2720 1165 2775 pro
1189 2704 1440 2775 epistolis
1465 2704 1615 2757 hisce
1638 2701 1902 2757 vindicias
1919 2701 2069 2755 evul-

487 2806 686 2869 garunt
713 2798 1069 2854 Pearsonium
1099 2798 1210 2869 (59)
1239 2797 1482 2851 eminere
1512 2811 1672 2849 nemo
1698 2795 1892 2849 nescit.
1922 2797 2071 2863 Opus

486 2890 933 2959 ejusoppugnare
951 2897 1079 2944 sunt
1095 2888 1337 2959 aggressi
1354 2887 1638 2942 Matthteus
1656 2888 2066 2955 Larroquanus,

488 2979 709 3035 Samuel
762 2978 1089 3051 Basnagius,
1138 2979 1444 3035 Casimirus
1495 2978 1777 3044 Oudinus,
1826 2978 2068 3033 Joannes

489 3070 720 3127 Dallaeus
743 3080 796 3126 et
812 3071 1141 3141 alii,quibus
1172 3071 1429 3141 frequens
1456 3072 1837 3140 episc0porum
1862 3072 2069 3125 mentio

2176 1965 2291 2033 ipse
2324 1964 2376 2016 in
2407 1978 2494 2031 ep.
2522 1963 2590 2017 ad
2624 1961 2783 2017 Rom.
2827 1980 2875 2016 c.
2913 1964 2946 2018 5
2979 1963 3248 2033 queritur.
3284 1962 3439 2032 Apud
3471 1962 3753 2021 Romanos

2178 2056 2325 2111 enim
2346 2056 2600 2124 captivis,
2643 2056 2709 2109 ad
2741 2056 2943 2111 milites
2975 2056 3229 2125 alligatis,
3253 2057 3578 2126 permissum
3614 2068 3752 2125 erat,

2174 2148 2383 2203 amicos
2404 2151 2682 2218 suscipere
2710 2158 2765 2203 et
2792 2148 2959 2204 libere
2982 2148 3220 2217 colloqui
3247 2164 3371 2203 cum
3399 2149 3525 2204 illis.
3553 2149 3757 2205 Paulus

2172 2255 2219 2293 e.
2260 2257 2311 2309 g.
2365 2240 2417 2293 in
2453 2239 2689 2294 vinculis
2738 2238 3019 2294 Christum
3070 2241 3403 2309 praedicavit.
3459 2240 3575 2295 Cfr.
3630 2241 3751 2296 Act.

2175 2348 2369 2395 xxvut,
2422 2331 2510 2397 16,
2540 2332 2632 2397 30,
2682 2332 2773 2386 31.
2820 2329 3088 2387 Praeterea
3124 2333 3424 2403 saepissime
3454 2332 3752 2388 Christiani

2171 2423 2379 2477 aditum
2411 2424 2479 2478 ad
2509 2432 2775 2494 martyres
2797 2434 2851 2480 et
2881 2426 3252 2483 incarceratos
3293 2436 3517 2498 argento
3540 2443 3571 2481 a
3605 2426 3752 2481 mili-

2173 2516 2317 2571 tibus
2339 2525 2612 2572 emerunt.
2642 2517 2857 2586 Optime
2872 2534 3003 2589 ergo
3030 2519 3364 2576 Pearsonius
3390 2520 3501 2591 (49)
3528 2520 3749 2575 scribit:

2174 2607 2303 2662 Hac
2326 2624 2445 2661 cum
2492 2609 2652 2678 fuerit
2702 2612 3061 2665 vetustissima
3107 2611 3360 2667 Ecclesia:
3410 2614 3751 2679 consuetudo,

2170 2701 2310 2754 idem
2337 2701 2497 2753 etiam
2522 2702 2576 2753 in
2609 2699 2812 2770 Ignatii
2843 2703 3067 2757 vinculis
3099 2704 3299 2772 factum
3329 2714 3559 2760 constat.
3595 2747 3610 2761 .
3635 2745 3647 2758 .
3682 2745 3696 2759 .
3735 2745 3748 2758 .

2174 2790 2429 2845 Omnibus
2486 2793 2651 2861 igitur
2682 2794 2850 2847 modis
2897 2794 3110 2848 diaconi
3159 2796 3356 2867 aliique
3384 2796 3449 2849 ab
3497 2796 3749 2851 Ecclesiis

2172 2884 2321 2937 missi
2361 2883 2576 2954 Ignatio
2606 2887 2660 2938 in
2694 2888 2880 2941 itinere
2923 2889 3321 2955 ministrabant,
3355 2889 3585 2961 adeoque
3632 2906 3752 2944 eum

2172 2992 2205 3028 a
2232 2978 2595 3032 uexationibus
2625 2979 3151 3050 militum,quantum
3185 2983 3239 3035 in
3271 2983 3401 3051 ipsis
3450 2994 3587 3050 erat,
3609 3000 3751 3054 prte-

2171 3069 2291 3122 miis
2326 3069 2672 3125 redimebant.
2712 3069 2855 3125 Hinc
2883 3081 3059 3127 autem
3086 3084 3219 3128 recte
3243 3076 3583 3145 intelligitur,
3614 3075 3753 3147 quod

487 3162 540 3219 in
576 3164 662 3219 his
700 3160 948 3233 epistolis
988 3172 1186 3234 praeter
1229 3164 1333 3218 alia
1372 3164 1599 3217 minime
1642 3162 1908 3232 placebat.
1958 3161 2063 3217 Sed
2095 3187 2140 3249 ρ
2169 3160 2233 3213 de
2266 3159 2555 3226 militibus,
2583 3177 2713 3230 quos
2749 3162 3029 3231 leopardos
3068 3174 3242 3230 vocat,
3292 3166 3478 3219 scribit
3513 3182 3531 3220 :
3568 3167 3617 3219 οἳ
3657 3169 3754 3222 καὶ

486 3256 553 3312 iis
571 3255 990 3326 responderunt,
1012 3255 1349 3309 authentiam
1376 3254 1731 3323 epistolarum
1752 3261 2063 3308 nostrarum

483 3348 868 3413 defendentes,
926 3345 1183 3403 Nicolaus
1220 3346 1488 3401 Nourrius
1539 3346 1672 3417 (40),
1728 3345 1881 3399 Remi
1918 3346 2066 3400 Ceil-

484 3438 740 3510 lier(41),
767 3436 1008 3495 Thomas
1034 3437 1203 3493 Maria
1234 3435 1574 3492 Mamachius
1615 3437 1730 3506 (42)
1753 3446 1807 3492 et
1829 3435 2065 3506 Lumpe-

484 3546 578 3587 rus
605 3532 741 3604 (43).
775 3530 988 3588 Nostris
1017 3532 1358 3602 temporibus
1386 3532 1687 3600 praesertim
1715 3530 1777 3584 D.
1808 3529 2061 3593 Baurius,

484 3618 878 3696 Tubingensis,
904 3625 1244 3680 authentiam
1272 3625 1631 3693 epistolarum
1660 3623 1851 3694 lgnatii
1885 3624 1941 3676 in
1962 3623 2065 3677 du-

484 3718 635 3775 hium
672 3720 908 3784 vocavit,
952 3717 1259 3787 mediisque
1299 3717 1482 3772 szeculi
1514 3732 1554 3770 ιι
1595 3715 1939 3785 temporibus
1969 3730 2064 3769 eas

484 3806 672 3866 Roma:
703 3824 733 3865 a
779 3810 1004 3865 falsario
1037 3810 1277 3881 quodam
1320 3810 1374 3863 in
1427 3808 1672 3863 favorem
1713 3808 2062 3877 episcopatus

482 3901 617 3959 idea:
639 3901 920 3958 confectas
954 3917 1077 3957 esse
1104 3902 1383 3956 contendit
1409 3900 2062 3972 (M),contradicentibus

483 3993 833 4062 potissimum
870 3992 1104 4047 Doctore
1146 3992 1326 4045 Rothe
1366 3992 1516 4062 (45),
1557 3991 1767 4045 Joanne
1805 3990 2063 4045 Eduardo

486 4082 729 4143 Huthero
766 4085 901 4157 (46),
933 4084 1214 4141 Friderico
1260 4086 1614 4141 Dt'tsterdicck
1643 4086 1771 4155 )(47)
1814 4094 1868 4139 et
1914 4088 2065 4139 Ano—

484 4192 651 4253 nymo
681 4180 919 4251 quodam
945 4182 999 4235 in
1026 4178 1467 4249 ephemeridibus
1494 4194 1506 4229 :
1544 4176 1743 4231 Herold
1774 4177 1864 4231 des
1891 4177 2061 4232 Glau-

484 4274 606 4330 bens
644 4272 779 4345 (48),

562 4366 622 4421 V.
652 4366 785 4433 Quae
814 4380 937 4433 nos,
970 4366 1331 4436 epistolarum
1359 4363 1549 4433 lgnatii
1580 4377 1696 4418 rem
1730 4375 1911 4431 agere,
1942 4376 2061 4416 mo-

485 4468 665 4523 veant,
696 4458 821 4512 audi
855 4477 866 4509 :

2169 3250 2616 3323 εὐεργετούμενοι
2666 3255 2881 3326 χείρους
2911 3255 3170 3323 γίνονται,
3220 3256 3439 3322 scilicet,
3485 3273 3587 3327 quo
3631 3259 3751 3328 plus

2168 3346 2399 3413 pecunia:
2418 3362 2451 3399 a
2473 3345 2717 3414 fidelibus
2738 3348 3030 3415 acciperent
3056 3364 3150 3417 pro
3174 3347 3503 3402 relaxatione
3526 3352 3755 3404 vexatio-

2169 3439 2273 3503 nis,
2316 3457 2374 3492 eo
2406 3443 2585 3493 acrius
2622 3457 2687 3494 ex
2726 3440 3006 3495 intervallo
3043 3441 3101 3495 S.
3135 3454 3423 3512 martyrem
3468 3440 3749 3511 vexabant,

2167 3547 2268 3597 quo
2305 3532 2557 3597 maiorem
2590 3536 2825 3603 pecunite
2862 3536 2963 3588 vim
3000 3544 3365 3606 extorquerent
3398 3546 3449 3591 et
3478 3538 3749 3592 Christia«

2166 3641 2261 3678 nos
2292 3626 2555 3695 copiosius
2584 3636 2940 3697 emungerent.
2984 3626 3163 3692 Quare
3191 3645 3310 3682 cum
3346 3631 3500 3685 toties
3532 3627 3749 3700 Ignatio

2168 3719 2489 3785 contingeret
2515 3716 2855 3785 refrigeratio
2888 3726 2937 3769 et
2970 3718 3034 3770 ab
3072 3718 3354 3787 iniquitate
3397 3717 3630 3772 militum
3660 3735 3746 3772 re-

2166 3811 2418 3881 demptio,
2448 3817 2518 3873 et,
2554 3818 2612 3861 ut
2637 3808 2873 3879 loquitur
2894 3807 3280 3876 Tertullianus,
3305 3811 3537 3880 facultas
3570 3810 3753 3868 libera

2167 3902 2441 3967 custodite,
2469 3899 2628 3969 facile
2658 3900 2829 3969 potuit
2852 3898 2997 3966 illas,
3031 3916 3164 3971 quas
3192 3900 3461 3965 habemus,
3493 3902 3747 3971 epistolas

2165 4009 2406 4058 exarare,
2437 4006 2661 4062 quarum
2685 3991 2879 4062 aliqua;
2910 4008 3012 4045 non
3045 3992 3273 4046 multum
3301 3993 3559 4064 longiore,
3590 4008 3751 4064 quam

2166 4087 2325 4139 unius
2365 4086 2508 4139 horae
2548 4085 2722 4153 spatio
2759 4083 2922 4137 scribi
2961 4093 3267 4152 potuerunt,
3312 4101 3474 4155 neque
3526 4102 3591 4140 ea:
3635 4086 3752 4141 illis

2168 4175 2282 4229 ulla
2307 4186 2415 4229 tam
2447 4176 2661 4245 prolixa
2705 4184 2804 4240 est,
2830 4185 2888 4228 ut
2918 4175 3097 4244 plures
3128 4191 3288 4245 quam
3321 4187 3428 4231 tres
3459 4178 3618 4233 horas
3648 4194 3748 4249 po-

2166 4268 2348 4323 stulet.

2240 4360 2281 4427 f)
2318 4359 2596 4432 lgnatius,
2638 4359 2873 4431 Smyrna
2908 4359 3171 4415 Romanis
3208 4362 3479 4425 scribens,
3511 4380 3621 4421 non
3646 4366 3749 4421 ab-

2165 4456 2353 4520 surda,
2387 4463 2445 4507 ut
2491 4453 2691 4508 Baurio
2734 4454 2969 4520 videtur,
3015 4456 3244 4526 peregit.
3299 4455 3429 4512 Dure
3464 4461 3611 4514 enim
3644 4461 3750 4515 via:

558 4550 857 4623 1)Minime
908 4549 970 4601 D.
1022 4545 1254 4602 Baurius
1294 4547 1453 4602 nobis
1501 4545 1808 4616 persuasit,
1854 4543 2053 4597 Roma-
2088 4558 2136 4615 ι)
2166 4545 2396 4617 Smyrna
2445 4546 2673 4600 Romam
2704 4546 2996 4614 ducebant,
3041 4549 3209 4605 altera
3244 4551 3544 4617 maritima,
3575 4554 3745 4609 altera

483 4658 608 4697 num
640 4639 840 4713 Ignatii
875 4642 1003 4706 iter,
1044 4639 1192 4710 quod
1225 4637 1497 4693 scribendi
1536 4637 1635 4693 has
1661 4636 1921 4706 epistolas
1963 4652 2056 4691 oc-

556 4783 670 4856 (57)
710 4782 824 4856 Cfr.
855 4780 1330 4856 Dusterdieck,_De
1355 4776 2064 4856 Ignatianarum__epistola-

486 4850 606 4911 rum
637 4850 932 4910 authentia.
964 4862 1070 4907 etc.
1109 4850 1460 4921 Gottingaagin
1495 4850 1708 4905 oliicina
1743 4850 2061 4921 Dieterieh.,

484 4940 537 5050 in
572 4924 685 5006 1-§,
702 4922 992 5009 λᾶι-1165581
1017 4925 1069 4976 in
1105 4918 1341 4977 editione
1370 4918 1595 4975 Patrum
1627 4919 2057 4989 apostolicorum.

531 4995 716 5048 ondim
743 4996 764 5047 1
787 4994 899 5048 tib.

531 4995 716 5048 ondini
743 4994 899 5048 1746.

556 5065 669 5134 (58)
709 5064 891 5119 Codex
923 5064 1031 5129 hic,
1072 5064 1201 5117 olim
1227 5062 1577 5118 Colbcrtinus
1598 5062 1723 5134 460,
1748 5062 2061 5134 Actamar-

484 5131 610 5206 tyrii
647 5131 718 5206 V'S.
756 5135 947 5206 lgyatii
981 5135 1241 5206 continet,
1284 5135 1484 5203 quibus
1526 5133 1700 5202 capite
1746 5132 1779 5185 4
1826 5131 2059 5201 epistola

484 5204 677 5275 lgnatii
706 5205 775 5259 ad
810 5204 1085 5259 Romanos
1122 5205 1441 5274 interposita
1473 5212 1575 5275 est.

556 5276 672 5345 (59)
713 5275 770 5328 In
827 5277 1066 5329 secundo
1102 5286 1253 5329 tomo
1302 5274 1558 5328 editionis
1616 5275 1843 5327 Patrum
1883 5282 2054 5342 apost.

482 5345 858 5401 Cotelerianm.

487 5416 677 5539 ης(ῗέ
720 5419 970 5485 Λρραναι.
999 5416 1067 5470 ad
1092 5416 1348 5471 Biblioth.
1388 5432 1532 5470 mare.
1575 5415 1817 5479 Patrum,
1855 5427 1893 5470 t.
1932 5417 1974 5483 1,
2002 5434 2055 5487 p.

578 5504 699 5542 Sﬂﬂ.

720 5556 863 5611 Hist.
890 5557 1145 5628 général.,
1170 5566 1207 5610 t.
1246 5558 1288 5622 1,
1313 5571 1365 5625 p.
1400 5556 1526 5612 6‘26.

559 5630 673 5696 (4‘2)
718 5627 959 5698 Origines
982 5640 1029 5682 et
1062 5630 1227 5698 antiq.
1271 5628 1498 5691 Christ,
1531 5639 1567 5681 t.
1603 5627 1691 5689 IV,
1730 5645 1781 5697 p.
1813 5630 1916 5681 577
1941 5645 2059 5698 sqq.

558 5699 670 5765 (45)
714 5698 855 5763 Hist.
890 5699 1047 5752 theol.
1083 5700 1228 5763 crit.,
1262 5708 1297 5752 t.
1335 5698 1375 5763 1,
1402 5714 1454 5765 p.
1488 5700 1749 5752 266—268.

557 5770 671 5839 (44)
714 5769 878 5827 Baur.
920 5769 1016 5821 Die
1045 5778 1395 5838 sogenannten
1436 5769 1852 5839 Pastoralbricfc
1872 5772 1958 5823 des
1996 5772 2061 5825 Α.

515 5834 713 5909 faulus,
740 5839 877 5915 auf‘s
896 5834 1255 5896 ncuckritisch
1282 5840 1609 5908 untersucht,
1639 5858 1743 5897 von
1767 5834 1854 5897 Dr.
1873 5842 2060 5907 Baur.,

2170 4638 2469 4701 terrestris,
2490 4645 2549 4690 ut
2579 4638 2715 4691 bene
2730 4638 2916 4693 docuit
2944 4638 3010 4695 ν.
3035 4639 3097 4695 C.
3126 4638 3278 4696 Tafel
3310 4641 3447 4712 (50).
3476 4641 3745 4698 Terrestri

2212 4821 2235 4852 η
2259 4778 2348 4852 87.
2387 4778 2773 4852 _.1bgen§thigte
2817 4776 3138 4852 Erkltirung.
3194 4779 3326 4835 Tub.
3366 4776 3626 4835 Zeitschr.
3658 4778 3752 4850 [ῆι-

2171 4795 2222 4901 ιὶ.
2259 4795 2348 4833 δι.
2400 4795 2773 4849 .‘wgenotmgte
2817 4795 3138 4852 urntarung.
3194 4795 3221 4833 '1
3240 4795 3326 4835 uo.
3366 4795 3626 4835 zeuscnr.
3658 4795 3742 4850 [tu

2218 4849 2537 4921 heol.183_6.
2576 4849 2825 4921 Fasc.m,
2856 4867 2911 4921 p.
2953 4852 3056 4906 199
3097 4862 3152 4906 et
3187 4852 3343 4915 1838,
3384 4852 3645 4911 Fasc.nt,
3687 4868 3742 4921 p.

2170 4921 2273 4991 149
2312 4936 2433 4989 sqq.
2478 4919 2663 4991 Baurii
2697 4919 2997 4976 sententias
3046 4924 3299 4991 repetivit
3340 4919 3743 4991 Schwegierus,

2168 4989 2280 5043 Das
2304 4990 2789 5062 nachapostolische
2827 4989 3177 5057 Zeitalter,‘t.
3204 4990 3267 5054 11,
3296 5009 3349 5062 p.
3378 4989 3635 5049 159-179.

2240 5063 2353 5133 (45)
2393 5061 2520 5130 Anf.
2552 5061 2606 5114 d.
2627 5062 2830 5116 christl.
2867 5062 3081 5129 Kirchc,
3113 5080 3166 5133 p.
3206 5061 3309 5117 715
3338 5080 3458 5133 sqq.

2238 5132 2350 5204 (46)
2392 5133 2745 5204 Betrachtung
2775 5135 2867 5187 der
2901 5132 3221 5204 wichtigsten
3268 5132 3541 5204 Bedenken
3589 5148 3741 5204 gegen

2169 5202 2255 5257 die
2277 5202 2546 5257 {Echtheit
2569 5202 2663 5273 der
2678 5202 3107 5273 Ignatianischen
3142 5204 3338 5270 Briefe.
3362 5203 3479 5257 Von
3505 5202 3741 5257 Derh.

2170 5273 2271 5345 Ed.
2300 5274 2531 5338 Huthcr,
2559 5274 2612 5326 in
2638 5272 2844 5344 lllgenii
2871 5274 3178 5343 Zeitschrift
3207 5277 3292 5345 fur
3325 5276 3512 5329 histor.
3536 5274 3741 5333 Tlteol..

2168 5355 2205 5399 t.
2235 5344 2327 5409 ΧΙ,
2358 5345 2515 5398 Fasc.
2551 5360 2625 5411 Iv,
2652 5360 2707 5413 p.
2741 5345 2893 5400 3-75.

2241 5416 2351 5483 (47)
2396 5414 2747 5486 posterdieck
2772 5416 2825 5468 in
2856 5418 2998 5471 libro
3029 5417 3140 5485 jam
3168 5432 3329 5486 supra
3358 5417 3595 5476 laudato.

2265 5488 2357 5554 48)
2398 5485 2673 5555 Herbipoli
2706 5486 2865 5552 1859,
2905 5504 2960 5540 ιι.
2988 5488 3176 5541 40-45.

2265 5492 2357 5554 48)
2400 5492 2673 5555 Herhipoli
2706 5492 2865 5552 1859,
2905 5504 2960 5540 ιι.
2988 5492 3176 5541 40-45.

2241 5492 2356 5624 iw)
2409 5556 2669 5627 Vindiciw
2696 5556 3020 5627 Ignatianm,
3047 5574 3176 5626 pars
3207 5574 3266 5619 ιι,
3295 5573 3342 5610 c.
3380 5558 3467 5611 11.

2243 5628 2355 5697 (50)
2396 5625 2569 5691 Tafel,
2606 5628 2680 5681 De
2724 5625 2809 5681 uia
2848 5625 3075 5681 militari
3107 5627 3463 5681 Romanorum
3488 5626 3719 5697 Egnatia

2209 5717 2273 5751 ua
2322 5698 2622 5766 Illyricum,
2671 5699 2982 5751 Macedonia
3014 5707 3061 5751 et
3101 5698 3327 5752 Thracia
3362 5697 3739 5767 jungebantur.

2209 5717 2273 5751 ua
2322 5716 2622 5766 myrteum,
2671 5716 2982 5751 macedonia
3014 5716 3061 5751 et
3105 5716 3327 5752 rnrarm
3362 5716 3739 5767 Jungevantur.

2172 5716 2451 5836 Tubingm,
2490 5766 2695 5837 Lanpp.
2733 5769 2890 5825 1842.
2920 5770 3035 5826 Cir.
3081 5784 3299 5838 quoque
3327 5768 3644 5839 Martyrium
3683 5769 3745 5827 S.

2172 5840 2380 5911 lgnatii,
2424 5854 2577 5908 capp.
2612 5839 2664 5905 5,
2698 5840 2750 5894 6.
