4134 6470
472 387 576 442 6'53

1686 387 1748 444 C.
1787 385 1839 442 J.
1877 383 2148 440 "EFELII
2197 383 2585 441 ΡΒΑΞΕΑΤΙΟ.

3612 385 3715 440 634

468 506 554 560 via
588 502 850 575 lgnattus,
882 503 1116 562 fortasse
1143 507 1270 578 quia
1309 505 1573 564 militibus
1609 509 1823 580 negotia
1875 515 2035 563 erant
2066 518 2107 575 Α
2137 523 2256 578 quae
2303 506 2555 562 Huterus'
2581 509 2619 562 l.
2660 522 2709 563 c.
2741 522 2796 577 p.
2847 504 3009 562 57-61
3043 515 3233 562 contra
3276 504 3534 561 Baurium
3596 521 3715 560 mo-

469 596 522 649 in
575 593 790 651 Troade
837 604 894 651 et
942 595 1295 665 Macedonia,
1351 597 1654 654 ducebatur
1707 597 1844 668 (cfr.
1895 598 2031 653 Acta

466 697 722 760 martyr.,
753 704 801 744 c.
837 689 926 760 5);
963 690 1190 760 epistola
1223 702 1429 758 autem,
1455 691 1572 747 sine
1601 692 1766 747 dubio
1795 691 1883 746 via
1912 706 2031 745 ma-

464 780 666 844 ritima,
693 783 817 837 navi
842 783 1078 852 quadam
1108 784 1438 852 cursoria,in
1466 782 1666 838 Urbem
1692 784 1882 846 missa,
1906 789 2031 837 ante

463 872 730 944 Ignatium
757 875 935 945 ipsum
968 876 1155 931 Romae
1179 876 1436 932 advenire
1464 884 1693 946 poterat.
1726 873 1838 930 Nec
1870 873 2030 929 dubi-

460 970 564 1024 tari
613 977 792 1038 potest
822 970 954 1040 quin
985 969 1229 1025 terrestri
1269 984 1488 1039 quoque
1525 969 1612 1023 via
1643 968 1872 1038 epistola
1915 967 2028 1034 illa,

460 1059 550 1112 alii
597 1058 1062 1133 cuidanrtradita,
1091 1060 1254 1114 citius
1285 1061 1508 1114 Romam
1536 1059 1721 1113 venire
1767 1058 2024 1128 potuerit,

457 1166 622 1221 quam
659 1152 904 1222 Ignatius
934 1153 1071 1222 ipse,
1097 1153 1253 1207 senio
1284 1151 1565 1208 confectus
1597 1152 1732 1222 (51).

525 1265 578 1336 g)
611 1263 720 1319 Nec
749 1265 984 1320 absurde
1007 1263 1247 1337 lgnatius
1285 1281 1316 1321 a
1354 1265 1617 1320 Romanis
1645 1275 1894 1335 precatus
1919 1272 2020 1331 est,

457 1355 599 1409 utah
614 1356 764 1410 omni
790 1365 990 1411 conatu
1022 1357 1198 1426 ipsum
1226 1357 1490 1412 liberandi
1521 1358 1877 1412 abstinerent.
1907 1355 2023 1410 Mos

451 1445 595 1498 enim
653 1453 773 1500 erat
805 1445 1271 1512 Christianorum,
1307 1456 1517 1502 tantum
1557 1458 1822 1517 quantum
1867 1459 2022 1518 pote-

451 1546 571 1590 rant
626 1537 761 1602 niti,
820 1547 880 1592 ut
936 1537 1133 1594 fratres
1203 1549 1422 1608 propter
1490 1540 1651 1594 ﬁdem
1717 1548 1906 1610 captos
1967 1549 2021 1594 et

445 1627 735 1685 damnatos
792 1631 1102 1696 liberarent,
1167 1633 1314 1702 quod
1355 1633 1620 1688 discimus
1688 1649 1755 1687 ex
1819 1633 2013 1689 Const.

445 1731 621 1789 apost.
655 1739 737 1789 tv,
779 1721 805 1794 §
847 1723 910 1790 9;
959 1751 1012 1801 ν,
1071 1723 1132 1795 §§
1168 1726 1219 1788 1,
1250 1725 1304 1791 2,
1339 1742 1403 1780 ex
1442 1725 1667 1781 Luciani
1710 1724 2014 1795 Peregrina,

446 1813 473 1885 ᾗ
508 1813 596 1881 12,
636 1825 690 1870 et
717 1831 786 1870 ex
823 1815 1043 1870 Eusebii
1078 1815 1224 1872 Hist.
1265 1817 1422 1884 eecl.,
1453 1834 1528 1884 vr,
1555 1819 1626 1873 40
1654 1817 1788 1888 (52).
1814 1815 2012 1872 Notum

440 1923 606 1977 porro
644 1917 746 1972 est,
774 1909 888 1979 jam
924 1917 1167 1978 tempore
1198 1907 1353 1965 Pauli
1383 1911 1614 1980 apostoli
1659 1914 1716 1965 ὲν
1737 1910 2015 1981 Καίσαρος

437 2003 584 2074 οἰκίᾳ
606 2004 776 2059 fuisse
807 2002 1026 2070 fideles;
1061 2012 1306 2074 tempore
1338 2017 1518 2060 autem
1566 2006 1859 2060 Domitiani
1902 2005 2008 2058 Do-

436 2095 686 2151 mitillam
727 2105 780 2151 et
822 2095 1178 2163 Clementem,
1209 2112 1278 2151 ex
1323 2096 1529 2152 familia
1583 2097 1815 2154 Caesaris
1848 2097 2011 2152 Chri-

435 2190 739 2245 stianorum
762 2205 917 2244 saera
948 2198 1166 2245 secutos
1190 2206 1330 2253 esse,
1355 2189 1520 2246 refert
1553 2190 1868 2246 Suetonius.
1895 2191 2011 2244 Ro-

435 2297 724 2336 manorum
771 2282 1008 2352 denique
1057 2283 1477 2353 magistratuum
1529 2299 1742 2340 sacram
1775 2283 1894 2338 auri
1927 2283 2010 2338 fa-

2134 602 2273 656 nuit.

2203 695 2259 764 2)
2291 693 2412 748 Non
2456 693 2638 748 minus
2672 691 2998 749 testimoniis
3022 699 3264 748 veterum
3295 691 3516 762 probari
3535 699 3715 761 potest

2130 787 2395 858 lgnatium
2433 787 2617 855 plures
2647 800 2904 839 exarasse
2933 785 3214 853 epistolas.

2199 881 2252 950 a)
2271 878 2346 934 De
2367 879 2609 948 epistolis
2626 876 2814 947 lgnatii
2832 877 3039 946 primus
3052 876 3392 948 Polycarpus
3411 874 3526 945 (57)
3545 873 3710 928 verba

2128 970 2259 1026 facit
2319 989 2332 1024 :
2384 970 2494 1034 Τὰς
2549 967 2835 1030 ἐπιστολὰς
2875 966 3156 1036 Ἰγνατίου,
3209 969 3306 1030 τὰς
3368 966 3708 1038 πεμφθείσας

2126 1064 2258 1133 ἡμῖν
2293 1062 2384 1114 ὑπ’
2415 1061 2600 1126 αὑτοῦ,
2636 1059 2728 1112 καὶ
2760 1059 2943 1124 ἄλλας,
2979 1060 3108 1122 ὅσας
3141 1058 3358 1130 εἴχομεν
3391 1060 3521 1130 παρ’
3550 1061 3704 1129 ἡμῖν,

2125 1155 2445 1226 ἐπέμψαμεν
2513 1154 2669 1225 ὑμῖν,
2735 1151 2916 1215 καθὼς
2997 1151 3330 1205 ἐνετείλασθε
3510 1154 3568 1219 ἐξ
3631 1146 3706 1205 ὧν

2127 1247 2336 1318 μεγάλα
2357 1246 2700 1318 ὠφεληθῆναι
2726 1245 3038 1316 δυνήσεσθε.
3061 1246 3380 1317 Περιέχουσι
3398 1246 3504 1316 γὰρ
3525 1247 3708 1300 πίστιν

2123 1338 2216 1392 καὶ
2250 1339 2525 1410 ὑπομονὴν
2559 1341 2652 1392 καὶ
2686 1340 2866 1392 πᾶσαν
2900 1339 3208 1410 οἰκοδομὴν,
3246 1340 3342 1411 τὴν
3377 1341 3456 1402 εἰς
3489 1337 3707 1393 τὸνΚύ-

2123 1444 2236 1500 ριον
2271 1428 2427 1499 ήμῶν
2459 1429 2786 1499 ἀνήκουσαν.
2810 1426 2915 1493 Qui
2957 1428 3121 1497 igitur
3144 1428 3404 1497 epistolas
3429 1426 3618 1496 lgnatii
3649 1428 3704 1482 in

2120 1520 2348 1575 dubium
2400 1535 2595 1574 vocare
2635 1520 2820 1584 velint,
2861 1519 3146 1591 Polycarpi
3179 1536 3401 1589 quoque
3431 1520 3697 1588 epistolze,

2121 1620 2393 1682 praeeunte
2441 1611 2663 1675 Dallaeo,
2717 1612 2920 1666 bellum
2980 1613 3224 1666 indicant
3272 1621 3508 1680 oportet,
3554 1613 3703 1681 quod

2118 1705 2376 1760 Baurium
2412 1707 2588 1760 latuit.
2621 1704 2726 1760 Sed
2755 1706 2880 1776 quis
2925 1716 3029 1772 est,
3075 1707 3168 1776 qui
3220 1715 3371 1776 putet
3421 1705 3702 1760 falsarium

2118 1799 2409 1868 quemdam
2431 1813 2496 1853 eo
2521 1798 2844 1854 temeritatis
2867 1813 2990 1852 esse
3017 1815 3391 1869 progressum,
3409 1809 3467 1852 ut
3488 1798 3705 1852 vivente

2045 1873 2088 1927 Β
2118 1891 2300 1947 adhuc
2341 1900 2529 1948 sancto
2557 1892 2857 1963 Polycarpo
2873 1891 2987 1963 (58)
3016 1908 3124 1946 non
3159 1892 3338 1946 solum
3372 1889 3553 1944 amico
3582 1889 3703 1959 ejus

2115 1981 2343 2053 lgnatio,
2399 1984 2493 2038 sed
2548 1992 2603 2038 et
2647 1984 2752 2054 ipsi
2792 1984 3096 2055 Polycarpo
3156 1984 3326 2040 falsas
3373 1991 3704 2054 supponeret

2114 2075 2412 2144 epistolas?
2439 2074 2576 2141 Quis
2611 2077 2822 2143 credat,

2182 2167 2240 2239 b)
2268 2167 2535 2222 Irenaeum
2589 2185 2832 2240 quoque,
2867 2168 3152 2242 Polycarpi
3212 2171 3568 2240 discipulum,
3599 2174 3701 2228 du-

2111 2259 2305 2328 plicem
2333 2263 2479 2318 hunc
2498 2262 2684 2318 dolum
2716 2278 2826 2317 non
2857 2263 3492 2332 perspexisse?lrenaeus
3517 2275 3696 2320 autem

431 2388 574 2426 mem
602 2390 764 2428 nemo
815 2351 1005 2430 ηθεέη.
1051 2351 1233 2430 Fac—ile
1275 2375 1459 2446 itaque
1507 2386 1602 2430 aut
1631 2376 1881 2445 pocunia‘
1915 2384 2009 2430 am
2109 2352 2356 2446 epistolis
2378 2364 2430 2408 et
2452 2353 2648 2424 lgnatii
2675 2363 2730 2409 et
2755 2351 3042 2425 Polycarpi
3069 2354 3444 2446 testimonium
3474 2357 3694 2425 praebet.

429 2468 578 2534 dolo,
604 2476 700 2522 aut
726 2467 832 2521 alia
861 2467 1096 2538 quadam
1130 2467 1363 2534 ratione,
1394 2467 1576 2524 fideles
1602 2468 1808 2539 aliquid
1841 2469 1894 2522 in
1923 2467 2005 2524 fa-

427 2575 614 2615 vorem
638 2559 831 2631 lgnatii
869 2560 1050 2614 moliri
1078 2569 1344 2630 poterant.

498 2675 557 2745 h)
592 2673 862 2744 Ignatium
913 2676 969 2730 in
1010 2672 1359 2730 Occidentem
1400 2673 1706 2744 profectum
1748 2689 1892 2735 esse.
1934 2690 2002 2728 ex

426 2767 610 2822 verbis
632 2765 690 2820 S.
709 2765 995 2838 Polyearpi
1022 2775 1186 2835 patet.
1211 2765 1400 2835 Capite
1420 2765 1565 2819 enim
1589 2765 1655 2819 15
1671 2780 1754 2834 ep.
1781 2765 1848 2819 ad
1873 2763 2003 2829 Phi-

426 2859 698 2929 lippenses
727 2859 956 2930 legimus
983 2877 994 2912 :
1026 2859 1094 2912 Et
1127 2859 1189 2913 de
1211 2861 1323 2928 ipso
1353 2857 1589 2928 Ignatio,
1616 2868 1663 2912 et
1691 2858 1754 2912 de
1779 2858 1882 2923 his,
1908 2859 2000 2928 qui

426 2968 543 3004 cum
592 2968 650 3005 eo
700 2959 844 3016 sunt,
877 2951 1014 3018 quod
1045 2951 1236 3004 certius
1290 2952 1629 3020 agnoveritis,
1679 2950 1993 3019 signiﬁcate.

424 3042 580 3110 Quod
612 3044 655 3099 si
689 3053 868 3098 autem
901 3042 1142 3114 lgnatius
1161 3041 1460 3098 Antiochiae
1493 3041 1864 3108 remansisset,
1896 3057 1997 3108 nec

424 3137 478 3190 in
530 3134 877 3190 Occidentem
922 3134 1196 3196 venisset,
1244 3133 1398 3187 nullo
1448 3132 1610 3186 modo
1656 3130 1993 3203 Polycarpus

425 3226 780 3297 Smyrnensis
814 3225 981 3280 verba
1031 3225 1121 3279 illa
1159 3227 1223 3279 ad
1257 3223 1636 3294 Philippenses
1667 3223 1998 3293 scripsisset,
2027 3217 2069 3276 C

422 3319 569 3391 quod
603 3317 760 3373 facile
784 3333 851 3373 ex
888 3318 994 3372 situ
1020 3317 1270 3372 locorum
1307 3316 1734 3370 demonstratur.

2175 2446 2231 2516 α)
2265 2445 2424 2512 Quod
2449 2447 2828 2502 testimonium
2878 2447 2947 2500 de
2993 2445 3224 2516 epistola
3267 2445 3456 2517 lgnatii
3488 2449 3554 2503 ad
3588 2448 3699 2502 Ro—

2249 2554 2450 2594 manos
2537 2539 2751 2603 attinet,
2829 2538 2952 2593 vide
3030 2538 3344 2594 testimonia
3426 2550 3695 2608 veterum,

2244 2629 2348 2682 sub
2377 2645 2531 2683 num.
2560 2628 2624 2683 ll.

2179 2717 2230 2788 β)
2255 2719 2329 2774 De
2359 2722 2587 2790 epistola
2610 2729 2796 2777 autem
2811 2721 3095 2793 Polycarpi
3129 2723 3194 2777 ad
3217 2722 3596 2792 Philippenses
3623 2723 3694 2778 ita

2243 2813 2464 2868 disserit
2488 2813 2545 2868 S.
2586 2813 2822 2869 [renatus
2856 2833 2868 2868 :
2904 2809 3062 2868 ’Ἐστι
3095 2814 3152 2867 δὲ
3185 2815 3280 2868 καὶ
3310 2816 3563 2886 ἐπιστολὴ
3598 2818 3701 2870 Πο-

2099 2903 2379 2974 λυκάρπου
2394 2906 2530 2977 πρὸς
2548 2907 2787 2977 Φιλιππη
2796 2907 2942 2970 σίους
2955 2908 3334 2979 γεγραμμένη,
3354 2927 3407 2962 κ.
3427 2927 3475 2962 τ.
3489 2909 3541 2964 λ.
3557 2907 3685 2982 (59).

2185 2995 2236 3065 c)
2269 2995 2516 3052 Tertium
2543 2991 2905 3068 epistolarum
2931 2995 3330 3070 lgnatianarum
3361 3011 3554 3056 testem
3575 3001 3695 3056 Fri-

2096 3089 2311 3144 dericus
2340 3088 2688 3144 Ditsterdieck
2715 3090 3016 3145 Lucianum
3047 3092 3272 3147 adhibet
3341 3092 3694 3150 Samosatcn-

2103 3195 2239 3242 sem,
2257 3179 2348 3248 qui
2376 3180 2429 3233 in
2460 3181 2678 3250 dialogo
2710 3179 2782 3234 De
2804 3191 2971 3235 morte
2999 3180 3272 3252 Peregrini
3298 3183 3490 3255 Ignatii
3519 3186 3690 3239 nostri

2103 3268 2388 3324 historiam
2440 3270 2691 3324 deridere
2751 3271 2991 3326 videtur.
3046 3270 3457 3345 Peregrinus(§
3505 3275 3557 3340 1,
3596 3275 3690 3346 42)

2100 3362 2246 3416 enim
2298 3364 2496 3430 saepius
2528 3360 2877 3432 κακοδαίμων
2925 3364 3266 3430 nominatur,
3315 3382 3424 3435 quo
3471 3368 3692 3422 nomine

495 3432 664 3488 Roma
884 3429 1236 3500 Philippi.....
1293 3428 1642 3500 Smyrna.....
1707 3426 2012 3489 Antiochia.

2105 3426 2615 3523 lgnatiumeuoque
2645 3426 2918 3523 Traianus
2961 3457 3172 3511 notavit
3198 3426 3348 3529 (cfr:
3369 3458 3686 3531 Martyrium

417 3523 589 3624 Nemo
628 3539 759 3624 sane
799 3521 1241 3624 _Sm)’f‘ne$0w"“
1285 3520 1702 3624 Philippense?
1723 3519 1915 3624 3mm“,
1941 3527 2003 3572 ¹¹ῑ
2099 3519 2311 3616 ῐέιιθιίἰ,
2345 3561 2394 3600 c.
2415 3519 2502 3615 ἒ).
2528 3519 3095 3619 —Deinde‘Peregrinus
3124 3519 3385 3621 tanquam
3413 3519 3687 3624 episcopus

418 3616 620 3672 certior
661 3617 754 3670 liat
790 3615 857 3669 de
902 3615 971 3669 iis
1010 3630 1133 3684 qua:
1171 3613 1477 3668 Antiochiae
1517 3619 1816 3682 gerantur;
1863 3609 2000 3664 bene

2105 3609 2428 3690 describitur
2461 3609 2524 3708 (ς
2550 3638 2658 3708 ιι),
2691 3647 2748 3695 et
2796 3609 3094 3697 his‘verbis
3132 3662 3144 3696 ε
3181 3609 3690 3716 ὲνΙΣυρίᾳΙδεθέντα

417 3713 597 3762 autem
623 3723 745 3777 qua:
777 3706 966 3761 Romae
995 3706 1271 3772 eveniant,
1323 3719 1353 3758 a
1395 3701 1840 3774 Philippensibus
1862 3701 1996 3756 edo-

416 3800 528 3852 ceri
560 3799 786 3868 poterit.

485 3931 526 4004 i)
571 3931 842 4003 lgnatium
886 3932 954 3987 ad
997 3931 1201 3986 bestias
1227 3931 1546 3986 damnatum
1583 3943 1728 3993 esse,
1775 3926 1833 3983 S.
1888 3926 1999 3982 Ire—

2100 3725 2154 3799 (§
2190 3726 2303 3794 18).
2329 3726 2503 3783 Porro
2554 3740 2743 3785 narrat
2779 3730 3058 3789 Lucianus
3099 3734 3153 3806 (§
3199 3735 3311 3804 15),
3338 3736 3686 3794 Christianos

2099 3817 2343 3873 subsidia
2410 3819 2628 3874 misisse
2688 3823 2906 3891 captivo
2956 3839 3060 3878 suo
3126 3823 3441 3895 Peregrino.
3494 3826 3686 3883 Nonne

2096 3925 2227 3966 vero
2261 3911 2442 3968 haecce
2463 3912 2672 3970 referes
2702 3914 2768 3969 ad
2800 3916 3030 3986 legatos,
3056 3933 3194 3986 quos
3223 3919 3474 3974 Asiaticae
3505 3919 3687 3975 Eccle-

414 4003 568 4080 meus
599 4026 712 4095 (55)
747 4033 997 4080 testatur.
1055 4022 1184 4078 Vide
1218 4021 1540 4076 Testimoniu
1568 4030 1797 4075 veterum
1834 4035 1998 4089 supra

2105 4003 2195 4059 siae
2251 4003 2460 4077 Ignatio
2513 4008 2802 4063 mittebant
2850 4009 3222 4080 gratulaturos
3262 4010 3399 4082 (lgn.
3439 4011 3506 4065 ad
3542 4011 3679 4081 Eph.

413 4117 506 4170 sub
530 4133 674 4171 num.
717 4116 805 4186 11.)
830 4115 1068 4170 lrenaeus
1099 4125 1279 4169 autem
1305 4156 1318 4179 ,
1349 4113 1633 4184 Polycarpi
1661 4114 1992 4183 discipulus,

413 4209 565 4263 nullo
594 4208 757 4263 modo
781 4207 884 4263 hac
910 4207 962 4260 in
990 4224 1048 4260 re
1071 4221 1258 4261 errare
1281 4213 1525 4275 poterat.

478 4325 537 4394 k)
568 4325 844 4396 Ignatium
878 4323 1070 4378 Romae
1107 4338 1234 4379 cum
1272 4321 1461 4376 bestiis
1499 4333 1797 4390 pugnasse,
1849 4316 1997 4372 clare

409 4419 569 4474 docet
589 4417 850 4489 Origenes
873 4417 1010 4486 (54).
1047 4415 1172 4470 Vide
1201 4415 1361 4482 ibid.,
1397 4411 1492 4468 sub
1522 4427 1670 4466 num.
1698 4407 1816 4479 ιν.)

2097 4110 2148 4150 c.
2200 4097 2253 4160 1,
2302 4097 2357 4162 2,
2393 4098 2460 4152 ad
2512 4096 2691 4169 Magn.
2733 4115 2781 4154 c.
2811 4100 2907 4170 ‘2)?
2938 4101 3162 4156 Summa
3196 4117 3327 4157 vero
3375 4103 3678 4158 acerbitate

2097 4188 2368 4258 lgnatium
2403 4191 2576 4259 carpit
2602 4192 2850 4262 martyrii
2885 4201 3246 4262 appetentem.
3282 4193 3451 4259 Quasi
3492 4209 3681 4249 amen-

2095 4287 2204 4332 tem
2236 4280 2378 4333 enim
2402 4279 2710 4345 κενοδοξίαν
2729 4281 2938 4335 deridet
2967 4282 3204 4336 nobilem
3236 4281 3354 4350 ejus
3385 4281 3679 4347 fervorem,

2096 4376 2151 4425 et
2175 4385 2299 4424 cum
2341 4369 2581 4441 lgnatins
2621 4377 2870 4427 hortatus
2899 4372 3064 4428 fuerit
3093 4375 3388 4439 Ecclesias,
3413 4384 3474 4431 ut
3501 4376 3683 4430 mitte-

2095 4471 2217 4516 rent
2243 4463 2603 4532 gratulatores
2626 4464 2974 4520 Antiochiam
2999 4465 3136 4536 (lgn.
3175 4469 3241 4522 ad
3271 4467 3480 4522 Philad.
3510 4485 3559 4524 c.
3589 4466 3676 4530 10,

482 4535 522 4648 ξ)
1058 4527 1527 4648 Ἐξεξῗυδυῷδ)
1563 4541 1783 4597 quoque
1839 4524 1994 4580 ίθδιῖδ
2025 4591 2070 4648 D
2097 4555 2164 4609 ad
2185 4524 2371 4625 Pdlyc.
2402 4570 2453 4609 c.
2474 4555 2504 4606 7
2524 4554 2689 4648 seq),
2711 4555 2953 4648 vicissim
2985 4524 3369 4628 deuPeregrino
3397 4560 3538 4628 apud
3567 4524 3678 4614 ιυζ

408 4636 513 4684 est.
549 4627 711 4698 (Vide
734 4628 821 4681 ubi
847 4643 1029 4696 supra,
1055 4625 1150 4679 sub
1183 4639 1329 4678 nam.
1358 4621 1451 4692 ν.)

2098 4648 2317 4703 cianum
2371 4647 2445 4701 ita
2489 4656 2571 4701 est
2607 4665 2618 4700 :
2648 4646 2788 4700 Φασὶ
2832 4647 2890 4700 δὲ
2933 4649 3136 4712 πάσαις
3205 4649 3390 4720 σχεδὸν
3437 4654 3555 4714 ταῖς
3588 4655 3677 4706 ὲν-

481 4744 560 4813 m)
591 4741 772 4813 Magni
804 4741 1038 4811 denique
1075 4739 1333 4809 ponderis
1377 4736 1434 4792 S.
1465 4732 1846 4808 Chrysostomi
1879 4731 1996 4803 (56)

2105 4737 2266 4805 δόξοις
2305 4739 2522 4792 πόλεσιν
2562 4738 2850 4802 ἐπιστολὰς
2875 4738 3180 4810 διαπέμψαι
3205 4742 3437 4796 αὐτὸν...
3473 4744 3565 4796 καί
3599 4762 3680 4798 τι-

407 4843 491 4889 est
535 4834 779 4898 effatum,
811 4831 1211 4887 Antiochenam
1283 4830 1350 4884 de
1395 4827 1603 4899 lgnatio
1648 4826 1992 4882 Antiocheno

2105 4847 2192 4896 νας
2236 4833 2329 4885 ἐπὶ
2374 4830 2550 4900 τούτῳ
2593 4829 2935 4900 πρεσϐευτὰς
2978 4830 3086 4884 τῶν
3127 4833 3356 4904 ἑταίρων
3387 4835 3678 4904 ἐχειροτό-

409 4925 752 4979 traditionem
785 4923 1099 4977 testificaris.
1139 4919 1296 4991 (Ejus
1330 4919 1685 4973 testimonium
1714 4916 1831 4972 vide
1855 4917 1994 4970 inter

2105 4939 2266 4992 mae,
2327 4921 2772 4992 νεκραγγέλους
2833 4923 2923 4974 καὶ
2970 4923 3470 4994 νερτεροδρόμους
3509 4943 3678 4997 προσ-

406 5015 537 5080 alia,
568 5015 662 5069 sub
696 5031 841 5068 num.
886 5013 982 5083 X.)

2090 5015 2394 5088 αγορεύσας
2439 5014 2492 5086 (§
2547 5015 2663 5084 41),
2722 5022 2777 5068 at
2837 5031 3059 5069 rursum
3109 5017 3301 5072 audias
3351 5017 3617 5087 lgnatium
3658 5036 3673 5074 :

479 5127 865 5183 Recentiorum
920 5127 1232 5182 testimonia
1277 5135 1578 5190 taeeamus,
1619 5123 1688 5178 de
1733 5121 1983 5176 Romano

2105 5102 3190 5185 πρέπει--χειροτονῆσαι-θεοπρεσϐύτην
3219 5108 3460 5180 (Smyrn.
3482 5125 3531 5164 c.
3562 5111 3672 5181 11),

406 5216 602 5289 lgnatii
659 5218 853 5272 itinere
899 5217 1126 5272 minime
1169 5215 1500 5271 dubitantes.
1547 5212 1746 5270 Confer
1799 5219 1983 5266 autem

2105 5199 2618 5273 ied'dpottogKPolyc.
2654 5217 2703 5256 c.
2733 5201 2762 5253 7
2791 5201 2926 5272 (60).

477 5357 607 5425 (51)
633 5357 1062 5428 Chrysostomus
1091 5358 1253 5422 (erat.
1291 5359 1343 5412 in
1374 5356 1432 5412 S.
1463 5357 1722 5428 lgnat.,t.
1741 5353 1808 5418 ll,
1837 5369 1888 5428 c_.
1913 5353 1946 5406 4
1967 5389 1982 5412 ν

405 5440 460 5490 p.
480 5429 585 5484 598
616 5429 704 5483 ed.
739 5426 958 5497 Montf.)
991 5429 1163 5495 addit,
1183 5426 1986 5497 Trajatium'lgnatiolongiora

407 5497 626 5568 itineris
655 5499 831 5568 spatia
867 5501 1240 5568 proposuisse,
1290 5513 1350 5552 ut
1375 5509 1429 5552 et
1461 5499 1673 5552 itineris
1701 5507 1755 5552 et
1779 5506 1986 5565 tempo-

403 5567 483 5622 ris
507 5567 844 5638 longitudine
876 5567 977 5622 viri
1005 5570 1366 5624 constantiam
1400 5569 1773 5624 lalxzfactaret.

475 5635 891 5706 (52)’(]οιε1εξι·.,
925 5640 991 5692 ad
1023 5656 1071 5693 c.
1106 5641 1128 5693 1
1161 5638 1414 5708 Epistola:
1441 5642 1498 5693 S.
1526 5638 1716 5708 lgnatii
1743 5637 1980 5691 adRom.

473 5708 586 5775 (55)
603 5708 737 5770 Adv.
757 5709 1039 5770 hwr.v,9.8.
1058 5710 1211 5776 Apud
1228 5709 1445 5777 Euseb,
1469 5710 1610 5765 "ist.
1631 5708 1780 5776 εει-1.,
1801 5726 1879 5772 ιιι,
1897 5710 1981 5764 56.

473 5777 592 5846 (5.1)
636 5777 834 5846 Iiomil.
871 5794 920 5829 Vl
981 5781 1033 5832 in
1069 5779 1196 5832 Luc.

475 5843 590 5919 (55)
634 5843 776 5904 Hist.
796 5848 946 5915 eccl.,
970 5866 1048 5917 ιιι,
1082 5851 1168 5905 56.

2159 5342 2274 5415 (5Q)
2306 5341 2512 5398 Homil.
2550 5344 2602 5398 in
2630 5342 2688 5398 S.
2726 5342 2925 5414 Ignat.,
2949 5360 3014 5400 n.
3038 5342 3089 5399 5.
3121 5341 3253 5414 Opp.
3301 5352 3339 5399 t.
3369 5341 3434 5410 Il,
3461 5360 3514 5415 p.
3543 5343 3669 5409 599,

2095 5412 2182 5470 ed.
2221 5412 2372 5468 Ruae.
2757 5412 2776 5414 “
3171 5412 3183 5414 “

2165 5484 2283 5553 (57)
2314 5483 2499 5554 Polyc.
2518 5483 2616 5553 Ep.
2647 5484 2714 5538 ad
2737 5483 2995 5554 Philipp,
3020 5500 3072 5539 c.
3097 5483 3184 5537 15.

2162 5554 2276 5624 (58)
2309 5553 2498 5609 Mediis
2551 5556 2695 5624 enim
2745 5553 2892 5608 saec.’
2919 5571 2957 5607 ιι
3001 5555 3358 5623 temporibus,
3400 5569 3532 5623 ergo
3590 5554 3669 5608 vi-

2100 5634 2257 5680 vente
2301 5625 2480 5695 adhuc
2512 5623 2570 5678 S.
2596 5694 2601 5695 γ
2627 5623 2949 5695 Polycarpo,
2983 5625 3239 5695 cp‘stolas
3282 5634 3499 5678 nostras
3533 5640 3670 5678 con-

2093 5696 2263 5751 fectas
2297 5710 2419 5765 esse
2444 5693 2678 5749 Banrius
2703 5693 3154 5750 cbntendithfr.
3185 5711 3346 5765 supra
3375 5696 3401 5764 §
3431 5712 3500 5749 Iv.

2166 5765 2275 5832 (59)
2300 5764 2434 5817 Adv.
2456 5765 2586 5818 IIIBI‘.
2603 5782 2681 5829 ιιι,
2700 5765 2910 5833 5.Apud
2931 5764 3468 5833 Euseb.,llist.errl.,
3489 5765 3666 5832 vv,14.

2167 5833 2684 5917 ζϋολυῡδιειιιίρςιι,
2724 5836 2760 5890 Ι.
2795 5850 2869 5899 c.,
2898 5851 2950 5906 p.
2979 5836 3064 5892 18.
