4134 6462
418 378 524 434 635

1383 372 1625 428 SANCTI
1660 373 1914 429 IGNATII
1966 372 2323 429 EPISTOLAE
2361 369 2710 427 GENUINE.

3555 362 3657 417 636

488 496 546 564 d)
574 495 744 551 Paulo
775 506 895 565 post
923 493 1182 549 Irenaeum
1214 490 1475 562 Origenes
1503 495 1615 563 (61)
1657 496 1721 549 de
1752 495 1994 565 epistolis
2025 502 2067 555 Α
2099 494 2267 548 fuisse
2308 509 2371 547 ex
2415 495 2434 545 l
2466 492 2592 546 Cor.
2625 508 2711 557 xv,
2736 487 2895 555 8-10,
2925 487 3207 558 Ephes.m,
3232 484 3285 550 8,
3312 492 3365 538 et
3395 484 3415 536 1
3442 479 3583 536 'l'im.
3617 498 3656 543 ι,

422 587 611 656 Ignatii
643 587 804 639 verba
836 586 981 640 fecit.

491 678 549 748 α)
591 677 835 733 Memini
865 678 1093 741 aliquem
1125 689 1429 731 sanctorum
1470 677 1689 744 dixisse,
1726 676 1996 747 Ignatium

566 771 790 832 nomine,
817 772 880 823 de
910 770 1121 825 Christo
1153 786 1169 821 :
1209 789 1226 820 ι
1261 770 1407 823 Meus
1436 778 1609 821 autent
1641 786 1791 821 amor
1823 770 1996 821 cruci-

565 863 704 927 ﬁxus
743 868 878 915 est.»
912 861 991 915 Ex
1024 861 1121 930 Ep.
1152 860 1342 929 lgnatii
1381 860 1446 913 ad
1481 859 1637 914 Rom.
1674 877 1722 913 c.
1758 860 1807 913 7.

496 952 549 1021 β)
582 951 893 1006 Secundum
948 952 1199 1022 Origenis
1233 951 1605 1005 testimonium
1644 950 1766 1004 vide
1810 965 1995 1018 supra,

566 1043 673 1097 col.
702 1043 755 1095 9.

500 1133 553 1202 c)
580 1133 859 1189 Addamus
882 1134 1030 1188 hisce
1056 1132 1286 1186 testibus
1312 1129 1602 1185 Eusebium
1623 1131 1757 1200 (62),
1774 1131 1866 1200 qui
1892 1146 1997 1185 non

426 1225 602 1277 solum
649 1226 714 1278 de
759 1225 1010 1279 Romano
1038 1226 1227 1294 lgnatii
1266 1227 1458 1280 itinere
1488 1226 1579 1279 sed
1615 1234 1669 1278 et
1701 1225 1767 1277 de
1796 1233 1999 1291 septem

427 1316 546 1385 ejus
585 1318 828 1385 epistulis
854 1319 1173 1371 nominatim
1209 1320 1340 1388 agit,
1391 1317 1632 1387 singulas
1684 1316 1871 1385 paucis
1906 1315 2002 1368 dc-

428 1408 694 1471 scribens,
722 1425 783 1461 cx
810 1410 1053 1477 epistolis
1074 1425 1200 1464 vero
1234 1411 1298 1463 ad
1330 1409 1488 1463 Rom.
1507 1425 1557 1463 c.
1577 1410 1677 1462 Eiet
1694 1408 1756 1461 ad
1783 1406 1999 1477 Smyrn.

428 1514 477 1551 c.
512 1498 545 1551 5
577 1500 806 1566 plurima
842 1500 1188 1568 depromens.
1215 1498 1457 1565 (Eusebii
1502 1500 1853 1553 testimonium
1891 1496 2003 1549 vide

429 1604 609 1655 supra,
641 1589 739 1641 col.
776 1589 863 1652 11,
888 1590 987 1643 sub
1018 1606 1169 1643 num.
1207 1588 1297 1658 V.)

502 1679 541 1747 1')
574 1680 903 1735 Athanasius
945 1682 1057 1749 (63)
1121 1698 1341 1751 quoque
1410 1679 1704 1751 Ignatianis
1760 1677 2004 1747 epistolis

432 1773 805 1825 testimonium
842 1772 1090 1840 perhibet
1115 1774 1319 1841 (supra,
1344 1771 1443 1824 col.
1474 1770 1559 1835 15,
1590 1786 1736 1823 nam.
1767 1768 1877 1837 Vl).
1956 1816 1959 1818 .
1985 1777 1999 1787 ‘

2098 584 2262 638 12-Ιὸ
2294 583 2608 652 perspicies.

2165 676 2223 747 d)
2252 674 2483 730 Iactatio
2512 684 2566 729 et
2591 672 2863 743 superbia,
2891 670 3188 741 apostolico
3220 666 3339 722 viro
3382 664 3657 727 indecora,

2098 768 2152 820 in
2189 767 2513 838 cOgnomine
2545 766 2841 833 Θεοφόρος
2867 762 3097 817 inveniri
3128 775 3238 815 non
3267 764 3462 828 potest.
3500 754 3661 809 Tem-

2099 859 2321 930 poribus
2372 860 2516 913 enim
2573 858 2889 928 apostolicis
2939 856 3122 924 plures
3179 852 3417 907 ﬁdelium
3461 848 3660 902 talibus

2100 950 2415 1005 honorificis
2466 949 2779 1003 nominibus
2826 947 2929 1017 ipsi
2965 955 3095 1002 sunt
3133 943 3242 1009 usi,
3270 953 3330 997 ut
3359 942 3418 995 Β.
3447 939 3659 1005 Petrus,

2101 1039 2396 1105 Barnabas,
2425 1039 2690 1095 Barsabas
2710 1038 2896 1093 Justus
2921 1046 2975 1093 et
2994 1038 3105 1091 alii.
3131 1036 3392 1090 Praeterea
3425 1032 3483 1086 S.
3510 1033 3665 1100 Igna-

2101 1131 2209 1184 tius
2245 1148 2349 1183 non
2382 1130 2753 1185 immodestior
2773 1139 2855 1185 est
2884 1131 3039 1183 beato
3068 1127 3235 1181 Paulo
3260 1110 3337 1183 (Ill
3359 1124 3487 1179 Cor.
3517 1137 3570 1188 χ,
3609 1122 3663 1175 1.

2106 1222 2189 1286 11;
2220 1238 2269 1281 v,
2297 1221 2382 1285 11,
2414 1221 2601 1275 21-23.
2636 1221 2754 1275 Gal.
2782 1237 2841 1279 ιι.
2881 1221 2963 1285 11,
3002 1219 3112 1290 17),
3143 1234 3305 1287 quem
3341 1231 3441 1269 nec
3473 1229 3667 1269 censor

2102 1316 2400 1370 acerrimus
2431 1316 2500 1370 ob
2528 1330 2646 1369 eam
2687 1331 2799 1370 rem
2829 1316 3009 1384 [ictam
3058 1327 3348 1382 personam
3380 1308 3665 1365 nominare

2102 1406 2249 1459 velit.

2172 1495 2228 1566 4)
2259 1495 2535 1551 Falsarius
2569 1497 2621 1550 in
2655 1496 3090 1567 Pseudo—lgnatio
3148 1510 3249 1551 suo
3281 1492 3579 1549 excolendo
3617 1501 3673 1544 et

2104 1591 2537 1644 commendando
2564 1593 2653 1645 vix
2681 1591 3115 1662 neglexisset.de
3143 1582 3671 1653 necessitatelguatii

2106 1695 2229 1733 cum
2267 1679 2479 1735 Joanne
2526 1684 2773 1752 apostolo
2806 1683 2968 1736 verba
3003 1681 3200 1735 facere.
3247 1676 3351 1732 Sed
3392 1676 3581 1731 nullibi
3618 1676 3671 1730 in

2107 1772 2353 1841 epistolis
2378 1774 2583 1828 nostris
2611 1774 2735 1828 talia
2760 1774 2997 1843 reperies
3023 1772 3155 1840 (67).

502 1861 556 1932 g)
594 1860 833 1931 Denique
867 1861 1252 1931 Hieronymum
1284 1862 1419 1931 (64),
1452 1862 1546 1930 qui
1579 1876 1686 1914 non
1710 1860 1816 1914 nisi
1846 1860 2008 1914 verba
2039 1840 2083 1899 Β
2142 1840 2151 1841 η
2182 1865 2235 1932 5)
2266 1865 2367 1929 Qui
2395 1865 2448 1918 in
2481 1864 2721 1920 favorem
2762 1840 3115 1935 explananda
3154 1860 3501 1930 episcopatus
3545 1858 3676 1912 ideae

433 1951 651 2006 Eusebii
680 1953 959 2021 repeliissc
991 1954 1223 2018 videtur,
1244 1953 1530 2007 audiamus
1563 1970 1576 2005 :
1616 1950 1876 2021 lgnatius,
1904 1953 2013 2005 Au-

435 2046 698 2099 tioc/icua:
722 2043 965 2101 Ecclesia:
993 2049 1175 2101 tertius
1204 2056 1319 2117 post
1354 2045 1568 2099 Petrum
1594 2044 1886 2113 apostolum
1905 2044 2013 2110 epi-

430 2148 759 2205 scopus,etr.
796 2138 1039 2207 (Reliqua
1065 2140 1183 2193 vide
1207 2154 1371 2207 supra
1395 2138 1511 2206 :col.
1547 2136 1640 2202 16;
1688 2153 1839 2190 num.
1876 2136 2009 2207 VII).

508 2226 876 2283 Posteriornm
927 2230 1147 2284 Patrum
1201 2230 1533 2294 testimonia,
1564 2230 1704 2283 inter
1730 2246 1791 2282 ea
1827 2230 2012 2283 decem

433 2320 739 2372 testimonia
793 2319 1140 2385 Theodoreti,
1170 2319 1311 2388 apud
1337 2317 1678 2372 Gallandium
1705 2328 1759 2370 et
1796 2318 2014 2371 (301010-

435 2408 574 2460 rium
629 2419 881 2477 congesta
954 2408 1231 2472 invenies,
1268 2408 1425 2460 initio
1484 2406 1649 2475 hujus
1697 2406 2009 2461 voluminis.

434 2497 592 2551 Enn.
626 2489 863 2549 Paruoc.

505 2589 563 2657 5)
603 2589 832 2645 Baurius
885 2591 1165 2645 contendit
1210 2591 1478 2660 lgnatium
1541 2592 1689 2645 omni
1740 2590 1899 2644 modo
1960 2589 2011 2642 in

435 2680 521 2735 his
551 2681 763 2745 litteris,
790 2691 903 2735 tum
937 2682 1084 2751 justo
1114 2682 1390 2737 fervidiori
1418 2682 1694 2738 desiderio
1743 2685 2011 2754 martyrii,

434 2780 552 2825 tum
587 2773 791 2827 absona
830 2774 1158 2828 humilitatis
1189 2782 1242 2827 et
1274 2774 1551 2829 modestia
1576 2791 1697 2829 cum
1718 2776 2014 2844 jactatione

433 2871 490 2917 et
513 2862 768 2932 superbia
798 2862 1182 2931 conjunctione
1211 2878 1270 2915 se
1296 2862 1456 2915 talem
1496 2862 1757 2931 praebere,
1790 2871 1850 2915 nt
1879 2878 2013 2931 apo—

436 2956 613 3010 stolici
647 2955 751 3008 viri
784 2955 1010 3025 vestigia
1039 2956 1230 3011 nullibi
1258 2956 1501 3027 detegas,
1528 2956 1706 3012 ﬁctam
1740 2972 1869 3011 vero
1892 2973 2014 3027 per-

437 3062 627 3103 sonam
658 3046 815 3101 facile
842 3048 1103 3116 reperias.

578 3138 779 3193 Verum

509 3233 564 3299 a)
598 3231 898 3302 Singularis
916 3234 1084 3287 animi
1107 3233 1259 3288 calor
1283 3240 1338 3288 et
1365 3233 1679 3297 commotio,
1705 3234 2008 3289 inaﬂectata

437 3334 494 3381 et
518 3326 700 3378 nativa
737 3340 796 3379 se
825 3326 1099 3394 praebendi
1126 3326 1268 3380 ratio
1298 3326 1609 3380 omnimoda
1635 3326 1925 3381 sinceritas
1960 3333 2013 3380 et

438 3414 781 3484 simplicitas,
831 3417 1152 3483 scriptorem
1198 3431 1262 3468 ex
1293 3415 1487 3469 intimo
1525 3414 1689 3469 corde
1724 3414 1885 3469 verba
1913 3429 2011 3468 sua

440 3505 830 3575 proferentem,
862 3520 968 3559 non
1005 3504 1283 3559 falsarium
1317 3504 1549 3573 produnt
1580 3504 1713 3573 (65).
1744 3502 1799 3555 In
1827 3503 2017 3571 primis

438 3612 599 3650 nemo
631 3596 1216 3665 falsariusprmclarum
1255 3596 1384 3650 illud
1410 3612 1528 3665 cap.
1558 3596 1591 3648 4
1623 3595 1688 3648 ad
1715 3594 2018 3648 Trallianos

438 3689 768 3759 scripsisset,
796 3689 885 3743 ubi
916 3689 1157 3758 lgnatius
1191 3697 1373 3756 aperte
1409 3696 1657 3753 testatur,
1687 3694 2020 3757 quantopere

440 3780 569 3848 ipsi,
621 3780 686 3834 ad
745 3796 1002 3833 coronam
1052 3780 1296 3849 martyrii
1367 3779 1710 3847 properanti,
1767 3777 2018 3846 superbia

439 3872 686 3942 quaadam
731 3873 803 3927 sit
838 3873 1164 3942 periculosa.
1198 3874 1256 3924 In
1293 3870 1571 3926 fervidiori
1595 3873 1740 3926 enim
1772 3873 2021 3943 martyrii

439 3964 711 4018 desiderio
738 3962 989 4018 falsarius
1020 3964 1246 4033 gloriam
1281 3963 1461 4018 herois
1490 3964 1575 4018 sui
1601 3963 1894 4033 posuisset.

517 4055 572 4125 b)
610 4055 814 4109 Revera
843 4056 1065 4109 minime
1109 4054 1271 4108 nobis
1310 4054 1509 4107 mirum
1536 4054 1770 4122 videtur,
1796 4054 1841 4108 si
1870 4056 2025 4125 lgna-

442 4148 573 4211 tius,
607 4161 868 4200 coronam
911 4146 1158 4216 martyrii
1196 4155 1539 4213 exspectans,
1565 4147 1754 4199 eadem
1786 4146 1895 4211 via,
1918 4161 2023 4214 qua

441 4240 668 4301 Paulus,
697 4238 926 4292 Romam
973 4240 1193 4303 ductus,
1224 4255 1253 4293 a
1302 4239 1564 4293 fratribus
1606 4238 1767 4307 longe
1810 4238 2025 4305 lateque

446 4330 719 4386 salutatus
780 4330 1144 4399 laudibusque
1204 4337 1451 4392 ornatus,
1507 4328 1824 4396 fervidoque
1896 4343 2024 4394 erga

2115 1953 2213 2008 has
2264 1956 2524 2025 epistolas
2565 1958 2841 2013 confectas
2895 1966 2949 2012 et
2989 1956 3247 2011 confictas
3302 1965 3423 2005 esse
3463 1959 3673 2018 putant,

2112 2046 2396 2115 epistolam
2442 2050 2637 2118 lgnatii
2690 2050 2756 2103 ad
2816 2049 3094 2102 Romanos
3140 2062 3245 2100 non
3275 2044 3328 2100 in
3387 2043 3677 2097 consilium

2111 2148 2337 2203 vocant,
2376 2140 2429 2193 in
2479 2157 2583 2209 qua
2651 2142 2797 2195 nulla
2848 2142 3189 2209 episcopatus
3221 2140 3280 2194 ﬁt
3318 2138 3522 2194 mentio
3542 2133 3675 2203 (68).

2112 2228 2389 2284 Falsarius
2431 2233 2639 2301 utique,
2680 2232 2863 2286 Romae
2905 2248 3001 2286 sua
3070 2230 3298 2301 ﬁngens,
3328 2231 3395 2284 de
3438 2228 3681 2282 Romano

2114 2335 2332 2389 quoque
2364 2322 2682 2391 episcopatu
2721 2323 2882 2377 verba
2914 2322 3153 2377 fecisset.
3190 2320 3500 2375 Notandum
3533 2334 3678 2372 vero.

2115 2422 2396 2468 auctorem
2451 2414 2805 2482 epistolarum
2847 2429 2953 2466 non
2999 2414 3053 2468 id
3084 2413 3135 2466 in
3178 2412 3368 2481 primis
3396 2411 3591 2479 egisse,
3624 2416 3682 2460 ut

2115 2502 2474 2555 hierarchiam
2541 2502 2965 2557 ecclesiasticam
3028 2509 3082 2555 et
3139 2499 3520 2565 obedientiam,
3548 2506 3678 2558 ete.,

2113 2605 2244 2660 erga
2299 2592 2588 2661 episcopos
2640 2593 3064 2647 commendaret.
3115 2589 3282 2643 Multo
3324 2589 3466 2643 enim
3512 2588 3683 2656 magis

2115 2700 2260 2738 cura:
2294 2685 2343 2738 ci
2387 2683 2506 2747 fuit,
2540 2692 2597 2736 ut
2622 2684 2809 2737 fideles
2848 2700 2877 2737 a
2918 2682 3540 2750 venenojudaizantium
3581 2678 3684 2733 Do-

2114 2786 2357 2829 cetarum
2399 2773 2799 2828 dehortaretur.
2834 2774 2914 2827 Ad
2967 2772 3277 2827 evitandam
3322 2772 3515 2826 deinde
3545 2770 3686 2824 hanc

2115 2867 2492 2937 contagionem
2533 2866 2712 2919 unitas
2738 2865 3107 2919 ecclesiastica
3139 2872 3194 2919 et
3224 2863 3530 2920 arctissima
3560 2876 3686 2915 cum

2113 2960 2370 3029 episcopo
2401 2958 2716 3026 conjunctio
2746 2957 3051 3027 postulatur
3074 2956 3207 3026 (69).

2188 3050 2243 3117 6)
2272 3050 2512 3104 Ilaereses
2531 3065 2666 3118 quas
2694 3049 2885 3103 beatus
2904 3048 3143 3119 lgnatius
3176 3047 3510 3117 perstringit,
3536 3045 3683 3101 clare

2114 3140 2512 3204 demonstrant,
2566 3140 2823 3209 epistolas
2864 3141 2983 3209 ejus
3028 3139 3220 3207 primis
3249 3139 3430 3193 saeculi
3464 3136 3685 3192 secundi

2116 3233 2452 3302 temporibus
2501 3248 2621 3288 esse
2671 3232 3039 3288 ascribcndas.
3069 3233 3186 3286 Duo
3226 3232 3436 3288 diversa
3470 3229 3684 3287 Iiwreti-

2113 3341 2301 3380 corum
2355 3340 2551 3396 genera
2590 3324 2842 3395 (Docetas
2884 3334 2937 3378 et
2981 3323 3349 3386 Judaizantes,
3375 3324 3441 3376 ab
3486 3323 3691 3388 lgnatio

2115 3418 2421 3487 impugnari
2464 3418 2708 3487 plerique
2736 3417 3101 3471 crediderunl.
3138 3414 3547 3482 Hutherus(70)
3589 3429 3686 3467 au—

2116 3518 2221 3563 tem
2253 3510 2388 3563 bene
2429 3508 2633 3574 docuit,
2665 3509 2926 3578 lgnatium
2974 3525 3080 3562 non
3114 3507 3217 3560 nisi
3246 3507 3298 3559 in
3332 3522 3492 3557 unum
3522 3520 3690 3573 genus

2118 3601 2529 3667 haereticorum,
2578 3600 2973 3670 judaizantium
3012 3600 3134 3654 dico
3184 3598 3541 3658 Docetarum,
3586 3595 3691 3648 tela

2119 3693 2355 3748 acuisse.
2401 3692 2596 3747 Beatus
2645 3692 2789 3746 enim
2845 3691 3029 3759 Pater,
3087 3692 3131 3746 si
3180 3698 3367 3745 contra
3412 3688 3691 3743 Judaistas

2120 3801 2336 3856 quoque
2357 3785 2579 3855 proprio
2608 3801 2769 3839 sensu
2796 3793 3110 3854 pugnasset,
3134 3783 3340 3853 absque
3362 3783 3507 3836 omni
3531 3780 3696 3836 dubio

2121 3879 2281 3933 etiam
2308 3877 2373 3933 de
2401 3878 2819 3932 circumcisione
2852 3878 3015 3931 verba
3047 3875 3280 3941 fecisset,
3316 3875 3462 3945 quod
3504 3874 3691 3927 nullibi

2124 3971 2177 4024 in
2231 3970 2476 4040 epistolis
2519 3969 2639 4036 ejus
2687 3968 2975 4038 reperitur.
3024 3968 3305 4037 Ejusmodi
3352 3967 3518 4035 igitur
3564 3965 3696 4035 legis

2125 4062 2366 4117 fautores
2416 4060 2640 4130 intelligi
2689 4059 2883 4128 jubent
2929 4057 3205 4113 Hutherus
3245 4066 3299 4112 et
3347 4055 3698 4111 Dﬂsterdieck

2128 4156 2276 4208 illum
2324 4168 2577 4223 sequens,
2606 4153 2796 4221 quales
2828 4150 3041 4205 Coloss.
3089 4166 3151 4215 ιι,
3187 4149 3251 4202 16
3283 4164 3402 4218 sqq.
3433 4147 3695 4217 perstrin-

2128 4255 2346 4314 gantur,
2372 4259 2719 4313 quorumque
2749 4241 3232 4310 asccsisjudaismi
3255 4241 3427 4294 instar
3458 4240 3527 4294 sit
3558 4240 3693 4293 visa.

2131 4336 2359 4392 Unicum
2387 4337 2486 4388 hoc
2505 4333 2901 4404 judaizantium
2934 4332 3253 4385 Docetarum
3279 4347 3447 4401 genus
3476 4330 3697 4385 Duster-

442 4421 723 4476 Christum
751 4437 938 4476 amore
976 4422 1231 4491 ﬂagrans,
1264 4421 1573 4473 vehementi
1609 4420 1847 4489 quodam
1884 4434 2028 4472 mar-
2129 4427 2283 4481 dieck
2310 4427 2369 4493 (Ι,
2412 4440 2487 4489 0,,
2529 4441 2580 4493 p.
2622 4425 2711 4494 55)
2746 4425 2796 4477 in
2827 4424 2965 4478 duas
2996 4422 3228 4477 familias
3262 4422 3543 4492 disjungit,
3578 4438 3697 4476 eas-

446 4514 571 4586 tyrii
601 4514 875 4569 desiderio
908 4514 1127 4568 ardebat
1160 4513 1296 4583 (66).

514 4608 568 4674 c)
595 4606 869 4663 Absonam
914 4606 1273 4659 humilitatem
1300 4606 1530 4660 Baurius
1560 4606 1612 4658 in
1656 4605 1722 4659 iis
1753 4604 1886 4660 locis
1924 4604 2018 4658 de-

446 4700 647 4755 texisse
703 4708 876 4769 putat,
912 4698 1005 4752 ubi
1051 4696 1295 4767 lgnatius
1344 4712 1402 4751 se
1447 4698 1623 4766 ipsum
1656 4697 1931 4749 minimum
1969 4705 2023 4750 et

446 4793 718 4863 indignum
773 4792 1046 4862 prmdicat,
1078 4800 1130 4844 et
1182 4805 1307 4842 cum
1360 4790 1608 4844 diaconis
1649 4798 1880 4855 tantum,
1912 4804 2019 4842 non

447 4899 574 4939 cum
606 4882 880 4952 episcopis
911 4896 969 4936 se
999 4889 1309 4949 comparat;
1343 4896 1392 4933 e.
1424 4896 1476 4947 g.
1509 4879 1576 4932 ad
1609 4878 1826 4947 Smyrn.
1868 4895 1915 4929 (ξ.
1959 4877 2014 4930 11

445 4986 502 5030 et
530 4975 624 5041 12;
654 4975 718 5028 ad
752 4974 907 5029 Rom.
943 4989 992 5027 c.
1028 4974 1060 5025 4
1093 4982 1143 5026 et
1166 4972 1230 5034 9;
1262 4972 1325 5024 ad
1360 4970 1555 5039 Ephes.
1602 4986 1651 5023 c.
1683 4970 1715 5023 8
1747 4981 1800 5024 et
1830 4970 1923 5031 18;
1956 4970 2020 5023 ad

448 5066 619 5122 Trall.
651 5083 701 5122 c.
736 5068 824 5131 i5,
859 5065 925 5119 ad
972 5063 1184 5118 Philad.
1216 5080 1263 5117 c.
1303 5063 1363 5127 1;
1393 5063 1459 5117 ad
1510 5062 1687 5131 Magn.
1731 5078 1778 5116 c.
1818 5062 1872 5115 2.
1918 5060 2021 5115 Sed

448 5161 697 5217 eamdem
742 5159 1104 5213 humilitatem
1142 5156 1267 5211 divo
1301 5172 1518 5226 quoque
1550 5155 1720 5210 Paulo
1750 5156 2023 5225 propriam

544 5362 633 5431 61)
658 5360 872 5431 Prolog.
897 5361 950 5413 in
981 5360 1137 5415 Cant.
1166 5359 1425 5431 ﬁcanticor.

545 5434 635 5496 62)
665 5432 804 5486 Hist.
830 5430 980 5486 ἐσσι..
1011 5446 1093 5492 ιιι,
1116 5430 1203 5483 51.

547 5504 637 5570 65)
672 5503 745 5556 De
771 5519 887 5570 syn.
925 5501 1092 5553 Arim.
1117 5508 1166 5552 et
1196 5497 1419 5570 Seleuc.,
1454 5516 1508 5553 ιι.
1541 5498 1608 5553 47

525 5569 639 5640 (61)
672 5569 847 5627 Catal.
880 5572 1063 5639 script;
1095 5569 1245 5631 εδει,
1273 5586 1321 5622 ε,
1358 5570 1439 5640 ni:

523 5637 637 5709 (65)
657 5642 768 5697 Cfr.
804 5637 997 5702 Bothe,
1020 5640 1165 5706 Anf.,
1182 5649 1310 5697 ete.,
1331 5654 1380 5697 n.
1402 5638 1502 5691 718
1520 5654 1638 5707 sqq.
1661 5637 1883 5705 Iluthcr,
1903 5639 1939 5691 l.
1965 5654 2010 5691 (τ.

526 5712 638 5778 (66)
660 5710 772 5764 Cfr.
808 5711 1000 5775 Bothe,
1029 5710 1062 5761 I.
1090 5725 1160 5771 0.,
1196 5725 1246 5775 ι).
1279 5709 1398 5760 ⁸722.

528 5781 640 5836 (671
667 5782 778 5837 Cfr.
816 5782 1010 5849 Ilothc,
1050 5782 1083 5833 l.
1123 5796 1195 5843 c.,
1224 5796 1273 5848 p.
1309 5779 1430 5843 718,
1465 5788 1572 5833 not.
1605 5779 1671 5843 5.,

2054 4522 2102 4580 ι)
2128 4534 2233 4586 que
2252 4534 2282 4572 c
2302 4517 2543 4570 Cerintbi
2576 4517 2856 4570 erroribus
2883 4514 3152 4585 profectas
3177 4514 3423 4568 afﬁrmat.
3460 4515 3700 4583 Utraque

2122 4608 2479 4663 Cerinthiacte
2508 4607 2775 4662 haereseos
2798 4607 3061 4661 elementa
3096 4606 3381 4659 servabant
3434 4604 3694 4674 Maguesii

2122 4708 2175 4753 et
2199 4698 2698 4768 Pbiladelphenses,
2727 4712 2849 4751 cum
2876 4695 3247 4750 Gnosticismo
3271 4712 3364 4750 seu
3392 4694 3701 4748 Docctismo

2124 4791 2307 4845 minus
2318 4791 2531 4851 exculto
2542 4787 2879 4842 Judaisrnum
2896 4787 3283 4856 conjungentes
3299 4785 3420 4855 (cfr.
3439 4787 3502 4838 ad
3518 4784 3697 4853 Magn.

2123 4886 2224 4950 ολ),
2246 4886 2311 4940 ad
2334 4880 2595 4948 Philad,c.
2618 4880 3118 4951 6),Smyrnateuses
3158 4894 3307 4940 vero,
3350 4876 3604 4945 Ephesiui
3636 4893 3700 4929 ac

2125 4973 2404 5039 Tralliani,
2429 4973 2614 5028 Graeca
2635 4972 2976 5042 philosophia
3003 4970 3173 5039 magis
3211 4969 3424 5027 imbuti,
3462 4969 3692 5021 haeresi"

2128 5066 2529 5121 Cerinthiacam
2586 5066 2721 5119 adeo
2773 5064 3193 5134 perpoliverant,
3225 5074 3281 5118 ut
3329 5063 3557 5116 Iudaico
3608 5062 3700 5113 illo

2132 5159 2401 5211 elemento
2432 5155 2639 5219 relicto,
2672 5153 2961 5208 Gnosticas
2990 5155 3165 5207 solum
3197 5152 3503 5223 opiniones,
3531 5151 3701 5222 ipsius

2205 5356 2319 5427 (68)
2359 5354 2473 5427 Cfr.
2504 5352 2730 5427 Mohler,
2762 5354 3103 5427 Athanasius,
3130 5362 3168 5406 t.
3206 5351 3245 5417 I,
3278 5368 3329 5420 p.
3372 5352 3457 5405 18.
3494 5370 3497 5373 λ
3542 5421 3556 5427 _
3660 5418 3668 5425 .

2202 5421 2316 5496 (69)
2360 5426 2473 5482 Cfr.
2526 5426 2665 5480 infra
2714 5426 2944 5494 primam
2990 5431 3231 5478 nostram
3281 5431 3461 5476 notam
3493 5421 3559 5473 ad
3588 5421 3699 5487 epi-

2132 5499 2299 5552 stolas
2324 5497 2534 5552 Ianatii.

2202 5568 2315 5637 (70)
2349 5561 2719 5637 Ῑῖειναεὴζυηα
2735 5563 2827 5617 der
2861 5564 3208 5637 u'icittigsten__
3228 5561 3697 5637 Bedenitenngegeft

2132 5628 2220 5689 (lie‘
2247 5628 2514 5690 Aechtheit
2561 5636 2652 5688 der
2678 5628 3145 5703 vIgnatirmisc/ieni
3172 5632 3367 5699 Briefe,
3396 5633 3448 5683 in
3469 5628 3696 5703 glllgenii

2130 5707 2433 5774 Zeitsclzri/‘t
2467 5707 2551 5775 fur
2578 5700 2761 5760 histor.
2793 5704 2992 5769 leol.,
3017 5712 3053 5757 ι.
3082 5702 3169 5769 XI,
3192 5719 3242 5772 p.
3274 5719 3346 5765 Iv,
3380 5718 3431 5771 p.
3468 5700 3537 5753 5?.
3575 5713 3693 5766 sqq.
