4134 6470
396 376 530 433 637

1615 392 1675 446 C.
1711 391 1760 446 J.
1797 391 2067 450 HEFELII
2121 395 2510 452 PREFATIO.

3569 405 3675 460 658

393 497 666 556 Cerinthi
692 502 913 557 modum
940 515 1283 575 superantes,
1307 510 1531 581 jamque
1560 516 1733 586 magis
1755 517 1820 570 ad
1847 533 1999 571 scve-
2028 530 2070 582 Α
2105 521 2342 589 writings
2376 521 2438 589 of
2456 519 2672 574 Severus
2696 521 2758 590 of
2770 520 3015 586 Antioch,
3050 522 3352 578 Timotheus
3367 524 3423 586 ot
3441 521 3672 576 Alexan-

393 590 621 646 riorem
649 596 1012 652 recentiorum
1032 598 1416 658 Gnosticorum
1443 604 1807 662 Docetismum
1835 626 1994 664 accc-

389 680 627 749 dentes,
669 683 879 742 ferrent
933 689 1310 763 foverentque,
1343 711 1454 764 quo
1487 695 1713 764 factum,
1749 711 1807 754 ut
1851 702 2001 770 lgna-

389 773 530 831 tius
577 776 630 830 in
673 779 923 846 epistolis
951 783 1018 837 ad
1047 782 1345 854 Ephesios,
1382 785 1716 860 Smyrnaeos,
1743 792 1999 864 Polycar-

388 880 546 934 pum
596 877 651 923 et
703 871 1014 930 Trallianos
1056 875 1426 933 Docetismum
1476 883 1656 937 solum
1711 886 1998 957 impugna-

390 961 574 1014 verit.
604 959 902 1022 llaareticos
954 979 1135 1025 autem
1174 972 1297 1029 illos
1344 991 1451 1029 non
1486 991 1517 1030 e
1563 993 1792 1032 numero
1823 989 1997 1048 postc-

387 1051 616 1106 riorum
679 1055 1066 1115 Gnosticorum
1133 1062 1336 1130 fuisse,
1397 1069 1491 1137 qui
1550 1070 1748 1125 mediis
1809 1071 1994 1125 saeculi

389 1147 640 1201 secundi
697 1153 1036 1220 temporibus
1076 1153 1406 1221 floruerunt,
1444 1160 1590 1214 clare
1623 1177 1686 1214 ex
1726 1176 1792 1215 eo
1827 1177 1996 1232 appa-

389 1250 516 1304 ret,
548 1241 697 1310 quod
741 1241 983 1313 lgnatius
1030 1247 1401 1304 Docetismum
1437 1253 1615 1306 solum
1649 1254 1988 1323 perstringit,

385 1342 638 1389 caeteros
681 1347 863 1390 autem
920 1340 1284 1407 posteriorum
1340 1343 1724 1399 Gnosticorum
1775 1360 1993 1400 errores

387 1440 475 1479 ne
511 1427 738 1483 minime
761 1430 982 1498 quidem
1019 1433 1194 1503 tangit
1222 1433 1359 1503 (Ἠ).

475 1520 538 1589 7)
571 1519 770 1592 Negari
801 1523 1037 1594 denique
1059 1540 1168 1580 non
1193 1535 1392 1596 potest,
1419 1529 1696 1584 nonnullis
1726 1530 1989 1600 epistolas

388 1621 632 1668 nostras
664 1631 774 1669 non
806 1631 869 1670 ex
907 1617 1137 1681 criticis,
1165 1621 1260 1674 sed
1295 1635 1362 1673 ex
1408 1619 1733 1690 degmaticis
1774 1629 1984 1676 tantum

383 1703 593 1758 causis
640 1703 1011 1774 displicuisse.
1057 1707 1380 1780 Quicunque
1428 1711 1572 1766 enim
1606 1721 1700 1767 aut
1743 1713 1985 1768 divinam

382 1797 755 1867 episcopatus
787 1799 1208 1867 institutionem,
1253 1812 1348 1858 aut
1376 1805 1716 1859 divinitatem
1746 1805 1980 1871 Christi,

2104 611 2244 674 (tria,
2278 611 2381 661 (md
2404 611 2596 673 others,
2625 610 2794 664 edited
2830 612 2950 664 with
2991 629 3058 664 an
3094 613 3295 682 english
3328 613 3669 678 translation,

2103 703 2209 754 and
2239 713 2404 758 notes.
2437 701 2564 754 Also
2596 703 2678 755 the
2707 703 2855 772 greeli
2886 714 2990 758 text
3023 705 3084 773 of
3109 705 3246 758 these
3275 704 3414 757 three
3435 703 3667 773 epistles,

2102 793 2365 844 corrected
2410 793 2692 862 according
2742 805 2793 847 to
2827 795 2910 848 the
2945 794 3215 866 authority
3261 795 3324 864 of
3349 797 3433 870 the
3479 792 3669 864 Syriae

2099 886 2320 938 version.
2363 884 2442 953 By
2490 885 2724 940 William
2754 886 3003 948 Cureton,
3041 887 3114 940 Μ.
3161 889 3224 941 Α.
3274 871 3534 942 London:
3569 887 3662 939 Ri-

2098 977 2349 1046 vingtons.
2437 980 2620 1034 Berlin
2652 998 2664 1033 :
2716 977 2884 1031 Asher
2929 986 2979 1031 et
3005 976 3188 1047 Comp.
3244 978 3296 1030 Μ
3308 977 3537 1032 DCCCX
3548 977 3586 1029 L
3603 975 3662 1031 V.

2097 1066 2262 1120 Libro
2294 1069 2396 1124 hoc
2423 1070 2506 1124 usi
2532 1085 2748 1123 omnem
2779 1068 3040 1137 majorem
3096 1068 3235 1121 inter
3259 1069 3561 1121 versionem
3601 1067 3666 1120 il-

2095 1157 2201 1212 lam
2246 1159 2520 1231 Syriacam
2545 1171 2598 1216 et
2626 1171 2832 1215 textum
2865 1169 3111 1214 nostrum
3137 1161 3384 1215 Graecum
3412 1161 3664 1214 differen-

2095 1251 2225 1305 tiam
2271 1269 2371 1307 suo
2400 1254 2521 1308 loco
2561 1253 2962 1308 adnotavimus.
2999 1253 3308 1306 Curctonus
3357 1253 3514 1306 nobis
3541 1267 3664 1320 per-

2091 1344 2318 1398 suadere
2345 1353 2595 1412 conatur,
2627 1345 2928 1401 versionem
2960 1345 3102 1398 illam
3131 1344 3407 1416 Syriacam
3438 1345 3660 1414 genuino

2092 1436 2258 1488 textui
2289 1433 2568 1506 lgnatiano
2591 1437 3001 1492 accuratissime
3029 1437 3376 1506 respondere,
3401 1445 3454 1490 et
3474 1434 3659 1490 omnia

2089 1542 2211 1595 qua:
2241 1527 2295 1580 in
2331 1539 2521 1584 nostro
2563 1528 2753 1584 Graeco
2794 1539 2937 1584 textu
2982 1530 3133 1598 plura
3167 1528 3546 1589 inveniuntur,
3592 1527 3663 1580 alr

2089 1619 2210 1673 aliis
2244 1620 2424 1674 add-ita
2455 1636 2576 1676 esse
2623 1631 2676 1675 et
2719 1622 3048 1676 introducta.
3085 1620 3317 1674 Tantum
3347 1635 3476 1674 vero
3509 1620 3662 1673 abest

2087 1719 2146 1765 ut
2174 1713 2220 1766 ei
2255 1712 2635 1781 astipulemur,
2668 1723 2726 1768 ut
2750 1714 3059 1768 versionem
3098 1713 3376 1783 Syriacam
3411 1728 3516 1765 non
3553 1711 3660 1765 nisi

2085 1804 2360 1872 epitomen
2409 1804 2816 1875 lguatianarum
2868 1806 3250 1875 epistolarum,
3308 1820 3338 1858 a
3388 1802 3663 1856 monacho

385 1899 501 1945 aut
530 1892 730 1946 realem
764 1891 982 1949 Domini
1016 1897 1070 1950 in
1119 1894 1465 1950 Eucharistia
1499 1898 1848 1964 praesentiam
1884 1913 1979 1953 ne-
2015 1897 2055 1951 Β
2084 1897 2322 1968 quodam
2370 1896 2596 1968 Syriaco
2639 1898 2693 1952 in
2725 1899 2980 1968 preprios
3027 1913 3166 1952 usus
3198 1897 3320 1966 pios
3351 1894 3657 1950 confectam

383 1991 556 2053 gant,
590 1985 968 2041 auctoritatem
1005 1987 1361 2057 epistolarum
1391 1987 1584 2056 lgnatii
1618 1990 1862 2043 minuere
1883 2006 1978 2045 co-

384 2083 606 2129 nentur
633 2085 867 2145 oportet.
905 2077 1009 2132 Sed
1050 2077 1241 2132 confer
1269 2094 1392 2148 qua:
1419 2089 1609 2134 contra
1643 2080 1743 2135 hos
1773 2078 1982 2137 Huthe-

383 2181 499 2222 rus
532 2167 569 2221 Ι.
599 2183 734 2236 c.,p.
763 2169 830 2222 12
860 2170 1252 2241 sqq.,monuit.

467 2258 562 2314 Vl.
598 2259 810 2318 Paucos
841 2271 966 2318 ante
1006 2279 1222 2320 menses
1255 2264 1320 2320 V.
1368 2263 1430 2320 Ι).
1462 2265 1786 2324 Guilielmus
1810 2267 1979 2324 Cure—

378 2361 520 2418 ton,
549 2353 778 2424 Anglus,
803 2363 1040 2409 veterem
1069 2357 1380 2412 versionem
1409 2357 1690 2430 Syriacam
1723 2359 1886 2414 trium
1916 2359 1974 2414 S.

380 2443 596 2516 lgnatii
644 2446 999 2515 epistolarum
1045 2449 1250 2518 publici
1296 2450 1440 2519 juris
1486 2451 1634 2507 fecit.
1669 2450 1789 2506 Jam
1833 2469 1978 2508 anno

380 2537 544 2591 1839
570 2535 838 2594 Henricus
866 2538 1106 2607 Tattam,
1151 2541 1499 2611 Copticarum
1539 2543 1844 2599 litterarum
1879 2558 1974 2613 pe-

380 2629 720 2694 ritissimus,
770 2629 1064 2704 {Egyptum
1099 2648 1418 2704 peragrans,
1450 2635 1504 2688 in
1535 2633 1760 2706 Syriaco
1789 2632 1978 2690 Nitriae

381 2723 736 2777 monasterio
783 2724 1026 2779 codicem
1077 2724 1544 2795 antiquissimum,
1580 2735 1704 2780 ante
1735 2725 1974 2781 medium

380 2829 526 2871 saec.
557 2831 610 2868 vI
637 2825 943 2883 exaratum,
976 2817 1197 2881 detexit,
1233 2818 1326 2888 qui
1361 2816 1640 2889 Syriacam
1671 2819 1974 2874 versionem

378 2905 643 2976 epistolae
675 2903 732 2960 S.
766 2905 958 2977 lgnatii
991 2908 1057 2983 εει
1103 2907 1465 2980 Polycarpum
1499 2911 1831 2966 continebat.
1873 2909 1976 2967 Pe-

380 2997 582 3053 cuniis
625 2999 821 3054 deinde
850 3001 1084 3070 publicis
1116 3001 1338 3071 adjutus
1384 3003 1738 3060 doctissimus
1783 3001 1974 3058 Tatta-

383 3105 522 3145 mus
565 3106 712 3146 anno
758 3090 898 3146 1842
929 3093 1171 3149 secunda
1204 3095 1321 3148 vice
1363 3095 1416 3148 in
1451 3093 1744 3166 {Egyptum
1791 3097 1973 3166 profe-

381 3192 524 3238 ctus
557 3193 661 3248 est,
693 3193 747 3239 et
768 3200 1028 3256 prospera
1065 3185 1281 3242 fortuna
1310 3187 1566 3258 gaudenti
1602 3189 1805 3243 multos
1834 3189 1973 3244 alios

383 3277 716 3331 monasterii
743 3277 891 3333 illius
921 3278 1138 3335 codices
1171 3296 1352 3335 emere
1383 3281 1633 3351 contigit,
1665 3281 1806 3336 inter
1835 3299 1975 3352 quos

2083 1990 2206 2059 (cfr.
2229 1991 2370 2045 infra
2391 2002 2505 2046 not.
2536 1993 2602 2046 ad
2626 2008 2748 2063 cap.
2778 1993 2812 2046 2
2842 1994 3003 2062 epist.
3038 1992 3102 2046 ad
3131 1991 3380 2060 Ephes.),
3405 1996 3660 2057 reputare

2079 2083 2375 2152 possimus,
2406 2084 2707 2152 praesertim
2746 2101 2870 2139 cum
2903 2085 3065 2138 iidem
3097 2083 3312 2138 codices
3338 2097 3369 2135 a
3408 2079 3659 2134 Tattamo

2079 2170 2272 2224 detecti
2308 2181 2362 2226 et
2395 2173 2498 2225 alia
2529 2173 2681 2241 plura
2704 2185 2949 2242 excerpta
2978 2188 3044 2227 ex
3069 2171 3315 2242 epistolis
3339 2168 3656 2240 lgnatianis,

2079 2279 2179 2318 nec
2210 2280 2317 2319 non
2346 2265 2484 2318 alios
2523 2265 2735 2322 libellos
2764 2265 3050 2328 ascetieos,
3103 2276 3163 2317 ut
3202 2262 3511 2317 Curetonus
3540 2261 3656 2331 ipse

2079 2355 2312 2423 fatetur,
2344 2358 2679 2411 contineant.
2725 2357 2990 2412 Prmterea
3038 2356 3238 2424 saepius
3287 2355 3414 2408 inde
3447 2370 3511 2409 ex
3551 2369 3654 2418 eo,

2077 2447 2222 2518 quod
2253 2465 2427 2505 nexus
2453 2450 2846 2505 sententiarum
2869 2451 2921 2503 in
2946 2449 3199 2503 versione
3225 2447 3444 2517 Syriaca
3475 2447 3657 2500 minus

2076 2547 2160 2594 est
2191 2550 2398 2605 arctus,
2435 2551 2680 2612 apparet,
2726 2543 3056 2596 monachum
3088 2541 3238 2594 illum
3272 2555 3379 2593 non
3416 2547 3522 2592 tam
3568 2538 3654 2590 in-

2081 2633 2350 2700 terpretis,
2397 2648 2560 2702 quam
2592 2634 2957 2702 epitomatoris
2991 2641 3172 2701 partes
3203 2632 3400 2702 egisse.
3453 2628 3657 2682 Confer

2077 2740 2198 2794 quae
2248 2727 2312 2778 ad
2374 2726 2621 2795 singulos
2687 2726 2841 2780 locos
2896 2723 3216 2778 monuimus
3261 2741 3274 2776 :
3325 2721 3393 2776 ad
3452 2720 3652 2791 Ephes.

2076 2833 2233 2888 capp.
2266 2818 2319 2883 ’5,
2351 2819 2404 2880 8,
2436 2819 2491 2884 9,
2521 2821 2609 2886 Μ,
2642 2819 2738 2884 l9;
2773 2819 2838 2872 ad
2873 2816 3039 2871 Trall.
3081 2817 3133 2869 in
3166 2815 3326 2870 titulo
3357 2822 3412 2868 et
3431 2829 3551 2882 cap.
3577 2813 3648 2876 ις

2077 2911 2142 2964 ad
2168 2909 2330 2966 Rom.
2363 2926 2486 2980 cap.
2517 2913 2579 2978 6;
2607 2911 2672 2964 ad
2702 2909 2888 2982 Polyc.
2919 2910 2972 2964 in
3006 2909 3164 2964 titulo
3189 2915 3244 2962 et
3263 2922 3385 2977 cap.
3419 2905 3479 2972 7;
3521 2903 3659 2958 Mar-

2078 3004 2278 3076 tyrium
2316 3001 2373 3056 S.
2411 3001 2603 3072 lgnatii
2641 3002 2693 3056 in
2727 3002 2907 3056 titulo.

2152 3094 2260 3148 VII.
2295 3094 2431 3149 Male
2462 3095 2626 3148 etiam
2662 3095 2729 3149 de
2763 3092 3070 3159 integritate
3102 3089 3456 3160 epistolarum
3499 3086 3656 3157 lgna-

2080 3185 2138 3239 tii
2175 3185 2340 3238 dubia
2371 3193 2514 3238 mota
2560 3193 2688 3238 sunt
2720 3183 2855 3254 (72).
2888 3182 3194 3236 Praesertim
3228 3179 3411 3234 omnia
3443 3179 3509 3232 de
3539 3179 3654 3247 epi-

2077 3288 2301 3346 scopatu
2332 3278 2478 3331 etde
2513 3277 2712 3331 deitate
2759 3274 2970 3329 Christi
3001 3273 3163 3328 effata
3200 3271 3577 3342 interpolatori
3622 3286 3654 3325 a

381 3372 560 3424 etiam
611 3371 678 3438 (e
715 3387 842 3427 saec.
892 3389 944 3426 v1
979 3374 1060 3427 vel
1100 3376 1217 3446 vn)
1269 3377 1492 3444 antiqua
1533 3376 1713 3431 versio
1751 3375 1974 3447 Syriara

2086 3368 2399 3438 'juibusdam
2439 3367 2773 3421 tribuuntur.
2817 3365 2923 3420 Sed

385 3463 562 3518 trium
596 3462 653 3518 S.
698 3463 893 3536 lgnatii
924 3467 1279 3536 epistolarum
1318 3468 1385 3522 ad
1424 3467 1712 3538 Ephesios,
1743 3469 1808 3521 ad
1858 3467 1969 3522 Ro-

384 3569 592 3608 manos
623 3564 677 3610 et
707 3556 773 3610 ad
809 3553 1194 3627 Polycarpum,
1229 3573 1335 3610 una
1367 3573 1492 3611 eum
1532 3558 1780 3626 pluribus
1817 3557 1973 3628 lgna-

387 3648 671 3701 tianarum
712 3647 1064 3717 epistolarum
1090 3647 1409 3718 fragmentis
1450 3658 1657 3718 reperta
1686 3659 1788 3704 est.
1834 3648 1971 3715 Qui-

387 3741 500 3796 bus
519 3740 801 3796 codicibus
825 3741 1052 3796 detectis
1081 3739 1402 3796 Guiliclmus
1422 3739 1752 3804 Curetonus,
1782 3740 1974 3796 Orien-

389 3833 586 3888 talium
617 3833 922 3888 litterarum
971 3833 1214 3902 apprime
1243 3847 1467 3903 gnarus,
1500 3833 1703 3902 Optime
1727 3849 1785 3887 se
1813 3833 1879 3888 de
1915 3849 1973 3888 re

387 3923 678 3994 patristica
722 3921 840 3977 fore
888 3923 1213 3977 meriturum
1247 3924 1530 3993 sperabat,
1582 3923 1624 3978 si
1662 3923 1969 3978 versionem

391 4015 546 4069 illam
567 4013 846 4086 Syriacam
878 4015 1030 4084 prelo
1053 4015 1353 4085 subjiccrct
1376 4022 1434 4068 et
1451 4014 1760 4069 versionem
1785 4013 1975 4081 Angli--

388 4123 516 4163 eam
535 4108 778 4174 adderet,
795 4116 957 4176 atque
974 4115 1180 4160 textum
1199 4105 1720 4177 ercum,Syriac:e
1735 4103 1974 4160 versioni

391 4197 528 4258 (non
558 4199 835 4268 accurate)
866 4197 1281 4268 respondentem
1316 4210 1544 4251 exarare
1585 4203 1898 4250 conaretur.

463 4289 602 4345 Cum
639 4307 768 4346 vero
795 4287 1078 4345 Tattamus
1099 4291 1237 4344 duos
1259 4288 1477 4345 codices
1507 4289 1750 4359 epistola:
1779 4290 1847 4344 ad
1871 4286 1977 4343 Po-

389 4382 696 4454 lycarpum,
723 4390 779 4436 ut
805 4381 1146 4446 diximus,ex
1169 4379 1404 4451 Egypto
1422 4389 1778 4450 apporlasset,
1806 4396 1975 4434 unum

391 4491 540 4532 anno
568 4475 726 4539 1859,
763 4475 994 4530 alterum
1012 4489 1157 4527 anno
1190 4473 1361 4539 18-42;
1395 4463 1705 4528 Ctirctonus
1736 4489 1843 4529 non
1869 4475 1975 4529 nisi

390 4569 657 4641 priorem,
687 4571 815 4640 quia
849 4568 1236 4638 antiquiorem,
1264 4568 1405 4639 typis
1428 4569 1849 4623 cxscribendum
1872 4585 1971 4623 cu-
2007 4589 2050 4643 ι)

392 4661 554 4725 ravit,
604 4659 925 4716 recentioris
959 4658 1165 4714 codicis
1211 4659 1471 4714 lectiones
1512 4658 1790 4713 variantes
1837 4657 1972 4726 adji-

391 4752 565 4807 ciens.
613 4749 882 4806 Praeterea
928 4752 1012 4806 vir
1044 4752 1400 4806 doctissimus
1448 4765 1709 4818 magnum
1755 4763 1974 4818 quoque

395 4841 681 4914 Syriacum
729 4841 1094 4914 fragmentum
1145 4839 1388 4912 Martyrii
1433 4838 1492 4894 S.
1528 4839 1721 4908 lgnatii
1774 4845 1828 4911 et
1859 4837 1971 4906 epi-

395 4934 552 4989 stolae
598 4933 842 5004 ejusdem
891 4933 958 4987 ad
999 4931 1302 4997 Romanos,
1341 4929 1485 4999 quod
1519 4929 1828 4984 Curetonus
1858 4929 1974 4997 ipse

395 5042 541 5082 anno
576 5025 714 5080 1859
743 5027 796 5079 in
831 5024 1033 5079 Musaeo
1065 5024 1377 5078 Britannico
1414 5025 1712 5086 detexerat,
1761 5023 1814 5076 in
1845 5023 1967 5076 vul-

396 5133 498 5188 gus
528 5117 688 5171 edere
717 5127 772 5172 et
809 5117 950 5171 libro
988 5131 1090 5171 suo
1125 5117 1322 5172 addere
1348 5116 1606 5172 decrevit.
1647 5114 1739 5170 Sic
1772 5115 1974 5184 prodiit

395 5207 630 5266 Londini
665 5210 806 5265 1845
833 5226 970 5280 opus
995 5209 1115 5279 ejus
1141 5211 1244 5265 sub
1273 5211 1431 5268 titulo
1458 5231 1470 5265 :
1501 5209 1604 5264 The
1632 5209 1838 5264 ancient
1871 5206 1972 5278 Sy-

395 5303 509 5358 riae
539 5304 743 5357 version
772 5302 835 5372 of
857 5304 940 5358 the
968 5303 1176 5372 epistle:
1227 5304 1290 5372 of
1325 5303 1470 5356 saint
1510 5301 1757 5372 Ignatius
1792 5311 1844 5354 to
1885 5298 1967 5354 St.

397 5394 682 5466 Polycarp,
709 5397 793 5449 the
815 5393 1133 5465 Ephesians,
1177 5396 1283 5448 and
1311 5396 1396 5449 the
1421 5395 1653 5449 Romans
1678 5412 1696 5457 ;
1735 5396 1968 5465 together

396 5484 522 5538 with
563 5495 796 5539 extracta
844 5487 983 5555 [rem
1024 5485 1105 5539 his
1139 5486 1369 5554 epistles,
1417 5484 1666 5538 collected
1717 5483 1854 5553 [rom
1888 5483 1971 5536 the

470 5641 584 5713 (7|)
611 5641 724 5713 Cfr.
753 5641 943 5713 lluter,
973 5643 1010 5696 l.
1038 5661 1088 5698 c.
1115 5659 1166 5713 p.
1196 5644 1264 5697 49.
1285 5654 1334 5697 et
1363 5642 1738 5710 Diistcrdieck,
1763 5644 1798 5698 Ι-
1829 5661 1880 5700 c.

469 5711 585 5784 (72)
615 5712 676 5768 E.
703 5711 1137 5784 gratiﬁcandi-0',
1171 5714 1577 5784 Kirchrngesch.
1629 5726 1668 5770 t.
1697 5715 1735 5781 Ι,
1765 5733 1815 5784 p.
1846 5716 1971 5778 7'58,

401 5789 512 5855 eta
539 5783 727 5855 thzio
761 5783 814 5855 in
849 5783 1127 5849 Ullmann,
1167 5783 1388 5839 Studien
1410 5783 1523 5855 und
1561 5783 1874 5853 Krit.l855,
1918 5803 1969 5855 p.

402 5848 500 5905 88l
537 5867 656 5922 sqq.
693 5854 799 5918 Qui
830 5855 1107 5910 breviores
1137 5872 1356 5927 quoque
1405 5856 1460 5911 S.
1501 5854 1693 5927 lgnatii
1719 5848 1976 5930 epistulas

2144 3465 2197 3527 a)
2213 3462 2420 3515 nullum
2439 3469 2722 3514 externum
2743 3457 3181 3527 interpolationis
3198 3456 3354 3511 adest
3368 3455 3650 3509 indicium.

2144 3554 2198 3624 b)
2237 3553 2364 3609 Loci
2393 3569 2422 3607 a
2449 3552 2724 3607 veteribus
2754 3551 2956 3605 laudati
2992 3550 3109 3619 pari
3148 3549 3311 3603 modo
3338 3549 3390 3602 in
3418 3548 3652 3602 brevim'i

2215 3656 2401 3701 neStra
2427 3645 2748 3700 recensione
2772 3643 3045 3712 leguntur.
3071 3643 3185 3698 Cfr.
3217 3657 3382 3710 supra
3407 3641 3655 3696 testimo-

2216 3738 2307 3792 nia
2338 3747 2603 3791 veterum.

2145 3831 2197 3903 ο)
2229 3831 2444 3885 Arctior
2478 3829 2719 3883 materiae
2759 3842 2812 3884 et
2848 3829 3115 3885 orationis
3159 3845 3333 3884 nexus
3365 3829 3514 3883 omni
3559 3828 3650 3882 in-

2217 3922 2593 3992 terpolationis
2635 3921 2937 3989 suspicioni
2987 3921 3239 3974 nuntium
3280 3922 3534 3986 mittunt;
3578 3918 3656 3972 ef-

2215 4014 2326 4069 fata
2353 4014 2497 4068 enim
2532 4013 2621 4066 illa
2649 4013 2992 4082 displicentia
3038 4013 3157 4067 sine
3191 4013 3356 4067 totius
3385 4014 3653 4068 sermonis

2217 4106 2421 4177 pariter
2451 4121 2516 4161 ac
2547 4121 2742 4160 sensus
2770 4105 3144 4160 devastatione
3171 4106 3326 4160 evelli
3369 4120 3477 4159 non
3523 4121 3652 4175 pos~

2218 4209 2364 4252 διιιιι.

2148 4292 2204 4359 d)
2232 4288 2499 4343 Praeterea
2528 4287 2773 4342 eamdem
2808 4287 2933 4358 styli
2965 4287 3228 4342 rationem
3260 4303 3382 4342 cum
3416 4287 3468 4341 in
3495 4303 3654 4357 repu-

2223 4380 2409 4445 diatis,
2443 4387 2557 4434 tum
2591 4379 2644 4432 in
2673 4379 2990 4449 approbatis
3010 4378 3372 4448 epistolarum
3403 4379 3652 4448 partibus

2219 4471 2480 4526 invenies.

2149 4564 2200 4636 e)
2235 4564 2393 4630 Quod
2429 4580 2478 4619 c.
2514 4563 2547 4618 8
2579 4579 2666 4634 ep.
2701 4565 2765 4618 ad
2801 4563 2980 4635 Magn.
3013 4563 3180 4634 Σιγῆς
3218 4563 3360 4620 facta
3393 4565 3464 4619 sit
3500 4579 3655 4619 men--

2219 4659 2316 4722 tio,
2351 4657 2786 4726 interpolationis
2817 4674 2923 4712 non
2950 4658 3150 4727 praebet
3180 4657 3462 4723 indicium,
3499 4667 3560 4713 ut
3597 4659 3653 4715 in

2220 4751 2363 4805 notis
2397 4751 2463 4805 ad
2497 4751 2552 4805 h.
2585 4750 2622 4802 Ι.
2656 4750 3174 4804 demenstravimus.

2148 4841 2188 4910 Τ)
2225 4834 2514 4897 Polemicis
2564 4850 2772 4895 tantum
2821 4841 3004 4895 causis
3056 4841 3205 4896 ducti
3253 4843 3500 4896 nonnulli
3547 4841 3652 4896 viri

2217 4935 2364 4990 docti
2419 4933 2784 5003 integritatem
2831 4933 3186 5000 epistolarum
3241 4943 3554 4988 nostrarum
3596 4934 3652 4989 in

2218 5023 2445 5077 dubium
2477 5030 2744 5076 vocarunt
2769 5019 2906 5090 (75).

2149 5120 2204 5187 g)
2246 5115 2351 5182 Qui
2383 5117 2730 5185 episcopatus
2759 5131 2923 5171 causa
2953 5116 3211 5186 epistolas
3239 5128 3456 5175 nostras
3483 5119 3651 5175 inter-

2219 5210 2429 5278 polatas
2453 5223 2575 5262 esse
2603 5215 2815 5276 putant,
2855 5207 3006 5262 nullo
3031 5209 3193 5262 modo
3227 5209 3494 5264 rationem
3524 5211 3648 5265 red-

2216 5302 2346 5356 dere
2373 5308 2605 5370 possunt
2627 5315 2725 5354 cur
2751 5300 2981 5369 epistola
3013 5301 3079 5355 ad
3112 5300 3391 5357 Romanos
3423 5303 3539 5358 sola
3583 5306 3652 5359 ab

2220 5391 2607 5461 iuterpolatore
2638 5405 2746 5444 non
2775 5390 2938 5445 fuerit
2969 5390 3192 5457 ftedata,
3227 5408 3351 5446 cum
3387 5408 3482 5448 sex
3523 5394 3655 5448 reli-

2218 5485 2343 5554 quis
2360 5485 2556 5553 impias
2573 5483 2692 5554 ejus
2723 5499 2920 5539 manus
2946 5500 3053 5538 non
3075 5486 3382 5554 pepercisse
3404 5487 3649 5544 credant.

2081 5647 2435 5716 intcrpolatas
2461 5653 2672 5716 putant,
2699 5643 3017 5716 novissimis
3039 5643 3232 5716 diebus
3253 5645 3648 5703 validissimum

2081 5714 2517 5786 interpolationis
2559 5714 2829 5786 ejusmodi
2874 5715 3248 5786 testimonium
3292 5718 3528 5772 assecuti
3568 5720 3648 5773 νίς

2079 5783 2277 5844 dentur
2305 5786 2553 5839 versione
2587 5785 2832 5854 Syriaca,
2861 5800 2888 5854 ει
2921 5783 3066 5838 Guil.
3099 5785 3339 5842 Curcton
3365 5788 3529 5843 edita.

2151 5859 2264 5928 (15)
2297 5856 2522 5924 ΜῧΙὶῙΕΓ,
2541 5852 2778 5922 I’atrol.,
2804 5852 2905 5926 t.,l,
2931 5870 2984 5926 p.
3017 5855 3118 5912 125
3143 5873 3262 5927 sqq.
