4134 6468
414 400 520 458 659

1377 398 1622 455 SANCTI
1660 396 1914 452 IGNATII
1977 393 2334 448 EPISTOLIE
2375 386 2725 448 GENUINIE'.

3557 387 3659 442 6ιο

490 517 562 575 Ut
594 519 739 574 brevi
765 520 962 584 dicam,
991 519 1428 590 interpolationis
1459 522 1698 590 suspicio
1732 537 1797 574 ne
1829 519 1987 573 mini-
2019 524 2061 576 A
2090 535 2401 602 exprimere
2431 533 2707 602 nequit-ii;
2747 540 2819 585 ua
2856 540 2914 586 ιη
2945 529 3101 586 facile
3135 545 3244 585 non
3281 528 3501 584 Gmcim
3521 569 3535 594 ,
3563 529 3655 584 sed

417 629 565 668 mum
610 615 827 683 quidem
871 615 1066 670 mereri
1097 616 1422 684 applausum
1457 616 1690 679 videtur,
1721 614 1988 684 planeque

415 720 738 774 persuasum
784 706 916 760 mihi
967 717 1068 768 est,
1108 708 1268 760 talem
1310 706 1503 776 judicii
1556 707 1988 760 mediocritatem

415 811 522 850 non
573 813 794 850 auream
840 813 982 852 esse.
1028 797 1283 868 Epistula:
1335 797 1525 868 lgnatii
1589 801 1697 854 sint
1733 809 1792 854 ut
1839 807 1986 864 sunt,

415 895 510 938 aut
539 902 644 939 non
680 888 792 942 sint
823 889 956 957 (74).

487 973 623 1030 Vlll.
654 975 1020 1045 Epistolarum
1052 987 1241 1033 auctor
1267 978 1439 1033 Grmci
1469 980 1740 1034 sermonis
1765 996 1874 1034 non
1895 995 1992 1049 ap-

415 1064 589 1132 prime
635 1084 860 1136 gnarus,
905 1078 958 1122 et
1005 1070 1248 1124 ardentis
1283 1071 1465 1140 potius
1511 1073 1679 1125 animi
1716 1073 1984 1142 impetus,

415 1170 580 1222 quam
630 1161 1000 1227 grammaticae
1056 1163 1272 1230 regulas
1328 1173 1570 1230 secutus,
1634 1167 1986 1235 periodorum

417 1256 748 1304 structuram
806 1269 912 1306 non
969 1257 1137 1309 semel
1187 1257 1432 1323 violavit,
1471 1260 1738 1314 orationis
1784 1276 1986 1314 nexum

417 1343 703 1397 sententiis
740 1345 1038 1415 interjcctis
1075 1350 1274 1417 smpius
1307 1350 1614 1420 interrupit,
1644 1363 1697 1406 et
1729 1355 1989 1408 sublimes

415 1434 822 1507 profundasque
849 1439 1208 1509 cogitationes
1228 1457 1356 1496 suas
1388 1443 1782 1501 sufﬁcientibus
1809 1447 1989 1502 verbis

2089 625 2233 680 Asi:e
2266 626 2436 678 ﬁlium
2468 624 2686 694 detegas
2716 623 2848 692 (75).

2162 716 2250 770 IX.
2295 715 2366 771 De
2395 726 2638 786 tempore
2667 731 2776 785 quo
2802 715 2883 768 hae
2911 714 3152 784 epistolae
3178 722 3411 767 exaratae
3435 711 3657 774 fuerint,

2089 809 2210 863 duce
2243 808 2494 862 feruntur
2533 808 2861 864 celebriores
2896 808 3198 870 sententize,
3229 821 3459 873 quarum
3491 805 3658 858 altera

2091 915 2235 954 anno
2279 899 2400 962 107,
2433 899 2601 953 altera
2653 914 2801 952 anno
2848 899 2948 952 116
2984 898 3146 951 favet.
3197 895 3328 960 Nos,
3368 897 3462 966 qui
3495 911 3658 965 supra

2091 991 2120 1064 §
2150 991 2169 1044 I
2195 992 2513 1062 martyrium
2549 989 2738 1060 lgnatii
2771 1007 2915 1044 anno
2951 990 3052 1044 107
3097 989 3523 1059 assignavimus,
3565 1002 3658 1040 eo-

2112 1084 2234 1137 dem
2279 1099 2422 1138 anno
2464 1092 2518 1138 et
2549 1083 2810 1153 epistolas
2836 1082 3170 1150 conscriptas
3197 1094 3318 1135 esse
3338 1092 3662 1132 censeamus

2089 1183 2319 1243 oportet.

2163 1264 2229 1318 Χ.
2254 1265 2326 1318 De
2347 1266 2591 1320 doctrina
2617 1265 2807 1336 lgnatii
2833 1265 3178 1334 disputarunt
3203 1264 3506 1332 Lumperus
3523 1261 3657 1327 (7G),

2094 1355 2316 1422 Junius,
2349 1357 2618 1428 licynsius
2647 1375 2710 1412 ac
2745 1374 2846 1412 van
2879 1357 3026 1412 Gilse
3059 1357 3194 1427 (77),
3243 1356 3517 1411 Moblerus
3548 1356 3660 1426 (78)

2089 1460 2140 1504 et
2171 1450 2283 1506 alii.

958 1880 1092 1968 ll.
1176 1879 1323 1968 DE
1399 1879 1734 1970 ACTIS
1807 1881 2408 1971 MARTYRII
2487 1885 2579 1972 S.
2662 1883 3170 1972 IGNATII.

488 2088 528 2144 1.
567 2091 696 2146 Acta
731 2092 969 2164 Martyrii
1013 2095 1069 2149 S.
1114 2094 1305 2166 lgnatii
1334 2114 1383 2150 a.
1418 2096 1553 2150 1647
1579 2113 1607 2150 c
1647 2108 1789 2152 msto
1811 2096 1995 2152 codice
2029 2102 2070 2158 Β
2105 2099 2555 2165 summationem,
2593 2109 2646 2154 ct
2688 2099 2962 2169 proximo,
2997 2107 3054 2152 ut
3101 2096 3556 2152 verisimillimum
3596 2096 3670 2149 vi-

417 2182 637 2239 Caiensi
679 2187 844 2240 edidit
875 2186 1130 2242 Usserius
1161 2191 1562 2255 Armachanus,
1595 2190 1799 2260 Optime
1827 2191 1890 2244 de
1928 2190 1984 2243 Β.

418 2285 656 2348 martyre
690 2277 916 2348 ejusque
941 2281 1186 2350 epistolis
1221 2284 1469 2336 meritus.
1504 2281 1642 2336 lluic
1680 2283 1847 2336 veteri
1874 2299 1993 2336 ver-

420 2370 564 2424 sioni
595 2370 676 2424 vir
703 2372 1058 2428 doctissimus
1088 2375 1312 2428 alteram
1346 2375 1598 2444 adjunxit
1630 2374 1764 2443 (79),
1796 2390 1859 2428 ex
1892 2391 1992 2427 an-

419 2463 736 2532 tiquissimo
790 2465 1130 2520 Cottonianae
1176 2467 1520 2521 bibliotheca:
1563 2467 1750 2521 codice
1783 2466 1991 2522 descri-

417 2566 587 2626 ptam,
607 2558 659 2611 in
687 2574 794 2626 qua
819 2559 1002 2612 multa:
1025 2560 1276 2616 absurda
1297 2572 1349 2616 et
1373 2562 1635 2617 fabulosze
1655 2563 1995 2616 narrationes

416 2660 606 2704 contra
636 2652 793 2707 fidem
822 2656 1174 2710 historiarum
1203 2672 1268 2710 ex
1301 2656 1521 2709 novitiis
1557 2655 1710 2709 Actis
1758 2655 1996 2725 interpo-

420 2743 545 2798 latis
570 2743 871 2813 desumpta:
895 2748 1241 2800 continentur
1268 2747 1403 2817 (80).

489 2838 649 2890 Anno
676 2847 855 2891 autem
894 2837 1025 2890 l689
1055 2853 1121 2890 ex
1153 2848 1294 2892 lllSlO
1323 2839 1510 2892 codice
1553 2837 1825 2902 Parisino,
1863 2839 1995 2894 olim

418 2926 759 2995 Colbertino,
789 2946 933 2982 nunc
966 2931 1116 2998 regio
1144 2929 1274 2984 Acta
1307 2941 1492 2984 nostra
1518 2930 1704 2985 Graece
1737 2947 1845 2985 una
1873 2947 1997 2986 cum

420 3037 560 3074 nova
592 3023 840 3076 versione
865 3021 1056 3076 Latina
1081 3022 1304 3079 Parisiis
1331 3024 1605 3093 evulgavit
1629 3023 1998 3080 Theodericus

423 3112 743 3180 Ruinartus,
780 3116 1062 3187 presbyter
1103 3131 1132 3170 e
1163 3118 1585 3186 congregatione
1615 3114 1671 3170 S.
1699 3116 1904 3183 Mauri,
1942 3119 1996 3172 in

422 3205 719 3274 Appendice
740 3209 807 3261 ad
827 3209 957 3262 Acta
981 3211 1272 3277 primorum
1298 3218 1592 3279 martyrum
1613 3211 1819 3263 sincera
1845 3219 2001 3281 atque

425 3298 637 3352 selecta.
670 3299 917 3354 Grazeum
953 3311 1134 3354 autem
1174 3302 1277 3356 hoc
1304 3303 1579 3370 exemplar
1611 3318 1736 3357 cum
1774 3304 1999 3372 antiqua

424 3392 677 3446 versione
703 3392 905 3448 codicis
931 3393 1178 3448 (Iaiensis
1214 3394 1451 3448 maxime
1483 3396 1796 3462 convenire,
1825 3398 2000 3453 cuivis

425 3498 489 3537 ex
521 3483 817 3538 leviuseula
849 3485 1137 3540 collatione
1163 3484 1322 3539 facile
1344 3495 1558 3540 constat
1580 3488 1713 3556 (8i).

496 3573 627 3627 Post
654 3575 978 3630 liuinarlum
1012 3577 1281 3645 praecipue
1313 3575 1568 3641 Grabius,
1599 3577 1828 3649 lttigius,
1859 3580 2001 3635 Smi-

428 3665 576 3720 thius
603 3677 651 3720 et
685 3666 1026 3722 Jacobsonus
1055 3669 1190 3722 Acta
1229 3679 1439 3736 nostra,
1477 3671 1712 3739 mendis,
1737 3689 1859 3742 quae
1882 3689 2002 3743 pas-

426 3761 531 3814 sim
563 3762 913 3829 irrcpserant,
944 3759 1194 3826 sublatis,
1218 3761 1526 3816 ediderunt.

498 3852 558 3906 ll.
579 3853 711 3908 Acta
741 3855 876 3920 hate,
918 3863 976 3909 ut
1006 3870 1130 3908 cum
1151 3852 1388 3907 Smithio
1418 3853 1632 3924 loquar,
1661 3873 1679 3906 ‹
1708 3870 1740 3908 a
1771 3853 2002 3909 familia-

424 3946 576 4002 ribus
603 3947 659 4001 S.
689 3947 900 4018 lgnatii,
929 3948 1021 4017 qui
1051 3947 1340 4002 Antiochia
1383 3946 1607 4000 Ruinam
1645 3963 1818 4017 usque
1843 3949 1997 4002 illum

425 4050 555 4096 sunt
594 4040 871 4104 comitati,
918 4049 1080 4109 atque
1122 4040 1270 4094 illius
1314 4040 1504 4094 ultimo
1539 4050 1593 4094 et
1627 4041 1862 4094 maxime
1883 4041 2000 4109 glo-

425 4134 574 4186 rioso
604 4134 762 4202 agoni
788 4132 1105 4196 interfuere,
1129 4133 1400 4200 descripta
1423 4147 1566 4198 esse,
1593 4133 1762 4186 multa
1785 4135 1837 4186 iu
1867 4133 1999 4202 ipsis

426 4225 578 4279 Actis
608 4225 658 4280 id
699 4225 1114 4279 testatissimum
1141 4225 1395 4278 reddunt.
1426 4222 1482 4277 In
1515 4224 1601 4278 his
1629 4225 1775 4279 enim
1809 4225 1888 4278 sic
1914 4226 1998 4279 lo-

425 4323 689 4385 quuntur,
720 4317 812 4385 qui
838 4332 901 4370 ea
927 4317 1122 4372 litteris
1152 4317 1458 4373 tradidere:
1505 4316 1692 4384 Ἡμεῖς
1722 4316 1818 4385 μὲν
1844 4315 2003 4369 ἄκον-

425 4424 515 4471 τες
543 4409 884 4479 ἀπηγόμεθα,
917 4411 1192 4474 στένοντες
1221 4414 1312 4465 ἐπὶ
1343 4412 1420 4482 τῷ
1449 4413 1541 4480 ἀφ’
1571 4413 1603 4481 ἡ
1614 4409 1728 4480 μῶν
1756 4407 2000 4478 μέλλοντι

427 4502 689 4572 χωρισμῴ
713 4502 806 4555 τοῦ
836 4503 1044 4556 δικαίου
1075 4504 1317 4572 γίνεσθαι
1356 4503 1486 4574 (8‘2).
1524 4501 1588 4556 Et
1617 4500 1896 4554 nonnullis
1919 4498 2003 4551 iu-

429 4595 667 4663 terjectis
696 4597 797 4650 sub
821 4597 978 4649 linem
1007 4614 1020 4649 :
1044 4595 1261 4648 Τούτων
1292 4595 1554 4648 αὐτόπται
1569 4593 1845 4663 γενόμενοι
1870 4591 1999 4662 (85).

428 4685 574 4749 Haec,
610 4687 856 4758 inquam,
884 4692 1098 4760 aliaque
1128 4692 1240 4760 (8i)
1273 4703 1426 4744 extra
1467 4704 1629 4743 omne
1651 4688 1875 4743 dubium
1907 4702 2002 4755 po-

2095 2193 2254 2246 detur
2304 2207 2484 2259 anno;
2514 2192 2642 2247 dum
2681 2208 2766 2247 res
2795 2201 2959 2262 gesta:
2982 2207 3106 2244 cum
3141 2191 3310 2243 totius
3340 2189 3549 2243 itineris
3580 2206 3667 2244 ra-

2097 2289 2242 2343 tione
2264 2287 2318 2342 in
2345 2290 2543 2344 recenti
2580 2289 2789 2344 fidelius
2813 2288 3126 2343 inhaeserint
3147 2287 3430 2342 memoria.
3469 2305 3487 2337 ι

2173 2399 2191 2430 ‹
2238 2378 2361 2435 Illos
2395 2388 2576 2433 autem
2623 2379 2796 2434 fuisse
2834 2378 3116 2432 Philonem
3150 2387 3203 2432 et
3235 2375 3663 2446 Agathopodem,

2097 2488 2334 2542 quorum
2382 2473 2630 2526 meminit
2680 2472 3061 2526 sanctissimus
3092 2479 3296 2541 martyr
3339 2470 3390 2524 in
3422 2467 3666 2538 epistolis

2099 2564 2164 2617 ad
2209 2562 2520 2634 Smyrnaros
2560 2573 2609 2616 et
2645 2565 2710 2617 ad
2747 2563 3256 2632 Philadelphenses,
3307 2563 3452 2616 hunc
3479 2563 3668 2616 Antio-

2099 2658 2255 2723 chiae,
2296 2658 2444 2711 illum
2473 2673 2602 2711 vero
2633 2656 2916 2712 Tarsensis
2940 2655 3197 2711 Ecclesiae
3235 2655 3546 2719 diaconum,
3579 2654 3667 2707 vix

2101 2765 2131 2804 a
2170 2765 2448 2819 quoquam
2481 2749 2717 2803 dubitari
2754 2757 2848 2802 aut
2873 2757 3051 2816 potest
3088 2757 3180 2800 aut
3208 2747 3384 2801 debet.
3422 2765 3438 2798 ›
3477 2745 3668 2798 [Iacte—

2101 2858 2207 2896 nus
2252 2841 2538 2894 Smithius.
2587 2841 2904 2894 Gallandius
2962 2839 3094 2908 (85)
3142 2839 3320 2904 addit,
3371 2837 3582 2891 Philoni
3617 2849 3671 2889 et

2100 2932 2445 3004 Agathopodi
2491 2932 2892 3002 adjungendum
2940 2932 3131 2985 saltem
3181 2945 3301 2984 esse
3346 2928 3667 2982 nominatim

2101 3034 2154 3079 et
2180 3025 2444 3090 Crocum,
2478 3025 2571 3094 qui
2617 3033 2866 3079 sanctum
2910 3035 3204 3094 martyrem
3237 3023 3465 3078 Romam
3500 3036 3671 3091 usque

2102 3123 2406 3171 assectatus
2443 3115 2606 3169 fuisse
2636 3113 2948 3183 perhibetur
2978 3114 3114 3182 (86).

2172 3207 2262 3263 Ill.
2306 3208 2630 3263 Authentica
2657 3215 2709 3260 et
2731 3208 2963 3277 genuina
3002 3215 3294 3262 censentur
3321 3206 3450 3260 Acta
3484 3211 3670 3259 nostra

2105 3301 2174 3355 ab
2202 3301 2444 3366 Usserio,
2477 3301 2774 3362 Dodwello,
2803 3298 3090 3362 Ruiuarto,
3123 3299 3347 3364 Grabio,
3374 3297 3672 3351 Tillemon-

2105 3393 2204 3459 tio,
2236 3392 2553 3458 Pearsonio,
2586 3391 2840 3454 Smithio,
2879 3389 3170 3454 Cotelerio,
3197 3387 3520 3451 Mamachio,
3547 3385 3676 3440 Gal-

2103 3487 2307 3552 landio,
2334 3487 2604 3556 Lumpero
2624 3485 2759 3554 (87),
2784 3483 3027 3537 Mehlero
3053 3483 3163 3549 (88)
3189 3491 3241 3535 ct
3272 3481 3411 3535 aliis.
3443 3481 3674 3536 Dallaaus

2103 3596 2261 3645 vero,
2310 3589 2370 3634 ut
2417 3577 2590 3647 ipsius
2640 3575 2696 3630 S.
2738 3575 2994 3644 martyris
3046 3573 3266 3642 scripta,
3320 3572 3392 3648 ita
3442 3583 3495 3626 et
3541 3573 3673 3626 Acta

2101 3673 2347 3741 ejusdem
2371 3686 2470 3740 pro
2502 3668 2863 3738 supposititiis
2892 3667 3111 3732 habuit;
3141 3659 3234 3720 sed
3261 3664 3401 3720 sicut
3431 3664 3671 3728 illorum,

2102 3767 2180 3820 ita
2210 3766 2408 3820 horum
2454 3778 2674 3833 quoque
2726 3760 3098 3815 defensionem
3147 3758 3386 3826 suscepit
3418 3756 3674 3811 doctissi-

2101 3875 2225 3914 mus
2266 3857 2596 3912 Pearsonius
2639 3862 2790 3924 parte
2838 3869 2876 3906 ιι
2919 3851 3127 3904 Viudic.
3202 3850 3372 3920 Epist.
3433 3847 3488 3902 S.
3529 3847 3673 3918 lgn.,

2101 3967 2152 4006 c.
2176 3950 2241 4003 ιε).
2272 3949 2406 4019 (89).
2452 3947 2655 4000 Przeter
2684 3944 2940 3998 Dallaeum
2981 3941 3230 3996 Oudinus
3261 3956 3498 4010 quoque,
3535 3938 3674 3992 Heu-

2102 4057 2338 4097 mannus
2407 4050 2462 4094 et
2523 4039 2614 4093 alii
2679 4035 2958 4094 .Actorum
3018 4034 3297 4088 veritatem
3359 4031 3676 4100 impugnare

2102 4133 2340 4204 aggressi
2366 4140 2522 4197 sunt;
2558 4131 2649 4184 sed
2669 4128 2914 4182 funditus
2935 4141 3123 4180 eorum
3144 4125 3464 4180 sententiam
3486 4123 3677 4176 evertit

2101 4227 2186 4280 vir
2218 4225 2624 4280 eruditissimus
2658 4221 2998 4276 Mamachius
3037 4218 3173 4287 (90),
3219 4232 3283 4271 ex
3315 4216 3505 4270 ordine
3530 4214 3675 4268 Prte-

2104 4318 2434 4372 dicatorum.

2180 4409 2385 4462 Revera
2428 4407 2630 4460 nullius
2675 4402 2929 4475 ponderis
2984 4407 3113 4455 sunt
3171 4397 3354 4451 Dallrei
3400 4405 3455 4450 ct
3501 4396 3675 4451 socio-

2107 4515 2227 4553 rum
2262 4507 2607 4568 argumenta.

2177 4591 2230 4660 a)
2267 4589 2662 4658 Exceptiones,
2688 4603 2810 4656 qua:
2831 4586 3094 4639 adversus
3132 4580 3438 4634 Romanum
3485 4577 3674 4648 lgnatii

2105 4684 2208 4737 iter
2239 4681 2560 4749 itinerisque
2592 4679 2858 4732 rationem
2901 4685 3028 4731 sunt
3059 4675 3300 4743 prolatae,
3326 4687 3448 4726 esse
3473 4671 3675 4735 futiles,

431 4792 590 4846 nunt,
629 4797 659 4835 a
691 4781 748 4836 S.
781 4783 970 4853 lgnatii
997 4783 1289 4837 comitibus
1319 4782 1452 4835 Acta
1479 4780 1794 4850 hujusmodi
1831 4779 2002 4833 fuisse
2035 4812 2078 4866 Β
2104 4775 2216 4844 jam
2261 4789 2330 4827 ex
2384 4773 2472 4838 iis,
2521 4787 2643 4840 quae
2690 4786 2852 4838 supra
2893 4771 2957 4821 ad
2998 4768 3099 4821 iter
3137 4767 3240 4818 hoc
3279 4763 3674 4818 defendendum

430 4876 768 4947 perscripta;
820 4885 873 4930 ct
901 4876 1118 4946 quidem
1163 4891 1267 4928 non
1307 4875 1464 4944 longe
1498 4883 1620 4944 post
1656 4873 1829 4942 ipsius
1870 4887 2001 4926 con-

503 5079 616 5147 (74)
646 5075 862 5146 Optime
890 5078 1252 5146 integritatem
1287 5077 1480 5147 harum
1515 5073 1867 5144 epistolarum
1905 5071 1999 5126 de-

430 5145 604 5202 fendit
633 5145 1157 5211 I)itsterilieek,il.(3.,
1181 5165 1233 5216 ι).
1261 5146 1329 5200 80
1352 5162 1472 5215 sqq.

502 5219 614 5287 (75)
640 5219 754 5272 Cfr.
782 5218 1008 5281 MOhIer,
1043 5214 1272 5279 Patrbl.,
1303 5227 1341 5271 t.
1378 5216 1416 5279 Ι,
1439 5214 1499 5284 ίι).
1521 5214 1653 5287 71⁸22.

501 5284 615 5358 (76)
654 5290 798 5343 Hist.
832 5290 987 5341 (heat.
1025 5291 1172 5351 crit.,
1205 5297 1243 5341 t.
1274 5288 1394 5358 l,ﬁp.
1425 5284 1685 5340 505-527.

499 5353 616 5428 (77)
672 5359 1150 5414 Conuuentationes
1207 5363 1269 5415 de
1296 5353 1522 5410 Patrum
1586 5353 1998 5428 apostoljcorum

429 5423 696 5554 éﬁéqlpgia
749 5429 940 5483 morali
991 5433 1046 5499 a)
1087 5445 1143 5498 p.
1191 5428 1386 5484 58-71.
1439 5428 1494 5497 b)
1552 5443 1604 5498 p.
1647 5423 1911 5492 59-58.c)
1941 5438 1994 5491 p.

503 5571 615 5640 (τε)
653 5569 883 5637 PatroL,
920 5579 958 5623 t.
988 5569 1027 5634 ι,
1055 5586 1108 5638 ρ.
1139 5569 1396 5623 131-152.

505 5633 620 5709 (79)
648 5633 946 5712 Utramque
976 5633 1115 5695 hanc
1140 5641 1446 5695 versionem
1475 5637 1614 5706 apud
1658 5633 2005 5690 Gallandium

430 5725 689 5767 ϊθυῡτιρδ.

495 5727 873 5851 ιέἰῖξῗδίἶῖειὶψ,
931 5779 1211 5850 Spicileg.,
1263 5789 1299 5851 t.
1349 5778 1413 5843 ll,
1458 5779 1572 5851 p.15
1604 5786 1655 5851 et
1707 5778 1748 5830 ἰ.
1805 5775 2004 5838 Smith,

451 5847 614 5923 print.
654 5854 708 5907 in
749 5855 882 5909 Acta
915 5847 1140 5922 martyr.
1170 5853 1223 5906 ὃ,
1267 5849 1378 5920 lgn.
1433 5849 1571 5917 apud
1620 5847 2005 5913 Jacobsonum,

2111 4867 2439 4940 protulimus
2469 4909 2481 4933 ,
2541 4873 2779 4934 apparet.
2829 4862 3065 4917 Maxime
3113 4868 3294 4915 autem
3346 4856 3677 4914 doctissima:

2107 5080 2148 5124 t.
2177 5066 2240 5128 ll.
2269 5083 2321 5136 p.
2357 5066 2482 5120 5°25.

2179 5133 2290 5207 (81)
2323 5136 2502 5190 Grabe
2537 5143 2590 5207 et
2618 5133 2832 5207 Smith,
2875 5136 2931 5191 ll.
2966 5147 3046 5188 CC.

2175 5203 2285 5278 (8‘2)
2314 5207 2532 5276 Martyr.
2563 5205 2700 5278 |gn.,
2725 5221 2773 5259 c.
2802 5203 2856 5258 5.

2153 5247 2856 5352 liii)iﬁllii'éf‘i'."‘_“"'
2921 5345 2942 5352 _
3195 5340 3217 5352 -
3359 5338 3385 5352 ..

2174 5339 2285 5419 (‘84)
2325 5347 2387 5400 E.
2412 5339 2836 5419 εςσρναντῶμε]
2859 5345 2972 5405 τοῖς
3000 5339 3305 5419 ἀδελφ-οῖὶο
3341 5339 3408 5419 ιϐ.

2183 5409 2296 5489 (85⁷)
2337 5409 2491 5489 Bibl:
2516 5409 2759 5489 Veterani
2787 5415 3057 5489 Patrum,“
3081 5420 3121 5464 t.
3157 5409 3197 5476 I,
3230 5409 3464 5476 Proleg.,
3496 5425 3547 5476 p.
3585 5422 3673 5460 1.x.

2186 5481 2300 5558 (86)
2343 5488 2438 5558 Ep.
2473 5485 2587 5556 ign.
2615 5486 2679 5558 ad
2707 5484 2891 5549 Rom.,
2916 5481 3081 5558 c_._l().

2186 5549 2299 5629 (87)
2342 5549 2857 5629 H‘isz.'¢heot._cric.,_
2880 5551 3007 5629 eu.
3035 5567 3088 5620 p.
3115 5549 3376 5604 428.453.

2188 5624 2302 5699 ('88)
2342 5628 2574 5699 PatroL,
2610 5625 2715 5699 t.7l,
2747 5642 2798 5694 p.
2821 5624 2938 5699 éUS
2955 5639 3039 5699 sq.

2182 5691 2297 5770 (89)
2336 5699 2489 5767 Apud
2521 5698 2721 5770 Cotel.,_
2747 5691 2963 5770 't.gll,_p.
3067 5691 3117 5770 l_.

2184 5754 2296 5840 (90)
2341 5754 2580 5840 Oi'igincs
2615 5779 2660 5821 et
2690 5754 2950 5834 Antiqui}.
2979 5763 3202 5826 Christ.,
3236 5767 3273 5815 ι.
3306 5756 3396 5825 ιν,
3457 5774 3509 5827 p.
3549 5754 3674 5808 401-
