4134 6450
434 401 529 457 6-H

1624 403 1684 458 C.
1718 403 1767 458 J.
1814 402 2087 457 IlEFEl."
2127 402 2517 458 PII/EFATIO.

3573 407 3679 463 642

438 523 480 577 Τ
486 523 628 579 al‘elii
651 524 717 579 de
744 524 829 580 via
860 524 1087 595 Egnatia
1120 526 1532 582 dissertationes
1567 541 1764 581 novam
1797 526 1873 579 rei
1906 541 1994 578 no-
2034 530 2078 586 Α
2111 523 2296 577 Exstat
2322 532 2501 577 autem
2531 525 2800 590 posterior
2824 525 2914 579 illa
2942 527 3199 581 Actorum
3226 542 3374 597 pars,
3421 543 3450 581 a
3476 524 3679 581 Grahio

438 626 566 669 stras
605 616 779 669 lucem
828 617 1159 683 attulerunt;
1201 632 1339 685 quas
1374 617 1466 684 qui
1528 617 1837 687 pcrlegerit,
1882 627 2006 670 tan-

438 715 551 761 tum
584 708 757 766 abest.
788 716 847 762 ut
870 708 1034 774 viam,
1058 723 1165 777 qua
1197 706 1253 761 S.
1278 717 1481 777 martyr
1511 709 1705 761 ductus
1736 722 1856 763 esse
1877 723 2007 761 nar-

438 807 610 863 ratur,
656 809 1025 853 monstrosam
1060 809 1251 868 putare
1287 801 1481 869 possit,
1521 810 1579 855 ut
1614 802 1760 855 clare
1794 802 2005 872 perspi-

437 892 564 956 ciat,
616 908 724 945 non
775 892 881 947 nisi
924 892 1138 963 vulgari
1186 891 1563 949 Romanorum
1606 896 1695 950 via
1738 894 2005 965 Ignatium

437 1003 557 1041 esse
582 1003 742 1042 usum
772 987 907 1057 (9l).

508 1079 564 1149 b)
604 1079 868 1133 Actorum
915 1088 1193 1132 auctorem
1241 1078 1337 1132 diu
1370 1089 1491 1147 post
1526 1078 1719 1149 lgnatii
1761 1087 2007 1149 ternpora

438 1172 661 1235 vixisse,
695 1171 928 1226 Dallaeus
972 1188 1001 1226 e
1038 1172 1385 1227 sermonibus
1422 1172 1675 1242 conjecit,
1701 1189 1842 1242 quos
1882 1189 2005 1227 cum

439 1262 675 1332 Trajano
723 1280 752 1316 a
799 1274 1037 1335 martyre
1091 1264 1306 1318 habitos
1356 1264 1491 1317 Acta
1558 1274 1747 1319 nostra
1812 1274 2010 1333 praeter

437 1369 658 1408 omnem
699 1355 814 1408 veri
865 1370 929 1407 ac
962 1353 1146 1408 decori
1202 1354 1438 1423 speciem
1469 1354 1693 1409 finxisse
1734 1364 1889 1423 putat
1926 1356 2010 1410 vir

439 1443 529 1497 ille
575 1444 826 1499 criticus.
886 1443 948 1498 Ei
999 1445 1112 1515 jam
1155 1443 1489 1499 Pearsonius
1533 1445 1645 1516 (92)
1705 1447 2005 1515 respondit,

437 1552 699 1590 sermones
729 1538 862 1592 istos
889 1550 1037 1591 certe
1057 1553 1235 1608 neque
1261 1540 1389 1605 ueri,
1414 1554 1593 1608 neque
1618 1539 1801 1593 decori
1841 1540 2010 1595 ratio-

437 1644 534 1684 nes
567 1629 787 1685 turbare
818 1631 1174 1686 contendens.
1218 1630 1337 1687 Una
1366 1641 1579 1687 tantum
1616 1648 1724 1687 vox
1750 1634 2009 1688 κακσδαξ-

439 1738 555 1790 μων
592 1720 666 1791 (c.
692 1722 770 1790 2),
813 1738 840 1775 a
868 1721 1107 1791 Trajauo
1141 1733 1425 1794 usurpata,
1467 1725 1757 1794 objectioni
1800 1725 1873 1779 illi
1916 1741 2011 1781 oc-

436 1813 718 1868 casionem
742 1815 1042 1884 prtebuisse
1056 1816 1289 1882 videtur,
1319 1834 1481 1887 quam
1504 1834 1662 1873 nemo
1684 1819 1883 1874 dixerit
1913 1820 2010 1873 im-

2110 615 2163 667 in
2189 616 2413 669 dubium
2441 625 2652 680 vocata,
2684 616 2736 669 in
2755 619 3004 673 versione
3026 620 3229 675 codicis
3252 619 3517 686 Caiensis,
3545 629 3597 673 et
3624 636 3679 674 ll]

2109 705 2298 761 Graeco
2334 707 2630 776 exemplari
2656 706 2972 763 Parisiensi.

2175 798 2234 867 b)
2276 796 2332 851 Si
2366 796 2627 851 Grabium
2670 798 2892 864 audias,
2932 810 3119 868 aperte
3158 800 3262 854 sibi
3304 801 3535 855 invicem
3588 816 3679 855 re-

2107 905 2351 960 pugnare
2378 890 2632 944 videntur
2666 890 2769 943 ista
2798 891 2963 944 verba
3010 910 3062 946 c.
3093 893 3143 955 7,
3172 908 3292 961 quae
3332 894 3384 947 in
3428 895 3681 948 versione

2106 990 2294 1035 nostra
2321 981 2393 1034 ita
2421 992 2655 1037 sonant:
2686 982 2891 1036 [lorum
2926 1000 3018 1036 nos
3054 985 3155 1053 ipsi
3181 995 3498 1053 spectatores
3528 986 3678 1055 facti,

2106 1089 2221 1125 cum
2275 1073 2331 1125 in
2382 1073 2642 1141 lacrgmis
2716 1084 2881 1127 totam
2944 1085 3148 1128 noctem
3213 1078 3583 1145 exegissemus,
3629 1084 3679 1129 et

2107 1167 2322 1235 genibus
2368 1167 2520 1235 ﬂexis
2568 1169 2835 1238 multaque
2886 1171 3124 1222 oratione
3169 1168 3469 1234 Dominum,
3500 1180 3554 1222 ut
3588 1186 3681 1223 nos

2108 1259 2349 1327 inﬁrmos
2395 1259 2459 1311 de
2500 1260 2589 1324 iis,
2619 1275 2736 1328 qua:
2777 1260 2921 1328 facta
2967 1261 3211 1329 fuerant,
3250 1272 3416 1314 certos
3460 1263 3678 1330 faceret,

2108 1368 2337 1406 essemus
2383 1354 2602 1421 precati,
2652 1362 2757 1407 etc.
2814 1354 2869 1406 Si
2912 1354 3057 1407 enim
3100 1354 3215 1408 hzec
3249 1354 3411 1421 facta,
3447 1355 3681 1411 Grabius
3748 1378 3753 1383 ·

2110 1446 2321 1514 inquit,
2384 1445 2601 1515 ipsimet
2661 1456 2996 1515 spectatores
3030 1448 3204 1502 oculis
3262 1462 3680 1519 usurpaverant,

2110 1535 2241 1604 quid
2296 1552 2435 1605 opus
2490 1545 2642 1598 erat,
2701 1537 3016 1592 ulteriorem
3067 1540 3134 1593 de
3180 1540 3265 1595 iis'
3297 1544 3682 1599 celsitudinem

2112 1642 2141 1678 a
2178 1624 2290 1680 Deo
2335 1626 2612 1694 postulare
2634 1629 2741 1680 ‘l—
2768 1627 2872 1681 Sed
2908 1627 3145 1683 Grabius
3181 1629 3429 1685 Graecum
3473 1640 3681 1687 textum

2113 1717 2253 1770 male
2302 1717 2693 1786 interpretatus
2746 1718 2863 1773 haec
2911 1718 3148 1787 objecit;
3216 1722 3481 1776 αὐτόπται
3535 1725 3681 1778 enim

2115 1806 2194 1859 illi
2228 1820 2338 1859 non
2392 1807 2460 1861 de
2492 1815 2667 1861 morte
2706 1806 2916 1877 Ignatii,
2950 1806 3045 1861 sed
3074 1807 3141 1861 de
3175 1822 3241 1862 eo
3268 1811 3533 1865 certiores
3566 1810 3683 1865 fieri

435 1906 674 1975 peratori
714 1906 939 1961 minime
984 1909 1297 1975 convenire,
1330 1909 1422 1979 qui
1450 1925 1569 1964 eam
1618 1918 1764 1965 recte
1794 1911 2007 1964 intelle-
2037 1878 2081 1933 Β
2108 1896 2381 1959 “lemma
2412 1911 2542 1949 "um
2574 1896 2894 1967 marlyl'i‘lm
2922 1897 3040 1966 eius
3067 1896 3178 1953 Deo
3205 1910 3349 1955 esset
3377 1910 3681 1971 acceptum:

436 1997 595 2052 xerit.
621 1996 727 2063 Qui
754 1999 897 2053 enim
928 2000 1099 2065 novit,
1124 2001 1258 2070 quid
1287 2001 1357 2056 sit
1382 2001 1751 2072 κακοδαίμων,
1786 2011 1839 2057 et
1872 2018 2009 2072 quo-

434 2089 598 2145 modo
624 2089 970 2147 Christianos
1018 2093 1071 2147 in
1097 2093 1305 2163 judicio
1341 2096 1670 2165 compellare
1712 2096 1857 2151 soliti
1889 2094 2008 2151 fue-

435 2181 551 2236 rint
589 2183 817 2249 ethnici,
860 2184 1019 2239 facile
1060 2186 1275 2252 sentiet,
1302 2195 1355 2241 et
1389 2202 1577 2242 verum
1624 2188 1729 2242 hoc
1765 2196 1819 2242 et
1846 2188 2010 2243 deco-

434 2292 559 2331 rum
608 2292 750 2333 esse.
806 2277 906 2333 Est
951 2289 1133 2335 autem
1182 2280 1547 2352 κακοδαίμων,
1601 2292 1660 2335 ιιι
1707 2297 1772 2336 ex
1820 2282 2009 2338 multis

435 2371 699 2439 exemplis
728 2369 1061 2428 Pearsonius
1100 2373 1305 2440 docuit,
1336 2374 1412 2427 nil
1448 2373 1594 2428 aliud
1622 2388 1786 2443 quam
1816 2373 2008 2443 infelix

436 2460 602 2516 homo
635 2462 772 2532 (95).

506 2552 775 2609 Praeterea
816 2554 1187 2621 monendum,
1235 2569 1519 2609 sermones
1564 2552 1758 2624 lgnatii
1805 2564 1859 2608 et
1881 2552 2010 2608 Tra—

431 2645 549 2715 jani
594 2661 625 2700 a
663 2646 933 2715 scriptore
970 2647 1232 2701 Actorum
1270 2662 1371 2699 non
1415 2649 1483 2698 ad
1525 2645 1736 2699 verbum
1782 2646 2005 2711 relatos,

436 2746 830 2808 auctoremque
866 2747 1116 2793 nostrum
1164 2739 1351 2793 eadem
1394 2738 1612 2792 licentia
1664 2754 1823 2793 usuin
1862 2754 2005 2803 esse,

437 2843 600 2897 quam
637 2829 863 2883 omnino
891 2829 1139 2884 historici
1185 2830 1238 2882 in
1268 2829 1591 2885 enarrandis
1626 2829 1860 2885 aliorum
1886 2846 2008 2885 ser-

438 2920 693 2975 monibus
744 2922 847 2976 sibi
890 2921 1258 2976 vindicabant.
1303 2919 1459 2987 Quod
1510 2920 1555 2977 si
1606 2936 1654 2975 e.
1689 2937 1739 2991 g.
1769 2921 1946 2992 capite
1974 2924 2008 2975 2

434 3003 705 3072 'lrajanus
749 3005 880 3060 deos
937 3008 1219 3076 gentilium
1252 3008 1511 3063 (immunes
1558 3012 1823 3081 appellat,
1867 3025 2011 3070 certe

432 3095 753 3165 scriptorem
780 3097 1155 3155 Christianum
1187 3101 1365 3157 verbis
1394 3102 1724 3159 Christianis
1771 3116 2008 3162 mentem

432 3187 652 3259 Trajani
689 3192 1012 3263 exposuisse
1045 3193 1202 3250 facile
1227 3196 1543 3266 perspicies.

503 3278 556 3347 c)
608 3276 917 3336 Authentite
962 3291 1346 3353 argumentum
1400 3284 1525 3339 inde
1574 3301 1794 3356 quoque
1845 3286 2005 3342 nobis

434 3369 721 3436 petendum
759 3372 999 3439 videtur,
1027 3375 1172 3443 quod
1204 3376 1336 3429 Acta
1370 3377 1483 3432 haec
1514 3391 1701 3446 pressa
1732 3378 2001 3446 simplici-

432 3475 540 3529 que
572 3462 821 3517 oratione
851 3464 962 3518 sint
1009 3466 1337 3535 conscripta,
1383 3476 1547 3537 atque

501 3552 556 3624 d)
580 3556 717 3610 mire
744 3556 851 3611 illis
892 3559 1280 3626 respondeant,
1314 3574 1437 3628 quae
1466 3560 1534 3614 ab
1577 3560 1811 3616 Eusebio
1848 3573 1903 3617 et
1941 3562 1999 3618 S.

430 3641 640 3700 Joanne
688 3646 1083 3719 Chrysostomo
1142 3650 1208 3703 de
1266 3651 1527 3721 martyrio
1590 3651 1781 3721 lgnatii
1842 3656 2002 3712 doce-

432 3751 560 3789 mur
579 3738 716 3808 (94).

499 3827 553 3898 e)
592 3825 733 3881 Nihil
759 3828 994 3899 denique
1021 3829 1095 3883 ibi
1122 3828 1339 3899 legitur,
1365 3844 1489 3884 cum
1516 3827 1739 3902 Trajani
1766 3833 1999 3889 historia

424 3936 678 3991 pugnans
707 3921 842 3991 (95).

498 4008 834 4069 Testimonia
865 4028 994 4067 vero
1023 4011 1275 4068 Veterum
1306 4028 1406 4082 pro
1427 4013 1579 4069 Actis
1606 4014 1812 4069 nostris
1844 4030 1874 4069 e
1904 4030 1999 4070 sex

426 4105 620 4175 primis
637 4121 758 4161 tera:
773 4104 1102 4160 Christiana:
1119 4104 1334 4159 saeculis
1351 4104 1582 4159 inveniri
1615 4121 1726 4159 non
1744 4116 1995 4174 possunt.

498 4196 587 4253 IV.
614 4196 955 4252 Postremam
980 4197 1242 4250 Actorum
1269 4195 1461 4265 lgnatii
1493 4205 1701 4267 partem
1726 4199 1995 4268 spuriam,

424 4300 476 4345 et
512 4290 581 4344 ab
611 4289 998 4358 interpolatore
1026 4289 1264 4358 quodam
1299 4298 1565 4354 assutam,
1589 4290 1840 4345 arbitrati
1870 4300 1999 4346 sunt

429 4382 706 4449 Usserius,
742 4381 979 4437 Grabius
1006 4391 1063 4436 et
1092 4382 1215 4449 alii;
1251 4383 1456 4448 causis,
1502 4392 1560 4435 ut
1600 4382 1736 4437 mihi
1759 4383 1993 4451 videtur,

424 4490 533 4529 non
566 4472 980 4529 sufﬁcientibus.

2113 1987 2303 2056 utjam
2336 1986 2583 2041 Clericus
2624 1988 2839 2041 monuit
2866 1988 3003 2058 (96).

2182 2078 2233 2148 c)
2276 2078 2499 2134 Falsum
2544 2094 2667 2133 esse
2719 2081 3004 2134 contendit
3051 2079 3321 2147 Grabius,
3375 2086 3519 2153 quod
3575 2101 3625 2141 c.
3655 2087 3684 2139 7

2109 2170 2352 2243 lgnatius
2398 2181 2651 2225 mortuus
2709 2169 2880 2225 fuisse
2924 2172 3141 2227 dicatur
3191 2175 3492 2231 consulibus
3541 2179 3683 2247 apud

2109 2262 2375 2316 Romanos
2418 2264 2608 2316 iterum
2641 2262 2781 2317 Sura
2817 2274 2865 2318 et
2895 2264 3195 2330 Senecione,
3234 2268 3272 2321 i.
3309 2284 3356 2322 e.
3383 2285 3529 2323 anno
3556 2271 3680 2324 107.

2110 2356 2348 2411 Grabius
2397 2357 2566 2419 enim,
2623 2365 2683 2409 ut
2731 2372 2894 2425 supra
2940 2358 3198 2425 vidimus,
3251 2375 3415 2414 unam
3472 2370 3682 2416 tantum

2110 2446 2333 2517 Trajani
2356 2445 2754 2516 expeditionem
2776 2446 3082 2503 Parthicam
3112 2452 3423 2518 admittens,
3450 2464 3681 2508 mortem

2114 2538 2172 2593 S.
2198 2540 2454 2610 martyris
2498 2554 2643 2593 anno
2675 2538 2776 2592 116
2810 2540 3079 2609 aseripsit.
3128 2539 3239 2595 Nos
3279 2555 3467 2597 contra
3512 2545 3684 2601 tutius

2109 2633 2442 2701 putavimus,
2469 2630 2621 2683 alteri
2658 2630 2915 2685 accedere
2946 2634 3245 2700 sententiae,
3274 2650 3392 2704 qua:
3416 2633 3682 2707 lgnatium

2110 2721 2374 2777 annolO7
2403 2736 2433 2775 e
2452 2723 2589 2776 vivis
2614 2722 2918 2776 decessisse
2949 2734 3152 2777 censet.

2180 2820 2236 2890 (1)
2277 2817 2526 2889 Objectio
2579 2818 2810 2885 Usserii,
2864 2821 3079 2875 detecto
3140 2824 3436 2892 exemplari
3494 2824 3683 2881 Grch

2110 2910 2304 2977 diluta,
2332 2912 2445 2981 jam
2475 2926 2503 2964 a
2535 2910 2734 2965 Grabio
2762 2920 2843 2965 est
2874 2912 3099 2966 omissa.
3134 2910 3389 2968 Usserius
3416 2915 3468 2968 in
3497 2915 3686 2971 codice

2110 3001 2327 3055 Caiensi
2383 3003 2596 3072 legebat
2632 3010 2705 3071 (c.
2737 3004 2792 3072 4)
2836 3022 2847 3055 :
2891 3019 2982 3072 per
3030 3020 3424 3061 pnnceoeurss
3474 3007 3684 3065 litteras

2108 3096 2310 3163 gratias
2348 3112 2525 3167 agens,
2562 3101 2833 3169 appositas
2868 3101 2937 3153 ad
2969 3100 3132 3168 ipsas,
3160 3109 3266 3152 etc.
3300 3097 3438 3169 Ilinc
3474 3101 3563 3153 vir-
3586 3101 3687 3156 do-

2035 3218 2077 3275 c
2110 3187 2390 3244 ctissimus
2438 3192 2737 3257 conclusit,
2792 3203 3124 3261 postremam
3165 3191 3428 3246 Actorum
3470 3202 3679 3262 partem

2109 3280 2179 3335 ab
2208 3281 2301 3334 illo
2330 3282 2597 3351 scriptore
2640 3284 2825 3339 saeculi
2860 3284 3040 3354 quinti
3078 3299 3198 3338 esse
3230 3282 3559 3350 confectam,
3586 3286 3683 3356 qui

2106 3371 2290 3427 Graeca
2315 3374 2448 3427 Acta
2480 3376 2531 3427 in
2558 3374 2810 3429 Latinum
2844 3391 3150 3431 sermonem
3181 3377 3477 3442 transtulit,
3504 3393 3685 3433 exem-

2104 3465 2353 3535 plarique
2389 3483 2490 3521 suo
2537 3469 2778 3538 syllogen
2823 3469 3180 3537 epistularum
3233 3466 3425 3538 lgnatii
3468 3485 3679 3540 prapo-

2104 3555 2246 3621 suit;
2281 3572 2445 3626 quam
2474 3559 2851 3625 prwcedcntem
2880 3558 3241 3633 epistularum
3282 3560 3523 3630 syllogen
3552 3576 3678 3615 ver-

2104 3648 2188 3703 bis
2226 3648 2333 3703 illis
2368 3648 2716 3716 praacedentes
2759 3649 2967 3704 litteras
3017 3650 3245 3703 indicari
3287 3649 3541 3705 Usserius
3581 3667 3680 3706 su-

2104 3740 2346 3809 spicatus
2399 3749 2501 3795 est.
2535 3739 2638 3795 Sed
2664 3740 2851 3796 Grazca
2889 3760 2901 3795 :
3076 3740 3163 3794 διὰ
3197 3740 3304 3794 τῶν
3338 3742 3677 3813 ἡγουμένων,

2101 3829 2448 3900 γραμμάτων
2492 3830 2829 3901 εὐχαρίστων
2863 3831 3284 3902 ἐκπεμφθέντων
3329 3851 3381 3886 κ.
3419 3851 3467 3886 τ.
3505 3833 3555 3888 λ.
3603 3836 3677 3890 ita

2101 3921 2401 3974 reddantur
2450 3931 2856 3991 oportetmtque
2871 3922 3139 3987 Ecclesiis,
3187 3938 3305 3991 quae
3334 3924 3439 3992 ipsi
3467 3941 3561 3992 per
3587 3942 3673 3979 re»

2100 4022 2266 4066 ctores
2314 4012 2698 4085 (ἡγουμένων)
2758 4030 2880 4068 suos
2939 4026 3316 4078 occurrerant,
3388 4018 3676 4071 mercedem

2101 4105 2355 4169 redderet,
2403 4107 2608 4175 gratias
2653 4123 2813 4176 agens
2850 4107 3043 4159 litteris
3073 4106 3456 4179 (γραμμάτων)
3493 4109 3562 4162 ad
3587 4126 3675 4162 eas

2100 4194 2277 4248 missis
2306 4194 2458 4265 (Cod.
2485 4194 2734 4251 Caiensis
2758 4198 2899 4250 male
2929 4212 2941 4248 :
2972 4198 3244 4266 appositas
3271 4198 3340 4249 ad
3377 4198 3567 4268 ipsas).

2168 4285 2304 4340 Cum
2334 4302 2419 4342 res
2450 4288 2521 4341 ita
2550 4303 2608 4341 se
2638 4287 2854 4348 habeat,
2882 4288 3198 4356 objectioni,
3228 4286 3435 4343 Usserii
3466 4291 3672 4345 nullam

2098 4377 2208 4431 vim
2250 4377 2430 4433 inesse
2477 4379 2635 4435 facile
2682 4379 3008 4448 perspicies,
3054 4395 3229 4450 neque
3265 4383 3331 4434 de
3369 4381 3678 4453 integritate

2096 4472 2355 4527 Actorum
2389 4473 2685 4538 dubitabis,
2723 4474 2850 4529 licet
2893 4472 3124 4529 fortasse
3162 4474 3494 4543 paucissima
3527 4492 3678 4545 qua:-

492 4566 547 4637 a)
586 4565 927 4622 Postremam
958 4562 1221 4617 Actorum
1254 4572 1464 4633 partem
1512 4562 1565 4615 in
1603 4564 1771 4617 altera
1802 4562 1994 4618 Latina
2028 4562 2071 4616 D
2099 4563 2247 4629 dam,
2286 4574 2377 4618 aut
2410 4565 2542 4619 vitio
2579 4566 2927 4619 librariorum
2970 4574 3223 4634 corrupta
3246 4607 3261 4632 ,
3298 4574 3390 4621 aut
3421 4567 3676 4624 manibus

421 4657 675 4713 versione
708 4655 916 4712 codicis
948 4654 1257 4710 Cottoniani
1305 4657 1527 4719 deesse,
1561 4656 1786 4710 minime
1825 4670 1991 4726 nega-

421 4766 567 4816 mus,
594 4750 695 4805 sed
734 4751 883 4805 hunc
918 4750 1162 4805 codicem
1213 4748 1419 4804 nullius
1464 4748 1805 4803 auctoritatis
1847 4763 1992 4813 esse,

408 4861 487 4899 rex
517 4846 606 4911 iis,
638 4859 760 4914 quae
795 4859 959 4914 supra
1004 4843 1033 4915 ᾗ
1084 4842 1103 4895 1
1148 4843 1410 4909 diximus,
1444 4842 1579 4897 satis
1609 4850 1863 4911 apparet;
1908 4842 1993 4896 lu-

421 4954 593 5009 ceque
633 4947 717 4993 est
768 4936 976 4991 clarius
1024 4936 1375 5005 interpretem
1422 4934 1611 5000 istum,
1656 4931 1849 5003 Ignatii
1896 4934 1992 4988 ad-

422 5036 585 5081 ventu
629 5027 682 5081 in
706 5024 854 5081 Urbe
892 5035 1135 5091 narrato,
1181 5043 1211 5081 a
1241 5026 1479 5097 genuino
1502 5025 1763 5079 Actorum
1803 5038 1991 5079 exem-

420 5118 557 5188 plari
603 5120 671 5175 ad
710 5118 926 5175 fabulas
982 5118 1389 5189 interpolatoris
1444 5132 1566 5173 sese
1623 5118 1982 5173 convertisse.

489 5298 601 5371 (9!)
643 5297 786 5371 dee
808 5297 967 5371 infra_
979 5306 1097 5353 not.
1122 5296 1156 5351 4
1177 5297 1245 5352 ad
1271 5310 1321 5351 c.
1350 5294 1383 5350 5
1405 5293 1646 5371 Martyrii
1685 5293 1744 5350 S.
1769 5293 1881 5366 lgn.

487 5365 600 5439 (92)
652 5368 907 5424 Vindicio:
936 5367 1081 5439 Ign.,
1106 5377 1265 5440 parte
1285 5365 1527 5436 n,c..i2,
1546 5365 1731 5437 Supra.

490 5440 601 5512 (95)
640 5448 922 5509 Bearsonq
952 5440 991 5494 Ι.
1021 5453 1073 5493 c.

2097 4654 2465 4724 posteriorum
2491 4656 2673 4710 addita
2700 4658 2829 4710 sint.

2171 4747 2237 4803 ν.
2276 4749 2411 4804 Acta
2448 4748 2691 4819 Martyrii
2726 4747 2995 4818 S.lgnatii
3036 4748 3359 4818 interpolata
3402 4764 3432 4803 e
3470 4750 3673 4805 smculo

2098 4842 2319 4898 circiter
2365 4852 2544 4907 sexto,
2590 4840 2777 4896 Graec
2828 4841 2993 4894 habet
3046 4838 3439 4910 Metaphrastes
3488 4842 3555 4897 ad
3600 4843 3673 4898 20

2098 4932 2252 5000 Dec.,
2286 4941 2340 4987 et
2374 4933 2570 4987 exinde
2601 4931 2795 4986 Latine
2826 4931 3026 4986 Surius
3065 4941 3120 4986 et
3148 4932 3462 4998 Bollandus,
3486 4934 3672 4988 calen-

2095 5024 2181 5080 dis
2232 5024 2430 5090 Febr.;
2489 5026 2675 5080 Graece
2733 5022 3006 5079 etLatiue
3052 5023 3108 5078 in
3160 5023 3396 5079 editione
3440 5022 3669 5078 Patrum

2095 5117 2506 5190 npostolicorum
2530 5116 2859 5172 Cotelerius.

2158 5292 2272 5363 (94)
2312 5291 2591 5363 Lumper.,
2634 5291 3128 5359 Hist.tlteol.crit.,
3160 5302 3200 5348 t.
3227 5292 3268 5359 l,
3306 5308 3360 5363 p.
3393 5294 3519 5350 455.

2160 5361 2275 5434 (95)
2314 5361 2596 5434 [iamperq
2623 5363 2661 5417 l.
2687 5378 2737 5417 c.

2159 5431 2273 5505 (96)
2316 5431 2605 5490 Vide'not.
2634 5434 2703 5490 ad
2732 5448 2781 5489 c.
2810 5433 2840 5486 7
2873 5432 3097 5505 Martyr.
3132 5431 3311 5504 lgnat.
