4134 6448
446 429 554 485 645

1640 423 1975 479 EPISTULA
2013 424 2101 476 Al)
2145 422 2498 478 EPIIESIOS.

3592 425 3695 479 616

447 556 578 625 ευχῇ
619 553 770 624 ὑμῶν
804 554 1077 623 ἐπιτυχεῖν
1122 555 1177 605 ἐν
1230 552 1411 622 Ῥώμῃ
1445 549 1843 621 θηριομαχῆσαι
1868 589 1880 609 ,
1935 547 2003 598 ἵνα

2122 543 2243 616 stis]
2292 561 2376 599 me
2424 552 2771 613 sperantem,
2805 543 2948 613 quod
2982 543 3176 598 vestris
3218 542 3472 612 precibus
3502 559 3697 599 conse—

444 645 530 698 διὰ
562 644 654 698 τοῦ
699 646 995 716 μαρτυρίου
1033 645 1306 713 ἐπιτυχεῖν
1359 642 1568 712 δυνηοιῦ
1604 640 1844 710 μαθητὴς
1880 634 2016 691 εἶναι

444 737 537 790 τοῦ
569 737 680 807 (15)
716 739 854 809 ὑπὲρ
887 737 1042 807 ἡμῶν
1077 737 1268 789 ἑαυτὸν
1305 734 1686 802 ἀνενεγκόντος
1713 731 1830 801 Θεῷ
1853 748 2020 802 προσ-

445 831 616 902 φορὰν
659 832 753 883 καὶ
786 830 992 884 θυσίαν.
1036 829 1147 898 (ll)
1191 829 1342 882 Ἐπεὶ
1377 824 1468 880 οὖν
1505 825 1602 897 τὴν
1649 823 2019 894 πολυπληθίαν

444 922 598 992 ὑμῶν
649 925 707 976 ὲν
758 923 982 993 ὀνόματι
1030 921 1164 974 Θεοῦ
1198 920 1476 988 ἀπείληφα
1516 919 1575 971 ὲν
1618 916 1910 988 Ὀνησίμῳ,
1941 913 2018 985 τῷ

445 1015 504 1065 ὲν
524 1013 714 1086 ἀγάπῃ
745 1013 1040 1084 ἀδιηγήτῳ,
1077 1010 1230 1082 ὑμῶν
1270 1010 1327 1062 δὲ
1361 1013 1418 1062 ὲν
1453 1007 1564 1080 (15)
1601 1007 1764 1079 σαρκὶ
1793 1003 2014 1058 ἐπισκό-

446 1121 551 1174 πῳ’
584 1105 643 1158 ὃν
674 1103 900 1175 εὔχομαι
931 1105 1070 1158 κατά
1104 1103 1309 1176 Ἰησοῦν
1337 1102 1571 1172 Χριστὸν
1601 1099 1743 1170 ὑμᾶς
1771 1096 2013 1166 ἀγαπᾷν,

446 1195 538 1248 καὶ
559 1196 764 1258 πάντας
789 1196 932 1266 ὑμᾶς
955 1194 1102 1266 αὐτῷ
1134 1196 1191 1247 ἐν
1221 1193 1494 1264 ὁμοιότητι
1527 1185 1685 1243 εἶναι.
1712 1187 2014 1258 Εὐλογητὸς

444 1285 548 1354 γὰρ
584 1287 613 1337 6
645 1287 1005 1358 χαρισάμενος
1030 1286 1158 1355 ὑμῖν
1189 1283 1360 1350 ἀξίοις
1387 1277 1506 1335 οῦσι
1535 1279 1772 1334 τοιοῦτον
1801 1278 2016 1332 ἐπίσκο-

443 1393 542 1428 πον
571 1377 886 1446 κεκτῆσθαι.

2119 653 2280 704 quar,
2318 647 2373 689 ut
2419 636 2602 691 Romae
2653 638 2916 692 adversus
2967 637 3168 691 bestias
3213 652 3473 706 pugnem,
3513 647 3568 690 ιιι
3601 653 3696 706 per

2122 728 2442 798 martyrium
2492 729 2717 798 adipisci
2767 730 2970 798 possim
3015 728 3316 797 discipulus
3385 745 3507 784 esse
3550 730 3696 785 illius

2123 820 2214 888 qui
2257 835 2316 874 se
2366 820 2540 888 ipsum
2574 836 2673 890 pro
2705 821 2862 876 nobis
2891 822 3088 876 obtulit
3129 821 3238 877 Deo
3279 822 3610 876 oblationem
3641 831 3698 875 et

2124 911 2378 966 hostiam.
2415 911 2642 982 Suscepi
2672 929 2803 985 ergo
2825 915 2880 968 in
2915 915 3136 968 nomine
3168 915 3262 968 Dei
3290 916 3693 969 multitudinem

2120 1012 2354 1056 vestram
2398 1003 2450 1057 in
2481 1003 2760 1071 Onesimo,
2796 1005 3183 1061 inenarrabilis
3229 1005 3516 1061 charitatis
3549 1007 3692 1072 viro,

2119 1104 2302 1149 vestro
2333 1104 2512 1149 autem
2540 1097 2592 1150 in
2620 1112 2786 1151 carne
2815 1099 3107 1168 episcopo;
3135 1113 3296 1168 quem
3325 1099 3478 1169 juxta
3504 1099 3690 1155 Jesum

2118 1186 2397 1242 Christum
2429 1203 2459 1242 a
2493 1188 2648 1242 vobis
2674 1189 2868 1256 amari,
2901 1190 3100 1261 cuique
3125 1191 3332 1246 similes
3370 1207 3466 1246 vos
3498 1207 3692 1247 omnes

2119 1275 2235 1330 fieri
2267 1285 2417 1347 opto.
2450 1276 2775 1333 Benedictus
2808 1281 2976 1345 enim,
3011 1283 3104 1351 qui
3132 1283 3307 1350 gratia
3349 1299 3448 1339 sua
3487 1299 3584 1340 vos
3612 1294 3694 1340 ta-

2118 1367 2222 1422 lem
2251 1367 2566 1438 episcOpum
2596 1369 2877 1439 possidere
2913 1371 3166 1441 dignatus
3200 1382 3304 1428 est.

665 1492 729 1548 ll.
765 1493 906 1549 Laus
937 1495 1256 1566 reliquorum
1285 1493 1600 1565 legatorum.
1633 1489 1958 1544 Exhortatio
1993 1487 2063 1542 ad
2096 1487 2447 1542 obedientiam
2477 1504 2601 1559 erga
2628 1489 2927 1559 episcopum
2967 1501 3014 1544 et
3049 1493 3455 1562 presbyterium.

511 1613 621 1683 (16)
652 1615 786 1686 Περὶ
812 1615 867 1667 δὲ
897 1613 990 1668 τοῦ
1027 1615 1308 1668 συνδούλου
1352 1631 1450 1685 μου
1485 1612 1747 1685 Βούρῤου,
1779 1610 1872 1664 τοῦ
1911 1627 2012 1663 κα-

437 1705 504 1758 τά
535 1705 668 1759 Θεὸν
711 1707 956 1759 διακόνου
989 1706 1142 1777 ὑμῶν
1188 1708 1246 1759 ὲν
1294 1708 1461 1759 πᾶσιν
1507 1705 1889 1774 εὐλογημένου,
1923 1701 2011 1755 εὕ-

2191 1607 2265 1662 De
2292 1623 2558 1663 conservo
2583 1618 2760 1664 autem
2793 1624 2916 1664 meo
2942 1609 3176 1675 Burrho,
3197 1613 3497 1668 secundum
3523 1613 3691 1669 Deum

2117 1700 2348 1755 diacono
2373 1709 2577 1765 vestro,
2609 1701 2660 1754 in
2684 1702 2942 1757 omnibus
2984 1703 3291 1769 benedicto,
3324 1721 3446 1774 oro,
3473 1713 3532 1760 ut
3547 1720 3691 1761 sem-

437 1814 601 1866 χομαι
655 1799 988 1868 παραμεῖναι
1029 1798 1190 1850 αὑτὸν
1237 1798 1318 1860 εἰς
1372 1795 1537 1866 τιμὴν
1588 1795 1740 1865 ὑμῶν
1787 1795 1880 1847 καὶ
1917 1793 2003 1848 τοῦ

2115 1806 2213 1860 per
2235 1790 2390 1846 vobis
2415 1800 2469 1846 et
2502 1793 2759 1862 episcopo
2794 1792 2866 1847 sit
2910 1793 3128 1847 honori.
3173 1793 3278 1849 Sed
3303 1805 3356 1849 et
3380 1795 3610 1862 Crocus,
3637 1804 3692 1849 et

437 1887 756 1940 ἐπισκόπου.
796 1888 905 1940 Καὶ
938 1888 1148 1959 Κρόκος
1183 1887 1260 1948 δὲ,
1295 1888 1323 1938 6
1355 1885 1492 1938 Θεοῦ
1525 1884 1674 1948 ἄξιος
1705 1885 1798 1938 καὶ
1832 1883 2008 1954 ὑμῶν,

433 1978 494 2032 ὃν
524 1979 882 2051 ὲξεμπλάριον
915 1980 1014 2049 τῆς
1033 1979 1125 2047 ἀφ’
1159 1977 1312 2049 ὑμῶν
1345 1977 1562 2048 ἀγάπης,
1589 1977 1879 2040 ἀπέλαϐον,
1913 1994 2010 2029 κα-

432 2068 504 2121 τὰ
537 2069 712 2122 πάντα
754 2086 820 2140 με
856 2068 967 2138 (17)
1001 2068 1323 2132 ἀνέπαυσεν,
1341 2068 1417 2131 ὡς
1450 2067 1544 2121 καὶ
1574 2067 1736 2121 αὐτὸν
1765 2068 1794 2118 6
1822 2067 2007 2141 Πατὴρ

447 2159 621 2230 Ἰησοῦ
667 2159 903 2233 Χριστοῦ
953 2160 1066 2230 (18)
1111 2159 1403 2230 ἀναψῦξαι,
1452 2160 1568 2231 ἅμα
1609 2159 1881 2230 Ὀνησίμῳ
1915 2159 2009 2212 καὶ

434 2252 657 2324 Βούρρῳ
708 2252 802 2305 atati.
851 2251 1047 2324 Εὕπλῳ
1087 2253 1180 2307 καὶ
1227 2253 1517 2323 Φρόντωνι,
1567 2253 1634 2306 δι’
1672 2249 1748 2306 ὧν
1800 2253 2007 2317 πάντας

432 2346 577 2415 ὑμᾶς
616 2345 756 2398 κατὰ
798 2343 1016 2414 ἀγάπην
1050 2340 1206 2397 εἶδον.
1252 2345 1364 2413 (19)
1419 2344 1678 2414 Ὀναίμην
1727 2344 1883 2414 ὑμῶν
1921 2345 2011 2399 διά

434 2437 655 2499 παντὸς,
681 2436 881 2508 ἐάνπερ
905 2435 1052 2500 άξιος
1084 2430 1149 2489 ὦ.
1179 2435 1392 2506 Πρέπον
1421 2431 1515 2488 οὖν
1543 2437 1680 2499 ἐστι,
1717 2435 1857 2489 κατὰ
1883 2436 2013 2489 πάν-

431 2550 500 2584 τα
530 2533 728 2604 τρόπον
758 2529 1001 2598 δοξάζειν
1053 2529 1258 2601 Ἰησοῦν
1299 2529 1532 2602 Χριστὸν
1578 2529 1670 2582 τὸν
1710 2529 2010 2594 δοξάσαντα

432 2625 595 2694 ὑμᾶς,
625 2625 792 2686 ἵναὲν
817 2624 913 2694 μιᾷ
934 2624 1177 2692 ὑποταγῇ
1202 2617 1299 2692 ἦτε
1324 2621 1743 2694 κατηρτισμένοι
1768 2621 1906 2692 [(ΞΟ)
1931 2621 2008 2693 τῷ

429 2716 582 2785 αὐτῷ
629 2715 709 2768 νοῒ
747 2717 840 2769 καὶ
877 2717 942 2784 τῇ
976 2715 1113 2784 αὐτῇ
1144 2713 1368 2786 γνώμῃ,
1421 2713 1514 2765 καὶ
1560 2713 1619 2766 τὸ
1651 2714 1784 2767 αὐτὸ
1811 2713 2008 2786 λέγητε

429 2808 629 2870 πάντες
671 2806 799 2878 περὶ
835 2804 928 2858 τοῦ
966 2803 1176 2876 αὐτοῦ),
1207 2804 1292 2856 ἵνα
1323 2802 1433 2872 (21)
1476 2804 1904 2873 ὑποτασσόμενοι
1931 2803 2010 2875 τῷ

430 2900 713 2971 ὲπισκόπῳ
741 2899 833 2952 καὶ
854 2897 930 2969 τῷ
951 2897 1328 2970 πρεσϐυτερίῳ
1359 2897 1495 2951 κατά
1519 2897 1696 2950 πάντα
1721 2891 1819 2968 ἦτε
1851 2898 2008 2968 ήγιαυ

430 2990 636 3061 σμένος.

2115 1879 2222 1934 Deo
2255 1891 2308 1936 et
2333 1881 2488 1936 vobis
2518 1881 2741 1951 dignus,
2779 1898 2940 1951 quem
2970 1883 3251 1953 exemplar
3279 1897 3476 1940 vestrae
3506 1886 3692 1940 chari-

2109 1975 2240 2030 tatis
2273 1975 2478 2045 accepi,
2521 1990 2618 2045 per
2655 1976 2836 2030 omnia
2878 1991 2964 2031 me
3008 1977 3298 2045 recreavit,
3327 1979 3605 2048 quomodo
3634 1988 3690 2034 et

2110 2066 2288 2137 ipsum
2315 2065 2598 2137 refrigeret
2618 2066 2779 2122 Pater
2802 2066 2928 2122 Jesn
2971 2067 3199 2136 Christi,
3243 2086 3350 2124 una
3390 2086 3514 2125 cum
3547 2070 3691 2126 One-

2111 2159 2252 2213 simo
2275 2168 2328 2213 et
2351 2157 2564 2213 Burrho
2597 2170 2650 2214 et
2681 2158 2856 2229 Euplo
2880 2168 2934 2215 et
2955 2160 3232 2216 Frontone
3252 2201 3268 2227 ,
3301 2177 3397 2232 per
3421 2179 3559 2232 quos
3587 2179 3686 2219 vos

2109 2256 2303 2302 Omnes
2331 2249 2511 2317 quoad
2537 2249 2861 2304 charitatem
2893 2250 3024 2305 vidi.
3055 2239 3225 2307 Fruar
3239 2252 3390 2308 vobsi
3409 2263 3683 2323 perpetuo,

2107 2339 2152 2393 si
2184 2337 2384 2408 dignus
2435 2340 2611 2393 fuero.
2667 2338 2831 2394 Decet
2860 2340 3046 2411 itaque
3078 2357 3176 2396 vos
3203 2343 3461 2397 omnibus
3509 2344 3684 2398 modis

2105 2431 2410 2502 gloriﬁcare
2437 2431 2625 2487 Jesum
2673 2432 2974 2500 Christum,
3005 2434 3099 2503 qui
3132 2435 3454 2505 glorificavit
3483 2450 3602 2499 vos,
3627 2445 3687 2490 ut

2104 2523 2160 2578 in
2194 2524 2504 2579 obedientia
2537 2541 2644 2579 una
2679 2526 2802 2581 sitis
2847 2525 3074 2595 perfecti
3123 2525 3337 2597 [eadem
3379 2537 3560 2582 mente
3585 2544 3681 2582 ea-

2104 2613 2338 2684 demque
2391 2615 2686 2681 sententia,
2727 2617 2980 2685 idemque
3015 2616 3212 2670 dicatis
3245 2617 3312 2670 de
3337 2618 3528 2671 eodem
3558 2632 3681 2672 om-

2103 2703 2252 2776 nes],
2291 2714 2352 2760 ut
2398 2705 2630 2775 subjecti
2667 2707 2924 2777 episcopo
2966 2715 3020 2762 et
3059 2708 3396 2779 presbyterio
3443 2725 3539 2780 per
3566 2725 3686 2765 om-

2113 2797 2204 2851 nia
2228 2796 2553 2853 sanetificati
2577 2796 2721 2853 sitis.

978 3082 1066 3139 lll.
1109 3083 1232 3138 Sine
1263 3085 1405 3137 omni
1431 3083 1676 3153 superbia
1704 3113 1775 3122 -—
1810 3100 1987 3140 amore
2021 3085 2214 3141 ductus
2236 3118 2306 3128 —
2332 3103 2420 3142 vos
2450 3088 2706 3143 adhortor
2735 3089 2806 3143 ad
2834 3089 3112 3144 unitatem.

502 3201 614 3272 (29.)
639 3202 714 3256 Οὐ
742 3201 1102 3275 διατάσσομαι
1136 3205 1286 3276 ὑμῖν,
1321 3205 1397 3268 ὡς
1426 3203 1500 3258 ὣν
1537 3205 1637 3270 τίς.
1680 3205 1743 3258 Ei
1771 3205 1879 3278 γάρ
1908 3207 2003 3260 καὶ

2174 3208 2292 3264 Non
2319 3209 2578 3281 praecipio
2606 3209 2781 3278 vobis,
2810 3212 2970 3280 quasi
3016 3212 3121 3267 sim
3156 3212 3378 3282 aliquis.
3419 3211 3683 3280 Quamvis

1772 3325 1956 3385 Vetus
1983 3325 2324 3403 interpres.

427 3445 648 3517 ligatum
678 3465 707 3504 a
739 3447 903 3524 Syria
924 3465 1023 3520 pro
1061 3452 1336 3524 communi
1372 3452 1590 3508 nomine
1614 3461 1670 3507 et
1695 3468 1812 3523 spe,
1849 3463 2160 3524 sperantem
2201 3453 2448 3524 oratione
2474 3461 2652 3508 vestra
2682 3454 2866 3521 potiri,
2893 3453 2945 3506 in
2987 3451 3161 3524 Roma
3198 3467 3322 3506 cum
3360 3451 3551 3506 bestiis
3578 3468 3669 3524 pn-

427 3533 613 3592 gnare,
647 3529 714 3592 ut
742 3521 907 3589 potiri
948 3521 1152 3592 possim
1190 3522 1494 3592 discipulus
1529 3539 1672 3587 esse,
1726 3521 1908 3578 videre
1947 3522 2263 3579 festinastis.
2311 3523 2610 3577 Plurimam
2674 3525 2820 3577 enim
2873 3522 3280 3576 multitudinem
3331 3531 3568 3576 vestram
3623 3523 3676 3574 in

427 3589 646 3642 nomine
687 3589 780 3644 Dei
823 3589 1035 3660 suscepi
1077 3593 1138 3662 in
1195 3589 1474 3654 Onesimo,
1519 3593 1611 3662 qui
1647 3594 1698 3646 in
1749 3595 2016 3648 charitate
2044 3595 2425 3648 inenarrabilis
2454 3603 2558 3654 est.
2603 3601 2781 3648 vester
2815 3603 2996 3646 autem
3047 3593 3100 3645 in
3141 3607 3310 3645 carne
3336 3592 3626 3662 episcopus
3665 3611 3678 3645 :

425 3672 584 3733 quem
613 3673 712 3733 oro
739 3660 1253 3733 secundumlesum
1295 3660 1572 3733 Christum
1605 3679 1702 3718 vos
1760 3664 2006 3733 diligere,
2043 3673 2097 3718 et
2126 3679 2318 3719 omnes
2363 3678 2460 3716 vos
2499 3664 2602 3732 ipsi
2642 3664 2698 3717 in
2749 3662 3112 3719 similitudine
3153 3676 3297 3718 esse.

3430 3662 3680 3716 nedictus

423 3729 571 3782 enim
598 3729 690 3798 qui
724 3729 912 3784 tribuit
943 3731 1097 3787 vobis
1135 3732 1314 3803 dignis
1341 3732 1730 3790 exsistentibus
1765 3729 1926 3788 talem
1949 3734 2268 3804 episcopum
2299 3729 2602 3802 possidere.

1889 3851 2117 3908 CAPUT
2157 3852 2222 3906 ll.

495 3940 571 3996 Dc
598 3958 861 3999 conservo
885 3953 1066 4000 autem
1104 3961 1226 4002 meo
1247 3945 1443 4014 Burro,
1487 3946 1789 4016 secundum
1821 3946 1988 4003 Deum
2021 3947 2255 4004 diacono
2287 3957 2474 4002 nostro
2508 3947 2560 4000 in
2587 3947 2844 4002 omnibus
2870 3946 3191 4012 benedicto;
3223 3961 3320 4001 oro
3356 3960 3677 4016 permanere

424 4010 603 4088 ipsum
628 4015 680 4088 i_n
719 4016 979 4088 honorem
1008 4018 1172 4088 vestri
1204 4029 1257 4072 et
1285 4010 1548 4087 epichOpi.
1577 4015 1680 4071 Sed
1712 4027 1766 4072 et
1789 4019 2022 4083 Crocus,
2065 4017 2173 4071 Deo
2200 4019 2396 4088 dignus
2433 4026 2489 4071 et
2524 4018 2696 4080 vobis,
2725 4033 2886 4088 quem
2921 4010 3472 4088 exemplariumejus
3497 4032 3620 4088 quae
3646 4033 3675 4069 a

421 4083 577 4136 vobis
593 4084 890 4158 charitatis
927 4087 1167 4158 suscepi,
1215 4083 1515 4158 secundum
1555 4089 1738 4158 omnia
1776 4104 1864 4142 me
1895 4089 2180 4158 quiescere
2217 4083 2363 4151 fecit,
2407 4097 2466 4142 ut
2493 4095 2546 4142 et
2583 4083 2759 4157 ipsum
2797 4086 2959 4140 Pater
2982 4083 3110 4141 Jesu
3139 4087 3344 4141 Christi
3379 4083 3679 4158 refrigeret,

421 4167 545 4228 cum
584 4151 864 4216 Onesimo,
892 4165 947 4228 et
984 4151 1224 4220 Bur—rho,
1257 4167 1311 4212 et
1343 4157 1538 4227 Euplo,
1575 4166 1629 4213 et
1657 4151 1960 4228 Frontone;
2014 4174 2106 4228 per
2137 4174 2279 4228 quos
2311 4173 2409 4212 vos
2439 4151 2630 4212 omnes
2668 4159 2970 4211 secundum
3001 4159 3318 4211 charitatem
3349 4158 3478 4211 vidi.
3499 4155 3681 4228 Fruar

422 4222 578 4308 iubis
611 4239 862 4306 semper_;
893 4227 939 4308 si
975 4228 1194 4308 quidem
1225 4222 1731 4308 dignius—easistam.
1769 4227 1972 4308 Decens
1997 4222 2169 4298 igitur:
2192 4239 2278 4308 cst
2298 4229 2606 4308 secundum
2639 4243 2855 4308 omnem
2895 4228 3137 4308 modum_
3157 4227 3459 4308 glorificare
3491 4225 3678 4308 Jesum

418 4289 848 4369 Cliristiim,'qui
873 4289 1195 4369 glorilicavit
1221 4289 1318 4354 vos
1354 4317 1368 4352 :
1401 4307 1461 4353 ut
1501 4300 1552 4352 in
1585 4314 1692 4354 una
1722 4289 2060 4369 subjectione
2091 4297 2334 4368 perfecti,
2361 4298 2591 4368 subjecti
2620 4298 2879 4369 episcopo
2913 4307 2967 4352 et
2997 4289 3351 4369 presbS'tcrio,
3379 4296 3678 4353 secundum

1869 4437 2098 4493 CAPUT
2137 4437 2224 4492 Ill.

489 4521 606 4579 Non
635 4526 867 4597 dispono
889 4529 1064 4594 vobis,
1101 4539 1159 4585 ut
1188 4531 1456 4588 exsistens
1485 4532 1704 4603 aliquis.
1741 4532 1797 4588 Si
1831 4516 2059 4590 enimet
2089 4535 2229 4606 ligor
2259 4535 2313 4589 in
2352 4534 2576 4589 nomine
2603 4532 2828 4601 Christi,
2860 4548 3208 4604 nequaquam
3252 4532 3525 4602 perfectus
3555 4547 3678 4587 sum

420 4364 604 4417 omnia
629 4365 750 4419 sitis
777 4364 1128 4421 sanctificati.

624 4677 964 4768 'Syrus'legi‘t
989 4683 1084 4768 τοῦ
1118 4684 1277 4768 Θεοῦε
1311 4687 1655 4768 omniaquae
1685 4698 1991 4768 sequuntur
2026 4693 2068 4746 D
2124 4759 2134 4768 _
2169 4689 2282 4759 (18)
2303 4685 2393 4768 Alta
2425 4705 2552 4750 ms.,
2576 4704 2760 4768 neque
2783 4688 2940 4768 aliter
2954 4687 3094 4768 _l_egit
3119 4698 3222 4768 vet.
3255 4688 3380 4749 int.,
3397 4687 3536 4768 'dum
3560 4703 3680 4768 ver-

419 4748 584 4870 ginép
614 4748 772 4832 ἡμῶν
803 4748 992 4807 ἑαυτὸν
1023 4748 1402 4823 ἀνενεγκόντος
1424 4748 1879 4832 Θεῷ’προσφόράν
1895 4760 1990 4813 καὶ

454 4819 633 4870 υσίαν)
666 4832 946 4870 amittens-

454 4819 643 4889 υσίαν)
659 4819 946 4877 ornittens.

459 4887 795 5007 [Sirena
828 4889 920 4946 οὖν
969 4902 1053 4948 est
1096 4897 1215 4949 sine
1260 4895 1504 4964 apodosi.
1558 4895 1658 4952 Ms.
1711 4887 1990 4970 πολυπλη-

419 4975 560 5025 ριαν.

462 5029 533 5106 ,(1
546 5028 608 5106 5)-
628 5029 678 5106 ἰ..Δ
701 5046 755 5106 _e_._
781 5032 1052 5106 episcopus
1079 5033 1326 5106 visibilis,
1355 5036 1528 5106 vicem
1560 5051 1755 5106 gerens
1784 5038 1987 5106 episco—

419 5098 487 5177 pa;
495 5098 816 5177 inuisibilia,
837 5098 1055 5177 Christi.
1093 5102 1208 5156 Cfr.
1250 5098 1445 5177 Bothe
1469 5098 1730 5177 Anfc’inge,
1765 5098 1897 5173 etc.,
1931 5123 1984 5176 p.

418 5164 744 5245 4762831115
764 5172 925 5226 verba
958 5175 1016 5225 ὲν
1049 5180 1212 5244 σαρκί
1242 5175 1494 5245 neglexit.

490 5238 835 5311 (l6j'Totum
875 5255 1038 5311 caput
1078 5238 1380 5300 secundum
1433 5247 1586 5300 deest
1635 5245 1690 5299 in
1737 5246 1988 5301 versione

420 5303 675 5384 Syriaca;
713 5310 835 5384 pius
863 5303 1008 5384 enim
1057 5313 1146 5367 ille
1174 5317 1505 5376 monachus,
1539 5315 1633 5384 qui
1679 5316 1985 5370 versionem

418 5375 699 5462 Syriacam
713 5375 1049 5462 elaboravit,
1076 5384 1259 5462 omnia
1282 5375 1571 5462 emisisse
1591 5385 1834 5462 videtur,
1863 5401 1988 5456 quae

417 5454 520 5516 ipsi
560 5459 614 5502 et
646 5454 769 5525 usui
812 5465 914 5525 suo
956 5454 1182 5525 ascetico
1223 5455 1403 5510 minus
1449 5470 1688 5525 congrua
1737 5454 1988 5512 minusve

416 5521 726 5594 necessaria
759 5523 1002 5590 putabat.
1047 5522 1407 5580 Paraeneticos
1450 5521 1582 5580 vero
1628 5526 1984 5594 epistolarum

416 5582 824 5663 lgnatiananim
849 5593 1003 5647 locos
1032 5609 1331 5663 omnesque
1358 5595 1423 5649 ad
1453 5595 1616 5648 vitam
1655 5582 1791 5649 bene
1827 5597 1979 5649 insti-

415 5660 670 5730 fnendam
699 5664 1108 5719 exhortationes
1131 5660 1322 5719 sedulo
1355 5665 1589 5730 collegit.
1618 5663 1886 5720 Prazterea
1915 5666 1983 5720 ad

420 5721 973 5856 gzzponferas
999 5733 1199 5802 Rothe,
1231 5735 1472 5806 Anﬂinge
1495 5721 1594 5789 der
1619 5734 1828 5790 ehristl.
1862 5733 1986 5790 Kir-

419 5807 533 5854 ene,
571 5809 622 5862 p.
652 5807 771 5857 sui,

490 5864 602 5934 (17)
635 5862 746 5918 \"ox
768 5873 1024 5940 Paulina;
1059 5875 1230 5931 lCor.
1260 5891 1371 5943 xrt,
1404 5877 1488 5943 18,
1513 5887 1616 5932 etc.
1652 5874 1768 5932 Jac.

2101 4755 2186 4828 tit,
2232 4755 2521 4828 refrigeret.
2574 4755 3074 4828 Ει11ἰἰ;ἀναψύξέι.
3135 4757 3340 4828 Ρεειιιε.
3388 4755 3505 4810 Jac.
3556 4756 3676 4812 Cfr.

2095 4827 2139 4950 5|
2176 4826 2318 4884 Tini.
2355 4826 2390 4892 ί,
2420 4829 2484 4883 16
2513 4847 2526 4883 :
2556 4828 2817 4892 πολλάκις
2952 4826 3205 4896 ἀνέψυξε,
3239 4837 3293 4881 et
3318 4827 3440 4880 Act.
3478 4841 3559 4892 ιιι,
3589 4827 3674 4881 19.

2129 4913 2215 4950 Λα.

2129 4913 2215 4952 AC.

2171 4968 2284 5036 (19)
2320 4967 2550 5023 Phrasin
2579 4968 2720 5023 hanc
2745 4967 3127 5036 apostolicam,
3158 4981 3188 5020 e
3221 4964 3280 5020 S.
3303 4963 3456 5018 Pauli
3485 4963 3582 5033 Ep.
3609 4965 3674 5018 ad

2097 5037 2328 5093 Philem.
2354 5079 2368 5103 ,
2403 5047 2463 5092 ut
2497 5039 2742 5103 videtur,
2790 5039 3166 5106 desumptam,
3210 5036 3410 5105 sa'pius
3447 5046 3678 5104 usurpat.

2095 5107 2506 5184 lgnatiusJAc.
2553 5177 2566 5184 _
2859 5183 2862 5184 ν
2923 5174 2936 5184 _
3304 5174 3335 5184 ,ν
3522 5173 3535 5184 ‘
3595 5173 3607 5184 .

2168 5177 2282 5244 (‘20)
2311 5177 2436 5233 Haac
2461 5177 2693 5239 inclusa,
2720 5191 2751 5231 a
2783 5183 2889 5229 vet.
2923 5174 3022 5228 int.
3051 5190 3160 5228 non
3195 5174 3398 5243 agnita,
3429 5173 3570 5227 male
3595 5173 3678 5227 in-

2085 5257 2231 5304 serta
2261 5257 2475 5303 suntex
2509 5247 2674 5301 lCor.
2704 5263 2742 5311 ι,
2780 5246 2865 5300 10.
2893 5244 3090 5300 ΡΕΑιιε.
3113 5245 3282 5298 GALL.

2159 5318 2272 5387 (21)
2301 5317 2378 5372 Ita
2413 5317 2580 5380 Gall.,
2618 5316 2794 5387 Bothe
2825 5324 2877 5370 et
2915 5316 3030 5387 alii.
3067 5315 3167 5369 Ms.
3199 5312 3643 5387 ὲπιτασσόμενοι.

2155 5385 2268 5458 (22)
2298 5387 2338 5440 Ε
2363 5389 2538 5457 capite
2564 5389 2725 5441 tertio
2757 5385 2930 5458 Syrus
2958 5385 3034 5458 nil
3066 5387 3170 5458 nisi
3206 5385 3425 5438 unicam
3462 5391 3675 5458 semen:-

2085 5453 2588 5528 ιίθίιι,⁷’ᾼλλ”επεὶ
2629 5459 2663 5528 ἡ
2717 5453 2906 5528 ἀγάπη
2948 5457 3047 5508 οὐκ
3079 5457 3260 5528 ὲᾷ-με
3305 5453 3677 5528 σιωπᾷνμπερὶ

2085 5526 2380 5599 ὑμῶννδιά
2411 5527 2571 5580 τοῦτο
2604 5523 2914 5599 προέλαϐοῇ
2938 5523 3278 5599 παρακαλεῖν
3319 5523 3499 5593 ὑμᾶς,
3525 5523 3677 5584 ὅπως

2090 5595 2418 5668 συντρέχητε
2468 5600 2535 5668 τῇ
2588 5595 2781 5669 γνώμῃ
2821 5595 2915 5648 τοῦ
2950 5595 3086 5673 θεοῦ
3135 5597 3189 5673 in
3218 5609 3365 5673 _nsus_
3382 5608 3513 5647 suos
3539 5608 3675 5673 con-

2090 5664 2266 5742 verti},
2287 5664 2534 5742 eamque
2557 5664 2681 5721 cum
2708 5664 2819 5720 'tiiie
2843 5666 3039 5742 capitis
3072 5665 3232 5734 primi
3260 5664 3402 5742 male
3436 5664 3672 5742 conjun-

2089 5739 2186 5792 xit.
2219 5737 2386 5792 Multo
2409 5735 2589 5808 aptius
2619 5746 2732 5792 haec
2757 5737 3024 5791 sententia
3055 5751 3180 5790 cum
3207 5735 3390 5808 verbis
3423 5735 3676 5808 prosime

2087 5822 2208 5862 eam
2240 5802 2687 5865 antecedentibus
2734 5808 2843 5877 (vos
2883 5816 3226 5877 prwccptores
3272 5804 3371 5860 mei
3401 5802 3551 5873 estis)
3583 5816 3672 5857 co-

2090 5879 2277 5934 haeret.
