4134 6434
444 430 551 483 647

1439 418 1684 474 SANCTI
1715 415 1975 473 ICNATII
2003 410 2360 468 EPISTOLE
2405 405 2757 465 GENUleE.

3580 401 3686 456 618

443 548 589 600 enim
623 547 835 600 vinctus
867 559 985 598 sum
1011 552 1233 614 propter
1261 557 1460 596 nomen
1488 542 1715 606 Christi,
1766 539 2006 594 nondum

2120 535 2324 602 ιΞέδεμαι
2355 531 2468 600 (‘25)
2500 533 2556 582 ὲν
2575 529 2651 598 τῷ
2676 527 2920 596 ὀνόματι,
2950 523 3102 577 οὔπω
3127 522 3469 594 ἀπήρτισμαι
3500 521 3559 573 ὲν
3587 519 3691 589 ἰη-

446 652 626 695 tamen
662 637 938 708 perfectus
971 653 1092 691 sum
1135 637 1189 690 in
1218 634 1346 689 Jesu
1388 634 1627 689 Christo.
1661 632 1819 687 Nune
1865 632 2010 686 enim

446 731 648 800 incipio
685 729 990 797 discipulus
1025 743 1169 793 esse,
1215 735 1269 780 et
1309 727 1560 796 alloquor
1589 740 1686 779 vos
1713 734 1772 778 ut
1807 724 2012 778 condo-

445 832 622 876 ctores
653 837 822 875 meos.
848 818 982 872 Nam
1007 817 1294 887 oportebat
1328 831 1415 870 me
1444 830 1475 869 a
1519 815 1672 868 vobis
1699 813 2013 868 conﬁrmari

445 915 570 979 ﬁde,
597 913 989 976 admonitione,
1007 910 1288 979 patientia,
1314 907 1741 978 aequanimitate.
1787 905 1856 959 At
1887 920 2011 960 cum

445 1009 685 1062 charitas
717 1021 827 1060 non
875 1006 1020 1060 sinat
1067 1018 1154 1056 me
1197 1011 1378 1056 tacere
1411 1000 1477 1054 de
1519 998 1696 1064 vobis,
1727 1005 2014 1067 propterea

445 1100 709 1156 anteverti
763 1113 862 1153 vos
897 1097 1210 1160 admonere,
1245 1103 1304 1147 ut
1341 1091 1610 1146 uniamini
1657 1091 1712 1144 in
1745 1090 2014 1145 sententia

449 1193 561 1247 Dei.
603 1193 821 1247 Etenim
864 1189 1026 1244 Jesus
1074 1186 1349 1248 Christus,
1397 1183 1780 1252 inseparabilis
1828 1197 2015 1238 nostra

445 1288 576 1352 vita,
605 1284 871 1340 sententia
895 1281 1076 1336 Patris
1107 1288 1209 1344 est,
1236 1286 1294 1332 ut
1321 1285 1374 1331 et
1399 1276 1663 1346 episcopi,
1694 1292 1786 1344 per
1810 1285 2016 1332 tractus

447 1388 607 1432 terra:
639 1375 946 1439 constituti,
973 1373 1027 1426 in
1052 1369 1316 1427 sententia
1341 1367 1468 1422 Jesu
1497 1367 1701 1422 Christi
1727 1377 1872 1423 sunt.

2112 625 2206 678 σοῦ
2241 622 2476 698 Χριστῷ.
2502 621 2616 675 Νῦν
2655 620 2762 689 γὰρ
2796 617 2969 690 ἀρχὴν
2999 616 3108 686 ἔχω
3136 614 3228 668 τοῦ
3267 610 3690 684 μαθητεύεσθαι,

2117 716 2209 767 καὶ
2243 713 2529 785 προσλαλῶ
2581 713 2707 781 ὑμῖν
2757 710 2832 772 ὡς
2870 709 2982 777 (‘24)
3025 704 3524 766 συνδιδασκαλίταις
3568 717 3692 773 μου.

2129 803 2259 874 Ἐμὲ
2299 803 2405 876 γὰρ
2449 802 2556 854 ἔδει
2589 801 2680 869 ὑφ’
2717 799 2871 870 ὑμῶν
2904 797 3018 866 (‘25)
3049 794 3445 864 ὑπαλειφθῆναι
3488 794 3691 857 πίστει,

2117 892 2389 963 νουθεσίᾳ,
2422 891 2688 960 ὑπομονῇ,
2714 887 3082 960 μακροθυμίᾳ.
3128 885 3264 938 Ἀλλ’
3288 884 3410 938 ἐπεὶ
3442 886 3475 956 ἡ
3507 883 3694 954 ἀγάπη

2119 983 2220 1036 οὐκ
2247 984 2310 1053 ἐᾷ
2335 999 2400 1052 με
2424 982 2632 1051 σιωπᾷν
2655 980 2783 1050 περὶ
2810 977 2984 1049 ὑμῶν,
3017 976 3127 1048 (26)
3157 976 3246 1030 διὰ
3276 975 3434 1029 τοῦτο
3460 975 3696 1047 προέλα-

2119 1077 2212 1129 ϐον
2239 1074 2578 1147 παρακαλεῖν
2610 1074 2785 1144 ὑμᾶς,
2830 1073 2980 1135 ὅπως
3031 1071 3356 1143 συντρέχητε
3397 1073 3462 1141 τῇ
3503 1068 3698 1141 γνώμῃ

2119 1167 2212 1221 τοῦ
2243 1166 2398 1220 Θεοῦ.
2450 1165 2561 1219 Καὶ
2604 1165 2712 1236 γὰρ
2753 1163 2958 1235 Ἰησοῦς
2988 1161 3254 1235 Χριστὸς,
3298 1162 3359 1215 τὸ
3391 1161 3505 1232 (27)
3545 1163 3698 1216 ἀδιά-

2121 1278 2304 1333 κριτον
2335 1260 2492 1332 ἡμῶν
2525 1259 2644 1331 ζῇν,
2675 1257 2789 1328 (28)
2821 1258 2914 1312 τοῦ
2946 1257 3157 1331 Πατρὸς
3185 1259 3218 1328 ἡ
3247 1255 3463 1328 γνώμη,
3495 1257 3570 1320 ὡς
3603 1256 3699 1310 καὶ

2119 1352 2169 1403 oi
2225 1351 2537 1415 ἐπίσκοποι,
2573 1351 2624 1404 οἱ
2669 1351 2780 1420 (29)
2829 1349 3086 1434 κατὰοτὰ
3116 1349 3329 1420 πέρατα
3368 1347 3696 1422 ὁρισθέντες,

2125 1442 2238 1513 (’50)
2271 1446 2331 1497 ὲν
2369 1443 2543 1515 Ἰησοῦ
2575 1441 2812 1516 Χριστοῦ
2842 1439 3033 1514 γνώμῃ
3055 1440 3213 1495 εἰσίν.

1315 1550 1405 1605 ιν.
1447 1551 1775 1622 Presbyterii
1812 1556 2071 1610 unitatem
2105 1575 2221 1612 cum
2252 1560 2492 1629 episcopo
2521 1559 2820 1614 imitemini.

519 1674 675 1731 Unde
715 1676 868 1730 decet
894 1690 994 1729 vos
1041 1674 1094 1727 in
1134 1675 1379 1745 episcopi
1425 1675 1748 1730 sententiam
1792 1690 2014 1729 concur-

2197 1676 2308 1746 (51)
2343 1676 2506 1730 Ὅθεν
2531 1675 2733 1748 πρέπει
2765 1675 2893 1746 ὑμῖν
2923 1674 3232 1746 συντρέχειν
3264 1675 3331 1744 τῇ
3365 1672 3458 1726 τοῦ
3477 1673 3701 1726 ἐπισκό-

448 1786 602 1831 rere,
637 1770 782 1839 quod
822 1778 876 1824 et
927 1768 1129 1823 facitis.
1179 1766 1317 1821 Nam
1371 1768 1727 1822 memorabile
1779 1779 2014 1822 vestrum

2124 1785 2226 1820 που
2258 1767 2471 1840 γνώμῃ,
2505 1769 2642 1840 ὅπερ
2675 1767 2769 1821 καὶ
2800 1752 3023 1820 ποιεῖτε.
3055 1767 3128 1819 Τὸ
3165 1766 3272 1835 γὰρ
3314 1764 3698 1836 ἁξιονόμαστον

449 1860 870 1932 presbyterium,
902 1859 1126 1928 dignum
1173 1858 1304 1924 Deo,
1337 1859 1406 1912 ita
1434 1868 1744 1928 coaptatum
1788 1867 1871 1914 est
1897 1859 2014 1928 epi-

2123 1859 2277 1930 ὑμῶν
2327 1859 2738 1932 πρεσϐυτέριον,
2782 1858 2876 1912 τοῦ
2909 1856 3043 1912 Θεοῦ
3087 1856 3256 1922 ἄξιον,
3296 1856 3469 1919 οὕτως
3503 1856 3700 1926 συνήρ-

449 1968 637 2024 scopo,
676 1961 734 2006 ut
755 1951 972 2006 chordae
1000 1950 1243 2003 citharae.
1271 1948 1498 2018 Propter
1527 1950 1626 2002 hoc
1668 1949 1721 2001 in
1746 1963 2014 2004 consensu

2126 1968 2320 2022 μοσται
2369 1950 2447 2022 τῷ
2491 1950 2795 2020 ὲπισκόπῳ,
2828 1949 2941 2018 (³52)
2987 1947 3063 2012 ὡς
3096 1947 3282 2020 χορδαὶ
3330 1947 3550 2019 κιθάρᾳ.
3601 1947 3699 2000 Διὰ

445 2057 632 2101 vestro
669 2053 723 2097 et
745 2041 1000 2096 concordi
1025 2041 1290 2094 charitatc
1313 2038 1473 2094 Jesus
1494 2039 1750 2094 Christus
1783 2041 2014 2094 canitur.

2126 2044 2284 2097 τοῦτο
2318 2046 2375 2097 ὲν
2402 2046 2466 2114 τῇ
2501 2041 2724 2113 ὁμονοίᾳ
2759 2041 2912 2112 ὑμῶν
2942 2040 3037 2094 καὶ
3066 2039 3342 2112 συμφώνῳ
3375 2039 3566 2113 ἀγάπῃ
3601 2039 3701 2110 Ἰη-

449 2138 554 2192 Sed
595 2145 648 2190 et
693 2151 789 2189 vos
832 2133 1028 2204 singuii
1063 2134 1265 2186 chorus
1296 2141 1504 2196 estote,
1551 2140 1613 2186 ut
1659 2131 1885 2186 consoni
1929 2147 2014 2201 per

2130 2135 2254 2198 σοῦς
2300 2134 2532 2208 Χριστὸς
2571 2135 2774 2206 ᾄδεται.
2829 2133 2938 2187 Καὶ
2979 2133 3028 2184 οἱ
3077 2132 3196 2186 κατ’
3229 2132 3398 2206 ἄνδρα
3439 2133 3497 2187 δὲ
3543 2133 3701 2205 χορὸς

447 2229 821 2293 concordiam,
853 2227 1024 2281 melos
1057 2225 1149 2278 Dei
1188 2225 1511 2293 recipientes
1550 2225 1604 2278 in
1631 2224 1861 2288 unitate,
1893 2240 2014 2278 can-

2127 2225 2364 2292 γίνεσθε,
2396 2226 2481 2277 ἵνα
2516 2225 2793 2295 σύμφωνοι
2825 2222 2976 2286 ὅντες
3010 2224 3067 2276 ὲν
3089 2222 3330 2294 ὁμονοίᾳ,
3351 2224 3549 2295 χρῶμα
3567 2223 3700 2277 Θεοῦ

451 2323 577 2378 tetis
606 2337 740 2376 voce
775 2334 882 2373 una
932 2334 1028 2387 per
1075 2315 1260 2371 Iesum
1302 2315 1582 2370 Christum
1614 2315 1798 2381 Patri;
1824 2331 1936 2385 quo
1973 2326 2014 2369 el

2126 2316 2382 2379 λαϐόντες
2420 2317 2478 2369 ὲν
2512 2316 2746 2385 ὲνότητι,
2783 2314 2944 2386 ᾅδητε
2985 2315 3042 2367 ὲν
3073 2317 3222 2384 φωνῇ
3263 2317 3360 2386 μιᾷ
3395 2315 3484 2368 διὰ
3528 2314 3699 2385 Ἰησοῦ

445 2431 546 2468 vos
576 2412 779 2476 audiat,
816 2420 869 2463 et
897 2416 1162 2478 agnoscat
1190 2423 1253 2461 ex
1287 2407 1375 2472 iis,
1399 2422 1521 2474 quae
1542 2407 1676 2462 bene
1699 2406 2014 2476 operamini.

2129 2408 2366 2482 Χριστοῦ
2390 2409 2466 2480 τῷ
2484 2408 2680 2480 Πατρὶ,
2703 2408 2789 2461 ἵνα
2809 2405 2961 2478 ὑμῶν
2983 2406 3076 2460 καὶ
3095 2406 3324 2478 ἀκούσῃ,
3348 2408 3441 2462 καὶ
3459 2408 3571 2478 (55)
3592 2408 3706 2461 ἐπι-

450 2505 697 2558 membra
723 2517 850 2556 esse
888 2516 988 2554 vos
1023 2499 1142 2552 Filii
1183 2498 1375 2567 ipsius.
1421 2497 1562 2552 Utile
1609 2498 1794 2568 itaque
1833 2507 1938 2561 est,
1969 2497 2014 2550 in

2127 2504 2431 2573 γινώσκων,
2463 2504 2528 2556 δι’
2563 2497 2636 2557 ὧν
2670 2499 2728 2556 εὖ
2764 2502 3056 2573 πράσσετε,
3092 2503 3228 2573 μέλη
3256 2503 3412 2566 ὄντας
3439 2501 3532 2556 τοῦ
3567 2501 3699 2555 Υἱοῦ

451 2596 802 2652 immaculata
839 2595 1048 2649 unitate
1073 2607 1170 2646 vos
1199 2607 1343 2659 esse,
1375 2600 1515 2647 utet
1549 2607 1766 2661 semper
1798 2591 2014 2662 partici-

2130 2595 2313 2650 αὑτοῦ.
2348 2598 2631 2668 Χρήσιμον
2663 2591 2754 2649 οὖν
2788 2597 2955 2658 ἐστιν,
2981 2594 3123 2666 ὑμᾶς
3150 2595 3209 2648 ὲν
3243 2594 3462 2667 ἀμώμῳ
3490 2594 3703 2665 ὲνότητι

451 2690 593 2760 petis
613 2688 746 2744 Deo.

2130 2683 2290 2750 εἶναι,
2321 2687 2409 2740 ἵνα
2441 2689 2536 2740 καὶ
2567 2686 2702 2740 Θεοῦ
2733 2685 2964 2740 πάντοτε
2996 2684 3280 2759 μετέχητε.

1579 2822 1640 2878 V.
1675 2822 1813 2878 Laus
1847 2833 1894 2876 et
1925 2823 2133 2879 utilitas
2159 2824 2316 2895 hujus
2356 2825 2597 2878 unitatis.

527 2943 585 2999 Si
609 2946 755 3000 enim
784 2960 884 3014 ego
906 2944 1057 2998 brevi
1085 2943 1347 3014 temporis
1376 2943 1553 3012 spatio
1584 2944 1746 2998 talem
1781 2959 2024 2999 consue-

450 3037 694 3092 tudinem
725 3036 974 3090 contraxi
1035 3052 1160 3090 cum
1203 3036 1462 3104 episcopo
1492 3045 1675 3090 vestro
1695 3076 1710 3100 ,
1736 3051 1859 3105 qua:
1910 3052 2023 3090 non

2200 2944 2314 3015 (54)
2346 2945 2409 2998 Εἰ
2449 2947 2557 3016 γὰρ
2589 2944 2699 3014 ἐγὼ
2744 2948 2802 2999 ἐν
2846 2946 3026 3018 μικρῷ
3059 2946 3235 3019 χρόνῳ
3274 2945 3529 3015 τοιαύτην
3555 2945 3708 3014 συνή.

2127 3038 2278 3092 θειαν
2314 3039 2471 3109 ἔσχον
2503 3039 2637 3110 πρὸς
2684 3039 2775 3093 τὸν
2816 3039 3112 3093 ἐπίσκοπον
3149 3039 3322 3110 ὑμῶν,
3349 3039 3449 3092 οὐκ
3473 3038 3580 3109 (55)
3613 3038 3706 3091 ἀν-

453 3130 715 3193 humana,
753 3130 846 3184 sed
882 3128 1189 3198 spiritualis
1230 3136 1341 3191 est;
1377 3135 1583 3196 quanto
1609 3144 1708 3182 vos
1751 3129 2014 3183 beatiores

2127 3129 2405 3200 ϐρωπίνην
2437 3125 2636 3194 οὖσαν,
2684 3131 2818 3185 ἀλλὰ
2862 3132 3260 3203 πνευματικὴν,
3307 3132 3459 3202 πόσῳ
3507 3129 3706 3202 μᾶλλον

447 3219 659 3290 judico,
689 3219 1012 3288 conjunctos
1042 3217 1092 3271 ei
1145 3217 1306 3271 sicuti
1338 3215 1578 3271 Ecclesia
1610 3215 1737 3270 Jesu
1777 3215 2014 3282 Christo,

2131 3222 2276 3291 ὑμᾶς
2318 3221 2638 3292 μακαρίζω,
2695 3225 2820 3287 τοὺς
2877 3225 3312 3296 ὲγκεκραμένους
3355 3223 3461 3293 (56)
3513 3222 3703 3286 οὕτως,

452 3322 507 3367 et
543 3309 703 3367 Jesus
744 3311 998 3366 Christus
1042 3310 1220 3377 Patri;
1254 3317 1313 3363 ut
1362 3309 1544 3364 omnia
1597 3309 1860 3363 unitatem
1895 3324 2014 3364 con.

2132 3309 2405 3382 (57)ὼςὴ
2454 3311 2748 3383 Ἐκκλησία
2791 3313 2963 3384 Ἰησοῦ
3002 3313 3240 3385 Χριστῷ,
3282 3314 3374 3368 καὶ
3417 3314 3491 3377 ὡς
3524 3315 3552 3366 ὁ
3599 3314 3706 3383 Ἰη-

1775 3426 1956 3487 Vetus
1985 3441 2324 3505 interpres.

453 3557 506 3610 in
541 3552 666 3610 Jesu
695 3555 938 3610 Christo.
968 3553 1122 3610 Nunc
1146 3565 1326 3609 autem
1361 3553 1687 3624 principium
1721 3553 1898 3608 habeo
1931 3554 2282 3620 addiscendi;
2328 3564 2383 3610 et
2421 3555 2672 3624 alloquor
2702 3572 2821 3621 vos,
2855 3565 2915 3611 ut
2944 3556 3193 3612 doctores
3245 3557 3370 3611 mei.
3428 3555 3511 3610 Me
3556 3555 3701 3609 enim

452 3628 694 3697 oportuit
739 3642 769 3680 a
815 3626 972 3697 vobis
1014 3627 1220 3695 suscipi
1275 3625 1399 3688 ﬁde,
1435 3625 1830 3697 admonitione,
1877 3625 2223 3687 sustinentia,
2275 3627 2704 3691 longanimitate.
2737 3626 2841 3681 Sed
2873 3627 3001 3697 quia
3041 3627 3278 3682 Charitas
3314 3642 3420 3697 non
3459 3628 3589 3697 sinit
3620 3642 3722 3678 me-

451 3696 612 3749 silere
637 3713 732 3765 pro
756 3696 945 3757 vobis;
981 3707 1200 3766 propter
1243 3700 1346 3750 hoc
1387 3695 1760 3766 praloecnpavi
1791 3710 1984 3762 rogare
2013 3710 2132 3766 vos,
2164 3707 2223 3748 ut
2245 3699 2589 3752 eoneurratis
2636 3695 2917 3752 sentcntiae
2957 3696 3072 3751 Dei.
3103 3697 3312 3751 Etenim
3352 3695 3512 3752 Jesus
3544 3696 3703 3766 Chri-

450 3775 589 3890 Etlus,
616 3764 1040 3847 incomparabile
1069 3764 1314 3822 nostrum
1343 3765 1548 3830 vivere,
1587 3764 1767 3820 Patris
1811 3765 2116 3831 sententia;
2151 3776 2210 3821 ut
2241 3777 2295 3820 et
2326 3767 2425 3836 ipsi
2458 3768 2761 3822 secundum
2807 3777 2965 3824 terra:
3007 3767 3142 3822 ﬁnes
3185 3767 3532 3823 determinati
3572 3765 3700 3821 .lesu

517 3846 655 3890 ll'lSll
686 3847 955 3890 sententia
977 3845 1127 3890 sunt.

517 3837 655 3891 tristi
686 3837 955 3892 sententia
977 3845 1127 3895 sunt.

1885 3928 2117 3985 CAPUT
2156 3929 2246 3984 1V.

521 4045 678 4122 Unde
716 4050 867 4122 decet
892 4064 989 4122 vos
1018 4065 1345 4122 concurrere
1372 4050 1610 4120 episcopi
1641 4055 1920 4106 sententiae
1959 4070 1972 4105 :
2004 4052 2148 4120 quod
2197 4064 2249 4105 et
2282 4049 2480 4106 facitis.
2531 4051 2698 4122 Digne
2744 4052 2889 4106 enim
2929 4052 3259 4107 nominabile
3300 4063 3537 4107 vestrum
3583 4067 3704 4120 pre-

455 4117 776 4184 sbyterium,
807 4119 917 4192 Deo
937 4121 1184 4192 dignum,
1210 4121 1289 4176 sic
1317 4117 1706 4176 concordatum
1746 4132 1832 4176 est
1861 4117 2143 4192 episcopo,
2181 4131 2238 4175 ut
2268 4123 2486 4176 chorda:
2506 4117 2741 4177 citharae.
2766 4122 2995 4192 Propter
3021 4126 3123 4177 hoc
3143 4123 3196 4177 in
3229 4138 3498 4178 consensu
3524 4117 3708 4176 vestro

452 4197 506 4241 et
535 4190 1078 4260 eonsonaxharitate
1105 4190 1264 4244 .lesus
1292 4192 1541 4246 Christus
1571 4192 1808 4245 canitur.
1851 4191 2036 4245 Sedet
2073 4193 2271 4260 singuli
2317 4193 2521 4247 chorus
2561 4192 2687 4247 facti
2713 4190 2969 4259 estis;_ut
3015 4195 3242 4248 consoni
3290 4194 3612 4248 exsistentes
3651 4193 3705 4246 in

452 4271 748 4332 consensu,
779 4258 948 4312 melos
979 4258 1070 4312 Dei
1112 4261 1439 4329 accipientes
1470 4261 1523 4314 in
1573 4263 1800 4325 unitate,
1833 4262 2064 4315 cantetis
2121 4258 2186 4314 in
2215 4277 2348 4316 voce
2394 4279 2502 4316 una
2549 4277 2650 4332 per
2685 4258 2870 4317 Jesum
2911 4263 3185 4332 Christum
3214 4263 3392 4329 Patri;
3422 4275 3482 4316 ut
3511 4271 3566 4316 et
3609 4279 3706 4316 vos

455 4325 662 4404 audiat,
695 4336 749 4404 et
779 4339 1077 4404 cognoscat
1098 4345 1191 4398 per
1219 4325 1379 4398 quem
1411 4332 1612 4404 bonum
1639 4332 1964 4404 operamini,
1991 4333 2234 4404 membra
2271 4325 2594 4388 cxsistcntés
2615 4331 2739 4388 Filii
2777 4333 2968 4404 ipsius.
3004 4331 3146 4389 Utile
3181 4334 3346 4404 igitur
3367 4325 3474 4398 est,
3509 4349 3608 4388 vos
3648 4334 3706 4385 in

455 4395 809 4452 immaculata
841 4395 1050 4453 unitate
1077 4395 1326 4465 e‘sse;_nt
1356 4411 1409 4455 et
1444 4399 1556 4456 Deo
1592 4395 1808 4470 semper
1832 4403 2188 4471 participetis.

1911 4546 2139 4602 CAPUT
2180 4547 2245 4601 V.

528 4655 586 4714 Si
613 4660 758 4714 enim
793 4676 823 4713 e

861 4677 892 4714 o
924 4661 976 4737 in
1004 4677 1177 4737 ροιγο
1217 4672 1461 4734 tempore
1491 4665 1654 4720 talem
1685 4667 2134 4722 consuetudinem
2170 4668 2316 4723 tenui
2362 4667 2426 4720 ad
2475 4666 2792 4737 episcopum
2830 4676 3096 4731 vestrum,
3121 4680 3248 4737 Anon
3279 4665 3576 4720 humanam
3604 4680 3702 4718 cx-

488 4729 498 4740 _
528 4678 758 4714 mentm
793 4678 892 4786 ego
926 4678 976 4714 in
1009 4678 1177 4730 parvo
1217 4678 1461 4734 tempore
1491 4678 1654 4720 tatem
1685 4678 2134 4722 consuetudinem
2170 4678 2316 4723 temn
2362 4678 2426 4720 ad
2475 4682 2792 4737 episcopum
2830 4678 3096 4731 vestrum,
3139 4680 3248 4721 non
3283 4678 3576 4720 humanam
3604 4680 3702 4718 cx-

454 4739 735 4785 SIsteutem
763 4748 822 4786 se
885 4733 1259 4802 spiritualem;
1296 4745 1503 4804 quanto
1555 4738 1728 4807 magis
1766 4753 1866 4793 vos
1913 4739 2184 4804 beatiﬁco,
2236 4738 2562 4808 coniunctos
2606 4739 2688 4792 sic
2722 4747 2782 4792 ut
2823 4737 3064 4793 Ecclesia
3110 4735 3240 4792 Jesu
3275 4737 3515 4799 Christo,
3546 4744 3600 4789 et
3647 4745 3707 4788 ut

529 4883 641 4961 (‘25)
680 4884 883 4961 N_omen
906 4886 1154 4961 absolute
1177 4903 1276 4957 pro
1303 4890 1508 4961 nomine
1531 4888 1731 4944 Christi
1764 4892 1933 4946 habes
1957 4900 2019 4945 nt
2049 4895 2093 4948 D
2122 4891 2286 4944 etiam
2313 4891 2501 4944 unitns
2528 4898 2610 4945 est
2635 4890 2965 4961 Christo;7et
2993 4892 3087 4961 qui
3116 4891 3306 4945 unitus
3333 4899 3417 4944 est
3453 4890 3700 4954 Christo,

465 4952 604 5007 infra
626 4952 683 5008 ιτ.
712 4954 764 5011 7.
797 4967 849 5009 et
881 4959 946 5010 ad
972 4952 1207 5020 Philad.,
1247 4976 1293 5012 ιε.
1325 4959 1412 5012 10.
1440 4957 1722 5015 εἰλεοιιεοιι.

525 5024 637 5103 (24)
673 5025 712 5078 l.
757 5043 808 5080 e.
849 5041 1042 5095 praeter
1077 5028 1348 5082 Christum
1391 5046 1481 5084 vos
1523 5040 1866 5102 prmeeptores
1913 5035 2018 5087 mei

450 5104 600 5166 estis,
627 5105 687 5150 ut
705 5110 770 5150 ex
796 5113 880 5165 sq.
905 5107 1071 5166 patet.

525 5164 637 5242 (25)
668 5167 722 5242 l.“
737 5183 788 5218 e.
810 5164 955 5236 ungi,
978 5167 1219 5234 excitari,
1241 5168 1456 5235 instrui,
1485 5168 1553 5221 ad
1595 5179 1856 5226 certamen
1880 5189 2018 5242 pra:-

449 5236 653 5302 parari.
688 5234 951 5292 Peansou.

521 5304 635 5376 (26)
671 5305 1249 5376 Βεςροιιιεεοίνίἀοιιιτ
1277 5305 1339 5360 Β.
1373 5306 1537 5362 Pater
1575 5305 1632 5363 S.
1670 5307 1901 5365 Paulum
1946 5311 2013 5365 ad

451 5371 703 5439 Philem.,
780 5371 795 5376 ’
825 5376 880 5436 8.
915 5378 968 5432 9.
994 5375 1110 5429 Jac.

523 5443 636 5511 (27)
661 5445 775 5500 Cl‘r.
809 5446 950 5500 infra
969 5447 1034 5500 ad
1059 5445 1249 5509 Trall.,
1273 5462 1323 5500 e.
1358 5447 1409 5506 1,
1435 5454 1490 5502 et
1515 5445 1672 5501 Joan.
1701 5465 1790 5513 xv,
1821 5450 1884 5512 5';
1909 5449 2014 5502 Co—

449 5513 583 5632 losbs:
613 5531 694 5581 ιιι,
728 5516 781 5569 4.
816 5516 1022 5571 Sensus
1048 5535 1062 5568 :
1094 5516 1260 5570 Plane
1287 5519 1341 5570 in
1371 5534 1429 5571 eo
1460 5520 1702 5583 vivimus,
1733 5530 1782 5572 et
1814 5521 1922 5586 ipse
1959 5522 2013 5571 in

451 5598 514 5632 no
554 5600 616 5632 is.

451 5598 616 5636 110018.

523 5653 636 5722 (28)
662 5653 778 5706 Cfr.
801 5652 996 5707 Joanri.
1034 5670 1146 5716 λιν,
1173 5654 1238 5718 9;
1263 5653 1453 5708 Matth.
1489 5672 1566 5721 x1,
1589 5656 1679 5708 27.

521 5722 810 5798 (29)n=_év
833 5724 978 5798 πᾴσῃ
1009 5727 1076 5794 τῇ
1111 5725 1420 5798 οἰκουμένῃ.
1603 5726 1715 5794 lgn.
1759 5727 1822 5779 ad
1855 5725 2008 5778 Rom.

453 5805 502 5842 ς.
535 5807 604 5861 Vt.
636 5792 828 5861 Rothc,
860 5792 1009 5860 Anii,
1123 5795 1246 5857 479.,
1269 5792 1532 5847 noti'tGO.

524 5860 634 5932 (30)
669 5859 771 5929 Qui
799 5863 876 5936 _in
912 5859 1178 5919 sententia
1205 5863 1441 5934 episcopi
1471 5875 1551 5921 est
1590 5866 1680 5935 (:
1713 5868 1896 5924 unitus
1920 5867 2012 5937 ei),

2121 4961 2287 5087 (ἔξω
2313 4962 2502 5016 unitus
2527 4971 2611 5016 est
2637 4960 2809 5016 Patri.
2837 4960 2948 5017 Cfr.
2981 4961 3182 5027 Rothe,
3216 4961 3369 5031 Ait/2,
3411 4977 3534 5030 pag.
3571 4961 3701 5014 471-

2153 5171 2164 5181 .
2193 5100 2307 5169 (51)
2330 5099 2528 5155 Totum
2555 5109 2720 5173 caput
2752 5110 3008 5171 quartum
3039 5099 3191 5156 deest
3227 5099 3283 5155 in
3315 5098 3567 5154 versione
3606 5094 3702 5166 Sy-

2121 5186 2291 5226 riaca.

2193 5241 2308 5310 ('52)
2337 5239 2538 5293 Eadem
2591 5239 2952 5310 similitudine
2995 5238 3167 5294 utitur
3213 5247 3404 5294 noster
3441 5235 3605 5289 etiam
3643 5233 3697 5286 in

2123 5309 2222 5379 Ep.
2250 5309 2311 5363 ad
2337 5309 2571 5379 Philad.,
2599 5326 2650 5364 e.
2679 5326 2716 5364 ι.
2748 5309 2949 5365 Usseu.

2198 5381 2311 5449 (535)
2343 5378 2459 5433 Vet.
2494 5373 2759 5449 interpres
2785 5381 2997 5449 legebat
3031 5397 3043 5430 :
3091 5378 3184 5431 καὶ
3219 5374 3580 5445 ὲπιγινώσκῃ,
3625 5373 3701 5449 ’δι’

2121 5449 2179 5501 ὃν
2208 5443 2269 5502 εὖ
2295 5443 2664 5520 ’πράσσετε,ιξ.
2697 5467 2749 5502 τ.
2786 5443 2874 5503 λξέ
2907 5459 2956 5503 et
2994 5458 3296 5517 cognoscat,
3321 5443 3413 5518 per
3441 5443 3594 5515 quem
3618 5443 3704 5494 bo-

2121 5536 2244 5572 num
2278 5521 2594 5588 operamini,
2622 5530 2728 5574 etc.

2193 5591 2305 5659 (54)
2335 5589 2502 5660 Syrus
2530 5597 2692 5660 caput
2715 5589 2965 5656 quintum
2990 5587 3206 5660 omisit.

2193 5649 2306 5728 (55)
2342 5649 2392 5712 Ι.’
2422 5675 2470 5713 e.
2521 5649 2661 5712 κατὰ
2706 5649 2905 5730 σαρκα,
2939 5658 3158 5726 qualem
3197 5657 3449 5715 homines
3501 5649 3698 5713 εειιτυιο

2124 5729 2320 5783 addicti
2347 5740 2618 5782 exercent.

2195 5800 2307 5864 (Titi)
2343 5799 2432 5850 Sc.
2464 5799 2612 5866 αὐτῷ
2648 5797 2843 5856 Rolhc,
2876 5798 3027 5866 Anf.,
3054 5814 3107 5866 ι).
3136 5796 3262 5853 450.

2197 5869 2306 5940 (57)
2350 5867 2479 5924 Vide
2509 5869 2702 5935 liulhc,
2743 5869 2888 5938 Auf.,
2925 5885 2976 5938 [ι.
3017 5869 3142 5923 467.
