4134 6392
460 404 568 459 649

1664 400 2001 459 EPISTOLA
2033 403 2125 460 AD
2154 405 2512 461 EPllESIOS.

3610 408 3715 463 650

461 524 590 590 σοῢς
630 524 869 598 Χριστος
914 524 993 599 τῷ
1015 516 1210 599 Πατρὶ,
1242 525 1329 579 ῐνα
1357 524 1535 581 πάντα
1562 526 1621 579 ὲν
1649 525 1865 597 ἐνότητι
1900 522 2029 596 σύμ·

2146 527 2422 582 sentiant?
2463 525 2635 581 Nemo
2667 534 2853 582 erret:
2907 525 3014 583 nisi
3050 527 3176 597 quis
3220 526 3363 583 intra
3417 528 3589 584 altare
3620 530 3713 592 sit,

459 634 613 684 φωνα
641 615 710 693 ᾖς
746 619 955 690 Μηδεὶς
992 618 1305 674 πλανάσθω·
1349 619 1445 672 ἐὰν
1474 613 1713 692 μήτιςῇ
1752 618 1904 681 ἐντὸς
1939 616 2036 670 τοῦ

458 708 865 782 θυσιαστηρίου,
899 711 1204 784 ὑστερεῖται
1230 710 1324 765 τοῦ
1342 711 1506 784 ἄρτου
1529 708 1622 763 τοῦ
1644 708 1801 762 Θεοῦ.
1833 709 1898 762 Εἰ
1925 708 2034 782 γὰρ

456 799 577 862 ἑνὸς
623 803 719 856 καὶ
760 803 1016 877 δευτέρου
1059 803 1336 875 προσευχὴ
1384 802 1656 874 τοσαύτην
1706 802 1858 873 ἰσχὺν
1898 800 2034 871 ἔχει,

455 895 609 965 πόσῳ
635 894 834 965 μᾶλλον
857 896 892 967 ἦ
925 914 985 950 τε
1003 896 1096 951 τοῦ
1129 897 1429 950 ἐπισκόπου
1455 896 1550 949 καὶ
1577 895 1758 966 πάσης
1786 896 1886 966 τῆς
1917 892 2042 947 Ἑκ-

455 986 716 1059 κλησίας;
767 990 825 1042 '0
856 986 949 1044 οὖν
997 990 1071 1063 μὴ
1104 992 1397 1065 ἐρχόμενος
1433 988 1527 1042 ἐπὶ
1572 986 1633 1041 τὸ
1670 986 1837 1052 αὐτὸ,
1882 981 2039 1050 οὗτος

453 1079 554 1151 ἤδη
596 1080 967 1152 ὑπερηφανεῖ,
1015 1084 1112 1138 καὶ
1158 1082 1350 1137 ἐαυτὸν
1389 1080 1677 1153 διέκρινεν.
1720 1080 2038 1151 Γέγραπται

451 1172 580 1245 γάρ’
625 1171 1059 1243 ’Υπερηφάνοις
1090 1176 1124 1229 d
1158 1173 1303 1241 Θεὸς
1333 1171 1755 1228 ἀντιτάσσεται
1779 1170 1817 1223 ί.
1855 1171 2034 1223 Σπου-

449 1264 702 1335 δάσωμεν
736 1260 850 1329 οὖν,
892 1265 967 1337 μὴ
1011 1263 1430 1320 ἀντιτάσσεσθαι
1473 1261 1550 1335 τῷ
1591 1260 1895 1333 ἐπισκόπῳ,
1943 1259 2032 1314 ἵνα

450 1348 601 1426 ὦμεν
628 1354 739 1428 (58)
766 1354 885 1426 Θεῷ
907 1356 1361 1427 ὑποτασσόμενοι.

2140 619 2388 688 privatur
2431 634 2573 689 pane
2617 617 2737 674 Dei.
2771 618 2829 673 Si
2856 621 3003 674 enim
3050 621 3215 674 unius
3272 629 3437 691 atque
3485 621 3715 676 alterius

2140 712 2384 782 precatio
2413 719 2594 766 tantas
2615 711 2759 766 vires
2789 712 2981 778 habet;
3016 720 3222 781 quanto
3245 713 3418 783 magis
3450 713 3563 778 illa,
3592 728 3715 784 qua:

2139 804 2380 875 episcopi
2418 811 2579 858 estet
2609 803 2787 859 totius
2816 801 3111 858 Ecclesiae?
3143 802 3247 869 Qui
3285 803 3454 873 igitur
3485 804 3540 857 in
3573 818 3709 858 con-

2137 904 2365 952 ventum
2398 910 2508 951 non
2540 895 2711 962 venit,
2752 895 2841 950 hic
2868 895 2981 965 jam
3006 894 3263 964 superbia
3305 896 3481 950 elatus
3511 904 3626 963 est,
3658 903 3713 950 et

2136 989 2379 1058 seipsum
2437 987 2711 1057 separavit
2747 994 2912 1056 atque
2959 986 3250 1055 judicavit.
3300 984 3576 1056 Scriptum
3627 993 3714 1041 est

2136 1081 2324 1135 enim:
2386 1077 2639 1148 Superbis
2687 1076 2831 1132 Deus
2891 1077 3114 1136 resistit.
3164 1075 3499 1132 Studeamus
3546 1077 3712 1148 igitur

2137 1171 2398 1242 episcopo
2428 1186 2535 1225 non
2562 1170 2842 1238 resistere,
2877 1177 2937 1224 ut
2966 1169 3141 1225 simus
3164 1168 3401 1240 subjecti
3432 1167 3568 1225 Deo.

874 1470 962 1526 Vl.
1004 1469 1325 1542 Respiciatis
1354 1470 1657 1541 episcopum
1689 1479 1748 1523 ut
1781 1465 2055 1523 Christum
2085 1464 2280 1534 ipsum.
2320 1459 2599 1517 Onesimus
2630 1460 2730 1513 hac
2760 1460 2817 1514 in
2844 1476 2901 1514 re
2942 1475 3032 1514 vos
3065 1458 3276 1513 laudat.

519 1586 630 1658 ('59)
667 1586 779 1641 Καὶ
809 1586 920 1659 (40)
964 1589 1090 1643 ὅσον
1135 1587 1322 1659 βλέπει
1368 1605 1453 1652 τις
1484 1587 1597 1659 (41)
1638 1585 1878 1656 σιγῶντα
1909 1584 2032 1637 ἐπί-

449 1696 675 1745 σκοπον,
720 1680 987 1744 πλειόνως
1023 1680 1187 1735 αὑτὸν
1229 1679 1518 1751 φοϐείσθων
1546 1679 1655 1750 (42)
1698 1677 1876 1731 πάντα
1901 1676 2031 1747 γὰρ,

445 1770 506 1823 ὃν
544 1770 754 1841 πέμπει
785 1771 814 1823 ὁ
842 1770 1229 1842 οἰκοδεσπότης
1266 1771 1348 1834 εἰς
1394 1770 1529 1824 ίδίαν
1566 1768 1902 1840 οἰκονομίαν,
1941 1764 2034 1818 οὖ-

445 1879 555 1926 τως
583 1863 666 1916 δεῖ
692 1866 839 1936 ἡμᾶς
860 1864 1024 1919 αὐτὸν
1054 1863 1328 1936 δέχεσθαι,
1361 1863 1439 1927 ὡς
1460 1862 1624 1916 αὑτὸν
1661 1860 1752 1915 τὸν
1780 1858 2035 1931 πέμψαν-

444 1972 533 2007 τα.
570 1954 674 2009 Τὸν
706 1952 798 2010 οὖν
845 1956 1141 2010 ἐπίσκοπον
1181 1956 1340 2028 δῆλον
1369 1956 1451 2009 ὃτι
1481 1954 1558 2019 ὡς
1589 1952 1751 2007 αὑτὸν
1794 1952 1887 2005 τὸν
1921 1947 2034 2004 Κύ-

446 2062 561 2117 ριον
598 2045 680 2099 δεῖ
722 2046 833 2119 (45)
864 2047 1248 2120 προσϐλέπειν.
1291 2046 1466 2111 Αὐτὸς
1490 2047 1589 2118 μὲν
1610 2041 1705 2100 οὖν
1744 2044 2031 2115 Ὀνήσιμος

445 2138 802 2211 ἰπερεπαινεῖ
827 2140 980 2211 ὑμῶν
1003 2139 1102 2212 τὴν
1129 2142 1189 2194 ἐν
1228 2138 1347 2210 Θεῷ
1380 2137 1650 2203 εὐταξίαν,
1696 2138 1780 2191 ὅτι
1829 2135 2033 2199 πάντες

444 2230 587 2286 κατὰ
609 2231 871 2302 ἀλήθειαν
903 2232 1057 2303 ζῆτε,
1084 2232 1181 2286 καὶ
1216 2232 1298 2285 ὅτι
1319 2232 1379 2285 ἐν
1410 2230 1539 2302 ὑμῖν
1565 2227 1795 2301 οὐδεμία
1820 2226 2033 2299 αἵρεσις

443 2324 709 2375 κατοικεῖ·
750 2321 867 2376 ἀλλ’
909 2322 1031 2375 οὐδὲ
1059 2322 1289 2376 ἀκούετέ
1329 2338 1474 2385 τινος
1508 2319 1692 2385 πλέον,
1727 2316 1839 2391 (44)
1882 2317 2029 2389 ἢπερ

454 2417 629 2489 Ἰησοῦ
656 2416 895 2491 Χριστοῦ
927 2417 1213 2484 λαλοῦντος
1236 2420 1295 2474 ἐν
1317 2416 1565 2491 ἀληθείᾳ.

2202 1578 2540 1659 Εισηυεηᾱὶυ
2566 1577 2693 1650 quis
2716 1578 3037 1650 episcopum
3059 1586 3331 1633 tacentem
3358 1578 3527 1644 videt,
3558 1586 3711 1632 tanto

2132 1672 2310 1744 magis
2339 1687 2467 1728 eum
2517 1680 2870 1739 revereatur;
2921 1685 3307 1741 quemcunque
3336 1671 3483 1724 enim
3517 1679 3705 1739 pater-

2132 1765 2378 1821 familias
2427 1764 2596 1819 mittit
2641 1765 2710 1820 ad
2741 1764 3157 1836 gubernandam
3208 1762 3475 1817 familiam
3525 1776 3709 1827 suam,

2134 1854 2281 1910 hunc
2333 1854 2407 1909 ita
2451 1855 2700 1923 accipere
2746 1854 3011 1909 debemus
3043 1864 3103 1909 ut
3146 1853 3303 1908 illum
3351 1855 3569 1924 ipsum,
3613 1854 3708 1923 qui

2134 1946 2323 2001 mittit.
2362 1945 2710 2001 Manifestum
2744 1945 2909 2016 igitur
2935 1955 3050 2010 est,
3083 1946 3229 2016 quod
3260 1946 3582 2016 episcopum
3618 1962 3708 1999 re-

2133 2039 2346 2110 spicere
2375 2047 2624 2108 oporteat
2654 2047 2715 2093 ut
2762 2038 2945 2108 ipsum
2976 2036 3294 2094 Dominum.
3335 2037 3404 2091 Et
3434 2039 3550 2107 ipse
3581 2039 3707 2108 qui-

2131 2131 2255 2187 dem
2299 2128 2595 2187 Onesimus
2643 2147 2809 2201 supra
2845 2131 3070 2186 modum
3104 2131 3294 2186 laudat
3328 2140 3574 2186 vestrum
3607 2132 3706 2186 de-

2134 2230 2347 2278 centem
2385 2223 2742 2293 divinumque
2770 2223 3049 2290 ordinem,
3085 2224 3234 2293 quod
3285 2239 3477 2279 omnes
3509 2241 3707 2279 secun-

2132 2315 2265 2370 dum
2294 2313 2576 2369 veritatem
2604 2313 2824 2378 vivatis,
2849 2323 2905 2369 et
2926 2314 3075 2384 quod
3112 2314 3255 2368 inter
3293 2330 3391 2370 vos
3419 2316 3606 2370 nullus
3636 2318 3708 2371 sit

2134 2405 2330 2462 haeresi
2370 2405 2560 2472 locus;
2601 2404 2697 2460 sed
2740 2419 2919 2475 neque
2942 2405 3143 2459 auditis
3169 2406 3410 2475 aliquem
3449 2409 3708 2477 amplius,

2129 2510 2296 2566 quam
2326 2493 2515 2551 Jesum
2544 2492 2849 2562 Christum,
2884 2494 2980 2563 qui
3010 2495 3255 2565 loquitur
3285 2496 3342 2550 in
3372 2496 3618 2552 veritate.

935 2620 946 2629 '
974 2617 1087 2675 VII.
1129 2617 1320 2675 Cavete
1347 2619 1412 2674 ab
1452 2619 1753 2682 hwreticis;
1784 2616 2029 2673 Christus

2128 2643 2133 2654 ι
2158 2610 2508 2684 θεὰνθρωπος
2531 2640 2602 2650 -
2631 2627 2770 2665 unus
2804 2611 3038 2665 medicus
3068 2620 3168 2666 est.

514 2742 628 2816 (45)
660 2739 898 2796 Είώθασι
926 2742 1035 2813 γάρ
1066 2740 1377 2811 τινεςλδόλῳ
1409 2740 1630 2811 πονηρῷ
1664 2738 1775 2811 (46)
1808 2737 1870 2792 τὸ
1909 2737 2028 2790 δνο-

444 2853 521 2907 μα
551 2835 890 2909 περιφέρειν,
936 2834 1071 2889 ἄλλα
1100 2832 1224 2887 τινὰ
1266 2831 1603 2904 πράσσοντες
1640 2831 1831 2896 ἀνάξια
1866 2828 2023 2884 Θεοῦ·

438 2924 533 2989 οὓς
563 2924 646 2978 δεῖ
676 2925 821 2995 ὑμᾶς
866 2923 943 2988 ὡς
992 2922 1106 2996 (47)
1157 2922 1325 2996 θηρία
1376 2920 1663 2976 ἐκκλίνειν.
1710 2922 1866 2975 Είοὶν
1913 2920 2027 2993 γὰρ

441 3016 599 3080 κύνες
620 3017 945 3081 λυσσῶντες,
974 3014 1356 3087 λαθροδῆκται’
1391 3013 1484 3078 οὓς
1527 3013 1608 3067 δεῖ
1638 3015 1784 3085 ὑμᾶς
1819 3013 2027 3083 φυλάσ-

442 3109 650 3172 σεσθαι,
682 3109 845 3173 ὄντας
872 3107 984 3179 (48)
1009 3105 1495 3180 δυσθεραπεύτους.
1521 3100 1616 3169 Εἷς
1647 3106 1830 3176 ἰατρός
1850 3108 2021 3172 ἐστιν,

2206 2732 2402 2788 Solent
2428 2731 2576 2787 enim
2606 2730 2856 2786 nonnulli
2894 2731 3039 2787 malo
3077 2732 3204 2787 dolo
3255 2747 3456 2788 nomen
3486 2734 3707 2805 quidem

2131 2824 2509 2889 circumferre,
2546 2824 2650 2878 alia
2678 2824 2927 2893 quaedam
2953 2833 3252 2893 patrantes,
3297 2825 3518 2896 indigna
3559 2826 3707 2891 Deo;

2132 2934 2276 2990 quos
2307 2926 2525 2988 oportet
2550 2931 2650 2970 vos
2678 2924 2741 2969 ut
2768 2915 2915 2971 feras
2943 2917 3170 2974 evitare.
3197 2916 3338 2971 Sunt
3362 2920 3510 2971 enim
3543 2934 3709 2975 canes

2130 3009 2332 3077 rabidi,
2354 3010 2493 3066 clam
2518 3011 2860 3077 mordentes;
2885 3024 3025 3080 quos
3044 3024 3077 3064 a
3106 3010 3262 3065 vobis
3286 3011 3443 3065 vitari
3470 3021 3706 3080 oportet,

2132 3113 2196 3159 ut
2242 3103 2438 3158 morbo
2475 3102 2764 3157 diﬂieulter
2794 3103 3029 3158 curabili
3077 3103 3410 3158 laborantes.
3466 3102 3710 3158 Medicus

441 3200 704 3275 σαρκικός
734 3217 795 3253 τε
828 3198 923 3254 καὶ
956 3197 1347 3271 πνευματικὸς,
1376 3197 1486 3270 (49)
1520 3196 1747 3269 γενητὸς
1775 3197 1870 3252 καὶ
1893 3198 2022 3268 ἀγέ-

2128 3204 2309 3252 autem
2341 3209 2488 3253 unus
2514 3205 2621 3261 est,
2654 3203 2710 3250 et
2731 3195 2972 3250 carnalis
2998 3203 3053 3251 et
3081 3195 3417 3265 spiritualis,
3447 3196 3629 3251 factus
3654 3210 3710 3253 et

1804 3311 1987 3374 Vetus
2013 3314 2353 3393 interpres.

435 3443 600 3499 Jesus
642 3443 898 3511 Christus
932 3440 1105 3505 Patri,
1140 3450 1203 3496 ut
1232 3439 1497 3511 omniain
1529 3440 1739 3496 unitate
1775 3456 2021 3497 consona
2053 3441 2202 3499 sint?
2232 3441 2427 3498 Nullus
2452 3450 2617 3498 erret.
2646 3440 2706 3497 Si
2735 3442 2860 3511 quis
2892 3456 3002 3495 non
3042 3440 3111 3496 sit
3136 3441 3278 3495 intra
3307 3441 3497 3505 altare,
3526 3440 3708 3509 priva-

444 3519 534 3582 tur
554 3529 691 3580 pane
719 3513 832 3567 Dei.
862 3510 919 3567 Si
954 3513 1101 3567 enim
1125 3511 1290 3565 unius
1317 3521 1372 3582 et
1397 3510 1623 3582 alterius
1653 3511 1831 3566 oratio
1869 3522 2075 3568 tantam
2104 3514 2214 3568 vim
2247 3514 2437 3578 habet;
2471 3521 2677 3582 quanto
2704 3510 2877 3581 magis
2903 3512 2995 3565 illa
3027 3527 3149 3581 qum
3176 3513 3417 3579 episcopi
3449 3522 3503 3565 et
3526 3512 3707 3565 omnis

442 3578 733 3649 Ecclesiae?
756 3583 801 3649 Q

807 3583 859 3638 ui
887 3584 1053 3653 igitur
1086 3597 1195 3653 non
1228 3581 1378 3653 venit
1415 3581 1470 3635 in
1521 3581 1691 3653 idem,
1724 3582 1814 3636 hic
1835 3582 1947 3652 jam
1985 3585 2253 3653 superbit,
2281 3592 2337 3638 et
2367 3581 2608 3653 seipsum
2646 3582 3050 3653 condemnavit.
3084 3582 3365 3653 Scriptum
3394 3590 3480 3636 est
3510 3582 3659 3636 enim
3687 3598 3701 3635 :

442 3646 695 3721 Superbi:
726 3646 867 3709 Dius
897 3646 1120 3709 Fesistit.
1145 3650 1494 3708 Festinemus
1520 3651 1685 3721 igitur
1713 3646 2104 3709 non'resistere
2130 3646 2409 3724 episcopo,
2434 3646 2496 3708 ut
2524 3653 2698 3709 simus
2720 3651 2833 3708 Deo
2863 3651 3118 3723 subjecti.

1885 3771 2118 3830 CAPUT
2157 3772 2249 3828 VI.

509 3860 577 3917 Et
601 3872 864 3947 quantum
896 3864 1044 3947 videt
1069 3864 1200 3949 quis
1231 3873 1500 3949 tacentem
1543 3867 1883 3949 episcopum,
1932 3870 2063 3949 plus
2104 3870 2285 3941 ipsum
2326 3872 2549 3949 timeat;
2580 3885 2798 3949 omnem
2843 3870 2991 3949 enim
3028 3884 3193 3941 quem
3242 3869 3412 3949 mittit
3447 3870 3707 3949 dominus

443 3931 637 4014 domus
666 3937 725 4014 i_n_
743 3937 1022 4005 propriam
1052 3931 1539 4014 dispensationem,
1550 3931 1653 4014 sic
1674 3931 1892 4014 oportet
1916 3931 2017 3995 nos
2051 3931 2546 4014 ips-unrrecipere,
2569 3951 2648 4014 ut,
2669 3942 2859 4014 ipsum
2885 3931 3215 4014 mittentem.
3245 3941 3577 4014 Episcopum
3605 3942 3706 4014 igi-

442 4005 925 4086 turmanifestum,
950 4005 1213 4086 quoniam
1250 4008 1517 4083 ut_ipsum
1549 4005 1844 4086 Dominum
1871 4005 2089 4080 oportet
2114 4005 2416 4086 respicere;
2441 4010 2561 4081 Ipse
2582 4005 2749 4086 igitur
2767 4012 2990 4086 quidem
3026 4005 3322 4086 Onesimus
3349 4005 3705 4086 superlaudat

438 4084 675 4156 vestram
705 4076 950 4156 divinam
981 4076 1411 4156 ordinationem;
1444 4079 1702 4156 quoniam
1726 4076 1938 4156 prunas
1973 4076 2275 4156 secundum
2307 4076 2829 4156 veritatem'vivitis,
2870 4092 2926 4136 et
2956 4083 3214 4156 quoniam
3242 4084 3295 4135 in
3330 4076 3487 4156 vobis
3525 4097 3705 4156 neque

438 4160 548 4199 una
580 4145 805 4201 haeresis
827 4145 1072 4215 habitat;
1110 4149 1203 4203 sed
1241 4163 1419 4219 neque
1454 4145 1659 4205 auditis
1692 4149 1928 4221 aliquem
1958 4152 2195 4222 amplius
2237 4168 2402 4223 quam
2453 4150 2641 4208 Jesum
2673 4145 2990 4221 Christum,
3015 4154 3327 4223 loquentem
3359 4153 3416 4207 in
3450 4145 3703 4208 veritate.

1863 4244 2095 4326 CAPUT
2134 4270 2247 4325 vn.

504 4358 926 4439 Cousucverunt
954 4364 1099 4439 enim
1124 4364 1347 4439 quidam
1378 4364 1503 4439 dolo
1535 4365 1681 4422 malo
1712 4381 1922 4439 nomen
1957 4366 2340 4434 circumferre,
2374 4367 2468 4423 sed
2504 4368 2755 4439 quaedam
2798 4362 3092 4436 operantes
3123 4365 3345 4434 indigna
3382 4364 3705 4439 Deo;_quos

436 4441 651 4498 oportet
685 4449 784 4506 vos
816 4442 874 4487 ut
898 4434 1102 4491 bestias
1135 4434 1431 4491 declinare.
1467 4434 1609 4491 Sunt
1638 4437 1784 4491 enim
1827 4452 1996 4493 canes
2018 4439 2232 4506 rabidi;
2266 4439 2497 4494 latenter
2522 4434 2880 4501 mordentes;
2924 4453 3067 4506 quos
3115 4445 3330 4506 oportet
3368 4451 3469 4490 vos
3511 4434 3703 4490 obser-

436 4513 585 4587 vare,
614 4504 939 4587 enxsisten't‘es
964 4506 1181 4587 dillieile
1211 4506 1527 4587 curabiles.
1552 4506 1706 4562 Unus
1745 4508 2140 4587 medicds__cst_,
2194 4504 2433 4587 carnalis
2476 4518 2531 4563 et
2579 4504 3172 4587 spiritualistgenittts
3205 4516 3259 4560 et
3302 4506 3700 4587 ingenitushin

436 4584 601 4650 carne
634 4574 810 4650 tactus
848 4573 1012 4650 Deus,
1043 4576 1097 4630 in
1130 4576 1429 4632 immortali
1461 4578 1573 4633 vita
1600 4593 1750 4646 vera,
1790 4587 1845 4634 ct
1873 4594 1942 4634 ex
1988 4577 2155 4634 Maria
2190 4588 2245 4634 et
2282 4594 2351 4634 ex
2392 4578 2525 4646 Deo,
2561 4573 2742 4650 primo
2772 4573 3051 4648 passibilis
3079 4586 3135 4632 et
3161 4586 3293 4632 tunc
3323 4573 3701 4646 impassibilis,

438 4638 702 4698 Dominus
725 4643 805 4699 Ch
818 4638 1227 4703 ristus'noster.

509 4786 528 4818 ¹
556 4784 721 4843 Prov.
755 4803 839 4856 Ill,
865 4789 936 4845 54
961 4805 976 4856 ;
1003 4786 1120 4846 Jac.
1146 4805 1219 4858 IV,
1253 4787 1324 4856 6;
1348 4792 1371 4843 Ῑ
1396 4788 1545 4845 Petr.
1576 4803 1631 4857 v,
1656 4790 1710 4844 5.

507 4941 623 5012 (58)
654 4941 757 4998 Ms.
787 4942 946 4999 Θεοῦ.

508 5012 622 5086 (39)
662 5014 842 5085 Caput
869 5022 1083 5071 sextum
1126 5016 1185 5072 in
1226 5016 1482 5073 versione
1511 5015 1735 5089 Syriaca
1774 5031 1884 5071 non
1916 5029 2013 5071 ex-

434 5091 620 5228 διῖἓψ)
649 5152 728 5228 Ita
756 5170 862 5211 ms.
891 5154 1033 5209 Editi
1064 5156 1190 5228 ὅσῳ.
1216 5155 1338 5212 Jac.

508 5223 623 5295 (41)
668 5223 706 5281 Ι.
744 5241 794 5281 ε.
837 5240 945 5280 non
986 5223 1297 5295 punientem
1340 5226 1684 5284 auctoritatis
1729 5240 1844 5281 suae
1876 5239 2011 5281 con-

435 5304 752 5365 temptores.
802 5295 919 5351 Cfr.
968 5295 1112 5351 infra
1158 5313 1211 5353 c.
1261 5298 1330 5352 15
1379 5308 1435 5354 ει
1478 5305 1545 5353 ad
1589 5296 1830 5363 Philad.,
1862 5311 1911 5352 (ι.
1952 5298 2005 5351 l.

434 5365 646 5509 ᾑᾟέῗο
666 5433 840 5493 Verba
878 5434 1094 5509 Domini
1128 5436 1290 5509 apud
1332 5436 1694 5509 Matthmumj
1712 5454 1862 5509 xxiv,
1896 5436 2007 5509 45)

432 5507 674 5579 lgnatitis
714 5516 900 5563 noster
946 5505 1015 5560 ad
1060 5505 1209 5565 solos
1250 5509 1537 5579 episcopos
1575 5505 1762 5564 refert.
1803 5505 2009 5576 Bothe,

431 5577 489 5651 ρ’.
518 5577 645 5632 4⁸75.

503 5648 617 5717 (45)
655 5646 756 5702 Ms.
794 5647 1141 5717 προὸλέπειν.

505 5718 619 5787 (44)
660 5718 761 5773 Ms.
795 5718 952 5792 εἴπερ
974 5737 1048 5771 =
1072 5720 1157 5773 sin
1200 5718 1358 5774 aliter
1379 5733 1411 5792 ;_
1438 5720 1697 5778 librarius
1726 5720 1873 5778 enim
1907 5735 2006 5777 no-

436 5799 551 5844 ster
585 5805 615 5859 η
636 5798 695 5859 et
721 5805 770 5840 ει
790 5790 1105 5858 permutare
1138 5793 1357 5859 gaudet.
1386 5790 1504 5847 Jac.

501 5858 616 5931 (45)
657 5858 855 5915 Totum
892 5859 998 5914 hoc
1026 5858 1190 5928 caput
1221 5875 1253 5915 a
1292 5860 1431 5934 Syro
1454 5862 1720 5921 omissum
1752 5872 1856 5919 cst.

745 5956 1000 6016 Parnm.
1060 5956 1180 6017 Gn.
1216 5957 1293 6017 ν.

2043 4949 2093 5008 1)
2190 4944 2305 5017 (46)
2345 4944 2458 5017 Cir.
2494 4959 2737 5017 supra,c.
2772 4944 2828 5013 3,
2847 4951 2964 5001 not.
2986 4946 3076 5003 25.

2190 5015 2305 5086 (47)
2344 5015 2460 5071 Cfr.
2492 5015 2570 5071 ad
2593 5016 2839 5086 smyrn.,
2871 5030 2920 5069 c.
2954 5017 3009 5068 4.

2190 5082 2304 5157 (48)
2346 5086 2591 5143 Sensus:
2644 5082 2715 5140 Ιιὶ
2759 5101 2964 5139 summa
2983 5082 3251 5157 _pe_ricu_lo
3291 5093 3445 5155 atque
3488 5092 3699 5157 a'teinw

2115 5152 2306 5213 salutis
2332 5174 2443 5211 suae
2471 5157 2778 5212 discrimine
2802 5165 2946 5210 sunt.
2973 5152 3076 5208 Sed
3102 5155 3219 5219 quis
3248 5170 3332 5209 eos
3360 5152 3698 5208 ’δαηειΡΝοιι

2114 5229 2373 5304 homines,
2410 5228 2500 5304 sed
2526 5227 2807 5304 Chiistus;
2857 5226 2960 5296 ipsi
3005 5235 3128 5278 sunt
3176 5225 3529 5296 relinquendi.
3577 5225 3696 5281 Cir.

2116 5297 2312 5366 Bothe,
2339 5300 2491 5369 Anf.,
2520 5297 2726 5369 p367.

2188 5364 2307 5439 (49)
2341 5364 2535 5423 Codex’
2568 5367 2918 5439 Florentinus
2963 5366 3125 5420 habet
3167 5373 3237 5439 ~et
3277 5364 3696 5439 vet.‘interpres

2113 5436 2266 5509 legit,
2285 5436 2546 5510 ’γεννητὸς
2578 5438 2674 5491 καὶ
2706 5439 3027 5510 ἀγέννητος,
3063 5437 3266 5510 genitus
3285 5444 3353 5510 _et
3389 5436 3651 5510 ingenitus
3677 5477 3695 5503 ,

2116 5505 2279 5565 male.
2303 5505 2497 5564 Plures
2525 5523 2653 5561 vero
2676 5505 2904 5564 codices
2924 5505 3223 5579 Athanasii
3249 5505 3349 5574 (De
3370 5506 3607 5579 synodis)
3640 5508 3693 5561 in

2115 5582 2377 5636 citatione
2416 5580 2521 5634 loci
2577 5580 2740 5648 hujus
2787 5579 2991 5634 habent
3045 5576 3270 5648 γενητὸς
3301 5586 3356 5630 ει
3395 5576 3692 5648 ἀγένήτος,

2116 5653 2293 5722 factus
2321 5660 2371 5704 et
2403 5667 2505 5703 non
2533 5646 2727 5719 factus.
2760 5648 2877 5703 Jac.
2919 5646 3236 5722 saepissime
3265 5648 3427 5722 e_tia_m
3459 5646 3691 5722 argm-

2113 5715 2206 5784 τος
2229 5722 2467 5792 positum
2512 5715 2783 5790 reperitur
2824 5734 2925 5792 pro
2963 5715 3248 5791 ἀγένητος.
3278 5715 3493 5773 Suicer.
3535 5716 3691 5772 Thes.

2114 5807 2160 5848 s.
2192 5808 2243 5848 ν.
2259 5791 2588 5863 Ἀγέννητος.

3337 5948 3412 6011 21
