4134 6390
475 399 583 454 653

1679 383 2015 441 EPISTOLA
2054 384 2146 439 AD
2184 381 2543 439 EPHESIOS.

3649 387 3753 443 65-1

475 518 561 574 ὅτι
597 513 868 588 ἠξιώθην,
902 516 972 569 δι’
1005 505 1082 569 ὧν
1113 512 1339 584 γράφω,
1376 508 1778 584 προσομιλῆσαι
1811 508 1941 579 ὑμῖν
1973 504 2067 560 καὶ

2177 504 2376 570 scribo,
2405 502 2644 574 colloqui
2673 503 2977 568 vobiscum,
3004 512 3059 559 et
3095 503 3261 561 simul
3292 504 3565 576 gaudere;
3598 508 3753 576 quia,

481 608 846 681 ωγχαρῆναι,
880 608 963 661 ὅτι
995 605 1116 660 κατ’
1140 604 1250 677 (65)
1276 602 1433 659 ἄλλον
1456 602 1572 674 βίον
1603 600 1755 654 οὐδὲν
1786 599 2059 669 ἀγαπᾶτε,

476 703 526 756 εἰ
561 701 637 773 μὴ
673 700 835 772 μόνον
866 700 956 754 τὸν
987 699 1141 753 Θεόν.

2174 598 2386 652 ratione
2435 596 2663 651 alterius
2702 596 2826 652 vita:
2875 596 3084 663 habita,
3116 597 3253 651 nihil
3286 597 3513 669 diligitis
3548 608 3741 668 praeter

2170 690 2349 745 solum
2382 687 2579 743 Deum.

1431 812 1500 867 Χ.
1540 811 1703 866 Orate
1730 824 1825 879 pro
1858 808 2006 873 aliis,
2038 806 2154 860 sitis
2188 805 2364 870 mites,
2398 802 2642 869 Immites,
2670 811 2774 857 etc.

546 937 659 992 Καὶ
701 936 843 1011 ὑπὲρ
893 936 1003 990 τῶν
1054 937 1229 992 ἀλλων
1278 935 1335 988 δὲ
1367 930 1670 1006 ἀνθρώπων
1703 927 2067 990 ἀδιαλείπτως

477 1028 867 1103 προσεύχεσθε.
896 1031 1085 1083 Ἔστιν
1116 1028 1225 1102 γάρ
1259 1030 1317 1082 ὲν
1358 1027 1543 1089 αὑτοῖς
1577 1023 1732 1087 ἐλπὶς
1760 1020 2068 1093 μετανοίας,

477 1122 565 1176 ἵνα
609 1121 745 1175 Θεοῦ
780 1120 1038 1192 τύχωσιν.
1095 1119 1457 1193 Ἐπιτρέψατε
1494 1113 1588 1171 οὑν
1628 1117 1814 1180 αὑτοῖς
1858 1114 1963 1168 κᾶν
2006 1114 2073 1166 ὲκ

477 1214 585 1269 τῶν
617 1214 794 1288 ἔργων
820 1215 949 1285 ὑμῖν
992 1212 1421 1285 μαθητευθῆναι.
1458 1210 1568 1284 (64)
1591 1210 1739 1284 Πρὸς
1771 1208 1870 1272 τάς
1901 1206 2072 1279 ὀργάς

476 1305 658 1360 αὑτῶν
692 1306 852 1377 ὑμεῖς
892 1307 1123 1377 πραεῖς,
1160 1303 1302 1377 πρὸς
1358 1302 1460 1366 τὰς
1513 1297 2072 1373 μεγαλορῤημοσὺνας

477 1399 659 1453 αὐτῶν
698 1399 864 1470 ὑμεῖς
900 1397 1325 1469 ταπεινόφρονες
1348 1436 1363 1461 ,
1410 1395 1546 1468 πρὸς
1585 1394 1688 1457 τὰς
1726 1391 2073 1463 βλασφημίας

478 1489 658 1544 αὑτῶν
695 1491 857 1562 ὑμεῖς
895 1490 995 1552 τὰς
1039 1488 1350 1561 προσευχὰς
1372 1485 1507 1557 (65),
1552 1485 1690 1558 πρὸς
1722 1485 1821 1556 τὴν
1864 1483 2073 1553 πλάνην

477 1582 659 1637 αὑτῶν
701 1583 861 1654 ὑμεῖς
884 1581 991 1653 (66)
1029 1581 1232 1655 ἑδραῖοι
1273 1581 1338 1650 τῇ
1368 1578 1569 1642 πίστει,
1608 1577 1746 1651 πρὸς
1781 1577 1841 1630 τὸ
1884 1576 2073 1647 ἄγριον

478 1674 660 1727 αὑτῶν
703 1674 867 1745 ὑμεῖς
897 1674 1118 1746 ἥμεροι.
1139 1673 1233 1744 Μὴ
1269 1669 1660 1734 σπουδάζοντες
1700 1667 2073 1738 ἁντιμιμήσα-

481 1766 607 1819 σθαι
639 1766 859 1831 αὐτοὺς,
882 1764 1104 1835 ἀδελφοὶ
1137 1762 1315 1817 αὑτῶν
1338 1759 1664 1835 εὑρηθῶμεν
1686 1762 1752 1831 τῇ
1778 1758 2068 1829 ἐπιεικείᾳ·

2242 922 2351 979 Sed
2380 932 2433 978 et
2451 936 2550 993 pro
2572 922 2696 978 aliis
2720 922 3035 977 hominibus
3063 920 3434 977 indesinenter
3464 931 3638 976 orate.
3666 919 3761 975 Est

2171 1015 2321 1069 enim
2340 1016 2395 1069 in
2411 1014 2543 1085 ipsis
2556 1029 2681 1085 spes
2696 1013 3051 1083 poenitentiae,
3069 1022 3129 1067 ut
3146 1011 3320 1067 Deum
3345 1012 3755 1067 nanciscantur.

2170 1106 2476 1162 Permittite
2510 1106 2693 1176 itaque
2724 1105 2895 1176 ipsos,
2925 1105 3119 1159 saltem
3149 1119 3217 1158 ex
3240 1103 3519 1174 operibus,
3538 1118 3568 1158 a
3603 1104 3760 1160 vobis

2176 1201 2408 1258 erudiri.
2427 1200 2561 1256 Sitis
2582 1217 2681 1257 vos
2711 1199 2976 1254 adversus
3003 1199 3113 1253 iras
3135 1212 3325 1252 eorum
3356 1196 3539 1263 miles,
3567 1197 3762 1252 adver-

2178 1309 2276 1350 sus
2310 1292 2805 1364 magniloquentias
2836 1305 3025 1346 eorum
3068 1290 3336 1354 humiles;
3368 1304 3558 1344 eorum
3590 1290 3761 1345 male-

2178 1386 2340 1442 dictis
2364 1385 2624 1456 opponite
2644 1399 2743 1439 vos
2768 1399 2976 1455 preces,
3001 1383 3269 1438 adversus
3296 1396 3541 1437 errorem
3566 1397 3759 1437 eorum

2178 1494 2279 1534 vos
2308 1478 2452 1533 firmi
2476 1486 2795 1548 pcrmanete
2827 1477 2880 1530 in
2904 1476 3031 1542 ﬁde,
3058 1476 3321 1532 adversus
3352 1475 3548 1530 eﬂ‘eros
3578 1490 3762 1530 mores

2180 1572 2401 1626 illorum
2420 1586 2517 1626 vos
2548 1571 2826 1630 mansueti
2851 1569 2993 1625 siti‘s.
3014 1566 3134 1623 Non
3168 1569 3316 1638 ipsos
3343 1577 3532 1623 contra
3556 1566 3762 1620 imitari

2182 1663 2386 1728 conati,
2406 1661 2605 1719 fratres
2634 1678 2826 1718 corum
2850 1662 3195 1717 inveniamur
3218 1678 3316 1733 per
3333 1660 3760 1731 benignitatem;

2180 1754 2487 1809 imitatores
2516 1763 2702 1809 autem
2728 1753 2947 1810 Domini
2970 1752 3617 1823 studeamusesse,(quis
3645 1767 3764 1805 ma-

482 1858 718 1929 μιμηταὶ
738 1858 796 1911 δὲ
819 1856 913 1911 τοῦ
933 1856 1140 1928 Κυρίου
1166 1854 1555 1925 σπουδάζωμεν
1584 1850 1744 1917 εἶναι,
1771 1850 1875 1921 (τίς
1908 1849 2071 1903 πλέον

2177 1845 2353 1916 iorem
2385 1845 2644 1916 iujuriam
2678 1861 2878 1916 passus
2902 1856 2987 1902 est
3016 1862 3284 1917 unquam,
3317 1847 3442 1917 quis
3465 1844 3641 1916 magis
3669 1843 3765 1898 de-

479 1926 931 2024 ἀδικηθεὶς,
974 1926 1059 2012 τίς
1096 1945 1496 2019 ἀποστερηθεὶς
1519 1984 1535 2006 ,
1598 1942 2071 2014 τίς⁷ι”ἀθετηθείς;)

2177 1940 2425 2005 stitutus,
2461 1940 2587 2009 quis
2613 1941 2789 2011 magis
2823 1940 3240 2011 contemptus?)
3286 1955 3355 1995 ne
3382 1939 3552 1993 herba
3577 1939 3763 2007 aliqua

482 2044 596 2117 (68)
626 2044 715 2097 ἵνα
752 2043 828 2115 μὴ
861 2041 956 2096 τοῦ
991 2040 1240 2095 διαϐόλου
1268 2038 1377 2111 (69)
1416 2037 1615 2109 βοτάνη
1666 2052 1751 2099 τις
1793 2034 1991 2106 εὑρεθῇ
2016 2036 2075 2089 ὲν

481 2140 613 2211 ὑμῖν
630 2154 644 2168 ⁸
680 2136 798 2192 ἀλλ’
820 2136 881 2189 ὲν
902 2134 1056 2208 πάσῃ
1076 2133 1271 2205 ἁγνείᾳ
1295 2131 1387 2186 καὶ
1409 2128 1733 2201 σωφροσύνῃ
1773 2129 1991 2199 μένητε,
2017 2128 2075 2180 ὲν

493 2228 671 2303 Ἰησοῦ
708 2226 948 2301 Χριστῷ,
986 2224 1265 2297 σαρκικῶς
1308 2223 1402 2277 καὶ
1424 2219 1829 2292 πνευματικῶς.

2175 2032 2380 2088 diaboli
2425 2033 2482 2087 in
2528 2032 2685 2089 vobis
2727 2034 3075 2098 inveniatur;
3107 2033 3202 2089 sed
3240 2034 3296 2087 in
3346 2031 3495 2087 omni
3527 2032 3764 2103 puritate

2176 2120 2231 2182 et
2265 2127 2628 2197 temperantia
2661 2129 2934 2185 maneatis
2955 2168 2970 2195 ,
3004 2128 3062 2183 in
3095 2126 3225 2184 Jesu
3263 2126 3519 2195 Christo,
3565 2142 3764 2183 carna-

2174 2217 2302 2273 liter
2339 2226 2395 2273 et
2422 2219 2804 2289 spiritualiter.

1042 2342 1134 2398 XI.
1174 2341 1482 2396 Novissima
1503 2340 1623 2410 jam
1654 2347 1779 2393 sunt
1814 2348 2087 2408 tempora;
2121 2336 2401 2390 timeamus
2433 2334 2754 2401 Dominum;
2784 2344 2935 2390 orate
2958 2352 3055 2406 pro
3082 2352 3185 2392 me.

554 2462 667 2536 (70)
705 2464 967 2535 Ἔσχατοι
1001 2460 1184 2533 καιροὶ
1223 2458 1338 2531 (71)
1383 2458 1595 2512 λοιπόν.
1640 2455 2069 2528 Δίσχυνθῶμεν,

482 2556 815 2627 φοϐηθῶμεν
831 2556 929 2626 τὴν
951 2553 1333 2626 μακροθυμίαν
1353 2550 1447 2604 τοῦ
1473 2549 1630 2613 Θεοῦ,
1650 2550 1737 2603 ἵνα
1756 2547 1830 2620 μὴ
1845 2549 1976 2619 ἡμῖν
1992 2549 2073 2611 εἰς

482 2651 660 2721 κρῖμα
679 2646 925 2717 γένηται.
964 2646 1035 2699 Ἢ
1054 2642 1163 2717 γάρ
1186 2644 1284 2715 τὴν
1308 2642 1605 2714 μέλλουσαν
1636 2641 1805 2715 ὀργὴν
1826 2639 2076 2711 φοϐηθῶ-

486 2758 605 2811 μεν,
657 2740 692 2811 ἢ
742 2738 844 2810 τὴν
880 2736 1188 2792 ἐνεστῶσαν
1218 2736 1377 2808 χάριν
1412 2734 1811 2804 ἁγαπήσωμεν*
1859 2730 1972 2803 (72)
2015 2731 2074 2785 ἓν

481 2833 591 2886 τῶν
611 2833 724 2887 δύο.
772 2831 951 2885 Μόνον
980 2832 1037 2884 ὲν
1072 2827 1293 2902 Χριστῷ
1344 2826 1518 2899 Ἰησοῦ
1565 2824 1874 2897 εὑρεθῆναι,
1908 2826 1989 2888 είς
2016 2822 2078 2877 τὸ

480 2921 734 2993 ἀληθινὸν
762 2921 880 2992 ζῇν.
916 2920 1099 2993 Χωρὶς
1125 2918 1315 2973 τούτου
1346 2917 1511 2989 μηδὲν
1556 2917 1686 2988 ὑμῖν
1718 2914 1995 2988 πρεπὲτω,
2021 2916 2076 2968 ὲν

479 3008 527 3083 ᾧ
544 3014 613 3069 τὰ
632 3014 808 3085 δεσμά
834 3012 1137 3085 περιφέρω,
1157 3012 1281 3074 τοὺς
1305 3008 1704 3081 πνευματικοὺς
1729 3008 1843 3080 (73)
1862 3023 2078 3081 μαργα-

483 3107 640 3181 ρίτας
664 3147 678 3172 ,
726 3109 785 3160 ὲν
815 3103 899 3169 οἷς
928 3104 1137 3174 γένοιτό
1188 3120 1279 3174 μοι
1330 3100 1634 3171 ἀναστῆναι
1681 3103 1750 3173 τῇ
1794 3099 2072 3173 προσευχῇ

2249 2452 2560 2510 Novissima
2586 2454 2699 2525 iam
2740 2463 2871 2511 sunt
2894 2462 3160 2526 tempora.
3196 2452 3569 2510 Revereamur
3604 2463 3659 2510 et
3695 2455 3760 2509 ti-

2180 2562 2429 2604 meamus
2456 2548 2550 2603 Dei
2590 2548 3082 2619 longanimitatem,
3111 2564 3181 2603 ne
3210 2547 3563 2619 in-judicium
3602 2548 3764 2604 nobic

2178 2641 2357 2696 cedat.
2386 2640 2497 2696 Aut
2522 2640 2669 2695 enim
2704 2638 2949 2695 futuram
2980 2641 3275 2697 timeamus
3299 2629 3460 2708 iram,
3498 2647 3595 2696 aut
3622 2656 3767 2711 pra:-

2180 2742 2389 2789 sentem
2419 2732 2651 2803 gratiam
2682 2732 3006 2803 diligamus;
3038 2747 3211 2786 unum
3238 2748 3303 2785 ex
3332 2732 3570 2787 duobus.
3607 2731 3765 2787 Modo

2176 2824 2235 2879 in
2264 2823 2489 2880 Christo
2518 2821 2651 2879 Jesu
2678 2823 3045 2888 inveniamur,
3075 2823 3144 2877 ad
3174 2836 3360 2877 veram
3383 2822 3552 2876 vitam
3572 2823 3765 2878 viven-

2176 2912 2326 2969 dam.
2388 2913 2522 2970 Sine
2570 2914 2692 2984 ipso
2740 2914 2878 2968 nihil
2912 2930 3014 2970 vos
3050 2914 3264 2979 deceat,
3308 2914 3365 2969 in
3406 2930 3517 2984 quo
3546 2914 3763 2969 vincula

2174 3006 2506 3064 circumfero
2531 3007 2844 3078 spirituales
2876 3006 3227 3079 margaritas,
3257 3007 3312 3062 in
3342 3008 3547 3078 quibus
3577 3024 3767 3065 resur-

2176 3115 2304 3172 gere
2330 3100 2465 3155 mihi
2492 3100 2776 3172 contingat
2800 3102 3050 3157 oratione
3075 3113 3279 3167 vestra,
3327 3105 3489 3176 cujus
3520 3120 3608 3161 me
3638 3112 3767 3175 opto

483 3200 658 3272 ὑμῶν,
684 3194 752 3271 ἧς
778 3197 990 3268 γένοιτό
1023 3214 1114 3269 μοι
1148 3197 1238 3250 ἀεὶ
1266 3195 1493 3266 μέτοχον
1523 3189 1663 3249 εἶναι
1683 3233 1699 3260 ,
1737 3194 1827 3248 ἵνα
1854 3196 1912 3247 ὲν
1941 3191 2071 3264 κλή-

2177 3208 2394 3262 semper
2420 3192 2537 3247 fieri
2568 3192 2911 3262 participem,
2938 3202 2997 3247 ut
3036 3192 3288 3248 inveniar
3311 3193 3367 3249 in
3393 3205 3545 3251 sorte
3584 3194 3764 3267 Ephe-

485 3309 564 3366 ρῳ
612 3290 875 3361 Ἐφεσίων
906 3287 1114 3362 εὑρεθῶ
1156 3286 1267 3340 τῶν
1293 3284 1668 3362 Χριστιανῶν,
1719 3283 1769 3339 οἳ
1824 3284 1919 3339 κα)¹
1959 3286 2073 3346 τοῖς

481 3381 809 3444 ἀποστόλοις
857 3380 1092 3435 πάντοτε
1145 3377 1443 3449 συνῄνεσαν
1498 3380 1557 3431 ἐν
1607 3377 1836 3448 δυνάμει
1894 3374 2073 3447 Ἰησοῦ

482 3471 747 3545 Χριστοῦ.

2176 3288 2387 3343 siorum
2411 3286 2874 3353 Christianorum,
2898 3289 2991 3359 qui
3017 3297 3072 3345 et
3098 3291 3365 3360 apostolis
3394 3306 3609 3362 semper
3631 3305 3766 3347 cou-

2178 3385 2471 3433 senserunt
2496 3377 2548 3431 in
2579 3377 2781 3433 virtute
2806 3376 2935 3433 Jcsu
2963 3378 3191 3436 Christi.

1870 3565 2053 3623 Fetus
2098 3563 2441 3640 interpres.

484 3696 689 3764 quibus
714 3706 771 3752 et
793 3698 1076 3752 exsultans
1106 3696 1458 3767 digniflcatus
1483 3710 1606 3749 sum
1626 3736 1640 3759 ,
1662 3708 1775 3767 _per
1808 3708 1931 3764 quzc
1969 3693 2176 3760 scribo,
2217 3693 2421 3763 alloqui
2455 3692 2632 3760 vobis,
2662 3700 2718 3748 et
2746 3692 3125 3763 congaudere;
3159 3694 3422 3764 quoniam
3456 3694 3762 3751 secundum

484 3768 648 3822 aliam
679 3769 849 3823 vitam
882 3769 1021 3823 nihil
1050 3764 1280 3838 diligitis
1307 3767 1415 3821 nisi
1446 3766 1625 3821 solum
1661 3764 1854 3819 Deum.

1939 3882 2175 3939 CAPUT
2232 3883 2282 3937 Χ

557 3978 663 4035 Sed
708 3990 763 4035 et
806 3996 905 4051 pro
963 3982 1087 4037 aliis
1134 3981 1452 4037 hominibus
1506 3980 1876 4035 indesinenter
1930 3980 2101 4033 Deum
2146 3980 2335 4034 oratis.
2394 3978 2490 4034 Est
2529 3979 2697 4051 enim
2729 3980 2783 4034 in
2829 3979 2964 4050 ipsis
3005 3994 3128 4049 spes
3166 3979 3516 4047 poenitentiae,
3553 3987 3611 4033 ut
3652 3980 3764 4036 Deo

486 4051 785 4123 poliantur.
810 4050 1050 4107 ’Monete
1102 4053 1270 4123 igitur
1319 4054 1470 4123 ipsos
1505 4051 1700 4123 saltem
1745 4066 1814 4105 ex
1866 4052 2192 4123 operibusa
2226 4051 2391 4123 vobis
2415 4051 2644 4105 erudiri.
2673 4050 2756 4105 Ad
2797 4051 2908 4105 iras
2940 4052 3316 4123 ipsorumvos
3361 4054 3656 4123 mansueti,
3689 4054 3757 4106 ad

484 4121 854 4192 magniloquia
897 4138 1087 4176 eorum
1129 4121 1236 4177 vos
1274 4121 1502 4177 humilia
1532 4122 1831 4190 sapientes,
1867 4122 1934 4176 ad
1963 4121 2339 4192 blaisphcmias
2382 4121 2624 4190 ipsorum
2665 4136 2765 4175 vos
2791 4123 3104 4192 orationes,
3139 4122 3205 4175 ad
3238 4136 3481 4192 errorem
3517 4122 3762 4192 ipsorqu

484 4189 759 4274 vos'lirmi
783 4194 905 4257 (ide,
939 4192 1005 4246 ad
1052 4193 1546 4275 agrestejpsorum
1584 4189 1685 4245 vos
1724 4192 2024 4275 mansueti.
2046 4189 2168 4275 an
2198 4189 2531 4275 festinantes
2547 4192 2752 4275 imitari
2786 4191 2966 4275 ipsos,
3004 4193 3202 4246 fratres
3236 4191 3481 4272 ipsorum
3517 4189 3766 4275 invenia-

486 4277 612 4316 mur
655 4265 710 4317 in
766 4261 1228 4318 mansuetudine:
1282 4263 1588 4317 imitatores
1617 4270 1798 4316 autem
1850 4262 1945 4316 Dei
1980 4262 2302 4318 Studeamus
2329 4276 2479 4332 esse;
2514 4261 2663 4331 (quis
2699 4262 2822 4331 plus
2854 4262 3119 4332 injustum
3157 4263 3419 4331 patiatur,
3453 4262 3579 4331 quis
3613 4261 3766 4316 frau-

484 4333 664 4398 detur,
692 4334 816 4403 quis
838 4333 1271 4403 contemnatur?)
1296 4342 1366 4403 Aut
1397 4348 1505 4386 non
1557 4333 1761 4387 diaboli
1813 4332 1982 4387 herba
2004 4332 2131 4403 quis
2155 4331 2470 4387 inveniatur
2497 4332 2551 4387 in
2574 4333 2755 4399 vobis,
2784 4334 2882 4388 sed
2914 4331 2969 4387 in
3010 4334 3163 4387 omni
3194 4333 3446 4387 castitate
3478 4342 3534 4387 ct
3555 4343 3765 4403 tempe-

485 4404 662 4459 rantia
705 4401 999 4471 maneatis,
1032 4404 1089 4457 in
1119 4401 1260 4459 Jesu'
1280 4401 1525 4469 Christo,
1555 4402 1850 4458 carnaliter
1876 4411 1933 4458 et
1961 4401 2321 4473 spiritualiter

1945 4546 2177 4604 CAPUT
2222 4546 2317 4603 XI.

558 4639 816 4696 Extrema
847 4651 1093 4713 tempora
1125 4661 1138 4697 :
1174 4644 1241 4697 de
1268 4652 1465 4699 cancro
1494 4643 1929 4699 verecundemur
1959 4652 2016 4698 et
2048 4645 2344 4699 timeamus
2374 4643 2851 4711 longanimitatem
2897 4640 3026 4708 Dei;
3071 4648 3135 4695 ut
3186 4655 3295 4695 non
3332 4640 3497 4695 uobis
3529 4639 3583 4713 in
3611 4638 3763 4713 judi-

486 4709 632 4796 cium
667 4714 783 4796 fiat:
817 4713 911 4767 Vel
938 4709 1083 4794 enim
1106 4713 1371 4796 futuram
1409 4715 1546 4768 iram
1578 4716 1905 4796 timeamus,
1921 4715 2007 4769 vel
2031 4722 2361 4796 praasentc‘m
2389 4709 2622 4796 gratiam
2662 4714 3198 4796 dili_gamus;.unu'm
3234 4714 3468 4796 duorum
3500 4711 3676 4790 solum
3706 4710 3760 4789 i_u

486 4781 709 4837 Christo
758 4782 889 4839 Jesu
937 4784 1235 4852 invenitur,
1285 4785 1340 4838 iu
1376 4800 1565 4840 verum
1611 4786 1819 4841 vivere.
1852 4785 1984 4840 Sine
2030 4780 2152 4855 ipso
2184 4785 2323 4839 nihil
2365 4780 2464 4839 vos
2501 4785 2727 4851 deceat;
2753 4780 2807 4838 in
2831 4798 2942 4852 quo
2972 4782 3193 4838 vincula
3216 4780 3567 4844 circumfero,
3596 4780 3761 4849 spiri-

468 4954 469 4963 η
556 4934 751 5009 (65),].
790 4952 843 4992 e.
885 4938 1188 4993 secundum
1241 4939 1384 5009 hanc
1434 4940 1603 4994 vitam
1643 4939 2016 4996 Christianam
2041 4979 2058 5005 ,
2093 4943 2139 4999 D
2170 4956 2357 4994 σονται
2392 4940 2536 5009 (cap.
2566 4940 2634 4994 Μ
2664 4939 2810 4994 circa
2836 4938 2956 5006 lin.)
2987 4938 3190 4993 desunt
3220 4936 3363 5007 apud
3398 4935 3621 5009 Syrum.

485 5020 609 5075 quas
638 5006 751 5060 alia
778 5016 863 5063 est
887 5024 919 5063 a
955 5010 1214 5064 naturali.
1258 5008 1452 5064 Sulru.

559 5076 672 5146 (64)
710 5076 905 5151 Liueas
934 5091 1225 5149 sequentes
1265 5078 1437 5151 Syrus
1478 5080 1655 5151 magis
1700 5080 1767 5134 ad
1813 5095 2060 5147 sensum,

485 5161 659 5219 quam,
683 5150 752 5219 ad
781 5149 1016 5203 litteram
1051 5149 1443 5219 interpretatus
1465 5158 1568 5204 est.

556 5217 671 5285 (65)
704 5216 1212 5291 Deest‘quidpiam‘
1237 5220 1303 5291 ad
1350 5219 1739 5291 absolvendam
1781 5220 2059 5291 syntaxin.

483 5283 847 5360 Interpolator
877 5283 1421 5360 ὴρῠείάντιτάξατε,
1444 5290 1595 5360 quod
1630 5306 1742 5345 non
1770 5283 2063 5347 iucouciu-

482 5373 613 5411 num
649 5359 885 5412 videtur.
916 5358 1111 5415 Surru.

555 5428 669 5499 (66)
707 5428 821 5499 _Cfr.
850 5430 1065 5486 Coloss.
1100 5447 1139 5492 ι,
1167 5429 1261 5484 εδ.

2240 5012 2355 5081 (69)
2373 5007 2499 5066 llaec
2526 5010 2849 5079 metaphora
2875 5010 3077 5079 saepius
3106 5009 3344 5063 occurrit
3364 5009 3508 5077 apud
3526 5007 3583 5061 S.
3603 5007 3760 5076 lgna~

2169 5080 2327 5135 tium.

2240 5152 2356 5220 (70)
2395 5150 2588 5221 Capita
2620 5149 2787 5205 11-15
2828 5147 2960 5203 incl.
3003 5148 3062 5203 in
3086 5147 3344 5203 versione
3376 5145 3601 5217 Syriaca
3645 5162 3756 5202 non

2164 5220 2444 5292 leguntur.

2240 5288 2353 5362 (71)
2394 5290 2664 5345 Smithius
2686 5298 2741 5344 et
2760 5288 3106 5345 Jacobsonus
3128 5296 3254 5344 ante
3280 5288 3467 5344 λοιπόν
3490 5296 3755 5357 punctum

2169 5373 2267 5416 aut
2297 5362 2456 5415 colon
2486 5369 2719 5431 ponunt.

2244 5432 2359 5501 (72)
2401 5431 2458 5485 In
2486 5428 2807 5484 'Parallelis
2864 5428 3259 5483 Damascenicis
3310 5428 3756 5501 Rupcfucaidinis

554 5497 667 5573 (67)
692 5497 783 5573 _lta
817 5500 1045 5573 minima
1073 5502 1374 5555 mutatione
1403 5497 1691 5573 legendum
1733 5509 2061 5573 puto;_na_m
2170 5497 2352 5557 exstat
2381 5502 2772 5573 fragmentum,
2794 5502 2958 5573 Aquod
2989 5503 3133 5573 hunc
3164 5502 3345 5573 locum
3379 5500 3460 5573 sic
3485 5500 3753 5573 eghihctj

480 5569 785 5643 βιῶ-ἥψω
810 5569 1115 5643 ε-ἀδίικηθεῖ,
1144 5570 1537 5643 ἀποστερηθεῖ,
1575 5570 1853 5643 ἀθετηθεῖ.
1886 5570 2066 5643 Mark-

480 5638 677 5713 landus
729 5638 1313 5713 οοηίίοἰιίηδικῄθη.
1355 5638 1744 5713 ⁷διτῆεεςεῖτερνέιθη,
1792 5640 2058 5713 ἡθετήθη.

482 5706 609 5763 Haec
650 5706 1187 5780 verba'parenthcsi'
1211 5706 1535 5767 includenda
1565 5706 1708 5776 esse,
1738 5706 1853 5783 jam
1879 5706 2061 5765 Markl

479 5780 677 5835 landus
702 5780 854 5834 vidit.

550 5850 663 5921 (68)
701 5852 817 5905 Ἵνα
852 5853 927 5925 μὴ
960 5850 1334 5932 τοῦιδιασόλου
1361 5872 1415 5911 κ.
1442 5872 1491 5911 τ.
1515 5853 1565 5910 λ.
1590 5868 1764 5926 usque
1791 5854 1857 5910 ad
1888 5852 2061 5925 ὀφθή-

2183 5568 2589 5643 Ἀγαπήσωνμεν
2640 5574 2699 5625 ὲν
2748 5568 2841 5643 τῷ
2872 5570 2991 5643 νῦν
3019 5570 3169 5643 βίῳ,
3210 5571 3369 5643 μόνον
3420 5568 3756 5643 ὲν-Χριστῷ

2183 5624 2726 5714 ’ῖησοῦνεὺρὲθῶμεψ
2765 5624 2934 5696 αλιι..
2967 5624 3049 5695 Ad
3085 5624 3419 5696 inﬁnitivum
3459 5624 3755 5713 εὑρέθῆναί

2170 5713 2497 5771 subauditur
2524 5713 2625 5777 δεῖ,
2659 5722 2719 5766 ut
2753 5728 2913 5782 saepe.

2242 5785 2356 5855 (75)
2396 5783 2510 5839 Cfr.
2544 5782 2729 5854 Polyc.
2762 5781 2840 5839 ad
2867 5781 3033 5852 Phil.,
3073 5797 3123 5841 c.
3164 5782 3215 5836 1.
