4134 6392
1354 366 1605 425 SANCTI
1666 368 1920 425 IGNATII
1956 370 2315 427 EPISTOLIE
2365 374 2716 434 GENUINA'Z.

1364 487 1480 545 XII.
1511 489 1656 545 Laus
1684 490 2054 546 Enlmiorum.
2088 491 2411 562 Martyrium
2439 497 2664 551 instans.

379 371 485 428 οδε
1354 371 1605 425 SANCTI
1666 371 1920 425 rerum
1956 371 2315 427 EPISTOLIE
2365 374 2716 434 GENUINAZ.
3531 381 3642 439 σεδ

452 609 580 665 Scio
604 608 729 679 quis
753 607 855 663 sim
881 614 935 662 et
963 606 1165 676 quibus
1194 608 1455 663 scribam.
1489 609 1600 681 Ego
1628 611 1942 666 condemna-

2133 614 2247 685 (74)
2278 610 2430 680 υίδα,
2464 616 2549 679 τίς
2578 618 2694 687 είμι
2739 616 2832 670 καὶ
2871 616 3015 671 τίσιν
3043 615 3260 691 γράφω.
3296 617 3440 688 Ἐγὼ
3479 619 3649 673 κατά-

380 713 489 770 tus,
520 719 618 757 vos
651 700 1084 756 misericordiam
1125 701 1395 767 assecuti;
1440 716 1541 771 ego
1581 702 1826 771 pericqu
1854 702 1942 757 ob-

2062 723 2288 779 κριτος,
2324 707 2483 778 ὑμεῖς
2528 707 2842 780 ἠλεημένοι·
2890 708 3001 778 ἐγὼ
3031 710 3137 763 ὑπὸ
3184 710 3447 777 κίνδυνον,
3488 712 3649 784 ὑμεῖς

378 795 597 857 noxius,
629 808 727 847 vos
761 792 1092 847 confirmati.
1132 790 1427 848 Transitus
1451 793 1587 848 estis
1618 809 1834 861 eorum,
1860 799 1942 864 qui

2060 800 2469 872 ὲστηριγμένοι.
2503 799 2619 873 (75)
2649 801 2894 874 Πάροδός
2923 804 3047 856 ὲστε
3088 802 3199 856 τῶν
3227 806 3309 868 είς
3337 804 3471 858 Θεὸν
3495 807 3649 859 ἀναι-

379 887 453 941 ita
484 885 906 947 interﬁciuntur,
936 894 997 939 ut
1024 883 1091 938 ad
1120 882 1293 938 Deum
1322 884 1576 951 veniant;
1606 883 1763 938 Pauli
1804 900 1942 955 sym.

2059 889 2335 962 ρουμένων
2354 908 2368 921 ·
2404 890 2619 945 Παύλου
2646 892 2758 964 (76)
2786 892 3131 964 συμμύσται,
3160 894 3254 948 τοῦ
3286 896 3642 968 ἡγιασμένον,

379 988 590 1050 mystae,
624 979 717 1047 qui
748 976 1144 1040 sanctiﬁcatus,
1175 977 1501 1047 martyrium
1523 987 1878 1043 consecutus,
1901 989 1942 1032 e1

2054 979 2150 1034 τοῦ
2184 985 3196 1059 μεμαρτυρημένου,ἀξιομακαρίστου,
3230 981 3292 1041 οὗ
3318 989 3526 1057 γένοιτό
3555 1005 3645 1061 μοι

377 1072 541 1142 digne
570 1070 765 1125 beatus
795 1079 901 1135 est,
945 1068 1013 1123 ad
1053 1069 1211 1138 cujus
1242 1068 1472 1139 vestigia
1509 1069 1791 1139 contingat
1818 1070 1942 1124 mihi

2056 1070 2163 1125 ὑπὸ
2202 1073 2271 1126 τὰ
2304 1074 2425 1147 ῐχνη
2454 1074 2807 1147 οεὺρεθῆναι,
2855 1078 2935 1131 ὅτ’
2982 1078 3050 1131 ἂν
3085 1077 3221 1132 Θεοῦ
3266 1079 3539 1151 ἐπιτύχω,
3586 1081 3645 1144 ὃς

376 1172 440 1217 ut
468 1163 737 1227 inveniar,
766 1161 993 1231 quando
1024 1159 1119 1215 Dei
1153 1160 1427 1230 particeps
1455 1160 1552 1226 ﬁo,
1580 1160 1676 1233 qui
1702 1171 1817 1217 tota
1839 1163 1942 1233 epi«

2056 1166 2115 1218 ὲν
2145 1164 2257 1235 (77)
2296 1164 2450 1240 πάσῃ
2481 1167 2740 1241 ἐπιστολῇ
2772 1168 3101 1241 μνημονεύει
3142 1170 3297 1241 ὑμῶν
3326 1174 3385 1227 ὲν
3424 1172 3646 1246 Χριστῷ

376 1255 518 1311 stola
550 1268 761 1309 memor
790 1252 955 1307 vestri
984 1260 1070 1307 est
1094 1252 1151 1306 in
1181 1252 1402 1308 Christo
1426 1250 1580 1308 Jesu.
2077 1253 2280 1327 Ἰησοῦ.

1446 1364 1590 1423 XIII.
1618 1367 1899 1423 Conuenite
1926 1371 2119 1441 uepius
2144 1372 2214 1425 ad
2252 1370 2455 1426 cultum
2490 1371 2608 1429 Dei.

446 1485 581 1541 Date
604 1485 788 1555 itaque
815 1499 1035 1555 operam
1073 1493 1134 1539 ut
1174 1484 1423 1539 crebrius
1447 1488 1851 1558 eongregemini
1882 1490 1942 1544 ad

2128 1489 2241 1564 (78)
2271 1490 2607 1557 Σπουδάζετε
2628 1482 2744 1559 οῦν,
2772 1493 2883 1566 (79)
2914 1495 3247 1570 πυκνότερον
3278 1496 3639 1568 συνέρχεσθαι

374 1579 576 1649 gratias
600 1576 711 1632 Deo
735 1577 993 1644 agendas,
1015 1584 1068 1631 et
1097 1575 1164 1630 ad
1191 1591 1315 1630 eum
1344 1576 1698 1632 laudandum.
1718 1578 1942 1644 Quando

2056 1583 2136 1644 είς
2160 1582 2510 1655 εὐχαριστίαν
2542 1583 2678 1637 Θεοῦ
2707 1586 2799 1639 κα)⁸
2827 1589 2906 1651 είς
2930 1587 3043 1658 (80)
3077 1588 3257 1654 δόξαν.
3290 1590 3405 1641 ⁹Ὀτ’
3440 1591 3505 1643 ἂν
3533 1591 3641 1663 γὰρ

374 1671 524 1726 enim
559 1670 758 1739 saepius
794 1670 846 1721 in
880 1667 1133 1721 eumdem
1164 1667 1346 1721 locum
1376 1668 1702 1731 convenitis,
1746 1670 1942 1725 labefa-

2056 1674 2279 1738 πυκνῶς
2309 1675 2400 1728 ἐπὶ
2430 1676 2491 1728 τὸ
2519 1677 2652 1730 αὐτὸ
2689 1678 2934 1747 γίνεσθε,
2973 1678 3362 1753 καθαιροῦνται
3392 1684 3446 1735 al
3480 1682 3643 1737 δυνά-

373 1771 597 1818 ctantur
624 1762 768 1816 vires
804 1759 1040 1823 Satanae,
1070 1768 1125 1813 et
1144 1759 1440 1813 concordia
1467 1770 1661 1815 vestra:
1690 1760 1814 1815 ﬁdei
1842 1762 1942 1817 sol-

2060 1778 2182 1832 μεις
2214 1763 2306 1815 τοῦ
2337 1765 2569 1832 Σατανᾶ,
2602 1768 2697 1821 καὶ
2732 1769 2920 1822 λύεται
2950 1771 2979 1823 ὁ
3016 1770 3235 1842 ὄλεθρος
3264 1772 3430 1825 αὑτοῦ
3473 1775 3531 1827 ὲν
3571 1777 3637 1845 τῇ

371 1856 518 1910 vitur
558 1853 808 1919 exitium,
841 1852 987 1921 quod
1036 1850 1125 1905 ille
1170 1849 1356 1907 infert.
1400 1848 1552 1905 Nihil
1596 1853 1942 1921 praestantius

2056 1853 2281 1928 ὁμονοίᾳ
2340 1856 2495 1928 ὑμῶν
2553 1860 2655 1930 τῆς
2702 1860 2960 1925 πίστεως.
3002 1862 3171 1915 Οὐδέν
3230 1866 3377 1917 ὲστιν
3417 1864 3642 1935 ἄμεινον

369 1961 504 2015 pace
533 1955 635 2008 est,
666 1960 773 2014 qua
811 1942 1058 1999 aboletur
1097 1955 1262 1996 omne
1310 1941 1513 1996 bellum
1559 1943 1863 1998 caelestium
1899 1952 1942 1999 et

2055 1946 2295 2018 εἰρήνης,
2327 1949 2387 2001 ὲν
2423 1943 2457 2023 ᾖ
2485 1952 2594 2015 πᾶς
2627 1950 2865 2024 πόλεμος
2892 1957 3263 2028 ⁵καταργεῖται
3299 1959 3639 2029 ἐπουρανίων

370 2045 738 2093 ωιτεῐιοηιω.
1910 2102 1913 2105 Ι

2059 2038 2154 2091 καὶ
2180 2037 2463 2107 ὲπιγείων.
3069 2032 3077 2042 ’

875 2148 1017 2205 XIV.
1051 2148 1295 2204 Teneatis
1325 2150 1483 2220 ﬁdem
1514 2161 1564 2206 et
1596 2152 1934 2219 charitatem,
1963 2160 2013 2207 et
2043 2152 2286 2222 operibus
2317 2171 2405 2209 vos
2438 2156 2775 2213 Christianos
2811 2160 3115 2230 praebeatis.

437 2270 684 2340 Quorum
713 2272 847 2328 nihil
876 2288 975 2329 vos
1006 2273 1164 2341 latet,
1197 2274 1242 2329 si
1270 2273 1510 2344 perfecte
1542 2275 1851 2331 habueritis
1895 2275 1949 2330 in

366 2363 553 2419 Jesum
577 2364 858 2419 Christum
907 2364 1066 2419 ﬁdem
1095 2373 1150 2418 et
1184 2365 1529 2429 charitatem,
1565 2382 1687 2437 qua:
1732 2366 1950 2421 initium

367 2458 492 2512 vita:
522 2465 577 2512 et
608 2457 732 2512 ﬁnis
762 2465 910 2512 sunt.
958 2454 1299 2525 Principium
1338 2456 1559 2525 quidem
1608 2456 1777 2521 ﬁdes,
1824 2455 1951 2512 ﬁnis

366 2564 498 2603 vero
529 2547 790 2603 charitas.
819 2545 945 2601 Haec
982 2553 1165 2600 autem
1195 2547 1305 2601 duo
1340 2547 1394 2601 in
1429 2562 1599 2601 unum
1629 2547 1879 2602 coeuntia
1916 2562 1948 2602 a

368 2642 480 2697 Deo
510 2649 670 2709 sunt;
699 2640 883 2694 omnia
914 2654 1045 2694 vero
1072 2641 1178 2694 alia
1206 2640 1273 2693 ad
1303 2639 1628 2708 probitatem
1659 2647 1944 2694 consectae

366 2749 469 2788 nea
496 2742 647 2789 sunt.
678 2730 875 2787 Nullus
904 2730 1064 2785 ﬁdem
1095 2730 1355 2800 proﬁtens
1380 2737 1591 2800 peccat,
1622 2744 1800 2799 neque
1823 2729 1947 2784 cha-

365 2827 581 2881 ritatem
608 2822 900 2895 possidens
928 2822 1060 2878 odit.
1095 2820 1382 2876 Manifesta
1413 2829 1499 2876 cst
1528 2820 1694 2874 arbor
1721 2836 1789 2874 ex
1830 2819 1948 2875 fru-

365 2927 459 2975 ctu
510 2933 645 2985 suo;
688 2917 965 2981 similiter,
1001 2917 1096 2988 qui
1145 2916 1472 2988 proﬁtentur
1514 2929 1573 2970 se
1601 2914 1948 2971 Christianos

364 3026 509 3077 csse,
537 3008 717 3077 exiis,
748 3024 869 3079 quae
894 3007 1124 3074 faciunt,
1150 3015 1462 3063 cernentur.
1481 3003 1602 3058 Non
1623 3005 1769 3059 enim
1798 3019 1948 3059 nunc

364 3103 712 3175 professione
742 3118 884 3174 opus
918 3111 1022 3167 est,
1054 3101 1149 3156 sed
1176 3100 1224 3155 si
1253 3100 1379 3171 quis
1405 3098 1460 3153 in
1484 3097 1688 3153 virtute
1714 3095 1837 3151 ﬁdei
1860 3095 1946 3150 in-

362 3198 616 3253 veniatur
641 3210 816 3265 usque
837 3194 904 3249 ad
928 3193 1112 3247 ﬁnem.

2126 2271 2236 2342 (8l)
2263 2264 2364 2325 Ὧν
2394 2273 2551 2327 οὐδὲν
2578 2274 2832 2330 λανθάνει
2861 2277 3025 2348 ὑμᾶς,
3060 2278 3154 2331 ἐὰν
3174 2277 3394 2343 τελείως
3418 2279 3498 2345 είς
3543 2280 3641 2352 Ἰη-

2055 2361 2181 2415 σοῦν
2208 2363 2441 2434 Χριστὸν
2470 2364 2631 2435 ἔχητε
2654 2367 2754 2439 τὴν
2785 2368 2967 2422 πίστιν
2996 2369 3093 2422 καὶ
3115 2370 3213 2441 τὴν
3237 2370 3481 2442 ἀγάπην,
3515 2372 3640 2441 ἥτις

2053 2454 2203 2508 ἐστὶν
2260 2457 2406 2528 ἀρχὴ
2458 2457 2605 2529 ζωῆς
2650 2460 2745 2513 καὶ
2802 2462 2974 2525 τέλος.
3023 2462 3133 2534 (82)
3177 2464 3341 2534 Ἀρχὴ
3401 2465 3498 2536 μὲν
3544 2467 3639 2519 πί-

2053 2561 2189 2611 στις,
2219 2545 2328 2617 (85)
2361 2547 2515 2611 τέλος
2542 2548 2601 2601 δὲ
2632 2549 2845 2623 ἀγάπη.
2882 2551 2965 2605 Τὰ
2985 2552 3041 2606 δὲ
3064 2553 3179 2619 δύο,
3212 2556 3270 2608 ὲν
3301 2555 3515 2626 ἑνότητι
3539 2573 3637 2625 γε-

2052 2632 2275 2709 νόμενα,
2313 2639 2422 2709 (84)
2446 2639 2585 2693 Θεοῦ
2612 2643 2788 2695 ἐστιν’
2820 2642 2891 2697 τὰ
2923 2644 2979 2697 δὲ
3006 2644 3141 2700 ἄλλα
3175 2647 3352 2701 πάντα
3381 2650 3461 2713 είς
3480 2651 3641 2703 καλο-

2052 2731 2323 2799 κάγαθίαν
2354 2732 2625 2789 ἀκόλουθά
2648 2736 2819 2790 ἐστιν.
2861 2737 3053 2801 Οὐδεὶς
3077 2739 3262 2794 πίστιν
3303 2743 3639 2811 ἐπαγγελλό-

2055 2840 2215 2894 μενος
2236 2824 2564 2895 ἁμαρτάνει,
2594 2826 2715 2881 οὐδὲ
2736 2828 2959 2899 ἀγάπην
2984 2832 3321 2902 κεκτημένος
3350 2838 3516 2905 μισεῖ.
3532 2837 3640 2890 Φα-

2048 2914 2206 2985 νερὸν
2231 2915 2294 2968 τὸ
2334 2916 2551 2987 δένδρον
2587 2918 2696 2973 ἀπὸ
2726 2919 2822 2973 τοῦ
2867 2921 3082 2991 καρποῦ
3118 2923 3350 2976 αὐτοῦ’·
3378 2925 3551 2990 οὕτως
3587 2928 3638 2980 οἱ

2052 3006 2513 3078 ιπαγγελλὸμενοι
2540 3010 2857 3080 Χριστιανοὶ
2889 3008 3027 3065 εἶναι
3046 3052 3061 3077 ,
3090 3014 3159 3067 δι’
3191 3010 3267 3067 ὧν
3299 3016 3637 3087 πράσσουσιν

2042 3098 2391 3170 δφθήσονται.
2426 3100 2501 3154 Οὐ
2538 3101 2649 3174 γὰρ
2687 3103 2796 3173 (85)
2839 3104 2935 3157 νῦν
2968 3106 3300 3174 ἐπαγγελίας
3339 3108 3401 3161 τὸ
3432 3109 3592 3180 ἔργον
3614 3150 3634 3177 ,

1966 3200 2011 3259 c
2044 3189 2161 3245 ἀλλ’
2188 3191 2248 3244 ὲν
2275 3189 2503 3263 δυνάμει
2530 3193 2768 3259 πίστεως
2796 3194 2892 3250 ὲάν
2918 3213 3003 3260 τις
3029 3197 3228 3269 εὑρεθῇ
3260 3200 3339 3262 είς
3362 3199 3535 3263 τέλος.

1711 3330 1893 3389 Vetus
1924 3329 2262 3407 interpres.

364 3438 538 3494 tuales
561 3437 903 3512 margaritas,
938 3435 993 3489 in
1022 3434 1223 3512 quibus
1250 3434 1344 3512 ﬁat
1375 3432 1519 3512 mihi
1539 3446 1825 3512 resurgere
1855 3431 2102 3512 oratione
2128 3444 2305 3488 vestra
2334 3450 2485 3512 :__qua
2518 3436 2612 3492 ﬁat
2640 3438 2775 3493 mihi
2809 3454 3024 3510 semper
3053 3442 3369 3512 participem
3401 3459 3544 3509 esse,
3574 3454 3635 3497 ιιι

366 3512 420 3564 in
486 3520 632 3565 sorte

362 3580 589 3636 Christi.

722 3503 1055 3580 phesiorum
1086 3505 1334 3562 inveniar
1372 3503 1865 3575 _Christianorum;
1910 3503 2005 3572 qui
2056 3512 2111 3558 et
2163 3503 2425 3575 apostolis
2464 3522 2682 3580 semper
2721 3503 3148 3582 consenserunt,
3179 3514 3233 3568 in
3252 3503 3467 3570 'virtute
3496 3503 3627 3568 Jesu

1797 3666 2026 3724 CAPUT
2066 3667 2184 3724 XII.

430 3772 566 3848 Novi
594 3772 719 3848 quis
747 3787 899 3848 sum,
927 3778 985 3848 et
1007 3767 1209 3848 quibus
1240 3766 1446 3822 scribo.
1498 3764 1611 3847 Ego
1663 3764 2084 3848 condemnatus,
2115 3768 2987 3848 vos,propgiationemhabentes
3022 3794 3036 3831 :
3076 3792 3176 3846 ego
3220 3779 3323 3834 sub
3363 3776 3629 3848 periculo,

365 3858 465 3924 vos
488 3834 710 3927 firmati.
747 3834 1039 3922 Transitus
1066 3839 1201 3927 castis
1224 3853 1418 3927 eorum
1437 3838 1537 3927 qui
1681 3834 2359 3927 PeumAinterﬁciuntlur'
2387 3839 2538 3927 Pa’uli
2566 3843 2954 3925 condiscipuli,
2986 3834 3335 3927 sanciiﬁcati,
3365 3834 3632 3927 'martyri-l

362 3912 863 3990 aati,digne_b_eati;
898 3910 1175 3990 cuiusﬁat
1205 3907 1340 3962 mihi
1365 3907 1469 3962 sub
1501 3907 1747 3976 vestigiis
1772 3907 2029 3971 inveniri,
2064 3909 2286 3975 quando
2310 3907 2420 3965 Deo
2446 3910 2630 3980 fruar;
2660 3914 2757 3985 qui
2788 3907 2843 3969 in
2873 3907 3023 3972 omni
3052 3920 3285 3990 epistola
3308 3907 3628 3974 memoriam

359 3983 492 4039 facit
521 3980 686 4038 vestri
717 3983 773 4036 in
802 3980 929 4037 Iesu
957 3980 1202 4034 Christo.

1774 4067 2008 4125 CAPUT
2060 4070 2198 4126 .(III.

430 4171 705 4253 Festinate
757 4172 924 4253 igitur
968 4168 1217 4253 crebrius
1270 4166 1648 4253 convenire-in
1680 4164 1979 4253 gratiarum
2018 4167 2307 4253 actionem
2358 4168 2565 4253 Deihet
2609 4170 2665 4253 in
2707 4172 2959 4253 gloriam.
2991 4173 3316 4253 Cumuenim
3354 4173 3547 4253 crebro
3574 4173 3628 4253 i_n

361 4243 597 4312 idipsum
641 4233 965 4306 convEnitis,
1003 4242 1361 4312 destruuntur
1408 4236 1659 4312 potentiae
1696 4233 1946 4298 Satame;
1982 4245 2035 4289 et
2067 4238 2305 4312 solvitur
2350 4233 2584 4309 perditio
2632 4233 2805 4312 ipsius
2837 4245 2892 4297 in
2924 4246 3216 4300 concordia
3256 4254 3449 4300 vestra:
3475 4245 3625 4298 ﬁdei.

362 4306 510 4370 Nihii
535 4322 620 4367 est
648 4312 842 4367 melius
874 4326 1038 4381 pace,
1070 4310 1125 4364 in
1159 4323 1269 4378 qua
1294 4323 1460 4363 omne
1492 4306 1696 4361 bellum
1730 4314 2034 4361 evacuatur
2056 4306 2367 4364 caelestium
2398 4321 2453 4365 et
2477 4306 2845 4369 terrestrium.

1774 4447 2006 4504 CAPUT
2074 4448 2220 4507 XIV.

432 4554 675 4622 Quorum
701 4552 912 4608 nullum
944 4551 1076 4622 latet
1103 4565 1226 4622 vos,
1252 4547 1297 4622 si
1331 4545 1567 4622 perfecte
1599 4546 1654 4600 in
1679 4545 1866 4622 .Iesum
1895 4546 2179 4622 Christum
2211 4548 2461 4606 habeatis
2490 4549 2649 4622 ﬁdem
2682 4558 2737 4605 et
2761 4550 3117 4616 charitatem;
3142 4546 3629 4622 rquaersuntprin-

363 4617 565 4698 cipium
602 4626 727 4680 vitae
772 4631 828 4679 et
870 4623 1024 4678 Iinis.‘
1050 4620 1386 4689 Principium
1426 4617 1648 4688 quidem
1697 4618 1866 4683 ﬁdes;
1904 4618 2033 4674 ﬁnis
2059 4626 2243 4674 autem
2294 4622 2561 4677 charitas.
2600 4619 2727 4677 Haec
2767 4630 2953 4677 autem
2979 4622 3109 4687 duo,
3139 4617 3194 4675 in
3218 4621 3428 4675 unitate
3456 4618 3625 4683 facta,

429 4769 452 4801 ³
484 4766 676 4822 Matth.
711 4781 812 4833 xu,
851 4766 945 4821 ³55.

434 4921 547 4992 (τι)
582 4918 696 4992 Cfr.
723 4917 954 4992 not._7e.

1962 4924 2008 4979 1)
2040 4914 2233 4985 majori
2276 4913 2671 4985 (interpolata),
2704 4930 2830 4985 quae
2860 4914 3026 4969 habet
3050 4913 3110 4977 ὃς
3140 4913 3372 4967 πάντοτε
3419 4910 3479 4965 ἐν
3507 4911 3631 4972 ταῖς

433 4982 547 5063 (75)
584 4989 624 5063 I.
653 5005 703 5063 e.
731 5005 762 5043 a
782 4989 940 5063 vobis
963 4982 1082 5063 (per
1102 5000 1338 5063 quorum
1368 4986 1639 5063 civitatem
1667 4987 1931 5063 transitus

2036 4982 2295 5063 δεήσεσιιζ
2308 4982 2486 5063 Δαὑτοῦ
2514 4982 2839 5063 μνημονεύει
2872 4985 3081 5063 ήμῶν-(
3096 4985 3251 5055 ὑμῶν

364 5057 451 5117 est
477 5057 544 5115 ab
574 5061 794 5115 Oriente
823 5058 1076 5127 Romam)
1100 5058 1425 5111 roborantur
1454 5057 1513 5121 ii,
1536 5060 1631 5126 qui
1656 5058 1726 5111 oh
1759 5057 1929 5127 Deum

366 5132 789 5195 interﬁciuntur,
816 5145 866 5184 e.
896 5145 948 5198 g.
982 5127 1220 5195 Paulus,
1257 5127 1380 5182 Act.
1410 5142 1526 5192 xu,
1557 5128 1585 5181 1
1621 5145 1705 5197 sq.
1733 5144 1829 5191 xx,
1865 5126 1931 5180 l7

363 5219 472 5273 sq.,
500 5210 556 5273 et
581 5216 729 5273 nunc
748 5214 869 5269 ego.

435 5265 549 5343 (76)
587 5269 626 5324 l.
674 5265 1193 5343 e.__cum__S._P_aqu
1224 5266 1433 5343 initiati
1469 5267 1603 5343 estis
1653 5267 1931 5343 mysteriis

365 5328 544 5397 divini
559 5340 772 5395 consilii
798 5352 852 5394 et
875 5338 1200 5394 Christianae
1225 5338 1490 5396 veritatis.
1513 5338 1635 5393 Cfr.
1662 5328 1867 5407 Ephes.
1897 5352 1955 5391 I._

363 5413 427 5480 9;
460 5427 542 5475 ιιι,
571 5411 637 5475 5;
672 5426 744 5474 ιν,
775 5411 829 5465 9.

573 5455 1113 5554 omni,_se_d
1140 5480 1196 5533 in
1226 5496 1331 5554 una
1353 5477 1747 5554 Jotaepistola.
1766 5455 1941 5554 Cred:

366 5546 746 5619 nerus(Einl.
794 5552 835 5619 I,
879 5567 933 5620 p.
981 5550 1119 5619 595)
1166 5551 1307 5605 male
1348 5548 1646 5610 contendit,
1682 5551 1739 5620 ὲν
1789 5546 1941 5620 πάσῃ

366 5606 619 5692 επιστολῇ
667 5637 773 5675 non
820 5606 1018 5675 ile-bere
1063 5606 1199 5692 verti
1241 5624 1342 5674 τίη
1380 5606 1754 5692 ιοῑαηερὶέιοια
1789 5606 1934 5692 ‘(cfrt

367 5702 557 5747 contra
586 5685 773 5746 Matth.
806 5708 864 5757 ιι,
892 5693 945 5754 5,
990 5691 1084 5743 καὶ
1117 5692 1270 5742 πᾶσα
1309 5685 1653 5760 Ἱεροσόλυμα
1687 5685 1803 5758 μετ’
1833 5688 1935 5739 αὑ-

366 5762 481 5825 τοῦ,
503 5774 553 5817 et
583 5762 740 5816 Rom.
768 5778 845 5824 χι,
870 5761 960 5823 26,
993 5762 1098 5823 πᾶς
1140 5760 1353 5830 Ἰσραὴλ
1384 5759 1733 5828 σωθήσεται),
1758 5766 1814 5830 et
1837 5773 1936 5811 au-

368 5843 563 5903 tumat,
593 5836 773 5890 locum
802 5840 1047 5887 nostrum
1077 5829 1381 5886 sanandum
1409 5844 1529 5887 esse
1554 5845 1584 5885 e
1612 5829 1932 5885 recensione

2076 5112 2079 5119 ,
2256 5055 2372 5144 Cfr.
2400 5054 2841 5144 stt'pr‘a,Ic_a_p._II,.
2869 5054 2983 5111 not.
3020 5054 3108 5109 70.

2138 5128 2225 5193 79)
2257 5126 2373 5180 Cfr.
2404 5127 2475 5181 ad
2507 5125 2694 5196 Polyc.
2723 5142 2774 5181 c.
2813 5125 2867 5179 4.

2147 5146 2225 5193 ιθ)
2257 5146 2373 5180 ων.
2404 5146 2475 5181 θα
2507 5146 2694 5181 ιὐινε.
2723 5146 2774 5181 C.
2813 5146 2867 5179 4.

2109 5146 2227 5267 (80)
2262 5197 2435 5267 Itothe
2466 5199 2544 5265 (p.
2584 5185 2685 5249 451
2727 5194 2939 5267 et7769)
2976 5193 3201 5263 coniicit
3248 5186 3625 5267 ooxﬁv,_qnod

2410 5260 2761 5346 interpretes.
2772 5260 3097 5346 frequenter
3127 5272 3280 5317 notat
3308 5260 3622 5346 convivium;

2117 5338 2227 5407 (8l)
2264 5336 2439 5405 Hujus
2470 5337 2664 5405 capitis
2711 5337 2786 5389 nil
2844 5334 2948 5407 nisi
2996 5334 3502 5407 ultimasententia
3549 5334 3626 5381 υῠ

2041 5402 2303 5478 γὰρ-έεὶς
2330 5402 2483 5478 τέλος
2514 5402 2568 5461 in
2601 5408 2857 5478 versione
2888 5404 3113 5473 Syriaca
3137 5402 3451 5458 exhibetur.

2074 5512 2079 5519 -
2114 5476 2228 5547 (8‘2)
2261 5478 2375 5531 Cfr.
2412 5476 2571 5547 Rom.
2608 5493 2646 5541 ι,
2673 5477 2761 5529 17.

2138 5545 2429 5617 85)-C‘fr.-l
2460 5545 2603 5603 Tim.
2638 5563 2676 5612 ι,
2710 5547 2763 5601 5.

2137 5606 2227 5684 84)
2256 5614 2409 5670 Εἶναι
2440 5632 2563 5671 cum
2605 5606 2727 5687 gen.
2778 5629 2921 5687 saepe
2950 5623 3138 5687 artant
3168 5610 3458 5687 signiﬁcat.
3504 5606 3628 5664 Vet.

2041 5682 2241 5756 interp.
2279 5689 2406 5757 legit
2432 5687 2585 5749 Θεὸς,
2608 5682 2760 5755 quod
2784 5697 2835 5739 et
2857 5682 3070 5757 Parati.
3103 5683 3287 5757 Iiupe[.
3319 5682 3570 5757 liabent,_
3613 5746 3626 5757 _

2115 5748 2227 5826 (85')
2262 5757 2303 5811 I.
2331 5748 2398 5811 ve.
2430 5748 2578 5809 nunc
2617 5748 2727 5809 non
2760 5756 2943 5808 omnia
2981 5755 3096 5826 sola
3139 5748 3466 5821 professione
3505 5748 3628 5805 fidei

2042 5829 2334 5898 adiinpleta
2366 5835 2515 5884 sunt.
2544 5826 2658 5881 Νῦν
2688 5828 2841 5884 deest
2867 5826 3011 5895 apud
3045 5825 3268 5895 Syrum.
