4134 6444
570 431 663 486 661
1742 424 2076 479 EPISTOLA
2109 424 2201 478 AD
2246 423 2659 480 MAGNESIOS.

3724 425 3828 481 662

1786 545 1905 601 ΧΧ.
1941 544 2141 601 Iterum
2181 547 2323 601 vobis
2352 546 2600 600 scribam.

640 670 751 742 (12)
807 671 933 725 Ἐάν
982 688 1049 741 με
1096 665 1409 740 καταξιώσῃ
1471 666 1677 737 Ἰησοῦς
1711 667 1944 738 Χριστὸς
1982 667 2040 719 ὲν
2082 669 2142 738 τῇ

2329 664 2387 720 Si
2410 682 2497 721 me
2520 666 2777 736 dignatus
2815 663 2979 719 fuerit
3000 663 3159 720 Jesus
3177 662 3429 720 Christus
3456 673 3676 735 propter
3713 682 3835 722 ora-

566 765 844 835 προσευχῇ
878 762 1052 833 ὑμῶν,
1084 762 1177 814 καὶ
1206 761 1418 830 θέλημα
1444 754 1501 831 ᾖ,
1538 760 1595 810 ἐν
1620 756 1698 827 τῷ
1723 756 1959 829 δευτέρῳ
1981 758 2150 828 βιϐλι-

563 857 680 927 δίῳ,
715 857 744 910 ὃ
789 855 967 927 μέλλω
1005 854 1237 926 γράφειν
1275 853 1425 922 ὑμῖν,
1479 849 1847 921 προσδηλώσω
1893 852 2042 921 ὑμῖν,
2080 848 2150 923 ἧς

565 946 821 1019 ἠρξάμην
876 946 1190 1017 οἰκονομίας
1238 946 1318 1008 είς
1364 942 1473 1014 (15)
1508 942 1600 994 τὸν
1643 941 1829 995 καινὸν
1867 942 2151 1014 ἄνθρωπον

578 1039 786 1109 Ἰησοῦν
819 1037 1077 1111 Χριστὸν,
1110 1039 1168 1090 ὲν
1193 1038 1259 1107 τῇ
1286 1033 1453 1089 αὑτοῦ
1482 1033 1663 1085 πίστει
1696 1032 1790 1085 καὶ
1813 1034 1871 1085 ὲν
1897 1036 1963 1103 τῇ
1986 1034 2149 1087 αὑτοῦ

566 1133 779 1205 ἀγάπῃ,
813 1132 871 1183 ὲν
906 1131 1068 1185 πάθει
1095 1128 1261 1184 αὑτοῦ
1291 1128 1385 1181 καὶ
1414 1124 1736 1179 ἀναστάσει·
1777 1124 1884 1195 (14)
1918 1126 2153 1197 μάλιστα

566 1218 662 1272 ὲάν
688 1221 717 1272 ὁ
739 1216 946 1290 Κύριός
974 1235 1062 1289 μοι
1085 1214 1436 1287 ἀποκαλύψῃ,
1468 1214 1551 1266 ὃτι
1579 1215 1628 1266 οἱ
1658 1216 1779 1266 κατ’
1806 1213 1975 1286 ἀνδρα
1996 1219 2148 1287 κοινῇ

565 1311 769 1374 πάντες
802 1311 861 1364 ὲν
897 1309 1078 1382 χάριτι
1114 1308 1223 1380 (15)
1250 1305 1309 1373 ὲξ
1333 1307 1597 1376 ὀνόματος
1629 1306 1953 1377 συνέρχεσθε
1974 1309 2030 1360 ἐν
2054 1308 2152 1378 μιᾷ

566 1404 748 1457 πίστει
779 1406 873 1457 καὶ
900 1404 957 1455 ὲν
999 1400 1173 1473 Ἰησοῦ
1204 1402 1444 1473 Χριστῷ,
1480 1403 1557 1475 τῷ
1584 1404 1724 1458 κατὰ
1753 1402 1931 1475 σάρκα
1956 1402 2021 1454 ὲκ
2060 1399 2152 1468 γέ-

567 1513 694 1560 νους
724 1496 908 1561 Δαϐὶδ,
941 1494 1019 1566 τῷ
1052 1493 1153 1565 υἱῷ
1182 1494 1473 1566 ἀνθρώπου
1502 1499 1597 1550 καὶ
1631 1495 1750 1567 Υίῷ
1782 1493 1938 1557 Θεοῦ,
1973 1494 2052 1556 είς
2084 1492 2147 1544 τὸ

567 1587 864 1642 ὑπακούειν
905 1589 1051 1659 ὑμᾶς
1080 1586 1159 1658 τῷ
1191 1588 1475 1658 ὲπισκόπῳ
1520 1589 1615 1641 καὶ
1650 1586 1727 1657 τῷ
1770 1581 2147 1657 πρεσϐυτερίῳ

564 1680 964 1751 ἀπερισπάστῳ
1008 1680 1238 1750 διανοίᾳ,
1286 1679 1383 1732 ἕνα
1415 1680 1579 1751 ἄρτον
1619 1677 1875 1741 κλῶντες,
1901 1677 1961 1738 ὅς
2001 1676 2148 1727 ἐστιν

565 1774 859 1846 φάρμακον
891 1773 1212 1835 ἀθανασίας,
1263 1771 1535 1835 ἀντίδοτος
1575 1770 1669 1824 τοῦ
1711 1770 1785 1842 μὴ
1816 1767 2106 1823 ἀποθανεῖν
2130 1806 2146 1831 ,

564 1866 703 1919 ἀλλά
733 1866 833 1937 ζῇν
865 1867 923 1919 ὲν
965 1866 1141 1936 Ἰησοῦ
1172 1865 1395 1938 Χριστῷ
1421 1864 1511 1919 διὰ
1538 1863 1759 1926 παντός.

2257 758 2461 813 tionem
2520 767 2777 825 vestram,
2805 767 2860 813 et
2878 757 3130 812 voluntas
3156 757 3248 823 sit,
3272 757 3326 811 in
3361 759 3603 813 secundo
3626 759 3831 825 libello,

2256 867 2419 921 quem
2451 852 2757 921 scripturus
2788 866 2909 905 sum
2939 850 3113 916 vobis,
3146 849 3436 905 declarabo
3458 851 3632 918 vobis,
3664 869 3830 923 quam

2255 944 2610 1011 incmperam,
2649 941 3028 997 formationem
3078 942 3132 995 in
3180 956 3381 995 novum
3421 941 3697 998 hominem
3739 944 3829 998 Je-

2257 1047 2380 1088 sum
2412 1032 2720 1098 Christum,
2754 1048 2851 1102 per
2874 1032 3034 1087 [idem
3065 1031 3121 1085 in
3148 1046 3273 1086 eum
3298 1039 3353 1086 et
3376 1046 3474 1102 per
3496 1032 3669 1102 ipsius
3695 1035 3831 1089 dile-

2257 1124 2516 1190 ctionem,
2562 1140 2658 1193 per
2681 1124 2989 1193 passionem
3036 1129 3092 1175 et
3139 1122 3596 1178 resurrectionem
3625 1124 3826 1193 ipsius;

2256 1214 2513 1281 maxime,
2547 1215 2593 1269 si
2626 1214 2892 1270 Dominus
2921 1215 3055 1269 mihi
3086 1213 3434 1281 revelaverit,
3460 1216 3605 1285 quod
3638 1233 3735 1272 vos
3762 1218 3828 1271 ad

2254 1321 2426 1361 unum
2454 1320 2646 1361 omnes
2670 1306 2994 1361 nominatim
3032 1322 3127 1376 per
3170 1305 3408 1377 gratiam
3438 1309 3745 1363 convenitis
3773 1310 3828 1363 in

2256 1415 2364 1456 una
2403 1400 2506 1455 tide
2543 1410 2596 1455 et
2631 1400 2685 1455 in
2731 1416 2842 1455 uno
2890 1398 3019 1455 Jesu
3074 1399 3471 1475 Christo(qui,
3526 1403 3829 1458 secundum

2254 1504 2474 1545 carnem
2498 1505 2565 1545 ex
2598 1504 2794 1561 genere
2818 1489 3009 1556 David,
3036 1490 3178 1546 ﬁlius
3201 1500 3283 1548 est
3309 1492 3547 1549 hominis
3574 1502 3628 1548 et
3659 1493 3830 1550 Filius

2252 1581 2393 1654 Dei),
2425 1590 2485 1637 ut
2522 1582 2790 1637 obediatis
2839 1584 3096 1653 episcopo
3144 1595 3199 1640 et
3258 1585 3596 1657 presbyterio
3650 1596 3831 1641 mente

2253 1674 2546 1741 indivulsa,
2578 1673 2896 1745 frangentes
2932 1692 3128 1745 panem
3160 1693 3354 1745 unum,
3416 1679 3510 1747 qui
3567 1680 3827 1749 pharma-

2252 1781 2379 1820 cum
2420 1766 2844 1822 immortalitatis
2881 1774 2986 1834 est,
3024 1768 3353 1835 antidotum,
3398 1786 3468 1826 ne
3502 1770 3827 1838 moriamur,

2178 1878 2223 1934 Β
2252 1856 2345 1912 sed
2380 1857 2629 1912 vivamus
2652 1872 2867 1927 semper
2897 1858 2952 1912 in
2990 1856 3121 1913 Jesu
3148 1857 3391 1916 Christo.

1755 2003 1899 2059 XXI.
1937 2003 2099 2058 Orate
2126 2017 2221 2072 pro
2256 2016 2337 2053 me
2363 2008 2415 2053 et
2444 2002 2629 2053 valete.

634 2124 749 2200 (16)
791 2127 1107 2199 Ἀντίψυχον
1139 2128 1292 2199 ὑμῶν
1327 2126 1436 2198 ἐγὼ
1456 2168 1471 2194 ,
1515 2129 1609 2182 καὶ
1642 2126 1754 2198 (17)
1781 2127 1840 2182 ὃν
1866 2126 2152 2197 ἐπέμψατε

562 2218 646 2282 είς
676 2216 811 2272 Θεοῦ
841 2221 1006 2291 τιμὴν
1035 2221 1116 2284 εἰς
1144 2219 1419 2293 Σμύρναν,
1474 2220 1597 2273 ὅθεν
1630 2221 1724 2273 καὶ⁵
1751 2219 1950 2290 γράφω
1996 2218 2146 2288 ὑμῖν,

561 2308 901 2379 εὐχαριστῶν
954 2308 1033 2380 τῷ
1077 2309 1269 2381 Κυρίῳ
1295 2348 1310 2373 ,
1365 2308 1592 2378 ἀγαπῶν
1652 2308 2009 2378 Πολύκαρπον
2069 2305 2147 2368 ὼς

564 2398 726 2468 ὑμᾶς.
764 2398 1143 2470 Μνημονεύετέ
1184 2417 1309 2470 μου,
1342 2399 1420 2461 ὡς
1446 2400 1543 2453 καὶ
1569 2398 1724 2470 ὑμῶν
1781 2397 1989 2469 Ἰησοῦς
2019 2399 2147 2468 Χρι-

564 2490 708 2553 στός.
744 2490 1119 2561 Προσεύχεσθε
1154 2490 1296 2563 ὑπὲρ
1328 2489 1776 2562 τῆςἘκκλησίας,
1820 2490 1920 2561 τῆς
1951 2488 2011 2540 ὲν
2045 2488 2148 2541 Συ-

565 2580 686 2652 ρίᾳ,
717 2580 840 2635 ὅθεν
880 2581 1159 2652 δεδεμένος
1187 2584 1267 2645 είς
1316 2580 1534 2653 Ῥώμην
1585 2581 1892 2650 ἀπάγομαι,
1921 2579 2148 2650 ἔσχατος

561 2669 638 2725 ῶν
672 2672 781 2725 τῶν
815 2672 933 2727 ἐκεῖ
964 2672 1197 2735 πιστῶν,
1233 2672 1344 2743 (18)
1374 2671 1563 2744 ὥσπερ
1593 2671 1831 2743 ἠξιώθην
1881 2673 1960 2735 είς
1980 2671 2147 2742 τιμὴν

560 2760 696 2813 Θεοῦ
748 2761 1059 2834 εὑρεθῆναι.
1125 2761 1413 2834 Ἔρρωσθε
1462 2764 1521 2815 ὲν
1563 2762 1683 2832 Θεῷ
1714 2762 1890 2833 Πατρὶ
1946 2761 2041 2815 καὶ¹
2086 2762 2145 2814 ὲν

2325 2118 2583 2175 Vicissim
2604 2120 3001 2175 recreationem
3068 2121 3319 2177 trabeatis
3360 2123 3414 2177 in
3457 2137 3546 2178 me
3573 2131 3628 2178 et
3656 2124 3710 2178 in
3738 2140 3826 2193 eo,

2249 2228 2414 2283 quem
2441 2212 2508 2267 ad
2537 2213 2803 2267 honorem
2836 2212 2930 2268 Dei
2961 2213 3191 2269 misistis
3215 2215 3529 2286 Smyrnam,
3581 2219 3727 2272 unde
3774 2228 3830 2273 et

2250 2304 2432 2361 scribo
2461 2304 2641 2370 vobis,
2672 2305 2877 2375 gratias
2903 2320 3071 2374 agens
3100 2305 3353 2371 Domino,
3392 2307 3625 2377 diligens
3667 2308 3829 2380 Poly-

2247 2412 2497 2466 carpum,
2526 2406 2587 2452 ut
2608 2406 2663 2453 et
2689 2413 2808 2453 vos.
2839 2396 3193 2455 Memineritis
3227 2401 3331 2455 mei
3352 2440 3367 2465 ,
3411 2401 3548 2457 sicut
3582 2411 3635 2456 et
3658 2403 3828 2457 vestri

2249 2490 2413 2545 Jesus
2447 2490 2721 2546 Christus.
2781 2489 2946 2547 Orate
3004 2508 3104 2562 pro
3152 2492 3421 2557 Ecclesia,
3473 2511 3595 2565 quae
3624 2505 3732 2553 (est
3770 2496 3826 2550 in

2252 2581 2432 2652 Syria,
2459 2582 2602 2637 unde
2649 2584 2864 2639 vinctus
2900 2583 3133 2638 Romam
3174 2586 3436 2649 abducar,
3492 2588 3827 2641 novissimus

2250 2674 2493 2729 ﬁdelium
2525 2688 2739 2741 eorum,
2769 2674 2862 2745 qui
2893 2676 2968 2730 ibi
3014 2684 3159 2742 sunt,
3189 2692 3313 2730 cum
3361 2677 3561 2748 dignus
3584 2678 3686 2733 sim
3724 2680 3824 2733 ha-

2250 2766 2401 2821 bitus
2430 2765 2660 2819 inveniri
2686 2767 2753 2820 ad
2794 2768 3053 2822 honorem
3089 2768 3203 2823 Dei.
3239 2769 3426 2825 Valete
3448 2771 3503 2825 in
3527 2771 3638 2827 Deo
3669 2770 3827 2827 Patre

572 2852 747 2926 Ἰησοῦ
780 2855 1023 2929 Χριστῷ,
1056 2859 1125 2930 τῇ
1163 2858 1315 2927 κοινῇ
1349 2855 1524 2909 ὲλπίδι
1555 2854 1733 2927 ἡμῶν.

2249 2866 2301 2910 et
2325 2856 2380 2910 in
2413 2855 2541 2912 Jesu
2576 2858 2817 2925 Christe,
2843 2859 3121 2914 communi
3144 2875 3241 2931 spe
3262 2869 3471 2918 nostra.

1938 3001 2121 3061 Vel-us
2147 3001 2484 3080 interpres.

1990 3150 2225 3209 CAPUT
2259 3151 2353 3207 XX
2367 3194 2381 3208 .

621 3259 681 3316 Si
707 3275 796 3340 me
822 3261 1104 3340 digniﬁcet
1132 3260 1294 3340 Iesus
1321 3264 1574 3340 Christus
1606 3264 1660 3318 in
1691 3266 1937 3340 oratione
1975 3276 2176 3340 vestra,
2220 3276 2276 3324 et
2309 3273 2562 3326 voluntas
2592 3269 2699 3337 sit;
2732 3269 2788 3325 in
2828 3270 3068 3326 secundo
3108 3269 3288 3325 libello
3319 3285 3478 3340 quem
3512 3269 3818 3338 scripturus

551 3345 674 3407 sum
712 3331 1285 3407 vobis,'manil_‘est_abo
1308 3334 1465 3407 vobis
1499 3351 1664 3403 quam
1707 3336 2015 3406 inceperam
2064 3331 2530 3407 dispensationem
2566 3340 2622 3394 in
2655 3331 2854 3394 novum
2900 3341 3176 3395 hominem
3209 3331 3394 3396 Jesu-In
3426 3331 3726 3403 Christum,
3761 3342 3815 3393 in

552 3402 727 3477 ipsius
755 3403 860 3457 ﬁde
890 3410 944 3477 et
985 3402 1039 3457 iu
1085 3404 1258 3477 ipsius
1289 3402 1597 3477 dilectione,
1622 3406 1676 3460 in
1710 3402 1969 3476 passione
2009 3402 2183 3477 ipsius
2211 3418 2267 3464 et
2302 3411 2723 3477 resurrectione,
2749 3410 3005 3474 maxime,
3039 3412 3087 3464 si
3115 3410 3379 3466 Dominus
3417 3410 3617 3464 revelet
3650 3402 3811 3475 mihi;

553 3472 934 3557 quoniam’qui
963 3472 1266 3557 secundum
1297 3475 1477 3528 virum
1506 3472 2090 3557 communiterpmnes
2118 3479 2173 3557 in
2219 3483 2392 3557 gratia
2433 3472 2751 3557 egnom‘ine
2777 3472 3083 3557 convenitis
3123 3481 3178 3534 in
3219 3496 3325 3557 una
3359 3481 3481 3545 lide,
3520 3489 3573 3534 et
3600 3484 3651 3533 in
3686 3472 3815 3557 Jesu

554 3541 775 3631 Christo
798 3541 1128 3631 J(.secundum
1160 3559 1379 3631 carnem
1419 3560 1486 3599 ex
1520 3561 1718 3615 genere
1754 3547 1946 3631 David,
1981 3547 2092 3602 lilio
2126 3541 2363 3631 hominis
2399 3560 2454 3606 et
2476 3550 2612 3631 Filio
2636 3549 2751 3618 Dei)
2776 3550 3054 3631 inobedire
3080 3541 3559 3631 vosepiscopo.'et_
3589 3550 3815 3631 presby-

554 3612 698 3691 terio
729 3612 1057 3683 indiscerpta
1093 3612 2143 3691 mente;_unum'panern__frangentes,
2186 3621 2333 3688 quod
2366 3630 2450 3677 est
2477 3612 2837 3691 pharmacum
2876 3612 3323 3687 immortalitatis,
3358 3612 3660 3675 antidotum
3696 3612 3815 3690 ejus

554 3682 699 3751 quod
726 3693 809 3739 est
836 3698 945 3738 non
970 3685 1130 3751 mori,
1159 3686 1255 3740 sed
1278 3686 1459 3741 vivere
1491 3682 1705 3742 in'Jesu
1731 3682 1960 3743 Christo
1982 3682 2215 3759 semper.

1962 3856 2193 3913 CAPUT
2243 3856 2391 3914 XXI.

571 3959 1402 4052 gynanimisnvobiscumnego,
1432 3980 1487 4052 εξ
1514 3990 1677 4052 quem
1710 3975 1943 4033 misistis
1978 3977 2035 4033 in
2072 3977 2169 4034 Dei
2198 3979 2476 4052 honorem
2516 3978 2569 4033 in
2614 3978 2904 4052 Smyrnam
2927 3997 2959 4052 ςχ
2992 3981 3137 4052 unde
3178 3989 3232 4036 et
3272 3981 3456 4037 scribo
3496 3977 3650 4037 vobis
3686 3998 3797 4052 gra-

571 4031 582 4042 _
619 3990 908 4023 uuamluls
957 3990 1242 4027 voulscum
1278 3990 1402 4044 ego,
1432 3990 1487 4029 et
1553 3990 1677 4030 uem
1710 3990 1943 4033 mISISllS
1978 3994 2035 4033 In
2072 3990 2169 4034 uel
2212 3990 2476 4033 honorem
2516 3995 2569 4033 In
2614 3990 2904 4050 Smyrnam
2927 3997 2954 4046 ;-
2992 3990 3137 4035 unde
3178 3990 3232 4036 et
3272 3990 3456 4037 scribo
3496 3990 3650 4037 vobis
3686 3998 3797 4052 gra~

544 4038 670 4122 gas.
686 4050 861 4122 agens
903 4037 1426 4122 Domino,_diligen_s
1450 3990 1822 4122 Pgﬂycarpunl
1859 4058 1918 4103 ut
1953 4058 2010 4103 et
2048 4064 2167 4122 vos.
2195 4049 2524 4105 Mementote
2548 4051 2678 4113 mei,
2707 4060 2767 4122 ut
2796 4050 2965 4105 vestri
2995 4051 3157 4107 Jesus
3199 4052 3470 4108 Christus.
3504 4053 3665 4107 Orate
3712 4070 3811 4122 pro

546 4099 792 4194 Ecclesia
817 4123 939 4194 quae
971 4109 1029 4163 in
1070 4099 1259 4194 Syria;
1293 4099 1437 4194 unde
1474 4099 2017 4194 ligatus'inlioniam
2048 4099 2621 4194 aliiducor,veiit_rem_us
2652 4099 2925 4194 exsistens
2956 4099 3147 4194 eorum
3180 4126 3272 4194 qui
3305 4099 3501 4194 ibidem
3535 4099 3806 4194 ﬁdeliuin;

541 4175 1004 4257 quemadmodum
1053 4175 1402 4250 digniﬁcatus
1450 4175 1575 4241 sum
1633 4187 1687 4242 in
1730 4188 1996 4245 honorem
2047 4189 2142 4245 Dei

543 4256 824 4300 communi
855 4264 951 4318 spe
975 4260 1186 4307 nostra.

2249 4175 2465 4245 iveniri.
2520 4189 2707 4246 Valete
2760 4190 2814 4244 in
2868 4175 3565 4261 Deo7Patre:retinnle—suw
3588 4175 3808 4249 Christo

766 4603 1595 4696 ΜΑΓΝΗΣΙΕΥΣΙΝ
1655 4603 1797 4694 (ίθ).

2555 4601 2707 4691 AD
2781 4600 3502 4693 MAGNESIOS.

548 4759 861 4830 Ἰγνάτιος,
897 4765 930 4815 ό
986 4762 1087 4817 καί
1133 4765 1461 4834 Θεοφόρος,
1520 4766 1597 4835 τῇ
1649 4767 2023 4839 εὐλογημένη
2055 4769 2125 4823 ἐν

2249 4771 2497 4843 ίεχηιιιίιιδ,
2523 4772 2615 4843 qui
2641 4781 2691 4826 et
2739 4770 3100 4841 Theophorus,
3161 4771 3804 4845 benedictwingraliaDci

608 4853 803 4922 χάριτι
847 4855 995 4909 Θεοῦ
1049 4857 1311 4925 Πατρός,
1370 4858 1441 4913 ἐν
1509 4860 1714 4927 Ἰησοῦ
1763 4861 1994 4928 Χριστῷ
2041 4860 2122 4927 τῷ

2295 4864 2480 4918 Patris
2510 4866 2567 4917 in
2609 4863 2740 4918 Jesu
2778 4862 2992 4918 Christo
3044 4862 3322 4918 Saluatore
3379 4873 3582 4929 nostra,
3618 4867 3671 4919 in
3702 4884 3805 4936 quo

606 4942 830 5014 Σωτῆρι
859 4945 1047 5015 ἡμῶν,
1072 4947 1141 4999 ἐν
1160 4946 1206 5011 ᾧ
1240 4945 1575 5018 ἀσπάζομαι
1603 4949 1717 5017 τὴν
1749 4949 2122 5018 Ἐκκλησίαν

2296 4958 2477 5011 saluta
2502 4955 2817 5018 Ecclesium,
2867 4971 2985 5025 quae
3034 4955 3320 5026 Magnesia!
3354 4966 3433 5010 est
3486 4958 3557 5011 ad
3606 4956 3804 5012 Miran-

600 5130 715 5210 (lg)
746 5131 916 5210 Capp.
973 5133 1045 5188 20
1101 5143 1156 5210 et
1189 5132 1253 5188 21
1318 5137 1459 5206 apud
1479 5138 1693 5210 Syrum
1724 5153 1833 5194 non
1867 5148 2109 5195 exstant.
2138 5146 2189 5206 ι)
2214 5141 2343 5210 pitis
2370 5140 2647 5210 sequentis
2678 5147 2932 5209 quaerunt
2957 5169 3027 5178 —
3050 5139 3175 5208 quia
3203 5154 3291 5191 vos
3326 5140 3464 5192 uniti
3497 5140 3644 5203 estis,
3668 5149 3717 5192 et
3740 5158 3801 5195 ea

602 5202 713 5280 (15)
753 5200 1005 5280 Scribam
1037 5204 1211 5280 vobis,
1253 5200 1822 5280 quomodo'Christus
1849 5211 2107 5280 spiritua-
2141 5200 2178 5206 ν
2214 5200 2269 5266 ie
2298 5228 2378 5265 me
2405 5200 2677 5274 recreatis,
2696 5200 2773 5251 '—
2801 5211 2916 5263 ideo
2943 5221 2992 5264 et
3015 5200 3108 5278 ερο
3137 5226 3494 5280 vosrecreem,

528 5272 653 5326 liter
684 5271 952 5353 formetur
992 5274 1047 5353 in
1080 5271 1287 5353 nobis:
1309 5277 1428 5331 Alia
1461 5288 1646 5353 monet
1677 5271 1968 5353 Sniithius,
2004 5298 2107 5353 pu-
2230 5351 2247 5353 _
2293 5283 2406 5353 (I5)
2440 5280 2480 5335 Ι.
2516 5298 2575 5353 e.
2596 5271 2773 5335 onines
2802 5281 3020 5351 singuli,
3045 5271 3107 5335 ut
3136 5283 3203 5336 ad
3233 5279 3442 5351 Polyc.,
3481 5271 3533 5336 ξι.
3560 5282 3617 5347 4,
3649 5288 3702 5335 et
3734 5282 3799 5335 ad

528 5352 674 5405 tans,
720 5341 987 5418 lgnatium
1007 5344 1383 5418 inpromissa
1411 5349 1652 5402 secunda
1677 5350 1907 5418 epistola
1932 5341 2111 5405 de'ln-
2223 5341 2443 5418 Srnyrn.
2473 5366 2525 5405 e.
2557 5352 2645 5405 15.

2291 5411 2402 5492 (16ὶ
2445 5422 2560 5475 Cfr.
2586 5422 2652 5475 ad
2698 5421 2922 5492 Smyrn.
2958 5437 3008 5476 c.
3054 5421 3121 5475 10
3147 5438 3160 5487 ;
3194 5420 3259 5474 ad
3287 5418 3504 5492 Polyc.__
3527 5435 3576 5476 c.
3604 5420 3639 5473 ‘2
3661 5429 3713 5473 et
3741 5423 3796 5477 6.

2216 5489 2331 5617 lEgo
2358 5493 2590 5547 vicissim
2620 5489 3121 5561 recreein,reﬁciam
3143 5507 3252 5545 vos.
3286 5489 3400 5546 Cfr.
3436 5489 3791 5557 Wocherum,

2238 5601 2252 5617 .
2290 5580 2341 5617 c.

2238 5580 2341 5618 ιϐ.

2291 5632 2404 5703 (17)
2445 5632 2502 5686 F.
2535 5625 2609 5685 ὧν
2649 5634 2732 5687 vel
2761 5632 2878 5697 οὓς.
2915 5632 3054 5688 Οοτ.

2287 5704 2399 5771 (18)
2424 5704 2708 5774 coniunge
2738 5705 2853 5757 hmc
2884 5720 3007 5758 cum
3029 5702 3325 5773 δεδεμένος.

2291 5775 2403 5842 (19)
2461 5772 2661 5844 ΗιιᾸιιε
2688 5775 2930 5844 epistola:
2959 5772 3386 5844 versioSyriaca
3423 5787 3531 5828 non
3577 5782 3789 5839 exstat;

2219 5844 2504 5903 citationes
2544 5854 2725 5902 autem
2748 5845 3040 5903 nonnullas
3068 5860 3135 5901 ex
3168 5845 3423 5917 Operibus
3461 5844 3790 5919 scriptorum

525 5412 849 5535 eminatioue
890 5412 1121 5471 Christi,
1145 5416 1331 5485 (—de
1368 5433 1511 5474 novo
1552 5412 1805 5490 homine)
1833 5421 2114 5492 disputare

525 5497 594 5535 vo
622 5498 788 5535 uisse.

525 5497 1013 5626 voz‘lljlsfeScribam
1060 5554 1239 5620 vobis,
1264 5557 1565 5626 praesertim
1607 5558 1675 5623 si,
1717 5557 1826 5615 Deo
1856 5558 2105 5626 favente,

525 5624 762 5697 nuntius
790 5622 926 5676 mihi
956 5622 1281 5697 contigerit,
1301 5643 1400 5681 vos
1440 5622 1793 5697 perseverare
1821 5631 1876 5684 in
1902 5622 2110 5689 unitate

524 5707 652 5771 cum
680 5692 1093 5771 episcoﬂpo._Alii
1115 5692 1200 5771 i(_e.
1226 5713 1280 5767 g.
1310 5692 1620 5771 Wocherus
1646 5700 1700 5753 in
1726 5701 1977 5756 versione
1999 5704 2109 5771 cpi-

525 5762 799 5844 stolarum
851 5762 910 5817 S.
966 5762 1158 5844 lgnatii
1207 5762 1589 5844 germanica)“
1607 5780 1727 5839 post
1783 5762 2109 5844 ἀποκαλύψῃ

531 5842 795 5903 punctum
830 5843 1061 5908 ponunt,
1091 5847 1144 5897 et
1175 5839 1442 5911 apodosin
1469 5840 1537 5902 ad
1565 5841 1675 5914 ὅτι,
1702 5842 1996 5915 οιο.,ί,ι)ὶιίο
2019 5839 2111 5901 (ἱειέ
