4134 6482
501 416 609 471 665

1727 418 2075 477 EPISTOLA
2116 420 2208 475 AD
2234 419 2650 478 MAGNESIOS.

3666 422 3771 480 665'

500 537 597 608 κίᾳ
627 536 722 590 τοῦ
756 537 1076 603 ἐπισκόπου,
1120 538 1258 593 ἀλλὰ
1474 540 1616 595 κατὰ
1667 541 1895 614 δύναμιν
1943 542 2069 595 Θεοί

2189 544 2363 613 scopi,
2398 545 2491 599 sed
2524 552 2770 614 respectu
2800 540 3055 614 potentiae
3089 540 3184 596 Dei
3216 539 3396 597 Patris
3429 556 3646 596 omnem
3673 546 3770 596 im-

497 628 718 700 Πατρὸς
771 630 953 683 πᾶσαν
984 632 1252 702 ἐντροπὴν
1307 631 1457 705 αὑτῷ
1510 632 1828 703 ἀπονέμειν,
1894 632 2077 695 καθὼς

495 719 669 789 ἔγνων
690 720 785 773 καὶ
815 720 945 785 τοὺς
978 722 1168 790 ἁγίους
1197 722 1623 794 πρεσϐυτέρους,
1656 724 1721 776 οὐ
1757 723 1870 797 (29)
1899 740 2079 795 προειο

493 810 735 881 ληφότας
784 813 886 884 τὴν
938 813 1053 885 (50)
1118 814 1450 887 φαινομένην
1512 816 1845 887 νεωτερικὴν
1889 813 2072 880 τάξιν,

489 903 607 961 ἀλλ’
638 904 714 968 ὡς
752 906 1050 977 φρονίμους
1084 908 1141 960 ὲν
1178 907 1297 979 Θεῷ
1325 908 1743 981 συγχωροῦντας
1777 906 1945 978 αὐτῷ’
1976 909 2076 962 οῦκ

489 997 639 1069 αὑτῷ
666 997 743 1063 δὲ,
788 998 925 1053 ἀλλὰ
955 999 1034 1070 τῷ
1067 1000 1244 1070 Πατρὶ
1305 1000 1477 1070 Ἰησοῦ
1524 998 1786 1071 Χριστοῦ,
1820 999 1898 1071 τῷ
1946 1000 2076 1053 πάνο

487 1106 597 1145 των
635 1091 938 1162 ὲπισκόπῳ.
967 1093 1064 1155 El;
1099 1092 1265 1163 τιμὴν
1295 1088 1386 1145 οὖν
1422 1090 1630 1145 ἐκείνου
1658 1090 1752 1144 τοῦ
1776 1090 1889 1161 (51)
1917 1090 2074 1162 θελή-

489 1199 682 1245 σαντος
720 1183 887 1253 ἡμᾶς,
920 1183 1129 1253 πρέπον
1163 1186 1309 1237 ἐστιν
1360 1182 1654 1237 ἐπακούειν
1699 1182 1840 1235 κατὰ
1904 1183 2069 1254 μηδε-

2184 636 2372 705 pertiri
2429 636 2507 690 illi
2564 636 2960 702 reverentiam,
3017 635 3480 705 quemadmodum
3535 635 3766 704 cOgnovi

2183 735 2404 781 sanctos
2443 725 2623 782 facere
2661 728 3030 798 presbyteros,
3058 728 3151 797 qui
3184 744 3292 781 non
3326 736 3526 782 temere
3560 727 3767 798 dijudio

2181 824 2311 872 cant
2347 817 2702 887 conspicuam
2742 818 2891 872 illius
2922 819 3289 873 conditionem
3321 818 3641 887 iuvenilem,
3669 822 3764 874 sed

2181 920 2242 963 ut
2275 911 2574 981 prudentes
2620 910 2675 964 in
2717 909 2829 964 Deo
2858 911 2907 965 ei
2940 910 3174 976 cedunt;
3211 924 3319 963 non
3355 909 3403 964 ei
3432 918 3637 975 autem,
3668 912 3762 965 sed

2180 1002 2330 1059 Patri
2377 1001 2506 1058 Jesu
2554 1002 2779 1068 Christi,
2816 1002 3058 1056 omnium
3100 1001 3377 1071 episeopo.
3405 1001 3465 1055 l'n
3496 1001 3759 1056 honorem

2178 1094 2348 1163 igitur
2378 1094 2545 1156 illius,
2572 1093 2664 1163 qui
2696 1102 2843 1147 amat
2878 1108 2999 1158 nos,
3030 1093 3187 1147 decet
3235 1091 3454 1146 obedire
3502 1093 3621 1147 sine
3652 1094 3759 1147 ulla

2180 1183 2494 1255 hypocrisi;
2526 1184 2654 1252 quia
2685 1199 2795 1237 non
2825 1182 2999 1235 Solum
3033 1182 3349 1250 episcopum
3398 1181 3545 1235 hunc
3571 1180 3761 1235 visibi-

2177 1277 2285 1332 lem
2336 1276 2460 1347 quis
2505 1274 2665 1342 fallit,
2700 1276 2793 1330 sed
2848 1275 3176 1331 invisibilem
3228 1274 3477 1344 decipere
3507 1283 3755 1328 conatur.

2178 1370 2311 1426 Tale
2344 1370 2559 1425 facinus
2589 1384 2698 1424 non
2726 1369 2792 1423 ad
2820 1384 3041 1423 carnem
3071 1367 3417 1422 referendum
3444 1376 3547 1435 est,
3570 1367 3664 1422 sed
3691 1365 3760 1420 ad

2171 1463 2370 1530 Deum,
2404 1462 2500 1533 qui
2534 1460 2855 1517 abscondita
2891 1459 3192 1529 cognoscit.

490 1268 620 1338 μίαν
672 1269 986 1344 ὑπόκρισιν’
1041 1272 1165 1325 ἐπεὶ
1212 1274 1309 1342 οὐχ
1364 1272 1474 1342 (52)
1513 1273 1595 1325 ὅτι
1642 1271 1734 1325 τὸν
1773 1272 2071 1327 ἐπίσκοπον

486 1358 678 1413 τοῦτον
707 1362 800 1413 τὸν
838 1361 1168 1433 βλεπόμενον
1203 1363 1382 1435 πλανᾷ
1414 1382 1520 1429 τις,
1557 1364 1693 1417 ἀλλὰ
1723 1364 1814 1417 τὸν
1840 1364 2071 1436 ἀόρατον

484 1451 933 1523 παραλογίζεται.
969 1453 1042 1507 Τὸ
1073 1454 1130 1507 δὲ
1168 1454 1377 1508 τοιοῦτο
1410 1456 1470 1508 οῦ
1522 1455 1660 1527 πρὸς
1723 1455 1840 1527 (55)
1889 1456 2069 1528 σάρκα

482 1545 512 1597 ὁ
569 1544 758 1614 λόγος,
815 1546 950 1601 ἀλλὰ
1015 1546 1154 1619 πρὸς
1208 1548 1381 1611 Θεὸν,
1453 1548 1544 1601 τὸν
1604 1547 1674 1602 τά
1729 1547 1934 1620 κρύφια
1986 1550 2066 1603 εί-

480 1632 629 1687 δότα.
2105 1660 2149 1715 Β

1531 1751 1622 1810 ιν.
1656 1753 1800 1809 Male
1829 1755 2072 1811 nonnulli
2098 1758 2217 1812 sine
2247 1756 2484 1827 episcopo
2526 1767 2704 1808 aiunt.

548 1868 766 1941 Πρέπον
796 1867 891 1924 οὖν
949 1872 1120 1936 ἐστιν,
1162 1870 1236 1944 μὴ
1294 1872 1457 1943 μόνον
1476 1871 1758 1927 καλεῖσθαι
1808 1873 2069 1946 Χριστιαη

2249 1872 2413 1929 Decet
2446 1872 2651 1940 itaque,
2684 1885 2795 1924 non
2845 1868 3008 1924 modo
3036 1870 3222 1924 vocari
3251 1866 3614 1929 Christianos.
3658 1867 3754 1922 sed

474 1959 620 2024 νοῦς,
647 1959 785 2014 ἀλλὰ
843 1962 937 2015 καὶ
972 1958 1130 2017 εἶναι·
1178 1961 1367 2034 ὥσπερ
1416 1962 1511 2017 καί
1565 1980 1709 2026 τινες
1761 1964 2059 2018 ἐπίσκοπον

2163 1965 2330 2021 etiam
2383 1978 2547 2031 esse;
2600 1961 3069 2034 quemadmodum
3136 1962 3385 2017 nonnulli
3437 1963 3752 2033 episcopum

476 2052 576 2123 μὲν
600 2052 711 2125 (54)
742 2053 1020 2119 καλοῦσιν,
1066 2055 1236 2126 χωρὶς
1289 2054 1346 2108 δὲ
1387 2054 1552 2108 αὐτοῦ
1582 2055 1758 2110 πάντα
1790 2057 2063 2128 πράσσου-

2162 2055 2384 2127 quidem
2417 2055 2726 2119 nominant,
2760 2054 2853 2109 sed
2900 2054 3086 2110 omnia
3121 2055 3242 2111 sine
3286 2070 3353 2109 eo
3387 2054 3613 2110 facium.
3645 2054 3754 2109 Ta-

471 2164 580 2201 σιν.
637 2149 703 2201 Οἱ
752 2149 984 2203 τοιοῦτοι
1009 2150 1066 2202 δὲ
1098 2152 1200 2204 οὐκ
1245 2151 1610 2223 εὐσυνείδητοί
1643 2170 1731 2224 μοι
1760 2149 1900 2207 εἶναι
1931 2155 2060 2225 φαί-

2163 2148 2241 2204 les
2270 2164 2398 2203 vero
2425 2162 2533 2201 non
2562 2147 2705 2201 bona
2731 2147 3071 2202 conscientia
3106 2148 3240 2202 mihi
3272 2148 3483 2217 praediti
3518 2164 3639 2203 esse
3668 2148 3751 2201 vi-

469 2254 674 2303 νονται,
728 2237 818 2292 διὰ
848 2239 910 2292 τὸ
954 2241 1030 2315 μὴ
1064 2240 1176 2312 (55)
1227 2240 1466 2311 βεϐαίως
1522 2244 1643 2296 κατ’
1680 2243 1791 2315 (56)
1835 2245 2056 2317 ἐντολὴν

2160 2244 2379 2306 dentur,
2419 2240 2548 2310 quia
2607 2256 2715 2295 non
2777 2240 3008 2296 ﬁrmiter
3062 2241 3364 2297 secundum
3422 2253 3749 2313 praeceptum

469 2329 942 2403 συναθροίζεσθαι.

2160 2341 2586 2402 congregantur.

468 2442 537 2501 V.
569 2445 789 2503 Talibus
817 2450 1093 2520 proposita
1123 2459 1204 2505 est
1241 2465 1406 2513 mors,
1434 2449 1563 2521 quia
1586 2452 1947 2535 characterem
1981 2449 2444 2571 Christianor‘um,
2474 2445 2575 2519 τὴν
2608 2444 2855 2517 ἀγάπην,
2891 2462 2994 2501 non
3024 2445 3216 2501 habent
3235 2488 3249 2513 ,
3280 2454 3329 2500 et
3359 2444 3746 2515 cupiditatibus

1809 2539 1922 2571 suis
1956 2538 2061 2571 non
2096 2535 2304 2571 morlun
2334 2534 2417 2571 ur.

1809 2539 1922 2576 suis
1956 2538 2061 2575 non
2096 2534 2417 2574 moriuntur.

547 2632 700 2690 Ἐπεὶ
729 2632 823 2693 οὖν
851 2638 1005 2703 τέλος
1040 2637 1112 2693 τὰ
1143 2638 1442 2711 πράγματα
1469 2639 1603 2710 ἔχει,
1642 2638 1754 2713 (57)
1786 2641 2058 2696 ἐπίκειται

2237 2637 2377 2705 Quia
2427 2646 2610 2693 autem
2670 2653 2761 2694 res
2804 2638 2967 2692 linem
3021 2636 3245 2704 habent,
3277 2638 3603 2693 incumbunt
3635 2639 3747 2694 duo

459 2727 529 2783 τὰ
553 2729 647 2783 δύο
678 2731 835 2803 ὁμοῦ,
853 2733 881 2786 ὃ
900 2750 961 2785 τε
984 2732 1212 2795 θάνατος
1234 2732 1329 2785 καὶ
1351 2731 1384 2802 ή
1408 2729 1544 2805 ζωὴ,
1575 2734 1668 2788 καὶ
1689 2735 1921 2797 ἕκαστος
1942 2731 2056 2805 (58)

2158 2730 2341 2798 simul,
2381 2746 2529 2785 mors
2558 2739 2615 2786 et
2654 2730 2787 2795 vita,
2821 2737 2877 2784 et
2924 2730 3304 2801 unusquisque
3355 2730 3408 2783 in
3460 2731 3744 2799 proprium

459 2821 542 2884 είς
568 2821 660 2875 τδν
693 2823 826 2877 ῐδιον
858 2823 1024 2877 τόπον
1060 2823 1244 2896 μέλλει
1275 2828 1492 2897 χωρεῖν.
1514 2825 1724 2898 Ὥσπερ
1765 2824 1875 2897 γάρ
1910 2826 2059 2878 ἐστιν

2158 2822 2339 2878 locum
2391 2822 2571 2877 iturus
2621 2830 2727 2877 est.
2758 2821 3232 2888 Quemadmodum
3282 2822 3430 2877 enim
3482 2830 3611 2878 sun:
3642 2838 3747 2877 nu-

455 2915 766 2985 νομίσματα
810 2914 923 2981 δύο,
960 2915 989 2969 ὃ
1024 2916 1124 2987 μὲν
1168 2914 1282 2987 (59)
1330 2916 1490 2981 Θεοῦ,
1524 2916 1553 2970 ὃ
1599 2916 1653 2970 δὲ
1700 2918 1927 2988 κόσμου,
1960 2918 2058 2971 καὶ

2158 2915 2410 2971 mismata
2459 2915 2590 2980 duo,
2625 2916 2857 2970 alterum
2886 2914 3107 2985 quidem
3143 2913 3259 2982 Dei,
3292 2916 3525 2970 alterum
3560 2924 3743 2969 autem

456 3005 684 3061 ἕκαστον
715 3006 894 3061 αὐτῶν
928 3006 1058 3062 ίδιον
1087 3008 1410 3081 χαρακτῆρα
1438 3008 1785 3081 ἐπικείμενον
1820 3008 1967 3079 ἔχει·
2002 3010 2051 3064 οἱ

2158 3006 2368 3073 mundi,
2399 3016 2454 3061 et
2481 3008 2913 3079 unumquodque
2939 3007 3220 3078 proprium
3250 3008 3627 3064 characterem
3653 3008 3747 3062 ha-

1824 3175 2012 3235 Vstus
2041 3174 2385 3254 interpres.

1904 3325 2140 3382 CAPUT
2181 3325 2272 3380 Ill.

522 3444 629 3503 Sed
660 3454 716 3503 et
742 3461 844 3503 vos
871 3445 1025 3503 decet
1048 3462 1159 3512 non
1192 3446 1341 3504 eouti
1383 3455 1544 3503 atate
1584 3445 1853 3517 episcopi,
1892 3448 1987 3503 sed
2030 3446 2332 3501 secundum
2372 3443 2631 3500 virtutem
2677 3442 2772 3498 Dei
2803 3440 2992 3517 Patris
3020 3456 3239 3495 omnem
3288 3438 3652 3517 reverentiam
3685 3436 3738 3492 ei

448 3516 715 3589 tribuere,
756 3507 1122 3589 sicutagnori
1154 3529 1209 3573 et
1237 3527 1467 3573 sanctos
1501 3507 1887 3589 presbyteros;
1930 3532 2040 3571 non
2082 3524 2429 3589 assumentes
2484 3521 2835 3589 apparentem
2873 3512 3155 3589 ju_niorcm_
3212 3509 3483 3589 ordinem,
3530 3507 3624 3563 sed
3677 3517 3739 3561 ut

448 3579 745 3670 prudentes
767 3588 822 3642 in
854 3579 1358 3670 Deovconcedentes
1390 3579 1528 3670 ipsi}
1558 3579 1689 3670 non:
1698 3588 1804 3669 ipsi
1828 3579 2046 3670 autem,_
2076 3588 2171 3641 sed
2206 3584 2353 3670 Patri
2388 3579 2771 3670 Jesu'Christi,
2800 3579 3053 3670 omnium
3071 3579 3734 3670 ep_iseo_po;ln_l=ionorern

449 3650 617 3724 igitur
637 3658 786 3712 illius
808 3658 1045 3714 volentis
1078 3674 1180 3713 nos
1210 3650 1426 3714 decens'
1440 3650 1527 3714 est
1554 3650 1797 3721 obedire,
1840 3656 2146 3712 secundum
2167 3656 2395 3726 (nullam
2426 3653 2775 3726 ihypocrisim
2807 3670 2822 3706 :
2861 3652 2992 3726 quia
3025 3665 3374 3721 nequaquam
3405 3650 3730 3726 episcOpuin

447 3716 598 3798 hunc
624 3737 981 3797 conspectum
1011 3728 1223 3783 seducit
1250 3728 1397 3798 quis,
1424 3727 1521 3785 sed
1549 3716 1882 3784 invisibilem
1935 3725 2294 3798 paralogizat.
2341 3716 2701 3781 Tale'autem
2748 3737 2858 3778 non
2879 3716 2967 3777 'ad
3015 3716 3238 3777 carnem
3283 3716 3489 3787 sermo,
3530 3720 3625 3774 sed
3662 3716 3735 3771 ad

446 3795 622 3853 Deum
652 3795 976 3854 abscondita
1007 3795 1293 3855 scientem.

1901 3888 2132 3947 CAPUT
2170 3887 2264 3945 IV.

514 4011 728 4068 Decens
761 4012 927 4085 igitur
950 4021 1054 4085 est,
1090 4029 1197 4069 non
1224 4013 1403 4068 solum
1434 4013 1618 4068 vocari
1646 4011 2017 4085 Christianos,
2064 4012 2159 4068 sed
2198 4018 2253 4065 et
2296 4025 2455 4076 esse;
2490 4008 2953 4085 quemadmodum
2981 4004 3221 4085 quidam
3254 4002 3576 4085 episcopum
3603 4000 3730 4085 qui-

440 4082 566 4136 dem
598 4074 820 4148 voeant',
849 4084 969 4138 sine
994 4074 1115 4153 ipso
1136 4094 1321 4139 autem
1352 4086 1536 4139 omnia
1568 4093 1889 4154 operantur.
1918 4074 2305 4154 Tales_autem
2354 4074 2465 4137 non
2498 4074 2656 4137 bona:
2691 4074 3048 4136 conscientia:
3086 4075 3226 4131 mihi
3269 4089 3395 4131 esse
3450 4074 3731 4139 videntur,

439 4163 667 4224 propter
697 4169 809 4209 non
837 4151 1069 4211 ﬁrmitér
1095 4155 1398 4211 secundum
1423 4151 1759 4227 praeceptum
1790 4151 2134 4225 congregari.

1910 4321 2143 4380 CAPUT
2184 4320 2249 4377 ν.

506 4436 645 4521 Quia
672 4438 839 4520 igltur
870 4439 1032 4497 ﬁnem
1061 4457 1149 4498 res
1170 4442 1402 4512 habent,
1427 4455 1482 4500 et
1505 4454 1893 4527 proponuntur
1919 4444 2031 4499 duo
2063 4443 2248 4508 simul,
2272 4455 2424 4496 mors
2447 4449 2503 4496 et
2530 4440 2643 4495 vita
2667 4458 2683 4506 ;
2718 4446 2772 4521 et
2805 4438 3193 4511 unusquisque
3233 4436 3287 4493 in
3307 4440 3606 4561 tproprium
3643 4436 3726 4491 lo-

510 4525 560 4561 m
588 4519 768 4561 iturus
788 4520 894 4561 est.
925 4511 1401 4561 Quemadmodum
1429 4532 1575 4561 enim
1601 4525 1732 4561 sum
1760 4516 2091 4561 nnmiamam
2114 4515 2247 4561 duo-
2274 4513 2380 4561 hoc
2411 4511 2640 4561 quidem
2680 4508 2798 4561 Del.
2828 4512 2935 4561 hoc
2962 4519 3145 4561 autem
3172 4524 3303 4561 mun
3348 4525 3397 4561 I:
3440 4516 3496 4561 et
3525 4524 3726 4561 unum-

434 4508 768 4581 cumitur’us
788 4520 894 4567 est.
925 4508 1401 4578 Quemadmodum
1429 4508 1575 4569 enim
1601 4508 1732 4571 sunt
1760 4516 2092 4569 nomismata
2114 4515 2247 4579 duo,
2274 4513 2380 4567 hoc
2411 4511 2640 4581 quidem
2680 4508 2798 4575 Dei,
2828 4512 2935 4565 hoc
2962 4508 3145 4581 autem
3172 4508 3397 4581 mundi;
3440 4516 3496 4561 et
3525 4524 3729 4581 unum-

434 4579 692 4650 quodque
717 4582 963 4651 ipsorum
990 4585 1277 4654 proprium
1316 4588 1689 4642 characterem
1723 4585 2129 4657 superpositum
2159 4578 2327 4639 habet
2358 4600 2374 4637 :
2417 4578 2696 4649 inﬁdeles,
2734 4581 2925 4636 mundi
2965 4580 3167 4652 hujus;
3212 4578 3401 4635 ﬁdeles
3427 4589 3633 4646 autem,
3666 4578 3728 4631 in

430 4760 542 4847 πῂν
576 4760 808 4847 juvenis
856 4762 1007 4847 illi-us
1056 4764 1331 4847 episcopi.
1383 4764 1649 4847 Y‘oss.—
1682 4765 2069 4847 familiarius!

2359 4758 2447 4847 φῖ.
2478 4757 2667 4847 H‘erm.
2701 4759 2768 4813 ad
2799 4756 2947 4830 Ἤδη
2971 4772 3025 4828 p.
3061 4755 3186 4823 790,
3212 4773 3267 4811 n.
3288 4754 3416 4809 255.

430 4778 542 4844 πην
570 4778 808 4900 fluvenis
856 4778 1007 4819 ulnus
1063 4780 1331 4835 episcom.
1392 4778 1649 4822 Voss.—
1682 4778 2069 4892 {amittamus}

428 4832 1180 4969 lxigiaeaatzt’tlﬁ’ztzeslggfltln,
1213 4836 1351 4892 Cor.
1405 4836 1622 4892 RO‘HIE.
1727 4852 1824 4909 ege
1854 4854 2024 4891 κατα-

2202 4778 2318 4831 (02)
2360 4778 2447 4814 ω.
2478 4778 2667 4813 ncrm.
2701 4778 2768 4813 aa
2811 4778 2947 4830 Vtg.,
2972 4778 3025 4828 p.
3071 4778 3213 4823 mu,

2204 4832 2298 4901 (55
2357 4833 2400 4884 Ι.
2436 4846 2487 4885 e.
2516 4831 2798 4883 hominem.

2202 4833 2320 4969 (54)
2358 4900 2399 4955 l.
2429 4917 2480 4955 e.
2504 4900 2660 4969 iusta
2688 4897 3015 4954 auctoritate
3038 4897 3213 4952 consti

427 4894 687 4973 χρᾶσθαι,
727 4904 896 4957 abuti.
925 4902 1048 4959 Jun.
1166 4894 1179 4904 ’
1760 4894 1791 4909 ’⁷
2202 4894 2317 4969 (54)
2358 4900 2399 4955 l.
2429 4917 2480 4973 e.
2504 4900 2660 4970 iusta
2688 4897 3015 4973 auctoritate
3038 4897 3396 4973 constitutum
3439 4894 3720 4963 fatentur;

500 4972 615 5051 _(28)
656 4970 698 5025 l.
729 4987 780 5028 e.
818 4983 1075 5051 respectu
1120 4975 1319 5032 divinae
1358 4977 1636 5049 potentiae,
1692 4992 1817 5051 quae
1863 4978 2018 5033 illum
2126 4966 2434 5051 illo_t_am_en
2466 4966 2781 5051 inconsulto
2800 4972 2987 5051 Olllllla
3021 4978 3208 5051 agunt.
3236 4966 3432 5021 Surru.

425 5042 748 5112 episcopum
783 5042 1093 5100 constituit.

496 5112 611 5235 (29)
651 5115 729 5167 Ita
774 5112 996 5170 Junius.
1051 5113 1154 5171 Ms.
1193 5118 1645 5191 προσειληφότας,
1676 5118 1822 5189 quod
1873 5133 2018 5173 non-

496 5210 498 5235 :
526 5184 560 5235 Il
612 5191 856 5235 vertunt.
902 5186 1260 5235 resnirientes-
1304 5190 1407 5235 insi
1442 5191 1797 5235 resnicientes
1828 5190 1897 5235 ad
1928 5190 2015 5235 in-

424 5184 560 5236 nulli
584 5191 856 5260 _vertunt,
902 5184 1260 5260 respicientes,
1304 5190 1408 5259 ipsi
1441 5184 1797 5260 respicientes
1828 5190 1898 5245 ad
1926 5190 2015 5243 in-

425 5253 837 5330 terpolatorem,
861 5256 957 5330 qui
987 5253 1160 5311 habet
1186 5253 1528 5330 acpop'ibvraq.

496 5324 610 5394 (50)
651 5325 728 5377 lta
760 5326 1065 5382 Cotelerius
1094 5338 1149 5382 et
1190 5324 1314 5383 alii:
1334 5334 1656 5386 Germanice
1691 5348 1706 5385 :
1736 5329 2009 5384 sichtliche

418 5386 868 5472 lugen'dlichkeit.
893 5396 1015 5453 Alia
1045 5408 1234 5472 monet
1253 5399 1452 5472 Rothe,
1480 5402 1629 5471 Anii,
1658 5418 1712 5472 p.
1742 5400 2007 5464 456441,
2344 5386 2669 5472 gallandius
2691 5397 2746 5443 et
2765 5386 3111 5472 Jacobsonus
3141 5389 3349 5472 addunt
3377 5391 3500 5472 καί.

420 5458 511 5520 cui
554 5466 863 5587 φαινομένη
906 5469 1210 5540 νεωτερικὴ
1257 5471 1415 5537 τάξις
1440 5458 1523 5521 '2
1560 5458 1692 5526 ὀνίάό
1737 5458 2011 5533 θρίσσοω

420 5537 511 5587 lis.
547 5546 607 5587 ut
638 5552 720 5587 ma
747 5553 777 5587 e
805 5540 1043 5587 Videtur.
1084 5553 1249 5587 nuner
1269 5543 1480 5587 demum
1510 5542 1811 5587 institutus-
1839 5545 1925 5587 tit-
1954 5543 2005 5587 .l-

2158 5460 2303 5586 5(58)
2340 5464 2447 5527 Εὶς
2471 5459 2579 5514 τὸν
2609 5458 2765 5513 τδιον
2794 5459 3000 5514 τόπον.
3044 5459 3135 5516 Sic
3178 5461 3245 5515 de
3285 5460 3424 5515 Juda
3446 5502 3462 5531 ,
3497 5460 3619 5516 Act.
3654 5476 3709 5527 ι,

417 5537 511 5601 lis,
547 5546 607 5589 ut
638 5537 777 5590 male
805 5537 1043 5602 videtur,
1084 5537 1249 5605 nuper
1269 5543 1480 5592 demum
1510 5542 1811 5595 institutus.
1839 5545 1925 5595 Gl.
1954 5543 2006 5597 .I.

415 5606 591 5680 Andr.
618 5604 766 5661 Bosii
794 5604 1033 5660 Exercit.
1056 5606 1133 5680 _ad
1154 5610 1332 5680 locum
1356 5607 1571 5680 lgnatii,
1599 5625 1711 5679 quo
1731 5612 1833 5664 viri
1858 5612 2005 5667 docti

417 5676 640 5749 quidam
666 5684 954 5749 putarunt,
985 5677 1225 5749 episcopi
1250 5676 1415 5734 unius
1449 5676 1633 5749 supra
1653 5682 2004 5749 presbyteros

1847 5768 1996 5823 pusc.

2197 5041 2314 5111 (55)
2353 5040 2394 5095 Ι.
2424 5057 2474 5095 e.
2497 5039 2644 5110 quod
2676 5053 2784 5091 non
2817 5038 2975 5111 ﬁrma
3000 5038 3150 5111 _ﬁde,
3194 5052 3372 5105 neque
3405 5034 3589 5111 stabili
3618 5050 3720 5111 0r?

2123 5107 2467 5180 dine,'juxta
2516 5107 3088 5180 praceptumﬁhrjsti
3129 5118 3181 5162 et
3225 5108 3595 5176 apostolorum
3644 5107 3716 5160 ad

2124 5177 2327 5236 sacros
2350 5177 2527 5236 cretus
2551 5196 2611 5236 se
2638 5177 2946 5232 conferant.
2980 5178 3177 5235 Sami.

2194 5251 2343 5331 (56)"
2355 5249 2609 5331 ξΕντολην
2637 5248 2886 5331 absolute
2910 5251 3149 5331 positum
3177 5266 3277 5321 pro
3320 5248 3542 5321 ἐντολὴν
3574 5247 3712 5319 Χρι-

2121 5318 2392 5375 στοῦ.’(]ί’.
2426 5336 2514 5388 ep.
2548 5318 2737 5382 Barn.,
2770 5334 2819 5388 ς.
2851 5318 2905 5382 6,
2937 5330 3051 5373 not.

2182 5600 2296 5681 (59)
2319 5602 2403 5681 _‘0
2430 5600 2549 5681 μέν
2570 5599 2935 5681 -ιὸλξέλῐιο
2972 5615 3085 5681 _ms.
3105 5641 3122 5668 ,
3174 5610 3314 5681 teste
3346 5600 3698 5681 _Jacobsono.

2107 5669 2254 5742 Editi
2284 5670 2345 5724 τὸ
2380 5669 2479 5741 μέν
2509 5700 2579 5710 -
2610 5671 2683 5742 rb,
2700 5670 3117 5742 béarRelativum
3151 5673 3451 5742 saepissime
3488 5687 3587 5742 pro
3611 5686 3702 5725 ar-

2108 5741 2290 5812 ticulo
2314 5740 2541 5809 ponitur
2591 5758 2621 5796 a
2668 5740 2736 5799 N.
2777 5741 2842 5797 Τ.
2882 5740 3265 5812 scriptoribus,
3304 5742 3375 5797 cf.
3421 5740 3579 5800 Rom.
3618 5757 3697 5807 lx,

2105 5812 2169 5865 21
2197 5830 2212 5879 ;
2245 5809 2438 5869 Matth.
2471 5826 2589 5884 ut,
2618 5812 2719 5884 55;
2750 5813 2875 5871 Act.
2917 5809 3220 5884 “£11,”;
3256 5812 3277 5869 Ι
3306 5814 3435 5871 Cor.
3480 5830 3559 5885 ιι,
3600 5814 3693 5867 2t.

2105 5880 2383 5939 ιιιεοιδοκ.

2171 5896 2383 5941 60850“.

414 5746 789 5869 zt‘ninell’itiim.’
822 5747 1008 5803 vocari
1054 5746 1382 5823 νεωιὲερικὴν
1415 5746 1588 5816 τάξιν,
1618 5746 1765 5808 Βὶοείἰ

455 5833 499 5869 τε
532 5857 569 5869 ..
633 5858 643 5869 .
796 5856 810 5869 .

455 5818 569 5881 ist.,
594 5830 643 5885 p.
685 5818 810 5871 477.

489 5888 607 5960 (51)
645 5889 688 5943 ι.
716 5904 765 5943 e.
797 5889 888 5961 qui
912 5905 1006 5946 nos
1028 5901 1192 5945 amat.
