4134 6390
483 343 592 398 667
1447 344 1697 401 SANCTI
1735 345 1994 404 IGNATII
2028 347 2386 405 EPISTOLE
2422 350 2775 409 GENUINAB.
3658 358 3768 415 668

484 461 574 517 bet
612 461 967 531 impositum;
1001 462 1076 517 ita
1124 462 1371 520 intideles
1424 468 1616 522 mundi
1661 467 1848 537 hujus,
1885 469 2073 526 ﬁdeles
2102 500 2116 538 Α

2133 472 2393 538 ιᾶπιστοι
2430 472 2526 526 τοῦ
2566 474 2773 545 κόσμου
2818 474 3028 537 τούτου,
3070 475 3120 527 οί
3166 474 3223 527 δὲ
3266 475 3448 528 πιστοί
3480 476 3538 528 ὲν
3572 478 3765 549 ἀγάπῃ

483 564 663 608 autem
696 554 749 607 in
780 555 1047 610 charitate
1091 558 1463 614 characterem
1514 559 1610 615 Dei
1653 559 1833 617 Patris
1861 577 1957 631 per
1979 560 2069 617 Je-

2175 566 2496 636 χαρακτῆρα
2544 566 2679 619 Θεοῦ
2703 567 2914 637 Πατρὸς
2954 566 3044 619 διὰ
3090 566 3269 638 Ἰησοῦ
3309 567 3568 638 Χριστοῦ,
3597 568 3664 622 δι’
3699 560 3762 620 οῦ

481 661 604 701 sum
633 646 911 701 Christum
946 648 1166 715 habent,
1199 667 1295 720 per
1330 668 1493 723 quem
1521 653 1625 709 nisi
1659 669 1934 724 propensa
1966 670 2069 710 no-

2175 656 2270 709 ὲάν
2307 658 2381 728 μὴ
2408 656 2744 728 αὐθαιρέτως
2777 658 2987 729 ἔχωμεν
3011 659 3072 712 τὸ
3098 660 3386 713 ἀποθανεῖν
3413 661 3491 725 εἰς
3512 660 3573 714 τὸ
3593 658 3760 715 αὑτοῦ

482 738 567 794 bis
601 747 683 794 est
714 740 966 796 voluntas
1011 745 1150 797 mori
1190 744 1348 813 juxta
1391 745 1565 816 ipsius
1595 748 1934 817 passionem,
1968 762 2069 802 nec

1689 748 1934 813 ssionem,
1968 762 2069 802 nec
2175 748 2365 812 πάθος,
2389 748 2450 802 τὸ
2484 747 2583 821 ζῇν
2608 748 2773 802 αὐτοῦ
2797 750 2896 803 οὐκ
2922 750 3066 805 ἔστιν
3088 752 3146 805 ἐν
3170 754 3321 823 ἡμῖν.

481 832 588 887 vita
616 831 789 903 ipsius
818 833 873 887 in
903 834 1059 891 nobis
1084 844 1187 891 est.

1748 957 1839 1013 Vl.
1873 957 2062 1013 Tenete
2090 952 2453 1010 concordiam.

548 1068 686 1125 Cum
722 1071 906 1141 itaque
934 1072 989 1126 in
1021 1074 1270 1143 personis
1304 1090 1469 1144 supra
1496 1074 1658 1131 dictis
1684 1092 1901 1131 omnem
1928 1077 2071 1131 mul-

2258 1070 2408 1122 Ἐπεὶ
2448 1064 2541 1122 οῦν
2571 1070 2629 1122 ἐν
2654 1072 2767 1134 τοῖς
2807 1072 3320 1143 προγεγραμμένοις
3348 1073 3661 1146 προσώποις
3697 1074 3759 1126 τὸ

481 1161 766 1217 titudinem
807 1164 861 1218 in
896 1164 1001 1218 lide
1052 1173 1107 1219 et
1154 1166 1418 1221 charitate
1465 1166 1896 1236 conspexissem,
1939 1166 2068 1220 hor-

2173 1164 2281 1216 πᾶν
2312 1162 2514 1233 πλῆθος
2548 1162 2831 1234 ἐθεώρησα
2854 1164 2963 1234 (40)
2998 1168 3055 1219 ὲν
3076 1167 3256 1219 πίστει
3279 1168 3370 1221 καὶ
3403 1168 3515 1239 (41)
3546 1168 3758 1241 ἀγάπῃ,

479 1274 586 1329 tor,
623 1272 683 1317 ut
710 1263 764 1316 in
797 1263 1089 1319 concordia
1112 1263 1299 1318 omnia
1338 1279 1599 1335 peragere
1632 1263 1918 1330 studeatis,
1953 1262 2069 1332 epi-

2172 1251 2441 1323 παραινῶ,
2478 1254 2535 1305 ὲν
2574 1255 2796 1325 ὁμονοίᾳ
2828 1254 2963 1307 Θεοῦ
3013 1256 3339 1321 σπουδάζετε
3374 1260 3552 1313 πάντα
3585 1261 3762 1331 πράσ-

480 1372 649 1425 scopo
675 1354 997 1425 praesidente
1048 1356 1169 1411 loco
1214 1355 1330 1419 Dei,
1373 1365 1428 1411 et
1463 1355 1794 1427 presbyteris
1824 1355 1947 1409 loco
1982 1369 2069 1408 se-

2174 1361 2306 1407 σειν,
2341 1345 2755 1415 προκαθημένου
2798 1344 2892 1397 τοῦ
2939 1347 3235 1401 ἐπισκόπου
3283 1351 3364 1413 είς
3408 1350 3569 1403 τόπον
3597 1350 3757 1413 Θεοῦ,

481 1456 645 1502 natus
694 1448 1022 1516 apostolici,
1072 1456 1127 1501 et
1174 1446 1455 1512 diaconis,
1510 1447 1648 1501 mihi
1697 1444 2065 1510 suavissimis,

2172 1437 2268 1489 καὶ
2311 1437 2417 1489 τῶν
2449 1437 2834 1508 πρεσϐυτέρων
2867 1440 2947 1501 είς
2980 1440 3143 1494 τόπον
3177 1442 3453 1514 συνεδρίου
3485 1444 3594 1497 τῶν
3625 1444 3756 1497 ἀπο-

480 1538 857 1593 concreditum
906 1537 1238 1592 habentibus
1286 1538 1653 1593 ministerium
1683 1536 1811 1592 Jesu
1838 1535 2065 1603 Christi,

2175 1528 2396 1593 στόλων,
2440 1531 2533 1581 καὶ
2580 1529 2688 1583 τῶν
2738 1529 3019 1594 διακόνων,
3053 1531 3161 1585 τῶν
3213 1534 3335 1603 ἐμοὶ
3385 1534 3757 1603 γλυκυτάτων,

478 1632 573 1703 qui
622 1643 748 1689 ante
776 1634 975 1688 saecula
1007 1634 1147 1703 apud
1180 1632 1395 1686 Patrem
1423 1639 1561 1694 erat,
1595 1638 1650 1685 et
1673 1629 1730 1684 in
1761 1629 1867 1683 [ine
1897 1643 2067 1697 appa-
2104 1690 2110 1703 η

2129 1691 2144 1703 _
2174 1618 2621 1690 πεπιστευμένων
2684 1620 2955 1675 διακονίαν
3000 1622 3174 1693 Ἰησοῦ
3232 1623 3488 1695 Χριστοῦ,
3536 1625 3596 1687 ὃς
3655 1625 3761 1695 πρὸ

479 1689 610 1778 ruit.
634 1722 839 1779 Omnes
872 1689 1060 1795 igitur;
1087 1722 1329 1793 acceptis
1361 1722 1555 1777 iisdem
1576 1720 1777 1775 divinis
1801 1719 2070 1784 moribus,
2103 1690 2111 1744 1

2130 1691 2146 1743 ⁸
2178 1709 2389 1766 αἰώνων
2422 1689 2576 1782 παρά
2606 1712 2780 1783 Πατρὶ
2809 1708 2898 1785 ἦν,
2935 1714 3030 1766 καὶ
3062 1689 3121 1767 έν
3152 1689 3297 1768 τέλει
3326 1716 3520 1787 ἐφάνη.
3554 1689 3762 1778 Πάντες

478 1832 579 1871 vos
602 1829 793 1871 mutuo
820 1815 1208 1881 revereamini,
1240 1824 1294 1870 et
1324 1830 1486 1869 nemo
1516 1813 1817 1868 secundum
1846 1825 2069 1867 carnem

2176 1798 2288 1867 οῦν,
2314 1803 2605 1877 όμοήθειαν
2651 1803 2786 1857 Θεοῦ
2826 1806 3098 1870 λαϐόντες,
3130 1808 3455 1879 ἐντρέπεσθε
3489 1810 3757 1880 ἀλλήλοις,

478 1918 685 1979 spectet
712 1910 1045 1979 proximum,
1076 1908 1169 1963 sed
1203 1908 1258 1962 in
1283 1906 1411 1962 Iesu
1449 1906 1670 1962 Christo
1702 1922 1801 1961 vos
1832 1906 2065 1960 invicem

2174 1896 2270 1948 καὶ
2319 1895 2506 1967 μηδεὶς
2546 1894 2688 1948 κατά
2735 1896 2913 1967 σάρκα
2940 1897 3203 1966 ’βλεπέτω
3238 1900 3350 1971 (4‘2)
3381 1901 3472 1954 τὸν
3510 1902 3756 1972 πλησίον,

479 2016 695 2070 semper
721 2000 980 2071 diligatis.
1014 1998 1161 2053 Nihil
1191 1999 1261 2054 sit
1286 2000 1340 2052 in
1371 1998 1546 2064 vobis,
1579 1996 1725 2067 quod
1759 1996 1932 2067 possit
1961 2011 2060 2051 vos

2166 1986 2282 2040 ἀλλ’
2316 1988 2373 2040 ἐν
2414 1986 2589 2059 Ἰησοῦ
2624 1988 2842 2060 Χριστῷ
2876 1989 3135 2061 ἀλλήλους
3165 1992 3452 2056 διαπαντὸς
3484 1995 3752 2061 ἀγαπᾶτε.

476 2092 756 2158 dirimere,
788 2092 882 2147 sed
929 2090 1197 2145 uniamini
1247 2091 1506 2161 episcopo
1533 2097 1587 2144 et
1621 2088 2061 2159 praesidentibus,

2170 2079 2352 2151 Μηδὲν
2384 2079 2523 2133 ἔστω
2556 2081 2612 2132 ὲν
2646 2081 2795 2150 ὑμῖν,
2830 2080 2859 2133 δ
2884 2079 3169 2153 δυνήσεται
3202 2084 3345 2154 ὑμᾶς
3380 2086 3619 2155 μερίσαι,
3641 2085 3752 2138 ἀλλ’

475 2185 532 2237 in
567 2194 754 2257 typum
783 2193 837 2240 et
862 2184 1390 2240 demonstrationem
1414 2182 1863 2237 immortalitatis.

2170 2170 2404 2243 ένώθητε
2427 2171 2503 2242 τῷ
2518 2173 2799 2243 ὲπισκόπῳ
2822 2175 2915 2226 καὶ
2936 2177 3048 2237 τοῖς
3069 2174 3527 2247 προκαθημένοις,
3548 2179 3626 2241 είς
3644 2178 3754 2249 (45)

2168 2264 2337 2316 τύπον
2369 2263 2464 2317 καὶ
2494 2263 2713 2334 διδαχὴν
2745 2264 3071 2336 ἀφθαρσίας.

1024 2381 1140 2441 VII.
1196 2385 1351 2456 Agite
1382 2382 1515 2437 nihil
1545 2382 1658 2437 sine
1690 2384 1933 2452 episcopo
1967 2388 2018 2434 et
2051 2377 2397 2450 presbyteris;
2445 2378 2563 2433 sitis
2594 2394 2758 2431 unum
2788 2378 3041 2448 templum
3069 2378 3184 2434 Dei.

546 2529 1018 2597 Quemadmodum
1068 2527 1236 2598 igitur
1290 2524 1557 2581 Dominus
1600 2524 1717 2578 sine
1748 2520 2062 2591 Patre,'ipsi

2241 2520 2451 2591 Ὠσπερ
2471 2516 2564 2573 οῦν
2592 2522 2619 2574 ό
2642 2519 2845 2591 Κύριος
2876 2518 3005 2574 ἄνευ
3038 2519 3132 2573 τοῦ
3167 2522 3378 2593 Πατρὸς
3400 2522 3550 2578 οὐδὲν
3571 2522 3760 2592 ὲποίηο

474 2623 684 2688 unitus,
722 2622 861 2675 nihil
901 2620 1049 2686 fecit,
1084 2633 1263 2688 neque
1304 2633 1401 2687 per
1447 2616 1715 2685 seipsum,
1745 2628 1921 2683 neque
1966 2627 2064 2682 per

2172 2629 2284 2675 σεν,
2336 2611 2612 2682 ἡνωμένος
2661 2611 2758 2677 ὢν,
2807 2610 2929 2665 οὔτε
2981 2613 3050 2665 δι’
3084 2613 3295 2676 ἑαυτοῦ,
3345 2613 3467 2665 οὗτε
3514 2613 3603 2666 διά
3648 2614 3756 2667 τῶν

476 2715 786 2784 apostolos;
814 2713 888 2768 ita
920 2727 1099 2782 neque
1131 2726 1231 2765 vos
1262 2709 1383 2765 sine
1415 2708 1672 2779 episcopo
1704 2716 1758 2761 et
1785 2704 2067 2776 presbyte-

2170 2701 2513 2757 ἀποστόλων·
2551 2702 2723 2765 οὕτως
2776 2703 2908 2775 μηδὲ
2963 2704 3119 2773 ὑμεῖς
3170 2705 3297 2759 ἄνευ
3330 2705 3423 2757 τοῦ
3458 2706 3755 2759 ἐπισκόπου

475 2809 554 2863 ris
608 2807 910 2877 quidquam
960 2805 1256 2876 peragatis.
1310 2800 1497 2871 Neque
1540 2799 1957 2873 aggrediamini,
2005 2805 2068 2853 ut

2172 2794 2264 2847 καὶ
2295 2792 2404 2846 τῶν
2436 2795 2824 2867 πρεσϐυτέρων
2862 2796 3027 2868 μηδὲν
3061 2797 3353 2867 πράσσετε.
3380 2797 3531 2866 Μηδὲ
3564 2799 3754 2869 πειρά-

478 2899 773 2970 quidquam
810 2914 841 2952 a
870 2898 1025 2953 vobis
1067 2896 1362 2965 separatim
1416 2893 1621 2947 factum
1664 2892 1865 2947 decens
1894 2905 2064 2960 appa-

2174 2902 2303 2958 σητε
2336 2884 2554 2956 εὔλογόν
2578 2906 2629 2941 τι
2664 2888 2946 2957 φαίνεσθαι
2980 2887 3092 2959 (44)
3118 2888 3222 2959 ἰδίᾳ
3256 2890 3559 2959 ὑμῖν.Ἀλλ“
3584 2892 3675 2943 ἐπὶ
3696 2888 3756 2943 τὸ

476 2998 615 3044 reat.
661 2987 768 3044 Sed
811 2988 865 3043 in
901 3003 1073 3043 unum
1105 2984 1557 3042 convenientibus
1595 3000 1708 3039 una
1755 2984 1825 3037 sit
1859 2982 2059 3049 oratio,

2167 2978 2300 3031 αὐτὸ
2334 2979 2431 3050 μία
2466 2979 2762 3051 προσευχὴ,
2801 2981 2899 3051 μία
2928 2976 3239 3051 δέησις,ἐῖς
3268 2978 3411 3043 νοῦς,
3450 2980 3548 3051 μία
3581 2979 3755 3045 ἐλπὶς,

477 3099 585 3137 una
620 3081 881 3151 precatio,
913 3097 1020 3135 una
1055 3096 1228 3143 mens,
1266 3094 1376 3133 una
1413 3093 1559 3148 spes,
1593 3078 1647 3131 in
1682 3076 1967 3139 charitate,
2005 3074 2058 3128 in
2090 3104 2109 3165 (

2126 3101 2137 3166 ί
2166 3076 2225 3129 ὲν
2257 3075 2467 3146 ἀγάπῃ,
2501 3076 2559 3129 ἐν
2590 3078 2656 3147 τῇ
2691 3078 2833 3147 χαρᾷ
2865 3080 2930 3148 τῇ
2964 3077 3199 3149 ἀμώμῳ.
3235 3072 3331 3140 Εἷς
3362 3076 3507 3129 ἐστὶν
3553 3073 3758 3146 Ἰησοῦς

474 3169 675 3239 gaudio
718 3178 927 3224 sancto.
958 3167 1111 3223 Unus
1143 3176 1229 3223 est
1269 3165 1430 3223 Jesus
1460 3165 1735 3233 Christus,
1769 3181 1880 3236 quo
1928 3164 2064 3221 nihil

2126 3164 2131 3166 “
2171 3168 2423 3238 Χριστὸς,
2451 3164 2518 3225 οῦ
2551 3168 2771 3240 ἄμεινον
2816 3170 2973 3223 οὐθέν
3007 3172 3173 3224 ἐστιν.
3205 3170 3413 3233 Πάντες
3445 3164 3538 3222 οὖν
3571 3169 3646 3231 ὡς
3676 3169 3758 3231 είς

474 3262 823 3334 praestantius
852 3270 952 3318 est.
1004 3261 1212 3317 Omnes
1248 3260 1431 3331 itaque
1459 3260 1607 3315 velut
1638 3261 1692 3314 in
1727 3275 1896 3314 unum
1928 3267 2065 3312 tem-

2172 3261 2290 3333 [ἕνα
2318 3262 2453 3334 (45)]
2476 3262 2602 3315 ναὸν
2628 3263 2944 3333 συντρέχετε
2964 3262 3121 3328 Θεοῦ,
3146 3263 3221 3328 ὡς
3253 3265 3346 3317 ἐπὶ
3377 3263 3434 3316 ἓν
3468 3263 3756 3333 θυσιαστή-

475 3359 624 3427 plum
679 3356 774 3411 Dei
818 3354 1152 3418 concurrite,
1189 3356 1337 3409 velut
1369 3354 1435 3409 ad
1470 3369 1638 3408 unum
1691 3353 1883 3417 altare,
1916 3353 2066 3407 velut

2174 3369 2310 3423 ριον,
2344 3352 2420 3417 ὡς
2452 3353 2544 3405 ἐπὶ
2592 3352 2687 3406 ’ἐνα
2733 3353 2940 3426 Ἰησοῦν
2973 3354 3225 3426 Χριστὸν,
3250 3353 3340 3406 τὸν
3372 3356 3466 3422 ἀφ’
3501 3354 3617 3416 ἐνὸς
3650 3353 3755 3403 Πα-

474 3451 541 3505 ad
570 3466 738 3505 unum
768 3448 952 3505 Jesum
981 3448 1279 3515 Christum,
1309 3449 1403 3519 qui
1426 3449 1496 3503 ab
1535 3462 1647 3502 uno
1674 3444 1833 3500 Patre
1860 3445 2060 3515 prodit,

2168 3445 2296 3517 τρὸς
2336 3444 2687 3518 προελθόντα,
2722 3448 2818 3501 καὶ
2863 3447 2976 3518 (46)
3019 3448 3109 3511 είς-
3134 3448 3229 3501 ἕνα
3264 3446 3394 3500 ὄντα
3438 3447 3534 3500 καὶ⁵
3578 3445 3755 3517 χωρΰ-

473 3555 529 3598 et
554 3544 622 3599 ad
653 3557 825 3598 unum
858 3556 1114 3599 reversus
1138 3551 1243 3610 est,
1269 3549 1473 3596 etcum
1507 3554 1619 3595 uno
1651 3546 1984 3610 perseverat.
2170 3554 2355 3590 σαντα.

1839 3678 2021 3737 Vetus
2052 3678 2387 3755 interpres.

476 3810 745 3891 charitate
776 3809 1155 3891 characterem
1185 3808 1275 3863 Dei
1300 3807 1479 3891 Patris
1510 3823 1608 3891 per
1636 3806 1825 3891 Iesum
1853 3806 2172 3867 Christum:
2204 3824 2301 3879 per
2321 3824 2485 3880 quem
2513 3810 2621 3867 nisi
2646 3808 2956 3865 voluntarie
2984 3809 3286 3867 habeamus
3314 3809 3455 3867 mori
3486 3809 3542 3865 in
3575 3810 3751 3881 ipsius

477 3882 815 3951 passionem,
843 3880 1025 3936 vivere
1055 3880 1231 3951 ipsius
1261 3896 1370 3934 non
1401 3888 1486 3935 est
1511 3878 1566 3934 in
1593 3878 1776 3935 nobis.

1936 4020 2167 4079 CAPUT
2208 4023 2298 4080 Vl.

553 4142 689 4209 Quia
716 4142 1337 4215 igitur‘inprzescriptis
1366 4142 1616 4215 personis
1653 4158 1869 4215 omnem
1900 4145 2314 4215 multitudinem
2342 4147 2656 4215 speculatus
2687 4162 2808 4201 sum
2844 4147 2898 4202 in
2930 4146 3035 4202 ﬁde
3060 4155 3115 4201 et
3142 4146 3435 4202 dilectione
3460 4185 3475 4209 ,
3521 4140 3759 4215 moneo,

474 4214 530 4296 in
565 4214 878 4296 concordia_
898 4212 993 4267 Dei
1029 4216 1243 4296 studete
1268 4214 1451 4294 omnia
1486 4214 1723 4296 operari,
1752 4214 2079 4296 praesideme
2108 4212 2603 4296 episeopo—inloco
2644 4216 2761 4296 Dei,
2795 4226 2850 4296 et
2895 4218 3227 4296 presbyteris
3262 4217 3315 4270 in
3356 4216 3491 4296 loco.
3526 4212 3748 4296 confes:

473 4285 648 4339 sionis
671 4284 1066 4352 apostolorum,
1092 4293 1145 4337 et
1173 4283 1423 4337 diaconis
1450 4283 1585 4337 mihi
1621 4283 1957 4338 dulcissimis
1988 4283 2316 4341 habentibus
2358 4287 2620 4341 creditam
2674 4283 3138 4343 ministrationem
3189 4286 3315 4341 Jesu
3366 4285 3566 4338 Christi
3594 4327 3607 4349 ,
3650 4284 3747 4351 qui

473 4368 601 4408 ante
627 4355 826 4435 saecula
861 4354 1003 4435 apud
1024 4352 1245 4435 Patrem
1268 4361 1405 4435 erat,
1434 4362 1490 4407 et
1524 4354 1579 4406 iu
1610 4354 1717 4435 ﬁne
1747 4356 2020 4424 apparuit.
2050 4354 2264 4435 Omnes
2292 4357 2456 4427 igitur
2484 4357 2731 4435 eamdem
2765 4355 3345 4435 cons_ueti_ldinem_D_ei
3388 4354 3744 4435 accipientes,

472 4424 809 4497 veneramini
856 4424 1196 4497 adin_v_i_ce_m;_
1235 4423 1420 4497 nullus
1447 4424 1775 4497 secundum
1819 4423 2043 4497 carnem
2097 4423 2336 4497 aspiciat
2360 4426 2695 4497 proximum,
2746 4429 2841 4483 sed
2895 4427 2951 4481 in
2998 4426 3127 4483 Iesu
3172 4426 3393 4497 Christo
3438 4423 3745 4497 adinvicem

474 4509 689 4563 semper
719 4492 949 4570 diligite.
978 4492 1126 4570 Nihil
1154 4493 1225 4547 sit
1252 4494 1305 4547 in
1338 4492 1666 4570 vobisquod
1712 4495 1887 4565 possit
1929 4512 2025 4553 vos
2059 4492 2287 4566 partiri;
2346 4492 2441 4554 sed
2491 4498 2761 4553 uniamini
2814 4498 3076 4570 episcopo
3102 4508 3158 4553 et
3195 4495 3641 4566 praesidentibus,
3688 4493 3745 4547 in

476 4573 663 4636 typum
694 4574 748 4620 et
777 4564 1083 4620 doctrinam
1115 4563 1561 4635 incorruptiouis.
1712 4563 1729 4565 “
2061 4563 2080 4566 “
2222 4569 2253 4577 ”

1911 4684 2144 4744 CAPUT
2179 4686 2293 4742 VII.

540 4802 1011 4880 Quemadmodum
1051 4802 1217 4873 igitur
1237 4804 1499 4880 Dominus
1530 4805 1650 4861 sine
1675 4804 1836 4862 Patre
1868 4807 2003 4880 nihil
2038 4808 2186 4875 fecit,
2215 4809 2421 4865 'unitus
2446 4807 2751 4880 exsistens,
2788 4820 2965 4876 neque
2995 4820 3102 4880 per_
3135 4803 3402 4880 seipsum,
3428 4815 3616 4880 neque
3643 4814 3743 4880 per

473 4874 754 4943 apostolos
782 4893 795 4928 :
829 4875 912 4929 sic
940 4870 1238 4951 neque‘vos
1261 4876 1662 4951 sineepiscopo
1682 4887 1737 4932 et
1760 4879 2093 4951 presbyteris
2121 4870 2326 4951 aliquid
2350 4880 2673 4951 operemini.
2700 4870 2889 4951 Neque
2919 4870 3137 4951 tentetis
3170 4870 3740 4951 rationabilealiquid

474 4958 736 5020 apparere
776 4944 993 5020 proprie
1008 4942 1209 5020 vobis;
1248 4945 1341 5020 sed
1390 4942 1451 5000 in
1490 4942 1724 5020 idipsum
1758 4942 1865 5020 una
1900 4942 2237 5020 o'ratio,4una
2272 4942 2604 5020 deprecatio,
2638 4942 3157 5020 unusjintelleetus,
3191 4959 3297 4997 una
3314 4958 3479 5020 spes,
3510 4943 3564 4994 in
3611 4942 3741 4994 cha-

471 5015 653 5091 riﬁale,
685 5014 739 5067 in
772 5013 970 5091 gaudio
994 5015 1418 5091 illeoinquinato
1451 5013 1646 5091 Lquod
1674 5029 1758 5074 est
1790 5019 2042 5075 Christus
2084 5013 2271 5091 'Jesus,
2302 5013 2415 5091 quo
2448 5020 2647 5074 melius
2679 5018 2815 5091 nihil
2856 5027 2959 5071 est.
2990 5016 3196 5091 anes
3227 5023 3287 5068 ut
3314 5013 3367 5067 in
3400 5027 3571 5066 unum
3600 5021 3745 5091 tem-

471 5086 622 5153 plum
655 5083 968 5156 concurrite
994 5084 1113 5151 Dei,
1152 5083 1293 5139 ut'in
1330 5083 1731 5156 unum-altare,
1761 5100 1821 5145 ut
1860 5091 1915 5145 in
1950 5107 2119 5146 unum
2152 5083 2339 5149 Jesuni
2374 5090 2679 5155 Christum,
2724 5088 2792 5144 ab
2835 5102 2946 5142 uno
2990 5084 3151 5139 Patre
3199 5093 3515 5147 exeuntem,
3574 5090 3630 5137 et
3686 5083 3739 5135 in

472 5170 645 5209 unum
668 5155 1024 5210 exsistentem
1052 5164 1107 5210 et
1128 5162 1516 5212 revertentem.

540 5309 654 5379 (40)
692 5308 736 5364 1.
787 5324 837 5365 e.
888 5309 1044 5380 [idem
1099 5321 1149 5366 et
1199 5312 1540 5367 charitatem'
1578 5315 1740 5370 totius
1797 5313 2048 5371 Ecclesia:
2079 5319 2123 5374 D
2152 5316 2417 5372 unitatem
2457 5324 2695 5371 vestram
2749 5329 2874 5369 cum
2924 5312 3184 5382 episcopo
3222 5307 3645 5378 conspicientes,
3672 5307 3738 5363 ad

473 5377 926 5457 Μαρηξεέςναηιοζ
1252 5453 1265 5457 _
1355 5452 1400 5457 __

1940 5456 1945 5457 γ
1984 5456 1991 5457 ί
2122 5422 2125 5425 »
2156 5388 2572 5457 persuasionem
2602 5384 2803 5449 devita
2830 5386 2919 5439 illa
2951 5377 3319 5457 adducuntur.

433 5452 444 5507 ἕ
529 5450 655 5529 ,(41)
693 5450 793 5506 Ms.
825 5451 1108 5524 ἀγάπησα,
1159 5453 1321 5508 male.
1355 5452 1474 5510 Vet.
1522 5455 1751 5525 interpr.
1801 5457 1858 5509 in
1912 5456 2050 5511 dile-

2156 5448 2173 5457 ’
2226 5456 2339 5529 (44)
2381 5456 2420 5511 l.
2457 5472 2507 5512 e.
2541 5466 2695 5512 extra
2723 5454 3140 5529 commuttionem
3170 5449 3401 5519 episcopi
3446 5458 3493 5502 et
3526 5448 3748 5518 presby-

468 5520 659 5592 ειίρηεα
691 5588 709 5592 ,
832 5590 844 5592 _
1004 5520 1014 5524 ’
1667 5520 1684 5525 ’
2152 5520 2405 5592 urorum,
2437 5529 2493 5581 in
2520 5527 2915 5581 conventiculis.
2956 5523 3150 5592 Sami.

540 5590 661 5672 (Η),
690 5588 766 5643 Ita
815 5590 959 5672 dedi_
1000 5594 1066 5648 ex
1110 5593 1519 5672 jnterpolato_re
1567 5603 1635 5672 e_t_
1667 5595 2047 5672 emendatione
2157 5666 2178 5672 _
2217 5599 2332 5672 (45)
2375 5587 2522 5651 Ἕνα
2553 5597 2864 5653 addendum
2896 5603 3092 5665 putant
3127 5590 3376 5656 Vossius,
3409 5587 3654 5658 Toupius
3684 5596 3738 5641 et

469 5657 1088 5736 Toupii,_consentiente
1110 5657 1409 5720 Pearsono.
1442 5665 1558 5720 Jsc.
1589 5665 1688 5720 Ms.
1721 5665 1816 5736 τῷ,
1845 5668 2004 5721 male.
2150 5657 2520 5724 Jacobsonus.

494 5799 503 5810 '
541 5728 654 5801 (ιὸ)
696 5731 734 5785 l.
779 5747 830 5786 e.
877 5733 1058 5811 unitas
1083 5750 1216 5811 cum
1252 5736 1508 5811 episeopo
1536 5746 1619 5811 est
1646 5728 2016 5811 typu'svitazil

2216 5739 2328 5811 (46)
2368 5741 2409 5794 l.
2447 5755 2504 5810 q.
2536 5739 2615 5804 είς
2647 5737 2744 5793 ἕνα
2777 5736 3102 5808 χωρήσαντα
3136 5732 3229 5788 καὶ
3261 5731 3391 5787 ὄντα
3426 5729 3523 5785 σὺν
3568 5729 3735 5803 αὐτῷ.

541 5751 654 5801 μθ)
696 5751 734 5785 ι.
779 5751 830 5786 e.
877 5751 1058 5789 unitas
1092 5751 1216 5787 cum
1252 5751 1281 5789 e
1324 5751 1508 5805 Iseopo
1536 5751 1619 5791 eat
1646 5751 1806 5807 typus
1829 5751 1950 5791 vna:
1980 5751 2016 5791 Il

470 5799 598 5869 lius,
629 5817 794 5874 quam
826 5805 999 5863 sancti
1044 5806 1234 5864 vivunt
1262 5751 1390 5883 ⁹δικ)
1420 5807 1577 5881 uniti,
1614 5808 1884 5880 simulque
1920 5808 2039 5878 elii,
