4134 6448
459 423 564 477 069

1591 419 1933 477 EPISTOLA
1979 420 2070 476 AD
2112 419 2529 489 MAGNESIOS.

3632 418 3739 474 670

1414 541 1553 599 VIII.
1589 543 1778 598 Cavete
1809 560 1843 597 a
1870 542 2025 613 falsis
2051 543 2309 596 doctrinis
2341 540 2776 595 Judaizantium.

526 657 639 731 (47)
668 661 760 732 Μὴ
793 661 1067 717 πλανᾶσθε
1100 665 1223 729 ταῖς
1254 664 1613 736 ὲτεροδοξίαις
1647 664 1785 735 μηδὲ
1810 662 1921 735 (48)
1954 680 2055 734 μυ-

2228 662 2306 719 Ne
2330 662 2669 718 seducamini
2694 659 2887 716 alienis
2916 659 3207 726 doctrinis,
3250 674 3427 730 neque
3467 658 3744 714 veteribus

453 747 723 820 θεύμασιν
772 753 887 813 τοῖς
938 752 1207 817 παλαιοῖς,
1241 753 1573 822 ἀνωφελέσιν
1621 748 1791 806 οὖσιν.
1826 754 1891 806 Εί
1943 753 2052 826 γὰρ

456 842 619 913 μέχρι
650 841 749 896 νῦν
777 842 918 897 κατὰ
952 844 1062 915 (49)
1098 842 1309 916 [νόμον]
1325 844 1658 915 Ἰουδαῖσμὸν
1690 842 1893 916 ζῶμεν,
1919 845 2051 916 ὁμο-

452 933 720 1004 λογοῦμεν
752 934 912 1006 χάριν
948 935 1023 1005 μὴ
1058 935 1360 1006 εἰληφέναι.
1387 936 1451 989 Oi
1480 934 1589 1006 γὰρ
1616 933 1879 988 θειότατοι
1911 951 2049 1007 προ-

454 1025 623 1096 φῆται
654 1024 798 1078 κατὰ
825 1025 1060 1097 Χριστὸν
1103 1025 1311 1097 Ἰησοῦν
1356 1026 1577 1097 ἔζησαν.
1614 1024 1713 1079 Διὰ
1754 1024 1914 1080 τοῦτο
1956 1027 2052 1080 καὶ

455 1114 811 1187 ἐδιώχθησαν,
846 1117 1208 1188 ὲμπνεόμενοι
1242 1117 1347 1170 ὑπὸ
1380 1118 1476 1187 τῆς
1506 1117 1729 1188 χάριτος
1761 1115 1946 1179 αὑτοῦ,
1972 1119 2053 1181 είς

451 1207 515 1261 τὸ
562 1207 1045 1279 πληῳφορηθῆναι
1092 1209 1219 1271 τοὺς
1250 1207 1630 1271 ἀπειθοῦντας,
1670 1209 1753 1263 ὅτι
1798 1203 1880 1272 εἷς
1921 1208 2055 1272 Θεός

455 1303 621 1365 ἐστιν,
656 1302 685 1354 ὁ
730 1299 1054 1372 φανερώσας
1098 1299 1287 1353 ἑαυτὸν
1333 1300 1423 1353 διὰ
1468 1299 1641 1371 Ἰησοῦ
1687 1299 1923 1372 Χριστοῦ
1957 1298 2051 1354 τοῦ

455 1391 590 1447 Υἱοῦ
626 1392 816 1457 αὑτοῦ,
849 1394 909 1456 ὃς
954 1393 1104 1448 ἐστιν
1153 1392 1319 1448 αὑτοῦ
1365 1394 1539 1463 Λόγος
1584 1394 1774 1457 ἀΐδιος,
1807 1394 1907 1446 οὐκ
1944 1391 2054 1447 ὰπὸ

457 1482 570 1555 (50)
606 1483 765 1555 σιγῆς
796 1483 1097 1555 προελθὼν,
1118 1485 1178 1548 ὃς
1207 1486 1349 1541 κατὰ
1371 1487 1548 1542 πάντα
1578 1484 1940 1559 εὐηρέσττισεν
1973 1485 2051 1554 τῷ

456 1575 738 1648 πέμψαντι
770 1575 955 1630 αὐτόν.

2156 755 2378 819 fabulis,
2408 770 2531 825 qua:
2557 763 2687 810 sunt
2720 753 2962 808 inutiles.
2995 750 3053 807 Si
3079 752 3225 806 enim
3260 751 3439 806 adhuc
3456 750 3611 821 juxta
3642 750 3746 821 [le-

2154 844 2299 917 gem]
2333 845 2677 901 Judaismum
2703 843 2965 903 vivimus.
2992 842 3335 906 confitemur,
3367 857 3468 897 nos
3508 842 3742 912 gratiam

2157 954 2267 992 non
2298 937 2596 1007 accepisse.
2626 934 2967 991 Divinissimi
2999 948 3235 1003 namque
3279 934 3559 1004 prophetae
3586 934 3744 1003 juxta

2154 1026 2343 1083 Jesum
2369 1027 2651 1082 Christum
2681 1026 2957 1081 vixerunt.
2981 1023 3063 1080 Ob
3100 1026 3205 1079 hoc
3227 1032 3282 1080 et
3307 1026 3743 1094 persecutionem

2156 1121 2307 1192 passi
2349 1129 2498 1185 sunt,
2534 1120 2708 1191 gratia
2746 1120 2918 1190 ipsius
2946 1118 3218 1189 inspirati,
3248 1128 3327 1185 ut,
3353 1119 3445 1189 qui
3475 1130 3632 1175 erant
3656 1120 3743 1174 in-

2159 1213 2390 1277 creduli,
2422 1213 2556 1268 certi
2600 1211 2982 1273 redderentur,
3006 1208 3151 1278 quod
3183 1225 3327 1264 unus
3356 1210 3427 1265 sit
3457 1208 3621 1275 Deus,
3650 1210 3747 1278 qui

2158 1306 2401 1376 seipsum
2433 1302 2870 1359 manifestaverit
2897 1316 2995 1371 per
3017 1298 3206 1355 Jesum
3239 1300 3519 1356 Christum
3544 1300 3744 1356 Filium

2157 1413 2343 1460 suum,
2376 1396 2469 1467 qui
2498 1405 2583 1451 est
2614 1392 2855 1448 Verbum
2887 1392 3009 1461 ejus
3034 1401 3324 1458 mternum,
3349 1409 3457 1448 non
3506 1402 3631 1463 post
3672 1395 3749 1448 si-

2157 1488 2385 1542 lentium
2437 1486 2812 1557 progrediens,
2863 1482 3071 1552 quique
3114 1483 3172 1538 in
3221 1484 3482 1541 omnibus
3532 1484 3606 1552 ei,
3650 1484 3748 1555 qui

2157 1579 2337 1649 ipsum
2368 1578 2616 1643 miserat,
2648 1573 3002 1645 complacuit.

1682 1691 1774 1749 IX.
1824 1693 2074 1752 Vivamus
2115 1712 2238 1750 cum
2274 1695 2510 1751 Christo.

436 1820 439 1821 '
527 1807 593 1861 Εί
636 1803 732 1860 οὖν
781 1807 832 1860 οἱ
879 1807 938 1859 ὲν
984 1806 1097 1878 (51)
1144 1806 1392 1872 παλαιοῖς
1433 1807 1750 1881 πράγμασιν
1781 1812 2054 1882 ἀναστρα-

457 1901 651 1969 φέντες
691 1902 771 1963 εἰς
818 1899 1116 1972 καινότητα
1151 1901 1367 1966 ἐλπίδος
1396 1897 1580 1973 ἦλθον,
1618 1903 1815 1973 μηκέτι
1850 1904 2055 1959 σαϐϐα-

2227 1806 2284 1866 Si
2314 1811 2502 1881 igitur,
2530 1812 2625 1881 qui
2678 1814 2734 1868 in
2781 1816 2953 1872 veteri
3006 1829 3191 1871 rerum
3239 1811 3433 1866 ordine
3459 1808 3749 1877 degerunt,

2154 1901 2224 1957 ad
2258 1918 2454 1957 novam
2491 1919 2643 1973 spem
2679 1914 3066 1975 pervenerunt,
3114 1918 3226 1959 non
3275 1901 3512 1971 amplius
3543 1898 3751 1953 Sabba-

456 1992 714 2059 τίζοντες,
749 1990 886 2045 ἀλλὰ
918 1991 1059 2045 κατὰ
1091 1991 1204 2063 (52)
1226 1992 1509 2065 Χυριακὴν
1556 1993 1702 2066 ζωὴν
1736 1992 1958 2059 ζῶντες,
1996 1997 2055 2050 ἐν

2159 2003 2271 2049 tum
2303 1994 2567 2063 colentes,
2602 1998 2696 2053 sed
2718 2000 2877 2069 juxta
2901 1996 3242 2054 Dominicam
3271 1994 3539 2053 viventes,
3564 1990 3619 2043 in
3640 2004 3751 2058 qua

456 2081 493 2160 ᾖ
526 2086 620 2140 καὶ
648 2087 683 2156 ἡ
719 2083 833 2157 ζωὴ
866 2083 1023 2156 ἡμῶν
1055 2082 1329 2137 ἀνέτειλεν
1360 2083 1427 2137 δι’
1449 2083 1614 2137 αὐτοῦ
1634 2085 1731 2139 καὶ
1762 2084 1856 2139 τοῦ
1889 2085 2056 2140 θανά-

459 2196 555 2231 του
604 2174 768 2230 αὺτοῦ
802 2204 869 2214 -
902 2176 962 2228 ὂν
1013 2191 1159 2238 τινες
1203 2173 1515 2245 ἀρνοῦνται,
1548 2174 1616 2227 δι’
1649 2169 1710 2229 οὗ
1760 2176 2058 2248 μυστηρίου

457 2269 723 2341 ἐλάϐομεν
773 2267 836 2322 τὸ
883 2266 1185 2334 πιστεύειν,
1220 2268 1316 2321 καὶ
1360 2267 1450 2321 διὰ
1488 2266 1648 2321 τοῦτο
1690 2267 2055 2339 ὑπομένομεν,

459 2365 548 2418 ἵνα
592 2359 906 2433 εὐρεθῶμεν
957 2359 1194 2432 μαθηταὶ
1238 2356 1413 2430 Ἰησοῦ
1458 2356 1697 2431 Χριστοῦ
1746 2357 1840 2411 τοῦ
1891 2359 2056 2430 μόνου

457 2449 773 2507 διδασκάλου
810 2449 1082 2523 ήμῶν,-
1115 2448 1235 2511 πῶς
1286 2451 1452 2519 ἡμεῖς
1501 2449 1844 2522 δυνησόμεθα
1894 2450 2056 2523 ζῆσαι

458 2545 627 2616 χωρὶς
659 2541 846 2609 αὑτοῦ,
880 2536 943 2595 οὗ
976 2542 1071 2596 καὶ¹
1098 2541 1148 2595 οἱ
1181 2542 1458 2612 προφῆται
1495 2541 1732 2613 μαθηταὶ
1781 2541 1935 2607 ὄντες
1978 2543 2058 2615 τῷ

459 2634 731 2707 πνεύματι
762 2634 839 2698 ὡς
869 2633 1189 2688 διδάσκαλον
1216 2632 1379 2687 αὐτὸν
1411 2633 1805 2704 προσεδόκουν;
1829 2635 1940 2688 Καὶ⁸
1968 2635 2058 2691 διὰ

458 2726 637 2793 τοῦτο,
670 2726 730 2781 δν
778 2725 1004 2791 δικαίως
1049 2724 1332 2797 ἀνέμενον,
1369 2724 1562 2798 παρὼν
1608 2726 1828 2799 ἤγειρεν
1861 2728 2054 2793 αὐτοὺς

458 2823 526 2876 ἐκ
556 2819 764 2892 νεκρῶν
778 2818 822 2875 ³.

2154 2096 2208 2143 et
2233 2088 2347 2142 vita
2380 2097 2567 2143 nostra
2594 2098 2785 2145 exorta
2808 2100 2892 2147 est
2917 2106 3014 2160 per
3042 2090 3221 2159 ipsum
3244 2093 3300 2140 et
3318 2091 3548 2138 mortem
3577 2080 3751 2149 ipsius

2155 2178 2360 2250 (quam
2394 2179 2619 2249 quidam
2656 2190 2880 2253 negant,
2913 2196 3009 2250 per
3036 2178 3183 2250 quod
3216 2174 3540 2247 mysterium
3588 2171 3748 2224 ﬁdem

2153 2269 2489 2340 accepimus,
2515 2279 2569 2325 et
2609 2282 2831 2342 propter
2873 2272 2979 2327 hoc
3011 2269 3372 2330 sustinemus,
3411 2274 3471 2319 ut
3500 2261 3750 2316 invenia-

2154 2376 2280 2416 mur
2307 2361 2563 2432 discipuli
2594 2361 2725 2418 Jesu
2762 2362 2992 2429 Christi,
3025 2362 3200 2417 solius
3230 2358 3474 2414 doctoris
3510 2354 3681 2410 nostri
3708 2353 3750 2422 ),

2162 2454 2440 2524 quomodo
2490 2469 2593 2510 nos
2646 2456 2953 2525 poterimus
3002 2457 3185 2510 vivere
3232 2453 3353 2508 sine
3400 2450 3536 2519 ipso.
3586 2461 3749 2516 quem

2159 2544 2325 2599 etiam
2370 2546 2670 2615 prophetas,
2703 2562 2830 2601 cum
2876 2554 3064 2602 essent
3097 2544 3293 2615 spiritu
3322 2538 3577 2609 discipuli
3605 2537 3749 2607 ejus,

2158 2645 2221 2692 ut
2248 2638 2527 2693 doctorem
2561 2640 2992 2709 exspectabant?
3026 2638 3095 2693 Et
3119 2645 3339 2707 propter
3361 2633 3469 2687 hoc
3490 2633 3538 2686 is
3585 2644 3749 2702 quem

2159 2731 2637 2801 prazstolabantur,
2668 2733 2965 2791 adveniens
3006 2730 3297 2789 suscitavit
3318 2729 3472 2799 ipsos
3495 2741 3563 2781 ex
3600 2738 3753 2778 mor-

2128 2886 2132 2888 γ
2157 2824 2289 2879 tuis.

1830 2933 1897 2989 Χ.
1931 2933 2116 2991 Nolite
2140 2937 2443 3008 judaizare.

532 3053 625 3125 Μὴ
658 3046 755 3107 οὖν
787 3049 1200 3121 ἀναισθητῶμεν
1229 3047 1341 3120 (55)
1363 3048 1465 3120 τῆς
1486 3049 1854 3122 χρηστότητος
1870 3048 2057 3104 αὐτοῦ.

2237 3055 2391 3111 Absit
2415 3071 2548 3127 ergo
2582 3070 2610 3109 a
2657 3056 2838 3121 nobis,
2863 3070 2972 3109 non
2997 3053 3207 3108 moveri
3245 3048 3579 3121 benignitate
3608 3048 3750 3117 ejus.

460 3147 562 3202 “Av
590 3145 701 3218 γὰρ
732 3144 884 3216 ἡμᾶς
916 3142 1029 3214 (54)
1067 3143 1385 3213 μιμήσεται,
1419 3141 1563 3196 καθὰ
1596 3142 1932 3214 πράσσομεν,
1960 3144 2056 3198 οὐκ

2165 3144 2224 3202 Si
2248 3148 2396 3203 enim
2442 3165 2545 3205 nos
2581 3150 2841 3205 imitetur.
2863 3148 3169 3206 secundum
3207 3163 3297 3215 ea,
3327 3161 3450 3216 qua:
3496 3142 3755 3198 facimus.

1817 3285 2000 3347 Vetus
2050 3286 2390 3366 interpres.

1887 3407 2119 3466 CAPUT
2154 3410 2293 3466 VIII.

531 3506 652 3562 Non
686 3506 885 3562 erretis
912 3505 1193 3562 extraneis
1228 3502 1603 3575 opinionibus,
1648 3517 1830 3575 neque
1869 3501 2074 3561 fabulis
2117 3508 2418 3574 veteribus,
2462 3508 2751 3565 inutilibus
2798 3505 3217 3563 exsistentibus.
3266 3504 3336 3575 Si
3382 3503 3530 3571 enim
3576 3519 3755 3574 usque

459 3593 614 3650 nunc
638 3573 1322 3650 secundumJudaismum
1357 3573 1616 3650 vivimus,
1658 3574 1987 3650 conﬁtemur
2030 3577 2263 3646 gratiam
2298 3594 2408 3650 non
2454 3579 2759 3648 recepisse.
2808 3576 3150 3650 Divinissimi
3189 3574 3332 3629 enim
3362 3575 3638 3650 propheta:
3664 3573 3754 3650 se:

460 3648 701 3703 cundum
725 3641 1008 3701 Christu'm
1040 3644 1229 3702 Jesum
1260 3646 1538 3717 vixerunt.
1564 3641 1796 3717 Propter
1830 3643 1935 3699 hoc
1962 3654 2016 3700 et
2034 3641 2493 3717 persecutionem
2527 3641 2676 3717 pa'ssi
2707 3657 2857 3712 sunt,
2885 3646 3138 3717 inspirati
3170 3660 3202 3698 a
3240 3641 3417 3717 gratia
3457 3641 3650 3717 ipsius,
3684 3644 3754 3697 ad

460 3718 768 3788 certiticare
799 3714 1500 3788 impersuasos,_quoniam
1527 3706 1845 3768 unus-Deus
1886 3723 1991 3780 est,
2023 3706 2120 3788 (ιξυί
2154 3706 2546 3788 ηιιιιιὶῐθειιινίί
2573 3719 2819 3788 seipsum
2844 3706 3198 3788 'per'Jesum
3230 3706 3516 3788 Christum
3552 3713 3750 3788 Filium

462 3787 640 3860 ipsius
664 3805 697 3860 ;_
724 3787 818 3860 qui
863 3783 948 3841 est
990 3786 1168 3857 ipsius
1208 3783 1448 3841 verbum
1494 3790 1785 3852 aeternum,
1813 3798 1925 3838 non
1960 3801 1993 3839 a
2026 3783 2248 3843 silentio
2276 3789 2631 3860 progrediens
2652 3783 2675 3856 ;“
2696 3790 2792 3860 qui
2828 3783 3132 3844 secundum
3182 3784 3371 3842 omnia
3407 3783 3750 3854 beneplacuit

1915 3922 2148 3979 CAPUT
2186 3923 2273 3979 IX.

534 4020 593 4077 Si
625 4021 868 4093 igiturin
907 4019 1385 4093 veteribus'rebus
1420 4018 1756 4093 conversati,
1810 4019 1865 4093 in
1911 4021 2209 4076 novitatem
2255 4024 2370 4093 spei
2423 4034 2715 4092 venerunt,
2748 4040 2859 4080 non
2910 4024 3146 4093 amplius
3191 4021 3748 4093 sabbatizantes,_sed

462 4093 767 4148 secundum
803 4091 1143 4167 Dominicam
1175 4092 1444 4167 viventes,
1477 4090 1533 4143 in
1569 4105 1678 4167 qua
1711 4099 1765 4145 et
1797 4091 1906 4167 vita
1933 4101 2123 4147 nostra
2151 4090 2381 4149 ortaest
2409 4112 2507 4165 per
2534 4090 2712 4167 ipsum
2745 4105 2801 4150 et
2831 4090 3060 4149 mortem
3096 4095 3277 4167 ipsius
3312 4092 3494 4161 (quod
3519 4090 3749 4167 quidam

463 4171 686 4232 negant,
730 4178 829 4230 per
870 4161 1015 4231 quod
1056 4162 1378 4232 mysterium
1414 4176 1545 4215 acee
1586 4161 1730 4215 imus
1774 4161 2016 4225 credere,
2060 4170 2115 4216 et
2163 4175 2383 4231 propter
2409 4161 2943 4228 hoc-sustinemus,
2997 4175 3057 4218 ut
3101 4161 3444 4219 inveniamur
3500 4161 3752 4229 discipuli

463 4232 595 4287 Jesu
624 4232 855 4295 Christi,
882 4233 1057 4286 solius
1081 4232 1326 4287 doctoris
1370 4176 1604 4301 nostrig‘;
1635 4231 1916 4299 quomodo
1952 4246 2054 4287 nos
2093 4234 2398 4301 poterimus
2421 4236 2605 4291 vivere
2640 4236 2758 4291 sine
2792 4236 2942 4301 ipso;
2973 4234 3134 4301 cujus
3163 4244 3217 4289 et
3238 4234 3539 4301 prophetae,
3576 4232 3745 4285 disci-

462 3856 701 3913 mittenti
726 3856 928 3927 ipsum.

463 4220 595 4287 Jesu
624 4220 855 4295 Chr-isti,
882 4220 1057 4286 solius
1081 4220 1326 4287 doctoris
1370 4231 1545 4286 nostri

1590 4248 1604 4297 ;
1635 4231 1916 4299 quomodo
1952 4246 2054 4287 nos
2093 4234 2398 4304 poterimus
2421 4236 2605 4291 vivere
2640 4236 2758 4291 sine
2792 4236 2942 4303 ipso;
2973 4234 3134 4304 cujus
3163 4244 3217 4289 et
3238 4234 3539 4304 prophetae,
3576 4232 3745 4285 disci-

460 4302 578 4373 puli
604 4302 1190 4377 exsis_tent_es_spiritu,
1231 4303 1414 4377 ipsum
1441 4308 1503 4356 ut
1543 4301 1827 4357 doctorem
1858 4302 2288 4372 exspectabant?
2329 4313 2384 4361 et
2411 4315 2636 4377 propter
2665 4307 2772 4362 hoc
2799 4301 2947 4376 quod
2987 4301 3136 4375 ju'ste
3167 4301 3559 4374 exspectabant
3616 4316 3755 4372 pra:-

1932 4439 2170 4496 CAPUT
2208 4443 2275 4498 X.

532 4538 655 4595 Non
682 4539 851 4611 igitur
879 4554 987 4596 non
1022 4538 1330 4595 sentiamus
1361 4537 1749 4609 benignitatem
1800 4536 1993 4607 ipsius.
2028 4536 2087 4592 Si
2117 4540 2265 4594 enim
2310 4556 2415 4598 nos
2458 4549 2821 4614 persequatur
2878 4541 3183 4599 secundum
3222 4537 3373 4610 quod
3425 4550 3744 4607 operamur,

463 4370 593 4428 iens
618 4372 909 4428 suscitavit
937 4370 1088 4442 ipsos
1117 4387 1186 4428 ex
1211 4370 1468 4428 mortuis.

450 4662 459 4715 ί
541 4681 565 4713 ³
602 4679 801 4735 Matth.
834 4695 1016 4748 xxvn,
1056 4679 1147 4735 52.

540 4823 659 4895 (47)
699 4822 944 4902 lgnatius
992 4820 1265 4902 nonrduo
1313 4820 1534 4901 diversa
1565 4819 2062 4902 hfereticorumge-
2093 4829 2137 4885 υ
2168 4823 2391 4902 telerius
2423 4821 2499 4891 (ιι.
2534 4822 2590 4875 h.
2615 4818 2679 4902 l.)
2702 4827 2754 4874 et
2777 4816 3171 4902 RhothejAnﬂ,

465 4891 760 4961 nera—sed
794 4909 965 4948 unum
1020 4901 1232 4946 tantum
1254 4907 1477 4961 Agenus,
1505 4891 1904 4961 judaizantium
1938 4891 2062 4947 dico

465 4958 787 5018 Docetarum
819 4963 1120 5032 impugnat.
1144 4958 1483 5032 CI._P'roleg._
1500 4958 1685 5032 nostra
1710 4960 1783 5032 ad_
1799 4962 2061 5029 epistolas

467 5036 527 5091 S.
559 5034 755 5105 Ignatii
795 5028 998 5105 Nr.__V—,
1035 5032 1106 5105 (i,
1144 5041 1199 5086 et
1233 5028 1613 5105 I)_itsterdieck,
1646 5029 1723 5083 De
1752 5028 2062 5100 Ighatiana—

466 5101 772 5174 rum'epist.
812 5103 1199 5174 authentiatp.
1230 5101 1302 5156 55
1313 5116 1448 5174 sqq.

539 5169 656 5244 (48)
694 5173 781 5230 Cf.
814 5175 838 5227 Ι
866 5172 1011 5227 Tim.
1041 5188 1081 5236 ι,
1110 5169 1281 5244 41w,
1311 5169 1582 5244 7;’Tit._r,
1609 5169 1697 5224 Li.

452 5244 456 5248 ’
541 5240 656 5316 (49)
695 5245 806 5298 Aut
832 5244 998 5315 νόμον
1028 5251 1125 5297 aut
1153 5240 2056 5316 'louoaicpdv'interpretamentum

466 5311 611 5377 esse,
635 5311 863 5370 summo
900 5311 1178 5369 consensu
1208 5312 1548 5367 contendunt
1571 5311 1830 5368 editores.
1862 5312 2062 5369 Jacob-

468 5401 668 5443 sonum
696 5393 919 5440 secutus
964 5383 1128 5454 νόμον
1174 5382 1331 5436 uncis
1380 5381 1602 5454 inclusi,
1634 5382 1945 5454 quiavetus
1978 5384 2063 5454 in-

469 5467 682 5537 terpres
704 5451 1047 5537 Ιιιάαὶρηειιηι
1074 5460 1284 5507 tantum
1299 5452 1549 5537 exhibet,
1568 5460 1622 5507 et
1644 5466 1745 5507 nos
1768 5451 1910 5508 infra
1927 5469 1977 5508 c.
1992 5452 2062 5508 10

469 5519 724 5599 legimus,
756 5524 899 5599 κατὰ
931 5520 1356 5599 Χριστιανισμὺν
1389 5519 1509 5592 ζῇν.

543 5590 657 5667 (50)
694 5590 1279 5674 [gnatiaiiplmastiges
1289 5590 1647 5674 contendunt,
1668 5591 1784 5674 fieri
1800 5592 1891 5647 hic
1906 5608 2062 5648 men-

471 5662 675 5730 tionem
722 5662 889 5736 Σιγῆς
919 5662 1191 5718 Valentini
1240 5662 1522 5736 G_no_stici,_
1539 5670 1595 5715 et
1619 5662 1744 5716 inde
1779 5676 2063 5732 apparere,

471 5738 756 5804 epistolam
798 5731 1054 5790 nostram
1098 5748 1209 5787 non
1251 5733 1320 5804 ab
1353 5731 1562 5804 Igniatio
1598 5747 1728 5804 esse
1755 5731 2059 5804 exaratam.

473 5801 1065 5878 RespondetiVossius‘,
1101 5803 1409 5878 respexisse
1426 5803 1706 5878 lgnatium
1737 5804 1803 5856 ad
1845 5801 2066 5878 Gnosti-

473 5873 892 5937 cos'Valentino
925 5874 1300 5948 antiquiores;
1335 5873 1530 5931 melius
1548 5882 1729 5931 autem
1758 5881 1928 5944 agunt
1955 5873 2063 5931 Co-

3241 4854 3253 4868 .
3286 4813 3390 4866 726
3411 4812 3451 4882 ),
3479 4810 3751 4882 lgnatium

2168 4830 2391 4879 lelerius
2423 4830 2499 4891 (a.
2535 4830 2590 4875 h.
2616 4830 2679 4890 Ι.)
2702 4830 2754 4874 et
2780 4830 2954 4898 Bothe
2982 4830 3171 4888 (1111].,
3297 4830 3451 4882 120),
3484 4830 3751 4891 Ignauum

2166 4895 2393 4958 dixisse,
2427 4900 2712 4964 monentes
2746 4909 2759 4943 :
2803 4890 3058 4964 Christus
3086 4896 3170 4964 est
3242 4884 3431 4964 erbmn
3472 4881 3567 4964 Dei
3596 4890 3754 4964 aeter-

2165 4981 2321 5027 num,
2355 4950 2502 5033 quod
2532 4977 2640 5016 non
2679 4961 2855 5013 instar
2885 4957 3108 5033 humani
3146 4953 3419 5033 sermonis
3444 4961 3559 5033 post
3588 4950 3751 5033 sitan—

2167 5021 2416 5109 tium'seju
2437 5049 2465 5086 e
2485 5032 2697 5085 silentio
2717 5027 3113 5109 progrediturn
3129 5042 3241 5106 non
3264 5024 3458 5109 junius.
3479 5028 3563 5109 est
3586 5021 3752 5109 slilen-

2167 5045 2299 5088 tium
2326 5051 2416 5087 seu
2437 5049 2465 5086 e
2485 5045 2697 5085 ειιεηιιο
2716 5045 3113 5153 ἓιοᾳιςθαιιυτη
3129 5045 3241 5106 nor!
3264 5045 3452 5092 Junius
3479 5045 3563 5075 ess
3586 5045 3752 5074 aucu-

2163 5105 2263 5170 tio,
2293 5104 2386 5159 sed
2418 5112 2695 5156 wternum.
2759 5098 2893 5153 imili
2918 5096 3081 5151 modo
3093 5111 3207 5167 jam
3230 5092 3585 5164 interpolator
3606 5093 3753 5146 hunc

2162 5174 2345 5229 locum
2380 5172 2659 5243 explicuit:

2237 5245 2351 5315 (51)
2388 5238 2508 5315 Ife.
2537 5243 2592 5296 in
2637 5239 2813 5315 Veteri
2846 5238 3198 5315 Testamento.

2236 5300 2351 5384 (52)
2388 5312 2521 5367 Post
2549 5313 2816 5384 κυριακήν
2846 5306 3158 5384 necessario
3192 5302 3416 5384 ἡμέραις
3440 5300 3751 5384 subintelli-

2164 5372 2400 5458 gendum
2428 5392 2531 5448 est,
2554 5372 2700 5458 quod
2722 5372 2789 5435 ei
2814 5378 3166 5458 sequentibus
3192 5372 3357 5444 patet.
3385 5374 3577 5455 Suum.
3595 5372 3752 5458 Ζξυήν

2165 5443 2275 5511 non
2302 5468 2425 5507 cum
2451 5443 2743 5524 κυριακήν,
2782 5450 2876 5505 sed
2893 5443 3031 5503 cum
3071 5443 3272 5510 ζῶντες
3305 5443 3749 5513 conjungeudum

2162 5536 2266 5582 est.
2301 5524 2565 5578 PEARSON.

2237 5595 2351 5664 (55)
2387 5592 2563 5647 Verba
2595 5590 2654 5646 S.
2692 5589 2845 5645 Pauli
2868 5588 2935 5643 ad
2964 5588 3129 5643 Rom.
3153 5602 3217 5655 ιι,
3243 5586 3277 5640 4
3304 5584 3358 5638 in
3387 5590 3569 5637 mente
3590 5582 3750 5650 lgna-

2164 5665 2226 5721 tii
2259 5665 2431 5719 fuisse
2450 5664 2724 5716 videntur.

2237 5736 2352 5806 (54)
2392 5733 2432 5787 I.
2456 5750 2507 5788 e.
2547 5734 2602 5806 si
2640 5731 2782 5806 Deus
2827 5728 3008 5806 eodem
3052 5727 3210 5782 modo
3243 5725 3510 5781 nobiscum
3548 5730 3723 5794 ageret

2165 5800 2397 5865 Vobsius
2424 5812 2477 5861 cl.
2515 5803 2607 5860 alii
2629 5802 2841 5859 malum
2862 5800 3168 5871 τιμήσεται.
