4134 6382
432 347 537 405 δίι
1408 343 1657 401 SANCTI
1694 344 1952 403 IGNATII
1983 346 2345 406 EPISTOLIE
2394 349 2746 409 GENUINE.
3620 352 3728 408 672

430 470 545 540 jam
578 465 858 537 periimus.
915 462 1236 534 Propterea,
1257 466 1516 537 discipuli
1539 467 1661 537 ejus
1683 465 1881 535 eﬂ’ecti,
1907 468 2021 525 dis-
2053 508 2062 533 λ

2094 470 2209 533 ,ἔτι
2236 472 2426 543 ἐσμέν.
2464 472 2563 525 Διὰ
2593 471 2771 535 τοῦτο,
2802 470 3041 543 μαθηταὶ
3072 469 3237 526 αὐτοῦ
3269 470 3570 542 γενόμενοι,
3617 474 3726 543 μά-

435 573 631 612 camus
661 556 963 612 secundum
994 556 1481 614 Christianismum
1521 558 1724 614 vivere.
1750 558 1855 625 Qui
1880 561 2029 615 enim

2132 562 2315 634 θωμεν
2349 564 2491 618 κατὰ
2521 564 2943 635 Χριστιανισμὸν
2975 563 3203 635 ζῇν.“ος
3230 564 3339 637 γὰρ
3363 564 3508 636 ἄλλῳ
3529 565 3729 636 ὀνόμα-

436 649 544 703 alio
588 648 807 702 nomine
837 657 1065 702 vocatur
1099 658 1297 719 praeter
1332 650 1458 717 hoc,
1482 664 1592 705 non
1615 656 1699 704 est
1727 649 1845 706 Dei.
1876 649 2030 719 Abii-

2125 669 2182 706 τι
2230 652 2475 708 καλεῖται
2526 653 2689 707 πλέον
2722 654 2833 725 (55)
2864 653 3075 719 τούτου,
3117 654 3218 708 οὐκ
3258 656 3405 709 ἐστιν
3437 655 3532 710 τοῦ
3565 655 3724 711 Θεοῦ.

435 743 543 797 cite
586 741 751 811 igitur
780 742 984 795 malum
1019 740 1382 810 fermentum,
1423 742 1784 798 inveteratum
1813 752 1870 799 et
1904 745 2025 800 aci-

2126 741 2240 813 (56)
2258 743 2595 816 ’Υπέρθεσθε
2642 740 2736 798 οὖν
2781 744 2879 814 τὴν
2915 745 3091 815 κακὴν
3124 744 3323 816 ζύμην,
3357 746 3456 818 τὴν
3484 747 3728 800 παλαιω-

433 832 587 897 dum,
615 842 670 887 et
709 834 1155 889 transmutamini
1188 834 1242 888 in
1276 850 1477 890 novum
1506 834 2021 906 fermentum,quod

2124 838 2310 892 θεῖσαν
2325 837 2418 890 καὶ
2433 834 2894 902 ὲνοξίσασανδριαὶ
2913 834 3177 905 μεταϐάλε
3185 836 3276 889 σθε
3291 837 3370 899 εἰς
3384 836 3510 891 νέαν
3525 836 3725 908 ζύμην,

432 930 518 977 est
577 920 738 977 Jesus
779 922 1055 979 Christus.
1106 924 1393 979 Saliamiui
1455 925 1510 979 in
1577 925 1733 994 ipso,
1798 933 1857 979 ut
1910 939 2022 978 non

2120 932 2149 985 δ
2183 932 2332 983 ἐστιν
2376 926 2581 998 Ἰησοῦς
2623 926 2878 996 Χριστός.
2898 925 3179 998 Ἀλίσθητε
3225 930 3284 981 ὲν
3308 928 3478 999 αὐτῷ,
3515 929 3603 982 ἵνα
3650 930 3725 1000 μὴ

435 1025 822 1084 corrumpatur
870 1016 1074 1085 aliquis
1125 1032 1156 1071 e
1196 1017 1376 1083 vobis,
1425 1018 1688 1087 quoniam
1743 1016 1813 1071 ab
1856 1016 2028 1071 odore

2123 1015 2397 1086 διαφθαρῇ
2427 1031 2508 1076 τις
2541 1012 2599 1066 ὲν
2632 1012 2781 1082 ὑμῖν,
2823 1013 2945 1064 ἐπεὶ
2977 1011 3085 1065 ἀπὸ
3115 1011 3215 1081 τῆς
3252 1012 3429 1082 ὀσμῆς
3464 1012 3729 1085 ἐλεγχθή-

436 1107 864 1177 redarguemini.
892 1108 1207 1163 Absurdum
1233 1117 1339 1174 est,
1362 1106 1646 1163 Christum
1674 1104 1860 1161 Jesum
1902 1120 2031 1175 pro-

2126 1102 2565 1162 σεσθε.”Ατοπόν
2621 1105 2789 1166 ἐστιν,
2825 1102 3059 1173 Χριστὸν
3106 1102 3313 1174 Ἰησοῦν
3361 1104 3473 1172 (57)
3521 1106 3723 1171 λαλεῖν,

436 1200 565 1264 fari,
594 1209 647 1255 et
676 1201 982 1271 judaizare.
1010 1199 1471 1255 Christianismus
1506 1198 1653 1255 enim
1701 1213 1809 1252 non
1841 1198 1896 1251 in
1926 1195 2027 1250 Ju-

2126 1199 2218 1254 καὶ
2275 1195 2579 1260 ἰουδαΐζειν.
2630 1194 2743 1266 (58)
2774 1195 2831 1248 Ὀ
2876 1193 2986 1265 γὰρ
3031 1196 3461 1269 Χριστιανισμδς
3506 1200 3608 1252 οὐκ
3646 1200 3728 1262 εἰς

440 1296 720 1349 daismum
769 1293 1022 1352 credidit.
1067 1292 1165 1347 sed
1212 1290 1530 1347 Judaismus
1582 1291 1638 1345 in
1690 1288 2029 1344 Christiani-

2139 1286 2470 1359 Ἰουδαῖσμὸν
2492 1286 2831 1350 ἐπίστευσεν,
2849 1286 2987 1340 ἀλλὰ
3018 1287 3347 1359 Ἰουδαῖσμὸς
3367 1290 3447 1353 εἰς
3468 1290 3725 1361 Χριστια-

437 1403 641 1455 sinum,
666 1394 726 1441 ut
755 1384 936 1440 omnis
963 1384 1150 1455 lingua
1181 1382 1413 1439 credens
1443 1382 1511 1437 ad
1540 1381 1711 1437 Deum
1736 1396 2033 1451 congrega-

2127 1378 2340 1449 νισμὸν,
2373 1376 2449 1439 ὡς
2483 1374 2595 1445 (59)
2628 1374 2778 1427 πᾶσα
2827 1374 3051 1444 γλῶσσα
3096 1376 3438 1432 πιστεύσασα
3480 1381 3561 1444 εἰς
3592 1380 3728 1433 Θεὸν

438 1488 605 1534 retur.

2130 1469 2391 1542 συνήχθη.

1295 1586 1390 1645 XI.
1427 1587 1551 1643 Non
1585 1588 1880 1658 castigans,
1913 1586 2004 1643 sed
2036 1599 2125 1639 vos
2152 1581 2508 1653 prmmuniens
2538 1587 2650 1636 haec
2678 1580 2872 1637 scribo.

507 1710 635 1766 Iiaac
664 1721 846 1766 autem
875 1708 1081 1774 scribo,
1112 1706 1298 1762 dilecti
1333 1706 1463 1773 mei,
1491 1721 1603 1759 non
1637 1704 1784 1775 quod
1816 1719 2025 1774 cogno-

2201 1697 2387 1753 Ταῦτα
2410 1698 2487 1760 δὲ,
2513 1698 2787 1768 ἀγαπητοί
2824 1716 2949 1769 μου,
2982 1699 3084 1753 οὐκ
3131 1701 3255 1755 ἐπεὶ
3297 1701 3470 1771 ἔγνων
3505 1703 3615 1776 (60)
3649 1723 3730 1759 τι.

438 1805 632 1870 verim,
665 1803 879 1873 aliquos
902 1809 1144 1856 vestrum
1171 1800 1276 1853 hoc
1296 1799 1484 1853 animo
1499 1797 1723 1852 affectos
1746 1811 1891 1861 esse,
1908 1794 2026 1861 sed,

2132 1792 2231 1855 νὰς
2253 1791 2311 1857 ἐξ
2332 1790 2486 1861 ὑμῶν
2512 1789 2684 1853 οὕτως
2700 1789 2945 1860 ἔχοντας,
2968 1792 3083 1847 ἀλλ’
3103 1793 3181 1857 ὡς
3205 1795 3527 1867 μικρότερος
3551 1797 3725 1867 ὑμῶν,

439 1906 502 1951 ut
529 1897 712 1950 minor
744 1894 902 1948 vobis
925 1932 940 1957 ,
983 1900 1209 1947 cautum
1236 1890 1391 1945 vobis
1440 1890 1602 1959 cupio
1623 1930 1639 1955 ,
1671 1903 1739 1943 ne
1777 1886 2035 1942 incidatis
2066 1900 2071 1955 1

2068 1900 2109 1955 Β
2138 1884 2277 1938 Θέλω
2310 1883 2787 1955 προφυλάσσεσθαι
2816 1886 2980 1956 ὑμᾶς,
3015 1885 3089 1957 μὴ
3123 1889 3385 1958 ἐμπεσεῖν
3414 1890 3494 1953 είς
3525 1891 3593 1945 τὰ
3627 1892 3700 1961 ἀγ

441 1987 500 2042 in
546 1988 744 2043 hamos
772 1987 953 2042 inanis
984 1986 1278 2052 doctrinae,
1323 1984 1420 2041 sed
1467 1993 1527 2038 ut
1554 1983 1710 2055 plene
1741 1983 1879 2039 certi
1903 1982 2027 2036 red-

2130 1993 2331 2048 κιστρα
2362 1976 2463 2047 τῆς
2495 1978 2819 2043 κενοδοξίας,
2856 1979 2993 2033 ἀλλὰ
3026 1981 3544 2056 πεπληροφορῆσθαι
3577 1989 3635 2040 ὲν
3660 1989 3725 2057 τῇ

440 2080 649 2136 damini
694 2079 765 2133 de
803 2078 1092 2134 nativitate
1120 2087 1177 2133 et
1201 2078 1459 2149 passione
1507 2083 1563 2130 et
1603 2075 2027 2139 resurrectione,

2131 2069 2380 2138 γεννήσει
2402 2068 2497 2121 καὶ
2526 2067 2602 2139 τῷ
2630 2069 2793 2123 πάθει
2826 2072 2919 2124 καί⁵
2945 2074 3010 2142 τῇ
3045 2073 3336 2127 ἀναστάσει
3368 2077 3433 2146 τῇ
3461 2075 3729 2149 γενομένῃ

439 2188 565 2242 qua:
620 2170 848 2241 contigit
908 2179 1157 2241 tempore
1215 2170 1555 2241 praefecturae
1602 2167 1785 2223 Pontii
1829 2165 2028 2233 Pilati;

2130 2163 2189 2216 ἐν
2222 2159 2397 2231 καιρῷ
2427 2161 2524 2230 τῆς
2548 2161 2846 2231 ἡγεμονίας
2864 2162 3088 2215 Ποντίου
3117 2164 3351 2218 Πιλάτου
3370 2181 3385 2197 ο
3420 2165 3528 2237 (61)
3586 2186 3729 2239 πρα-

438 2279 565 2334 qua:
602 2280 731 2320 vere
761 2276 817 2321 et
842 2264 1218 2320 indubitanter
1248 2271 1400 2334 gesta
1428 2268 1557 2321 sunt
1578 2276 1606 2315 a
1634 2258 1763 2315 Jesu
1785 2257 2031 2323 Christo,

2132 2253 2331 2325 χθέντα
2362 2253 2576 2325 ἀληθῶς
2608 2255 2701 2307 καὶ
2736 2253 2967 2323 βεϐαίως
2999 2256 3301 2329 ὑπὺἸησοῦ
3334 2260 3592 2331 Χριστοῦ,
3627 2261 3728 2333 τῆς

440 2370 541 2426 spe
564 2365 773 2425 nostra,
802 2371 833 2411 a
862 2370 973 2427 qua
1000 2355 1174 2411 averti
1212 2354 1421 2410 nemini
1451 2361 1691 2409 vestrum
1724 2349 1956 2406 accidat.

2172 2346 2350 2410 λπίδος
2380 2346 2559 2419 ήμῶν,
2582 2342 2651 2419 ἦς
2683 2348 3023 2421 ἐκτραπῆναι
3057 2351 3247 2423 μηδεν).
3279 2353 3432 2424 ὑμῶν
3459 2353 3688 2423 γένοιτο.
3800 2394 3804 2399 η

1581 2462 1697 2519 XII.
1741 2462 1847 2517 Vos
1878 2461 2022 2517 enim
2053 2462 2297 2517 meliores
2327 2480 2406 2518 me
2428 2464 2578 2518 estis.

513 2583 692 2642 Fruar
732 2586 891 2642 vobis
940 2586 997 2641 in
1033 2586 1315 2652 omnibus,
1343 2584 1615 2657 siquidem
1656 2584 1855 2654 dignus
1888 2597 2033 2638 sum.

2228 2585 2489 2657 Ὀναίμην
2522 2584 2677 2656 ὑμῶν
2729 2584 2869 2639 κατᾶ
2902 2584 3100 2653 πάντα,
3136 2586 3345 2660 ἐάνπερ
3375 2588 3526 2654 ἄξιος
3558 2583 3625 2645 ὦ.
3661 2592 3725 2646 Εἰ

442 2671 560 2731 Etsi
610 2676 756 2730 enim
804 2675 1009 2745 ligatus
1045 2693 1171 2732 sum
1222 2691 1325 2746 pro
1357 2676 1601 2742 Christo,
1631 2678 2037 2744 comparandus

2143 2677 2251 2751 γὰρ
2286 2679 2380 2731 καὶ
2431 2677 2671 2748 δέδεμαι,
2722 2678 2859 2751 πρὸς
2914 2676 3013 2733 ενα
3064 2677 3175 2733 τῶν
3227 2680 3537 2752 λελυμένων
3568 2683 3724 2754 ὑμῶν

451 2776 633 2821 tamen
669 2782 779 2822 non
824 2782 947 2822 sum
991 2767 1089 2822 uni
1128 2777 1396 2836 vestrum,
1429 2768 1523 2837 qui
1556 2766 1706 2838 ligati
1742 2781 1852 2821 non
1877 2765 2033 2819 estis.

2141 2771 2243 2825 οὐκ
2275 2770 2410 2840 είμί.
2448 2766 2600 2834 Οἶδα,
2634 2770 2717 2823 ὃτι
2749 2770 2811 2823 οὐ
2846 2768 3137 2839 φυσιοῦσθε
3162 2788 3176 2802 ·
3214 2771 3420 2844 Ἰησοῦν
3450 2774 3557 2846 γὰρ
3590 2777 3724 2847 Χρι-

444 2857 606 2922 Novi,
634 2858 783 2929 quod
825 2860 931 2915 hac
976 2860 1139 2916 laude
1164 2875 1275 2915 non
1316 2861 1645 2931 superbitis;
1678 2858 1867 2915 Jesum
1889 2857 2037 2913 enim

2145 2860 2271 2916 στδν
2319 2861 2472 2932 ἔχετε
2531 2863 2589 2915 ὲν
2622 2862 2848 2923 ἑαυτοῖς.
2885 2860 2995 2915 Καὶ
3048 2860 3285 2932 μᾶλλον,
3328 2864 3458 2919 ὃταν
3518 2866 3724 2921 ἐπαινῶ

442 2949 727 3007 Christum
747 2951 961 3007 habetis
979 2952 1033 3007 in
1058 2952 1232 3009 vobis.
1261 2953 1328 3007 Et
1356 2954 1553 3026 magis,
1572 2969 1697 3009 cum
1726 2951 1890 3007 laudo
1910 2964 2031 3016 vos,

2146 2951 2313 3023 ὑμᾶς,
2348 2946 2485 3015 οῖδα,
2520 2952 2603 3003 ὅτι
2637 2949 2985 3021 ὲντρέπεσθε,
3019 2951 3097 3016 ὡς
3126 2950 3458 3026 γέγραπται,
3497 2955 3616 3010 ὅτι*
3661 2957 3727 3012 '0

444 3044 599 3111 scio,
648 3045 796 3114 quod
836 3045 1202 3115 erubescitis,
1247 3044 1392 3103 sicut
1438 3045 1706 3117 scriptum
1746 3051 1877 3100 est:
1922 3040 2030 3096 Ju-

1438 3045 1706 3117 scriptum
1746 3051 1877 3100 est:
1922 3040 2030 3096 Jn—
2138 3042 2369 3109 δίκαιος
2403 3041 2620 3096 ἑαυτοῦ
2658 3039 2986 3110 κατήγορος
3015 3040 3058 3097 ⁵.

445 3146 560 3191 stus
589 3138 676 3193 sui
703 3147 783 3193 est
809 3149 1112 3195 accusator.
2073 3126 2119 3183 (ἶ

1510 3231 1657 3288 XIII.
1692 3226 2095 3301 Conﬁrmemini
2125 3227 2181 3280 in
2210 3225 2314 3295 ﬁde
2340 3233 2391 3279 et
2419 3226 2631 3281 unione.

519 3341 746 3399 Studete
776 3344 944 3416 igitur
985 3345 1301 3401 conﬁrmari
1334 3345 1387 3400 in
1417 3344 1686 3401 doctrinis
1720 3344 1939 3399 Domini
1982 3353 2037 3400 et

2213 3347 2550 3411 Σπουδάξετε
2583 3330 2678 3401 οῦν
2713 3346 3076 3421 βεϐαιωθῆναι
3110 3351 3171 3405 ὲν
3199 3352 3316 3415 τοῖς
3345 3351 3610 3425 δόγμασιν
3631 3351 3727 3409 τοῦ

447 3436 848 3504 apostolorum,
868 3446 930 3492 ut
956 3439 1303 3508 omnia,quae
1327 3436 1531 3505 facitis,
1584 3452 1849 3508 prospere
1876 3436 2034 3492 vobis

2140 3438 2346 3509 Κυρίου
2390 3438 2483 3492 καὶ
2514 3438 2624 3492 τῶν
2656 3439 2995 3507 ἀποστόλων,
3035 3442 3121 3494 ἵνα
3155 3442 3353 3508 πάντα,
3387 3445 3486 3498 ὅσα
3513 3445 3725 3515 ποιῆτε,

447 3529 769 3598 succedant,
794 3544 961 3587 carne
988 3539 1045 3588 et
1067 3531 1290 3604 spiritu,
1313 3530 1419 3587 ﬁde
1439 3540 1494 3587 et
1516 3530 1875 3596 charitate,in
1904 3528 2041 3585 Filio

2152 3529 2561 3602 κατευοδωθῆτε
2598 3530 2761 3601 σαρκὶ
2793 3530 2888 3586 καὶ
2920 3531 3211 3605 πνεύματι,
3247 3534 3429 3590 πίστει
3462 3537 3727 3607 καϊάγα-

1800 3626 1983 3689 Yetus
2010 3626 2351 3705 interpres.

448 3766 559 3827 non
590 3754 829 3827 amplius
858 3771 1072 3813 sumus.
1100 3755 1331 3827 Propter
1359 3756 1465 3812 hoc
1495 3754 1749 3824 discipuli
1784 3754 1907 3824 ejus
1939 3754 2141 3827 eﬂ'ccti,
2181 3756 2461 3827 discamus
2491 3754 2795 3827 secundum
2813 3752 3321 3827 Christianismum
3364 3755 3572 3811 vivere.
3617 3754 3725 3825 Qui

445 3824 595 3878 enim
625 3826 733 3880 alio
761 3827 986 3882 nomine
1018 3824 1249 3883 vocatur
1270 3828 1509 3896 amplius
1538 3827 1608 3881 ab
1639 3827 1764 3896 hoc,
1793 3840 1902 3879 non
1930 3835 2015 3880 est
2056 3826 2176 3881 Dei.
2219 3825 2482 3896 Deponite
2517 3826 2683 3896 igitur
2720 3824 2927 3896 malum
2974 3825 3305 3880 fermentum
3358 3824 3726 3881 inveteratum

448 3902 504 3947 et
533 3910 845 3962 exacuens;
873 3906 929 3951 et
959 3899 1308 3968 transponite
1346 3894 1401 3951 III
1439 3913 1642 3968 novum
1676 3894 2034 3968 fermentum,
2085 3896 2179 3968 qui
2212 3904 2307 3968 est
2334 3895 2494 3950 Jesus
2520 3894 2791 3968 Christus.
2831 3894 3219 3968 S_alviIlcemini
3260 3897 3315 3949 in
3345 3896 3490 3967 ipso,
3521 3906 3586 3968 ut
3616 3914 3727 3953 non

450 3975 840 4037 corrumpatur
864 3968 1064 4037 aliquis
1090 3964 1144 4021 in
1170 3968 1347 4029 vobis,
1375 3967 1468 4036 qui
1500 3968 1571 4021 ab
1598 3966 1791 4037 odore
1816 3964 2249 4037 redargueniini.
2286 3964 2682 4037 lnconveniens
2730 3972 2824 4037 est
2852 3964 3039 4037 Iesum
3085 3964 3383 4021 Christum"
3409 3966 3634 4036 perfari,
3676 3976 3733 4021 et

446 4030 751 4156 iudaizare.
785 4030 1245 4092 Chrisiianismus
1262 4030 1408 4090 enim
1453 4051 1561 4090 non
1595 4036 1649 4088 in
1667 4030 2015 4090 Judaismuni
2048 4035 2303 4103 credidit,
2336 4034 2431 4091 sed
2461 4034 2781 4093 Judaismus
2811 4035 2869 4090 in
2897 4034 3378 4092 Christianismum
3400 4030 3425 4105 ;’
3459 4045 3520 4092 ut
3548 4030 3733 4093 ornnis

475 4119 638 4156 mima
670 4107 899 4156 credens
929 4108 984 4156 in
1009 4107 1181 4156 Deum
1212 4115 1661 4156 cormreaaretur.

475 4103 638 4174 ingua
670 4107 899 4172 credens
929 4108 984 4162 in
1008 4107 1181 4162 Deum
1212 4115 1661 4180 congregaretur.

1922 4199 2155 4257 CAPUT
2189 4198 2285 4256 XI.

525 4292 878 4368 Htecautem,
901 4295 1084 4352 dilecti
1110 4299 1239 4368 mei,
1272 4313 1381 4353 non
1401 4297 1529 4368 quia
1554 4297 1785 4368 cognovi
1812 4296 2031 4367 aliquos
2056 4313 2122 4351 ex
2166 4297 2324 4353 vobis
2348 4297 2428 4368 sic
2457 4295 2755 4368 habentes;
2785 4294 2901 4368 sed,
2934 4304 2995 4351 ut
3020 4295 3204 4352 minor
3229 4295 3407 4360 vobis,
3436 4296 3568 4352 volo
3593 4311 3733 4366 pra:-

454 4366 664 4420 scrvari
696 4381 816 4430 vos,
849 4376 909 4420 ut
934 4382 1040 4421 non
1068 4366 1327 4423 incidatis
1355 4366 1817 4423 inihamos'vanae
1847 4366 2065 4436 gloria;
2104 4368 2197 4422 sed
2238 4367 2613 4422 certilicemini
2640 4368 2707 4420 εἰη
2739 4367 3019 4420 nativitate
3056 4376 3112 4422 et
3151 4368 3405 4436 passione
3438 4376 3493 4421 et
3542 4383 3731 4421 resur-

455 4436 721 4503 rectione,
761 4436 905 4491 facta
948 4438 1003 4490 in
1043 4448 1291 4508 tempore
1337 4439 1571 4494 ducatus
1617 4436 1802 4494 Pontii
1849 4436 2011 4493 Pilati
2059 4455 2076 4493 :
2112 4453 2236 4508 qua:
2279 4436 2423 4494 facta
2454 4446 2586 4493 sunt
2626 4452 2756 4492 vere
2781 4446 2836 4491 et
2876 4436 3105 4493 ﬁrmiter
3132 4452 3165 4492 a
3200 4436 3329 4494 Iesu
3366 4437 3589 4493 Christo
3638 4452 3733 4507 spe

454 4513 666 4573 nostra,
693 4522 725 4561 a
751 4522 860 4577 qua
883 4507 1055 4563 averti
1087 4508 1224 4563 nulli
1250 4517 1495 4564 vestrum
1524 4509 1637 4564 ﬁat.-
1676 4552 1705 4579 ,
1758 4561 1788 4580 ,
2056 4536 2059 4537 ν

1896 4602 2129 4660 CAPUT
2169 4601 2285 4657 xu.
2363 4570 2368 4583 ’

526 4690 705 4771 Fruar
729 4696 889 4752 vobis
926 4698 1228 4771 secundum
1259 4699 1469 4758 omnia.
1506 4698 1553 4756 si
1580 4698 1801 4771 quidem
1835 4701 2039 4771 dignus
2079 4700 2211 4771 sim.
2240 4696 2363 4771 Etsi
2400 4696 2547 4771 enim
2589 4695 2965 4771 ligatusgsu‘m,
3002 4698 3069 4771 ad
3095 4713 3273 4771 unum
3318 4698 3625 4771 solutorum
3663 4699 3733 4754 de

453 4765 746 4840 vobis_non
787 4784 935 4840 sum.
959 4768 1098 4840 _Novgi
1126 4771 1392 4840 quoniam
1423 4784 1533 4824 non
1566 4765 1829 4825 inﬂamini
1859 4765 2099 4826 :IIesqu
2126 4769 2274 4840 enim
2302 4767 2587 4840 Christum
2616 4765 2843 4840 habetis
2887 4769 2942 4822 in
2986 4768 3411 4840 vobismetipsis.
3456 4767 3525 4822 Et
3560 4771 3732 4840 magis

454 4836 677 4959 quando
723 4838 915 4907 utique
957 4838 1124 4896 laudo
1143 4836 1285 4909 _vos,
1336 4840 1467 4896 novi
1502 4840 1768 4913 quoniam
1808 4838 2299 4907 verecundamini;
2347 4837 2493 4894 sicut
2521 4838 2786 4908 scriptum
2820 4847 2927 4903 est,
2966 4837 3228 4909 quoniam
3242 4836 3424 4908 justus
3457 4840 3543 4894 sui
3564 4836 3730 4908 ipsius

454 4922 648 4959 accusa
674 4923 735 4959 or
762 4918 862 4959 est.

454 4918 735 4961 ιεοκεαιον
762 4918 862 4965 εει.

1935 5004 2122 5062 APUT
2150 5003 2290 5059 XIII.

1935 5006 2122 5062 APUT
2150 5006 2290 5059 XIII.

536 5098 763 5157 Studete
790 5099 953 5171 igitur
982 5099 1189 5158 ﬁrmari
1221 5102 1278 5159 in
1306 5102 1654 5174 dogmatibus
1686 5006 1989 5160 Dominicet
2027 5102 2426 5175 apostolorum,
2454 5106 2516 5155 ut
2543 5097 2733 5154 omnia
2781 5112 3127 5169 quaecunque
3180 5095 3360 5153 facitis
3402 5110 3731 5169 prosperen-

523 5229 548 5260 ⁸
576 5228 599 5281 ι
624 5225 753 5281 Cor.
786 5240 840 5291 v,
869 5224 923 5281 7.
1027 5224 1051 5259 '
1075 5224 1239 5281 Prov.
1269 5240 1427 5294 xvm,
1453 5225 1542 5282 i7.

528 5348 642 5421 (55)
683 5346 724 5401 I.
756 5362 807 5403 e.
834 5346 1061 5421 qui_non
1085 5346 1518 5418 Christianisnti,
1550 5348 1642 5405 sed
1688 5347 1908 5406 haeresis
1948 5363 2043 5402 cn-
2072 5348 2120 5406 D
2148 5350 2535 5421 conuenerunt.

445 5403 665 5491 Jusdar'n
690 5403 887 5491 nomen
916 5417 1038 5491 fert.
1136 5488 1146 5491 _
1251 5403 1257 5404 ί
1731 5403 1757 5405 ﬁ
1820 5403 1848 5491 ς
1954 5487 1967 5491 _
2074 5403 2097 5406 ⁷
2224 5415 2338 5485 (59)
2375 5412 2418 5467 I.
2467 5427 2528 5491 (ξ.¹
2559 5418 2618 5464 ut
2661 5408 2843 5477 ﬁdeles
2882 5420 2948 5491 ea:
2986 5404 3227 5460 omnibus
3251 5403 3494 5491 gentibus
3519 5418 3733 5491 conice-

456 5472 493 5491 ’ί
526 5490 639 5559 (56)
682 5472 794 5545 Vet.
828 5472 929 5543 int:
956 5487 1199 5560 deponite
1240 5518 1313 5531 —
1357 5488 1653 5555 ἀπόθεσθε,
1690 5487 1840 5551 quod
1880 5487 2045 5545 habet

456 5560 834 5612 interpolator.

2150 5472 2528 5612 parcninrigd
2582 5472 2749 5535 uniun
2799 5487 3063 5543 centrum,
3123 5472 3276 5547 quod'
3298 5485 3377 5531 est
3419 5474 3581 5528 Deus.
3613 5472 3728 5528 Cl‘r.

2185 5572 2310 5612 oan.
2335 5570 2392 5612 ι.
2498 5589 2514 5606 .

454 5560 834 5628 interpolator.
2150 5560 2310 5612 Joan.
2335 5570 2392 5618 Χ,
2420 5560 2514 5607 16.
3145 5616 3157 5629 .
3313 5616 3326 5630 .

524 5630 638 5703 (δῖ)
670 5632 755 5703 Ita
786 5630 1092 5703 ms17Editi,
1121 5631 1325 5686 καλεῖν.
1350 5629 1543 5703 ἔω.--
1595 5700 1605 5703 Α
1667 5699 1680 5703 Α
1763 5700 1772 5703 Α
1836 5698 1858 5703 _
1922 5699 1931 5703 _
1978 5700 1988 5703 Α
2164 5695 2186 5703 -
2225 5624 2339 5703 (_60_)
2371 5626 2409 5678 Ι.
2437 5638 2487 5677 e.
2540 5636 2645 5703 non
2698 5619 2839 5703 quod
2885 5632 3213 5688 cognoverim
3256 5617 3457 5689 aliquos
3504 5623 3731 5670 vestrum

526 5688 639 5766 (58)
669 5702 709 5754 I.
759 5716 810 5755 e.
859 5688 1448 5757 Christi'adventunon
1478 5699 1773 5755 Christiani
1822 5698 2043 5754 Judais-
2149 5688 2897 5766 Judai'srnnmsectarinhc.

457 5757 602 5825 munt
626 5757 968 5842 receperunt,
1006 5773 1100 5831 sed
1144 5771 1324 5829 Juda'i
1357 5773 1426 5828 ad
1474 5770 1947 5831 Christianismum
1985 5786 2041 5827 se

1537 5773 1947 5831 iristianismum
1985 5786 2041 5827 se
2225 5765 2339 5842 (61)
2363 5760 2533 5832 Quasi
2568 5761 2603 5820 ἃ
2634 5759 3008 5835 ἐπράχθησαν.
3034 5757 3169 5816 Cos.
