4134 6382
452 378 559 433 675

1395 369 1642 426 SANCTI
1676 366 1931 426 IGNATII
1962 367 2323 425 ΕΡιετοιΑι
2352 367 2708 427 ΟΕΝῸΙΝΑΞ.

3622 376 3731 433 6⁸36

523 504 573 547 et
612 493 867 563 sanguine
897 500 948 545 et
986 492 1232 561 passione
1259 489 1389 544 Jesu
1418 489 1643 557 Christi,
1673 491 1782 560 spei
1813 499 2030 555 nostris,

2206 493 2363 561 ούσῃ
2378 492 2448 545 ἐν
2465 492 2646 561 σαρκὶ
2666 491 2763 547 καὶ
2780 493 2981 563 αἵματι
3000 492 3137 565 [(69)
3165 492 3290 566 καὶ]
3306 492 3387 561 τῷ
3413 495 3587 550 «seu
3626 497 3733 564 Ἰηο

412 634 423 645 ,
523 582 734 651 quando
788 597 1113 650 resurgemus
1165 581 1235 633 ad
1280 596 1433 645 eum;
1473 597 1633 651 quam
1675 588 1726 634 et
1771 580 1948 633 saluto
1976 580 2034 633 in

525 672 856 741 plenitudine
886 672 941 723 in
974 671 1266 740 apostolico
1308 672 1638 738 charactere,
1669 671 1857 741 cuique
1910 669 2033 741 plu—

525 766 715 817 rimam
760 772 883 833 opto
912 763 1165 817 salutem.

2208 584 2328 639 σοῦ
2355 584 2636 651 Χριστοῦ,
2667 583 2778 652 τῆς
2796 584 3048 651 ἐλπίδος
3068 584 3238 655 ἡμῶν
3254 586 3325 640 ἐν
3339 584 3414 654 τῇ
3442 588 3531 653 εις
3544 589 3734 642 αὐτὸν

2214 675 2549 730 ἀναστάσει
2569 693 2583 707 ·
2618 675 2699 743 ἢν
2735 675 2835 731 καὶ
2865 675 3202 747 ἀσπάζομαι
3228 677 3297 731 ἐν
3327 677 3409 744 τῷ
3445 676 3557 751 (70)
3586 683 3735 747 πλη·

2207 766 2543 837 ρώματι,ὲν
2573 766 2685 839 (71)
2718 769 3109 836 ἁποστολικῷ
3134 770 3490 840 χαρακτῆρι,
3509 770 3609 825 καὶ
3627 772 3731 826 εὖ·

2211 874 2390 929 χομαι
2416 856 2675 913 πλεῖστα
2710 860 2963 929 χαίρειν.

1430 1002 1473 1059 l.
1509 1002 1654 1058 Laus
1682 1011 1859 1057 vestra
1884 1019 1977 1073 per
2007 999 2293 1072 Polybium
2323 1000 2456 1055 mihi
2480 1000 2733 1056 innotuit.

524 1122 851 1177 Constanter
879 1121 1211 1192 inculpatam
1250 1128 1305 1176 et
1331 1121 1751 1192 inseparabilem
1793 1130 2033 1177 mentem

459 1215 691 1286 cognovi
736 1232 837 1269 vos
886 1215 1112 1281 habere,
1144 1229 1255 1267 non
1305 1230 1411 1269 usu
1463 1214 1663 1279 solum,
1698 1214 1791 1268 sed
1830 1213 2035 1279 indole,

457 1307 916 1377 quemadmodum
974 1306 1027 1359 id
1075 1306 1211 1360 mihi
1251 1307 1541 1374 episcopus
1581 1314 1760 1359 vester
1780 1303 2040 1375 Polybius

458 1397 739 1463 iudicavit,
770 1399 863 1467 qui
894 1398 1145 1468 Smyrna
1176 1396 1349 1451 adfuit
1378 1412 1473 1466 per
1498 1397 1835 1450 voluntatem
1867 1395 1960 1450 Dei
1987 1402 2043 1451 et

457 1489 588 1544 .lesu
636 1489 865 1555 Christi,
901 1490 1107 1559 quique
1158 1489 1293 1543 mihi
1330 1492 1513 1544 vincto
1547 1489 1600 1543 in
1640 1488 1769 1543 Jesu
1810 1488 2042 1542 Christo

461 1580 538 1635 ita
572 1582 984 1651 congratulatus
1016 1589 1119 1645 est,
1151 1589 1212 1633 ut
1242 1594 1457 1633 omnem
1486 1578 1890 1634 multitudinem
1922 1592 2045 1631 ves-

460 1684 599 1728 tram
644 1675 697 1728 in
728 1690 794 1727 eo
824 1673 1223 1743 contemplatus
1273 1672 1400 1726 sim.
1428 1671 1721 1741 Excipiens
1756 1672 1902 1724 enim
1945 1685 2043 1740 per

461 1768 639 1836 ipsum
679 1776 941 1828 vestram,
992 1780 1115 1835 quae
1158 1764 1461 1819 secundum
1512 1762 1682 1818 Deum
1722 1771 1825 1825 est,
1871 1763 2025 1816 henc-

2213 1120 2478 1192 Ἀμωμον
2520 1120 2761 1175 διάνοιαν
2794 1120 2887 1176 καὶ
2907 1122 3022 1195 (72)
3055 1123 3369 1195 ἀδιάκριτον
3401 1126 3458 1179 ἐν
3484 1125 3727 1199 ὑπομονῇ

2138 1212 2309 1283 ἔγνων
2342 1215 2486 1284 ὑμᾶς
2520 1212 2758 1285 ἔχοντας,
2786 1215 2975 1287 (75)οὑ
3012 1217 3150 1271 κατὰ
3184 1218 3396 1288 χρῆσιν,
3419 1218 3554 1272 ἀλλὰ
3589 1220 3729 1273 κατὰ

2141 1306 2326 1376 φύσιν,
2361 1305 2543 1370 καθὼς
2601 1306 2865 1377 ἐδήλωσέν
2903 1326 2992 1377 μοι
3039 1308 3322 1374 Πολύϐιος,
3357 1310 3385 1362 ὁ
3432 1310 3728 1375 ἐπίσκοπος

2144 1396 2319 1467 ὑμῶν,
2355 1394 2415 1459 ὃς
2449 1397 2779 1466 παρεγένετο
2811 1395 3077 1468 θελήματι
3110 1397 3245 1452 Θεοῦ
3270 1400 3362 1452 καὶ
3395 1399 3569 1470 Ἰησοῦ
3602 1402 3729 1472 Χρι-

2142 1486 2237 1540 τοῦ
2272 1489 2331 1539 ἐν
2368 1485 2614 1558 Σμύρνῃ,
2637 1486 2730 1539 καὶ
2750 1486 2923 1551 οὕτως
2948 1505 3038 1558 μοι
3074 1491 3344 1562 συνεχάρη
3369 1491 3636 1563 δεδεμένῳ
3669 1496 3728 1547 ἐν

2156 1576 2331 1649 Ἰησοῦ
2378 1577 2620 1649 Χριστῷ,
2655 1578 2797 1632 ὥστε
2852 1596 2919 1649 με
2969 1579 3029 1633 τὸ
3079 1583 3187 1634 πᾶν
3248 1583 3452 1654 πλῆθος
3484 1584 3637 1654 ὑμῶν
3670 1586 3728 1637 ἐν

2142 1668 2291 1739 αὑτῷ
2329 1668 2441 1738 (74)
2482 1668 2823 1742 θεωρεῖσθαι.
2872 1670 3297 1741 Ἀποδεξάμενος
3330 1670 3422 1727 οὖν
3454 1676 3552 1747 τὴν
3586 1676 3727 1728 κατὰ

2143 1760 2279 1814 Θεὸν
2309 1760 2525 1813 εὔνοιαν
2553 1760 2619 1813 δι’
2661 1761 2849 1825 αὑτοῦ,
2886 1762 2997 1832 (75)
3030 1763 3187 1830 ἔδοξα
3220 1766 3401 1837 εὑρεῖν
3451 1768 3617 1839 ὑμᾶς,
3652 1768 3729 1831 ὠς

459 1858 774 1921 volentiam,
803 1872 901 1910 vos
947 1855 1116 1926 ipsos,
1144 1870 1284 1926 quos
1315 1854 1571 1925 cognovi,
1610 1852 1917 1909 imitatores
1951 1850 2036 1905 Dei

2146 1850 2318 1920 ἔγνων
2338 1892 2352 1916 ,
2393 1851 2635 1923 μιμητὰς
2666 1851 2828 1916 δντας
2859 1852 3015 1906 Θεοῦ.

461 1949 739 2005 invenisse
763 1949 1006 2003 videbar.

1324 2062 1389 2118 ΙΙ.
1422 2062 1606 2118 Estote
1630 2062 1851 2133 subjecti
1877 2064 2141 2133 episcopo,
2170 2056 2484 2129 presbyteris
2517 2063 2567 2109 et
2588 2054 2848 2109 diaconis.

526 2184 663 2240 Cum
685 2184 831 2243 enim
864 2184 1120 2255 episcopo
1147 2184 1378 2253 subjecti
1401 2184 1524 2240 sitis
1550 2192 1608 2239 ut
1630 2183 1760 2241 Jesu
1791 2183 2036 2249 Christo,

456 2277 717 2332 videmini
744 2277 901 2341 mihi,
928 2293 1035 2331 non
1063 2278 1365 2332 secundum
1389 2277 1686 2341 hominem,
1719 2276 1813 2331 sed
1842 2290 2042 2331 secun-

456 2370 587 2423 dum
618 2368 802 2424 Jesum
829 2368 1109 2423 Christum
1152 2369 1353 2435 vivere,
1382 2368 1476 2438 qui
1518 2376 1737 2438 propter
1764 2382 1865 2423 nos
1896 2382 2047 2421 mor-

457 2471 588 2518 tuus
617 2471 722 2527 est,
766 2470 829 2515 ut
858 2462 1141 2517 credentes
1190 2462 1243 2516 in
1296 2470 1525 2515 mortem
1579 2460 1756 2530 ipsius
1808 2468 2042 2514 mortem

457 2555 752 2625 cl’ugiatis.
787 2551 1171 2609 Necessarium
1210 2554 1399 2622 itaque
1436 2560 1541 2617 est,
1580 2549 2043 2621 quemadmodum

458 2644 662 2710 facitis,
696 2652 757 2697 ut
781 2644 899 2698 sine
932 2644 1188 2712 episcopo
1216 2641 1356 2695 nihil
1383 2640 1577 2706 agatis,
1610 2638 1705 2693 sed
1740 2646 1794 2692 et
1819 2637 2047 2708 presby-

462 2736 601 2791 terio
628 2734 832 2790 subditi
874 2734 1015 2799 sitis,
1062 2744 1124 2788 ut
1174 2731 1440 2801 apostolis
1474 2729 1604 2786 Jesu
1650 2727 1879 2794 Christi,
1929 2726 2044 2795 spei

461 2837 686 2892 nostrae,
723 2826 776 2880 in
808 2840 918 2895 quo
965 2833 1354 2880 conversantes
1404 2822 1770 2877 inveniamur.
1820 2818 2045 2889 Oportet

460 2927 642 2972 autem
671 2926 727 2971 et
754 2917 1040 2983 diaconos,
1086 2914 1181 2984 qui
1227 2922 1357 2969 sunt
1396 2913 1613 2967 diaconi
1658 2911 2042 2982 mysteriorum

459 3005 587 3060 Jesu
630 3004 858 3071 Christi,
922 3005 1073 3059 omni
1125 3004 1289 3058 modo
1338 3002 1596 3056 omnibus
1643 3002 1875 3071 placere.
1921 2997 2043 3052 Non

2216 2179 2385 2232 Ὅταν
2417 2177 2525 2249 γὰρ
2588 2174 2666 2245 τῷ
2709 2176 2992 2248 ἐπισκόπῳ
3027 2177 3395 2235 ὑποτάσσεσθε
3427 2182 3503 2246 ὡς
3550 2183 3724 2255 Ἰησοῦ

2147 2270 2389 2344 Χριστῷ,
2412 2267 2665 2339 φαίνεσθέ
2696 2285 2782 2338 μοι
2802 2268 2863 2322 οὑ
2894 2269 3032 2322 κατὰ
3051 2269 3162 2344 (76)
3187 2272 3468 2343 ἄνθρωπον
3501 2275 3723 2341 ζῶντες,

2145 2343 2283 2419 ἀΧλὰ
2335 2362 2475 2415 κατὰ
2519 2358 2727 2431 Ἰησοῦν
2760 2360 3012 2430 Χριστὸν,
3048 2343 3139 2415 τὸν
3170 2364 3236 2416 δι’
3271 2364 3379 2435 (77)
3414 2368 3561 2437 ἡμᾶς
3592 2370 3727 2422 ἀπο-

2146 2454 2397 2517 θανόντα,
2438 2452 2524 2505 ἵνα
2574 2450 2967 2514 πιστεύσαντες
3016 2452 3096 2514 εἰς
3145 2453 3237 2507 τὸν
3269 2455 3496 2510 θάνατον
3536 2458 3721 2525 αὑτοῦ,

2144 2544 2205 2598 τὸ
2240 2542 2534 2598 ἀποθανεῖν
2567 2541 3198 2614 ἐκφὺγητε.’Δναγκαῖον
3230 2542 3322 2601 οὖν
3355 2551 3519 2613 ἐστιν,
3542 2548 3727 2625 ὥσπερ

2145 2639 2369 2698 ποιεῖτε,
2411 2634 2538 2688 ἄνευ
2572 2634 2666 2687 τοῦ
2702 2636 3003 2689 ἐπισκόπου
3040 2637 3204 2707 μηδὲν
3257 2639 3521 2710 πράσσειν
3560 2642 3726 2713 ὑμᾶς,

2145 2729 2261 2784 ἀλλ’
2311 2726 2424 2800 (78)
2476 2726 2878 2780 ὑποτάσσεσθαι
2929 2728 3021 2783 καὶ
3077 2729 3155 2801 τῷ
3204 2732 3598 2805 πρεσϐυτερίῳ,
3653 2735 3724 2797 ὼ,

2145 2823 2259 2883 τοῖς
2292 2819 2612 2882 ἀποστόλοις
2658 2818 2833 2889 Ἰησοῦ
2868 2821 3124 2893 Χριστοῦ,
3161 2822 3259 2892 τῆς
3303 2822 3515 2887 ἐλπίδος
3548 2824 3723 2895 ἡμῶν,

2146 2916 2203 2967 ἐν
2254 2904 2298 2979 ᾧ
2344 2910 2623 2979 διάγοντες
2651 2909 2762 2981 (79)
2797 2912 3225 2983 εὑρεθησόμεθα.
3275 2916 3381 2986 (80)
3421 2918 3515 2968 Δεῖ
3543 2916 3597 2970 δέ
3630 2919 3723 2971 καὶ

2144 3006 2270 3067 τοὺς
2321 3002 2623 3065 διακόνους,
2661 3002 2821 3067 ὄντας
2845 3004 2957 3074 (81)
3013 3006 3326 3078 μυστηρίων
3372 3007 3545 3080 Ἰησοῦ
3592 3011 3726 3083 Χρι-

460 3100 607 3155 enim
632 3100 878 3155 ciborum
910 3109 963 3153 et
1010 3106 1237 3168 potuum
1270 3096 1507 3151 ministri
1548 3103 1695 3161 sunt,
1733 3094 1826 3149 sed
1856 3092 2036 3148 Eccle-

2146 3093 2294 3158 στοῦ,
2329 3092 2471 3145 κατὰ
2521 3092 2697 3147 πάντα
2748 3094 2946 3167 τρόπον
2979 3099 3144 3151 πᾶσιν
3175 3099 3471 3169 ἀρέσκειν..
3510 3101 3585 3155 Οὑ
3616 3102 3724 3174 γὰρ

1818 3236 2004 3297 Vetus
2035 3236 2377 3314 interpres.

462 3364 727 3437 lgnatius,
765 3367 853 3437 qui
884 3376 931 3420 et
967 3364 1325 3435 Theophanis,
1357 3366 1565 3420 dilectae
1598 3363 1703 3418 Deo
1732 3363 1884 3417 Patri
1913 3363 2041 3417 Jesu
2073 3363 2272 3437 Christi
2304 3363 2559 3418 Ecclesiae
2575 3366 3104 3437 sancta:,_exsistenti
3140 3366 3197 3420 in
3234 3366 3511 3422 Trallesiis
3556 3368 3720 3431 Asia’,

530 3438 707 3491 electra
739 3433 786 3480 οἱ
817 3436 921 3489 Deo
958 3433 1153 3505 dignm,
1180 3452 1359 3504 pacem
1387 3437 1599 3489 habenti
1630 3438 1685 3488 in
1723 3452 1882 3507 carne
1910 3446 1961 3507 et
1989 3435 2245 3507 sanguine
2273 3445 2322 3488 et
2353 3436 2597 3507 passione
2624 3433 2753 3507 Iesu
2784 3435 3014 3499 Christi,
3041 3440 3150 3505 spei
3184 3449 3399 3502 nostrae,
3433 3440 3488 3491 in
3517 3456 3578 3491 ea
3605 3455 3725 3507 qua:

531 3510 589 3561 in
611 3511 782 3582 ipsum
812 3509 1193 3562 resurrectione
1230 3522 1248 3560 :
1272 3524 1432 3577 quam
1458 3518 1508 3560 et
1534 3506 1708 3559 saluto
1738 3506 1792 3559 in
1822 3505 2171 3575 plenitudine,
2200 3506 2255 3558 in
2284 3505 2575 3575 apostolico
2605 3506 2929 3571 charactere,
2960 3516 3009 3560 et
3036 3524 3127 3560 oro
3148 3508 3438 3576 plurimum
3470 3505 3719 3578 gaudere.

1931 3645 2161 3703 CAPUT
2198 3649 2245 3702 ι.

531 3742 1000 3813 lncoinquinatam
1033 3751 1273 3799 mentem
1306 3750 1359 3797 et
1390 3741 1809 3811 inseparabilem
1845 3740 1900 3794 in
1945 3738 2527 3813 sustinentjacognovi
2560 3754 2663 3813 vos
2710 3734 3007 3804 habentes,
3038 3754 3152 3813 non
3197 3736 3721 3813 secundumiusum,

459 3814 555 3889 sed
586 3808 885 3889 secundum
920 3824 1219 3889 naturam_:
1254 3808 1735 3889 quemadmodum
1764 3810 2170 3889 _ostendit_mihi
2204 3808 2464 3889 Polybius
2486 3810 2775 3889 episcopus
2818 3817 3027 3889 vester,
3061 3809 3155 3879 qui
3188 3810 3407 3864 advenit
3438 3812 3723 3889 voluntate

461 3883 555 3936 Dei
582 3894 637 3936 et
660 3881 788 3938 Jesu
817 3885 1041 3948 Christi,
1076 3886 1129 3937 in
1161 3876 1425 3954 varna;
1461 3891 1515 3936 et
1539 3882 1620 3954 sic
1644 3881 1777 3954 mihi
1808 3881 2137 3954 congavisus
2168 3889 2251 3933 est
2276 3876 2457 3933 vinclo
2489 3876 2784 3954 in_Chrimsto
2814 3876 2964 3941 iesu,
2996 3890 3053 3933 ut
3080 3876 3190 3954 ego
3211 3896 3427 3933 omnem
3472 3881 3724 3954 multitu-

458 3954 641 4031 dinem
671 3955 993 4031 vestramin
1024 3947 1143 4031 ipso
1175 3947 1509 4031 specularer.
1542 3947 2020 4031 Recipiensigi‘tur
2040 3966 2184 4031 eam,
2210 3965 2332 4019 qua:
2358 3952 2660 4005 secundum
2686 3947 2876 4016 Deum,
2903 3947 3364 4020 aequanimitatem
3396 3966 3495 4021 per
3520 3952 3723 4022 ipsum,

461 4024 727 4093 gloriatus
756 4039 879 4078 sum
911 4020 1340 4089 inveniens'vos,
1370 4030 1430 4076 ut
1456 4020 1709 4091 cognovi,
1735 4020 2041 4075 imitatores
2075 4020 2194 4075 Dei.

1925 4160 2154 4217 CAPUT
2195 4162 2259 4217 11.

531 4248 667 4305 Cum
700 4249 845 4303 enim
874 4251 1133 4320 episcopo
1159 4250 1391 4320 subjecti
1418 4250 1551 4306 estis
1581 4259 1636 4305 ut
1672 4248 1801 4307 Jesu
1828 4251 2070 4323 Christo,
2102 4257 2362 4313 videmini
2399 4257 2533 4312 mihi
2568 4273 2677 4313 non
2712 4257 3013 4314 secundum
3042 4258 3294 4316 homines
3333 4259 3600 4330 viventes,
3626 4264 3721 4319 sed

532 4416 646 4486 (69)
676 4414 858 4471 lusere
898 4418 1010 4471 καί.
1044 4417 1203 4473 Voss.
1236 4418 1441 4473 Sensus
1470 4439 1480 4472 :
1510 4418 1641 4485 Qua:
1682 4420 1946 4476 internum
1978 4434 2034 4478 et

460 4502 586 4539 cum

460 4556 687 4609 Christi.

466 4694 506 4749 S
509 4626 657 4749 “('710')
678 4623 719 4679 Ι.
750 4640 799 4681 e.
833 4626 992 4698 cujus
1033 4626 1287 4684 Ecclesiae
1321 4629 1502 4683 omnia
1559 4630 1736 4686 saluto
1763 4634 2028 4690 membra.

509 4713 657 4751 ΙΙἸἮ.

534 4763 770 4843 (71)_Uti
815 4766 905 4821 hic
938 4767 1040 4843 sibi
1074 4768 1502 4843 (episcopo),_i_ta
1530 4769 1757 4835 infra,c.
1802 4772 1859 4834 2,
1906 4790 2029 4843 pre-

466 4836 699 4906 sbyteris
729 4851 947 4905 quoque
996 4836 1250 4892 Ecclesia!
1286 4836 1593 4895 ’Trallianae
1645 4836 2029 4900 auctoritatem

465 4905 757 4975 quamdam
792 4908 1145 4975 apostolicam
1184 4908 1373 4962 tribuit
1405 4909 1662 4980 Ignatius.
1685 4910 1801 4967 Jac.
1828 4913 2027 4980 Bothe,

464 4976 617 5031 ΑηῙ..
646 4991 698 5031 D.
733 4975 856 5029 499.
891 4978 1017 5031 Alii.
1048 4984 1179 5031 αα,
1217 4978 1506 5031 Smilhius.
1553 4984 1901 5031 apostolicam
1941 5002 2027 5031 sa-

464 4976 617 5043 Anf.,
646 4991 698 5045 p.
731 4976 856 5051 599.
891 4978 1017 5041 Alii,
1048 4984 1179 5047 e.'g.
1217 4976 1506 5043 Smithius,
1553 4984 1901 5051 apostolicam
1941 4976 2031 5038 sa;

461 5044 1004 5119 lutationisformam
1036 5048 1438 5119 intelligendam
1464 5066 1584 5106 esse
1623 5060 1835 5119 putant.

532 5115 644 5190 (ξὲ)
676 5116 1039 5190 ςΛδιάκριτον.
1075 5117 1189 5173 Cfr.
1214 5115 1310 5187 'ep.
1352 5119 1519 5187 Ignat.
1566 5115 1638 5176 ad
1658 5121 1855 5190 Ephes.
1888 5139 1937 5178 c.
1970 5124 2023 5178 5.

531 5184 643 5253 (75)
673 5184 919 5241 Sensus:
951 5186 1074 5240 Non
1113 5184 1282 5240 solum
1306 5190 1357 5242 in
1376 5184 1500 5244 bitat
1529 5184 1837 5245 commercio
1869 5194 2029 5246 talem

462 5265 685 5307 mentem
732 5257 999 5310 ostendere
1037 5258 1292 5322 studetis;
1320 5260 1408 5313 sed
1467 5277 1530 5314 ea
1576 5263 1797 5317 interna:
1843 5273 2027 5317 vestrm

464 5337 670 5378 natura:
693 5328 908 5393 propria
936 5339 1033 5381 est.

690 5394 770 5473 μα
797 5395 924 5473 _.!ac.
967 5397 1393 5473 Ms._03wpﬁ30__s_.
1424 5397 1690 5473 μνοεείιιε,
1728 5400 2023 5473 ρεωρῆσαι.

533 5464 645 5533 (75)
690 5464 764 5542 Ita
797 5465 953 5542 voss.
978 5480 1032 5542 et
1055 5466 1173 5542 με.
1206 5464 1305 5542 Ms.
1332 5468 1483 5542 ἔδοξα
1511 5472 1705 5542 εὑρών.
1744 5464 1909 5527 Vel-us.
1938 5476 2022 5525 in-

462 5541 668 5612 terpres
726 5536 934 5612 legebat
984 5537 1208 5604 ἐδόξασα
1249 5538 1441 5610 εὑρών,
1477 5536 1713 5612 vertens,
1764 5542 2022 5612 gloriatus

460 5620 597 5726 suam,
634 5606 897 5660 inveniens
934 5624 1041 5673 vos,
1086 5613 1230 5678 quod
1277 5606 1479 5679 placuit
1510 5606 1783 5666 Cotelerio
1812 5623 1865 5667 et
1893 5612 2024 5667 Wo-

461 5690 491 5726 c
533 5687 648 5726 ero.

461 5690 648 5727 CDCTO.

500 5743 645 5867 V276)
688 5742 787 5799 Ms.
849 5746 1066 5801 exhibet
1109 5750 1315 5813 ANON,
1362 5750 1398 5803 i.
1444 5766 1494 5806 e.
1552 5751 1855 5823 ἄνθρωπον,
1911 5768 2020 5807 non

566 5812 821 5867 Ωώπινον.
841 5824 900 5867 ut
923 5831 953 5867 e
974 5815 1165 5867 Vossio
1190 5819 1313 5867 lihri
1341 5821 1584 5867 nlerimm
1608 5823 1876 5867 imnrncci-
1896 5822 2012 5867 .lm-

462 5814 821 5887 ἀνθρώπινον,
841 5824 900 5871 ut
923 5831 953 5872 e
974 5815 1165 5874 Vossio
1190 5819 1314 5875 libri
1341 5821 1584 5892 plerique
1608 5814 1877 5893 impressi.
1896 5822 2013 5879 Jac.

2213 4425 2327 4497 (77)
2360 4425 2617 4482 Fortasse
2641 4427 2678 4481 l.
2706 4427 2850 4497 ὑμᾶς
2877 4440 3003 4481 cum
3032 4436 3139 4481 vet.
3165 4425 3400 4497 int.,qui
3429 4425 3593 4480 habet
3609 4442 3716 4479 vos.

666 4487 772 4540 Deo
844 4504 1031 4557 pacem
1108 4490 1318 4543 obtinet
1382 4491 1615 4544 adventu
1673 4500 1728 4544 ct
1776 4495 2030 4561 passione

2209 4487 2322 4567 (78)
2356 4497 2433 4552 lla
2467 4497 2666 4567 Smith.
2693 4487 2884 4552 et'Jac.
2918 4496 3020 4551 Ms.
3056 4487 3450 4567 brackets-aee.

2209 4565 2321 4639 (79)
2354 4567 2429 4622 Ita
2461 4584 2564 4621 ms.
2599 4566 2762 4623 Forte
2795 4569 2901 4639 leg.
2935 4568 3382 4640 εὑρεθησοίμεθα.
3421 4565 3557 4621 Male
3586 4565 3718 4620 editi

2175 4638 2585 4691 ὑοεθησώιιεοα.

2136 4655 2331 4690 ευοευτι
2344 4655 2585 4690 σωιιευα.

2204 4655 2585 4711 ρευησωμευα.

2209 4708 2322 4777 (80)
2387 4708 2567 4773 Dicit,
2616 4723 2723 4761 non
2777 4708 2975 4763 debere
3018 4722 3139 4763 esse
3203 4720 3569 4777 quemquam,
3626 4705 3717 4777 cui

2133 4774 2245 4832 non
2271 4779 2518 4847 placeant
2549 4780 2806 4833 omnibus
2832 4779 3011 4834 modis
3031 4774 3268 4832 diaconi.
3296 4774 3455 4830 Voss.
3481 4774 3719 4830 Woche-

2133 4865 2230 4902 rus
2254 4848 2307 4900 in
2338 4849 2422 4901 his
2447 4849 2625 4902 verbis
2656 4849 3092 4902 adhortationem
3132 4848 3198 4901 ad
3226 4847 3490 4901 diaconos
3520 4847 3665 4899 videt
3699 4865 3712 4900 :

2134 4916 2249 4987 Ipsi
2274 4919 2525 4971 studeant
2570 4917 2810 4971 omnibus
2846 4918 3073 4987 placere,
3109 4926 3159 4972 et
3198 4918 3369 4987 sibiia
3403 4916 3716 4970 criminibus

2131 4986 2333 5041 cavere.
2367 4987 2526 5041 Male.
2578 4990 2816 5057 Ignatius
2848 4986 2997 5042 enim
3021 5003 3131 5042 non
3154 4987 3221 5041 dc
3259 4986 3453 5057 olIiciis
3480 4987 3716 5057 clerico-

2131 5074 2255 5112 rum
2305 5074 2433 5127 erga
2477 5056 2761 5129 papulum,
2788 5060 2882 5113 sed
2908 5059 2976 5113 de
3002 5057 3195 5113 ciliciis
3234 5056 3421 5128 populi
3444 5071 3573 5126 erga
3605 5056 3717 5111 cle-

2131 5144 2251 5181 rum
2294 5128 2561 5181 loauitur.

2130 5144 2251 5181 rum
2294 5129 2561 5182 loauitur.

2202 5144 2251 5181 m
2297 5144 2561 5197 loquitur.

2202 5198 2314 5280 (81)
2356 5197 2412 5280 ln
2442 5199 2633 5280 codice
2662 5214 2766 5280 ms.
2799 5197 2997 5268 legitur
3023 5197 3339 5280 μυστηριρν,
3364 5195 3512 5280 quod
3536 5194 3716 5249 Arnd-

2128 5268 2238 5338 tius
2294 5267 2952 5338 interpretatumimago,
3014 5267 3330 5322 similitudo.
3397 5267 3535 5320 Cum
3584 5281 3716 5338 vero

2130 5337 2246 5391 haec
2269 5338 2517 5392 vocabuli
2543 5336 3041 5407 μυστήριον-ιιοῑίο
3071 5339 3140 5392 ab
3164 5338 3368 5407 lgnatio
3395 5345 3541 5390 certe
3566 5336 3689 5405 ejus

2128 5423 2236 5477 que
2264 5418 2421 5462 aetate
2446 5409 2622 5462 aliena
2654 5409 2742 5469 sit,
2786 5423 2912 5461 cum
2944 5407 3141 5463 Vossio
3165 5408 3395 5476 aliisque
3424 5407 3713 5475 legendum

2126 5487 2209 5532 est
2238 5478 2569 5549 μυστηρίων,
2611 5478 2949 5549 quodetiam
2979 5480 3122 5549 apud
3154 5477 3596 5549 interpolatorem
3628 5491 3713 5529 re-

2126 5545 2352 5616 peritur.
2378 5545 2494 5603 Cl‘r.
2529 5548 2902 5613 Dusterdieck,
2931 5549 2968 5602 ι.
2997 5545 3075 5614 6.,
3103 5564 3157 5617 p.
3191 5545 3526 5617 22.13eatus
3556 5545 3714 5598 Pater

2126 5620 2435 5689 respexisse
2468 5619 2679 5689 videtur
2710 5619 2776 5671 ad
2796 5621 2961 5672 verba
2984 5616 3229 5689 Apostoli
3261 5617 3279 5669 Ι
3312 5616 3457 5689 Tim.
3486 5631 3576 5689 tu,
3601 5618 3634 5668 9
3660 5626 3714 5670 et

2126 5689 2145 5739 Ι
2174 5686 2301 5768 Cor.
2332 5704 2406 5752 IV,
2434 5690 2485 5743 1.
2524 5688 2581 5743 In
2615 5688 2785 5768 priori
2815 5686 3054 5747 editione
3086 5698 3143 5745 et
3171 5703 3271 5745 nos
3302 5687 3595 5743 Arndtium
3629 5701 3713 5741 se-

2125 5765 2235 5812 cuti
2270 5773 2481 5815 sumus.
2698 5765 2706 5773 '
