4134 6432
448 402 555 458 677

1531 407 1868 466 EPISTOLA
1908 410 2000 464 AD
2027 410 2498 472 TRALLIANOS.

3602 426 3710 481 678

446 522 753 597 βρωμάτων
786 524 879 578 κα)⁵
912 526 1091 579 ποτῶν
1122 529 1261 581 εἰσιν
1280 528 1539 594 διάκονοι,
1565 531 1679 584 ἀλλ’
1706 531 2008 601 Ἐκκλησία.

2133 535 2229 591 siae
2270 536 2359 591 Dei
2413 538 2668 593 ministri.
2713 537 2938 608 Oportet
2968 540 3156 613 igitur.
3189 551 3249 596 ut
3288 542 3390 597 sibi
3417 556 3646 599 caveant
3678 561 3707 599 a

441 614 574 668 Θεοῦ
609 615 897 688 ὑπηρέται.
934 617 1061 671 Δέον
1093 614 1185 672 οὖν
1209 620 1407 684 αὐτοὺς
1440 622 1809 689 φυλάσσεσθαι
1834 622 1902 675 τὰ
1935 624 2025 689 ὲγ-

442 708 696 779 κλήματα
728 709 805 772 ὡς
837 709 969 782 πῦρ.

2131 627 2453 682 criminibus
2484 638 2738 699 tanquam
2768 632 2996 699 abigue.

1317 828 1408 885 ΙΙΙ.
1447 829 1719 887 Honorate
1740 833 2016 901 diaconos,
2040 834 2340 904 episcopum
2363 842 2410 887 et
2436 834 2786 904 presbyteros.

522 942 755 1013 Ὁμοίως
817 946 1020 1010 πάντες
1069 949 1522 1021 ὲντρεπέσθωσαν
1572 952 1700 1015 τοὺς
1745 952 2027 1017 διακόνους

434 1034 511 1097 ὡς
531 1030 643 1106 (82)
664 1037 886 1108 ἐντολὴν
902 1038 1075 1110 Ἰησοῦ
1108 1040 1366 1113 Χριστοῦ,
1403 1043 1496 1095 καὶ
1528 1042 1618 1095 τὸν
1638 1044 1934 1099 ἐπίσκοπον
1949 1044 2027 1108 ὼς
2052 1083 2062 1095 .

449 1128 653 1199 Ἰησοῦν
714 1129 970 1203 Χριστὸν,
1024 1131 1154 1184 ὅντα
1188 1132 1316 1185 Υίὸν
1377 1133 1472 1187 τοῦ
1523 1134 1755 1207 Πατρδς,
1790 1137 1917 1198 τοὺς
1964 1134 2022 1187 δὲ

434 1220 837 1295 πρεσϐυτέρους
886 1222 961 1286 ὡς
1016 1221 1291 1295 συνέδριον
1354 1223 1512 1289 Θεοῦ,
1565 1225 1659 1278 καὶ
1706 1224 1783 1288 ὡς
1840 1224 2023 1277 σύνδε-

435 1328 571 1382 σμον
634 1313 973 1366 ἀποστόλων.
1014 1312 1126 1385 (85)
1160 1315 1345 1386 Χωρὶς
1392 1316 1596 1369 τούτων
1631 1316 1925 1387 Ἐκκλησία
1956 1317 2019 1370 οὐ

434 1403 694 1457 καλεῖται.
730 1405 866 1477 Περὶ
899 1397 975 1459 ὧν
1008 1406 1310 1476 πέπεισμαι
1345 1407 1492 1478 ὑμᾶς
1523 1407 1696 1471 οὕτως
1741 1406 1904 1477 ἔχειν.
1941 1406 2017 1460 Τὸ

431 1497 540 1570 γάρ
575 1496 936 1571 ὲξεμπλάριον
970 1497 1067 1568 τῆς
1099 1499 1321 1570 ἀγάπης
1354 1498 1510 1569 ὑμῶν
1547 1498 1757 1561 ἔλαϐον,
1779 1498 1873 1553 καὶ
1908 1499 2016 1570 ἔχω

434 1590 555 1660 μεθ’
589 1590 699 1660 (84)
736 1588 931 1643 ἑαυτοῦ
967 1591 1026 1643 ὲν
1057 1589 1135 1660 τῷ
1168 1590 1451 1660 ὲπισκόπῳ
1485 1590 1663 1660 ὑμῶν,
1698 1584 1758 1645 οῦ
1791 1591 1923 1644 αὐτὸ
1956 1592 2016 1646 τὸ

2195 954 2391 1009 Cuncti
2420 954 2673 1008 similiter
2704 964 3061 1010 revereantur
3096 955 3361 1009 diaconos
3386 963 3447 1009 ut
3470 955 3698 1009 manda-

2126 1055 2239 1099 tum
2264 1043 2392 1099 Jesu
2421 1044 2644 1110 Christi,
2675 1053 2730 1098 et
2755 1044 3069 1113 episcopum
3099 1054 3159 1098 ut
3185 1043 3369 1099 Jesum
3396 1044 3698 1107 Christum,

2124 1135 2324 1189 Filium
2361 1134 2557 1198 Patris,
2604 1143 2658 1188 et
2700 1135 3047 1205 presbyteros
3103 1144 3163 1189 ut
3220 1144 3466 1189 senatum
3511 1135 3605 1189 Dei
3645 1147 3701 1190 et

2124 1226 2420 1281 concilium
2461 1225 2852 1292 apostolorum.
2901 1222 3030 1279 Sine
3068 1225 3155 1280 his
3188 1224 3428 1280 Ecclesia
3465 1241 3572 1280 non
3600 1242 3700 1280 vo-

2124 1327 2303 1372 catur.
2344 1315 2419 1370 De
2474 1316 2560 1371 his
2604 1331 2703 1371 vos
2747 1316 2821 1370 ita
2866 1318 3067 1372 sentire
3116 1332 3438 1387 persuasum
3495 1319 3697 1373 habeo.

2121 1411 2411 1481 Exemplar
2434 1411 2579 1465 enim
2608 1409 2889 1464 charitatis
2930 1416 3124 1463 vestrae
3161 1407 3343 1477 accepi
3387 1418 3441 1461 et
3480 1422 3695 1462 mecum

2121 1503 2298 1559 habeo
2340 1503 2394 1556 in
2422 1503 2680 1572 episcopo
2710 1511 2927 1567 vestro;
2973 1499 3132 1569 cujus
3176 1500 3290 1567 ipse
3332 1498 3550 1553 habitus
3578 1514 3696 1553 ma-

2123 1610 2226 1666 gna
2255 1594 2539 1664 disciplina
2565 1601 2669 1660 est,
2702 1592 3064 1647 mansuetudo
3092 1606 3224 1645 vero
3253 1589 3373 1657 ejus
3415 1592 3691 1660 potentia;

432 1682 758 1752 κατάστημα
813 1681 1021 1752 μεγάλη
1078 1680 1430 1753 μαθητεία,ἠ
1485 1681 1540 1734 δὲ
1574 1682 1817 1755 πραότης
1850 1683 2008 1736 αὑτοῦ

2117 1702 2303 1757 quem,
2331 1696 2390 1741 ut
2414 1686 2688 1749 existimo,
2715 1693 2769 1739 et
2797 1684 2947 1754 impii
2990 1684 3095 1753 ipsi
3130 1691 3468 1747 reverentur,
3492 1683 3693 1753 quibus

428 1774 656 1845 δύναμις
678 1792 691 1804 ·
728 1774 787 1827 ὃν
819 1773 1103 1844 λογίζομαι
1138 1774 1231 1827 καὶ
1264 1774 1391 1837 τοὺς
1420 1774 1614 1838 ἀθέους
1634 1774 2011 1847 ἐντρέπεσθαι,

429 1865 776 1935 ἀγαπῶντας,
810 1864 887 1928 ὡς
937 1866 997 1920 οὐ
1050 1866 1299 1937 φείδομαι
1333 1866 1446 1937 (85)
1480 1866 1694 1920 ἑαυτοῦ.
1732 1865 1845 1939 (86)
1902 1868 2011 1921 Πό-

428 1975 584 2030 τερον
614 1958 910 2029 δυνάμενος
928 1958 1158 2030 γράφειν
1191 1958 1329 2031 ὑπὲρ
1363 1958 1572 2023 τούτου,
1609 1960 1690 2022 εἰς
1722 1959 1878 2013 τοῦτο
1899 1958 2010 2030 (87)

428 2051 633 2122 ᾠήθην,
672 2050 760 2104 ἵνα
807 2050 884 2103 ὣν
934 2050 1266 2123 κατάκριτος
1297 2049 1374 2114 ὡς
1405 2051 1703 2116 ἀπόστολος
1737 2051 1866 2123 ὑμῖν
1896 2052 2012 2105 δια-

430 2143 717 2214 τάσσωμαι
737 2160 752 2209 ;

2117 1780 2282 1835 etiam
2313 1780 2507 1848 placet,
2551 1777 2696 1848 quod
2749 1791 2851 1846 ego
2898 1775 3035 1829 mihi
3075 1791 3185 1830 non
3234 1790 3478 1845 parcam.
3524 1773 3690 1836 Num,

2117 1889 2241 1928 cum
2272 1872 2373 1926 hac
2401 1871 2467 1925 de
2496 1886 2556 1925 re
2584 1869 2823 1926 scribere
2848 1866 2980 1922 mihi
3012 1868 3247 1934 licuerit,
3273 1869 3326 1922 in
3354 1877 3557 1922 tantam
3584 1868 3693 1921 mei

2117 1960 2573 2017 existimationem
2611 1959 2825 2025 deveni,
2863 1967 2944 2024 ut,
2985 1959 3235 2028 quamvis
3270 1959 3689 2025 condemnatus,

2114 2053 2262 2108 velut
2284 2051 2561 2121 apostolus
2583 2049 2737 2105 vobis
2758 2048 3147 2120 praeciperem?

1347 2236 1437 2293 1V.
1470 2236 1789 2293 Humilitate
1813 2247 1863 2293 et
1891 2232 2295 2292 mansuetudine
2322 2229 2451 2283 mihi
2474 2245 2606 2298 opus
2641 2237 2742 2282 est.

501 2352 699 2424 (88-89)
723 2353 899 2407 Πολλά
936 2354 1119 2426 φρονῶ
1149 2356 1206 2409 ὲν
1228 2356 1366 2428 Θεῷ*
1393 2357 1507 2410 ἀλλ’
1529 2358 1760 2429 ἐμαυτὸν
1802 2357 2005 2430 μετρῶ,

429 2443 515 2497 ἵνα
552 2444 623 2515 μὴ
657 2446 714 2498 ὲν
743 2448 1005 2518 καυχήσει
1039 2447 1346 2518 ἀπόλωμαι.
1370 2448 1483 2502 Νῦν
1508 2448 1617 2519 γάρ
1646 2467 1711 2519 με
1743 2449 1823 2502 δεῖ
1844 2449 2006 2503 πλέον

428 2535 725 2603 φοϐεῖσθαι,
756 2537 847 2590 καὶ
1016 2538 1303 2608 προσέχειν
1357 2542 1469 2603 τοῖς
1508 2540 1787 2609 φυσιοῦσίν
1822 2560 1909 2613 με.
1942 2542 2006 2595 υἱ

427 2622 535 2693 γὰρ
561 2624 808 2693 λέγοντές
845 2642 933 2696 μοι
978 2626 1330 2696 μαστιγοῦσιν
1365 2645 1452 2698 με.
1501 2629 1723 2697 Ἀγαπῶ
1769 2631 1865 2701 μὲν
1897 2630 2006 2703 γὰρ

426 2718 486 2770 τὸ
540 2718 750 2771 παθεῖν·
800 2718 912 2772 ἀλλ’
969 2720 1070 2772 οὐκ
1116 2714 1253 2782 οἶδα,
1313 2722 1362 2773 εί
1416 2721 1565 2786 ἄξιός
1606 2725 1739 2793 εἰμι.
1796 2724 1854 2777 '0
1897 2725 2006 2797 γὰρ

426 2805 586 2875 ζῆλος
618 2808 832 2872 πολλοῖς
859 2809 955 2879 μὲν
977 2809 1036 2862 οὐ
1072 2808 1337 2877 φαίνεται,
1370 2812 1470 2882 ἐμὲ
1495 2811 1552 2864 δὲ
1575 2811 1734 2865 πλέον
1755 2814 2000 2885 πολεμεῖ.

426 2896 623 2966 Χρῄζω
644 2893 735 2951 οὖν
760 2899 1084 2971 πραότητος,
1119 2902 1176 2955 ἐν
1284 2901 1607 2956 καταλύεται
1634 2904 1662 2956 ὁ
1690 2904 1873 2976 ἄρχων
1909 2904 2004 2958 τοῦ

2110 2403 2113 2406 ο
2184 2351 2353 2407 Multa
2383 2349 2537 2420 sapio
2560 2349 2613 2403 in
2644 2347 2789 2415 Deo;
2823 2346 2918 2402 sed
2950 2345 3085 2401 mihi
3128 2345 3229 2417 ipsi
3273 2344 3492 2400 modum
3526 2344 3683 2399 adhi-

2113 2444 2237 2511 beo,
2288 2458 2358 2498 ne
2406 2441 2691 2513 gloriando
2737 2454 2973 2509 peream.
3006 2436 3163 2492 Nunc
3204 2436 3349 2491 enim
3395 2436 3518 2505 plus
3551 2435 3684 2490 mihi

2111 2537 2412 2594 timendum
2442 2544 2548 2603 est,
2584 2551 2686 2591 nec
2724 2549 2882 2589 aures
2922 2531 3030 2587 illis
3059 2541 3190 2587 sunt
3238 2530 3562 2601 prmbendae,
3591 2530 3689 2599 qui

2112 2643 2201 2682 me
2238 2626 2447 2681 inﬂant.
2493 2624 2598 2693 Qui
2641 2625 2788 2679 enim
2835 2640 2923 2680 me
2965 2624 3210 2690 laudant,
3255 2622 3530 2692 ﬂagellant
3576 2638 3684 2676 me.

2111 2714 2248 2774 Nam
2269 2719 2435 2789 diligo
2458 2717 2675 2789 quidem
2702 2717 2847 2787 pati;
2878 2716 2970 2772 sed
2997 2716 3209 2777 nescio,
3238 2729 3307 2769 an
3334 2714 3530 2783 dignus
3558 2713 3685 2767 sim.

2110 2810 2466 2867 Vehementia
2497 2810 2641 2864 enim
2673 2824 2793 2864 mea
2830 2808 3020 2864 multis
3048 2808 3268 2878 quidem
3302 2822 3411 2861 non
3441 2815 3686 2876 apparet,

2111 2918 2198 2957 me
2220 2918 2350 2958 vero
2375 2901 2557 2956 acrius
2582 2901 2882 2972 impugnat.
2903 2899 3052 2971 Opus
3070 2901 3252 2970 itaque
3268 2899 3399 2953 mihi
3425 2912 3686 2953 mansue-

426 2988 619 3052 αἰῶνος
649 2990 862 3047 τούτου.

2110 2994 2319 3058 tudine,
2350 3008 2457 3065 qua
2485 2994 2738 3064 princeps
2761 2993 2947 3049 saeculi
2977 2992 3141 3061 hujus
3174 2991 3496 3047 destruitur.

1789 3137 1971 3199 Vetus
1996 3138 2331 3215 interpres.

425 3257 723 3340 secundum
754 3256 938 3340 desum
974 3260 1276 3329 Christum,
1304 3274 1530 3340 propter
1567 3281 1676 3340 vos;
1696 3274 1972 3340 mortuum
1996 3282 2028 3340 ;A
2059 3276 2119 3320 ut
2162 3266 2448 3340 credentes
2481 3263 2535 3318 in
2577 3273 2805 3340 mortem
2854 3264 3066 3340 ipsiu_s,_
3087 3265 3225 3340 mori
3257 3262 3547 3340 eﬂ'ugiatis.
3576 3258 3685 3340 Nee-

425 3330 925 3409 cessarium‘igltur
947 3340 1065 3409 e_st,_
1087 3330 1546 3409 quemadmodum
1575 3335 1777 3403 facitis,
1806 3337 1925 3391 sine
1947 3337 2204 3409 episcopo
2227 3335 2363 3409 nihil
2391 3336 2603 3409 operari
2630 3351 2727 3389 vos
2751 3354 2765 3399 ;
2804 3330 2897 3389 sed
2925 3334 3199 3409 subjiciet
3228 3330 3587 3409 presbyterio,
3622 3339 3682 3383 ut

423 3398 686 3476 apostolis
715 3397 842 3455 Jesu
866 3397 1233 3476 Christifspei
1257 3414 1489 3476 nostrae:
1520 3406 1574 3459 in
1599 3422 1708 3475 quo
1733 3397 2120 3461 conversantes
2134 3397 2518 3476 'inveniam'ur.
2549 3397 2774 3476 Oportet
2796 3413 2977 3458 autem
3008 3397 3065 3476 et
3086 3397 3682 3476 diaco_nos._hiinistros

422 3472 747 3523 exsistentes
773 3472 1163 3542 mysteriorum
1179 3472 1306 3529 Jesu
1329 3473 1556 3538 Christi,
1590 3472 1890 3530 secundum
1917 3490 2135 3529 omnem
2172 3475 2396 3528 modum
2444 3475 2701 3529 omnibus
2747 3476 2979 3542 placere.
3020 3472 3140 3527 Non
3167 3473 3312 3525 enim
3339 3472 3587 3542 ciborum
3623 3480 3679 3523 et

424 3544 649 3603 potuum
674 3549 804 3594 sunt
821 3540 1054 3597 ministri
1075 3560 1090 3609 ;
1112 3550 1207 3599 sed
1234 3542 1489 3600 Ecclesiae
1516 3544 1614 3600 Dei
1644 3545 1901 3601 ministri.
1925 3543 2302 3615 Opportunum
2329 3544 2493 3616 igitur
2522 3559 2619 3599 vos
2648 3540 2939 3599 observare
2958 3544 3356 3609 accusationes,
3384 3551 3447 3596 ut
3473 3541 3675 3611 ignem.

1875 3695 2105 3753 CAPUT
2144 3695 2232 3751 lll.

495 3811 759 3867 Similiter
779 3820 833 3867 et
858 3828 1049 3870 omnes
1077 3823 1425 3871 revereantur
1449 3815 1729 3880 diaconos,
1759 3826 1818 3869 ut
1843 3814 2159 3869 mandatum
2188 3812 2314 3869 Jesu
2339 3812 2545 3869 Christi
2568 3830 2582 3878 ;
2612 3820 2667 3868 et
2691 3812 3029 3883 episcopum,
3062 3818 3121 3866 ut
3152 3811 3339 3866 Jesum
3371 3809 3674 3883 Christum,

421 3883 769 3957 e‘xsi‘stentem
806 3883 1004 3937 Filium
1044 3884 1221 3957 Patris
1246 3904 1260 3951 ;
1295 3887 1641 3957 presbyteros
1670 3895 1871 3947 autem,
1895 3898 1957 3957 ut
1976 3886 2274 3957 concilium
2298 3884 2413 3949 Dei,
2438 3881 2978 3957 _et_conjunetionem
3003 3883 3398 3957 apostolorum.
3432 3881 3567 3957 Sine
3591 3882 3676 3938 his

423 3951 664 4023 Ecclesia
714 3968 822 4007 non
873 3964 1099 4009 vocatur
1129 3972 1142 4006 :
1169 3956 1235 4009 de
1264 3951 1475 4023 quibus
1510 3956 1714 4010 suadeo
1744 3972 1839 4009 vos
1861 3955 1942 4009 sic
1974 3955 2191 4009 habere.
2228 3953 2631 4023 Exemplarium
2651 3951 2654 3952 ⁷
2675 3953 2819 4006 enim
2864 3954 3145 4007 charitatis
3168 3961 3362 4007 vestra:
3387 3951 3591 4023 accepi,
3620 3962 3675 4007 et

422 4021 596 4094 habeo
626 4038 749 4076 cum
782 4024 991 4093 meipso
1016 4025 1069 4078 in
1099 4021 1356 4094 episcopo
1381 4035 1597 4089 vestro;
1629 4026 1788 4091 cujus
1819 4026 1936 4094 ipsa
1968 4024 2294 4093 compositio
2317 4021 2514 4093 magna
2543 4032 2628 4077 est
2664 4022 3051 4094 disciplinatio,
3084 4022 3447 4094 mansuetudo
3487 4030 3673 4075 autem

422 4091 594 4164 ipsius
625 4095 862 4161 potentia
889 4091 908 4145 Ξ
932 4110 1093 4163 quem
1134 4091 1396 4149 existimo
1445 4105 1500 4149 et
1543 4095 1739 4164 impios
1768 4091 2024 4157 revereri,
2055 4091 2340 4164 diligentes
2369 4091 2514 4163 quod
2542 4100 2657 4147 ’non
2697 4108 2861 4160 parco
2892 4092 3067 4164 ipsum
3095 4092 3422 4164 aliqualem;
3478 4098 3674 4160 potens

422 4163 660 4217 scribere
689 4178 791 4232 pro
818 4164 912 4219 illo
935 4161 964 4228 ,“
984 4164 1040 4218 in
1066 4164 1173 4219 hoc
1192 4164 1492 4231 existimer,
1525 4174 1585 4219 ut
1609 4161 1882 4221 exsistens
1904 4161 2322 4231 condemnatus,
2344 4161 2494 4219 velut
2518 4164 2799 4234 apostolus
2827 4162 2983 4218 vobis
3006 4161 3360 4232 praecipiam?

1867 4316 2098 4373 CAPUT
2129 4316 2220 4373 Ν.

490 4432 655 4489 Multa
685 4436 838 4506 sapio
873 4435 926 4491 in
954 4436 1094 4503 Deo;
1124 4437 1217 4493 sed
1249 4436 1517 4507 meipsnm
1548 4451 1831 4507 mensuro,
1864 4444 1927 4491 ut
1965 4452 2089 4507 non
2119 4435 2175 4490 in
2209 4434 2535 4507 gloriatione
2563 4437 2780 4506 perdar.
2818 4434 2977 4507 Nunc
3003 4434 3149 4490 enim
3180 4448 3269 4507 me
3309 4440 3523 4507 oportet
3546 4432 3672 4507 plus

421 4504 629 4575 timere,
662 4515 715 4559 et
744 4504 851 4559 non
896 4510 1173 4562 attendere
1220 4504 1532 4563 inﬂantibus
1577 4524 1682 4562 me.
1725 4506 1976 4562 Dicentes
2006 4506 2150 4561 enim
2190 4504 2344 4572 mihi,
2379 4504 2656 4575 ﬂagellant
2706 4522 2811 4561 me.
2850 4506 3024 4575 Diligo
3061 4506 3280 4574 quidem
3325 4505 3472 4575 enim
3522 4506 3669 4575 pati;

419 4574 514 4647 sed
542 4591 648 4629 non
697 4576 821 4630 novi
853 4578 898 4630 si
941 4578 1136 4647 dignus
1165 4594 1309 4632 sum.
1354 4577 1516 4631 Zelus
1545 4579 1689 4632 enim
1739 4578 1924 4631 multis
1956 4577 2176 4646 quidem
2207 4592 2315 4630 non
2349 4571 2593 4647 apparet,
2628 4592 2713 4632 me
2751 4584 2931 4632 autem
2955 4571 3093 4646 plus
3108 4583 3411 4645 oppugnat.
3442 4571 3667 4644 lndigeo

419 4643 580 4712 igitur
608 4643 1058 4714 mansuetudine;
1093 4648 1147 4701 in
1173 4663 1281 4717 qua
1308 4647 1628 4703 dissolvitur
1651 4647 1903 4717 princeps
1935 4643 2121 4702 saeculi
2154 4647 2339 4717 hujus.

490 4799 601 4869 (82)
636 4799 714 4855 lla
749 4816 815 4856 ex
853 4810 959 4857 vet.
992 4801 1217 4871 interpr.
1249 4801 1487 4857 restituit
1516 4798 1803 4867 Smithius,
1833 4801 1986 4856 simi-
2017 4803 2063 4858 D
2092 4800 2221 4855 dum
2255 4808 2408 4870 puto.
2434 4799 2697 4871 Arndtius
2720 4798 2886 4871 vertit
2917 4817 2930 4853 :
2961 4796 3207 4871 Welchen
3244 4794 3484 4871 Bischof,
3517 4796 3672 4849 acino

416 4866 597 4942 liaqu‘e
628 4874 971 4940 reperiuntur
996 4866 1154 4936 infra,
1168 4888 1216 4926 c.
1251 4873 1338 4932 15,
1358 4880 1411 4926 et
1453 4872 1520 4925 ad
1557 4866 1798 4942 Smyrn.,
1846 4888 1894 4942 (ξ.
1926 4872 1980 4926 8.
2094 4872 2199 4942 icit,
2228 4866 2359 4942 auch
2382 4871 2465 4942 die
2502 4868 2875 4942 _Ungottliclten
2898 4870 3159 4942 scheuen,
3199 4866 3385 4942 rectene
3422 4882 3475 4942 es
3517 4882 3671 4942 ger-ne

416 4934 523 5013 Ms:
558 4934 703 4995 malé
745 4942 908 4996 habet
956 4961 970 4996 :
1014 4934 1152 5005 Τοὺς
1177 4942 1449 5013 διακόνους
1614 4934 1817 5013 Ἰησοῦν
1858 4940 1992 5013 Χρι-

2108 4934 2264 5013 :ehen,
2287 4941 2412 5013 dass
2439 4934 2943 5013 ich_me_iner_nicht
2985 4938 3195 4992 schone.
3250 4934 3416 5013 Sollte
3454 4934 3565 5013 icit,
3599 4946 3669 4987 da

417 5009 561 5075 στὸν,
584 5012 687 5082 ,ὡς
724 5013 935 5066 καὶτὸν
968 5012 1283 5075 ἐπίσκοπον,
1320 5011 1449 5065 ὄντα
1481 5012 1610 5064 Υἱὸν
1641 5005 1736 5064 τοῦ
1772 5005 1989 5082 [ἰατρὸς

2110 5011 2171 5082 ch
2202 5010 2445 5082 hieriiber
2463 5009 2731 5082 schreiben
2762 5008 2986 5082 Igonnte,
3011 5024 3071 5082 es
3107 5023 3168 5059 so
3204 5006 3427 5082 gemeint
3473 5005 3669 5082 haben,

414 5094 468 5130 κ.
503 5098 553 5132 τ.
582 5080 631 5134 λ.
1894 5075 1905 5082 ’
1971 5075 1981 5077 “
2086 5080 2212 5134 dass
2247 5081 2353 5145 ich,
2392 5079 2619 5134 abso/ton
2643 5080 2729 5133 ein
2776 5077 3174 5144 Verurtheilter,
3204 5076 3285 5129 αις
3327 5075 3413 5127 ein
3450 5075 3669 5144 Apostel

489 5151 601 5222 (85)
648 5151 779 5207 Sine
825 5152 1118 5222 episcopo,
1161 5160 1294 5220 etc.,
1342 5153 1492 5208 nulla
1549 5150 1815 5206 Ecclesia.
1867 5149 1983 5207 Cir.

414 5217 612 5292 Bothe,
636 5223 788 5292 Anii,
820 5217 875 5292 ρ.
900 5217 1025 5292 466.

484 5291 597 5361 (84)
639 5288 844 5348 Ιιοίηέ.
882 5290 1052 5348 Nemo
1078 5292 1272 5357 nescit,
1298 5290 1490 5345 ἑαυτοῦ
1526 5305 1624 5359 pro
1657 5288 1896 5361 ἐμαυτοῦ
1930 5298 1986 5346 et

363 5394 369 5405 ε
414 5361 643 5415 σεαυτοῦ
678 5364 730 5416 in
759 5364 1014 5418 omnibus
1055 5364 1272 5417 casibus
1313 5363 1635 5415 tralatitium
1683 5376 1804 5416 esse
1834 5361 1981 5429 apud

413 5431 650 5487 Graecos.
675 5432 793 5489 Jac.
827 5432 1052 5488 Vossius
1073 5433 1382 5487 emendavit
1400 5429 1657 5502 ἐμαυτοῦ.

485 5502 599 5571 (85)
621 5503 680 5576 λι.
709 5522 765 5573 q.
797 5502 1199 5576 épaturoﬁ._Cl‘r.
1234 5517 1400 5576 supra
1428 5498 1537 5576 irot.
1566 5498 1983 5576 84.Genitivum_

412 5569 658 5641 reposuit
703 5569 981 5629 Arndtius.
1031 5572 1113 5627 Ms
1180 5569 1390 5626 ἑαυτόν.
1442 5570 1648 5625 Sensus
1704 5587 1717 5623 :
1770 5569 1985 5640 Pagani

412 5657 630 5711 quoque
679 5645 1043 5703 constantiam
1082 5644 1542 5708 Christianorum,
1587 5656 1638 5696 e.
1679 5655 1731 5710 g.
1778 5655 1979 5708 meam,

338 5740 355 5758 ι
413 5713 653 5769 laudant.

479 5784 594 5854 (86)
622 5785 697 5841 Ita
717 5801 840 5841 cum
873 5784 1096 5839 Arndtio
1118 5782 1365 5853 (Studien
1389 5791 1443 5837 et
1472 5780 1825 5854 Krit.i859)_,_
1844 5781 1976 5836 msti

411 5852 695 5911 lectionem
744 5858 1030 5924 retinente,
1067 5852 1556 5926 interpungcndum
1596 5860 1651 5909 et
1687 5852 1970 5923 explican-

2084 5151 2214 5203 eueh
2236 5150 2561 5204 vorsclrreibe
2575 5151 2601 5203 .9

2157 5220 2270 5289 (87)
2295 5219 2353 5273 ln
2386 5221 2635 5275 versione
2662 5218 2813 5274 verbi
2856 5217 3042 5290 ᾠήθην
3080 5231 3191 5272 non
3223 5214 3535 5281 Arndtium,
3567 5215 3664 5269 sed

2080 5285 2419 5344 Pearsolium
2451 5300 2674 5345 secutus
2699 5305 2844 5345 sum.

2152 5359 2356 5430 (88-89)
2410 5359 2629 5413 Initium
2674 5359 2870 5430 capitis
2909 5357 3115 5430 quarti,
3152 5356 3299 5425 quod
3323 5356 3379 5409 in
3406 5354 3666 5430 versione

2086 5425 2311 5499 Syriaca
2338 5425 2586 5499 epistolae
2614 5430 2680 5484 ad
2706 5425 2985 5499 Romanos
3022 5428 3277 5499 adjuncta
3316 5436 3421 5499 est,
3458 5426 3663 5499 arctis~

2080 5494 2224 5555 sime
2253 5494 2396 5553 nexu
2428 5500 2667 5554 cohaeret
2712 5515 2836 5554 cum
2878 5498 2983 5553 ﬁne
3012 5494 3209 5565 capitis
3244 5497 3413 5550 tertii.
3455 5494 3666 5548 Sensus

2080 5578 2164 5624 est
2201 5588 2214 5623 :
2252 5569 2375 5623 Non
2417 5570 2475 5622 in
2527 5579 2730 5622 tantam
2763 5570 2864 5621 mei
2888 5567 3335 5622 existimationem
3370 5565 3571 5622 deveni.
3605 5573 3663 5615 ut

2077 5640 2221 5693 vobis
2246 5640 2380 5692 velut
2419 5641 2690 5707 apostolus
2719 5640 2978 5707 imperare
3018 5637 3193 5690 velim.
3231 5634 3485 5702 Quamvis
3521 5635 3662 5707 enim

2076 5710 2245 5762 multa
2269 5711 2324 5762 in
2352 5704 2461 5763 Deo
2485 5711 2711 5778 sapiam,
2740 5704 2915 5761 tamen
2952 5707 3079 5761 mihi
3118 5709 3219 5777 ipsi
3261 5707 3475 5761 modum
3503 5704 3663 5757 adhi-

2075 5778 2189 5849 beo,
2221 5795 2283 5835 ne
2309 5780 2419 5851 ipse
2440 5779 2717 5851 gloriando
2740 5794 2975 5849 peream.
