4134 6420
1513 432 1849 489 EPISTULA
1885 432 1975 487 AD
2010 430 2470 489 TRALLIANOS.

3592 436 3696 492 692

419 550 564 604 1061’
614 550 783 615 ἐστιν,
828 553 856 604 ὁ
912 553 1081 623 χωρὶς
1125 553 1423 606 ἐπισκόπου
1478 554 1570 607 καὶ
1617 554 2002 626 πρεσϐυτερίοι

2117 565 2171 609 ct
2207 556 2456 610 diaconis
2501 555 2776 625 quidpiam
2827 556 2955 626 agit,
3012 555 3059 609 is
3098 570 3207 609 non
3249 564 3333 610 est
3370 558 3606 613 mundus
3640 559 3695 612 in

421 642 515 695 καὶ
545 642 795 697 διακόνου
831 644 1093 715 πράσσων
1122 661 1199 709 τι,
1233 640 1388 708 οὗτος
1412 645 1471 697 οὐ
1499 644 1739 716 καθαρός
1766 646 1913 699 ἐστιν
1940 649 2006 716 τῇ

420 734 749 806 συνειδήσει.

2115 648 2466 704 conscientia.

956 827 1093 883 Vill.
1131 829 1333 884 Contra
1361 831 1563 885 diaboli
1598 832 1823 885 insidias
1852 834 2170 887 muniamini
2195 828 2620 892 mansuetudine,
2652 828 2757 896 ﬁde
2782 836 2833 880 et
2867 828 3147 881 charitate.

488 918 606 976 Οὐκ
635 924 757 977 ἐπεὶ
785 923 957 993 ἔγνων
986 924 1227 978 τοιοῦτόν
1267 944 1319 979 τι
1354 928 1411 979 ὲν
1446 928 1594 997 ὑμῖν,
1630 928 1765 981 ἀλλὰ
1799 945 2010 1000 προφυ-

416 1014 601 1068 λάσσω
633 1017 777 1086 ὑμᾶς
798 1017 957 1081 ὄντας
982 1035 1083 1089 μου
1110 1019 1448 1090 ἁγαπητοὺς,
1487 1020 1736 1092 προορῶν
1763 1020 1863 1084 τὰς
1894 1022 2010 1073 ὲνέ-

2191 926 2309 981 Non
2335 925 2480 995 quod
2507 924 2747 979 noverim
2774 924 2881 979 tale
2900 924 3030 993 quid
3055 924 3196 978 inter
3213 938 3333 989 vos,
3354 923 3470 979 haec
3485 925 3690 993 scribo;

2117 1020 2212 1075 sed
2240 1017 2574 1088 praemunire
2600 1017 2725 1071 volo
2749 1032 2865 1082 vos,
2889 1028 2948 1071 ut
2969 1016 3112 1073 ﬁlios
3138 1030 3289 1070 meos
3311 1015 3692 1086 charissimos,

415 1105 549 1177 δρας
589 1104 683 1158 106
718 1106 986 1160 διαϐόλου.
1045 1109 1232 1179 Ὑμεῖς
1252 1104 1357 1162 ιοῦν
1390 1109 1487 1179 τὴν
1520 1109 1595 1180 (5)
1630 1110 2002 1181 πραῦπάθειαν

2116 1111 2459 1182 prospiciens
2491 1110 2720 1165 insidias
2756 1108 2977 1164 diaboli.
3022 1108 3131 1164 Vos
3177 1107 3383 1175 itaque,
3436 1123 3693 1163 mansue-

417 1196 780 1261 ἀναλαὸόντες
824 1198 1188 1251 ἀνακτίσασθε
1241 1199 1468 1262 ἑαυτοὺς
1517 1201 1575 1252 ὲν
1620 1200 1821 1265 πίστει,
1870 1200 1944 1273 (6)
1980 1203 2008 1254 ὅ

415 1289 566 1343 ἐστιν
598 1290 733 1362 σὰρξ
764 1289 860 1344 106
898 1292 1126 1362 Κυρίου,
1156 1292 1251 1344 καὶ
1276 1294 1332 1344 ὲν
1369 1292 1583 1365 ἀγάπῃ,
1619 1293 1649 1345 ὃ
1688 1295 1836 1347 ἐστιν
1869 1289 2008 1364 αἷμα

429 1378 604 1450 Ἰησοῦ
638 1381 900 1454 Χριστοῦ.
937 1382 1013 1453 (7)
1048 1383 1252 1453 Μηδεὶς
1293 1384 1445 1455 ὑμῶν
1480 1386 1619 1440 κατὰ
1654 1387 1746 1440 106
1781 1388 2009 1460 πλησίον

417 1470 518 1542 [(8)
548 1471 623 1544 τι]
658 1473 850 1543 ἐχέτω.
888 1475 979 1545 Μὴ
1024 1475 1280 1545 ἀφορμὰς
1311 1476 1481 1529 δίδοτε
1504 1479 1614 1541 τοῖς
1647 1477 1875 1545 ἔθνεσιν,
1924 1482 2009 1534 ἵνα

417 1562 493 1634 μὴ
525 1563 593 1617 δι’
620 1564 832 1633 ὀλίγους
863 1564 1103 1637 ἄφρονας
1135 1567 1194 1619 τὸ
1218 1569 1275 1621 ὲν
1305 1568 1425 1639 Θεῷ
1455 1568 1659 1640 πλῆθος
1681 1570 2007 1643 βλασφημῆ-

410 1671 520 1709 ται.
552 1657 699 1710 Οὐαὶ
731 1657 864 1727 γὰρ,
896 1657 971 1711 δι’
994 1657 1064 1711 οὗ
1088 1658 1185 1711 ἐπὶ
1204 1660 1550 1729 ματαιότητι
1584 1660 1648 1716 τὸ
1685 1661 1870 1732 ὄνομά
1885 1681 2002 1733 μου

409 1747 513 1802 ἐπί
531 1765 708 1803 τινων
731 1750 1193 1821 ,ϐλασφημεῖται
1219 1753 1258 1805 ⁸.

2119 1202 2361 1257 tu'dinem
2413 1206 2778 1262 assumentes,
2833 1208 3154 1269 regenerate
3200 1204 3413 1253 vosmet
3446 1198 3595 1266 ipsos
3634 1201 3689 1251 in

2110 1296 2235 1359 ﬁde,
2269 1310 2393 1365 qua:
2416 1302 2500 1350 est
2525 1308 2656 1349 caro
2685 1292 2924 1356 Domini,
2955 1305 3008 1346 et
3042 1293 3096 1346 in
3136 1293 3424 1358 charitate,
3460 1308 3579 1361 quae
3608 1301 3694 1347 est

2110 1386 2335 1457 sanguis
2384 1384 2512 1441 Jesu
2581 1384 2809 1440 Christi.
2871 1383 3065 1439 Nullus
3128 1394 3371 1439 vestrum
3430 1385 3705 1439 adversus

2109 1480 2421 1549 proximum
2446 1477 2651 1547 aliquid
2678 1477 2895 1531 habeat.
2926 1474 3003 1531 Ne
3033 1491 3223 1529 ansam
3251 1476 3391 1530 dctis
3414 1476 3690 1546 gentibus.

2110 1586 2178 1624 ne
2213 1580 2432 1640 propter
2452 1584 2656 1639 paucos
2688 1569 3006 1638 insipientes
3035 1568 3349 1634 multitudo,
3381 1583 3503 1637 quae
3526 1577 3610 1622 est
3634 1568 3691 1621 in

2114 1664 2247 1731 Deo,
2270 1662 2701 1732 blasphemetur.
2734 1660 2823 1716 Vte
2850 1662 2989 1715 enim
3024 1662 3073 1715 ei
3129 1678 3219 1730 per
3268 1676 3418 1731 quem
3450 1663 3504 1717 in
3538 1662 3690 1715 vani-

2035 1764 2079 1819 B
2109 1763 2217 1809 tate
2237 1770 2423 1808 nomen
2452 1768 2625 1806 meum
2646 1752 2786 1815 apud
2819 1751 3026 1822 aliquos
3051 1751 3465 1820 blasphematur.

1024 1867 1117 1923 IX.
1162 1868 1346 1922 Nolite
1380 1870 1568 1923 audire
1598 1887 1712 1936 eos,
1739 1874 1830 1940 qui
1854 1873 1965 1925 sine
2001 1871 2212 1926 Christo
2236 1869 2535 1940 loquuntur.
2572 1867 2819 1921 Historia
2852 1866 3073 1924 Christi.

483 1982 559 2055 (9)
598 1985 919 2059 Κωφώθητε
946 1982 1058 2052 οὖν,
1093 1988 1222 2042 ὅταν
1269 1990 1398 2059 ὑμῖν
1442 1990 1608 2061 χωρὶς
1647 1991 1818 2061 Ἰησοῦ
1864 1994 1999 2063 Χρι-

411 2075 539 2129 στοῦ
564 2076 696 2150 λαλῇ
725 2096 828 2145 τις,
855 2080 964 2151 (10)
1007 2080 1098 2134 106
1136 2084 1199 2133 ὲκ
1230 2080 1425 2149 γένους
1450 2081 1633 2147 Δαόὶδ,
1664 2082 1756 2135 τοῦ
1789 2086 1854 2136 ὲκ
1878 2086 1999 2137 Μα-

411 2168 554 2240 ρίας,
592 2170 650 2233 ὃς
672 2170 889 2243 ἀληθῶς
920 2173 1204 2245 ἐγεννήθη,
1231 2173 1434 2242 ἔφαγέν
1458 2191 1517 2226 τε
1540 2175 1633 2226 καὶ
1663 2174 1833 2239 ἔπιεν,
1864 2176 1999 2246 ἁλη-

408 2260 518 2324 θῶς
543 2260 774 2334 ἐδιώχθη
802 2264 894 2317 ἐπὶ
920 2265 1141 2319 Ποντίου
1163 2266 1419 2329 Πιλάτου,
1445 2265 1660 2338 ἀληθῶς
1682 2267 1998 2339 ἐσταυρώθη

408 2353 505 2407 καὶ
549 2354 840 2421 ἀπέθανεν,
887 2356 1191 2426 βλεπόντων
1234 2358 1342 2411 τῶν
1388 2358 1725 2429 ἐπουρανίων
1758 2358 1869 2430 (11)
1908 2361 2001 2414 καὶ

410 2447 665 2515 ἐπιγείων
694 2448 788 2502 καὶ
820 2448 1174 2519 ὑποχθονίων·
1210 2449 1268 2513 ὃς
1294 2449 1388 2504 καὶ
1410 2448 1625 2520 ἀληθῶς
1659 2449 1868 2522 ἠγέρθη
1893 2450 2002 2503 ἀπὸ

409 2539 638 2611 νεκρῶν,
673 2537 986 2611 ἐγείραντος
1010 2540 1170 2593 αὐτὸν
1202 2538 1295 2592 106
1325 2539 1536 2611 Πατρὸς
1563 2538 1749 2605 αὐτοῦ,
1782 2538 1893 2610 (12)
1926 2539 2002 2615 ὡς

407 2629 675 2684 καὶκατὰ
704 2630 764 2682 τὸ
814 2630 924 2701 (15)
959 2630 1213 2701 ὁμοίωμα
1259 2633 1427 2702 ἡμᾶς,
1470 2632 1597 2696 τοὺς
1646 2629 2003 2693 πιστεύοντας

407 2720 575 2791 αὐτῷ,
606 2719 780 2785 οὕτως
816 2722 999 2794 ἐγερεῖ
1028 2722 1057 2774 ὁ
1096 2721 1291 2794 Πατὴρ
1330 2721 1495 2776 αὐτοῦ
1535 2725 1594 2775 ὲν
1631 2723 1854 2794 Χριστῷ
1900 2724 2003 2794 ’1η-

409 2813 526 2879 σοῦ,
553 2812 663 2886 (14)
687 2808 748 2869 οὗ
770 2815 939 2887 χωρὶς
968 2815 1028 2869 τὸ
1054 2815 1304 2887 ἀληθινὸν
1329 2815 1427 2887 ζῇν
1450 2817 1549 2870 οὐκ
1569 2816 1784 2887 ἔχομεν.

2177 1992 2441 2046 Obturate
2480 1991 2647 2061 igitur
2691 2006 2853 2045 aures
2896 1999 3128 2056 vestras,
3181 2005 3306 2045 cum
3344 1990 3501 2044 vobis
3535 1988 3691 2059 quis-

2106 2086 2253 2155 piam
2278 2084 2521 2153 loquitur
2548 2082 2668 2137 sine
2694 2081 2821 2138 Jesu
2846 2081 3088 2147 Christo,
3116 2082 3207 2151 qui
3235 2097 3300 2135 ex
3345 2095 3542 2151 genere
3584 2080 3688 2135 Da-

2106 2175 2283 2242 vidis,
2307 2174 2403 2244 qui
2432 2190 2499 2228 ex
2526 2172 2718 2237 Maria,
2751 2173 2846 2241 qui
2882 2187 3007 2227 vere
3041 2180 3202 2226 natus
3235 2181 3339 2238 εει,
3374 2170 3485 2224 edit
3514 2180 3568 2225 et
3597 2170 3684 2224 bi-

2109 2267 2206 2333 bit,
2228 2281 2357 2320 vere
2373 2266 2803 2336 persecutionem
2828 2280 3024 2335 passus
3045 2275 3129 2319 est
3151 2263 3252 2318 sub
3271 2261 3465 2317 Pontio
3485 2260 3681 2323 Pilato,

2104 2375 2232 2414 vere
2259 2358 2555 2414 cruciﬁxus
2579 2368 2632 2414 et
2668 2367 2920 2415 mortuus
2954 2366 3057 2421 est,
3100 2355 3410 2410 videntibus
3443 2355 3685 2409 caelesti-

2106 2454 2211 2508 bus
2240 2460 2293 2506 et
2318 2451 2671 2506 terrestribus
2708 2460 2761 2505 et
2797 2449 3201 2514 subterraneis;
3244 2448 3337 2516 qui
3364 2455 3416 2501 et
3441 2461 3566 2501 vere
3593 2462 3685 2499 re-

2106 2546 2346 2601 surrexit
2375 2560 2405 2598 a
2426 2544 2682 2610 mortuis,
2709 2542 3266 2611 resuscitanteipsum
3295 2539 3457 2594 Patre
3485 2539 3682 2609 ipsius,

2106 2621 2569 2707 quemadmodum
2627 2634 2696 2689 ad
2754 2635 2875 2703 ejus
2913 2633 3327 2689 similitudinem
3376 2641 3431 2685 et
3476 2646 3601 2695 nos,
3633 2630 3684 2683 ei

2106 2723 2410 2789 credentes,
2445 2720 2606 2776 Pater
2630 2722 2752 2791 ejus
2780 2723 2855 2776 ita
2890 2723 3237 2777 resuscitabit
3279 2722 3334 2775 in
3362 2720 3489 2775 Jesu
3526 2720 3687 2775 Chri-

2106 2824 2214 2881 sto,
2242 2815 2360 2868 sine
2386 2830 2496 2884 quo
2523 2830 2707 2868 veram
2738 2815 2904 2869 vitam
2939 2829 3047 2869 non
3079 2815 3364 2870 habemus.

1152 2910 1221 2965 Χ.
1261 2909 1321 2966 Si
1352 2910 1596 2966 Christus
1623 2928 1725 2965 non
1762 2928 1877 2966 vere
1903 2926 2091 2982 passus
2116 2922 2216 2975 est,
2247 2909 2453 2980 frustra
2483 2926 2576 2981 ego
2602 2911 2814 2965 vincula
2847 2912 2979 2980 fero.

482 3006 545 3057 Εί
568 3005 646 3069 δὲ,
669 3003 858 3077 ὥσπερ
882 3006 1047 3069 τινὲς,
1070 3006 1219 3060 ἄθεοι
1238 3005 1411 3069 ὅντες,
1447 3006 1727 3059 τουτέστιν
1758 3004 1998 3068 ἄπιστοι,

2175 3002 2234 3059 Si
2290 3019 2443 3073 vero,
2499 3015 2560 3059 ut
2599 3006 2822 3074 quidam
2876 3005 3044 3073 athei,
3094 3006 3201 3061 hoc
3249 3014 3354 3072 est,
3417 3003 3679 3070 inﬁdeles,

406 3097 678 3167 λέγουσιν,
704 3098 766 3151 τὸ
799 3100 978 3153 δοκεῖν
1012 3098 1336 3152 πεπονθέναι
1370 3100 1552 3163 αὐτὸν,
1585 3098 1737 3152 αὐτοὶ
1763 3098 1916 3161 ὄντες
1939 3098 2001 3152 τὺ

2105 3098 2273 3165 aiunt,
2312 3112 2439 3153 eum
2492 3099 2794 3153 secundum
2849 3099 3223 3169 apparentiam
3268 3113 3391 3154 esse
3438 3113 3684 3167 passum,

405 3187 603 3255 δοκεῖν,
637 3190 749 3259 ἐγὼ
781 3192 835 3245 τί
864 3191 1107 3262 δέδεμαι,
1135 3190 1190 3244 τί
1214 3191 1270 3243 δὲ
1299 3188 1528 3262 εὔχομαι
1560 3190 1999 3261 θηριομχῆσαη

2099 3186 2205 3257 ipsi
2244 3187 2548 3243 secundum
2587 3188 2961 3259 apparentiam
2980 3196 3191 3244 tantum
3220 3189 3580 3255 exsistentes;
3615 3189 3686 3249 ad

406 3281 625 3352 Δωρεὰν
653 3277 746 3336 οὖν
769 3282 1135 3355 ἀποθνήσκω;
1165 3280 1275 3353 (15)
1310 3277 1457 3353 τΑρα
1492 3282 1555 3335 οὺ
1593 3280 2001 3353 καταψεύδομαι

2105 3278 2232 3349 quid
2256 3294 2358 3350 ego
2388 3280 2605 3336 vinctus
2640 3296 2782 3342 sum.
2819 3296 2919 3335 cur
2961 3274 3089 3350 opto
3118 3296 3241 3335 cum
3276 3281 3466 3336 bestiis
3510 3280 3686 3350 depu-

405 3372 502 3426 106
517 3374 724 3445 Κυρίου
745 3390 759 3442 ;

2100 3372 2306 3440 gnare?
2334 3370 2560 3427 Frustra
2592 3373 2777 3444 itaque
2813 3375 3056 3429 morior?
3082 3372 3275 3429 Nonne
3304 3388 3407 3445 ego
3446 3371 3586 3430 falsa
3616 3374 3686 3429 de

2100 3463 2334 3520 Domino
2361 3464 2592 3535 loquor?

1720 3559 1905 3620 Vetus
1944 3561 2285 3640 interpres.

406 3663 525 3709 tare
554 3663 658 3736 est,
689 3670 802 3736 non
828 3656 1070 3736 mundus
1099 3664 1206 3736 est,
1232 3657 1340 3715 hoc
1365 3668 1472 3724 est,
1500 3660 1596 3730 qui
1627 3661 1749 3716 sine
1772 3665 2034 3733 episcopo
2062 3674 2117 3719 et
2158 3665 2502 3736 presbyterio
2533 3674 2590 3721 et
2616 3666 2848 3722 diacono
2886 3674 3146 3734 operatur
3176 3662 3402 3733 aliquid,
3438 3664 3541 3719 iste
3571 3680 3679 3720 non

1832 3796 2065 3853 CAPUT
2106 3796 2245 3852 Vili.

446 3886 757 3972 ﬂonqua
789 3891 1019 3972 cognovi
1053 3892 1161 3946 tale
1189 3893 1321 3962 quid
1348 3894 1401 3948 in
1430 3894 1619 3972 vobis;
1668 3895 1763 3951 sed
1806 3907 2082 3964 praeservo
2110 3908 2230 3959 vos,
2265 3893 2593 3948 exsistentes
2627 3909 2780 3972 meos
2819 3894 3070 3972 dilectos,
3115 3899 3419 3972 praevidens
3446 3899 3681 3972 insidias

406 3956 777 4037 diaboli.‘\_los
804 3956 971 4037 igitur
996 3956 1337 4037 mansuetam
1377 3956 1693 4037 patientiam
1744 3956 2107 4037 resumentes,
2138 3956 2381 4037 recreate
2414 3965 2778 4037 vosmetipsos
2826 3966 2881 4019 in
2930 3956 3232 4037 ﬁde,'q'uod
3283 3980 3369 4024 est
3407 3985 3536 4024 caro
3568 3969 3680 4022 Do-

410 4030 565 4109 mini,
596 4038 651 4084 et
684 4031 741 4109 in
773 4031 1061 4109 chari_tat_e,
1095 4034 1239 4109 quod
1269 4044 1352 4089 est
1375 4030 1601 4106 sanguis
1633 4034 1760 4091 Jesu
1791 4034 2017 4090 Christi.
2052 4032 2244 4109 Nullus
2262 4044 2515 4109 _vestrum
2557 4030 2822 4109 adversus
2856 4030 3164 4109 proximum
3206 4040 3410 4109 aliquid
3457 4040 3678 4094 habeat.

411 4096 526 4180 lion
552 4102 873 4180 occasiones
903 4102 1041 4180 detis
1062 4096 1314 4180 gentibus
1340 4148 1353 4170 ,
1396 4118 1457 4159 ut
1479 4096 1593 4161 non
1626 4114 1848 4180 propter
1872 4119 2079 4180 paucos
2112 4104 2435 4180 insipientes
2464 4118 2525 4158 ea
2553 4122 2675 4174 qua:
2707 4105 2761 4159 in
2788 4096 2899 4160 Deo
2923 4107 3216 4163 multitudo
3244 4096 3678 4180 blasphemetur.

422 4167 512 4226 γω
536 4173 696 4240 enim,
730 4188 823 4242 per
842 4187 995 4243 quem
1021 4167 1090 4227 in'
1112 4167 1354 4230 vanitate
1382 4192 1571 4230 nomen
1599 4167 1771 4231 ineunt
1798 4176 1852 4230 in
1874 4167 2153 4242 aliquibus
2186 4167 2602 4244 blasphematur.

408 3725 649 3782 mundus
675 3736 758 3782 est
790 3728 846 3781 in
878 3727 1237 3783 conscientia.

1866 4266 2098 4323 CAPUT
2137 4268 2229 4323 IX.

481 4358 869 4435 Obsurdescite
899 4360 1090 4432 igitur,
1122 4362 1345 4435 quando
1368 4364 1526 4420 vobis
1552 4364 1673 4420 sine
1701 4362 1832 4420 Jesu
1858 4359 2081 4435 Christo
2113 4365 2354 4433 loquitur
2381 4365 2540 4434 quis;
2572 4364 2759 4435 quiiex
2801 4380 2998 4435 genere
3037 4364 3229 4431 David,
3260 4366 3353 4435 qui
3383 4380 3451 4420 ex
3482 4364 3675 4433 Maria,

408 4432 503 4500 qui
534 4446 659 4485 vere
681 4441 846 4485 natus
875 4442 981 4497 est,
1004 4434 1247 4504 comedit
1275 4442 1330 4488 et
1360 4435 1500 4489 bibit
1524 4453 1538 4501 ;
1576 4450 1703 4489 vere
1729 4434 2165 4504 persecutionem
2186 4432 2506 4504 passus-est
2542 4432 2645 4489 sub
2674 4432 2871 4489 Pontio
2896 4434 3092 4501 Pilato,
3118 4451 3243 4490 vere
3269 4432 3564 4493 cruciﬁxus
3593 4432 3679 4495 est

405 4512 460 4556 et
492 4510 744 4575 mortuus
769 4509 872 4575 est,
899 4502 1295 4575 aspicientibus
1322 4504 1642 4560 ctelestibus
1663 4517 1716 4559 et
1731 4502 2097 4575 terrestribus
2127 4502 2577 4561 et’infernalibus
2605 4524 2617 4557 :
2645 4506 2739 4575 qui
2767 4515 2821 4559 et
2851 4522 2976 4560 vere
3015 4506 3317 4561 resurrexit
3356 4522 3385 4559 a
3419 4511 3673 4573 mortuis,

407 4571 774 4645 resuscitante
801 4571 979 4645 ipsum
1011 4572 1171 4645 Patre
1198 4574 1372 4643 ipsius
1401 4593 1417 4629 :
1446 4576 1540 4643 qui
1569 4584 1624 4629 et
1653 4574 1979 4645 secundum,
2000 4575 2418 4630 similitudinem
2456 4592 2558 4632 nos
2582 4571 2868 4631 credentes
2895 4576 2997 4645 ipsi
3027 4575 3107 4631 sic
3137 4577 3486 4632 resuscitabit
3514 4571 3676 4635 Pater

408 4642 583 4711 ipsius
610 4642 665 4696 in
692 4641 916 4698 Christo
941 4642 1092 4711 Jesu,
1126 4641 1246 4698 sine
1270 4660 1382 4715 quo
1408 4641 1600 4701 verum
1627 4647 1810 4701 vivere
1835 4659 1943 4697 non
1972 4644 2261 4700 habemus.

1874 4737 2107 4794 CAPUT
2146 4738 2214 4793 X.

478 4827 535 4882 Si
557 4837 767 4902 autem,
785 4828 1244 4902 quemadmodum
1268 4831 1497 4902 quidam
1513 4832 1631 4886 sine
1660 4833 1770 4885 Deo
1795 4832 2121 4887 exsistentes
2146 4831 2273 4902 (hoc
2292 4839 2395 4898 est,
2419 4830 2685 4896 inﬁdeles)
2707 4830 2920 4902 dicunt,
2939 4831 3236 4886 secundum
3261 4832 3429 4887 videri
3452 4847 3676 4900 passum

406 4912 527 4954 esse
555 4899 734 4972 ipsum
759 4897 1268 4972 ;Aipsi_exsistentes
1287 4897 1597 4957 secundum
1626 4902 1819 4963 videri,
1858 4917 1961 4972 ego
1994 4902 2124 4971 quid
2156 4897 2720 4972 vinctus'sumiquid
2759 4912 2942 4956 autem
2969 4910 3024 4955 et
3052 4917 3151 4956 oro
3191 4917 3314 4956 cum
3349 4897 3543 4959 bestiis
3579 4921 3679 4965 pu-

406 4970 609 5039 gnare?
646 4967 832 5023 Gratis
863 4969 1030 5039 igitur
1058 4972 1263 5026 morior
1296 4989 1310 5026 :
1344 4984 1476 5041 ergo
1508 4985 1617 5026 non
1640 4967 2026 5041 reprehendar
2052 4971 2323 5027 mendacii
2350 4988 2381 5026 a
2404 4967 2659 5026 Domino.

475 5091 497 5121 °
521 5088 649 5146 lsai.
676 5104 773 5156 LII,
812 5090 867 5145 5.

476 5210 555 5281 (5)
593 5209 672 5265 Ita
709 5226 814 5265 ms.
856 5209 997 5271 Male
1030 5208 1298 5269 Smithius
1333 5231 1346 5267 :
1400 5213 1640 5286 Πραείαν
1673 5213 1985 5267 εὐπάθειαν.

2169 5212 2283 5283 (12)
2333 5213 2406 5268 Ita
2468 5214 2755 5286 legendum
2808 5227 2931 5286 esse
2973 5221 3157 5286 monet
3202 5210 3496 5286 Smithius,
3538 5215 3677 5286 duce

403 5280 519 5335 Jac.

476 5352 553 5425 (6)
596 5350 697 5405 Ms.
725 5352 806 5425 ὃς.
833 5352 1125 5425 Salvianus
1162 5352 1389 5425 coniicit
1429 5355 1487 5425 ἦ.
1533 5353 1784 5421 Vossius,
1826 5353 1987 5410 Cote-

403 5422 572 5494 lerius
620 5432 673 5476 et
717 5422 809 5494 alii
846 5443 858 5476 :
915 5425 963 5478 ὅ.
1003 5422 1119 5477 Cir.
1152 5424 1218 5477 de
1263 5426 1366 5478 lide
1410 5422 1465 5479 et
1502 5426 1766 5480 charitate
1794 5440 1882 5494 ep.
1918 5425 1986 5479 ad

403 5492 715 5564 Epltes._,_c.
736 5492 842 5564 Δ1.1;
870 5495 938 5549 ad
979 5494 1223 5564 Smyrn.,
1248 5508 1297 5548 c.
1333 5496 1386 5549 6.

474 5561 552 5631 (7)
590 5562 707 5618 Cir.
733 5562 925 5619 Matth.
964 5580 1020 5631 ν,
1055 5561 1148 5617 23.

476 5633 554 5705 (ξ)
593 5633 658 5705 '_I:t
691 5636 871 5689 addidi
902 5650 975 5705 ex,
1008 5633 1214 5705 Parall.
1240 5633 1485 5688 Damasc.
1516 5634 1701 5705 Rupef.

476 5702 723 5777 (musa;
746 5706 933 5777 la_udat
962 5702 1293 5777 Theodoret.
1332 5706 1473 5777 Dial.
1508 5705 1547 5773 1,
1658 5702 1748 5761 51.

477 5772 592 5893 (11))
632 5774 744 5828 Cir.
782 5774 880 5844 Ep.
914 5774 1250 5854 ad_Smyrn.,
1277 5792 1326 5828 c.
1357 5776 1407 5830 1.

480 5845 564 5893 lli
634 5845 740 5893 Καί
773 5855 953 5893 exstat
981 5861 1036 5893 ιιι
1072 5854 1205 5893 mm.
1247 5845 1364 5893 .lm-

480 5845 592 5913 (Ill
634 5845 740 5898 Καί
773 5855 953 5899 exstat
981 5846 1037 5899 in
1071 5854 1205 5898 tuto.
1247 5845 1364 5902 .I.\C.

725 5940 1010 6002 PATROL.
1052 5941 1170 6002 Cn.
1212 5944 1283 6003 ν.

2094 5281 2271 5357 veteri
2293 5281 2602 5357 interprete.
2637 5282 2912 5357 Με.,κατὰ
2941 5281 3001 5336 τὸ
3020 5284 3292 5355 ὁμοίωμα,
3326 5283 3383 5346 ὃς
3418 5284 3510 5338 καὶ
3530 5285 3678 5357 ἡμᾶς

2094 5356 2219 5418 τοὺς
2248 5354 2623 5417 πιστεύοντας,
2654 5372 2706 5407 κ.
2736 5354 2785 5406 τ.
2822 5354 2870 5406 λ.

2166 5427 2280 5493 (15)
2320 5425 2435 5479 Cir.
2472 5424 2491 5476 1
2517 5423 2643 5479 Cor.
2673 5440 2763 5485 xv,
2791 5425 2877 5477 49.

2195 5497 2281 5565 14)
2318 5495 2434 5549 Cir.
2467 5494 2737 5565 Joanrgu,
2762 5493 2863 5559 56;
2890 5510 2942 5558 ν,
2974 5494 3075 5560 4ος
3109 5495 3320 5565 Χιν,γ6;
3356 5512 3447 5553 xx.
3472 5500 3567 5565 713.

2194 5563 2281 5635 15)
2325 5566 2539 5635 δοηειιε
2566 5583 2578 5618 :
2613 5563 2801 5618 Nonne
2828 5581 2919 5634 ego
2943 5565 3085 5634 falsa
3114 5565 3177 5618 de
3207 5564 3433 5618 Domino
3461 5564 3673 5635 loquor,

2095 5640 2141 5693 si
2167 5636 2272 5700 illi,
2302 5652 2476 5689 veram
2508 5634 2707 5688 Christi
2738 5644 2960 5689 mortem
2996 5646 3264 5705 negantes,
3296 5652 3415 5689 vero
3447 5634 3675 5705 loquun-

2098 5709 2225 5761 tur?
2249 5706 2392 5760 Mors
2426 5707 2678 5775 meaipsa
2727 5705 2881 5772 falsa:
2925 5706 3182 5759 doctrina:
3219 5715 3294 5759 est
3339 5706 3672 5774 praedicatio.

2099 5778 2157 5832 Si
2181 5792 2313 5832 vero
2349 5786 2471 5846 post
2520 5773 2629 5847 ἆρα
2674 5777 2832 5847 colon
2883 5792 3075 5845 ponas,
3130 5773 3451 5831 vertendum
3499 5777 3605 5833 erit
3656 5796 3672 5833 :

2103 5849 2367 5917 Profecto,
2394 5864 2493 5902 non
2529 5846 2667 5916 falsa
2697 5846 2883 5917 loquor
2917 5848 2978 5902 de
3008 5847 3250 5901 Domino.

3358 5946 3439 6005 2'2
