4134 6406
453 327 553 382 J85
1422 336 1665 395 SANCTI
1704 340 1958 398 IGNATII
2012 344 2371 403 EPISTOLJE
2408 348 2755 407 GENUINAS.

3636 360 3745 417 εει)

1393 460 1481 516 XI.
1518 463 1709 535 Fugite
1737 467 2040 535 mortiferas
2076 468 2389 524 Docetarum
2426 473 2803 540 plantationes.

535 574 728 647 Fugite
755 590 884 647 ergo
913 577 1085 633 malas
1120 582 1465 651 propagines,
1504 600 1625 653 quae
1651 587 1881 655 gignunt
1905 605 2036 641 mor-

2223 593 2454 660 Φεύγετε
2482 590 2575 646 οὖν
2604 594 2700 657 τὰς
2730 592 2905 656 κακὰς
2932 594 3311 664 παραφυάδας,
3340 594 3438 659 τὰς
3468 596 3748 664 γεννώσας

464 665 687 721 tiferum
716 665 976 735 fructum,
1007 685 1169 739 quem
1206 673 1251 727 si
1279 673 1402 743 quis
1427 677 1680 742 gustarit,
1716 679 1902 732 statim
1931 695 2045 734 mo-

464 757 628 811 ritur.
656 756 749 811 Isti
786 758 931 812 enim
972 776 1077 813 non
1111 770 1239 815 sunt
1264 764 1530 832 plantatio
1559 764 1759 821 Patris.
1808 769 1864 821 Si
1902 771 2047 823 enim

464 859 669 913 essent,
695 861 1021 920 apparerent
1052 856 1239 926 utique
1278 860 1415 912 rami
1443 862 1643 923 crucis,
1679 873 1733 915 et
1772 872 1918 917 esset
1946 864 2051 917 uti-

465 958 573 1012 que
597 942 810 997 fructus
851 944 1067 999 illorum
1107 948 1567 1019 incorruptibilis.
1610 952 1713 1007 Per
1750 956 1888 1010 hanc
1919 972 2048 1010 cru.

464 1050 581 1089 cem
615 1036 870 1091 Christus
908 1036 961 1089 in
1002 1041 1261 1107 passione
1292 1057 1389 1095 sua
1419 1043 1613 1098 invitat
1638 1062 1755 1113 vos,
1786 1048 1879 1115 qui
1918 1048 2050 1103 estis

462 1129 709 1185 membra
738 1130 876 1200 ejus.
912 1129 1029 1185 Non
1065 1140 1243 1203 potest
1275 1135 1438 1205 igitur
1472 1147 1635 1207 caput
1672 1153 1919 1195 seorsum
1956 1156 2053 1194 na-

463 1222 543 1275 sci
574 1222 691 1276 sine
723 1222 1007 1283 membris,
1042 1224 1300 1280 unionem
1333 1230 1682 1297 promittente
1707 1228 1837 1295 Deo,
1856 1232 1950 1301 qui
1972 1242 2056 1287 est

463 1326 478 1363 ι
486 1328 602 1381 pse.

2158 684 2365 754 καρπὸν
2393 684 2783 756 Θανατηφόρον,
2814 680 2873 740 οῦ
2911 686 3004 739 ἐὰν
3026 686 3286 755 γεύσηταί
3324 703 3425 749 τις,
3449 689 3581 758 παρ’
3605 688 3749 741 αὐτὰ

2158 775 2509 845 ἀποθνήσκει.
2541 771 2698 829 Οὗτοι
2729 775 2838 847 γάρ
2865 776 2967 829 οὐκ
2996 777 3139 828 εἰσὶν
3165 776 3273 846 (16)
3304 776 3494 844 φυτεία
3511 778 3743 849 Πατρός.

2157 871 2219 922 Εἰ
2247 869 2355 939 γὰρ
2384 865 2543 939 ἦσαν,
2594 869 2875 937 ἐφαίνοντο
2909 869 2974 922 ἂν
3013 869 3198 923 κλάδοι
3226 870 3321 922 τοῦ
3354 870 3609 941 σταυροῦ,
3650 870 3745 923 καὶ

2155 956 2223 1029 ἦν
2252 960 2317 1012 ἂν
2345 962 2372 1011 ό
2398 959 2609 1030 καρπὸς
2635 959 2813 1013 αὐτῶν
2839 959 3134 1032 ἄφθαρτος·
3168 961 3235 1013 δι’
3277 956 3337 1015 οὗ
3376 962 3434 1014 ἐν
3476 962 3552 1031 τῷ
3584 960 3745 1013 πάθει

2158 1053 2323 1107 αὐτοῦ
2382 1052 2767 1123 προσκαλεῖται
2820 1054 2983 1124 ὑμᾶς,
3035 1054 3195 1117 ὄντας
3250 1055 3385 1125 μέλη
3431 1054 3615 1107 αὐτοῦ.
3667 1054 3745 1105 Οὐ

2158 1147 2381 1200 δύναται
2417 1142 2509 1199 οὖν
2554 1147 2765 1218 κεφαλὴ
2808 1149 2977 1219 χωρὶς
3016 1148 3342 1219 γεννηθῆναι
3375 1151 3501 1204 ἄνευ
3544 1148 3741 1219 μελῶν,

2158 1236 2251 1290 τοῦ
2266 1236 2400 1290 Θεοῦ
2434 1237 2624 1290 ἕνωσιν
2654 1237 3120 1307 ἐπαγγελλομένου
3139 1236 3271 1308 (17),
3307 1238 3364 1300 ὃς
3391 1239 3537 1289 ἐστιν
3560 1238 3738 1299 αὑτός.

1558 1433 1677 1491 XII.
1713 1436 1922 1491 Manete
1960 1438 2012 1490 in
2040 1440 2244 1494 unitate
2274 1451 2322 1494 et
2355 1440 2633 1493 charitate.

536 1549 729 1606 Saluto
764 1566 860 1607 vos
892 1568 921 1607 e
966 1552 1234 1623 Smyrna,
1280 1569 1390 1609 una
1440 1569 1567 1609 cum
1610 1554 1869 1610 Ecclesiis
1920 1553 2039 1620 Dei,

461 1656 585 1712 quae
617 1658 833 1699 mecum
873 1654 1026 1710 sunt,
1052 1660 1174 1715 qua:
1206 1645 1259 1699 in
1303 1646 1559 1702 omnibus
1603 1662 1691 1701 me
1727 1659 2043 1703 recrearunt

460 1734 646 1805 quoad
707 1750 905 1805 corpus
964 1744 1019 1790 et
1058 1736 1332 1805 spiritum.
1408 1735 1637 1792 Vincula
1696 1752 1860 1803 mea,
1919 1753 2041 1807 qua:

2204 1557 2541 1628 Ἀσπάζομαι
2557 1558 3109 1645 ὑμᾶςάπδΣμύρνης,
3133 1557 3247 1628 ἅμα
3271 1561 3391 1623 ταῖς
3421 1560 3737 1631 συμπαρού-

2147 1650 2388 1721 σαις(18)
2405 1668 2493 1721 μοι
2510 1648 2855 1720 Ἑκκλησίαις
2877 1649 2971 1703 τοῦ
3002 1647 3162 1713 Θεοῦ,
3180 1649 3288 1721 (19)
3316 1652 3365 1703 οἳ
3392 1650 3533 1705 κατά
3559 1653 3738 1705 πάντα

2151 1761 2217 1815 με
2265 1741 2580 1795 ἀνέπαυσαν
2626 1741 2789 1813 σαρκί
2837 1758 2894 1793 τε
2936 1741 3031 1794 καὶ
3075 1741 3365 1812 πνεύματι.
3422 1743 3743 1814 Παρακαλεῖ

459 1837 682 1898 propter
706 1826 893 1884 Jesum
921 1828 1196 1883 Christum
1222 1828 1365 1892 fero,
1416 1844 1513 1885 vos
1564 1829 2036 1899 obsecrant:per-

2148 1836 2289 1904 ὑμᾶς
2340 1833 2410 1885 τὰ
2457 1831 2631 1903 δεσμά
2682 1849 2782 1902 μου
2826 1831 2935 1902 (20)
2982 1831 3017 1885 ἃ
3054 1832 3241 1885 ἕνεκεν
3292 1833 3466 1903 Ἰησοῦ
3502 1830 3739 1905 Χριστόῦ

460 1930 682 1976 manete
730 1922 787 1975 in
838 1922 1133 1977 concordia
1192 1931 1374 1977 vestra
1421 1932 1475 1976 et
1525 1923 1773 1977 oratione
1823 1932 2036 1976 mutua.

2148 1925 2446 1996 περιφέρω,
2482 1922 2801 1992 αἰτούμενος
2836 1922 2972 1975 Θεοῦ
3020 1924 3315 1993 ἐπιτυχεῖψ
3356 1924 3638 1994 διαμένετε
3682 1927 3741 1979 ἐν

461 2011 627 2068 Decet
655 2013 800 2067 enim
826 2013 1072 2083 singulos
1098 2022 1341 2068 vestrum
1363 2055 1377 2080 ,
1410 2021 1464 2067 et
1494 2016 1766 2083 praacipue
1805 2014 2036 2083 presby-

2148 2020 2209 2087 τῇ
2267 2016 2489 2086 ὁμονοίᾳ
2542 2013 2697 2085 ὑμῶν
2740 2015 2833 2066 καὶ
2880 2017 2947 2086 τῇ
2991 2016 3107 2085 μετ’
3152 2015 3399 2086 ἀλλήλων
3434 2020 3736 2089 προσευχῇ.

456 2113 628 2170 teros,
656 2118 905 2159 recreare
937 2103 1280 2173 episcopum,
1314 2104 1368 2157 in
1401 2106 1660 2160 honorem
1684 2104 1882 2171 Patris,
1909 2104 2036 2160 Jesu

2148 2109 2351 2181 Πρέπει
2403 2107 2511 2179 γὰρ
2556 2108 2684 2177 ὑμῖν
2731 2109 2843 2169 τοῖς
2874 2106 2995 2159 καθ’
3034 2107 3154 2171 ἐνα,
3188 2108 3298 2178 (21)
3323 2108 3617 2179 ἐξαιρέτως
3644 2111 3740 2162 καὶ

456 2196 664 2252 Christi
712 2207 768 2252 et
815 2196 1207 2266 apostolorum.
1240 2197 1412 2269 Opto,
1462 2206 1524 2251 ut
1560 2198 1615 2252 in
1648 2198 1914 2253 charitate
1953 2213 2036 2252 me

2148 2204 2256 2263 τοῖς
2286 2198 2697 2271 πρεσϐυτέροις,
2722 2197 3015 2267 ἀναψύχειν
3038 2198 3129 2250 τὸν
3155 2199 3452 2253 ἐπίσκοπον
3474 2203 3553 2263 εἰς
3573 2202 3741 2273 τιμὴν

457 2290 720 2353 audiatis,
753 2304 842 2353 ne,
870 2290 985 2345 haec
1020 2290 1295 2355 scribens,
1336 2291 1393 2345 in
1426 2291 1806 2346 testimonium
1846 2299 2036 2345 contra

2148 2294 2376 2365 Πατρος,
2423 2290 2597 2362 Ἰησοῦ
2636 2289 2874 2361 Χριστοῦ
2916 2291 3011 2343 καὶ
3050 2292 3159 2343 τῶν
3191 2291 3521 2345 ἀποστόλων.
3562 2292 3736 2363 Εῦχο-

456 2396 557 2436 vos
587 2383 713 2436 sim.
744 2380 851 2436 Sed
889 2393 943 2437 et
985 2392 1139 2437 orate
1170 2397 1271 2452 pro
1300 2398 1422 2448 me,
1472 2383 1567 2453 qui
1592 2384 1649 2437 in
1690 2382 1786 2437 Dei
1819 2382 2036 2437 miseri-

2148 2402 2244 2456 μαι
2271 2386 2415 2455 ὑμᾶς
2435 2385 2493 2435 ἐν
2517 2383 2707 2453 ἀγάπῃ
2736 2380 2965 2433 ἀκοῦσαί
2992 2398 3115 2451 μου,
3143 2382 3231 2435 ἵνα
3259 2381 3333 2453 μὴ
3356 2385 3435 2445 εἰς
3458 2382 3568 2453 (22)
3596 2401 3737 2455 μαρ-

458 2474 645 2530 cordia
663 2474 932 2529 charitate
951 2483 1133 2529 vestra
1160 2474 1397 2544 indigeo,
1415 2484 1475 2529 ut
1501 2476 1698 2546 dignus
1722 2476 1845 2529 tiam
1871 2484 2036 2539 sorte,

2148 2475 2329 2546 τῦριον
2365 2468 2409 2527 ὦ
2454 2474 2511 2525 ἐν
2551 2474 2679 2543 ὑμῖν
2720 2470 2953 2543 γράψας.
2993 2472 3104 2523 Καὶ
3149 2472 3277 2541 περὶ
3303 2470 3438 2542 ἐμοῦ
3474 2473 3530 2525 δὲ
3568 2490 3737 2545 προσ-

458 2579 584 2635 qum
605 2581 695 2621 me
721 2575 899 2621 morte
939 2567 1422 2637 appropinquante
1468 2567 1823 2631 circumstat,
1859 2581 1928 2620 ne
1953 2580 2036 2619 re~

2148 2564 2393 2635 εύχεσοε,
2433 2564 2533 2634 τῆς
2579 2565 2672 2632 ἀφ’
2722 2561 2876 2633 ὑμῶν
2931 2562 3154 2631 ἀγάπης
3205 2561 3499 2633 χρῄζοντος
3552 2564 3609 2616 ἐν
3658 2562 3737 2634 τῷ

459 2659 670 2729 probus
700 2659 973 2714 inveniar.

2148 2656 2286 2709 ἐλέει
2318 2655 2413 2708 τοῦ
2443 2652 2599 2718 Θεοῦ,
2640 2655 2719 2717 εἰς
2741 2652 2800 2705 τὸ
2831 2651 3231 2722 καταξιωθῆναι
3265 2669 3332 2723 με
3366 2652 3461 2705 τοῦ
3508 2653 3734 2725 κλήρου,

2146 2746 2208 2805 οὗ
2254 2751 2366 2821 (⁸25)
2418 2749 2737 2820 περίκειμαι
2784 2748 3077 2817 ἐπιτυχεῖν,
3111 2746 3197 2799 ἵνα
3242 2746 3317 2817 μὴ
3346 2746 3602 2817 ἀδόκιμος
3640 2748 3733 2800 εὑ-

2128 2897 2134 2905 ,
2152 2842 2315 2915 ρεοῶ.

1412 2944 1551 2999 XIII.
1600 2944 1801 3009 Valete,
1835 2951 1983 2997 orate
2017 2956 2111 3011 pro
2142 2938 2383 2993 Ecclesia
2423 2935 2616 3006 Syrias,
2650 2944 2756 2991 etc.

528 3067 747 3124 Salutat
781 3083 881 3124 vos
932 3069 1172 3124 charitas
1216 3067 1626 3141 Smyrmeorum
1683 3076 1738 3123 et
1770 3066 2036 3136 Ephesio-

2227 3059 2559 3124 Ἀσπάζεται
2600 3059 2745 3129 ὑμᾶς
2780 3058 2814 3129 ἠ
2855 3056 3042 3126 ἀγάπη
3085 3056 3404 3127 Σμυρναίων
3432 3054 3528 3110 καὶ
3569 3056 3727 3125 Ἐφε-

456 3176 601 3217 rum.
618 3159 887 3218 Memores
913 3170 1089 3217 estote
1113 3162 1167 3215 in
1192 3162 1447 3216 omnibus
1474 3160 1818 3215 orationibus
1843 3158 2036 3213 vestris

2148 3154 2297 3208 σίων.
2342 3152 2726 3223 Μνημονεύετε
2750 3150 2808 3202 ἐν
2844 3153 2965 3212 ταῖς
2995 3152 3327 3220 προσευχαῖς
3358 3150 3509 3220 ὑμῶν
3542 3149 3641 3220 τῆς
3671 3151 3732 3203 ἐν

458 3254 715 3314 Ecclesia:
757 3270 878 3324 qua:
920 3264 1004 3308 est
1053 3252 1106 3307 in
1155 3252 1344 3323 Syria;
1378 3252 1445 3305 de
1494 3266 1601 3321 qua
1644 3260 1697 3304 et
1745 3265 1850 3303 non
1904 3263 2025 3303 sum

2148 3248 2307 3319 Συρία
2349 3244 2695 3315 Ἐκκλησίας·
2727 3243 2847 3297 ὅθεν
2868 3243 2963 3297 καὶ
2993 3242 3093 3295 οὐκ
3121 3241 3271 3309 ἄξιός
3315 3244 3429 3313 εἰμι
3456 3241 3731 3310 λέγεσθαι,

457 3345 657 3417 dignus
686 3345 779 3423 qui
808 3345 989 3422 dicar,
1031 3343 1122 3413 qui
1167 3344 1271 3398 sim
1327 3357 1519 3397 eorum
1568 3342 1813 3395 ultimus.
1850 3337 2036 3393 Valete

2148 3334 2220 3390 ὣν
2268 3336 2492 3406 ἔσχατος
2536 3334 2779 3388 ἐκείνων.
2836 3332 3118 3405 Ἔρρωσθε
3168 3332 3225 3385 ἐν
3283 3331 3459 3403 Ἰησοῦ
3489 3330 3731 3405 Χριστῷ,

1779 3511 1954 3570 Vetus
1988 3509 2323 3587 interpres.

1917 3637 2147 3694 CAPUT
2190 3637 2280 3691 XI.

521 3757 714 3832 Fugite
746 3776 875 3832 ergo
908 3760 1083 3817 malas
1114 3761 1463 3832 propagines,
1500 3770 1823 3832 generantes
1860 3758 2099 3814 fructum
2147 3758 2534 3832 mortiferum;
2566 3772 2727 3827 quem
2763 3757 2808 3832 _si
2847 3765 3027 3832 gustet
3057 3754 3211 3825 quis,
3248 3754 3435 3832 statim
3472 3754 3725 3832 mpritur.

451 3828 547 3905 Isti
570 3824 721 3905 enim
749 3824 857 3887 noun
887 3824 1317 3905 suntgpla'nta'tio"
1336 3824 1537 3886 Patris.
1565 3830 1627 3905 Si
1653 3832 1797 3885 enim
1829 3840 2043 3905 essent,
2075 3840 2397 3905 apparerent
2430 3824 2618 3898 utique
2644 3828 2781 3882 rami
2812 3824 3016 3905 erucis,
3041 3824 3095 3880 et
3126 3834 3272 3905 esset
3304 3826 3490 3905 utique
3516 3824 3729 3905 fruetus

452 3901 673 3957 illorum
709 3893 1142 3972 incorruptibilis
1178 3921 1191 3955 :
1232 3918 1329 3970 per
1358 3917 1558 3972 quem,
1616 3903 1669 3954 in
1704 3901 1964 3972 passione
2006 3893 2179 3969 ipsius
2203 3942 2218 3965 ,
2272 3901 2503 3954 advocat
2530 3893 2646 3952 'vos
2670 3941 2684 3964 ,
2722 3898 3048 3972 essistentes
3082 3896 3330 3951 membra
3374 3893 3571 3966 ipsius.
3604 3893 3726 3949 Non

452 3980 632 4040 potest
664 3972 826 4042 igitur
854 3967 1021 4043 caput
1054 3972 1206 4027 nasci
1234 3967 1660 4027 sine—membris
1682 3967 1847 4037 {Deo
1875 3967 2133 4025 unionem
2164 3972 2601 4040 repromittente,
2632 3967 2779 4038 quod
2810 3976 2895 4023 est
2925 3968 3060 4037 ipse.

1892 4140 2122 4196 CAPUT
2160 4141 2309 4226 xu,

522 4258 713 4315 Saluto
741 4274 840 4315 vos
871 4275 902 4315 a
937 4259 1192 4330 Smyrna,
1215 4275 1339 4330 cum
1382 4260 1872 4329 comprazsentibus
1916 4261 2053 4315 mihi
2103 4259 2365 4317 Ecclesiis
2422 4260 2551 4328 Dei;
2579 4260 2698 4330 iqui
2735 4258 3038 4330 secundum
3074 4258 3260 4314 omnia
3307 4272 3399 4313 me
3418 4258 3725 4330 _quies_cere

449 4329 695 4401 fecerunt
730 4345 893 4385 carne
922 4340 976 4385 et
1023 4327 1236 4399 spiritu.
1268 4327 1638 4400 Deprecahtur
1672 4346 1769 4385 vos
1818 4331 2030 4387 vincula
2067 4347 2210 4398 mea,
2260 4348 2383 4401 quae
2432 4347 2531 4401 pro
2566 4327 2696 4385 Jesu
2743 4330 2962 4385 Christo
3016 4329 3154 4397 fero,
3193 4338 3381 4401 petens
3417 4327 3531 4383 Deo
3586 4328 3717 4401 frui.

449 4400 772 4455 Permanete
807 4400 859 4453 in
891 4398 1185 4455 concordia
1215 4398 1418 4465 vestra,
1453 4409 1503 4454 et
1535 4416 1597 4454 ea
1630 4416 1752 4470 qua:
1780 4416 1906 4455 cum
1938 4403 2245 4456 adinvicem
2279 4398 2564 4456 oratione.
2616 4401 2779 4456 Decet
2821 4401 2967 4455 enim
3012 4416 3110 4456 vos
3144 4398 3411 4470 singulos,
3442 4399 3719 4470 praecipue

447 4481 503 4546 et
526 4472 894 4546 presbyteros,
926 4471 1255 4541 refrigerare
1281 4471 1600 4546 episcopum
1622 4468 1724 4546 ,'_in
1756 4472 2021 4546 honorem
2053 4471 2255 4546 Patris,
2281 4470 2409 4546 Jc_s_u
2447 4470 2654 4546 Christi
2676 4511 2691 4536 ,
2725 4479 2780 4524 et
2805 4470 3199 4539 apostolorum.
3233 4468 3345 4523 Oro
3370 4484 3469 4523 vos
3500 4469 3555 4522 in
3587 4468 3720 4546 c_h_a-

447 4538 611 4597 ritate
642 4538 832 4595 audire
872 4555 980 4606 me,
1031 4538 1091 4594 ut
1134 4555 1242 4593 non
1292 4538 1344 4594 in
1404 4538 1779 4595 testimonium
1826 4544 1930 4596 sim
1976 4544 2032 4596 in
2061 4543 2216 4599 vobis
2244 4538 2517 4597 'seribens.
2546 4540 2652 4595 Sed
2680 4549 2734 4595 et
2774 4538 2876 4610 pro
2906 4556 2995 4595 me
3023 4549 3283 4610 orateea,
3308 4550 3431 4608 qua:
3469 4552 3500 4592 a
3537 4538 3718 4601 vobis,

448 4612 716 4736 ﬁliaritate
746 4611 1021 4691 indigente
1051 4611 1106 4664 in
1130 4610 1505 4666 misericordia
1545 4610 1663 4679 Dei,
1697 4612 1764 4667 ad
1793 4612 2099 4683 digniﬁcari
2130 4629 2217 4669 me
2249 4611 2353 4684 [in]
2376 4612 2712 4669 haereditate.
2743 4608 2850 4680 qua
2878 4626 3052 4666 conor
3079 4608 3267 4681 potiri,
3297 4618 3358 4663 ut
3388 4622 3497 4664 non
3531 4623 3720 4678 repro-

489 4698 553 4736 us
591 4696 859 4736 mvemar.
985 4734 988 4736 λ

489 4698 553 4737 US
591 4696 859 4736 mvemar.

954 4734 989 4745 ΑΔ

1873 4797 2104 4855 CAPUT
2141 4798 2279 4853 XIII.

510 4916 732 4989 Salutat
758 4916 1125 4989 voscharitas
1158 4916 1564 4989 Smyrnaeorum
1590 4928 1643 4973 et
1675 4917 2061 4989 Ephesiorum.
2108 4920 2437 4975 Mementote
2471 4921 2522 4973 in
2555 4918 2900 4989 orationibus
2934 4918 3132 4989 vestris
3160 4916 3433 4989 ejusquae
3464 4916 3521 4989 in
3559 4914 3715 4987 Syria

442 4987 734 5053 Ecclesiae;
760 4987 906 5041 unde
932 5001 1041 5041 non
1067 4986 1270 5055 dignus
1295 5005 1415 5043 sum
1443 4990 1549 5044 dici
1568 5026 1582 5051 ,
1599 4986 1868 5045 exsistens
1894 5000 2172 5047 extremus
2202 4992 2441 5045 illorum.
2468 4990 2657 5044 Valete
2682 4991 2734 5043 in
2758 4988 2889 5043 Jesu
2914 4988 3157 5054 Christo,
3183 4986 3411 5055 subjecti
3440 4988 3715 5055 episcopo,

444 5068 507 5113 ut
542 5057 637 5112 Dei
688 5058 970 5124 mandato,
996 5056 1250 5114 similiter
1284 5068 1337 5115 et
1366 5060 1725 5130 presbyterio.
1776 5060 1843 5113 Et
1891 5062 2095 5133 singuli
2134 5061 2438 5117 adinvicem
2483 5060 2691 5132 diligite
2710 5060 2781 5119 jn
2812 5058 3135 5129 impartibili
3182 5058 3367 5112 corde.
3402 5056 3716 5111 Castilicate

2050 5243 2095 5299 D
2133 5236 2421 5307 interpres,
2451 5240 2560 5311 qui.

2195 5313 2309 5383 (20)
2342 5308 2472 5383 Cir.
2496 5311 2695 5380 Ephes.
2726 5326 2803 5375 vt,
2833 5309 2938 5375 20;
2978 5308 3304 5383 Coloss._tv,
3337 5308 3391 5383 5.

2188 5376 2301 5453 (21)
2340 5376 2653 5453 Legendum
2677 5382 2888 5453 videtur
2910 5382 3007 5453 καὶ
3037 5379 3350 5453 ἐξαιρέτως.
3379 5376 3498 5435 Jac.

2192 5450 2305 5523 (22)
2344 5450 2455 5506 Cir.
2498 5450 2597 5521 Ep.
2635 5453 2704 5507 ad
2734 5450 2972 5516 Philad.,
2997 5466 3046 5505 c.
3083 5452 3136 5505 6.

2191 5517 2305 5593 (25)
2349 5524 2425 5578 Ita
2470 5517 2575 5577 ms.
2622 5522 2880 5578 Nonnulli
2934 5529 3241 5575 mutarunt.
3275 5517 3532 5575 Vedelius
3582 5517 3713 5593 legit

2120 5588 2484 5665 παράκειμαι,
2582 5608 2629 5668 e.
2652 5594 2985 5668 propinquus
3006 5607 3383 5668 sumzquant
3408 5588 3712 5668 propediem

2118 5661 2449 5789 soiisequa'r;
2505 5663 2815 5729 Smithius,
2859 5661 3226 5733 ὑπόκειμαι,
3290 5662 3377 5716 cui
3439 5661 3713 5729 subjecto.

2152 5750 2239 5789 ac.

2152 5750 2239 5791 AC.

611 5314 629 5377 )
678 5306 754 5360 Ita
787 5323 913 5371 ωε..
944 5308 1314 5377 testimonium
1348 5309 1609 5364 doctrinae
1634 5310 1700 5363 de
1730 5310 2011 5365 divinitate

441 5376 648 5435 Christi
687 5378 974 5449 exhibens.
1009 5376 1129 5433 Vet.
1180 5381 1469 5448 interpres,
1521 5380 1661 5449 quod
1677 5396 1696 5445 ;
1759 5382 1853 5435 sed
1903 5398 2010 5435 non

441 5460 545 5573 cit,
579 5450 725 5589 qﬁuod
760 5464 883 5505 cum
916 5446 1113 5504 Vossio
1145 5446 1423 5504 mutemus
1469 5446 1635 5515 δήιοι
1672 5466 1799 5505 cum
1835 5451 2016 5505 Aldri-

441 5535 472 5573 c
516 5536 567 5574 I0
638 5558 651 5573 .

441 5535 741 5659 cuiisi'ua
781 5601 929 5647 recte
967 5591 1171 5647 habent
1209 5591 1565 5661 interpolator
1610 5600 1661 5647 et
1694 5600 1802 5646 vet.
1849 5592 2017 5645 inter-

441 5674 584 5713 ores.
611 5659 738 5713 M5,.
774 5678 893 5713 μου.

439 5674 584 5729 pres.
611 5674 738 5724 ms.,
772 5678 893 5732 μου.

511 5730 623 5798 (19)
669 5728 862 5785 Melius
890 5732 968 5793 αῖ,
1005 5734 1097 5787 sed
1130 5742 1347 5787 nonest
1381 5733 1724 5786 mutandum.
1769 5730 2015 5801 Ignatius

438 5801 587 5871 enim
611 5801 678 5857 ad
707 5804 891 5856 missos
926 5802 1289 5858 Eeclesiarum
1322 5802 1540 5859 illarum
1569 5803 1819 5858 advertit.
1850 5802 2013 5859 Vetus

545 5235 628 5305 16)
666 5235 781 5290 Cfr.
814 5236 1005 5291 Matth.
1048 5253 1137 5303 xv,
1172 5238 1255 5292 15.

511 5237 641 5380 (17)»
678 5306 913 5380 Itams.,
944 5308 1255 5380 testimonio

586 5322 601 5358 Α
