4134 6392
488 424 589 478 687
1488 419 1732 475 SANCTI
1762 418 2014 476 IGNA'I‘II
2060 418 2421 475 EPISTOLJE
2460 419 2815 479 GENUINIE.
3644 425 3749 482 688

484 554 568 601 est
590 542 941 616 principium,
971 542 1015 596 si
1040 543 1269 610 gratiam
1298 558 1627 613 consequar,
1649 558 1850 600 sortem
1882 560 2056 599 meam
2089 550 2116 606 Α

2119 569 2134 607 ι
2159 546 2511 617 οικονόμητός
2536 549 2702 611 ἐστιν,
2740 548 2851 619 (55)
2882 546 2977 602 ἐάν
3005 565 3107 621 περ
3138 548 3354 620 χάριτος
3379 549 3639 620 ἐπιτύχω,
3670 552 3751 614 εἰς

483 638 603 692 sine
639 635 1031 705 impedimento
1055 636 1377 705 accipiendi.
1410 635 1601 691 Timeo
1635 639 1777 692 enim
1821 649 2057 694 vestram

2162 638 2221 689 τὸ
2250 637 2341 689 τὸν
2370 638 2569 710 κλῆρόν
2599 657 2699 710 μου
2728 641 3138 712 ἀνεμποδίστως
3167 641 3480 695 ἀπολαϐεῖν.
3513 642 3624 713 (56)
3649 644 3751 695 Φο-

483 727 831 791 charitatem,
860 740 929 778 ne
976 738 1040 794 _ea
1079 726 1213 779 mihi
1264 736 1477 779 noceat.
1511 726 1673 781 Vobis
1707 729 1852 782 enim
1901 729 2062 786 facile

2160 728 2360 799 ϐοῦμαι
2386 730 2495 802 γὰρ
2522 731 2619 801 τὴν
2656 730 2809 801 ὑμῶν
2833 733 3075 802 ἀγάπην,
3107 733 3180 805 μὴ
3222 734 3358 805 αὐτή
3390 751 3455 804 με
3488 734 3744 805 ἀδικήσῃ.

483 828 588 884 est,
623 819 771 889 quod
808 818 979 872 vultis
1007 817 1185 873 facere
1210 834 1224 883 ;
1252 818 1384 872 mihi
1419 820 1783 875 verodillicile
1819 832 1905 876 est
1956 822 2067 877 Deo

2166 819 2327 889 Ὑμῖν
2355 819 2461 891 γὰρ
2489 820 2713 891 εὐχερές
2740 824 2909 888 ἐστιν,
2950 824 2977 875 ὂ
3006 822 3188 876 θέλετε
3239 824 3497 893 ποιῆσαι·
3534 822 3655 895 ἐμοὶ
3690 824 3747 877 δὲ

482 910 667 983 potiri,
701 909 748 965 si
776 923 875 965 vos
907 908 1039 961 mihi
1068 922 1295 978 parcere
1327 910 1578 963 studctis.

2155 910 2411 963 δύσκολόν
2437 913 2552 964 ἐστι
2579 910 2671 963 τοῦ
2705 913 2842 965 Θεοῦ
2874 917 3179 985 ἐπιτυχεῖν,
3209 914 3411 987 ἐάνπερ
3442 915 3601 985 ὑμεῖς
3630 914 3746 985 (57)

2161 1000 2425 1072 φείσησθὲ
2460 1019 2584 1073 μου.

1649 1111 1711 1165 ll.
1742 1110 1923 1169 Nolite
1952 1132 2033 1169 me
2061 1120 2315 1189 martyrio
2345 1120 2562 1187 eripere.

550 1233 687 1289 Nolo
714 1235 859 1289 enim
884 1233 1039 1288 vobis
1068 1242 1327 1302 tanquam
1354 1233 1671 1287 hominibus
1695 1233 1932 1303 placere,
1959 1237 2056 1291 sed

2238 1239 2346 1309 (58)
2389 1240 2463 1291 Οὐ
2506 1241 2612 1311 γὰρ
2655 1240 2792 1294 θέλω
2831 1243 2959 1313 ὑμῖν
2996 1243 3563 1317 ἀνθρωπαρεσκῆσαι,
3607 1245 3743 1301 ἀλλὰ

481 1328 594 1382 Deo
629 1327 862 1397 placere,
893 1326 1359 1395 quemadmodum
1385 1336 1439 1380 et
1475 1341 1572 1381 vos
1598 1326 1646 1381 ei
1676 1327 1921 1395 placetis.
1948 1327 2059 1385 Nec

2164 1330 2283 1401 Θεῷ
2310 1330 2529 1401 ἀρέσαι,
2565 1331 2753 1405 ὥσπερ
2780 1338 2873 1389 καὶ
2901 1336 3183 1408 ἀρέσκετε.
3222 1338 3295 1391 Οὐ
3336 1339 3442 1410 γὰρ
3473 1336 3584 1407 ἐγώ
3612 1355 3744 1392 ποτε

480 1419 625 1479 enim
668 1433 769 1490 ego
816 1434 1057 1488 unquam
1087 1419 1193 1473 tale
1221 1427 1437 1487 tempus
1474 1417 1586 1474 Deo
1620 1420 1860 1489 potiendi
1894 1422 2059 1475 attin-

2164 1427 2270 1493 ἔξω
2296 1430 2483 1501 καιρὸν
2522 1427 2760 1481 τοιοῦτον
2796 1428 2929 1481 Θεοῦ
2957 1432 3251 1499 ἐπιτυχεῖν
3282 1428 3403 1483 οὕτε
3442 1433 3619 1499 ὑμεῖς,
3648 1432 3742 1485 ἐὰν

478 1528 640 1581 gam;
698 1526 797 1565 nec
828 1525 927 1565 vos
950 1550 963 1575 ,
995 1510 1040 1565 si
1074 1510 1337 1566 silueritis
1357 1553 1372 1576 ,
1404 1510 1614 1565 meliori
1647 1512 1797 1580 operi
1835 1512 2058 1567 inscribi

2168 1522 2502 1591 σιωπήσητε,
2530 1521 2798 1593 κρείττονι
2829 1520 2974 1591 ἔργῳ
3001 1520 3152 1590 ἔχετε
3182 1522 3569 1592 ἐπιγραφῆναι.
3616 1524 3742 1577 Ἐὰν

477 1604 747 1675 poteritis.
780 1602 837 1657 Si
870 1604 1016 1657 enim
1047 1602 1114 1657 de
1142 1618 1229 1657 me
1264 1603 1525 1658 silueritis
1545 1645 1560 1672 ,
1589 1619 1689 1674 ego
1749 1603 1843 1658 Dei
1890 1605 2053 1671 fiam;

2165 1615 2275 1687 γὰρ
2319 1617 2632 1687 σιωπήσητε
2670 1616 2782 1685 (39)
2808 1615 2904 1668 ἀπ’
2942 1616 3109 1687 ἐμοῦ,
3142 1616 3252 1687 (40)
3290 1615 3399 1683 ἐγὼ
3444 1620 3740 1687 γενήσομαι

480 1698 524 1751 si
554 1706 733 1751 autem
760 1709 983 1750 carnem
1015 1709 1191 1750 meam
1224 1696 1559 1763 amaveritis,
1584 1696 1763 1751 denuo
1794 1696 1926 1749 mihi
1954 1698 2056 1752 erit

2165 1706 2330 1758 Θεοῦ·
2357 1708 2451 1761 ἐὰν
2476 1708 2533 1760 δέ
2576 1707 2843 1779 ἐρασθῆτε
2886 1710 2983 1779 τῆς
3026 1711 3225 1783 σαρκός
3260 1726 3358 1780 μου
3378 1748 3391 1773 ,
3419 1708 3579 1761 πάλιν
3620 1709 3739 1761 ἐσο-

480 1787 838 1843 curreudum.
893 1786 1077 1842 Nolite
1118 1787 1241 1856 plus
1300 1788 1432 1842 mihi
1486 1788 1757 1859 praebere,
1799 1804 1963 1858 quam
1996 1800 2055 1845 ut

2167 1815 2265 1867 μαι
2294 1798 2406 1871 (4i)
2436 1800 2663 1873 τρέχων.
2697 1800 2862 1854 Πλέον
2888 1818 2976 1870 μοι
3012 1801 3085 1872 μὴ
3122 1800 3473 1872 παράσχησθε
3510 1801 3602 1855 τοῦ
3629 1802 3741 1873 (42)

479 1880 732 1935 i-tnrnoler
775 1880 920 1943 Deo,
962 1880 1093 1935 dum
1133 1880 1312 1933 adhuc
1362 1881 1534 1935 altare
1563 1890 1815 1950 paratum
1846 1891 1961 1947 est;
1995 1892 2054 1936 ut
2090 1957 2111 1966 θ

2108 1960 2126 1966 1
2163 1891 2546 1961 σπονδισθῆναι
2562 1891 2701 1962 Θεῷ,
2723 1892 2799 1955 ὡς
2825 1892 2904 1945 ἔτι
2928 1892 3309 1966 Θυσιαστήριον
3334 1894 3549 1964 ἕτοιμόν
3569 1897 3740 1948 ἐστιν’

477 1973 535 2025 in
567 1972 836 2027 charitate
863 1972 1067 2027 chorus
1097 1970 1271 2026 effecti
1299 1973 1508 2028 canatis
1549 1971 1697 2026 Patri
1734 1974 1788 2027 in
1834 1973 2055 2028 Christo
2090 1957 2109 2011 Ῐ

2111 1960 2245 2036 3i'va
2295 1987 2353 2037 ἐν
2392 1957 2583 2059 diem
2629 1957 2787 2056 χορὸς
2832 1987 3108 2057 γενόμενοι
3156 1957 3325 2058 ᾇσητε
3374 1957 3650 2060 τῷᾚατρὶ
3685 1990 3743 2040 ἐν

475 2064 627 2132 Jesu,
659 2066 807 2135 quod
834 2064 979 2119 Deus
1008 2066 1329 2135 episcopum
1375 2064 1545 2136 Syria:
1577 2065 1801 2137 dignum
1839 2066 2055 2135 judica-

2158 2076 2379 2148 Χριστῷ
2417 2078 2613 2149 Ἰησοῦ,
2650 2077 2761 2149 (45)
2784 2080 2865 2132 ὅτι
2902 2079 2991 2132 τὸν
3021 2080 3316 2133 ἐπίσκοπον
3337 2082 3534 2152 Συρίας
3555 2083 3583 2134 ό
3611 2080 3744 2143 Θεὸς

475 2162 637 2226 verit,
674 2158 769 2229 qui
806 2158 874 2211 ab
913 2156 1136 2212 Oriente
1165 2159 1218 2212 in
1246 2158 1595 2213 Occidentem
1641 2159 1939 2214 arcessitus
1966 2161 2055 2213 inc

2159 2166 2496 2238 κατηξίωσεν
2540 2169 2829 2243 εὑρεθῆναι
2870 2172 2949 2234 είς
2990 2172 3140 2224 δύσιν
3179 2170 3288 2225 ἀπὸ
3320 2171 3585 2241 ἀνατολῆς
3629 2171 3741 2245 (44)

474 2252 771 2306 veniretur.
801 2250 1011 2306 Bonum
1040 2260 1141 2313 est,
1176 2267 1206 2305 a
1237 2253 1442 2306 mundo
1471 2252 1723 2309 occidere
1748 2253 1814 2307 ad
1858 2252 2053 2321 Deum,

2162 2260 2676 2332 μεταπεμψάμενος.
2715 2261 2895 2314 Καλὸν
2940 2262 2999 2315 τὸ
3035 2262 3188 2317 δῦναι
3228 2262 3337 2316 ἀπὸ
3373 2265 3581 2335 κόσμου
3608 2264 3741 2338 πρὸς

473 2356 537 2403 ut
566 2347 619 2401 in
650 2346 772 2416 ipso
792 2346 966 2400 oriar.

2160 2349 2314 2415 Θεὸν,
2345 2351 2434 2404 ἵνα
2462 2353 2541 2415 είς
2573 2350 2737 2405 αὑτὸν
2762 2350 3049 2405 ἀνατείλω.

1118 2462 1209 2516 Ill.
1241 2462 1441 2533 Rogale
1469 2464 1644 2531 potius
1672 2461 1862 2529 Deum,
1896 2474 1953 2517 ut
1982 2464 2051 2517 ad
2085 2470 2403 2538 martyrium
2433 2471 2562 2525 mihi
2594 2472 2726 2525 uires
2760 2470 3077 2541 suppeditet.

544 2581 690 2639 Nulli
749 2600 991 2655 unquam
1040 2583 1348 2650 invidistis;
1420 2584 1557 2639 alios
1608 2585 1897 2639 docuistis.
1944 2584 2059 2657 Ego

2232 2590 2501 2645 Οὐδέποτε
2550 2592 2661 2662 (45)
2704 2592 3043 2646 ἐϐασκάνατε
3085 2592 3302 2646 οὐδένα*
3338 2591 3529 2656 ἄλλους
3571 2591 3742 2645 ἐδιδά-

473 2687 606 2728 vero
653 2673 743 2728 illa
799 2690 1019 2745 quoque
1058 2677 1215 2731 ﬁrma
1252 2690 1373 2731 esse
1408 2676 1552 2742 volo,
1600 2692 1720 2745 quae
1752 2676 1959 2732 docetis
2003 2688 2056 2732 et

2161 2681 2306 2748 ξατε.
2342 2684 2454 2757 (46)
2483 2684 2623 2753 Ἐγὼ
2646 2684 2704 2737 δέ
2724 2683 2881 2749 θέλω,
2909 2684 2997 2737 ἵνα
3025 2686 3251 2737 κάκεῖνα
3274 2684 3466 2754 βέϐαια
3490 2680 3546 2758 ᾖ,
3572 2682 3608 2738 ἃ
3628 2682 3742 2755 (47)

478 2764 794 2837 praecipitis.
827 2764 985 2821 Vires
1016 2775 1229 2821 tantum
1270 2767 1407 2820 mihi
1430 2776 1483 2822 et
1519 2768 1763 2822 internas
1795 2778 1850 2822 et
1875 2780 2057 2823 exter-

2161 2776 2558 2847 μαθητεύοντες
2582 2774 2914 2830 ἐντέλλεσθε.
2940 2777 3115 2829 Μόνον
3143 2795 3231 2847 μοι
3252 2776 3479 2848 δύναμιν
3506 2776 3738 2831 αἰτεῖσθε

480 2874 583 2915 nas
604 2859 792 2929 petite,
827 2868 887 2913 ut
924 2875 1034 2914 non
1066 2860 1246 2914 solum
1289 2860 1506 2929 loquar,
1536 2860 1630 2915 sed
1664 2869 1720 2915 et
1760 2861 1958 2927 velim;
1993 2870 2055 2915 ut

2156 2864 2357 2919 ἔσωθέν
2388 2884 2446 2918 τε
2476 2866 2569 2919 καὶ
2596 2864 2815 2931 ἔξωθεν,
2841 2865 2927 2918 ἵνα
2966 2865 3040 2937 μὴ
3079 2867 3239 2936 μόνον
3267 2867 3430 2936 λέγω,
3471 2868 3605 2922 ἀλλὰ
3643 2867 3736 2921 καὶ

476 2968 588 3010 non
638 2953 817 3007 solum
856 2952 1014 3007 dicar
1042 2952 1396 3009 Christianus
1419 2992 1434 3015 .
1468 2954 1562 3008 sed
1607 2961 1662 3009 et
1696 2953 1963 3009 inveniar.
1992 2954 2053 3009 Si
2094 3029 2108 3032 Δ

2104 3029 2118 3032 μ
2155 2956 2315 3023 θέλω,
2352 2958 2439 3011 ἶνα
2491 2960 2564 3030 μὴ
2613 2959 2773 3030 μόνον
2814 2958 3056 3029 λέγωμαι
3090 2960 3429 3032 Χριστιανὸς,
3460 2958 3594 3013 ἀλλὰ
3641 2958 3736 3012 καὶ

472 3046 620 3101 enim
650 3046 904 3101 inventus
932 3044 1108 3111 fuero,
1138 3047 1302 3101 etiam
1332 3046 1439 3101 dici
1468 3054 1659 3116 potero
1681 3045 2049 3112 Christianus,
2079 3029 2104 3087 ί

2104 3029 2121 3086 1
2157 3050 2388 3124 εὑρεθῶ.
2429 3052 2551 3105 Ἐὰν
2580 3029 2689 3123 γάρ
2722 3050 2833 3124 (48)
2869 3051 2961 3104 καὶ
2988 3029 3220 3122 εὑρεθῶ,
3257 3050 3348 3104 καὶ
3377 3048 3625 3118 λέγεσθαι
3650 3049 3736 3102 δύ-

470 3149 527 3195 et
575 3150 705 3195 tunc
742 3140 917 3196 fidelis
955 3155 1077 3197 esse
1123 3140 1336 3204 valebo,
1384 3156 1509 3194 cum
1558 3138 1765 3194 mundo
1816 3140 2051 3211 amplius

2158 3155 2346 3210 ναμαι,
2375 3138 2467 3191 καὶ
2496 3138 2617 3193 τότε
2645 3140 2837 3203 πιστὸς
2871 3134 3031 3205 εἶναι,
3056 3140 3185 3193 ὃταν
3213 3140 3402 3211 κόσμῳ
3436 3140 3508 3211 μὴ
3533 3139 3735 3209 φαίνω-

1818 3288 1997 3347 Vetus
2036 3288 2369 3365 interpres.

470 3428 657 3474 mento
686 3419 911 3474 lucrari.
938 3416 1129 3471 Timeo
1162 3416 1307 3471 enim
1338 3416 1659 3487 charitatem
1705 3426 1969 3481 vestram,
2003 3432 2073 3473 ne
2122 3417 2239 3487 ipsa
2282 3432 2369 3471 me
2398 3416 2577 3471 laedat.
2633 3415 2799 3471 Vobis
2852 3417 2999 3471 enim
3041 3415 3199 3473 facile
3244 3428 3346 3485 est,
3400 3416 3545 3487 quod
3574 3416 3738 3473 vultis

469 3489 685 3556 facere;
720 3488 857 3544 mihi
897 3498 1078 3545 autem
1110 3486 1326 3543 dillicile
1350 3496 1435 3541 est
1462 3486 1574 3542 Deo
1609 3488 1810 3557 potiri;
1847 3487 2120 3558 siquidem
2148 3486 2247 3543 vos
2281 3502 2389 3542 non
2422 3487 2648 3557 parcitis
2680 3487 2835 3541 mihi.

1915 3633 2146 3691 CAPUT
2186 3634 2251 3690 11.

539 3732 658 3787 Νοη
705 3734 850 3787 enim
897 3733 1024 3787 volo
1053 3748 1150 3789 vos
1184 3732 1507 3803 hominibus
1532 3733 1770 3803 placere,
1804 3732 1899 3788 sed
1945 3731 2056 3787 Deo
2086 3731 2321 3803 placere,
2356 3729 2817 3803 quemadmodum
2850 3726 3591 3803 etplaeetisaNequeenjm
3615 3742 3721 3803 ego

472 3805 647 3859 habeo
678 3804 975 3874 aliquando
1016 3813 1231 3873 tempus
1259 3804 1367 3859 tale
1396 3802 1508 3858 Deo
1529 3795 1809 3874 potiendi:
1842 3818 2021 3874 neque
2044 3795 2164 3867 vos,
2196 3802 2241 3857 si
2275 3795 2523 3865 taceatis,
2546 3801 2756 3874 meliori
2787 3801 2937 3869 operi
2950 3795 3181 3854 ’habetis
3211 3795 3464 3874 inscribi.
3496 3795 3555 3851 Si
3586 3795 3737 3874 enim

468 3876 694 3947 taceatis
719 3890 748 3928 a
770 3867 888 3947 'me,
924 3890 1024 3943 ego
1050 3867 1145 3928 ero
1176 3874 1306 3947 Dei;
1333 3867 1948 3947 si4a_utem_desideretis'
1979 3888 2199 3947 carnem
2230 3888 2431 3947 meam,
2461 3888 2654 3926 rursus
2686 3867 2861 3925 factus
2892 3886 3015 3947 sum
3054 3884 3181 3947 vox.
3208 3868 3338 3924 Plus
3361 3877 3551 3947 _autem
3595 3867 3736 3947 mihi

470 3960 577 3999 non
613 3937 882 4006 tribuetis,
908 3937 1071 4013 quam
1102 3937 1401 3999 sacrificari
1426 3942 1558 4010 Deo,
1584 3944 1713 3998 dum
1744 3944 1925 3997 adhuc
1953 3943 2414 4013 sacrifi‘catorium
2443 3952 2692 4011 paratum
2709 3950 2832 4013 _est,
2861 3950 2920 4013 ut
2944 3942 2998 3994 in
3028 3939 3311 4013 charitate_
3327 3940 3531 4013 chorus
3558 3937 3736 4013 effecti

469 4015 699 4068 ranletis
730 4013 876 4067 Patri
904 4006 959 4067 in
1003 4011 1130 4067 Jesu
1177 4014 1420 4079 Christo,
1453 4006 1714 4083 quoniam
1762 4013 2082 4082 episcopum
2123 4011 2296 4083 Syriae
2326 4006 2665 4083 dignilicavit
2709 4010 2854 4067 Deus
2894 4011 3151 4078 inveniri,
3189 4009 3245 4063 iu
3276 4008 3629 4065 Occidentem
3666 4006 3736 4061 ab

467 4086 689 4139 Oriente
715 4087 1114 4139 transmittens.
1147 4083 1357 4137 Bonum
1385 4083 1635 4139 occidere
1665 4100 1695 4137 a
1730 4084 1936 4138 mundo
1962 4085 2015 4137 in
2047 4084 2241 4148 Deum,
2269 4092 2327 4138 ut
2360 4084 2412 4137 in
2446 4083 2566 4153 ipso
2594 4083 2764 4137 oriar.

1915 4228 2145 4284 CAPUT
2185 4228 2275 4283 HI.

540 4320 1129 4399 Nunquaminvidistis
1170 4324 1223 4377 in
1251 4324 1467 4399 aliquo;
1505 4324 1640 4399 alios
1667 4324 1985 4399 edocuistis.
2017 4325 2133 4399 Ego
2155 4337 2334 4381 autem
2366 4326 2512 4391 volo,
2537 4334 2597 4380 ut
2620 4334 2675 4380 et
2698 4324 2791 4399 _illa
2817 4325 2972 4399 firma
2998 4324 3131 4388 sint,
3160 4338 3287 4399 qua:
3310 4321 3568 4399 docentes
3590 4334 3731 4399 pra}

468 4392 714 4515 cepistis.
754 4392 942 4447 Solum
974 4394 1107 4447 mihi
1137 4392 1435 4461 potentiam
1467 4395 1664 4464 petatis
1696 4396 1765 4449 ab
1816 4396 1957 4451 intra
1990 4406 2044 4451 et
2066 4392 2156 4451 'ab
2190 4408 2368 4461 extra,
2392 4406 2453 4451 ut
2481 4411 2591 4450 non
2629 4397 2809 4450 solum
2834 4395 3037 4459 dicam,
3080 4392 3252 4449 sedet
3280 4392 3482 4459 velim;
3532 4407 3639 4446 non
3670 4398 3733 4445 ut

471 4480 534 4515 s0
560 4477 649 4515 um
679 4462 831 4515 dicar
858 4464 1226 4515 Christianus.
1256 4466 1349 4515 sed
1374 4475 1428 4515 et
1460 4466 1726 4515 inveniar.
1764 4464 1822 4515 Si
1854 4469 1997 4515 enim
2032 4468 2302 4515 inveniar-
2334 4476 2389 4515 et
2418 4467 2525 4515 dici
2565 4481 2821 4515 nossum:
2876 4474 2931 4515 et
2964 4476 3091 4515 tunc
3125 4464 3298 4515 fidelis
3326 4477 3471 4515 esse.
3504 4461 3731 4515 auando

471 4461 649 4535 solum
679 4462 1226 4535 dicar‘Christianus,
1256 4466 1428 4535 sedet
1460 4461 1726 4520 inveniar.
1764 4464 1822 4520 Si
1854 4469 1997 4523 enim
2031 4468 2303 4531 inveniar,
2334 4476 2389 4521 et
2418 4467 2526 4522 dici
2565 4481 2851 4535 possum;
2876 4474 2931 4519 et
2964 4476 3091 4519 tunc
3125 4464 3471 4535 fidelisesse,
3504 4461 3731 4535 quando

471 4534 661 4602 utique
687 4533 891 4589 mundo
920 4549 1030 4589 nun
1055 4549 1313 4603 appareo.
1351 4534 1495 4589 Nihil
1521 4537 1838 4605 apparentia
1871 4538 2078 4593 bonum
2107 4548 2212 4593 est.
2245 4537 2393 4593 Deus
2436 4532 2585 4592 enini
2614 4545 2803 4592 noster
2828 4534 2988 4591 Jesus
3024 4535 3279 4590 Christus
3302 4533 3357 4587 in
3385 4532 3547 4587 Patre
3574 4533 3727 4587 exsi-

539 4716 652 4799 ('35)
694 4714 885 4839 Siras,
918 4717 1011 4786 qui
1038 4715 1143 4771 hoc
1163 4725 1327 4798 caput
1354 4715 1537 4781 habet,
1559 4716 1756 4787 legisse
1783 4718 2035 4775 videtur:
2072 4725 2117 4780 1)
2146 4718 2315 4773 Multo
2362 4715 2698 4799 praeferenda
2742 4724 2826 4799 est
2875 4715 3034 4771 lectio
3065 4714 3239 4797 Grzeci
3289 4722 3487 4768 textus.
3509 4711 3731 4795 Sensus

542 4803 712 4839 ανπεο
768 4786 978 4839 πιτύγω
1010 4786 1100 4839 τὸν
1123 4786 1319 4839 κληοόν
1348 4804 1447 4839 μου
1478 4790 1557 4839 εἰς
1595 4788 1769 4839 πέρας
1796 4791 2040 4839 avsum-
2148 4801 2265 4839 est:
2294 4788 2479 4839 Denuo
2520 4788 2650 4839 mihi
2678 4796 2783 4839 erit
2809 4787 3128 4839 currendum
3154 4802 3209 4838 in
3242 4785 3339 4837 hoc
3376 4785 3553 4838 stadio
3586 4795 3728 4839 υιιω.

480 4784 712 4861 ᾞάνπερ
736 4784 978 4861 ἐπιτιξχζυ
1010 4786 1100 4839 τὸν
1123 4784 1319 4861 κλῆρόν
1347 4804 1447 4857 μου
1478 4790 1557 4850 εἰς
1595 4784 1769 4859 πέρας
1796 4791 2040 4861 ἀνεμπο-

2148 4801 2265 4861 est:
2294 4784 2479 4842 Denuo
2520 4788 2651 4840 mihi
2678 4786 3209 4861 eriteurrendnmjn
3242 4785 3339 4837 hoc
3376 4785 3553 4861 {tudio
3586 4784 3727 4849 vim,

466 4857 661 4921 δίστως
682 4855 999 4913 άπολαϐεῖν.
1212 4855 1238 4861 ”’
1351 4855 1358 4857 “
1395 4927 1414 4928 7
1670 4855 1680 4859 ’
1900 4855 1911 4861 ⁷

1900 4855 1911 4861 ⁷
2149 4859 2301 4928 cujus
2329 4868 2678 4928 metampene
2702 4858 2881 4927 attigi.
2915 4856 3032 4911 Cfr.
3062 4855 3084 4909 Ι
3114 4855 3243 4911 Cor.
3278 4870 3355 4921 Ix,
3387 4855 3479 4909 24.

544 4928 656 5000 (ξϋ)
698 4929 938 5000 lgnatius
980 4928 1269 5000 verebatur
1300 4945 1365 4983 ne
1392 4927 1647 4995 Romani,
1681 4932 1764 4985 vel
1788 4932 2041 4999 precibus
2209 4926 2336 5000 (42)
2378 4928 2490 5000 Cfr.
2528 4926 2568 4980 ll
2598 4927 2739 5000 Tim.
2776 4926 2848 4991 ιν,
2881 4928 2934 5000 6.

470 4999 535 5051 ad
569 4993 821 5071 Deumet
844 4998 1112 5071 homines,
1137 5001 1229 5071 vel
1250 5000 1501 5069 pecunia,
1528 4993 1741 5071 aut'per
1772 4993 1881 5056 vim
1912 5018 2039 5057 eum

2222 4993 2343 5071 (45)
2378 4997 2549 5069 Syrus
2586 4998 2801 5071 legisse
2845 4998 3110 5071 videtur:
3155 4997 3237 5050 ὅτι
3289 4994 3382 5049 τὸν
3430 4993 3730 5049 ἐπίσκοπον

472 5084 503 5121 a
534 5069 803 5141 supplicio
840 5068 1161 5141 eximerent.
1192 5067 1329 5124 C61.
1568 5140 1596 5141 η
1646 5067 1663 5071 ’

1568 5140 1596 5141 η
1646 5067 1663 5071 ’
2147 5067 2487 5141 κατηξίωσεν
2520 5067 2782 5141 τοῦίΘεοῦ
2805 5068 3111 5140 εὑρεθῆναι.

545 5138 656 5210 (57)
699 5138 739 5191 1.
779 5138 924 5221 (sinsi
966 5154 1055 5221 vos
1086 5140 1456 5221 impedimento
1503 5140 1632 5193 mihi
1676 5142 1797 5196 estis
1847 5152 2039 5221 conatu
2221 5137 2333 5210 (44)
2377 5140 2483 5221 Al]!
2516 5140 2753 5221 medium
2783 5137 2881 5221 pro
2908 5137 3132 5221 passivo
3157 5137 3397 5221 positum
3428 5143 3608 5221 putes,
3636 5142 3732 5189 aut

469 5205 660 5282 vestro,
690 5224 770 5282 me
796 5207 1075 5282 liberandi.
1109 5205 1470 5282 Interpolator
1498 5220 1553 5263 et
1587 5217 1765 5282 versio
1789 5216 2037 5282 antiqua,
2148 5205 2328 5265 vertas
2358 5229 2371 5264 :
2408 5209 2560 5282 Quod
2581 5205 3055 5282 (Deusepiscopum
3082 5205 3255 5278 Syria:
3284 5207 3509 5260 inveniri
3539 5205 3731 5273 digna-

472 5280 539 5331 ab
568 5277 790 5353 Usserio
826 5278 991 5353 edita,
1025 5293 1126 5335 nec
1159 5277 1272 5335 non
1303 5281 1474 5353 Syrus
1510 5280 1651 5334 male
1679 5277 1939 5338 exhibent
1964 5277 2038 5353 μὴ
2150 5291 2233 5334 tus
2261 5283 2455 5353 est,_ab
2492 5277 2806 5353 Orientem
2828 5277 3165 5353 Occidentem
3196 5293 3314 5331 eum
3348 5292 3642 5353 aggessens.

469 5344 905 5421 antepaceoea.
977 5344 982 5346 ’
1052 5420 1055 5421 ν
1345 5344 1361 5353 ’
1964 5344 1977 5353 ’
2026 5344 2038 5353 ’

2222 5344 2353 5421 (45)
2378 5350 2416 5405 Ι.
2451 5367 2500 5405 e.
2536 5350 2670 5402 nulli
2704 5350 2965 5403 invidistis
2988 5350 3233 5420 gloriam,
3254 5364 3349 5417 pro
3374 5346 3589 5401 Christo
3618 5360 3730 5398 mo-

542 5419 654 5489 (58)
681 5419 911 5496 _lnitium
936 5420 1137 5496 eapitis
1163 5422 1388 5478 secundi
1419 5421 1493 5475 Οὐ
1518 5421 1626 5493 γὰρ
1657 5422 1797 5478 Θέλω
1821 5464 1835 5477 .
1874 5464 1886 5476 .
1912 5423 2043 5496 ἀρέ-
2144 5438 2171 5474 r

936 5420 1137 5496 eapitis
1163 5422 1388 5478 secundi
1419 5421 1493 5475 Οὐ
1518 5421 1626 5493 γὰρ
1657 5422 1797 5478 Θέλω
1821 5464 1835 5477 .
1874 5464 1886 5476 .
1912 5423 2043 5496 ἀρέ-
2144 5419 2338 5496 riendi.
2373 5422 2566 5496 Suria.

364 5528 367 5531 -
473 5486 645 5563 axe:ch
662 5490 815 5563 deest
846 5490 901 5543 in
934 5486 1092 5563 Syro.
1118 5561 1142 5563 ῌ
1206 5560 1227 5563 A
1531 5486 1539 5488 “
1597 5486 1609 5493 ’
1953 5486 1964 5496 ’

1953 5486 1964 5496 ’
2212 5493 2327 5563 (46)
2382 5491 2607 5563 Ἑγὼτ-
2632 5488 2946 5563 ὲντέλλεσθε
2978 5489 3131 5563 deest
3162 5488 3220 5541 in
3247 5486 3418 5563 _Syro.

761 5576 815 5630 q.
850 5556 990 5633 περῖ
1008 5561 1165 5632 ἐμοῦ.
1197 5560 1391 5619 Surru.

2216 5556 2329 5633 (47)
2371 5563 2412 5616 l.
2444 5556 2493 5617 ὸ.
2531 5559 2879 5633 Exemplum,
2903 5570 2957 5615 et
2986 5556 3320 5633 adhortatio,
3348 5559 3550 5633 quibus
3579 5556 3727 5633 _alios

542 5628 655 5701 (40)
698 5628 868 5702 Syrus
896 5628 1058 5703 legit}
1097 5635 1329 5704 Ἔσομαι
1352 5635 1507 5704 λόγος
1525 5632 1682 5698 Θεοῦ,
1711 5633 1854 5703 quod
1880 5649 2044 5690 sensu
2144 5628 2579 5704 ad'martyrium
2633 5632 2982 5686 subeundum
3040 5632 3288 5685 animare
3334 5630 3482 5683 soliti
3514 5628 3725 5683 fuistis.

469 5710 653 5845 _caﬁll.)
707 5771 877 5845 Syrus
928 5783 985 5828 et
1034 5782 1193 5830 vetus
1240 5776 1510 5845 interpres
1533 5774 1758 5829 Latinus
1798 5775 2047 5844 legerunt
2146 5703 2343 5845 flag).
2370 5772 2645 5845 Particula
2673 5772 2789 5845 καί,
2814 5787 2915 5827 nec
2947 5781 3185 5829 avetere
3208 5771 3524 5842 interprete,
3563 5782 3665 5824 nec
3696 5781 3728 5820 a

470 5832 659 5913 ισόμαί
704 5832 821 5913 ὴχώ
842 5885 855 5910 ,
903 5846 1076 5913 factus
1108 5862 1221 5901 sum
1258 5862 1355 5901 vox
1376 5832 1401 5912 ,⁸
1427 5856 1484 5901 ut
1525 5846 1792 5915 interpres
1838 5832 2038 5901 Feddit.
2146 5832 2288 5913 Syro
2312 5832 2516 5913 agnita,
2542 5832 2901 5902 delenda'est.
