4134 6398
438 380 534 436 691

1417 376 1680 448 ΞΑΝΟΤΙΙ
1699 375 1953 432 ΙΟΝᾹΤΙΙ
1993 373 2350 431 ΕΡΙΞΤΟΙΑΞ
2381 376 2762 437 ΟΕΝΠΙΝᾸΞ.’

3588 377 3695 434 0M

438 500 745 571 leopardos,
770 516 888 572 qua:
913 511 994 555 est
1020 501 1252 556 militum
1286 510 1498 568 turma;
1533 503 1623 572 qui
1651 501 1814 556 etiam
1846 502 2005 556 bene-

2116 498 2248 552 δέκα
2277 499 2386 570 (69.)
2425 502 2766 574 λεοπάρδοις,
2789 500 2817 554 ὅ
2856 502 2972 555 ἐστι
3015 499 3361 574 στρατιωτῶν
3399 498 3611 570 τάγμα·
3643 498 3695 552 οἳ

439 590 562 644 licio
589 601 813 660 accepto
855 591 1069 662 pejores
1123 604 1269 647 sunt.
1307 592 1529 648 Illorum
1581 604 1762 648 autem
1793 592 2010 661 injuriis

438 682 613 752 magis
637 683 884 749 crudior,
913 685 1002 738 sed
1031 696 1244 754 propter
1271 686 1366 738 hoc
1392 703 1493 738 non
1509 685 1840 754 justiﬁcatus
1871 703 2006 740 sum.

441 769 656 826 Utinam
691 771 842 826 fruar
868 773 1056 830 bestiis
1083 776 1214 828 mihi
1261 776 1612 845 praeparatis,
1641 792 1780 845 quas
1805 785 1858 830 et
1881 785 2010 846 opto

435 863 570 918 mihi
622 873 904 934 promptas
948 867 1216 933 inveniri;
1256 869 1460 938 quibus
1512 879 1566 923 et
1617 870 1904 935 blandiar,
1951 880 2010 924 ut

432 959 544 1014 cito
564 975 652 1014 me
689 961 972 1025 devorent,
999 977 1106 1017 non
1152 972 1211 1016 ut
1237 963 1506 1032 quosdam
1530 964 1714 1018 verita:
1747 979 1853 1017 non
1882 965 2007 1019 teti-

434 1058 652 1118 gerunt.
709 1049 766 1104 Si
802 1062 984 1106 autem
1035 1054 1140 1107 illze
1166 1066 1530 1124 repugnantes
1581 1056 1878 1122 noluerint,
1909 1071 2009 1126 ego

433 1152 531 1196 eas
554 1139 609 1193 vi
637 1140 936 1210 impellam.
965 1140 1187 1196 Veniam
1217 1144 1349 1202 mihi
1380 1145 1538 1212 date;
1563 1145 1694 1216 quid
1724 1145 1858 1199 mihi
1883 1161 2009 1215 pro-

433 1232 526 1299 sit,
551 1248 653 1302 ego
707 1234 855 1288 novi.
888 1233 1044 1289 Nunc
1077 1235 1281 1305 incipio
1327 1237 1632 1307 discipulus
1659 1254 1798 1294 esse.
1839 1237 2008 1294 Nemo

433 1324 734 1381 visibilium
771 1336 824 1380 et
859 1327 1216 1382 invisibilium
1269 1330 1404 1383 mihi
1437 1331 1699 1396 invideat,
1734 1341 1794 1387 ut
1820 1330 2004 1386 Jesum

431 1415 711 1471 Christum
742 1432 1025 1487 assequar.
1061 1419 1206 1488 Ignis
1228 1428 1281 1474 et
1304 1435 1460 1484 crux,
1486 1420 1722 1475 ferarum
1755 1430 2004 1489 caterva,

430 1508 796 1566 lacerationes
822 1550 836 1572 ,
878 1509 1296 1579 distractiones,
1343 1513 1742 1581 disjunctiones
1775 1514 2004 1582 ossium,

430 1598 677 1652 concisio
712 1599 1104 1667 membrorum,
1144 1600 1312 1656 totius
1351 1603 1599 1671 corporis
1629 1605 2002 1672 contusiones,

431 1687 550 1744 dira
600 1689 803 1744 diaboli
859 1699 1130 1750 tormenta
1155 1691 1210 1746 in
1239 1707 1328 1747 me
1375 1694 1628 1762 veniant;
1661 1694 2005 1756 solummodo

430 1789 495 1838 ut
520 1779 707 1841 .lesum
731 1781 1012 1838 Christum
1038 1798 1368 1856 consequar.

2117 591 2207 642 ml.
2237 592 2346 660 (65)
2374 593 2822 665 εὐεργετούμενοι
2853 595 3070 664 χείρους
3097 594 3356 661 γίνονται.
3394 592 3483 644 Ἐν
3504 590 3561 643 δὲ
3584 591 3695 651 τοῖς

2114 685 2439 756 ἀδικήμασιν
2492 687 2672 740 αὐτῶν
2711 686 2907 758 μᾶλλον
2959 685 3375 757 μαθητεύομαι,
3430 684 3572 738 ἀλλ’
3619 682 3695 735 οὐ

2113 777 2273 845 παρὰ
2304 777 2477 830 τοῦτο
2529 779 2906 847 δεδικαίωμαι
2926 779 2966 830 ⁸.
3017 773 3418 848 (64)’οναίμην
3459 773 3566 828 τῶν
3598 773 3697 844 θη-

2115 871 2242 943 ρίων
2288 871 2395 924 τῶν
2442 873 2565 941 ὲμοί
2609 873 3061 943 ἡτοιμασμένων,
3094 872 3188 924 κα)¹
3224 871 3455 942 εὔχομαι
3499 870 3695 941 ἕτοιμά

2115 982 2205 1035 μοι
2232 964 2543 1038 εὑρεθῆναι·
2571 966 2605 1020 ἃ
2631 967 2724 1020 καὶ
2755 965 3090 1029 κολακεύσω,
3116 965 3394 1035 συντόμως
3428 981 3494 1034 με
3526 980 3695 1017 κατα-

2111 1061 2325 1126 φαγεῖν,
2359 1059 2458 1128 ούχ
2486 1058 2676 1130 ὥσπερ
2721 1058 2883 1111 τινῶν
2913 1058 3285 1128 δειλαινόμενα
3324 1057 3422 1126 οὐχ
3464 1055 3690 1126 ἥψαντο.

2111 1151 2232 1203 Κᾶν
2263 1151 2401 1204 αὐτὰ
2434 1151 2490 1203 δὲ
2523 1151 2724 1206 ἄκοντα
2761 1151 2834 1221 μὴ
2863 1149 3088 1222 Θελήσῃ,
3121 1149 3231 1218 ἐγὼ
3266 1148 3688 1222 προσϐιάσομαι.

2111 1241 2446 1312 Συγγνώμην
2489 1259 2578 1311 μοι
2615 1241 2799 1312 ἔχετε·
2838 1243 2890 1296 τί
2932 1261 3022 1313 μοι
3055 1241 3340 1312 συμφέρει,
3387 1239 3498 1309 ἐγὼ
3525 1240 3689 1309 γινὼο

2112 1347 2243 1386 σκω.
2293 1330 2400 1401 (65)
2449 1329 2562 1383 Νῦν
2606 1332 2845 1401 ἄρχομαι
2901 1331 3148 1403 μαθητὴς
3196 1326 3356 1383 εἶναι.
3391 1329 3573 1400 Μηδέν
3623 1348 3692 1400 με

2109 1423 2326 1498 ζηλώσῃ
2349 1423 2456 1478 τῶν
2483 1424 2694 1496 ὁρατῶν
2721 1426 2813 1479 καὶ
2839 1427 3106 1497 ἀοράτων,
3131 1426 3218 1479 ἵνα
3260 1424 3432 1496 Ἰησοῦ
3456 1422 3690 1498 Χριστοῦ

2109 1520 2368 1592 ἐπιτύχω.
2411 1521 2527 1592 Πῦρ
2578 1521 2670 1574 καὶ
2716 1521 2980 1594 σταυρὸς,
3017 1520 3221 1592 Θηρίων
3268 1537 3329 1574 τε
3379 1519 3687 1582 συστάσεις,

2109 1611 2218 1682 (66)
2249 1613 2515 1683 ἀνατομαὶ
2534 1655 2548 1678 ,
2582 1612 2904 1686 διαιρέσεις,
2944 1613 3274 1685 σκορπισμοὶ
3303 1611 3524 1676 ὀστέων,
3556 1626 3690 1678 συγ-

2109 1701 2250 1772 κοπὴ
2299 1700 2497 1772 μελῶν,
2549 1701 2786 1772 ἁλησμοὶ
2821 1701 2945 1755 ὅλου
2971 1701 3064 1755 τοῦ
3095 1701 3366 1772 σώματος,
3397 1699 3564 1754 κακαὶ
3595 1716 3689 1752 κο-

2107 1790 2291 1855 λάσεις
2317 1792 2409 1846 τοῦ
2453 1792 2700 1846 διαϐόλου
2734 1793 2820 1846 ἐπ’
2856 1793 2955 1864 ἐμὲ
2995 1793 3371 1866 ὲρχέσοωσαν,
3402 1793 3560 1863 μόνον
3603 1791 3690 1848 ἵνα

2029 1856 2078 1915 Β
2119 1883 2290 1956 Ἰησοῦ
2316 1885 2552 1957 Χριστοῦ
2582 1885 2840 1956 ἐπιτύχω.

1486 1992 1572 2050 Vl.
1609 1995 1780 2052 Morte
1805 2015 1919 2053 mea
1947 2018 2122 2056 veram
2151 2007 2315 2059 vitam
2349 2022 2626 2075 assequar.

498 2115 645 2172 Nihil
696 2118 829 2171 mihi
877 2118 1176 2186 proderunt
1223 2117 1414 2173 mundi
1452 2119 1781 2189 voluptates,
1828 2137 2005 2192 neque

429 2208 594 2279 hujus
637 2209 817 2265 swculi
860 2227 1047 2280 regna.
1079 2212 1307 2271 Praestat
1346 2217 1500 2283 mihi,
1542 2218 1595 2271 in
1626 2217 1755 2273 .lesu
1786 2219 2006 2276 Christo

427 2300 600 2364 mori,
643 2316 805 2370 quam
865 2304 1066 2359 linibus
1113 2314 1273 2360 terra:
1319 2307 1607 2377 imperare.
1671 2308 1815 2374 Quid
1865 2311 2002 2364 enim

424 2395 636 2463 prodest
685 2395 924 2459 homini,
980 2397 1025 2448 si
1078 2398 1379 2452 universum
1439 2401 1692 2454 mundum
1749 2402 1999 2468 lucretur,

426 2486 620 2540 anima
640 2503 756 2540 vero
779 2503 889 2541 sum
911 2487 1279 2543 detrimentum
1303 2491 1578 2558 patiatur?
1607 2491 1760 2547 illum
1793 2509 1998 2563 quer,

424 2580 518 2646 qni
550 2595 651 2650 pro
687 2581 846 2635 nobis
876 2591 1124 2637 mortuus
1153 2594 1266 2650 est;
1298 2584 1448 2638 illum
1481 2587 1624 2650 volo,
1658 2586 1752 2656 qui
1784 2596 2004 2657 propter

426 2686 527 2725 nos
558 2675 884 2726 resurrexit.
930 2672 1045 2727 lloc
1076 2675 1209 2728 mihi
1254 2676 1466 2730 lucrum
1519 2679 1811 2747 impendet.
1845 2678 2003 2749 Igno-

430 2763 567 2819 scite
595 2764 752 2829 mihi,
786 2764 1019 2818 fratres!
1075 2762 1153 2818 Ne
1201 2780 1286 2818 me
1313 2764 1495 2818 vivere
1545 2766 1884 2836 impcdiatis;
1936 2784 2002 2822 ne

429 2856 610 2911 velitis
642 2869 730 2908 me
760 2855 933 2920 mori;
972 2871 1057 2909 me
1085 2853 1180 2908 Dei
1205 2870 1324 2910 esse
1361 2857 1667 2924 cupientem
1700 2859 1904 2913 mundo
1935 2874 2002 2914 ne

426 2948 675 3008 tradatis.
730 2945 903 3002 Sinite
950 2963 1038 3002 me
1081 2963 1279 3017 purum
1338 2950 1520 3004 lumen
1557 2952 1861 3019 percipere;
1909 2952 2000 3006 ubi

2181 2127 2292 2197 (67)
2332 2129 2497 2181 Ούδέν
2543 2146 2630 2197 μοι
2664 2127 2935 2200 ὠφελήσει
2978 2128 3044 2181 τὰ
3092 2127 3296 2198 τερπνὰ
3337 2126 3430 2179 τοῦ
3462 2126 3688 2196 κόσμου,

2115 2219 2233 2272 οὐδὲ
2285 2222 2339 2273 αἱ
2394 2220 2658 2290 βασιλεῖαι
2709 2218 2802 2272 τοῦ
2838 2218 3032 2281 αἰῶνος
3077 2218 3286 2272 τούτου.
3323 2216 3432 2287 (68)
3474 2217 3690 2270 Μαλλόν

2111 2328 2199 2380 μοι
2229 2311 2516 2364 ἀποθανεῖν
2549 2313 2627 2374 εἰς
2655 2310 2888 2382 Χριστὸν
2929 2309 3159 2381 Ἰησοῦν,
3195 2308 3227 2380 ἢ
3255 2307 3556 2379 βασιλεύειν
3583 2308 3690 2361 τῶν

2107 2403 2356 2474 περάτων
2384 2403 2479 2474 τῆς
2507 2403 2628 2473 γῆς.
2661 2402 2769 2472 (69)
2803 2404 2863 2456 Τί
2897 2403 3005 2473 γὰρ
3027 2402 3336 2471 ὠφελεῖται
3360 2401 3686 2469 ἅνθρωπος,

2106 2493 2214 2545 ἐὰν
2251 2492 2517 2562 κερδήσῃ
2565 2496 2669 2546 τὸν
2723 2494 2952 2562 κόσμον
2995 2493 3172 2558 ἔλον,
3202 2492 3316 2560 τὴν
3359 2491 3428 2544 δὲ
3479 2491 3690 2561 ψυχὴν

2109 2585 2294 2637 αὑτοῦ
2345 2584 2672 2654 ὥυιιωθῇο;
2712 2585 2946 2638 Ἐκεῖνον
2988 2583 3169 2653 ζητῶ,
3213 2583 3302 2636 τὸν
3353 2583 3492 2654 ὑπὲρ
3534 2581 3690 2652 ἡμῶν

2109 2675 2477 2730 ἀποθανόνταθ
2514 2680 2720 2732 ἐκεῖνον
2760 2677 2917 2741 Θέλω,
2951 2676 3041 2729 τὸν
3077 2676 3143 2728 δι’
3171 2676 3321 2746 ἡμᾶς
3357 2675 3684 2728 ἀναστάντα.

2121 2770 2178 2822 '0
2221 2772 2277 2824 δὲ
2328 2771 2440 2836 (70)
2493 2773 2710 2835 τοκετός
2747 2789 2839 2842 μοι
2894 2770 3187 2824 ἐπίκειται.
3228 2769 3512 2837 Σύγγνωτέ
3563 2785 3685 2838 μοι,

2108 2861 2352 2929 ἀδελφοί·
2388 2862 2461 2933 μὴ
2493 2863 2820 2933 ἐμποὸἰσητὲ
2851 2880 2938 2933 μοι
2965 2862 3145 2931 ζῆσαι,
3183 2861 3256 2932 μὴ
3285 2859 3543 2930 θελήσητὲ
3577 2858 3686 2927 (71)

2111 2972 2177 3024 με
2216 2954 2505 3008 ἀποθανεῖν
2531 2996 2544 3018 ,
2573 2957 2662 3008 τὸν
2708 2956 2800 3008 τοῦ
2846 2955 2982 3008 Θεοῦ
3038 2953 3261 3008 Οὲλοντα
3309 2949 3466 3014 εἶναι,
3499 2952 3686 3020 κόσμῳ

424 3039 555 3100 illuc
582 3039 876 3103 advenero,
906 3039 1072 3094 homo
1105 3037 1198 3094 Dei
1229 3055 1344 3094 ero.
1379 3037 1672 3096 Concedite
1705 3043 1838 3096 mihi
1875 3043 2001 3097 imi-

2113 3044 2187 3116 μὴ
2234 3047 2344 3116 (72)
2390 3046 2686 3118 χαρίσησοε
2733 3047 2866 3116 (75).
2919 3045 3119 3115 ’Λφετέ
3176 3062 3243 3116 με
3287 3042 3519 3115 καθαρὸν
3569 3041 3684 3111 φῶς

1792 3160 1974 3221 Vetus
2006 3162 2340 3243 interpres.

423 3287 708 3363 dis,_quod
746 3295 832 3363 est
872 3281 1126 3363 militaris
1173 3290 1308 3344 ordo
1343 3290 1480 3363 :qui
1523 3299 1576 3363 et
1617 3289 1923 3363 beneficiati
1959 3291 2261 3363 deteriores
2305 3294 2458 3348 ﬁiint.
2506 3295 2562 3349 ln
2612 3293 3160 3363 injustiiicationilms
3202 3301 3382 3347 autem
3438 3290 3681 3358 ipsorum

423 3359 602 3434 magis
631 3358 887 3434 crudior;
918 3358 1014 3434 sed
1035 3376 1141 3413 non
1167 3361 1504 3434 propter-hoc
1523 3360 1858 3434 justiﬁcatus
1895 3378 2031 3414 sum.
2063 3361 2276 3418 Sortiar
2321 3365 2515 3419 bestiis
2551 3358 2687 3419 mihi
2733 3381 2860 3419 esse
2897 3365 3140 3434 paratis;
3195 3373 3251 3417 et
3280 3379 3378 3416 oro
3412 3368 3692 3434 promptas

424 3430 559 3484 mihi
591 3428 822 3504 inveniri
855 3445 870 3504 :_
901 3430 1104 3504 quibus
1131 3439 1188 3504 _ct
1209 3430 1466 3484 blandiar
1498 3432 1612 3504 cito
1637 3447 1724 3485 me
1753 3431 2059 3504 devorare;
2097 3451 2204 3490 non
2235 3435 2698 3503 quemadmodum
2733 3428 3010 3504 quosdam
3047 3428 3304 3488 timentes
3337 3428 3452 3504 non
3497 3430 3688 3497 tetige-

421 3508 570 3554 runt.
599 3498 703 3554 Sed
727 3507 801 3574 et,
828 3499 872 3552 si
904 3499 1034 3574 ipsa;
1061 3501 1327 3574 volentem
1357 3517 1466 3574 non
1496 3501 1684 3566 velint,
1721 3516 1826 3574 ego
1858 3502 1966 3555 vim
2017 3501 2235 3574 iaciam.
2255 3498 2501 3559 'Veniam
2538 3507 2670 3559 mihi
2706 3498 2905 3559 habete
2939 3521 2952 3556 :
2998 3505 3133 3574 quid
3157 3504 3296 3574 mihi
3321 3501 3556 3574 confert,
3591 3514 3694 3567 ego

423 3585 717 3640 cognosco.
748 3568 904 3640 Nunc
931 3570 1134 3639 incipio
1163 3571 1467 3640 discipulus
1492 3587 1648 3634 esse;
1680 3568 1815 3625 nihil
1854 3589 1939 3626 me
1963 3573 2140 3628 zelare
2180 3575 2487 3629 visibilium
2521 3586 2576 3629 et
2600 3576 2985 3640 invisibilium,
3018 3568 3081 3628 ut
3107 3573 3235 3628 Jesu
3265 3572 3487 3626 Christo
3517 3570 3688 3640 fruar.

422 3639 566 3710 Ignis
590 3649 646 3712 et
677 3656 833 3712 crux,
868 3639 1278 3712 bestiarumque
1301 3639 1775 3710 congregationcs,
1809 3644 2181 3712 dispersiones
2211 3646 2442 3708 ossium,
2475 3648 2720 3699 eoneisio
2753 3639 3147 3711 membr-Orum,
3175 3643 3487 3698 molitiones
3525 3639 3694 3694 totius

421 3711 688 3781 corporis,
725 3711 880 3764 malae
909 3711 1223 3781 partitiones
1257 3712 1459 3767 diaboli
1487 3714 1539 3767 in
1566 3729 1652 3768 me
1684 3711 1936 3780 veniant;
1961 3715 2136 3770 solum
2173 3725 2232 3770 ut
2259 3715 2388 3771 Jesu
2413 3717 2638 3771 Christo
2670 3716 2844 3770 fruar.

1880 3835 2109 3891 CAPUT
2154 3836 2238 3892 VI.

494 3933 640 3990 Nihil
673 3937 808 3992 mihi
833 3935 1131 4007 proderunt
1159 3934 1374 3989 termini
1404 3933 1614 3999 mundi,
1646 3948 1822 4002 neque
1852 3948 2017 4002 regna
2036 3935 2219 3989 saeculi
2252 3935 2436 4006 hujus.
2470 3934 2680 3990 Bonum
2711 3933 2842 3988 mihi
2909 3932 3047 3987 mori
3077 3939 3296 4002 propter
3321 3927 3508 3984 Jesum
3535 3926 3695 3982 Chri-

495 4058 518 4087 ⁸
553 4057 571 4109 l
611 4056 741 4111 Cor.
776 4073 851 4124 iv,
879 4057 931 4110 4.
1008 4058 1028 4088 ⁹
1061 4054 1251 4110 Matth.
1289 4069 1398 4120 XVI,
1424 4051 1512 4106 26.

497 4172 612 4241 (62)
656 4172 801 4229 Voce
830 4175 1123 4243 λεόπαρδος
1146 4171 1837 4243 οποηάετιιιιιηΒιιεηιιείιιε,
1866 4172 2006 4228 Bau-

427 4244 545 4299 rius
571 4253 624 4297 et
646 4245 759 4308 alii,
788 4242 1115 4300 vocabulum
1149 4245 1279 4297 illud
1313 4253 1438 4296 ante
1486 4242 1830 4297 Constantini
1871 4253 2004 4299 :ela-

428 4322 541 4386 tem
573 4314 878 4386 obtinuisse
917 4324 1196 4386 negantes.
1225 4313 1330 4386 sed
1351 4313 1464 4386 jam_
1502 4311 1815 4386 Pearsonus
1835 4313 1851 4382 (
1871 4313 2001 4368 Vin-

431 4384 588 4456 (licia:
618 4383 930 4450 lgnatianw.
963 4381 1021 4449 ιῖ,
1043 4403 1098 4456 p.
1131 4385 1220 4450 9:2)
1246 4385 1390 4438 clare
1432 4381 1851 4456 demonstravit,
1882 4397 2008 4440 ante

428 4453 776 4525 Constantini
833 4452 1075 4525 tempora
1135 4456 1239 4509 hoc
1292 4452 1621 4525 vocabulum
1664 4469 1772 4508 non
1829 4456 2006 4510 solum

431 4524 575 4593 apud
602 4523 848 4590 Latinos,
872 4522 964 4584 sed
984 4528 1146 4594 etiam
1179 4525 1326 4594 apud
1353 4522 1573 4594 Graecos
1600 4523 1652 4576 in
1685 4539 1786 4578 usu
1818 4525 2004 4580 fuisse.

430 4573 1330 4668 Ᾰῖἑιῖοῖρἶόῖνῖἷιξιέἶί-ὗῖὲζίἰρῖιῖίῐιῖί
1358 4573 1570 4668 ἰξίιῇἑῆιῖ
1601 4573 1786 4668 suis;
1805 4573 2006 4661 tua:
2041 4573 2087 4631 ί)
2119 4573 2296 4668 ’Ἶιῇ

433 4674 491 4718 ut
521 4665 690 4720 multa
744 4667 1004 4721 vocabula
1055 4665 1246 4719 Latina
1283 4681 1310 4718 a
1363 4665 2006 4733 Graecisreciperentur.

431 4734 546 4808 Cir.
579 4734 750 4808 lgnal.
785 4739 853 4791 ad
895 4736 1103 4808 Polyc.,
1137 4752 1190 4808 c._
1302 4733 1538 4808 l-luther:
1565 4732 2009 4808 Dieu'icluiqsten

435 4803 704 4876 Bederiken
736 4823 890 4876 gegen
931 4803 1015 4860 die
1067 4805 1333 4876 Aechtheit
1385 4807 1477 4858 der
1510 4803 1782 4876 Igiiatian.
1837 4807 2012 4876 Briefe

434 4877 487 4930 in
541 4875 754 4948 Illgenii
780 4875 812 4930 ί
853 4877 1196 4948 Ζρίιεριιιήΐμ
1221 4875 1306 4948 Ῑὶὶᾷι*
1335 4876 1540 4948 Hister.
1579 4875 1757 4948 Thcol.
1781 4918 1795 4940 ,
1841 4887 1878 4930 t.
1917 4875 2005 4940 Xl,

465 4972 487 5008 ε.
510 4962 582 5011 Iv,
603 4945 655 5017 p.
689 4949 756 5002 Pii
776 4946 1362 5017 sq.,et_l)iisterdieek.l.
1390 4963 1460 5017 c.,
1495 4962 1546 5014 p.
1573 4945 1658 4999 66.
1678 4947 1792 5002 Cir.
1821 4948 2006 5017 Steph.

433 4961 487 5070 ρ.
510 4962 582 5011 Iv,
603 4963 655 5017 ι),
689 4961 756 5002 at
776 4962 931 5017 sq.,et
951 4961 1362 5001 uustermeew.
1390 4963 1460 5010 c.,
1495 4962 1544 5014 p.

459 5017 574 5070 hes.
613 5017 757 5072 I.Tr.
781 5022 871 5071 ed.
903 5015 1040 5070 llase.
1073 5034 1117 5072 s.
1154 5034 1203 5070 ν.
1231 5016 1544 5086 λεόπαρδος.

506 5089 619 5157 (65)
662 5088 915 5142 Fortasse
940 5089 1138 5142 milites
1164 5089 1250 5142 isti
1276 5104 1305 5140 a
1333 5088 1662 5142 Christianis
1683 5089 1822 5142 dona
1854 5104 2010 5144 accc-

435 5168 748 5228 perunttut
778 5159 1182 5212 mansuetiores
1211 5173 1338 5228 erga
1375 5158 1878 5228 Ignatiumessent.

507 5228 620 5296 (64)
661 5227 786 5299 Πειξο
824 5229 1010 5287 laudat
1065 5225 1345 5299 Chrysost.
1411 5230 1468 5286 in
1500 5227 1692 5299 lgnatii
1725 5225 2007 5284 Encomio.

435 5294 661 5367 Opp.,'t.
700 5296 764 5360 ll.
801 5315 852 5368 p.
879 5299 1003 5360 3599,
1040 5298 1127 5351 ed.
1153 5294 1266 5368 ΒΒ.
1317 5349 1320 5351 ,

434 5437 449 5494 Ι
483 5362 619 5491 Ἶξὸ)
662 5369 774 5422 Νῦν
798 5362 1034 5441 ἄρχομαι
1065 5367 1310 5438 μαθητὴς
1340 5362 1478 5420 εἶναι
1505 5369 1646 5437 apud
1678 5368 1872 5440 Syrum
1900 5385 2006 5424 non

455 5453 538 5494 em
569 5456 654 5494 lll‘.

455 5449 654 5494 Θαιιιιν.

486 5453 689 5580 ἧιὲὲἴῖι
700 5502 969 5572 νατομαὶ,
987 5503 1321 5574 διαιρέσεις·
1343 5509 1466 5562 [lere
1490 5526 1612 5563 eum
1639 5510 1779 5578 apud
1812 5510 2005 5580 Syrum

434 5595 590 5648 .eque
621 5596 686 5636 ac
714 5582 856 5650 apud
884 5580 1177 5636 Eusebium
1219 5589 1272 5635 et
1298 5580 1708 5649 Hieronymum,
1742 5583 1834 5649 qui
1864 5582 2009 5635 hunc

435 5652 616 5712 locum
654 5654 966 5712 laudarunt,
1002 5652 1207 5717 desint,
1236 5651 1462 5704 delenda
1501 5651 1773 5703 videntur.

505 5722 618 5790 (67)
644 5723 820 5790 Caput
855 5720 921 5774 Vl
953 5723 1110 5775 deest
1140 5722 1192 5774 in
1219 5721 1472 5774 versione
1500 5719 1742 5790 Syriaca,
1783 5731 2008 5789 excepta

437 5792 598 5846 unica
647 5792 913 5849 sententia
936 5834 950 5852 ,
986 5794 1014 5843 ὁ
1045 5792 1102 5842 δὲ
1135 5792 1355 5852 τοκετός
1394 5808 1480 5858 μοι
1516 5791 1824 5853 ἐπίκειται,
1861 5797 2006 5861 quod

439 5863 610 5938 Syrus
664 5879 785 5924 eum
845 5863 1214 5924 celeberrimis
1261 5861 1367 5920 illis
1417 5861 1595 5920 verbis
1653 5878 1682 5917 e
1736 5876 1856 5940 cap.
1897 5861 2004 5931 VII;

2113 4179 2140 4229 ὁ
2173 4177 2305 4248 ἐμὸς
2340 4177 2480 4249 ἔρως
2515 4176 2877 4249 ἐσταύρωται,
2915 4193 2966 4227 κ.
3004 4181 3063 4249 τἒ
3089 4173 3150 4249 λ.Δ
3176 4170 3477 4249 conjungit.
3503 4168 3695 4224 Exstat

2114 4240 2298 4302 autem
2348 4240 2513 4316 caput
2551 4247 2612 4299 Vl
2649 4240 2785 4316 pene
2825 4254 2999 4298 totum
3033 4244 3253 4316 Syr-iace
3282 4240 3354 4296 fin
3387 4240 3693 4316 fragmento

2115 4316 2383 4373 Timothei
2417 4311 2779 4372 Alexandrini
2814 4311 3098 4381 (Cureton,
3136 4315 3172 4368 ι.
3208 4329 3280 4376 c.,
3320 4328 3408 4380 pp.
3443 4311 3689 4381 4‘2,_45).

2186 4389 2301 4469 (63)
2345 4387 2652 4469 Legendum
2681 4379 3210 4469 esw'xulov,‘\'etusn
3246 4379 3692 4469 interpresit'i'tgi-

2119 4449 2244 4523 nus,
2280 4449 2656 4527 interpolator,
2690 4456 3061 4525 Metaphrasla
3102 4462 3157 4510 et
3187 4449 3554 4524 fragmentum
3593 4449 3690 4503 Ti-

2119 4529 2495 4650 mothei‘gvide
2520 4530 2708 4597 supra)
2735 4527 2984 4582 suadent.

2183 4599 2296 4650 (69)
2376 4599 2502 4650 erha
2542 4599 2655 4650 Inee
2698 4612 2868 4650 saera)
2901 4594 2984 4648 Sel

2376 4599 2502 4652 erha
2542 4591 2655 4652 lube
2693 4591 2868 4652 'saerze
2901 4594 3230 4663 Scriptum,
3274 4609 3374 4663 nec
3420 4593 3475 4646 in
3518 4591 3687 4649 veleri

2113 4662 2359 4723 versimie
2409 4667 2622 4735 Latina,
2677 4684 2778 4722 nec
2833 4667 2887 4720 in
2937 4662 3242 4734 fragmento
3275 4662 3551 4717 Timothei
3597 4679 3691 4716 ex~

2114 4749 2283 4793 stant.

2184 4810 2295 4878 (70)
2337 4808 2450 4862 (Il'r.
2485 4805 2626 4861 l’ltil.
2669 4818 2708 4864 1.
2738 4805 3193 4878 21-.η5;ιῖιιῑςδίιιιθ
3239 4804 3449 4878 τοκετός
3484 4819 3582 4873 pro
3611 4804 3690 4856 lu-

2113 4876 2201 4932 ero
2225 4879 2478 4934 sumitur.
2499 4878 2712 4948 Tonpio
2733 4876 3073 4932 ctWoehero
3093 4885 3176 4930 est
3195 4876 3686 4943 τοκετός-ρανιιιδ.

2111 4950 2228 5003 Jac.

2183 5019 2416 5088 (71)Με.
2451 5033 2556 5070 non
2593 5035 2682 5088 μοι
2718 5017 3003 5088 legendum
3035 5031 3157 5068 esse
3191 5022 3374 5088 monet
3399 5012 3687 5088 S_mit|_iius.

2184 5088 2296 5159 (7‘2)
2327 5083 2638 5159 Legi-nilum
2673 5083 2794 5142 esse
2820 5095 2948 5156 pulo
2974 5088 3164 5156 κόσμῳ
3184 5085 3274 5159 ,μὴ
3310 5083 3629 5159 χαρίσησφε,

2110 5174 2158 5221 e.
2193 5153 2276 5211 inc
2301 5159 2397 5210 Dei
2419 5153 2536 5210 esse
2560 5153 3038 5211 volentem—ntimth
3074 5153 3281 5208 tradere
3309 5153 3692 5221 ιιοιὲεεζΧαρί-

2111 5174 2158 5221 e.
2196 5175 2276 5211 mc
2301 5171 2397 5210 lle:
2427 5175 2536 5210 esse
2560 5171 2811 5211 volentem
2843 5171 3038 5211 mundo
3074 5171 3281 5208 traacrc
3309 5171 3488 5209 nattte.
3525 5171 3607 5206 λα
3650 5174 3690 5206 ι-

2111 5227 2426 5293 ζεσθαιῖ--ἱη
2453 5230 2681 5298 gratiam
2707 5229 2938 5295 alicujus
2971 5231 3040 5295 (ρ.
3060 5225 3333 5298 g._mundi)
3365 5224 3570 5297 aliquid
3603 5171 3690 5298 ﬁr-

2110 5317 2244 5363 rcre,
2277 5295 2502 5352 tradere.
2542 5297 2666 5352 llzec
2694 5299 2852 5352 lectio
2882 5295 3178 5369 χαρίσησοε
3212 5311 3317 5347 non
3357 5295 3533 5349 SOil—llll
3564 5295 3694 5416 (Ἥ.ιί-

2113 5387 2259 5416 ιιιιιιιι
2290 5384 2512 5416 sensnm
2536 5369 2763 5416 nrmhet-
2791 5369 2882 5416 sed
2914 5370 3078 5416 etiam
3112 5382 3235 5416 cum
3265 5365 3574 5416 framnento
3649 5365 3691 5416 i-

2113 5387 2259 5422 mum
2290 5384 2512 5423 sensum
2536 5369 2763 5437 przebet,
2791 5365 2892 5422 sed
2906 5365 3078 5423 etiam
3112 5382 3240 5437 eum
3265 5365 3574 5437 fragmento
3599 5365 3691 5437 Ti-

2113 5439 2315 5494 mothei
2373 5434 2600 5510 Syriaco
2645 5434 3693 5510 concordat,kinquo_legitiirLNolite

2109 5513 2321 5579 efficere,
2343 5505 2481 5564 ut'in
2517 5510 2710 5562 mundo
2738 5511 2946 5578 degant.
2972 5505 3152 5579 Codex
3186 5505 3411 5579 Graecus
3442 5505 3692 5579 (Culhcrf

2113 5574 2279 5647 tinus)
2329 5581 2488 5633 habet
2519 5574 3098 5650 χαρήσησΟὲτ-ηιιιηάο
3136 5593 3197 5629 ne
3218 5577 3517 5650 gaudeqtis,
3544 5574 3690 5650 quod

2111 5645 2332 5704 aretiOri
2370 5667 2492 5704 cum
2519 5645 2984 5704 antecedentibus
3016 5663 3156 5702 nexu
3191 5657 3362 5701 caret.
3403 5645 3569 5700 Vetus
3607 5645 3690 5697 in—

2113 5732 2320 5790 terpres
2352 5719 2580 5775 Latinus
2611 5720 2736 5788 legit
2767 5735 2780 5771 ;
2809 5720 2907 5771 Διὰ
2939 5720 3142 5788 κόσμου
3173 5715 3234 5790 οῦ
3270 5734 3335 5787 με
3363 5715 3686 5788 χωρίζησοε,

2112 5787 2482 5860 permundum
2524 5807 2583 5842 ne
2612 5787 2865 5858 separetis
2899 5807 2998 5853 me,
3024 5787 3100 5860 se.
3144 5805 3171 5841 a
3207 5787 3336 5860 Deo.

2183 5862 2296 5933 ‘75)
2336 5860 2391 5917 1"
2419 5857 2675 5917 νυνδίοιισ
2698 5861 2890 5923 Latina
2930 5859 3174 5940 sequitur
3211 5877 3220 5912 :
3262 5857 3436 5925 Neque
3466 5870 3549 5925 per
3577 5872 3690 5908 ωας
