4134 6456
474 389 584 445 683

1710 393 2047 450 EPISTOLA
2100 394 2191 447 AD
2228 394 2583 451 ROMANOS.

3650 386 3756 443 ονι

476 510 666 568 λαϐεῖν
684 531 697 545 ·
731 515 850 570 ἐκεῖ
883 516 1347 590 παραγενόμενος,
1370 516 1651 589 ἄνθρωπος
1681 516 1815 569 Θεοῦ
1842 517 2057 587 ἔσομαι.

2169 528 2401 572 latorem
2450 532 2571 572 esse
2614 514 2886 586 passionis
2923 513 3011 568 Dei
3052 512 3178 567 mei.
3237 510 3292 565 Si
3324 510 3448 580 quis
3501 510 3650 563 illum
3699 509 3753 561 in

479 605 594 678 (74)
635 605 995 681 Ἑπιτρέψατέ
1029 626 1117 680 μοι
1142 607 1385 680 μιμητὴν
1429 607 1570 663 εἶναι
1615 608 1707 661 τοῦ
1735 608 1943 671 πάθους
1973 608 2067 662 τοῦ

476 696 613 751 Θεοῦ
662 716 783 770 μου.
812 700 883 754 Εἴ
907 719 991 765 τις
1025 701 1187 755 αὑτὸν
1226 704 1284 755 ἐν
1320 699 1498 771 ἑαυτῷ
1527 700 1671 772 ἔχει,
1744 699 2009 770 νοησάτω,
2039 699 2067 752 ὃ

477 788 637 856 θέλω,
665 793 760 846 καὶ
785 793 1139 865 συμπαθείτω
1170 811 1282 866 μοι,
1308 793 1464 857 εἰδὼς
1493 793 1561 847 τὰ
1585 792 1876 864 συνέχοντὰ
1911 809 1998 864 με.

2178 610 2358 678 seipse
2400 609 2584 674 habet,
2632 608 2915 675 intelligat,
2961 605 3091 675 quid
3132 603 3315 668 velim,
3365 611 3420 657 et
3462 601 3755 657 commise-

2172 707 2358 754 reatur
2386 700 2517 767 mei,
2541 700 2721 755 sciens
2757 712 2879 768 qua:
2920 711 3006 752 me
3042 705 3340 751 coarctent.

1354 912 1465 969 VII.
1503 912 1643 967 Mori
1676 912 1938 981 desidero,
1970 929 2091 966 nam
2122 927 2272 965 amor
2301 925 2447 962 meus
2478 907 2767 976 cruciﬁxus
2796 914 2897 960 est.

548 1027 665 1100 (75)
704 1029 763 1084 Ὀ
792 1031 975 1104 ἄρχων
991 1032 1086 1087 τοῦ
1115 1033 1312 1098 αἰῶνος
1326 1032 1516 1088 τούτου
1532 1033 1832 1105 διαρπάσαι
1852 1051 1919 1105 με
1938 1033 2063 1104 βού-

478 1115 659 1185 λετ-αι,
711 1120 806 1174 καὶ
852 1121 952 1193 τὴν
998 1122 1080 1187 εἰς
1123 1122 1257 1177 Θεόν
1306 1140 1406 1195 μου
1448 1121 1675 1196 γνώμην
1727 1122 2061 1195 διαφθεῖραι.

479 1208 686 1278 Μηδεὶς
733 1206 827 1264 οὖν
874 1209 984 1264 τῶν
1028 1211 1311 1283 παρόντων
1360 1212 1513 1283 ὑμῶν
1566 1213 1831 1285 βοηθείτω
1880 1212 2059 1284 αὐτῷ’

480 1300 684 1371 μᾶλλον
715 1300 852 1373 ἐμοῦ
886 1301 997 1375 (76)
1030 1302 1277 1372 γίνεσθε,
1311 1305 1593 1358 τουτέστιν
1637 1304 1731 1358 τοῦ
1765 1304 1921 1359 Θεοῦ.
1972 1305 2063 1377 Μὴ

479 1390 690 1446 λαλεῖτε
749 1392 957 1466 Ἰησοῦν
1006 1395 1280 1467 Χριστὸν,
1356 1395 1562 1466 κόσμον
1614 1395 1672 1448 δὲ
1724 1395 2058 1466 ἐπιθυμεῖτε.

480 1484 762 1540 Βασκανία
814 1488 873 1539 ὲν
920 1486 1050 1557 ὑμῖν
1102 1485 1177 1558 μὴ
1222 1487 1571 1541 κατοικείτω.
1641 1487 1788 1557 Μηδ’
1840 1486 1907 1540 ἂν
1952 1485 2063 1555 ἐγὼ

479 1577 674 1649 παρὼν
720 1579 1028 1650 παρακαλῶ
1070 1580 1251 1650 ὑμᾶς,
1298 1578 1561 1650 πεισθητέ
1597 1596 1717 1650 μοι⁸
1766 1578 1977 1642 τούτοις
2008 1578 2065 1631 δὲ

481 1669 682 1740 μᾶλλον
730 1669 1011 1742 πείσθητε,
1046 1665 1128 1735 οἷς
1160 1672 1356 1743 γράφω
1402 1671 1551 1741 ὑμῖν.
1588 1669 1706 1723 Ζῶν
1762 1669 1896 1741 [(77)
1931 1668 2064 1741 γὰρ]

477 1759 676 1831 γράφω
708 1760 860 1831 ὑμῖν,
895 1760 1037 1832 ἐρῶν
1070 1759 1162 1814 τοῦ
1196 1760 1508 1815 ἀποθανεῖν.
1547 1758 1733 1831 (78)Ὀ
1765 1759 1896 1830 ἐμὸς
1929 1757 2066 1830 ἔρως

477 1849 856 1923 ἐσταύρωται,
891 1851 985 1905 κα).
1018 1851 1119 1904 οὐκ
1151 1850 1298 1905 ἔστιν
1331 1852 1389 1905 ἐν
1424 1851 1547 1921 ἐμοὶ
1582 1850 1692 1922 πῦρ
1723 1850 1833 1921 (79)
1884 1849 2068 1920 φιλόῡ-

476 1938 568 1993 λον
591 1959 604 1972 ·
646 1941 759 2013 (80)
794 1942 941 2010 ὕδωρ
973 1943 1028 1996 δὲ
1063 1940 1171 2006 ζῶν
1204 1942 1301 1995 κα).
1351 1940 1545 1996 λαλοῦν
1579 1943 1635 1994 ὲν
1670 1941 1793 2013 ἐμοὶ
1814 1983 1827 2006 ,
1866 1939 2067 1993 ἔσωθέν

479 2049 570 2104 μοι
615 2033 809 2102 λέγονο
840 2034 1010 2106 Δεῦρο
1057 2035 1195 2105 πρὸς
1258 2034 1347 2086 τὸν
1393 2033 1636 2104 Πατέρα.
1699 2034 1812 2104 Οὐχ
1869 2034 2067 2104 ἥδομαι

2244 1029 2505 1098 Princeps
2533 1027 2698 1097 hujus
2726 1025 2914 1083 saeculi
2961 1038 3157 1094 rapere
3189 1038 3275 1078 me
3297 1023 3435 1086 vult,
3463 1035 3753 1103 meamque

2170 1136 2299 1192 erga
2348 1121 2519 1177 Deum
2566 1119 2905 1174 voluntatem
2962 1128 3337 1187 corrumpere.
3393 1113 3566 1170 Nemo
3618 1130 3752 1185 ergo

2172 1222 2439 1277 vestrum,
2471 1212 2564 1281 qui
2591 1213 2818 1278 adestis,
2860 1210 3013 1264 illum
3041 1211 3292 1280 adjuvet;
3325 1209 3427 1264 mei
3461 1209 3664 1279 potius,
3695 1207 3753 1262 id

2171 1313 2255 1360 est
2299 1304 2416 1371 Dei,
2459 1303 2791 1359 eiliciamini.
2852 1300 2969 1357 Non
3024 1301 3315 1371 loquimini
3360 1298 3546 1356 Jesum
3590 1298 3753 1355 Chri—

2170 1407 2338 1464 stum,
2394 1397 2661 1451 mundum
2719 1397 3191 1467 concupiscentcs.
3242 1394 3449 1450 invidia
3500 1395 3555 1449 in
3597 1394 3753 1451 vobis

2172 1504 2238 1543 ne
2283 1487 2508 1543 habitet.
2560 1486 2767 1557 Neque,
2817 1487 2871 1561 si»
2904 1502 3012 1558 ego
3061 1502 3306 1557 przesens
3358 1502 3458 1542 vos
3507 1501 3751 1554 orarem,

2172 1582 2411 1638 credatis
2460 1581 2626 1649 mihi;
2674 1582 2761 1636 his
2797 1579 3000 1652 potius,
3032 1595 3157 1650 qua:
3188 1580 3345 1636 vobis
3386 1580 3592 1645 scribo,
3632 1594 3754 1636 cre-

2172 1674 2334 1730 datis.
2367 1674 2567 1729 Vivens
2610 1673 2754 1727 enim
2805 1672 2989 1729 scribo
3022 1674 3197 1740 vobis,
3239 1674 3379 1728 mori
3412 1672 3751 1731 desiderans.

2172 1771 2342 1823 Amor
2389 1783 2546 1823 meus
2593 1768 2891 1823 crueilixus
2935 1775 3041 1833 est,
3090 1780 3192 1822 nec
3241 1774 3325 1821 est
3371 1766 3426 1820 in
3472 1780 3561 1820 me
3610 1764 3754 1833 ignis

2172 1858 2414 1914 materiai
2446 1874 2672 1923 amans;
2709 1857 2801 1913 sed
2829 1858 3017 1912 vivens
3053 1867 3105 1911 et
3140 1856 3371 1925 loquens
3408 1872 3550 1926 aqua
3582 1856 3636 1909 in
3668 1869 3755 1910 me

2172 1959 2284 2013 est,
2332 1948 2465 2002 mihi
2521 1948 2752 2004 interius
2800 1950 2988 2004 dicens
3025 1967 3036 2001 :
3072 1948 3204 2003 Veni
3245 1948 3312 2002 ad
3340 1947 3580 2003 Patrem.
3629 1945 3751 2003 Non

2172 2040 2415 2095 delector
2462 2040 2724 2095 alimento
2762 2039 3129 2110 corruptibili,
3180 2054 3355 2109 neque
3382 2037 3753 2109 voluptatibus

476 2123 651 2193 τροφῇ
704 2123 943 2194 φθορᾶς,
1024 2123 1144 2177 οὐδὲ
1216 2123 1429 2194 ἡδοναῖς
1506 2121 1599 2175 τοῦ
1664 2122 1774 2193 βίου
1851 2123 2060 2177 τούτου.

2165 2113 2338 2200 hujus
2388 2132 2601 2185 mundi.
2654 2130 2854 2186 Panem
2902 2131 2995 2186 Dei
3042 2132 3187 2197 volo,
3220 2145 3413 2199 panem
3450 2130 3751 2192 caelestem,

478 2213 593 2287 (81)
615 2216 813 2288 Ἀρτον
829 2215 964 2269 Θεοῦ
982 2216 1140 2280 θέλω,
1160 2216 1324 2288 ἄρτον
1341 2217 1400 2268 οὐ
1412 2216 1612 2288 ράνιον,
1631 2217 1795 2288 ἄρτον
1823 2217 1989 2287 ζωῆς,
2005 2217 2063 2280 ὃς

475 2306 624 2362 ἔστιν
643 2307 780 2380 σὰρξ
794 2307 969 2379 Ἰησοῦ
984 2308 1243 2380 Χριστοῦ,
1261 2308 1352 2361 τοῦ
1368 2308 1496 2362 Υἰοῦ
1516 2308 1608 2362 τοῦ
1625 2308 1782 2375 Θεοῦ,
1802 2308 1895 2361 τοῦ
1913 2326 2065 2378 γενο-

479 2397 641 2471 μένου
676 2402 733 2454 ὲν
755 2400 969 2472 ὑστέρῳ
1004 2402 1068 2453 ὲκ
1105 2400 1418 2472 σπέρματος
1450 2400 1614 2453 Δαϐὶδ
1646 2401 1737 2454 καὶ
1782 2400 2063 2472 Ἀϐραάμο

477 2492 570 2546 καὶ
604 2492 755 2564 πόμα
790 2493 902 2565 (82)
934 2493 1070 2547 Θεοῦ
1106 2494 1263 2559 θέλω,
1314 2495 1374 2549 τὸ
1426 2490 1565 2566 αἷμα
1615 2495 1803 2561 αὑτοῦ,
1858 2497 1886 2550 ὅ
1919 2496 2066 2550 ἐστιν

474 2583 664 2656 ἀγάπη
698 2584 996 2657 ἄφθαρτος,
1034 2585 1127 2638 καὶ
1158 2585 1386 2649 ἀένναος
1412 2584 1544 2655 ζωή.

2171 2236 2367 2291 panem
2412 2221 2555 2286 vitae,
2603 2222 2696 2290 qui
2736 2230 2819 2275 est
2870 2236 2998 2276 caro
3046 2220 3175 2275 Jesu
3220 2220 3445 2285 Christi,
3482 2220 3604 2273 Filii
3634 2219 3755 2284 Dei,

2173 2313 2264 2382 qui
2291 2313 2578 2381 posteriori
2610 2325 2851 2382 tempore
2880 2329 2945 2367 ex
2977 2312 3184 2368 semine
3208 2312 3375 2366 David
3399 2321 3452 2368 et
3474 2312 3751 2367 Abraham

2172 2405 2354 2460 factus
2387 2414 2501 2471 est;
2546 2414 2599 2459 et
2643 2415 2832 2475 potum
2862 2406 2957 2460 Dei
2990 2406 3135 2473 volo,
3184 2406 3507 2475 sanguinem
3555 2404 3750 2475 ipsius,

2174 2497 2266 2568 qui
2295 2508 2380 2554 est
2408 2498 2649 2553 eharitas
2688 2498 3121 2569 incorruptibilis
3161 2507 3216 2553 et
3260 2498 3371 2553 vita
3399 2499 3675 2568 perennis.

1814 2702 1948 2758 VIII.
1983 2702 2231 2756 Faveatis
2262 2702 2411 2756 mihi.

546 2793 659 2866 (85)
691 2794 890 2849 Οὐκέτι
922 2794 1062 2849 θέλω
1084 2794 1195 2866 (84)
1227 2794 1368 2849 κατὰ
1393 2795 1715 2868 ἀνθρώπους
1738 2798 1856 2869 ζῇν.
1895 2796 2067 2851 Τοῦτο

2244 2795 2382 2851 Nolo
2413 2797 2648 2866 amplius
2690 2797 2990 2853 secundum
3026 2798 3279 2853 homines
3310 2798 3511 2852 vivere.
3563 2795 3618 2852 ld
3650 2811 3751 2851 au-

1822 2941 2005 3002 Vetus
2060 2941 2394 3017 interpres.

476 3072 646 3130 stum,
685 3080 850 3135 quam
865 3079 1109 3138 regnare
1129 3080 1297 3135 super
1323 3067 1587 3138 terminos
1618 3079 1795 3122 teme.
1822 3067 1975 3122 Illum
2001 3083 2189 3138 quaero
2218 3067 2311 3138 qui
2336 3080 2437 3136 pro
2462 3066 2622 3121 nobis
2650 3074 2903 3119 mortuus
2930 3074 3013 3120 est
3038 3085 3052 3132 ;
3082 3063 3236 3138 ilium
3266 3065 3395 3121 volo
3418 3068 3508 3133 qui
3532 3071 3755 3138 propter

476 3149 577 3189 nos
602 3133 922 3209 resurrexit.
953 3136 1046 3190 llle
1073 3133 1287 3192 lucrum
1320 3137 1454 3192 mihi
1482 3139 1711 3207 adjacet.
1748 3133 2033 3209 Ignoscite
2047 3138 2203 3201 mihi,
2231 3133 2427 3192 fratres
2452 3151 2602 3191 :non
2634 3138 2941 3209 impediatis
2975 3152 3064 3192 me
3092 3137 3296 3209 vivere,
3332 3150 3441 3209 non
3465 3133 3643 3209 velitis
3665 3147 3755 3188 me

476 3205 638 3260 mori.
676 3205 769 3279 Dei
803 3206 1075 3279 volentem
1101 3221 1371 3279 essetper
1407 3204 1673 3263 mundum
1729 3204 1840 3263 non
1888 3210 2155 3279 separetis
2197 3223 2306 3270 me,
2359 3222 2537 3279 neque
2583 3223 2681 3276 per
2710 3204 3002 3262 materiam
3039 3206 3342 3279 seducatis.
3370 3204 3638 3279 Dimittjte
3665 3217 3754 3279 me

475 3290 673 3346 purum
707 3277 889 3330 lumen
922 3277 1196 3345 accipere;
1224 3272 1353 3332 illuc
1385 3279 1710 3341 adveniens,
1737 3279 1905 3334 homo
1934 3272 2052 3334 ero.
2089 3278 2267 3332 Sinite
2298 3293 2385 3333 me
2434 3272 2762 3331 imitatorem
2798 3292 2921 3332 esse
2949 3277 3227 3346 passionis
3252 3276 3346 3331 Dei
3378 3274 3507 3331 mei.
3543 3272 3603 3329 Si
3626 3273 3752 3345 quis

476 3355 656 3418 ipsum
687 3346 744 3401 in
772 3346 953 3416 seipse
979 3347 1165 3415 habet,
1191 3347 1460 3419 intelligat
1487 3350 1633 3419 quod
1660 3348 1819 3415 volo;
1856 3358 1910 3404 et
1939 3350 2309 3419 compatiatur
2327 3347 2483 3415 mihi,
2508 3349 2687 3404 sciens
2724 3363 2846 3417 quae
2874 3348 3156 3404 continent
3187 3361 3288 3401 me.

1922 3486 2154 3543 CAPUT
2195 3484 2309 3540 VII.

547 3579 813 3654 Princeps
838 3583 1024 3654 saeculi
1056 3584 1221 3653 hujus
1245 3598 1437 3653 rapere
1468 3600 1554 3638 me
1577 3584 1710 3648 vult,
1742 3592 1795 3639 et
1823 3599 1943 3638 eam
1975 3600 2098 3654 qua:
2128 3584 2181 3637 in
2214 3582 2384 3654 Deum
2419 3596 2608 3654 meum
2623 3580 2950 3654 sententiam
2973 3593 3349 3654 corrumpere.
3371 3577 3565 3654 lﬂuilus
3586 3577 3753 3654 igitur

476 3647 831 3720 prtesentium
860 3653 928 3724 de
954 3654 1112 3710 vobis
1130 3647 1399 3723 'adjuvet;
1434 3655 1535 3724 ipsi
1565 3647 1747 3708 autem
1779 3654 1954 3724 magis
1982 3647 2089 3707 mei
2125 3653 2287 3724 ﬁatigs,
2308 3652 2429 3724 hoc
2467 3659 2552 3707 est
2577 3650 2673 3706 Dei
2710 3652 2838 3724 mei.
2868 3648 2988 3706 Non
3027 3647 3321 3719 loquimini
3367 3647 3556 3724 Jesum

3648 3650 3748 3704 tri-

476 3731 644 3794 stum,
669 3731 723 3776 et
752 3723 1016 3794 mundum
1056 3720 1483 3794 concupiscatis.
1513 3725 1722 3779 Invidia
1757 3724 1811 3777 in
1840 3720 1999 3778 vobis
2033 3739 2139 3777 non
2174 3722 2470 3794 inhabitet;
2514 3736 2693 3794 neque
2727 3721 3045 3794 utiqueego
3067 3735 3164 3794 vos
3183 3734 3427 3794 pmsens
3458 3720 3749 3794 deprecor,

476 3793 683 3865 credite
704 3792 870 3865 mihi.
898 3790 995 3865 [Iis
1025 3802 1207 3849 autem
1237 3788 1417 3863 inagis
1449 3795 1653 3849 credite
1684 3809 1805 3865 qua:
1833 3795 2020 3848 scribo
2043 3792 2430 3865 vobis.Viveﬁns
2461 3788 3027 3865 enim'scribo’vobis,
3046 3788 3373 3865 desiderans
3394 3788 3751 3865 mori.Meu_m

476 3862 812 3935 desiderium
847 3864 1180 3935 cruciﬁxum
1208 3874 1312 3931 est;
1336 3859 1524 3935 ‘étillon
1550 3874 1634 3919 est
1677 3859 1731 3935 in
1771 3879 1859 3919 me
1914 3865 2056 3935 ignis
2103 3878 2294 3935 amans
2320 3863 2559 3935 aliquam
2608 3877 2846 3935 aquam;
2879 3862 2971 3935 sed
2998 3861 3198 3935 vivens
3227 3868 3291 3935 et
3311 3861 3542 3935 loquens
3561 3867 3656 3935 _est_.
3686 3859 3744 3914 in

476 3948 596 3998 me;
626 3933 775 3987 intus
808 3948 895 3986 me
927 3933 1060 3990 dicit
1089 3953 1103 3990 :
1136 3934 1273 3989 Veni
1301 3930 1367 3989 ad
1400 3934 1641 3990 Patrem.
1676 3934 1793 3991 Non
1828 3930 2070 3990 delector
2100 3934 2226 3988 cibo
2280 3933 2674 4000 corruptionis,
2720 3947 2898 4001 neque
2926 3930 3381 3985 delectationibus
3406 3931 3530 3985 vitaz
3561 3930 3749 3998 hujus.

478 4003 681 4075 Panem
717 4003 809 4075 Dei
834 4002 997 4069 volo;
1032 4007 1179 4074 quod
1214 4014 1299 4060 est
1325 4020 1454 4059 caro
1485 4003 1614 4060 Jesu
1639 4004 1867 4070 Christi,
1899 4005 2021 4074 ejus
2049 4005 2143 4075 qui
2166 4019 2232 4058 ex
2262 4018 2461 4075 genere
2487 4001 2654 4056 David
2685 4010 2775 4056 :et
2804 4011 2994 4071 potum
3020 4002 3146 4056 volo
3178 4001 3503 4072 sanguinem
3537 4001 3746 4071 ipsius;

1919 4144 2152 4200 CAPUT
2195 4143 2306 4199 Vill

549 4236 670 4295 Non
701 4239 939 4310 amplius
970 4239 1094 4294 volo
1132 4241 1434 4295 secundum
1468 4241 1722 4296 homines
1749 4239 1964 4305 vivere;
2012 4238 2119 4293 hoc
2154 4246 2346 4292 autem
2376 4237 2502 4303 erit,
2534 4237 2581 4292 si
2651 4254 2749 4293 vos
2788 4237 2986 4293 velitis.
3033 4235 3206 4293 Velite
3227 4246 3432 4303 autem,
3460 4245 3519 4290 ut
3555 4244 3611 4292 et
3651 4253 3751 4293 vos

477 4072 625 4144 quod
648 4082 731 4129 est
756 4074 1001 4129 Charitas
1032 4072 1485 4145 incorruptibilis.

480 4357 670 4412 teriam
714 4357 1007 4413 seducatis.
1080 4356 1206 4413 Haec
1251 4359 1307 4414 in
1360 4359 1548 4415 codice
1588 4360 1780 4415 Graeco
1823 4360 2055 4425 desunt;

477 4429 570 4499 sed
597 4428 914 4499 legebantur
939 4429 1069 4483 olim
1103 4444 1133 4483 a
1158 4427 1448 4485 Timotheo
1475 4430 1870 4495 Alexandrino,
1905 4439 1965 4485 ut
1991 4444 2060 4485 ex

481 4497 789 4620 fragmento
818 4499 1066 4568 ejusdem
1091 4498 1350 4578 (Curetgn
1371 4500 1408 4554 ι.
1428 4498 1879 4620 ο.)1[›ειέρὶοἱιιιι“.
1952 4548 1955 4551 .

548 4570 564 4620 l
608 4565 1128 4620 Li'Emmé’tlrats..
1152 4570 1302 4620 Θεου
1318 4586 1456 4620 [λου.
1525 4587 1605 4620 aee
1638 4588 1745 4620 non
1782 4572 1955 4620 solum

548 4565 662 4639 (74)
683 4565 1128 4639 Ἐπιίρέψατε
1152 4567 1302 4622 Θεοῦ
1312 4586 1456 4638 μου.
1478 4565 1605 4627 Hice
1638 4565 1745 4625 lion
1782 4572 1960 4627 solum
2002 4573 2059 4626 in

476 4636 1244 4713 (ra'gmentoTtmothei,sed
1294 4636 1457 4695 etiam
1498 4642 1565 4713 Ain
1596 4641 1837 4713 Syriacis
1870 4642 2060 4697 Severi

472 4708 807 4833 ἒὲιιίἓδὴοςιδ
857 4708 1182 4780 fragmentis
1210 4720 1444 4767 exstant.
1483 4708 1750 4780 Cureion,
1793 4712 1833 4767 Ι.
1864 4729 1936 4779 c.,
1964 4730 2056 4784 pp.

551 4819 566 4840 9
599 4815 691 4845 ειν,
730 4815 821 4833 uva

546 4849 662 4919 (75)
694 4848 870 4920 Major
890 4864 1022 4921 pars
1050 4851 1245 4921 capitis
1276 4850 1462 4921 hujus,
1502 4853 1808 4921 praesertim
1839 4852 2058 4907 initium

474 4934 654 4988 usque
704 4921 772 4995 ad
817 4920 845 4972 ὁ
883 4920 1184 4995 ξμοςψὲρως
1232 4939 1371 4995 aegr.
1407 4923 1480 4995 λη
1504 4920 1659 4995 apud
1696 4923 1920 4995 Syrumg
1947 4939 2059 4977 non

472 4997 684 5063 exstat:
706 4988 931 5063 P_hrasis
953 4992 981 5043 ὁ
1012 4988 1195 5063 ἅρχων
1226 4992 1321 5045 τοῦ
1347 4991 1541 5050 αἰῶνος
1558 4988 1763 5063 ίτούτού
1796 5009 1862 5049 ex
1882 4992 2060 5048 Evan-

475 5060 629 5133 gelia
652 5059 893 5133 S._Joau.
930 5059 1132 5133 svu'ij
1171 5063 1453 5133 desumpta
1484 5062 1718 5118 videtur.

567 5130 657 5195 76)
700 5131 791 5187 Sc.
828 5131 889 5201 βο
930 5130 1032 5184 θοι.
1079 5130 1369 5187 CLERICUS.

543 5130 661 5267 $77)
700 5150 947 5256 Addeuii.
974 5210 1058 5256 est
1084 5202 1193 5267 γάρ
1216 5218 1281 5257 ex
1307 5218 1369 5257 ve

571 5200 661 5273 77)
700 5200 947 5273 ᾼᾴόοηά.
974 5210 1058 5256 est
1084 5202 1193 5273 γάρ
1216 5218 1281 5257 ex
1307 5202 1477 5273 veteri
1505 5202 1821 5271 interprete.
1857 5202 2052 5259 Situm.

547 5270 663 5342 (78)
702 5270 802 5326 Hic
828 5272 988 5345 locus
1022 5270 1199 5345 exstat
1234 5274 1380 5345 apud
1420 5270 1696 5345 Syrumet
1743 5276 1797 5327 in
1829 5275 2056 5345 Syriaco

474 5339 782 5415 fragmento
827 5341 1073 5415 Dionysii
1115 5339 1563 5415 Areopagim'De
1599 5344 1792 5415 diviuis
1837 5339 2059 5398 nomini-

476 5410 595 5483 ραις,
624 5411 720 5466 lib.
747 5428 831 5477 ιιι,
859 5429 908 5467 c.
935 5410 990 5479 4ξ
1024 5410 1285 5467 (Ξυι-ειυιιῖ
1318 5410 1359 5467 ΙΙ
1387 5429 1462 5475 c.,
1488 5430 1539 5483 p,
1565 5415 1655 5468 54.
1691 5414 1845 5469 llunc
1877 5416 2055 5469 locum

473 5480 736 5554 Origenes
757 5499 977 5554 quoque
1006 5484 1213 5548 laudat,
1241 5483 1379 5554 Opp.
1408 5492 1450 5538 t.
1474 5480 1565 5549 ΠΙ,
1590 5500 1641 5553 p.
1668 5484 1758 5549 50,
1783 5485 1869 5539 ed.
1902 5486 2053 5540 Ruae.

472 5552 669 5626 A_l_iigin
700 5554 803 5607 hoc
835 5552 957 5626 loco
987 5552 1310 5623 explicando
1327 5552 1439 5621 wper
1473 5552 1705 5608 amorem
1750 5556 2057 5626 intelligunt

474 5620 783 5693 Christum;
810 5624 901 5677 alii
934 5620 1413 5693 concupiscentiam
1439 5642 1617 5679 rerum
1638 5620 2051 5681 mundanafum.

546 5692 660 5762 (79)
712 5691 788 5748 lta
827 5695 988 5749 habet
1040 5691 1209 5750 codex
1233 5694 1585 5750 Colhertinus
1640 5711 1765 5749 cum
1798 5695 2056 5751 Simeone

473 5758 844 5836 Metiphrasla
872 5763 1165 5820 ctMenwis
1194 5765 1416 5820 ercis.
1445 5765 1805 5836 lntcrpolator
1834 5768 2049 5821 exhibet

474 5831 862 5907 φιλοῦντι,ουί
915 5838 1208 5903 τοδρυιιάρι
1237 5845 1391 5891 vetus
1431 5831 1806 5907 interpretatio
1836 5838 2049 5891 Latina:

475 5901 603 5959 Non
633 5914 711 5958 eu
748 5905 801 5959 in
841 5922 919 5960 me
955 5901 1091 5967 illius
1119 5924 1303 5960 amans
1338 5901 1802 5975 aliquam'aqumn
1840 5909 2053 5979 (aquam

2167 4366 2347 4412 autem
2382 4358 2618 4427 pertinet
2652 4357 2719 4413 ad
2744 4355 3081 4427 sequentia).
3126 4355 3223 4412 His
3250 4356 3485 4412 ducibus
3513 4354 3751 4412 Pearso—

2166 4444 2293 4491 nus,
2331 4426 2600 4483 Stuithius
2637 4438 2692 4483 et
2723 4426 3065 4483 Jacobsonus
3111 4428 3403 4496 legendum
3448 4442 3572 4482 esse
3617 4444 3752 4482 sua-

2167 4500 2298 4553 dent
2331 4517 2343 4552 :
2376 4498 2617 4570 φιλοῦντι
2648 4518 2721 4549 :
2748 4497 2943 4570 spitium
2967 4538 2982 4561 ,
3031 4498 3087 4551 in
3128 4514 3216 4570 me
3253 4506 3466 4552 amante
3528 4513 3629 4570 non
3672 4508 3751 4553 est

2089 4602 2135 4663 ο
2166 4569 2676 4663 ξῃηξεηεειίιᾳᾳιια,
2723 4568 2827 4623 etc.
2875 4568 3046 4663 Syrus
3082 4568 3283 4663 vertit,
3307 4584 3428 4663 “uec
3465 4569 3637 4663 cnsilia
3656 4586 3751 4663 [me

2165 4637 2303 4710 ignis
2347 4642 2402 4692 in
2443 4637 2558 4692 alio
2585 4655 2800 4702 amore;
2835 4637 2947 4710 quo
2981 4640 3058 4705 tit,
3104 4646 3163 4693 ut
3190 4637 3501 4694 Curetonus
3544 4637 3622 4708 (p.
3656 4640 3748 4705 99,

2164 4709 2219 4765 n.
2249 4711 2340 4775 54)
2372 4725 2495 4765 eum
2526 4725 2745 4779 quoque
2774 4709 3016 4777 φιλοῦντι
3049 4710 3244 4779 legisse
3270 4719 3436 4777 putet.

2235 4780 2348 4849 (80)
2379 4779 2494 4833 Cir.
2518 4778 2679 4834 Joati.
2715 4795 2811 4851 vn,
2842 4779 2929 4833 38.
2964 4778 3148 4851 Ὕδωρ
3178 4779 3371 4851 λαλοῦν
3400 4787 3485 4833 est
3511 4778 3749 4851 Spiritus

2163 4860 2409 4915 sanctus,
2450 4851 2689 4903 monitor
2736 4850 2802 4902 ad
2853 4849 3199 4919 martyrium.
3249 4849 3599 4919 "l‘omp—t‘ov
3637 4868 3747 4903 παν

2163 4922 2295 4993 τέρα
2323 4922 2475 4993 deest
2504 4922 2556 4974 in
2575 4920 2841 4993 versiorte
2874 4918 3118 4993 Syriaca.

2235 4992 2348 5061 (81)
2389 4990 2543 5045 Hune
2575 4992 2753 5044 locum
2778 4989 3013 5061 Grabius
3048 4999 3099 5061 et
3128 4987 3528 5061 Wocherusde
3559 5003 3749 5061 sacra-

2163 5056 2347 5116 mento
2373 5061 2721 5116 eucharistia:
2741 5060 3043 5127 explicant;
3073 5060 3139 5114 de
3172 5061 3344 5128 ipsius
3371 5057 3462 5111 Dei
3492 5056 3749 5114 fruitione

2162 5134 2216 5185 in
2248 5133 2419 5199 cmlo,
2458 5148 2552 5185 seu
2596 5131 2663 5184 de
2709 5140 2911 5184 aeterna
2964 5127 3207 5185 visionis
3236 5127 3328 5199 Dei
3381 5129 3743 5190 beatitudine.

2165 5198 2424 5259 Usserius
2474 5214 2530 5256 et
2560 5200 2884 5255 llalloitius.
2918 5199 3033 5255 Jac.
3082 5199 3195 5254 Cfr.
3225 5198 3387 5252 Joan.
3416 5200 3734 5270 v1.5‘253qq.

2162 5275 2251 5328 51.
2302 5272 2493 5343 Syrius
2522 5273 2654 5343 legit
2693 5286 2705 5322 :
2751 5272 2949 5343 :Aptov
2980 5271 3115 5343 Θεοῦ
3158 5270 3401 5343 θέλω,
3430 5271 3575 5343 ἐστιν
3609 5273 3745 5341 σαρξ

2160 5334 2431 5416 Χριστοῦ,
2474 5334 2672 5416 ιιαὶντὸ
2715 5334 2852 5416 αἷμα
2893 5341 3286 5416 αῦτοῦη-Ηόμα
3329 5339 3486 5404 θέλω,
3526 5341 3554 5392 ὅ
3599 5334 3743 5416 seu»)

2162 5411 2350 5484 ἀγάπη
2392 5413 2689 5484 ἄφθαρτος.
2724 5412 2858 5465 Aliis
2893 5411 3058 5481 igitur
3085 5412 3423 5484 Syrususus
3453 5419 3537 5484 est
3572 5412 3743 5484 signis

2160 5481 2637 5554 interpunetionis,
2690 5498 2797 5554 nec
2837 5497 2961 5554 _nou
3006 5484 3193 5554 omisit
3247 5482 3411 5551 ἄρτον
3463 5481 3740 5551 οὐράνιον,

2159 5552 2323 5627 ἄρτον
2352 5553 2516 5627 ζωῆς,
2547 5563 2602 5608 et
2623 5552 2715 5605 τοῦ
2747 5552 2935 5627 υἱοῦ-
2951 5552 3216 5627 Ἀὅραᾴμτ

2230 5625 2343 5700 (82)
2383 5620 2517 5700 Θεοῦ
2548 5632 2671 5700 post
2714 5624 2896 5692 πόμα,
2931 5633 2984 5700 et
3017 5620 3179 5691 paulo
3197 5620 3350 5700 infra
3382 5623 3486 5700 stat
3520 5623 3743 5700 ἁέννιεος

2162 5692 2275 5768 ζωή
2330 5710 2430 5751 nec
2476 5692 2751 5764 in’Syro,
2796 5709 2892 5747 nec
2944 5694 2996 5746 in
3043 5694 3211 5747 veteri
3252 5694 3505 5747 versione
3548 5692 3740 5748 Lati'na

2157 5777 2354 5823 exstat.

2228 5838 2340 5906 (83)
2371 5838 2548 5905 Caput
2578 5845 2829 5892 octavum
2864 5836 3005 5904 apud
3039 5833 3238 5905 Syrum
3276 5850 3382 5889 non
3414 5835 3627 5905 legitur.

2230 5909 2342 5975 (84)
2404 5910 2557 5961 Κατὰ
2612 5908 2928 5980 ἀνθρώποη·
3016 5908 3132 5958 ’Ἴτ’
3168 5906 3471 5979 ἄνθρωπον,
3519 5906 3738 5963 Dhrasis
