4134 6456
395 380 499 438 695
1330 367 1580 426 SANCTI
1621 365 1881 425 IGNATll
1922 362 2281 421 EPISTOLAE
2316 359 2669 420 GENUINAE.
3542 350 3647 409 690

378 507 486 553 tem
514 488 639 559 ﬁet,
665 497 711 550 si
741 508 840 549 vos
865 492 1170 547 volueritis.
1199 489 1416 555 Velitis,
1449 506 1663 561 precor,
1697 501 1755 545 ut
1784 499 1837 544 et
1864 505 1960 543 vos
1993 497 2010 551 ιι

2012 484 2118 550 (δὲ
2154 484 2337 547 ἔσται,
2387 484 2483 537 ἐὰν
2530 484 2688 554 ὑμεῖς
2734 480 3021 551 Θελήσητε.
3065 474 3374 547 Θελήσατε,
3418 472 3506 527 ἵνα
3553 472 3644 526 καὶ

378 588 809 644 benevolentiam
843 585 1157 641 inveniatis.
1186 584 1383 640 Paucis
1410 585 1603 639 litteris
1628 592 1755 654 peto
1790 600 1821 637 a
1851 598 1951 637 vo-

2051 577 2210 647 ὑμεῖς
2262 574 2542 644 θεληθῆτε.
2601 575 2679 627 Δι’
2733 573 2931 641 ὀλίγων
2986 569 3331 643 γραμμάτων
3390 564 3646 635 αἰτοῦμαι

380 680 499 745 bis;
530 677 733 733 credite
776 675 931 730 mihi.
976 674 1141 731 Jesus
1169 674 1427 730 Christus
1465 675 1623 729 vobis
1660 675 1776 730 haec
1804 684 1956 745 pate-

2055 671 2232 739 ὑμᾶς·
2279 667 2609 722 πιστεύσατέ
2664 684 2776 737 μοι.
2842 664 3051 735 Ἰησοῦς
3106 664 3162 716 δὲ
3224 662 3462 733 Χριστὸς
3517 660 3646 730 ὑμῖν

380 770 559 833 faciet,
608 766 754 837 quod
790 782 919 821 vera
967 766 1195 835 loquar;
1256 765 1375 835 ipse
1410 780 1474 820 os
1534 778 1722 831 verax,
1757 764 1811 818 in
1844 780 1955 833 quo

2064 762 2238 816 ταῦτα
2292 759 2630 831 φανερώσει,
2688 759 2771 812 ὅτι
2816 755 3032 827 ἀληθῶς
3075 754 3245 823 λέγω·
3307 752 3369 806 τὸ
3422 750 3647 821 ἀψευδὲς

378 861 539 915 Pater
568 873 695 914 vere
741 858 959 912 locutus
1006 864 1113 911 est.
1150 854 1323 911 Petite
1354 870 1454 926 pro
1500 870 1608 922 me,
1654 866 1716 909 ut
1765 870 1960 910 conse-

2068 854 2265 924 στόμα,
2303 855 2360 905 ὲν
2393 846 2437 921 ᾧ
2468 853 2497 904 ὁ
2528 850 2723 922 Πατὴρ
2762 848 3024 919 ἐλάλησεν
3070 844 3305 916 άληθῶς.
3341 839 3646 913 Αἰτήσασθε

376 966 536 1022 quar.
586 948 705 1003 Non
737 948 1037 1003 secundum
1069 964 1314 1014 carnem,
1345 947 1439 1003 sed
1469 949 1771 1003 secundum
1801 962 1959 1001 men-

2063 943 2191 1017 περὶ
2224 942 2380 1014 ἐμοῦ,
2417 943 2503 996 ἵνα
2533 940 2795 1012 ἐπιτύχω.
2832 940 2905 993 Οὑ
2940 938 3083 993 κατὰ
3119 938 3297 1008 σάρκα
3328 936 3457 1006 ὑμῖν
3484 933 3650 1004 ἐγρα-

376 1055 488 1099 tem
514 1044 607 1097 Dei
633 1042 793 1097 vobis
836 1040 1053 1110 scripsi.
1098 1038 1157 1094 Si
1201 1042 1404 1110 patiar,
1446 1040 1587 1095 bene
1617 1039 1754 1092 mihi
1786 1038 1962 1093 volui-

2064 1040 2165 1111 ψα,
2216 1039 2353 1094 ἀλλὰ
2395 1036 2536 1092 κατὰ
2580 1036 2807 1107 γνώμην
2853 1033 3011 1087 Θεοῦ.
3059 1031 3185 1085 Ἐὰν
3234 1030 3413 1094 πάθω,
3453 1028 3647 1099 ἠθελή-

377 1139 510 1202 stis;
554 1138 638 1191 sin
667 1134 906 1206 rejiciar,
940 1133 1155 1189 odistis.

2070 1147 2198 1184 σατε
2218 1147 2231 1159 ·
2268 1128 2364 1181 ἐὰν
2394 1125 2837 1199 άποδοκιμασθῶ,
2865 1126 3185 1197 ἐμισήσατε.

1362 1246 1456 1302 ΙΧ.
1489 1247 1649 1303 Orate
1680 1264 1774 1317 pro
1806 1245 2045 1302 Ecclesia
2086 1248 2277 1319 εμπ-ἰαί.
2316 1245 2607 1300 Salutatio.

449 1348 720 1403 Memores
765 1355 941 1402 estote
984 1348 1038 1400 in
1070 1346 1322 1417 precibus
1348 1346 1545 1401 vestris
1580 1343 1831 1399 Ecclesia:
1860 1340 1961 1414 Sy-

2132 1343 2244 1414 (85)
2284 1338 2670 1411 Μνημονεύετε
2713 1339 2771 1390 ὲν
2819 1338 2885 1409 τῇ
2931 1335 3207 1408 προσευχῇ
3251 1328 3406 1401 ὑμῶν
3447 1326 3545 1399 τῆς
3590 1326 3649 1380 ὲν

375 1437 494 1503 riae,
524 1451 647 1505 qua:
677 1435 785 1489 mei
835 1435 958 1489 loco
986 1432 1098 1488 Deo
1124 1445 1338 1503 pastore
1368 1436 1560 1488 utitur.
1614 1434 1775 1487 Solus
1801 1431 1960 1487 Jesus

2066 1436 2240 1507 Συρίᾳ
2287 1432 2629 1505 Ἐκκλησίας,
2662 1431 2785 1501 ἥτις
2817 1430 2939 1485 ἀντὶ
2982 1426 3116 1499 ἐμοῦ
3164 1424 3381 1496 ποιμένι
3420 1421 3498 1493 τῷ
3529 1418 3648 1490 Θεῷ

374 1525 633 1579 Christus
679 1523 826 1576 illam
871 1523 990 1578 vice
1038 1525 1281 1593 episcopi
1341 1533 1511 1594 reget,
1568 1534 1731 1594 atque
1779 1533 1961 1578 vestra

2062 1528 2284 1599 Χρῆται·
2318 1526 2495 1588 Μόνος
2525 1523 2694 1595 αὐτὴν
2735 1521 2947 1593 Ἰησοῦς
2986 1520 3222 1592 Χριστὸς
3266 1515 3646 1585 ὲπισκοπήσει,

378 1617 640 1672 charitas.
686 1613 801 1685 Ego
844 1623 1024 1669 autem
1057 1615 1345 1677 erubesco,
1387 1632 1450 1670 ex
1497 1630 1687 1669 eorum
1730 1630 1962 1669 numen

2062 1617 2156 1670 καὶ
2203 1614 2420 1687 ήὺμῶν
2453 1614 2660 1684 ἀγάπη.
2709 1610 2850 1680 Ἐγὼ
2896 1611 2952 1665 δὲ
3005 1609 3329 1679 αἰσχύνομαι
3377 1606 3436 1673 ἐξ
3468 1605 3646 1659 αὑτῶν

377 1709 522 1773 dici;
557 1723 666 1762 non
698 1709 843 1762 enim
870 1723 991 1762 sum
1016 1708 1235 1776 dignus,
1262 1716 1448 1777 utpote
1474 1710 1567 1779 qui
1600 1710 1701 1763 sim
1735 1708 1961 1763 ultimus

2062 1708 2355 1777 λέγεσθαι·
2392 1706 2514 1760 οὑδὲ
2549 1705 2659 1777 γὰρ
2692 1704 2842 1771 ἄξιός
2872 1705 3009 1775 εἰμι,
3044 1702 3156 1773 (86)
3190 1701 3265 1754 ὣν
3293 1699 3521 1770 ἔσχατος
3551 1697 3647 1749 αὑ-

378 1816 571 1855 corum
608 1809 660 1854 et
687 1799 987 1853 abortivus.
1022 1798 1225 1853 Verum
1278 1801 1709 1855 misericordiam
1758 1816 1952 1856 conse-
1984 1789 2010 1843 ἶ

2014 1791 2027 1840 ι
2055 1799 2160 1852 τῶν
2194 1800 2287 1853 καὶ
2315 1797 2595 1869 ἐκτρωμα.
2643 1795 2781 1849 Ἀλλ’
2810 1793 3046 1866 ηλέημαι
3078 1811 3161 1857 τις
3184 1788 3343 1854 εἴναι,
3379 1790 3481 1843 ἐὰν
3509 1783 3646 1841 Θεοῦ

380 1902 543 1948 cutus
579 1910 723 1959 sum,
770 1902 824 1948 ut
865 1910 1039 1951 essem
1089 1894 1311 1963 aliquis,
1352 1896 1396 1949 si
1421 1893 1591 1948 Deum
1629 1908 1957 1963 consequar.

2063 1893 2327 1964 ἐπιτύχω.
2381 1891 2713 1955 Ἀσπάζεται
2763 1891 2909 1962 ὑμᾶς
2955 1890 3016 1943 τὸ
3062 1888 3197 1961 ἐμὸν
3238 1884 3455 1957 πνεῦμα
3486 1882 3581 1936 καὶ
3613 1884 3647 1953 ἠ

383 1984 599 2040 Salutat
626 2003 723 2042 vos
755 2004 911 2043 meus
956 1985 1187 2055 spiritus
1217 1994 1270 2038 et
1293 1984 1536 2039 charitas
1568 1982 1961 2049 Ecclesiarum,

2061 1984 2250 2053 ἀγάπη
2283 1982 2391 2035 τῶν
2434 1982 2768 2053 Ἐκκλησιῶν
2796 1981 2904 2035 τῶν
2935 1980 3243 2051 δεξαμένων
3275 1996 3343 2050 με
3376 1979 3456 2040 εἰς
3479 1975 3649 2045 ὄνομα

380 2091 503 2144 quae
530 2094 617 2133 me
655 2089 985 2147 exceperunt
1028 2078 1082 2130 in
1122 2076 1340 2130 nomine
1387 2074 1513 2130 Jesu
1551 2074 1787 2138 Christi,
1842 2091 1951 2128 non

2078 2074 2254 2145 Ἰησοῦ
2285 2073 2544 2145 Χριστοῦ,
2578 2074 2690 2144 (87)
2727 2073 2829 2143 οὑχ
2856 2072 2933 2136 ὼς
2961 2070 3350 2143 παροδεύοντα.
3386 2068 3497 2122 Καὶ
3540 2068 3649 2136 γὰρ

382 2178 442 2221 ιιι
480 2179 872 2225 transeuntem.
906 2170 1119 2224 Etenim
1154 2168 1431 2231 Ecclesiae,
1457 2184 1579 2238 quae
1621 2167 1757 2221 nihil
1785 2167 1851 2221 ad
1879 2182 1967 2221 me

2066 2169 2120 2221 αἱ
2158 2166 2231 2237 μὴ
2268 2164 2378 2237 (88)
2413 2164 2789 2236 προσήκουσαί
2822 2182 2933 2235 μοι,
2991 2166 3056 2235 τῇ
3098 2162 3224 2233 ὁδῷ,
3262 2162 3372 2233 (89)
3410 2164 3475 2232 τῇ
3508 2159 3650 2214 κατὰ

379 2260 745 2328 pertinebant,
789 2261 843 2314 in
871 2261 979 2324 via,
1013 2275 1135 2330 quae
1164 2259 1465 2314 secundum
1491 2273 1711 2314 carnem
1743 2267 1848 2324 est,
1876 2272 1964 2311 me

1549 2273 1711 2313 irnem
1743 2267 1848 2324 est,
1876 2272 1964 2311 me
2071 2258 2271 2329 σάρκα,
2307 2256 2450 2310 κατὰ
2483 2256 2637 2311 πόλιν
2675 2273 2743 2327 με
2778 2256 2888 2326 (90)
2923 2256 3181 2327 προῆγον.

379 2366 477 2420 per
506 2351 753 2407 civitates
780 2352 1204 2408 comitabantur.

1754 2445 1820 2499 X.
1861 2444 2163 2503 Conclusio.

456 2559 647 2617 Scriba
677 2574 859 2620 autem
894 2566 1010 2621 lucc
1040 2568 1195 2622 vobis
1227 2584 1257 2622 e
1287 2567 1521 2638 Smyrna
1565 2582 1660 2635 per
1684 2566 1959 2637 Ephesios

2138 2566 2253 2637 (91)
2288 2565 2491 2639 Γράφω
2522 2565 2579 2619 δὲ
2614 2565 2743 2636 ὑμῖν
2775 2563 2948 2618 ταῦτα
2982 2562 3088 2616 ἀπὸ
3110 2559 3367 2631 Σμύρνης
3392 2557 3459 2612 δι’
3496 2555 3652 2626 Ἐφε-

383 2653 765 2723 dignissimos,
799 2658 893 2725 qui
938 2658 1078 2711 beati
1112 2658 1499 2727 praedicentur.
1544 2656 1754 2712 Mecum
1795 2658 1959 2713 etiam

2066 2659 2196 2713 σίων
2229 2659 2338 2712 τῶν
2384 2656 2877 2730 ἀξιομακαρίστων.
2918 2656 3107 2709 Ἔστιν
3142 2654 3199 2708 δὲ
3235 2652 3333 2707 καὶ
3366 2650 3483 2721 ἅμα
3528 2649 3652 2720 ἐμοὶ

383 2758 469 2801 est
512 2764 637 2803 cum
684 2751 805 2807 aliis
864 2753 1051 2808 multis
1098 2752 1343 2816 Crocus,
1402 2754 1773 2808 desideratum
1827 2753 1960 2807 mihi

2066 2753 2164 2805 σὺν
2216 2751 2398 2815 ἄλλοις
2448 2749 2664 2813 πολλοῖς
2697 2748 2809 2819 (92)
2860 2748 3107 2819 Κρόκος,
3160 2745 3220 2798 τὸ
3272 2743 3508 2813 ποοητόν
3562 2758 3652 2811 μοι

386 2854 606 2894 nomen.
681 2840 757 2895 De
805 2842 892 2895 his
951 2844 1045 2913 qui
1100 2860 1186 2897 me
1241 2860 1271 2897 a
1316 2842 1471 2915 Syria
1518 2842 1745 2898 Romam
1790 2858 1965 2913 usque

2065 2845 2257 2915 ὄνομα.
2311 2843 2447 2915 Περὶ
2499 2841 2607 2895 τῶν
2661 2838 3032 2911 προελθόντων
3086 2855 3152 2910 με
3198 2836 3306 2890 ἀπὸ
3339 2836 3539 2907 Συρίας
3571 2836 3649 2896 εις

384 2942 785 3000 ριωοθδςοι-υηι
836 2936 901 2988 ad
948 2936 1175 3005 gloriam
1226 2936 1342 3003 Dei,
1393 2937 1576 3003 credo,
1608 2954 1703 2994 vos
1743 2952 1840 2992 eos
1870 2952 1965 2993 co-

2080 2935 2301 3007 Ῥώμην
2332 2936 2412 2999 εἰς
2445 2933 2602 2997 δόξαν
2635 2932 2728 2986 τοῦ
2762 2931 2921 2995 Θεοῦ,
2960 2928 3201 2985 πιστεύω
3234 2929 3379 2999 ὑμᾶς
3412 2929 3650 2995 ἐπεγνω-

386 3026 670 3093 gnovisse;
723 3029 1046 3084 annuntiate
1094 3046 1314 3099 quoque
1362 3031 1452 3096 iis,
1503 3046 1589 3086 me
1618 3047 1785 3101 prope
1815 3046 1957 3086 esse.
1990 3012 2018 3069 ί

2014 3012 2031 3068 Ῐ
2066 3028 2240 3093 κέναι,
2274 3023 2354 3091 οἷς
2388 3028 2481 3081 καὶ
2519 3025 2797 3097 δηλώσατε
2830 3022 2996 3093 ἐγγύς
3033 3040 3100 3094 με
3132 3023 3279 3076 ὅντα.
3303 3022 3513 3084 Πάντες
3543 3019 3646 3091 γάρ

386 3117 589 3175 Omnes
635 3121 783 3176 enim
813 3120 907 3176 Dei
942 3132 995 3177 et
1030 3136 1268 3179 vestrum
1316 3126 1462 3196 digni
1488 3136 1637 3189 sunt,
1675 3134 1729 3179 et
1769 3140 1865 3180 eos
1908 3126 1964 3179 in

2070 3123 2207 3174 εἰσιν
2257 3120 2397 3184 ἄξιοι
2446 3118 2539 3173 τοῦ
2587 3117 2723 3171 Θεοῦ
2772 3117 2867 3170 καὶ
2917 3116 3112 3187 ὑμῶν·
3155 3114 3250 3179 οὓς
3283 3114 3490 3187 πρέπον
3522 3114 3650 3184 ὑμῖν

390 3213 651 3268 omnibus
678 3230 928 3270 recreare
953 3231 1049 3271 vos
1077 3217 1253 3272 decet.
1282 3216 1407 3272 Haec
1439 3197 1629 3287 scripsi
1656 3216 1812 3271 vobis
1841 3221 1965 3269 ante

2072 3217 2219 3268 ἐστιν
2270 3213 2411 3268 κατὰ
2475 3213 2653 3266 πάντα
2714 3209 3043 3265 ἀναπαῦσαι.
3116 3208 3369 3279 Ἔγραψα
3418 3207 3476 3261 δὲ
3525 3207 3654 3277 ὑμῖν

387 3304 532 3357 diem
591 3321 643 3359 Ix
684 3305 957 3363 Kalendas
1008 3308 1346 3379 Septembris
1398 3309 1526 3381 [hoc
1572 3317 1656 3363 est
1704 3308 1962 3362 vicesima

2071 3304 2242 3358 ταῦτα
2292 3306 2357 3375 τῇ
2412 3302 2516 3375 πρὸ
2566 3302 2723 3355 ὲννέα
2761 3299 3055 3354 Καλανδῶν
3089 3298 3483 3371 Σεπτεμϐρίων
3516 3296 3653 3369 [(95)

391 3394 547 3446 tertia
578 3393 853 3465 Augusti].
888 3394 1091 3460 Valete,
1127 3397 1296 3451 fortes
1331 3412 1505 3467 usque
1546 3402 1598 3451 in
1626 3397 1811 3461 linem,
1847 3412 1981 3450 sus-

2071 3398 2344 3451 τουτέστιν
2394 3397 2704 3465 Αὐγούστου
2756 3398 2927 3453 εἰκάδι
2963 3397 3072 3469 (94)
3108 3394 3312 3468 τρίτη).
3370 3394 3655 3468 Ἔρρωσθε

389 3482 623 3539 tinentes
653 3502 748 3554 pro
767 3486 894 3541 Jcsu
927 3486 1164 3544 Christo.
1208 3487 1405 3545 Amen.

2072 3490 2152 3551 si;
2183 3488 2355 3551 τέλος,
2391 3491 2450 3543 ὲν
2482 3489 2727 3561 ὑπομονῇ
2759 3490 2932 3561 Ἰησοῦ
2953 3488 3211 3561 Χριστοῦ.
3247 3487 3438 3559 Ἀμήν.

1729 3606 1910 3665 Fetus
1959 3607 2295 3685 interpres.

390 3708 771 3776 acceptemini.
811 3706 919 3761 Per
948 3723 1149 3777 paucas
1176 3708 1383 3763 litteras
1409 3706 1672 3775 deprecor
1709 3721 1846 3759 vos:
1883 3705 2087 3777 credite
2138 3705 2293 3759 mihi.
2322 3704 2483 3761 Jesus
2526 3716 2705 3761 autem
2738 3706 2995 3762 Christus
3062 3706 3214 3761 vobis
3266 3706 3638 3777 manifestabit

391 3774 533 3836 hmo.
566 3779 826 3845 quoniam
857 3774 984 3831 vere
1016 3778 1172 3844 dico;
1208 3794 1316 3831 non
1356 3774 1587 3831 mendax
1615 3792 1698 3840 os,
1731 3778 1783 3829 in
1813 3792 1923 3845 quo
1955 3774 2116 3830 Pater
2142 3791 2271 3830 vere
2297 3778 2514 3832 locutus
2539 3787 2654 3831 est:
2689 3777 2859 3832 Petite
2891 3794 2988 3846 pro
3013 3792 3122 3841 me,
3150 3788 3207 3830 ut
3227 3778 3510 3846 attingam.
3537 3776 3655 3832 Non

392 3849 691 3919 secundum
725 3864 946 3903 carnem
979 3848 1136 3903 vobis
1171 3848 1390 3918 scripsi,
1422 3848 1515 3902 sed
1547 3847 1847 3903 secundum
1886 3848 2219 3901 sententiam
2259 3846 2377 3901 Dei.
2422 3846 2481 3901 Si
2515 3848 2714 3919 patiar,
2746 3849 3029 3913 voluistis;
3057 3847 3104 3903 si
3137 3848 3406 3917 reprobus
3428 3847 3655 3915 efﬁciat,

392 3918 668 3973 odivistis.

1824 3985 2055 4042 CAPUT
2095 3985 2185 4041 ΙΧ.

465 4083 790 4154 Mem_entote
813 4082 867 4135 in
887 4082 1133 4154 oratione
1160 4092 1338 4136 vestra
1372 4084 1516 4153 ejus,
1544 4099 1667 4152 quze
1696 4084 1751 4137 in
1777 4082 1956 4153 Syria,
1978 4082 2266 4154 Ecclesia};
2298 4098 2420 4152 quae
2446 4098 2545 4151 pro
2568 4100 2677 4148 me,
2701 4094 2923 4154 pastore
2947 4084 3060 4139 Deo
3102 4086 3297 4139 utitur.
3334 4084 3498 4139 Solus
3536 4083 3656 4154 ipse

384 4151 555 4208 ‘Jesus
581 4151 835 4207 Christus
857 4153 977 4206 vice
1002 4152 1243 4221 episcnpi
1270 4154 1361 4217 sit,
1398 4151 1452 4207 et
1480 4151 1658 4208 vestra
1706 4151 1968 4207 charitas.
2008 4151 2339 4224 Egoautem
2376 4154 2643 4209 erubesco
2686 4151 2750 4209 ex
2808 4156 2942 4224 ipsis
2981 4156 3113 4211 dici.
3166 4155 3283 4209 Non
3329 4156 3477 4209 enim
3530 4151 3655 4209 sum

393 4226 614 4293 dignus.
645 4224 919 4293 exsistens
966 4232 1247 4277 extremus
1292 4224 1559 4293 ipsorum,
1590 4232 1645 4277 et
1671 4224 2020 4293 abortivum;
2056 4222 2149 4277 sed
2201 4223 2635 4279 misericordiam
2666 4222 2997 4281 consecutus
3029 4243 3149 4281 sum
3184 4226 3387 4293 aliquis
3417 4240 3571 4288 esse,
3607 4224 3656 4279 si

394 4292 508 4347 nm
537 4293 709 4346 fruar.
746 4292 962 4346 Salutat
1001 4308 1104 4364 vos
1122 4309 1276 4346 meus
1306 4292 1552 4362 Spiritus,
1586 4302 1639 4346 et
1660 4295 1901 4347 charitas
1932 4292 2299 4364 Ecclesiarum
2331 4310 2452 4362 qua:
2476 4304 2798 4364 receperunt
2819 4312 2903 4348 me
2937 4296 2992 4350 in
3018 4297 3238 4351 nomine
3271 4292 3399 4350 Jesu
3428 4294 3654 4359 Christi,

394 4374 457 4417 ut
488 4379 594 4416 non
630 4372 1025 4417 transeuntem.
1071 4363 1283 4417 Etenim
1337 4380 1445 4417 non
1482 4364 1837 4418 advenientes
1873 4364 2008 4416 mihi
2050 4362 2105 4415 in
2141 4363 2228 4416 via
2256 4378 2380 4432 qua:
2426 4362 2729 4420 secundum
2760 4380 3007 4433 carnem,
3038 4367 3341 4422 secundum
3378 4365 3654 4421 civitatem

394 4449 485 4489 me
514 4444 929 4503 praecesserunt.

1862 4501 2093 4557 CAPUT
2133 4502 2202 4558 Χ.

469 4593 663 4668 Seribo
700 4602 879 4668 autem
906 4596 1212 4668 vobisth
1247 4612 1275 4651 a
1316 4596 1549 4668 Smyrna
1582 4612 1679 4667 per
1718 4597 1986 4667 Ephesios
2029 4597 2192 4667 digne
2231 4597 2441 4653 beatos.
2481 4597 2573 4653 Est
2609 4608 2791 4652 autem
2828 4608 2881 4652 et
2917 4600 3079 4653 simul
3122 4615 3335 4654 mecum
3375 4615 3500 4653 cum
3534 4599 3657 4655 aliis

398 4665 589 4740 multis
621 4673 675 4740 et
711 4666 941 4727 Crocus,
984 4665 1524 4740 desideratumﬂmihi
1583 4665 1803 4740 nomen.
1846 4668 1920 4740 De
1957 4665 2374 4723 advenientibus
2416 4684 2631 4723 mecum
2686 4669 2921 4740 aASyria
2966 4671 3018 4723 in
3062 4669 3292 4723 Romam
3332 4671 3396 4724 ad
3425 4670 3655 4740 gloriam

396 4735 522 4809 Dei,
548 4737 710 4789 credo
749 4752 848 4809 vos
890 4738 1240 4806 cognovisse;
1279 4739 1477 4806 quibus
1500 4748 1554 4794 et
1583 4738 1971 4805 manifestatis,
2005 4754 2175 4809 prope
2204 4754 2290 4793 me
2323 4740 2698 4793 exsistentcm.
2726 4735 2928 4793 Onines
2950 4740 3093 4793 enim
3116 4750 3244 4793 sunt
3272 4735 3575 4809 digni'Deo
3604 4748 3659 4794 et

398 4806 558 4892 vobis
593 4821 779 4892 :vquos
807 4807 1005 4892 decens
1029 4816 1113 4861 est
1140 4822 1236 4888 vos
1273 4809 1572 4890 secundum
1588 4810 1802 4892 pluuia
1829 4806 2333 4892 quieta're.’Scripsi
2365 4819 2547 4863 autem
2580 4809 2737 4863 vobis
2769 4811 2905 4876 hmc,
2935 4810 2991 4865 in
3022 4825 3085 4866 ea
3116 4826 3239 4880 quae
3265 4806 3391 4865 ante
3436 4826 3491 4864 ιιι
3518 4807 3655 4879 ,Κιιι

398 4876 549 4946 Sept.
596 4875 783 4931 Valete
821 4877 876 4930 in
917 4877 1101 4941 linem,
1141 4878 1193 4931 in
1226 4880 1548 4933 sustinentia
1581 4878 1708 4934 Jesu
1736 4875 1960 4935 Christi.

398 4997 725 5073 apostolica.
753 4996 1020 5051 Pssnsou.
1052 4996 1167 5051 Cfr.
1196 4997 1353 5054 Rom.
1390 5016 1473 5065 ιιι,
1504 5000 1537 5054 5
1559 5044 1573 5067 ,
1607 4999 1775 5056 lCor.
1809 5019 1884 5065 ιχ.
1918 5003 1973 5071 8;
2007 5006 2030 5063 Ι

2025 5006 2051 5063 )
2082 5002 2223 5073 κατὰ
2252 5004 2431 5073 σάρκα
2452 5020 2521 5051 :2
2542 5001 2681 5053 viam
2706 5010 3024 5073 terrestrem,
3058 5000 3259 5069 opponi
3288 4999 3390 5054 viae
3408 5000 3523 5073 illi,
3549 5015 3657 5067 qua

398 5068 748 5143 Gali-1151.5:
888 5138 901 5143 _
966 5137 979 5143 _
1190 5139 1245 5143 __
1601 5141 1612 5143 _
1959 5068 1965 5071 ⁷
2080 5068 2336 5143 Ιεηιιιὶιιέ
2364 5087 2459 5141 per
2500 5071 2822 5141 martyrium
2866 5073 2933 5125 ad
2976 5068 3150 5126 Deum
3196 5072 3485 5141 pervenire
3537 5086 3663 5141 spe-

473 5138 587 5214 (85‘5)
629 5137 848 5214 ln_itiu_m
888 5137 1052 5214 hujus
1084 5139 1280 5208 capitis
1326 5156 1503 5210 usque
1550 5141 1618 5196 ad
1647 5143 1892 5214 ἐπιτύχω
1925 5144 1978 5197 in
2080 5137 2256 5196 raliat.

402 5207 901 5292 Versione‘Syrialca
934 5209 1140 5292 deest.“
1153 5207 1167 5208 ί
1193 5279 1224 5292 Δ
1414 5207 1431 5210 ⁷
1814 5207 1845 5214 ”

2306 5212 2667 5292 ξιροάγεινςε
2688 5211 3055 5292 προπέμπειν.
3088 5211 3194 5267 Tit.
3225 5228 3309 5277 ιιι,
3460 5210 3658 5292 ῐζιιλιιξ.

476 5279 589 5352 (89)
620 5268 742 5352 _Clr'.
776 5276 794 5330 1
823 5279 947 5332 Cor.
987 5296 1077 5343 xv,
1108 5279 1163 5344 8,
1192 5279 1249 5352 9.
1494 5350 1531 5352 _
2152 5268 2267 5351 (91)
2309 5268 2482 5352 Loco'
2506 5282 2670 5352 hujus
2706 5268 2903 5350 c'apiti's
2933 5280 3104 5352 Syrus
3136 5268 3307 5352 capp:
3328 5282 3362 5335 4
3393 5290 3449 5335 et
3476 5282 3509 5335 5
3539 5282 3659 5349 epi-

476 5299 589 5345 (δυ)
630 5299 742 5331 ur.
777 5299 794 5330 ι
823 5299 947 5332 μοι.
987 5299 1077 5343 xv,
1108 5299 1163 5344 δ,
1192 5299 1245 5334 υ.
2152 5299 2267 5351 (ιιι)
2310 5299 2455 5335 Loco
2506 5299 2670 5351 mqus
2706 5299 2903 5350 captus
2934 5299 3104 5352 Syrus
3136 5299 3196 5337 ca

473 5348 586 5417 (87)
618 5349 657 5403 Ι.
690 5363 741 5402 e.
771 5365 873 5401 non
906 5360 1155 5419 tanquam
1182 5350 1457 5414 advenam,
1487 5350 1753 5408 Ecclesias
1780 5354 1902 5407 illas
1928 5354 1985 5407 in
2080 5354 2237 5408 stolae
2270 5352 2336 5407 ad
2368 5350 2675 5406 Trallianos
2710 5352 2945 5407 versioni
2976 5368 3089 5407 sua:
3124 5299 3237 5407 add).

402 5419 590 5503 itinere
614 5420 806 5500 {estiao
830 5422 1359 5503 prmergredienlept,
1384 5424 1474 5475 sed
1496 5433 1645 5503 mrtuo
1666 5440 1784 5477 cum
1807 5441 1985 5503 amore
2078 5439 2210 5503 vero
2235 5432 2433 5503 _nost_ro
2452 5423 2534 5503 .nil
2560 5422 2899 5503 eleg_it,__nisi~
2914 5424 3073 5503 verba
3121 5424 3311 5503 ιιιιῇιιιιι
3331 5438 3372 5502 ηε
3398 5419 3662 5503 ’ἔρρωσθε

402 5500 448 5540 et
474 5489 606 5565 zelo,
626 5505 695 5565 ac
719 5491 765 5542 si
786 5507 949 5565 essent
976 5489 1194 5565 illarum
1216 5494 1507 5565 episcopus.
1539 5493 1730 5548 Sum].
1776 5495 1888 5563 υὺχ
1910 5493 1986 5557 ὡς

1954 5512 1986 5557 ς
2079 5495 2158 5557 εἰς
2190 5493 2345 5565 τέλος
2361 5496 2417 5546 ὲν
2443 5489 2685 5565 ὑπομονῇ
2732 5492 2903 5565 ’[ησοῦ
2935 5494 3168 5565 Χριστοῦ
3202 5491 3359 5564 (Θεοῦ

3235 5353 3361 5417 idit;
3411 5367 3442 5405 e
3484 5353 3663 5420 capite

406 5549 775 5641 παρορἐύοντα
805 5562 947 5641 apud
977 5560 1177 5641 Syrum
1206 5549 1314 5617 non
1342 5549 1557 5641 legitur.
1650 5632 1687 5641 Ἀ
1857 5549 1888 5563 ’⁸
1968 5549 1982 5557 ⁷

1968 5549 1982 5557 ,
2138 5549 2269 5641 ’(ἓξ)
2308 5549 2425 5641 gr.
2459 5549 2625 5631 supra
2655 5549 2721 5618 ad
2747 5549 3051 5641 Ephes.,'c.
3079 5564 3134 5641 2,
3202 5549 3221 5564 ‘
3494 5632 3520 5641 γ’

477 5630 590 5697 (88)
612 5630 652 5684 1.
676 5646 727 5704 e_.
757 5631 947 5704 nonad
971 5630 1105 5685 vihnt
1130 5632 1248 5686 sita:
1266 5630 1436 5687 erant.
1462 5634 1635 5687 Aliter
1650 5632 1983 5701 Pearsonus,
2080 5642 2091 5655 '
2158 5635 2269 5702 (95)
2310 5630 2615 5697 Glossema,
2635 5634 2783 5703 quod
2798 5630 2912 5688 nec
2931 5643 3085 5689 vetus
3116 5634 3385 5704 interpres
3408 5631 3658 5695 Latinus,

405 5699 1583 5783 ad1grain’jurisdiflionemtranspectum“.
1823 5772 1855 5783 η
1969 5699 1973 5701 ⁷
2086 5699 2843 5783 necﬁinterpolatoragnovit.

479 5772 594 5837 (89)
646 5769 819 5825 Voces
853 5776 916 5843 τῇ
950 5774 1090 5826 κατὰ
1122 5774 1616 5854 σάρκαῇιιρὶιςιιιιξ
1649 5772 1976 5854 librarii_as-

2114 5848 2123 5854 .
2156 5776 2283 5854 (ΕΜ)-
2305 5769 2429 5854 E033.
2470 5769 2731 5854 τετάρτη,
2761 5783 2974 5854 quarta.
3024 5771 3120 5854 Hic
3146 5774 3291 5854 enim
3320 5774 3536 5854 videtur
3564 5773 3658 5825 tle-

410 5854 720 5897 sumentum
754 5860 875 5899 esse
908 5854 1111 5901 censet.
1142 5844 1257 5899 Jac.
1304 5844 1432 5899 Mihi
1458 5844 1690 5899 videtur.
1724 5844 1821 5915 τὴν
1864 5843 1980 5898 ὁδὸν
2083 5846 2288 5917 signari
2317 5843 2435 5916 ipsa
2462 5846 2578 5902 dies
2605 5843 2812 5900 'tx’Kal.
2839 5844 3139 5914 Scptemb.,
3176 5844 3226 5899 id
3260 5856 3344 5901 cst
3370 5844 3436 5898 ‘24
3473 5844 3657 5912 Augu-
