4134 6484
439 441 536 504 701

1459 437 1799 495 EPISTOLA
1837 437 1928 493 AD
1976 428 2658 492 PHILADELPHENSES.

3597 429 3708 486 702

437 568 657 631 καὶτοῖς
685 564 1001 629 ἀποστόλοις
1026 564 1102 628 ὼς
1125 563 1506 636 πρεσϐυτερίῳ
1539 562 1888 634 Ἐκκλησίας.
1916 561 2005 613 Κα

2129 555 2492 626 corporaliter
2533 561 2855 623 praesentem
2887 549 3192 614 Christum,
3228 557 3284 604 et
3319 548 3388 605 ad
3427 551 3706 620 apostolos

434 663 563 724 τοὺς
592 661 876 732 προφήτας
894 657 949 710 δὲ
970 656 1290 727 ἀγαπῶμεν,
1319 655 1406 709 διὰ
1439 655 1500 708 τὸ
1526 655 1619 708 καὶ
1644 655 1840 716 αὐτοὺς
1862 653 1941 714 εἰς
1962 651 2024 704 τὸ

441 752 767 822 Εὑαγγέλιον
801 749 1251 820 κατηγγελκέναι,
1285 748 1378 800 καὶ
1416 748 1496 810 εἰς
1531 746 1641 817 (22)
1676 745 1836 798 αὐτὸν
1867 742 2021 797 ἐλπί-

439 841 575 914 ζειν,
619 844 716 896 καὶ
757 843 920 897 αὐτὸν
959 841 1283 913 ἀναμένειν·
1323 841 1380 892 ἐν
1423 834 1468 908 ᾧ
1508 840 1600 892 καὶ
1633 836 2022 901 πιστεύσαντες

437 936 744 1006 ἐσώθησαν,
780 935 838 986 ὲν
859 935 1073 1005 ἑνότητι
1113 931 1290 1004 Ἰησοῦ
1321 929 1582 1002 Χριστοῦ,
1606 930 1759 992 ὅντες
1783 928 2016 996 ἀξιαγα-

437 1031 597 1101 πητοὶ
626 1025 719 1082 καὶ
752 1026 1196 1097 ἀξιοθαύμαστοι,
1223 1023 1389 1092 ἆγιοι,
1426 1022 1532 1076 ὑπὸ
1574 1019 1747 1092 Ἰησοῦ
1778 1019 2018 1092 Χριστοῦ

437 1137 506 1190 με
514 1137 761 1191 μαρτυρη
770 1119 938 1190 μένοι,
957 1119 1051 1172 καὶ
1067 1133 1200 1187 συνη
1208 1115 1290 1188 ριθ
1297 1133 1372 1186 μη
1380 1114 1528 1184 μένοι
1545 1115 1602 1168 ἐν
1616 1113 1693 1168 τῶ
1704 1111 2020 1182 Εὐαγγελίῳ

431 1215 534 1286 τῆς
561 1213 747 1284 κοινῆς
771 1211 1005 1274 ἐλπίδος.

2131 657 2392 718 tanquam
2417 647 2481 701 ad
2515 661 2751 717 prrcscns
2776 644 3030 700 Ecclesia:
3063 643 3488 714 presbyterium.
3524 643 3628 699 Sed
3652 655 3706 700 et

2130 741 2424 810 prophetas
2453 739 2768 808 diligamus,
2798 737 2926 808 quia
2973 745 3028 791 et
3072 736 3170 805 ipsi
3216 734 3568 806 Evangelium
3601 751 3705 790 art-

2129 831 2526 896 nuntiaverint,
2556 831 2690 884 etin
2719 828 2999 884 Christum
3032 828 3391 898 speraverint,
3436 836 3492 883 et
3521 828 3702 898 ipsum

2125 923 2592 993 exspectaverint;
2618 938 2714 992 per
2736 937 2898 990 quem
2917 930 2971 975 et
2995 919 3282 975 credentes
3309 920 3542 975 salutem
3571 937 3706 974 con-

2123 1015 2294 1072 secuti
2327 1023 2474 1081 sunt,
2519 1013 2647 1070 Jesu
2679 1013 2898 1069 Christo
2939 1012 3108 1079 uniti;
3141 1028 3266 1067 cum
3294 1021 3480 1067 essent
3503 1014 3702 1078 sancti,

2124 1124 2314 1164 amore
2351 1117 2405 1162 et
2446 1108 2812 1162 admiratione
2863 1105 3036 1176 digni,
3075 1121 3105 1159 a
3141 1105 3268 1160 Jcsu
3297 1107 3518 1162 Christo
3551 1108 3704 1162 testi-

2125 1200 2369 1254 monium
2403 1198 2608 1270 adepti,
2657 1208 2717 1254 et
2762 1197 3144 1253 connumerati
3176 1196 3229 1250 in
3258 1195 3554 1268 Evangelio
3589 1197 3705 1267 spei

2123 1292 2457 1347 communis.

1518 1408 1606 1465 Vl.
1641 1407 1753 1464 Nec
1784 1418 1958 1463 tamen
1981 1408 2324 1466 Judaismum
2353 1413 2640 1467 admittite.

515 1531 642 1586 Ἐὰν
664 1532 721 1586 δέ
753 1550 836 1597 τις
851 1532 1180 1606 Ἰουδαῖσμὸν
1196 1533 1476 1608 ὲρμηνεύῃ
1511 1537 1658 1609 ὑμῖν,
1703 1532 1778 1603 μὴ
1793 1530 2019 1585 ἀκούετε

428 1623 617 1683 αὑτοῦ.
651 1625 910 1694 ’Ἄμεινον
949 1624 1059 1697 γάρ
1101 1627 1250 1678 ἐστιν
1290 1625 1443 1697 παρὰ
1485 1623 1677 1697 ἀνδρὸς
1717 1627 2018 1698 περιτομὴν

426 1717 646 1788 ἔχοντος
674 1718 788 1790 (25)
812 1718 1238 1791 Χριστιανισμὸν
1259 1717 1504 1782 ἀκούειν,
1537 1717 1571 1789 ἢ
1598 1717 1747 1789 παρά
1781 1719 2016 1791 ἀκροϐό-

428 1829 556 1866 στου
615 1811 968 1882 Ἰουδαϊσμόν.
1023 1809 1150 1864 Ἐἀν
1192 1811 1250 1865 δέ
1301 1811 1603 1883 ἀμφότεροι
1650 1811 1778 1882 περ).
1839 1810 2013 1884 Ἰησοῦ

426 1903 664 1976 Χριστοῦ
701 1904 776 1974 μὴ
798 1902 1055 1968 λαλῶσιν,
1082 1896 1367 1973 οὗτοιέμώ
1395 1901 1506 1973 (24)
1531 1902 1724 1972 στῆλαί
1755 1904 1894 1956 εἰσιν
1919 1903 2014 1957 καὶ

424 1996 587 2066 τάφοι
620 1995 853 2066 νεκρῶν,
886 1996 974 2064 ἐφ’
1004 1989 1087 2058 οἷς
1107 1995 1415 2067 γέγραπται
1450 1992 1616 2065 μόνον
1647 1994 1889 2066 ὀνόματα
1919 1995 2016 2048 ἀν-

425 2089 680 2161 θρώπων.
731 2087 967 2157 Φεύγετε
999 2083 1092 2140 οῦν
1126 2085 1226 2150 τὰς
1261 2085 1619 2156 κακοτεχνίας
1658 2086 1753 2139 καὶ
1795 2085 2017 2157 ἐνέδρας

421 2181 518 2235 τοῦ
547 2182 806 2254 ἄρχοντος
834 2178 926 2233 τοῦ
960 2177 1154 2242 αἰῶνος
1181 2175 1393 2240 τούτου,
1419 2177 1626 2248 μήποτε
1651 2175 1922 2239 ολιϐέντες
1949 2178 2015 2247 τῇ

422 2269 616 2342 γνώμῃ
647 2270 810 2325 αὑτοῦ
844 2270 1239 2341 ἐξασθενήσητε
1262 2270 1320 2322 ἐν
1353 2271 1421 2340 τῇ
1449 2269 1658 2340 ἀγάπῃ.
1693 2268 1852 2320 Ἀλλά
1881 2269 2017 2322 πάν-

422 2382 520 2429 τες
553 2365 645 2418 ἐπὶ
669 2365 730 2419 τὸ
756 2365 889 2418 αὐτὸ
914 2362 1128 2431 γίνεσθε
1159 2365 1220 2415 ἐν
1262 2363 1546 2433 ἀμερίστῳ
1582 2361 1798 2433 καρδίᾳ.
1832 2363 2010 2431 Εὐχα-

424 2457 671 2532 ριστῶδέ
694 2458 770 2529 τῷ
799 2458 917 2529 Θεῷ
948 2474 1071 2528 μου,
1122 2457 1203 2509 ὅτι
1223 2455 1598 2527 εύσονείδητός
1622 2457 1735 2526 εἰμι
1765 2457 1822 2507 ἐν
1856 2455 2005 2525 ὑμῖν,

424 2551 519 2606 καὶ
555 2552 655 2605 οὐκ
677 2551 789 2622 ἔχει
829 2569 914 2615 τις
939 2549 1337 2621 καυχήσασθαι,
1363 2547 1488 2601 οῦτε
1520 2547 1714 2618 λάθρα,
1746 2545 1868 2599 οὔτε
1901 2565 2006 2616 φα-

419 2645 615 2717 νερῶς,
651 2646 734 2698 ὅτι
759 2645 871 2716 (25)
908 2645 1154 2715 ἐδάρησὰ
1171 2660 1293 2695 τινα
1315 2643 1371 2694 ἐν
1399 2641 1578 2712 μικρῷ
1608 2641 1640 2710 ἢ
1679 2644 1736 2694 ἐν
1766 2641 2004 2712 μεγάλῳ.

421 2738 532 2791 Καὶ
559 2739 690 2791 πᾶσι
713 2737 790 2799 δὲ,
813 2740 870 2790 ἐν
889 2731 972 2799 οἷς
998 2735 1253 2806 ἐλάλησα,
1286 2732 1536 2804 εῦχομαι,
1575 2734 1661 2786 ἵνα
1690 2735 1764 2804 μὴ
1794 2735 1874 2797 εἰς
1901 2733 2011 2804 (26)

423 2830 722 2903 μαρτύριον
745 2829 876 2883 αὐτὸ
899 2829 1230 2901 κτήσωνται.

2199 1533 2256 1589 Si
2285 1533 2412 1605 quis
2437 1543 2618 1588 antem
2638 1532 2796 1589 vobis
2822 1531 3168 1587 Judaismum
3200 1530 3478 1601 pradicet,
3507 1543 3576 1584 ne
3599 1544 3702 1586 au-

2123 1625 2287 1682 diatis
2318 1642 2466 1682 eum.
2515 1625 2710 1682 Melius
2762 1633 2848 1682 est
2895 1627 3084 1690 enim,
3137 1640 3168 1678 a
3212 1624 3333 1678 viro
3370 1623 3704 1679 circumciso

2121 1718 2602 1774 Christianismum
2618 1718 2829 1785 audire,
2854 1733 3016 1788 quam
3041 1718 3109 1771 ab
3133 1716 3701 1786 habenteprmputium

2118 1807 2486 1864 Judaismum.
2520 1808 2579 1864 Si
2609 1819 2790 1864 autem
2821 1808 3044 1878 utrique
3075 1808 3143 1862 de
3173 1805 3302 1862 Jesu
3343 1805 3568 1862 Christo
3590 1821 3702 1860 non

2117 1904 2442 1972 loquantur,
2491 1903 2580 1958 isti
2614 1903 2750 1957 mihi
2787 1902 3061 1956 columnae
3106 1901 3444 1970 sepulcrales
3470 1908 3526 1954 et
3555 1914 3704 1953 mor-

2119 2003 2336 2048 tuorum
2361 2003 2490 2048 sunt
2514 2002 2894 2056 monumenta,
2919 1991 3120 2060 quibus
3146 1992 3432 2046 hominum
3481 1989 3702 2045 nomina

2119 2084 2390 2141 duntaxat
2436 2084 2699 2155 inscripta
2733 2092 2880 2139 sunt.
2924 2082 3116 2153 Fugite
3157 2082 3323 2153 igitur
3352 2082 3526 2137 malas
3557 2089 3703 2136 artes

2117 2185 2170 2231 et
2196 2176 2424 2232 insidias
2464 2176 2727 2246 principis
2757 2176 2940 2231 saeculi
2973 2175 3136 2245 hujus
3160 2216 3176 2242 ,
3216 2189 3284 2228 ne
3313 2175 3534 2244 quando
3567 2188 3702 2244 pru-

2118 2268 2303 2323 dentia
2343 2268 2463 2337 ejus
2507 2268 2754 2338 oppressi
2798 2267 2852 2322 in
2895 2268 3167 2322 charitate
3211 2267 3537 2335 languentis.
3589 2265 3696 2320 Sed

2116 2374 2308 2414 omnes
2353 2359 2491 2413 uniti
2544 2359 2668 2414 sitis
2707 2359 2983 2412 indivulso
3028 2358 3212 2412 corde.
3261 2355 3479 2410 Gratias
3510 2365 3693 2410 autem

2115 2466 2217 2520 ago
2239 2449 2350 2504 Deo
2382 2466 2523 2514 meo,
2556 2452 2700 2521 quod
2730 2451 2908 2521 quoad
2944 2467 3042 2505 vos
3075 2451 3215 2504 bona
3251 2449 3518 2519 gaudeam
3562 2464 3700 2503 con~

2115 2542 2364 2608 scientia,
2406 2558 2507 2597 nec
2544 2543 2722 2612 possit
2749 2543 3040 2613 quisquam
3071 2541 3316 2612 gloriari,
3355 2541 3440 2594 vel
3486 2549 3701 2594 secreto

2117 2634 2203 2688 vel
2252 2635 2457 2704 palam,
2488 2651 2517 2689 a
2552 2651 2640 2688 me
2667 2649 3002 2704 quemquam
3043 2641 3328 2704 gravatum
3371 2647 3495 2687 esse
3521 2638 3617 2685 aut
3641 2631 3698 2686 in

2118 2741 2309 2795 parvo,
2354 2733 2441 2780 aut
2489 2727 2542 2780 in
2586 2742 2803 2798 magno.
2852 2726 2920 2780 Et
2961 2726 3240 2791 omnibus,
3275 2726 3341 2780 ad
3375 2740 3517 2793 quos
3543 2725 3698 2778 locu-

2119 2827 2209 2872 tus
2247 2833 2396 2883 sum,
2435 2828 2586 2889 opto,
2627 2834 2696 2874 ne
2725 2818 2778 2872 in
2806 2817 3182 2876 testimonium
3225 2817 3278 2872 id
3308 2817 3470 2872 cedat
3505 2823 3698 2870 contra

2030 2908 2072 2965 C
2107 2911 2278 2980 ipsos.

1155 3029 1269 3085 VII.
1315 3029 1372 3085 S.
1407 3029 1616 3100 Spiritu
1648 3031 1950 3101 impellente
1978 3047 2065 3084 vos
2091 3030 2160 3083 ad
2189 3031 2444 3084 unitatem
2469 3029 2786 3084 adhortatus
2816 3045 2955 3084 sum.

489 3151 554 3204 El
587 3151 697 3222 γὰρ
728 3149 822 3203 καὶ
870 3149 1010 3203 κατά
1049 3149 1227 3222 σάρκα
1263 3149 1331 3221 μέ
1363 3169 1509 3215 τινες
1550 3151 1823 3223 ἠθέλησαν
1866 3152 2002 3205 πλα-

415 3245 599 3314 νῆσαι,
639 3242 774 3297 ἀλλά
814 3242 876 3295 τὸ
909 3238 1136 3312 Πνεῦμα
1183 3243 1246 3296 οὐ
1287 3243 1573 3306 πλανᾶται,
1620 3245 1728 3298 ἀπὸ
1758 3244 1893 3298 Θεοῦ
1917 3245 1996 3300 ὅν.

2183 3150 2510 3223 Quanquam
2539 3153 2686 3208 enim
2716 3151 2963 3207 nonnulli
3016 3150 3318 3208 secundum
3351 3167 3572 3209 carnem
3605 3169 3694 3210 me

2109 3244 2362 3314 decipere
2388 3243 2704 3310 voluerunt,
2724 3243 2966 3314 Spiritus
2990 3250 3171 3297 tamen
3205 3258 3314 3297 non
3341 3243 3638 3313 decipitur,
3663 3260 3693 3299 a

413 3331 526 3403 (27)
543 3327 695 3385 Οἶδεν
726 3329 857 3401 γὰρ,
876 3331 1040 3384 πόθεν
1062 3329 1302 3402 ἔρχεται,
1319 3333 1412 3386 καὶ
1437 3333 1541 3386 ποῦ
1573 3335 1793 3402 ὑπάγει,
1811 3335 1906 3388 καὶ
1932 3336 1999 3392 τά

2118 3334 2222 3390 Deo
2243 3344 2418 3390 ortus.
2446 3333 2607 3390 liovit
2643 3335 2788 3389 enim
2833 3335 2978 3389 unde
3034 3334 3239 3400 veniat,
3280 3343 3334 3388 et
3371 3350 3482 3404 quo
3504 3335 3691 3399 vadat,

411 3423 632 3494 κρυπτά
675 3423 907 3493 ἐλέγχει.
961 3423 1309 3496 Ἐκραύγασα
1360 3427 1563 3497 μεταξὺ
1610 3427 1718 3493 ὢν,
1773 3429 1996 3484 ἐλάλουν

412 3515 622 3586 μεγάλῃ
653 3518 805 3586 φωνῇ
840 3514 972 3585 (28)’
999 3515 1092 3586 Τῷ
1127 3517 1411 3588 ἐπισκόπῳ
1445 3519 1742 3590 προσέχετε
1785 3522 1876 3574 καὶ
1917 3519 1995 3591 τῷ

407 3604 788 3677 πρεσϐυτεριῳ
822 3604 917 3658 καὶ
940 3605 1225 3669 διακόνοις.
1252 3607 1315 3659 Οἱ
1341 3606 1398 3659 δὲ
1424 3607 1535 3677 (29)
1561 3609 1998 3673 ὑποπτεύσαντες

2106 3435 2160 3482 et
2207 3436 2418 3482 secreta
2448 3426 2712 3497 coarguit.
2757 3425 3032 3490 Clamavi,
3063 3441 3186 3480 cum
3213 3441 3459 3494 prmsens
3488 3441 3691 3492 essem,

2103 3518 2322 3572 locutus
2351 3533 2470 3571 sum
2505 3534 2698 3587 magna
2727 3533 2859 3571 voce
2887 3518 3188 3586 :Episcopo
3229 3517 3448 3571 obcdite
3473 3525 3529 3571 et
3565 3532 3693 3587 pre-

2104 3607 2344 3678 sbyterio
2370 3616 2426 3662 et
2456 3607 2726 3662 diaconis.
2755 3605 2986 3672 Quidam
3017 3614 3200 3659 autem
3239 3605 3506 3673 suspicati
3529 3612 3684 3669 sunt,

1735 3727 1916 3792 Vetus
1976 3729 2310 3806 interpres.

406 3858 464 3904 et
493 3849 862 3931 innChristnnm
901 3867 1152 3931 sperare,
1172 3863 1226 3907 et
1257 3853 1435 3931 ipsum
1480 3865 1838 3931 exspectare:
1870 3857 1924 3911 in
1956 3873 2068 3931 quo
2113 3865 2169 3912 et
2186 3857 2492 3931 _credc_ntc_s
2541 3857 2930 3931 salvatiAsuttt.
2976 3855 3029 3908 in
3064 3854 3272 3908 unitate
3307 3851 3436 3931 Iesu
3485 3850 3688 3931 Christi

404 3922 732 3995 exsistentes
762 3922 926 3995 digne
967 3922 1176 3988 dilecti,
1206 3932 1260 3980 et
1285 3922 1449 3994 digne
1478 3922 1833 3983 admirabiles
1881 3922 2081 3995 sancti,
2113 3944 2144 3982 a
2178 3925 2308 3982 Jesu
2341 3928 2568 3982 Christo
2603 3927 2874 3982 testiﬁcati
2921 3935 2976 3980 et
3004 3926 3384 3979 connumerati
3421 3926 3476 3979 in
3513 3923 3691 3979 Evan-

405 3991 546 4060 gelio
574 3993 885 4047 communis
914 3995 1052 4062 spei.

1845 4091 2078 4147 CAPUT
2120 4092 2208 4147 Vl.

480 4183 536 4258 Si
574 4193 756 4258 autern
789 4183 1138 4258 Jgndaismum
1169 4185 1561 4258 interpretetur
1589 4187 1766 4252 vobis,
1797 4205 1910 4243 non
1949 4191 2188 4245 audiatis
2220 4189 2420 4258 ipsum.
2467 4189 2658 4244 Mclins
2690 4199 2774 4244 cst
2817 4187 2962 4243 enim
2994 4204 3024 4242 a
3057 4187 3176 4242 viro
3205 4184 3686 4258 circumcisionem

408 4254 658 4343 habente,
693 4255 1180 4343 Christianismum
1212 4254 1424 4343 audire,
1459 4273 1625 4343 quam
1675 4259 1744 4313 ab
1778 4260 2014 4316 habente
2043 4254 2406 4343 prwputium,
2454 4259 2824 4342 Judaismum.
2867 4259 3145 4343 siautem
3185 4257 3410 4343 utrique
3447 4256 3515 4343 de
3556 4255 3687 4343 J-esu

404 4324 630 4400 Christo
659 4327 1416 4400 _non_loquan£ur,_isti_mihi
1468 4324 1736 4383 columine
1772 4343 1903 4385 sunt
1944 4341 2000 4384 et
2031 4324 2282 4400 sepulcra
2336 4324 2708 4395 mortuorum,
2754 4332 2807 4383 in
2855 4330 3059 4399 quibus
3092 4329 3294 4400 scripta
3327 4324 3470 4400 sunt
3507 4329 3687 4400 solum

405 4395 628 4477 nomina
657 4393 962 4477 hominum.
1017 4393 1210 4477 Fugite
1239 4398 1418 4477 igitpr
1450 4400 1625 4477 malas
1647 4408 1826 4477 artes,
1854 4410 1907 4456 et
1938 4393 2170 4477 insidias
2194 4393 2702 4477 _p_rincipis_sa§cul_i'
2743 4393 2941 4477 hujus,
2962 4393 3237 4477 ‘neul'orté.
3277 4397 3520 4477 tribulati
3554 4412 3684 4451 sen-

402 4467 574 4519 tentia
607 4467 805 4541 ipsius,
847 4467 1200 4541 inﬁrmemini
1238 4467 1292 4541 in
1326 4469 1612 4541 charitate.
1645 4468 1750 4523 Sed
1797 4479 1852 4524 et
1879 4487 2075 4526 omnes
2107 4473 2160 4530 in
2193 4467 2432 4541 i'dipsuin
2465 4472 2632 4532 ﬁalis,
2669 4472 2724 4528 in
2757 4467 3074 4540 inipartibili
3108 4468 3294 4541 corde.
3335 4467 3688 4541 Gratiasgau-

403 4545 509 4588 tem
535 4552 639 4607 ago
668 4536 780 4610 Deo
807 4551 950 4598 meo,
977 4537 1253 4610 quoniam
1282 4539 1482 4592 bonam
1522 4539 1731 4595 habens
1760 4543 2159 4596 conscientiam
2191 4536 2293 4610 ego
2325 4558 2447 4596 sum
2483 4543 2538 4595 in
2569 4543 2757 4606 vobis;
2792 4536 2849 4594 et
2877 4557 2986 4594 non
3019 4541 3189 4610 habet
3211 4539 3410 4607 aliquis
3439 4539 3682 4610 gloriari,

403 4620 580 4685 neque
627 4608 841 4685 occulte
874 4623 1048 4676 neque
1081 4607 1391 4673 manifeste,
1431 4611 1694 4685 quoniam
1738 4613 1956 4685 gravavi
2009 4607 2250 4682 aliquem
2298 4613 2352 4685 in
2395 4628 2564 4681 parvo
2606 4613 2690 4666 vel
2736 4614 2788 4666 in
2823 4627 3042 4683 magno.
3090 4609 3196 4665 Sed
3225 4617 3280 4664 et
3323 4607 3602 4674 omnibus,
3629 4609 3685 4663 in

399 4678 604 4745 quibus
638 4678 858 4732 locutus
887 4694 1032 4741 sum,
1064 4694 1186 4744 oro,
1215 4688 1274 4732 ut
1302 4694 1411 4732 non
1445 4677 1500 4733 in
1529 4677 1907 4737 testimonium
1945 4677 2124 4752 ipsum
2159 4677 2500 4751 possideant.

1848 4827 2081 4883 CAPUT
2123 4828 2236 4884 Vll.

428 4986 440 4997 -
470 4915 526 4997 Si
556 4916 702 4997 enim
732 4927 786 4997 et
825 4919 1138 4997 sccpndum_
1175 4935 1396 4997 carnem
1431 4937 1518 4975 me
1561 4922 1785 4997 quidam
1830 4925 2123 4980 voluerunt
2164 4927 2457 4988 seducere;
2492 4924 2584 4997 sed
2624 4923 2850 4997 spiritus
2882 4938 2988 4997 non
3027 4921 3334 4997 seducitur,
3373 4936 3404 4997 _a
3441 4919 3555 4975 Deo
3583 4935 3672 4997 ex.

396 4987 618 5043 sistens.
653 4987 814 5044 Novit
841 4989 986 5044 enim
1032 4989 1376 5066 unde__venit,
1405 5001 1457 5044 ct
1486 4987 1596 5066 qu_o
1623 4995 1794 5066 vadit,
1828 5005 1881 5047 ct
1913 4999 2126 5050 occulta
2157 4987 2458 5066 redarguit.
2501 4987 2764 5066 Clamavi
2794 4995 2848 5046 in
2899 4993 3226 5066 intcrtnedio
3271 4992 3562 5055 exsistens,
3595 4992 3675 5044 lo-

396 5067 557 5112 cutus
585 5074 708 5112 smn
740 5075 935 5129 magna
970 5074 1122 5127 voce,
1155 5057 1272 5130 [Dei
1301 5076 1434 5115 voce
1456 5079 1469 5116 :
1489 5057 1515 5132 ]’
1539 5057 1808 5132 EpisCOpo
1839 5068 2122 5133 attendite,
2150 5076 2203 5121 et
2235 5057 2601 5138 presbyterio,
2632 5075 2686 5119 et
2717 5065 2987 5118 diaconis.
3016 5062 3246 5128 Quidam
3277 5073 3457 5115 autem
3493 5067 3669 5130 suspi-

393 5205 590 5282 sc_rip_to
610 5203 897 5282 Erangelio
921 5205 1456 5282 esse_accipic_n_tlu_m.
1477 5206 1795 5282 Lessingius
1815 5208 1974 5279 (Opp.
2009 5215 2056 5271 D
2086 5212 2264 5281 primo
2289 5227 2486 5266 nomen
2520 5208 2867 5282 Χριστιανός,
2897 5207 2966 5260 ita
2995 5206 3064 5260 ab
3095 5204 3324 5282 lgna_t_io,
3364 5203 3678 5282 Antiochia;

391 5276 480 5328 ed.
521 5273 891 5352 Lachmann.,
923 5285 961 5352 t_.
995 5275 1089 5352 XI1
1128 5273 1190 5352 p.’
1212 5277 1337 5352 567)
1378 5278 1451 5330 ita
1477 5273 1830 5352 scribendum
1859 5273 1984 5352 esse

2123 5284 2384 5352 piscopo,
2438 5273 2676 5351 primum
2725 5288 2987 5348 usurpata
3045 5273 3149 5331 vox
3210 5275 3679 5346 Χριστιανισμόςῖ

392 5353 550 5422 putat
582 5362 630 5422 :_
657 5346 998 5422 Προσφύγὼν
1024 5345 1102 5416 τῷ
1123 5347 1459 5422 -ἐπισκόπῳ-
1472 5348 1549 5422 ὡς
1593 5351 1780 5422 σαρκὶᾉ
1806 5351 1980 5422 Ἰησοῦ

392 5413 674 5488 Χρὲστοῢν
694 5413 922 5488 ῄᾳὶςτοῖς
949 5413 1374 5488 πρεσϐυτέροις
1396 5413 1730 5488 ’Ἐκκλησίὰς
1753 5420 1827 5483 ὡς
1849 5413 1984 5473 ἀπο-

393 5484 618 5558 στόλοις.
650 5486 753 5539 Alii
786 5486 1113 5554 Εὑαγγέλιον
1148 5489 1214 5540 de
1249 5489 1466 5556 scriptis
1483 5484 1814 5558 Eva-ngeliis,
1845 5492 1982 5544 ἀπό-

393 5555 570 5630 στολοι
594 5560 662 5610 de
690 5558 912 5626 scriptis
937 5559 1335 5630 apostoLornm,
1364 5555 1977 5630 aporaﬁjrgn'descriptis

391 5627 782 5705 prophetarum
807 5625 908 5705 seu
939 5625 1007 5680 de
1032 5625 1109 5705 γε
1133 5625 1514 5705 T._accipiunt.
1533 5625 1978 5705 'Male_Eicl_r_lior-

392 5696 517 5776 nius
541 5696 614 5776 de
630 5697 911 5776 prophetis
939 5699 1054 5750 novi
1086 5697 1320 5754 foederis
1344 5715 1441 5754 seu
1473 5701 1795 5755 doctoribus
1817 5699 1979 5756 Chri-

390 5767 592 5821 stianis
615 5767 874 5820 somniat.

620 5833 740 5910 Yet.
767 5837 864 5890 ittt.
899 5837 1029 5906 legit
1048 5837 1302 5910 Χριστόν.

484 5906 578 5977 25)
619 5904 1344 5991 Χριστιανιάμόνζριιωιρ,
1413 5929 1484 5972 au
1557 5923 1616 5976 ut
1681 5913 1984 5977 Antiochia:

2087 5352 2358 5408 Pl-LAIlSON.

2160 5425 2273 5492 (24)
2317 5423 2545 5493 Στῆλαι,
2573 5421 2832 5475 columna:
2867 5417 3208 5493 sepultjmlg’sg

2155 5485 2270 5561 (25)
2314 5494 2333 5546 ι
2381 5485 2430 5547 οξ
2458 5485 2852 5561 nentinijugum
2879 5485 3151 5542 Jndaismi
3178 5488 3442 5555 imponere
3468 5485 3672 5540 studui.

2083 5562 2199 5618 Cir.
2229 5580 2448 5633 quoque
2484 5563 2521 5615 ll
2553 5562 2682 5633 Cor.
2718 5578 2816 5622 xu,
2848 5561 2935 5633 (ἦ.

2159 5629 2272 5707 (26)
2454 5635 2520 5707 ad
2560 5632 2752 5698 Tral|.,
2776 5650 2831 5707 _c..
2863 5629 2952 5686 12.

2161 5706 2274 5774 (27)
2313 5706 2427 5758 Cl'r.
2458 5703 2619 5758 Joan.
2654 5719 2739 5765 ιιι,
2770 5703 2825 5757 8.

2161 5772 2277 5844 (28)
2322 5774 2439 5829 Vel.
2473 5777 2570 5828 int.
2600 5774 2771 5836 addit,
2798 5790 2916 5826 voce
2948 5772 3044 5827 Dei
3093 5843 3100 5844 ί
3132 5814 3144 5821 .

2164 5841 2278 5916 (29)
2320 5845 2670 5925 l'articipium
2698 5860 2796 5916 pro
2823 5845 2984 5900 modo
3013 5843 3190 5908 linito.
3226 5844 3322 5904 Ms.
3355 5841 3668 5904 πτέσαντες.
