4134 6460
336 448 345 455 “
392 445 502 501 705

1485 441 1827 499 EPISTOLA
1864 440 1953 494 AD
1990 435 2669 494 PllILADELPHENSES.

3553 439 3660 495 706

392 562 490 616 τοῦ
528 560 750 632 Πατρὺς
786 554 859 613 δι⁴
882 554 952 633 ἦς
990 557 1327 630 εἰσέρχονται
1375 560 1624 632 Ἀϐραὰμ
1653 562 1744 615 καὶ
1794 561 1978 614 Ἰσαὰκ
2005 569 2082 629 Α⁴

2081 560 2242 630 ianua
2280 559 2480 627 Patris,
2534 576 2631 630 per
2679 576 2842 631 quam
2882 561 3258 632 ingrediuntur
3301 560 3577 615 Abraham
3608 570 3663 616 et

393 654 491 709 καὶ
533 652 730 708 Ἰακὼὸ
760 652 855 706 καὶ
894 652 944 704 οἱ
977 650 1256 723 προφῆται
1292 651 1387 705 καὶ
1418 654 1469 704 ol
1502 652 1788 705 ἀπόστολοι
1822 650 1915 703 καὶ
1944 651 1977 720 ἡ

407 744 724 815 Ἐκκλησία.
750 743 859 813 (42)
874 742 1060 795 Πάντα
1084 742 1257 796 ταῦτα
1276 746 1355 806 εἰς
1377 743 1601 813 ἑνότητα
1630 742 1787 797 Θεοῦ.
1806 740 1983 807 Ἐξαί-

399 855 551 910 ρετον
566 836 622 889 δέ
643 855 695 889 τι
720 835 832 907 ἕχει
852 835 913 889 τὸ
931 834 1274 902 Εὑαγγέλιον,
1306 834 1403 906 τὴν
1427 833 1726 905 παρουσίαν
1751 832 1859 903 (45)
1883 829 1977 884 τοῦ

396 927 604 998 Κυρίου
642 926 799 996 ἡμῶν
844 925 1017 995 Ἰησοῦ
1061 926 1319 997 Χριστοῦ,
1368 925 1429 978 τὸ
1470 924 1644 988 πάθος
1680 923 1846 977 αὑτοῦ
1883 922 1978 976 καὶ

395 1020 497 1091 τὴν
531 1019 846 1073 ἀνάστασιν.
877 1017 1064 1088 Οἱγὰρ
1090 1017 1362 1087 ἀγαπητοὶ
1382 1018 1657 1088 προφῆται
1685 1018 1981 1088 κατήγγει-

394 1109 494 1163 λαν
516 1112 595 1174 εἰς
619 1110 795 1163 αὐτόν·
828 1110 889 1163 τὸ
916 1110 971 1163 δὲ
988 1109 1317 1178 Εὐαγγέλιον
1351 1108 1460 1181 (44)
1488 1109 1809 1180 ἀπάρτισμά
1831 1110 1979 1161 ἐστιν

393 1201 728 1271 ἀφθαρσίας.
747 1201 858 1273 (45)
872 1202 1057 1254 Πάντα
1077 1198 1211 1271 ὁμοῦ
1228 1199 1365 1253 καλά
1389 1201 1556 1265 ἐστιν,
1579 1200 1673 1254 ὲὰν
1700 1202 1758 1252 ὲν
1787 1199 1977 1273 ἀγάπῃ

395 1308 710 1364 πιστευητε.

2080 652 2230 707 Isaac
2257 660 2312 707 et
2337 652 2527 715 Jacob,
2561 661 2616 707 et
2652 653 2933 723 prephetae
2957 660 3011 706 et
3034 652 3268 722 apostoli
3296 662 3350 706 et
3386 651 3656 713 Ecclesia.

2081 745 2279 800 Omnia
2306 745 2423 800 haec
2466 744 2535 798 ad
2574 744 2831 799 unionem
2863 759 2987 799 cum
3016 743 3146 799 Deo.
3176 743 3448 800 Eximium
3476 754 3658 801 autem

2081 840 2381 911 quidquam
2438 839 2601 893 habet
2640 837 3020 908 Evangelium,
3066 838 3325 892 nimirum
3363 838 3656 894 adventum

2083 926 2303 982 Domini
2334 929 2507 983 nostri
2533 927 2661 983 Jesu
2684 928 2915 995 Christi,
2944 928 3255 998 passionem
3282 928 3455 998 ipsius
3482 944 3547 984 ac
3572 944 3660 985 re-

2085 1022 2505 1077 surrectionem.
2538 1022 2727 1077 Dilecti
2766 1037 3005 1092 namque
3042 1022 3322 1091 prophetae
3358 1023 3654 1077 annuntia-

2080 1119 2280 1164 verunt
2330 1124 2488 1176 eum;
2533 1110 2887 1181 Evangelium
2938 1128 3067 1167 vero
3111 1121 3195 1167 est
3220 1112 3483 1182 perfectio
3532 1116 3659 1174 vitae

2080 1208 2315 1255 azternae.
2343 1202 2535 1255 Omnia
2563 1202 2723 1257 simul
2750 1204 2891 1257 bona
2927 1212 3077 1267 sunt,
3139 1204 3303 1258 modo
3365 1204 3421 1259 in
3474 1206 3657 1261 chari-

2080 1299 2189 1347 tate
2207 1294 2460 1350 credatis.
2566 1338 2567 1341 η

1230 1404 1301 1461 Χ.
1334 1403 1791 1476 Congratulemini
1821 1405 2163 1463 Antiochenis
2190 1409 2253 1463 de
2274 1410 2379 1479 ﬁne
2400 1412 2806 1480 persecutionis.

478 1528 588 1603 (46)
629 1528 847 1600 Ἐπειδὴ
882 1526 1028 1582 κατὰ
1055 1527 1150 1600 τὴν
1175 1528 1479 1599 προσευχὴν
1510 1526 1664 1597 ὑμῶν
1702 1526 1797 1579 καὶ
1837 1528 1977 1581 κατὰ

2156 1531 2293 1587 Cum
2321 1534 2456 1587 mihi
2483 1534 2793 1587 nuntiatum
2831 1533 2920 1595 sit,
2954 1548 3052 1602 per
3092 1535 3393 1589 orat'oncm
3422 1545 3656 1592 vestram

394 1624 699 1692 σπλάγχνα,
747 1620 783 1675 ἃ,
828 1620 978 1691 ἔχετε
1027 1623 1086 1673 ὲν
1147 1619 1367 1690 Χριστῷ
1432 1618 1625 1690 Ἰησοῦ,
1691 1619 1976 1690 ἀπηγγέλη

2082 1636 2136 1682 et
2160 1627 2716 1693 commiserationem,
2743 1642 2850 1697 qua
2878 1628 3171 1682 movemini
3201 1628 3253 1681 in
3285 1629 3528 1693 Christo,
3556 1628 3658 1683 Ec-

397 1735 513 1789 μοι,
551 1715 659 1785 (47)
686 1714 986 1785 εἰρηνεύειν
1011 1712 1110 1784 τὴν
1146 1711 1470 1783 Ἐγκλησίαν
1485 1712 1583 1781 τὴν
1608 1714 1665 1764 ὲν
1682 1712 1979 1783 Ἀντιοχείᾳ

2083 1719 2305 1775 clesiam
2346 1718 2743 1773 Antiochenam
2786 1719 2840 1771 in
2893 1718 3049 1790 Syria
3092 1735 3275 1788 pacem
3307 1721 3655 1786 obtinuisse;

388 1808 493 1879 τῆς
515 1806 732 1879 Συρίας·
764 1804 972 1877 πρέπον
1014 1805 1161 1858 ἐστὶν
1192 1805 1341 1874 ὑμῖν,
1373 1804 1449 1868 ὡς
1492 1803 1790 1875 Ἐκκλησία(⁴
1819 1802 1975 1870 Θεοῦ,
2013 1850 2053 1905 Β

2082 1814 2235 1867 decet
2264 1829 2381 1879 vos,
2410 1820 2469 1866 ut
2503 1812 2594 1866 Dei
2628 1812 2951 1877 Ecclesiam,
2981 1812 3181 1882 eligere
3208 1814 3526 1877 diaconum,
3561 1812 3657 1883 qui

391 1899 767 1975 χειροτονῆσαι
799 1897 1046 1951 διάκονον
1091 1898 1171 1959 εἰς
1207 1896 1267 1948 τὸ
1320 1893 1653 1966 πρεσϐεῦσαι
1684 1897 1800 1948 ἐκεῖ
1838 1894 1971 1947 Θεοῦ

2081 1906 2241 1958 obeat
2277 1905 2351 1958 ibi
2395 1905 2721 1974 legationem
2767 1903 2882 1971 Dei,
2921 1904 3014 1974 qui
3054 1921 3178 1958 cum
3222 1906 3350 1969 illis,
3393 1906 3445 1958 in
3486 1920 3656 1958 unum

392 1991 708 2063 πρεσϐείαν,
740 1992 820 2052 εἰς
837 1989 897 2042 τὸ
928 1988 1263 2058 σδγχαρῆναι
1299 1989 1481 2049 αὐτοῖς
1513 1986 1605 2039 ἐπὶ
1643 1986 1702 2039 τὸ
1735 1986 1866 2039 αὐτὸ
1894 2002 1977 2054 γε-
2078 2021 2082 2043 ι

2081 1996 2443 2066 congregatis,
2493 1996 2657 2050 simul
2709 1996 2963 2064 gaudeat,
3022 2008 3078 2051 et
3134 1997 3398 2067 gloriﬁcet
3434 2013 3652 2051 nomen.

392 2082 660 2153 νομένοις,
692 2082 784 2135 καὶ
815 2079 1031 2145 δοξάσαι
1060 2079 1122 2131 τὸ
1160 2079 1348 2149 ὄνομα.
1391 2078 1676 2149 Μακάριος
1708 2078 1767 2131 ὲν
1802 2076 1975 2148 Ἰησοῦ
2077 2130 2082 2137 ,

2081 2085 2278 2140 Beatus
2304 2085 2393 2137 ille
2418 2084 2469 2138 in
2498 2083 2628 2139 Jesu
2654 2084 2897 2149 Christo,
2917 2086 3008 2155 qui
3029 2086 3225 2155 dignus
3250 2088 3467 2141 habitus
3493 2086 3658 2141 fuerit

391 2172 635 2245 Χριστῷ,
669 2172 727 2235 ὃς
761 2170 1225 2241 καταξιωθήσεται
1256 2169 1355 2238 τῆς
1376 2169 1632 2239 τοιαύτης
1666 2168 1973 2230 διακονίας·
2076 2202 2082 2229 ι

2081 2180 2347 2249 ejusmodi
2376 2179 2715 2239 ministerio;
2746 2188 2800 2234 et
2824 2196 2922 2235 vos
2945 2196 3165 2251 quoque
3194 2179 3654 2250 gloriﬁcabimini.

391 2262 489 2315 καὶ
511 2261 670 2331 ὑμεῖς
698 2258 1117 2328 δοξασθήσεσθε.
1160 2258 1414 2311 Θέλουσιν
1451 2259 1509 2311 δὲ
1538 2260 1666 2329 ὑμῖν
1694 2259 1794 2311 οὐκ
1830 2256 1978 2309 ἔστιν
2076 2272 2082 2277 ·

2081 2271 2398 2326 Volentibns
2422 2279 2600 2324 autem
2630 2271 2785 2326 vobis
2812 2271 2915 2325 hoc
2935 2286 3040 2325 non
3068 2278 3151 2326 est
3178 2271 3536 2340 impossibile,
3555 2286 3656 2341 pro

390 2352 669 2416 ἀδύνατον,
720 2352 858 2422 ὑπὲρ
894 2350 1156 2421 ὀνόματος
1201 2348 1355 2402 Θεοῦ·
1398 2349 1473 2412 ὡς
1511 2350 1602 2401 καὶ
1649 2350 1703 2403 αἱ
1750 2348 1975 2417 ἔγγιστα
2081 2414 2082 2418 η

2081 2364 2303 2419 nomine
2333 2362 2449 2427 Dei,
2475 2372 2533 2416 ut
2556 2372 2610 2417 et
2645 2362 2891 2433 quaedam
2927 2364 3192 2432 proxima:
3214 2362 3470 2418 Ecclesiae
3493 2364 3657 2419 mise—

406 2445 721 2516 Ἐκκλησίαι
748 2443 999 2515 ἔπεμψαν
1025 2443 1376 2506 ἐπισκόπους,
1403 2446 1458 2495 αί
1486 2442 1542 2494 δὲ
1574 2441 1977 2514 πρεσϐυτέρους
2080 2474 2082 2509 ς

2081 2462 2210 2510 runt
2238 2454 2548 2524 episcOpos,
2578 2454 2853 2507 nonnullae
2873 2454 3222 2524 presbyteros
3248 2463 3301 2509 et
3334 2454 3615 2509 diaconos.

390 2537 488 2593 καὶ
518 2536 815 2600 διακόνους.

550 2651 641 2707 XI.
669 2651 886 2706 Gratias
912 2650 1058 2705 vobis
1089 2666 1209 2721 ago,
1245 2649 1384 2720 quod
1416 2651 1630 2704 comites
1654 2666 1794 2704 meos
1817 2644 2053 2703 benevole
2081 2635 2407 2705 suscepistis.
2445 2631 2697 2687 Salutant
2724 2648 2812 2686 vos
2847 2632 3041 2702 fratres
3070 2634 3126 2686 in
3166 2632 3390 2688 Troade.

463 2773 601 2845 Περὶ
640 2772 697 2825 δὲ
737 2772 848 2843 (48)
879 2772 1114 2835 Φίλωνος
1147 2772 1241 2824 τοῦ
1278 2772 1525 2825 διακόνου
1554 2771 1670 2825 ἀπὸ
1694 2770 1968 2833 Κιλικίας,

2143 2757 2299 2825 Quod
2328 2764 2508 2810 autem
2538 2752 2821 2807 Philonem
2850 2752 3077 2807 Cilicem
3108 2754 3398 2807 diaconum
3440 2753 3654 2817 attinet,

388 2844 582 2937 ἀνδρός
631 2863 1144 2935 μεμαρτυρημένου,
1184 2863 1244 2927 ὃς
1284 2863 1376 2917 καὶ
1415 2862 1510 2916 νῦν
1556 2867 1614 2917 ἐν
1660 2864 1800 2934 λόγῳ
1834 2859 1970 2915 Θεοῦ
2072 2868 2082 2893 ‘

2081 2853 2252 2906 virum
2298 2849 2601 2911 laudatum,
2628 2846 2723 2915 qui
2756 2854 2810 2899 et
2835 2860 2983 2899 nunc
3010 2844 3102 2898 Dei
3132 2860 3296 2899 causa
3330 2844 3463 2898 mihi
3494 2844 3658 2897 mini-

391 2935 657 3030 ὑπηρετεῖ
710 2974 799 3028 μοι
861 2957 975 3028 ἆμα
1025 2955 1135 3028 (49)
1204 2955 1337 3025 Ῥέῳ
1405 2954 1757 3023 Ἀγαοόποδι,
1817 2951 1971 3023 ἀνδρὶ
2074 2961 2082 3000 t

2081 2953 2234 3010 strat,
2263 2959 2373 2997 una
2396 2956 2522 2996 cum
2549 2938 2701 2992 Rheo
2729 2937 3110 3007 Agathopode,
3136 2937 3256 2990 viro
3275 2936 3470 3001 electo,
3502 2935 3595 3004 qui
3624 2950 3656 2989 a

388 3026 651 3120 ὲκλῶιτῷ,
673 3026 730 3112 ὃς
760 3049 866 3101 ἀπὸ
892 3026 1089 3118 Συρίας
1118 3026 1214 3119 μοι
1242 3047 1540 3113 ἀκολουθεῖ,
1560 3045 1972 3117 ἀποταξάμενος
2075 3040 2082 3091 ε

2081 3037 2235 3109 Syria
2259 3050 2347 3089 me
2387 3032 2701 3092 comitatur,
2728 3028 2853 3084 vita:
2886 3028 3228 3092 renuntiatis,
3266 3026 3473 3097 quique
3499 3026 3657 3081 vobis

388 3140 469 3211 τῷ
508 3115 636 3211 βίῳψ,
689 3140 737 3193 οἳ
785 3140 879 3193 καὶ
925 3115 1299 3211 μαρτυροῦσιν
1342 3140 1490 3210 ὑμῖν,
1534 3137 1689 3207 κάγὼ
1734 3115 1822 3209 τῷ⁷
1850 3136 1970 3207 Θεῷ
2021 3129 2082 3211 _I

2081 3130 2278 3184 bonum
2324 3123 2699 3180 testimonium
2736 3119 3053 3190 perhibent;
3084 3127 3136 3172 et
3167 3133 3267 3187 ego
3303 3116 3412 3171 Deo
3453 3115 3657 3187 gratias

389 3208 694 3303 edxaptctd’i
726 3231 867 3302 ὑπὲρ
899 3208 1073 3301 ὑμῶν,
1112 3208 1194 3282 ότι
1235 3208 1487 3294 ἐδέξασθε
1516 3229 1734 3293 αὐτοὺς,
1774 3227 1850 3290 ὡς
1876 3226 1973 3280 καὶ
2001 3208 2047 3273 C
2079 3243 2082 3274 λ

2081 3237 2181 3292 ago
2207 3234 2307 3290 pro
2331 3218 2509 3284 vobis,
2552 3215 2684 3286 quia
2717 3214 2840 3267 illos
2886 3210 3210 3280 suscepistis
3262 3210 3409 3265 sicut
3459 3218 3513 3263 et
3556 3222 3656 3262 vos

391 3323 533 3393 ὑμᾶς
553 3324 580 3375 ὀ
599 3322 820 3393 Κύριος.
848 3323 911 3374 Οἱ
939 3321 995 3374 δὲ
1024 3320 1389 3391 ἀτιμάσαντες
1415 3318 1611 3383 αὐτοὺς
1635 3317 1972 3389 λυτρωθείη-
2079 3362 2082 3367 .

2081 3315 2366 3370 Dominus.
2395 3310 2464 3366 lis
2498 3324 2628 3364 vero
2682 3307 2775 3379 qui
2819 3308 2942 3360 illos
2989 3305 3288 3375 ignominia
3333 3304 3652 3369 allecerunt,

390 3430 489 3467 σαν
538 3415 597 3466 ὲν
642 3416 709 3483 τῇ
751 3413 934 3483 χάριτι
972 3411 1068 3464 τοῦ
1114 3409 1287 3481 Ἰησοῦ
1328 3410 1588 3483 Χριστοῦ.
1642 3407 1970 3472 Ἀσπάζεται
2077 3428 2082 3454 ε

2081 3407 2354 3461 condonet
2394 3403 2571 3473 gratia
2607 3400 2835 3455 Christi.
2873 3397 3089 3453 Salutat
3114 3413 3211 3451 vos
3242 3397 3484 3450 charitas
3537 3396 3652 3471 fra:

389 3505 534 3576 ὑμᾶς
561 3508 595 3575 ἡ
636 3505 822 3575 ἀγάπη
846 3503 956 3557 τῶν
983 3503 1226 3572 ἀδελφῶν
1251 3503 1359 3556 τῶν
1379 3506 1437 3556 ἐν
1458 3502 1692 3574 Τρωάδι·
1724 3500 1846 3554 ὅθεν
1873 3500 1969 3554 καὶ
2076 3508 2082 3549 1

2081 3505 2222 3551 trum
2248 3498 2301 3550 in
2334 3494 2568 3559 Troade,
2594 3492 2737 3547 unde
2759 3501 2813 3546 et
2837 3490 3019 3545 scribo
3049 3489 3206 3543 vobis
3239 3504 3333 3557 per
3356 3488 3653 3555 Burrhnm,

387 3597 583 3668 γράφω
611 3598 740 3666 ὑμῖν
755 3595 843 3649 διὰ
876 3594 987 3665 (50)
1016 3594 1280 3666 Βοῦρρου,
1323 3593 1665 3664 πεμφθέντος
1695 3593 1810 3664 ἅμα
1841 3591 1964 3663 ἐμοὶ
2073 3607 2082 3644 4

2081 3589 2169 3659 qui
2212 3589 2417 3644 missus
2448 3595 2533 3643 est
2558 3600 2774 3640 mecum
2824 3584 2893 3638 ab
2942 3582 3194 3652 Ephesiis
3234 3591 3289 3636 et
3330 3580 3652 3654 Smyrnaeis,

387 3687 496 3742 ἀπὺ
527 3687 788 3757 Ἐφεσίων
810 3686 905 3740 καὶ
936 3687 1256 3758 Σμυρναίων
1283 3688 1363 3751 εἰς
1391 3686 1547 3755 λόγον
1575 3686 1761 3757 τιμῆς.
1791 3685 1967 3756 Τιμή-
2074 3683 2082 3736 l

2081 3681 2303 3737 honoris
2349 3695 2536 3736 causa.
2569 3680 2812 3733 Honoret
2844 3691 2941 3730 eos
2992 3672 3257 3730 Dominus
3302 3673 3464 3729 Jesus
3489 3673 3653 3727 Chri-

389 3798 469 3834 σει
506 3780 703 3844 αὐτοὺς
728 3782 757 3832 ὁ
791 3779 995 3851 Κύριος
1029 3778 1235 3849 Ἰησοῦς
1260 3777 1512 3851 Χριστὸς,
1547 3779 1628 3842 εις
1647 3777 1707 3831 ὃν
1728 3775 1970 3841 ὲλπίζου-
2074 3791 2082 3829 ε

2081 3783 2212 3841 stus,
2245 3774 2299 3827 in
2329 3788 2491 3844 quem
2523 3780 2746 3842 sperant
2772 3784 2958 3835 carne,
2984 3768 3188 3834 anima,
3215 3767 3339 3833 (ide,
3363 3766 3649 3829 charitate,

1789 3922 1969 3983 Vetus
1999 3921 2335 3999 interpres.

386 4050 765 4121 Evangelium,
811 4051 1155 4121 praesentiam
1188 4049 1487 4106 Salvatoris
1520 4050 1735 4105 Domini
1781 4052 1969 4121 nostri
2002 4049 2130 4106 Jesn
2166 4050 2406 4116 Christi,
2463 4050 2777 4121 passionem
2826 4047 3024 4121 ipsius,
3071 4055 3126 4101 et
3156 4045 3643 4121 resurrectionem.

389 4113 576 4175 Dilecfi
609 4113 759 4175 enim?
787 4113 1061 4191 prophetae
1093 4123 1555 4176 annuntiaverunt
1585 4122 1639 4174 in
1680 4121 1858 4191 ipsum
1884 4140 1897 4175 :
1932 4120 2288 4191 Evangelium
2332 4113 2517 4177 autein
2556 4118 2823 4191 perfectio
2847 4113 2937 4173 est
2969 4117 3418 4186 incon-optionis.
3450 4113 3649 4170 Omnia

388 4193 553 4247 simul
584 4193 728 4247 bona
758 4203 908 4259 sunt,
937 4192 983 4247 si
1015 4193 1070 4246 in
1099 4193 1364 4247 charitate
1393 4192 1634 4248 creditis.

1854 4284 2088 4340 CAPUT
2125 4284 2198 4342 X.

456 4378 598 4446 Quia
629 4380 932 4436 secundum
979 4380 1283 4436 orationem
1312 4389 1572 4443 vestram,
1608 4389 1663 4436 et
1695 4381 2001 4436 secundum
2033 4382 2245 4436 viscera
2284 4377 2682 4436 misericordiae
2725 4393 2847 4449 qua:
2884 4377 3098 4433 habetis
3145 4377 3200 4431 in
3244 4375 3465 4449 Christo
3493 4373 3644 4449 Jesu,

386 4451 772 4521 annuntiatum
801 4459 887 4506 est
916 4451 1074 4514 mihi,
1104 4467 1290 4520 pacem
1324 4451 1526 4507 habere
1557 4450 2009 4521 Ecclesiamﬂqua:
2034 4461 2119 4506 est
2149 4453 2203 4505 in
2232 4451 2523 4505 Antiochia
2551 4449 2723 4520 Syriae
2743 4446 2765 4503 ἐ
2792 4450 2992 4521 decens
3021 4458 3105 4521 est
3129 4462 3231 4521 vos
3254 4457 3311 4521 ut
3345 4446 3645 4521 Ecclesium

383 4518 500 4585 Dei,
533 4521 795 4575 ordinare
816 4516 1119 4575 diaconum'
1138 4521 1205 4575 ad
1236 4522 1677 4577 intercedendum
1712 4521 1825 4577 illic
1857 4516 1952 4575 Dei
1976 4523 2464 4587 intercessionem;
2500 4522 2554 4575 in
2585 4516 2928 4589 congaudere
2962 4520 3094 4588 ipsis
3126 4520 3177 4572 in
3215 4519 3449 4589 idipsﬁum
3486 4516 3647 4589 factis

382 4598 453 4662 et
480 4591 797 4662 gloriﬁcare
815 4606 1036 4645 nomen.
1066 4591 1267 4646 Beatus
1298 4593 1354 4645 in
1402 4591 1530 4647 Jesu
1562 4591 1804 4657 Christo,
1837 4593 1931 4661 qui
1971 4593 2384 4662 dignilicabitur
2407 4593 2469 4662 _in
2511 4591 2603 4646 tali
2637 4587 3075 4662 ministratione;
3109 4597 3162 4641 et
3186 4604 3287 4662 vos
3317 4587 3648 4662 gloriﬁcam-

382 4656 539 4733 mini.
567 4659 888 4716 Volentibus
916 4669 1099 4716 autem
1132 4663 1290 4733 vobis
1319 4677 1429 4717 non
1474 4677 1558 4717 est
1601 4656 1959 4732 impossibile,
2008 4656 2107 4731 p'ro
2153 4664 2377 4718 nomine
2403 4660 2533 4731 Dei;
2579 4670 2642 4716 ut
2682 4670 2738 4717 et
2765 4661 3012 4733 quaedam
3045 4656 3365 4729 propinquae
3388 4656 3648 4713 Ecclesiae

382 4730 651 4787 miserunt
674 4733 983 4801 episcopos,
1007 4732 1255 4801 quaedam
1286 4743 1468 4789 autem
1496 4730 1847 4803 presbyteros
1872 4740 1926 4787 et
1952 4730 2238 4789 diaconos.

1828 4876 2059 4933 CAPUT
2097 4878 2196 4940 ΧΙ»)

450 4968 529 5043 De
560 4969 795 5043 Philone
824 4979 1007 5043 autem
1037 4971 1293 5043 diacono,
1336 4986 1367 5025 a
1394 4972 1604 5035 Cilicia,
1649 4973 1768 5028 viro
1814 4975 2187 5031 testimonium
2236 4974 2494 5039 habente,
2538 4974 2631 5043 qui
2660 4980 2714 5027 et
2756 4987 2903 5026 nunc
2946 4971 3000 5043 in
3033 4968 3199 5024 verbo
3226 4967 3321 5020 Dei
3368 4968 3645 5043 ministrat

380 5042 515 5115 mihi
542 5058 665 5096 eum
708 5040 820 5115 Reg
843 5042 1197 5111 AgathOpode
1223 5043 1342 5095 viro
1377 5043 1569 5115 electo,
1604 5044 1697 5112 qui
1728 5060 1758 5098 a
1790 5043 1949 5114 Syria
1983 5061 2069 5099 me
2093 5046 2363 5115 sequitur,
2390 5038 2788 5115 abren'untians
2817 5042 3044 5115 szeculo;
3075 5045 3171 5115 qui
3196 5049 3248 5093 ct
3278 5038 3643 5115 testificantur

380 5056 515 5096 mihi
542 5058 665 5096 cum
708 5056 820 5094 neo
843 5056 1197 5111 AgalllopOGe
1223 5057 1342 5095 vnro
1377 5056 1569 5105 electo,
1604 5060 1697 5112 qui
1728 5060 1758 5098 a
1790 5056 1949 5114 eyria
1983 5061 2069 5099 me
2093 5056 2363 5115 sequitur,
2390 5056 2788 5099 abrenuntians
2817 5056 3044 5105 saeculo;
3116 5056 3167 5092 ιιι
3196 5056 3248 5093 ct
3278 5056 3643 5093 tesuncantur

378 5113 556 5177 vobis,
583 5121 637 5167 et
663 5127 764 5182 ego
789 5111 899 5166 Deo
928 5115 1131 5182 gratias
1159 5128 1260 5183 ago
1290 5129 1389 5181 pro
1428 5113 1604 5179 vobis,
1633 5115 1897 5183 quoniam
1934 5116 2218 5184 recepistis
2255 5117 2427 5186 ipsos,
2456 5125 2517 5169 ut
2546 5124 2601 5168 et
2627 5129 2724 5167 vos
2757 5112 3042 5166 Dominus.
3069 5056 3173 5176 aui
3200 5117 3381 5163 autem
3406 5109 3644 5165 inhono-

415 5226 865 5301 (42)_l.e.Scopus
882 5236 993 5283 tum
1007 5230 1419 5301 pr0phetarum,
1441 5240 1555 5285 tum
1571 5234 1967 5301 apostolorum,
2004 5242 2048 5296 D
2072 5252 2195 5291 cum
2229 5235 2426 5292 Vossio
2455 5233 2849 5290 exhibentérre‘i
2869 5230 3079 5287 8é.Jac.

378 5298 665 5376 etc._,_ide_m
686 5310 1002 5376 est,neinpe
1033 5300 1410 5376 un_in_humani
1442 5298 1652 5376 generis
1676 5319 1805 5376 cum;
1835 5298 1962 5359 Deo.
2083 5375 2088 5376 γ
2148 5307 2261 5376 (47)
2303 5306 2379 5359 Ex
2440 5307 2539 5361 hac
2588 5314 2643 5359 et
2680 5321 2764 5373 ep.
2807 5305 2872 5357 ad
2917 5302 3161 5376 Srnyrii.,
3202 5315 3253 5355 c.
3293 5300 3352 5353 Η
3389 5298 3525 5376 _(cl'r.
3571 5300 3638 5354 ad

452 5369 565 5449 (42.5)
605 5368 967 5440 interpolator
991 5371 1141 5424 addit
1170 5368 1603 5442 Eturﬁpogquod
1627 5383 1680 5426 et
1708 5375 1960 5443 legitvet.
2069 5368 2282 5449 PolycL,
2332 5393 2383 5449 c.
2430 5377 2482 5449 7)
2520 5368 3289 5449 cogn_osc_imus,_lg'natiurn,_
3320 5371 3637 5449 priusquam

379 5438 625 5515 mind-FC:
754 5438 807 5515 θ..
987 5510 1018 5515 ,,
1109 5513 1118 5515 _
1178 5510 1196 5515 _
1479 5438 1492 5441 -
1525 5510 1551 5515 _
1609 5512 1631 5515 _
1707 5512 1730 5515 μ
1763 5438 1785 5443 ⁷
1886 5514 1893 5515 ί
2065 5438 2331 5502 ῐηίῐίυτέηι
2360 5438 2546 5500 Asiam
2572 5438 3425 5515 rY-liquisset,de'paceEcclesne
3450 5440 3640 5494 Antio-

452 5509 564 5582 (44)
608 5509 647 5562 l.
674 5524 723 5565 e.
766 5507 1058 5578 Evangelia
1097 5513 1129 5582 ἡ
1174 5510 1420 5581 βασιλεία
1457 5510 1553 5563 τοῦ
1598 5512 1734 5565 Θεοῦ
1764 5523 1818 5567 et
1847 5514 1957 5569 vita
2062 5533 2082 5572 ε

2081 5519 2251 5572 :henze
2276 5518 2481 5572 reddita
2514 5507 2800 5570 certiorem
2828 5507 3036 5567 lactuni
3064 5512 3254 5582 fuisse.
3294 5508 3494 5582 Usssu.

380 5578 437 5633 in
470 5581 573 5657 hoc
595 5594 765 5657 regno
789 5590 989 5657 eterna
1011 5578 1258 5657 instituta
1280 5592 1388 5657 est.
1422 5582 1590 5635 Aliter
1616 5584 1669 5635 h.
1712 5584 1749 5637 Ι.
1778 5587 1958 5654 expli-
2070 5656 2077 5657 ί
2133 5588 2245 5657 (48)
2288 5587 2489 5641 Philoe
2511 5585 2701 5641 Cilicia
2721 5586 3008 5657 oriundus,
3038 5598 3163 5638 cum
3192 5581 3399 5651 lgnatto
3424 5580 3639 5637 Troade

376 5657 467 5722 eat
487 5649 777 5719 Heringius
807 5666 820 5702 :
856 5651 1095 5722 Perfecta
1121 5653 1382 5715 doctrina,
1408 5669 1525 5721 quae
1553 5668 1752 5720 semper
1778 5649 1956 5708 mane-
2057 5649 2181 5712 fuit.
2209 5649 2322 5713 Cir.
2347 5658 2415 5712 ad
2440 5656 2688 5722 Smyrn.,
2719 5672 2771 5711 c.
2804 5656 2891 5708 10.

378 5720 799 5798 bit,_post_quar_n
822 5720 1204 5798 nihilargplius
1236 5720 1567 5777 revelabitur.
1587 5722 1703 5776 Jac.
2128 5729 2241 5798 (49)
2286 5728 2397 5781 Cir.
2435 5729 2499 5781 ad
2526 5720 2771 5798 Sniyrn.,
2799 5725 2931 5798 ibid.

499 5731 614 5790 post
644 5737 799 5791 quam
822 5729 955 5774 nihil
979 5729 1204 5790 amplius
1236 5729 1567 5777 revelabitur.
1587 5729 1703 5776 Jac.

477 5788 1091 5876 tél.L9-Y-.es_N-T.-
1640 5862 1708 5876 ιη

2153 5730 2241 5798 49)
2286 5729 2397 5781 Cir.
2435 5729 2499 5781 ad
2526 5729 2771 5797 Smyrn.,
2799 5729 2931 5780 ibid.

2128 5729 2240 5869 (50)
2275 5798 2390 5854 Cir.
2427 5799 2495 5853 ad
2532 5796 2778 5869 Smyrn.,
2810 5812 2861 5852 c.
2891 5795 3005 5861 12.,
3038 5794 3104 5851 ad
3138 5793 3363 5865 Ephes.,
3392 5808 3443 5849 c.
3467 5792 3526 5849 Ξ.

477 5862 567 5932 46)
593 5858 853 5925 Ἐπειδὴ.
885 5862 959 5917 Ita
979 5864 1102 5919 cod.
1132 5879 1234 5921 ms.
1269 5862 1572 5921 Cotelerius
1602 5874 1655 5919 et
1676 5862 1947 5921 Smilhius
