4134 6470
402 394 514 448 709

1622 384 1961 442 EPISTULA
1995 385 2092 439 AD
2124 383 2214 441 SM
2226 382 2540 439 YRNJEOS.

3579 392 3684 447 7H)

399 511 604 584 θῶμεν.
627 512 737 566 Καὶ
771 510 986 582 ἀληθῶς
1023 509 1243 575 ἔπαθεν,
1279 511 1353 573 ὡς
1389 508 1480 562 καὶ
1515 507 1730 578 ἀληθῶς
1763 507 1986 577 ἀνέστη-

2102 503 2332 558 salutcm
2363 517 2847 574 consequeremur.
2881 501 2947 557 Et
2976 519 3162 560 revera
3185 521 3380 576 passus
3410 516 3515 576 est,
3544 519 3602 561 ut
3631 519 3686 564 et

406 620 502 655 σεν
537 602 642 674 (69.)
696 604 908 669 ἑαυτὸν,
945 603 1060 674 οὐχ’
1092 603 1279 676 ὥσπερ
1330 601 1547 655 ἄπιστοί
1607 617 1750 662 τινες
1801 599 1991 666 λέγου-

403 710 513 758 σιν,
551 694 663 767 (65)
700 695 760 748 τὸ
793 696 969 748 δοκεῖν
1003 694 1165 748 αὑτὸν
1202 693 1547 757 πεπονθέναι,
1584 691 1737 745 αὑτοὶ
1787 690 1846 743 τὸ
1882 688 1992 761 (64)

397 783 576 839 δοκεῖν
608 786 760 850 ὄντες
785 805 798 817 ·
835 787 929 840 καὶ
963 785 1144 850 καθὼς
1187 785 1473 859 φρονοῦσιν
1525 784 1619 837 καὶ
1653 781 1993 854 συμϐήσεται

400 882 608 946 αὐτοῖς,
644 875 794 933 οὖσιν
826 881 1142 950 ἀσωμάτοις
1179 878 1272 932 καὶ
1305 878 1658 948 δαιμονικοῖς.

2097 611 2284 650 revera
2343 596 2584 664 seipsum
2629 597 3008 664 resuscitavit;
3039 613 3171 664 non,
3202 607 3262 653 ut
3305 601 3530 669 quidam
3559 602 3684 656 inti-

2096 687 2246 742 deles
2275 687 2484 752 dicunt,
2523 688 2826 743 secundum
2873 690 3249 758 apparentiam
3288 707 3416 746 eum
3449 708 3693 762 passum.

2095 792 2238 845 esse,
2267 777 2369 846 ipsi
2427 779 2726 832 secundum
2788 779 3162 848 apparentiam
3227 782 3583 850 exsistentes;
3630 794 3685 841 et

2097 867 2562 937 quemadmodum
2589 869 2831 939 sapiunt,
2851 871 2932 925 sic
2960 880 3013 925 et
3033 872 3314 944 continget
3343 875 3447 944 eis,
3479 878 3682 948 quippe

2094 961 2186 1031 qui
2221 961 2548 1032 pbantastiei
2579 963 2690 1016 sint
2714 974 2761 1018 et
2791 963 3071 1020 diabolici.

1292 1083 1379 1137 Ill.
1416 1082 1660 1137 Christus
1694 1091 1741 1134 et
1774 1091 1888 1150 post
1918 1083 2356 1136 resurrectionem
2385 1083 2437 1136 in
2476 1099 2632 1136 carne
2660 1083 2783 1153 fuit.

2164 1195 2274 1267 Ego
2309 1197 2453 1251 enim
2512 1197 2648 1265 scin,
2681 1207 2735 1252 et
2785 1208 2911 1268 post
2965 1203 3422 1258 resurrectionem
3464 1218 3590 1258 eum
3625 1205 3681 1259 in

2091 1303 2254 1342 carne
2275 1287 2470 1351 fuisse,
2504 1299 2556 1343 et
2592 1289 2757 1344 credo
2803 1306 2926 1343 cum
2956 1293 3134 1348 adhuc
3161 1293 3214 1346 in
3248 1310 3412 1349 cat-ne
3441 1311 3581 1351 esse.
3616 1294 3684 1352 Et

2091 1381 2310 1450 quando
2343 1381 2411 1434 ad
2440 1380 2661 1436 Petrum
2699 1390 2755 1435 et
2779 1383 2961 1438 socios
2996 1385 3116 1452 ejus
3158 1385 3324 1452 venit,
3359 1387 3442 1442 eis
3485 1387 3626 1442 dixit
3662 1403 3677 1440 :

2088 1471 2496 1540 Apprehendite,
2534 1473 2746 1543 palpate
2792 1491 2891 1541 me,
2935 1485 2984 1528 et
3029 1475 3218 1541 videte,
3248 1479 3386 1548 quod
3430 1495 3530 1534 non
3578 1481 3680 1534 sim

474 1203 583 1276 (65)
632 1202 772 1272 Ἐγὼ
804 1203 911 1276 γὰρ
948 1203 1040 1256 καὶ
1078 1203 1213 1274 μετὰ
1264 1202 1360 1274 τὴν
1393 1202 1689 1254 ἀνάστασιν
1730 1203 1787 1252 ὲν
1822 1199 1984 1271 σαρκὶ

394 1296 560 1349 αὐτὸν
613 1291 729 1348 οῖδα
778 1295 870 1348 καὶ
921 1293 1161 1346 πιστεύω
1209 1292 1358 1346 ὄντα.
1395 1292 1504 1345 Καὶ
1556 1293 1644 1344 ὅτε
1691 1290 1822 1364 πρὸς
1860 1291 1985 1354 τοὺς

395 1388 526 1460 περὶ
571 1388 774 1459 Πέτρον
822 1382 1005 1457 ἦλθεν,
1041 1385 1143 1457 ἔφη
1179 1386 1362 1447 αὐτοῖς
1389 1403 1401 1418 ·
1425 1383 1662 1446 Λάϐετε,
1701 1382 1986 1452 ψηλαφή-

391 1479 546 1534 σατέ
576 1497 673 1549 με,
715 1478 813 1531 καὶ
860 1479 1034 1544 ἴδετε,
1064 1477 1300 1536 devovet
1340 1476 1454 1544 εἰμὶ
1495 1475 1802 1543 δαιμόνιον
1828 1473 1987 1528 ἀσώ-

387 1589 587 1642 ματον
605 1570 736 1643 (66).
759 1570 869 1624 Καὶ
889 1570 1048 1632 εὐθὺς
1068 1569 1232 1623 αὐτοῦ
1265 1569 1490 1640 ἥψαντο,
1512 1568 1607 1621 καὶ
1639 1567 1984 1629 ἐπίστευσαν,

2093 1566 2413 1619 άαεηιοηὶιυη
2455 1567 2807 1636 incorporale.
2846 1566 2911 1621 Et
2943 1567 3229 1623 confestim
3265 1569 3444 1639 ipsum
3491 1572 3683 1644 tetige-

393 1665 761 1739 κρατηθέντες
797 1667 863 1735 τῇ
913 1663 1076 1736 σαρκὶ
1109 1662 1272 1717 αὐτοῦ
1307 1662 1399 1716 καὶ
1431 1661 1509 1732 τῷ
1549 1661 1837 1731 πνεύματι.
1888 1660 1986 1713 Διὰ

2093 1664 2221 1708 runt
2252 1663 2307 1708 et
2328 1655 2698 1721 crediderunt,
2731 1658 2970 1712 convicti
2997 1673 3164 1713 carne
3191 1659 3311 1729 ejus
3361 1670 3414 1716 et
3462 1663 3677 1732 spiritu.

390 1757 554 1811 τοῦτο
579 1757 673 1812 καὶ
705 1756 935 1810 θανάτου
969 1755 1402 1828 κατεφρόνησαν,
1427 1753 1731 1825 ηὑρέθησαν
1763 1753 1821 1806 δὲ
1846 1752 1984 1824 ὑπὲρ

2093 1745 2316 1816 Propter
2348 1748 2453 1800 lioc
2488 1747 2651 1800 etiam
2685 1757 2914 1802 mortem
2941 1757 3410 1820 contempserunt,
3443 1761 3500 1807 et
3526 1769 3682 1808 rnor-

390 1850 644 1904 θάνατον.
685 1848 798 1920 (67)
835 1849 990 1903 Μετὰ
1022 1848 1079 1901 δὲ
1239 1821 1534 1902 ἀνάστασιν
1555 1821 1856 1915 συνέφαγεν
1889 1821 1986 1898 aii-

2093 1839 2162 1892 tis
2192 1846 2318 1892 sunt
2348 1838 2552 1892 inventi
2583 1838 2836 1893 victores.
2888 1837 3018 1894 Post
3063 1842 3523 1899 resurrectionem
3576 1861 3682 1900 au-

390 1943 508 2005 τοῖς
541 1941 634 1996 καὶ
668 1941 920 1995 συνέπιεν
952 1941 1027 2003 ὡς
1063 1939 1343 2012 σαρκικὸς,
1372 1939 1571 2013 καίπερ
1605 1936 1986 2010 πνευματικῶς

2095 1940 2204 1985 tem
2247 1945 2372 1984 cum
2415 1929 2523 1984 illis
2556 1931 2793 1985 comedit
2833 1941 2886 1985 et
2918 1932 3076 1998 bibit,
3110 1943 3170 1988 ut
3200 1936 3459 2005 carnalis,
3485 1953 3682 2008 quam-

390 2018 672 2105 ήνωμὲνος
704 2031 780 2102 τῷ
811 2031 1006 2103 Πατρί.

2093 2024 2174 2078 vis
2199 2023 2555 2094 spiritualitcr
2585 2023 2774 2078 unitus
2804 2037 2949 2082 esset
2977 2026 3150 2083 Patri.

772 2168 866 2225 IV.
903 2170 1092 2226 Cavete
1118 2170 1262 2225 vobis
1291 2170 1354 2224 ab
1398 2170 1660 2224 haereticis
1688 2172 1828 2225 istis.
1860 2168 1986 2224 Nisi
2017 2167 2259 2223 Christus
2289 2183 2404 2220 vere
2429 2183 2616 2236 passus
2649 2179 2807 2236 esset,
2842 2185 2933 2223 nec
2957 2185 3050 2239 ego
3076 2179 3306 2239 paterer.

467 2291 652 2345 Ταῦτα
683 2291 741 2344 δὲ
773 2290 1022 2364 παραινῶ
1055 2292 1203 2362 ὑμῖν,
1240 2291 1534 2361 ἀγαπητοὶ,
1571 2289 1743 2354 εἰδὼς,
1766 2292 1846 2344 ὅτι
1880 2291 1975 2344 καὶ

2152 2287 2229 2343 De
2261 2287 2348 2342 his
2374 2295 2556 2341 autem
2605 2288 2874 2343 admoneo
2904 2305 3023 2353 vos,
3052 2290 3391 2357 cliarissimi,
3423 2292 3677 2361 quamvis

391 2383 553 2456 ὑμεῖς
600 2383 774 2448 οὕτως
823 2385 997 2454 ἔχετε.
1033 2383 1410 2458 Προφυλὰσσω
1441 2384 1496 2436 δὲ
1529 2385 1676 2454 ὑμᾶς
1709 2385 1816 2438 ἀπὸ
1867 2384 1974 2438 τῶν

2093 2396 2176 2434 ros
2207 2381 2348 2433 idem
2381 2380 2586 2435 sentire
2632 2381 2824 2434 sciam.
2874 2379 2978 2435 Sed
3024 2383 3329 2450 prtemunio
3361 2399 3458 2438 vos
3487 2395 3674 2438 contra

390 2475 600 2548 θηρίων
631 2475 740 2528 τῶν
771 2475 1270 2548 ἀνθρωπομόρφων,
1305 2475 1399 2539 οὒς
1431 2475 1490 2528 οὑ
1529 2475 1688 2546 μόνον
1720 2475 1798 2528 δεῖ
1833 2475 1978 2546 ὑμᾶς

2093 2468 2243 2532 θοι-οε,
2295 2469 2567 2524 humanas
2612 2471 2794 2540 Specie
2848 2471 3089 2538 indutas,
3139 2488 3280 2542 quos
3339 2489 3448 2527 non
3496 2475 3674 2530 solum

393 2565 476 2638 μὴ
509 2567 926 2639 παραδέχεσθαι,
961 2567 1078 2621 ἀλλ’
1112 2569 1159 2619 εἰ
1192 2567 1414 2620 δυνατόν
1438 2569 1574 2630 ἐστι,
1615 2567 1748 2637 μηδὲ
1784 2584 1976 2620 συναν-

2093 2571 2297 2632 oportet
2337 2578 2432 2618 vos
2463 2578 2570 2617 non
2600 2564 2866 2634 recipere,
2916 2565 3030 2630 sed,
3065 2566 3111 2619 si
3145 2565 3405 2634 possibile
3434 2575 3537 2630 est,
3571 2582 3674 2621 ne-

390 2659 516 2728 τᾷν,
555 2657 716 2728 μόνον
765 2657 822 2709 δὲ
874 2655 1272 2730 προσεύχεσθαι
1319 2656 1458 2728 ὑπὲρ
1491 2656 1690 2720 αὐτῶν,
1728 2657 1822 2709 ἐάν
1858 2674 1974 2720 πως

2093 2669 2188 2723 que
2211 2654 2429 2709 obviam
2460 2655 2542 2710 eis
2579 2654 2717 2722 ﬁeri,
2740 2656 2916 2710 solum
2946 2671 3078 2712 vero
3106 2672 3204 2726 pro
3233 2657 3314 2712 eis
3341 2674 3520 2722 orare,
3541 2675 3675 2715 num

393 2749 826 2819 μετανοήσωσιν,
860 2747 995 2818 ὅπερ
1028 2745 1306 2800 δύσκολον.
1342 2746 1544 2800 Τούτου
1577 2746 1634 2800 δὲ
1665 2746 1778 2818 ἔχει
1823 2747 1974 2812 ἐξου-

2093 2747 2325 2817 aliquam
2374 2747 2753 2817 paenitentiam
2806 2757 2990 2819 agant,
3027 2749 3171 2818 quod
3204 2749 3502 2805 admodum
3536 2751 3675 2807 ditii-

391 2834 516 2888 σιαν
543 2834 750 2905 Ἰησοῦς
775 2835 1029 2908 Χριστὸς,
1053 2834 1112 2888 τὸ
1143 2834 1396 2905 ἀληθινὸν
1429 2835 1587 2907 ἡμῶν
1619 2836 1739 2908 ζῇν.
1776 2836 1888 2908 (68)
1911 2837 1974 2889 Ei

2093 2841 2184 2897 :ile
2214 2850 2318 2898 est.
2345 2840 2520 2913 Hujus
2547 2852 2731 2898 autem
2763 2853 3088 2914 potestatem
3132 2846 3295 2902 habet
3321 2846 3482 2904 Jesus
3511 2849 3674 2906 Chri-

389 2927 501 3000 γὰρ
550 2926 610 2981 τὸ
655 2927 834 2981 δοκεῖν
869 2926 978 2999 (69)
1013 2925 1187 2982 ταῦτα
1220 2928 1468 3002 ἐπράχθη
1502 2929 1607 2982 ὑπὸ
1639 2929 1732 2983 τοῦ
1766 2929 1972 3002 Κυρίου

2093 2943 2212 3002 itus,
2241 2937 2335 3005 qui
2367 2953 2496 2992 vera
2520 2945 2605 2992 est
2631 2936 2740 2990 vita
2776 2945 2983 2991 nostra.
3015 2937 3070 2991 Si
3107 2947 3288 2994 autem
3317 2941 3449 2996 illud
3482 2942 3549 2996 ad
3575 2959 3675 3013 ap—

387 3018 571 3090 ἡμῶν,
607 3017 762 3088 κάγὼ
793 3018 870 3090 τῷ
901 3018 1078 3073 δοκεῖν
1109 3018 1347 3092 δέδεμαι.
1371 3021 1436 3074 Τί
1469 3021 1526 3076 δὲ
1559 3022 1651 3075 καὶ
1685 3020 1796 3095 (70)
1843 3024 1970 3076 ἐαυ-

2093 3029 2379 3084 κπεηιὶαῐη
2411 3038 2626 3084 tantum
2671 3045 2704 3084 a
2735 3030 2967 3086 Domino
3014 3041 3203 3087 nostro
3234 3043 3517 3102 peractum
3563 3042 3676 3107 est,

389 3111 484 3165 τὸν
516 3110 730 3166 ἔκδοτον
761 3111 966 3190 δέδωκα
999 3111 1076 3184 τῷ
1108 3112 1341 3184 θανάτῳ,
1365 3114 1500 3186 πρὸς
1533 3114 1664 3188 πῦρ,
1702 3115 1836 3188 πρὶς
1876 3117 1975 3188 μά-

2093 3128 2133 3175 3t
2178 3136 2280 3192 ego
2320 3121 2387 3176 ad
2437 3122 2810 3192 apparentiam
2862 3131 3079 3178 tantum
3129 3124 3346 3180 vinctus
3382 3143 3525 3184 sum.
3557 3129 3675 3183 Cur

389 3219 606 3275 χαιραν,
659 3203 796 3276 πρὸς
830 3203 1030 3275 θηρία;
1080 3204 1219 3258 Ἀλλ’
1261 3207 1430 3273 ἐγγὺς
1481 3207 1754 3278 μαχαίρας
1805 3210 1974 3278 ἐγγὺς

2093 3227 2208 3268 νει-ο
2250 3222 2305 3268 et
2339 3215 2607 3283 mcipsum
2659 3214 2856 3268 tradidi
2906 3215 3092 3280 morti,
3121 3217 3188 3272 ad
3219 3218 3424 3288 ignem,
3457 3219 3524 3274 ad
3555 3221 3672 3289 gla-

388 3294 551 3360 Θεοῦ,
614 3295 818 3366 μεταξὺ
855 3296 1058 3367 θηρίων
1110 3297 1314 3382 μεταξὺ
1365 3297 1539 3351 Θεοῦ’
1578 3299 1738 3370 μόνον
1788 3302 1846 3354 ὲν
1895 3299 1974 3373 τῷ

2093 3303 2253 3371 lium,
2283 3305 2348 3360 ad
2381 3305 2617 3361 bestias?
2637 3303 2864 3373 Verum,
2895 3308 2988 3376 qui
3019 3323 3187 3376 prope
3217 3309 3478 3378 gladium,
3506 3327 3672 3382 prope

388 3385 614 3459 ὀνόματι
630 3386 806 3459 Ἰησοῦ
841 3387 1096 3460 Χριστοῦ.
1135 3379 1244 3460 (71)
1266 3389 1360 3453 Εἰς
1392 3389 1453 3443 τὸ
1487 3390 1792 3463 συμπαθεῖν
1824 3391 1973 3482 αὐτῷ

2093 3395 2250 3452 Deum
2278 3405 2383 3465 est,
2415 3400 2507 3467 qui
2539 3415 2662 3455 cum
2690 3399 2904 3473 bestiis,
2928 3415 3052 3455 cum
3081 3398 3192 3455 Deo
3219 3410 3336 3468 est;
3370 3403 3670 3461 dummodo

1707 3538 1887 3598 Vetus
1919 3540 2258 3620 interpres.

390 3672 819 3766 gejpsutpjiu’on.
853 3684 1320 3766 quemadmodum
1352 3685 1852 3766 inﬁdelesquidam
1879 3692 2101 3766 dicunt,
2138 3695 2438 3750 secundum
2465 3695 2636 3751 videri
2675 3697 2854 3765 ipsum
2886 3711 3111 3766 passum
3147 3711 3291 3762 esse,
3328 3697 3432 3766 ipsi
3462 3712 3668 3753 secun-

388 3741 730 3873 ﬁilaigisvideri
775 3741 1135 3825 eisistentes,
1166 3741 1236 3812 νει
1263 3741 2103 3832 ειυθωέιάῶὀάίιῖΞξῷίῖιίῐξέἰ
3459 3741 3666 3824 tigni};-

1853 3951 2082 4010 CAPUT
2122 3954 2210 4012 Ill.

460 4059 837 4150 Fgrorenimnet
865 4075 993 4150 post
1019 4057 1495 4150 reSurrectio_nem_
1515 4074 1570 4128 in
1604 4090 1770 4150 carne
1810 4077 1989 4147 ipsum
2021 4078 2166 4145 vidi,
2209 4089 2266 4137 et
2297 4081 2462 4136 credo
2493 4081 2871 4138 exsistentem.
2913 4079 2981 4135 Et
3012 4096 3136 4137 cum
3171 4079 3238 4135 ad
3270 4095 3365 4136 eos
3391 4080 3484 4150 qui
3517 4080 3665 4137 circa

389 4127 813 4222 gelrutuvenit,
831 4127 919 4220 .a'it
955 4139 1089 4222 ipsis
1117 4127 1570 4222 {.Apprehendite,
1600 4127 2273 4222 ﬁgitﬁdté'aéf‘ei
2912 4127 3229 4222 daemonium
3277 4127 3662 4220 sacci-porcum.

390 4200 1008 4293 §}_confestuu'_ipsurh
1060 4200 1376 4293 tetigerunt,
1411 4226 1465 4269 et
1503 4200 2557 4293 catmum;senioresita"ipsis;
2589 4200 3666 4293 erasas."aestuassemagis

391 4282 871 4360 contempserunt;
909 4279 1114 4360 inventi
1137 4279 1512 4360 .autem'sunt
1534 4301 1710 4360 super
1736 4279 1988 4344 mortem.
2013 4287 2147 4346 Post
2177 4279 2636 4349 resurrectionem
2671 4279 2855 4349 autem
2887 4279 3127 4350 comedit
3157 4306 3284 4349 cum
3313 4292 3397 4349 eis
3423 4301 3478 4348 et
3505 4291 3664 4360 bibit,

391 4350 455 4396 ut
482 4346 746 4414 carnalis;
782 4351 1035 4418 quamvis
1069 4351 1426 4423 spiritualiter
1453 4346 1641 4412 unitos
1665 4355 1836 4414 Patri.

1847 4538 2079 4596 CAPUT
2117 4540 2209 4598 IV.

463 4623 590 4706 ﬂaec
619 4637 800 4683 autem
830 4629 1141 4706 monefacio
1178 4631 1357 4697 vobis,
1386 4632 1596 4706 dilecti,
1636 4635 1816 4692 sciens
1845 4638 2107 4706 quoniam
2145 4647 2200 4694 et
2225 4653 2324 4694 vos
2355 4637 2436 4693 sic
2465 4636 2702 4694 habetis.
2738 4634 3050 4693 Pramunio
3080 4643 3261 4691 autem
3289 4649 3385 4706 vos
3414 4649 3446 4689 a
3473 4633 3666 4706 bestiis

393 4697 915 4778 authrOpomorphis
946 4717 1137 4778 :_qu_os
1177 4716 1287 4778 non
1323 4704 1498 4758 solum
1535 4697 1748 4778 oportet
1771 4697 1878 4778 vos
1911 4723 2020 4763 non
2049 4709 2314 4778 recipere,
2354 4709 2448 4764 sed
2479 4709 2526 4778 si
2569 4708 2830 4778 possibile
2861 4722 3039 4778 neque
3079 4707 3159 4760 eis
3191 4705 3449 4771 obviare;
3484 4705 3662 4778 solum

395 4775 577 4848 autem
624 4783 786 4824 orare
829 4785 930 4838 pro
981 4771 1137 4840 ipsis,
1186 4773 1250 4848 si_
1277 4789 1388 4843 quo
1427 4771 1590 4848 modo
1637 4776 1972 4845 pceniteant;
2024 4771 2182 4848 quod
2217 4778 2452 4834 dillicile.
2505 4771 2681 4848 Hujus
2715 4786 2897 4832 autem
2944 4771 3470 4848 liabetpotestatem
3502 4772 3664 4830 Jesus

394 4835 866 4920 (ihristus,veru_rh
911 4835 1426 4920 nostrumjivere.‘
1453 4835 1728 4920 Siaut'em
1769 4835 2070 4920 secundum
2111 4849 2444 4920 viderith
2485 4835 2708 4920 operata
2752 4855 2964 4920 sunta
2986 4835 3220 4899 Domino
3248 4855 3454 4920 _no_stro
3484 4861 3498 4898 :
3533 4859 3664 4920 ergo

393 4910 911 4996 etegosee‘uudum
958 4912 1127 4996 videri
1153 4913 1331 4996 λίθοι’.
1389 4913 1530 4980 Quid
1565 4925 1744 4996 autem
1778 4926 1834 4972 et
1861 4919 2131 4996 rneipsum
2158 4919 2440 4996 traditum
2467 4910 2594 4996 dedi
2627 4919 2811 4996 morti,
2848 4917 2915 4969 ad
2950 4916 3152 4996 ignem,
3190 4914 3560 4996 adgla‘dium,
3593 4910 3662 4995 ad

393 4977 636 5034 bestias?
679 4977 790 5035 Sed
830 4996 999 5051 prope
1044 4977 1308 5053 gladiu'm,
1357 4977 1526 5055 prope
1574 4985 1746 5041 Deum
1797 5004 1811 5039 :
1861 4977 2003 5044 inter
2048 4991 2292 5046 medium
2340 4991 2665 5055 bestiarum,
2716 4977 2859 5042 inter
2902 4977 3147 5040 médium
3190 4977 3324 5040 Dei:
3363 4977 3554 5038 Solum
3606 4985 3660 5038 in

468 5158 712 5238 (62)Cfr.
732 5161 882 5218 inl‘ra
911 5178 963 5219 c.
993 5164 1052 5230 .7,
1075 5166 1104 5217 ὁ
1137 5164 1326 5237 Πατὴρ
1350 5165 1592 5237 ἤγειρεν,
1616 5175 1670 5222 et
1696 5167 1764 5222 ad
1785 5165 1979 5235 Trall.,
2015 5177 2059 5232 ι)
2092 5185 2214 5226 esse
2258 5169 2538 5226 contendit
2566 5167 2624 5222 S.
2661 5166 3026 5238 Hieronymus
3059 5167 3113 5221 in
3134 5166 3390 5235 Catalogo
3430 5166 3666 5238 scripto—

395 5232 570 5307 c°9:_i
627 5303 683 5307 ,-
811 5305 823 5307 _
867 5305 910 5307 _
1003 5306 1010 5307 ί
1229 5306 1234 5307 γ
1280 5232 1308 5237 ”
1374 5232 1409 5236 ’ί
1481 5232 1492 5237 ’
1966 5232 1973 5235 ’
2085 5257 2207 5295 rum
2253 5232 3111 5297 ecclesiasticarum.Pearsonus
3137 5232 3451 5306 suspicatur
3507 5232 3666 5307 lgna-

466 5302 582 5373 (65)
613 5303 730 5361 Cir.
759 5305 826 5360 ad
867 5305 1062 5372 Trall.,
1092 5321 1142 5362 c.
1181 5306 1269 5360 10.
2087 5312 2222 5366 tium
2267 5327 2332 5366 ea
2369 5327 2437 5366 ex
2489 5310 2783 5364 traditione
2815 5308 2955 5364 orali
3005 5323 3130 5362 esse
3170 5302 3498 5362 mutuatum.
3533 5302 3660 5364 'Cfr.

467 5373 583 5450 (64)
613 5375 899 5446 Ejusmodi
951 5377 1351 5450 paronomasia;
1400 5379 1599 5448 saepius
1628 5381 1769 5448 apud
1809 5378 1973 5450 lgna-
2083 5381 2346 5447 Credner,
2383 5381 2632 5450 Beitrage
2659 5379 2696 5444 Ι,
2728 5394 2782 5448 p.
2817 5378 3092 5445 407,408.

395 5444 532 5518 tium
563 5444 839 5518 leguntur,
863 5463 912 5502 e.
937 5444 988 5516 g.
1017 5448 1073 5518 in
1093 5448 1449 5518 inscriptione
1478 5444 1735 5518 epistolae
1765 5444 1964 5504 ad'Po-
2144 5452 2260 5518 (67)
2300 5444 2386 5507 Cf.
2411 5453 2529 5505 Act.
2555 5444 2608 5512 ᾖ,
2643 5444 2732 5505 4|.

394 5513 700 5595 lycatjpuru,
728 5517 790 5595 in_
811 5532 900 5595 ep.
938 5513 1006 5573 ad
1028 5517 1195 5595 110m,
1223 5513 1353 5595 citi,
1379 5517 1445 5571 ad
1479 5513 1676 5595 Trall.,
1695 5537 1744 5574 c.
2051 5583 2064 5595 α
2143 5513 2254 5595 (68)
2295 5523 2420 5595 llam
2452 5521 2633 5595 laudat
2665 5519 3017 5584 Theodorel.,
3059 5518 3205 5574 Dial.
3241 5520 3284 5583 l,
3315 5519 3353 5571 l.
3385 5533 3459 5579 c.,
3486 5533 3541 5587 p.
3570 5517 3658 5573 50.

464 5586 578 5656 (65)
627 5586 1246 5660 HaeclaudantEuseb.,
1286 5588 1360 5660 H.
1403 5605 1473 5660 el,
1505 5607 1587 5654 Ill,
1614 5586 1967 5658 36,et'l‘lieo-

2143 5586 2257 5660 (69)
2299 5592 2389 5649 Sc.
2424 5593 2484 5646 τὸ
2517 5591 2732 5646 παθεῖν.

396 5651 598 5736 (ξεπθιζ3
631 5659 778 5736 Dial.
811 5658 1030 5736 Il,_l._c.,
1056 5677 1110 5730 p.
1141 5660 1263 5714 127.
1286 5659 1481 5715 οτι-,0.
1628 5651 1964 5736 Fr._Walch:
2294 5666 2338 5719 Ι.
2372 5680 2428 5734 q.
2464 5663 2724 5734 ἐμαυτόν,
2766 5671 2828 5716 ut
2864 5676 3030 5732 saepe.
3056 5659 3141 5716 Cf.
3187 5660 3256 5716 ad
3293 5659 3488 5727 Trall.,
3518 5673 3576 5714 c-
3602 5657 3657 5715 5.

399 5724 547 5802 Num
563 5730 809 5802 Ignatius
829 5724 1096 5784 Christum
1125 5741 1242 5802 post
1271 5733 1702 5786 resurrectionem
1728 5731 1783 5786 in
1810 5748 1968 5786 carne

399 5797 614 5858 viderit:
640 5802 988 5870 Programma
1009 5797 1189 5870 pascit.
1214 5801 1475 5871 Gotting.,
1505 5802 1664 5856 1772.

481 5873 594 5946 (66)
651 5871 728 5927 Ex
762 5871 1055 5942 Evangelio
1103 5871 1485 5929 Nazaraaorum
1522 5873 1638 5930 haec
1679 5873 1966 5944 desumpta

2070 5735 2184 5792 not.
2203 5735 2292 5791 84.

2140 5809 2254 5883 (7i)
2292 5803 2379 5860 Cf.
2417 5804 2578 5859 Rom.
2608 5819 2728 5869 vm,
2769 5804 2858 5860 17.
