4134 6400
482 387 582 442 711

1474 376 1723 435 SANCTl
1772 376 2031 435 .IGNATll
2070 376 2431 434 EPISTOLAE
2469 380 2817 438 GENUINAE.

3664 386 3773 442 7η

482 514 557 562 stt
586 519 639 558 in
671 501 897 559 nomine
929 498 1060 555 Jesu
1088 499 1314 555 Christi.
1349 498 1421 555 Ut
1467 502 1634 556 simul
1685 516 1812 556 cum
1860 501 1954 555 illo
1982 516 2064 570 pa-

2181 502 2363 555 πάντα
2383 502 2664 573 ὑπομένω,
2691 502 2857 557 αὐτοῦ
2881 521 2948 575 με
2975 502 3403 577 ὲνδυναμοῦντος
3437 504 3530 559 τοῦ
3564 504 3772 559 τελείου

484 600 609 664 tiar,
645 597 831 653 omnia
864 595 1134 657 sustineo,
1184 594 1305 665 ipso
1344 594 1643 650 roborante
1685 609 1796 662 me,
1828 594 1923 665 qui
1952 610 2078 665 per-

481 690 655 747 fectus
678 691 844 746 homo
874 687 1055 743 factus
1081 695 1187 742 est.

2184 592 2476 668 ἀνθρώπου
2509 596 2828 668 γενομένου.

1608 779 1676 835 ν.
1714 779 2028 835 Periculum
2056 778 2253 835 erroris
2286 776 2631 832 Docetarum.

550 903 689 959 Eum
721 903 871 959 stulti
905 903 1128 973 quidam
1150 902 1447 973 abnegant,
1472 901 1655 971 potius
1686 910 1870 956 autem
1900 901 1971 956 ab
2006 916 2074 956 eo

480 995 841 1064 abnegantur,
866 993 1085 1063 patroni
1129 993 1323 1047 mortis
1350 992 1547 1061 magis,
1579 1006 1743 1061 quam
1782 991 2029 1046 veritatis
2056 1008 2070 1057 ;

479 1085 682 1154 quibus
726 1100 827 1138 nec
877 1083 1177 1153 prophetiae
1226 1098 1567 1153 pcrsuasere,
1596 1098 1697 1137 nec
1732 1083 1933 1154 llloysis
1966 1082 2073 1149 lex,

479 1178 574 1231 sed
622 1192 723 1231 nec
773 1174 1127 1245 Evangelium
1181 1176 1235 1229 in
1288 1176 1435 1229 hunc
1480 1190 1655 1245 usque
1698 1175 1865 1240 diem,
1897 1190 2076 1244 neque

479 1278 683 1322 nostra:
714 1268 1053 1336 singulorum
1090 1265 1397 1335 passiones.
1420 1263 1558 1319 Nam
1582 1276 1635 1319 et
1656 1265 1723 1319 de
1748 1266 1908 1320 nobis
1929 1266 2071 1319 idem

480 1365 740 1417 sentiunt.
773 1361 916 1428 Quid
963 1361 1110 1414 enim
1161 1360 1295 1413 mihi
1326 1364 1570 1429 prodest,
1603 1361 1652 1413 si
1683 1359 1809 1429 quis
1838 1374 1925 1413 me
1954 1360 2073 1414 lau-

479 1453 594 1518 det,
628 1452 924 1507 Dominum
959 1462 1141 1507 autem
1173 1466 1355 1506 meum
1392 1450 1754 1519 blasphemet,
1786 1466 1913 1504 eum
1953 1467 2075 1504 car-

478 1560 603 1600 nem
636 1545 1004 1615 assumpsisse
1034 1544 1278 1615 negans?
1318 1541 1421 1609 Qui
1458 1558 1587 1597 vero
1619 1542 1671 1595 id
1704 1558 1810 1597 non
1847 1542 2074 1612 profite-

482 1648 590 1703 tur,
620 1638 668 1692 is
720 1653 949 1708 prorsus
1000 1652 1126 1692 eum
1171 1636 1410 1706 negavit,
1448 1635 1566 1705 ipse
1609 1634 1777 1689 funus
1822 1646 2069 1704 portans.

478 1727 712 1783 Nomina
742 1744 871 1782 vero
900 1744 1119 1793 eorum,
1153 1744 1278 1782 cum
1309 1728 1419 1781 sint
1446 1728 1860 1791 inﬁdeliarnon
1893 1726 2070 1779 visum

479 1822 611 1875 milii
642 1831 724 1875 est
751 1820 1012 1875 scribere.
1047 1821 1113 1874 Et
1142 1820 1286 1874 absit
1323 1835 1353 1874 ιι
1385 1835 1492 1884 me,
1525 1828 1586 1872 ut
1611 1834 1801 1871 eorum
1831 1817 2069 1870 mentio-

2255 899 2355 950 Ὃν
2387 915 2532 961 τινες
2555 898 2879 966 ἀγνοοῦντες
2898 898 3209 971 ἀρνοῦνται,
3236 898 3436 970 μᾶλλον
3467 899 3524 951 δὲ
3544 898 3654 970 (72)
3675 900 3767 973 ήρι

2181 989 2425 1061 νήθησαν
2476 991 2569 1043 ὑπ’
2620 990 2810 1056 αὐτοῦ,
2847 991 3003 1055 ὅντες
3057 993 3345 1063 συνήγοροι
3394 991 3488 1046 τοῦ
3540 991 3756 1045 θανάτοι

2186 1082 2386 1153 μᾶλλον
2419 1082 2452 1153 ἢ
2490 1082 2587 1151 τῆς
2620 1083 2877 1153 ἀληθείας
2901 1101 2914 1112 ·
2950 1083 3044 1146 οὓς
3078 1084 3178 1139 οὐκ
3210 1083 3435 1136 ἔπεισαν
3468 1086 3524 1137 αἱ
3561 1101 3746 1154 προφη

2179 1178 2344 1241 τεῖαι,
2380 1175 2490 1229 οὐδ’
2523 1176 2551 1226 ὁ
2586 1175 2749 1244 νόμος
2778 1174 3078 1239 Μωῦσέως,
3114 1173 3231 1228 ἀλλ’
3295 1174 3417 1227 οὐδὲ
3466 1174 3628 1245 μέχρι
3678 1175 3772 1228 νῦν

2177 1269 2237 1322 τὸ
2273 1268 2383 1340 (75)
2419 1267 2772 1351 Εὑαγγέλιον,
2804 1266 2924 1320 οὐδὲ
2976 1267 3043 1320 τὰ
3091 1268 3336 1339 ἡμέτερα
3367 1266 3477 1320 τῶν
3522 1267 3642 1320 κατ’
3676 1268 3772 1321 ἄν-

2177 1361 2281 1433 δρα
2344 1360 2667 1431 παθήματα.
2704 1358 2816 1429 (74)
2850 1358 2961 1412 Καὶ
2998 1359 3107 1431 γὰρ
3142 1362 3270 1431 περὶ
3321 1358 3479 1429 ἡμῶν
3530 1358 3589 1411 τὸ
3639 1359 3769 1412 αὐτὶ·

2179 1453 2485 1526 φρονοῦσιν.
2512 1451 2622 1521 (75)
2645 1451 2710 1503 Τί
2740 1452 2847 1523 γάρ
2886 1468 2951 1521 με
2975 1450 3179 1520 ὠφελεί
3210 1470 3313 1516 τις,
3335 1454 3386 1503 εί
3419 1452 3519 1522 ἐμὲ
3534 1454 3768 1517 ἐπαινεῖ,

2176 1544 2267 1597 τὸν
2319 1543 2376 1596 δὲ
2428 1543 2633 1616 Κύριόν
2673 1560 2773 1613 μου
2813 1542 3152 1614 βλασφημεῖ,
3207 1543 3317 1614 (76)
3368 1543 3442 1614 μὴ
3493 1543 3772 1614 ὁμολογῶν

2176 1635 2338 1687 αὑτὸν
2390 1635 2768 1707 σαρκοφόρον;
2818 1634 2876 1686 '0
2910 1634 2967 1686 δὲ
3019 1635 3179 1689 τοῦτο
3209 1636 3283 1707 μὴ
3329 1635 3501 1704 λέγων
3551 1636 3771 1699 τελείως

2174 1726 2339 1779 αὐτὸν
2389 1727 2729 1796 ἀπήρνηται,
2765 1724 2840 1777 ὢν
2890 1727 3238 1798 νεκροφόρος.
3296 1728 3376 1781 Τὰ
3425 1728 3480 1781 δὲ
3527 1728 3770 1797 ὀνόματα

2172 1818 2375 1883 αὐτῶν,
2410 1818 2542 1870 ὄντα
2574 1818 2796 1881 ἄπιστα,
2833 1817 2935 1870 οὐκ
2967 1817 3112 1882 ἔδοξέ
3149 1838 3238 1889 μοι
3276 1820 3569 1892 ἐγγράψαι.
3608 1819 3770 1875 Ἀλλά

481 1930 602 1967 nem
634 1912 851 1978 faciam,
888 1913 1061 1967 donec
1100 1920 1441 1965 revertantur
1467 1910 1533 1965 ad
1565 1909 1878 1980 passionem
1908 1906 2064 1961 Chri-

2171 1911 2306 1983 μηδὲ
2340 1910 2550 1979 γένοιτό
2586 1927 2675 1981 μοι
2709 1908 2889 1962 αὐτῶν
2929 1911 3308 1981 μνημονεύειν,
3351 1914 3541 1986 μέχρις
3561 1908 3622 1968 οὖ
3653 1908 3766 1985 (77)

478 2003 572 2067 sti,
604 2019 725 2073 qua:
751 2013 835 2058 cst
865 2013 1053 2058 nostra
1084 2004 1438 2057 resurrectio.

2179 2004 2587 2076 μετανοήσουσιν
2640 2006 2718 2067 εἰς
2767 2002 2827 2056 τὸ
2878 2004 3071 2069 πάθος,
3136 2007 3164 2060 ὅ
3231 2009 3378 2059 ἐστιν
3430 2005 3586 2076 ἡμῶν
3633 2007 3767 2060 ἀνά-

2178 2114 2388 2160 στασις.

484 2220 569 2275 Vl.
603 2219 709 2286 Qui
749 2237 853 2274 non
881 2219 1049 2276 credit
1074 2222 1131 2275 in
1159 2222 1470 2293 sanguinem
1514 2221 1736 2286 Christi,
1775 2220 2135 2292 judicabttur,
2174 2219 2276 2274 etsi
2302 2217 2523 2288 angelus
2554 2225 2711 2271 esset.
2752 2215 3037 2272 Haereticis
3081 2218 3199 2273 istis
3230 2219 3393 2273 etiam
3424 2221 3647 2276 virtutes
3675 2224 3769 2280 de-

2019 2300 2165 2347 sunt.

548 2384 717 2442 Nemo
756 2396 921 2442 erret.
953 2385 1022 2440 Et
1050 2386 1096 2442 si
1123 2387 1398 2453 caelestes,
1425 2395 1481 2442 et
1510 2387 1687 2457 gloria
1717 2390 2063 2458 angelorum,

473 2488 528 2533 et
570 2479 842 2549 principes
887 2480 1135 2535 visibiles
1175 2488 1230 2534 et
1266 2480 1574 2534 invisibiles
1605 2496 1713 2534 non
1748 2480 1975 2536 credant
2008 2480 2083 2546 in,

474 2572 796 2641 sanguinem
826 2571 1056 2637 Christi,
1083 2578 1138 2625 et
1165 2571 1269 2640 ipsi
1293 2571 1710 2639 judicabuntur.
1747 2569 1853 2636 Qui
1882 2586 2073 2639 capere

473 2672 663 2732 potest,
704 2663 900 2732 capiat.
935 2661 1112 2718 Locus
1144 2662 1418 2718 neminem
1451 2663 1673 2730 ell‘erat;
1708 2672 1883 2718 totum
1914 2663 2063 2717 enim

473 2763 560 2810 est
588 2755 721 2810 ﬁdes
747 2764 801 2809 et
827 2755 1091 2818 charitas,
1122 2755 1326 2825 quibus
1360 2755 1497 2808 nihil
1533 2754 2063 2825 prmstantius.Con-

474 2844 713 2900 sidcrate
742 2859 869 2898 vero
895 2859 1014 2909 eos,
1032 2844 1125 2913 qui
1149 2845 1216 2898 de
1240 2844 1415 2915 gratia
1443 2842 1573 2899 Jesu
1600 2844 1826 2911 Christi,
1845 2860 1966 2915 qua:
1993 2844 2058 2898 ad

473 2947 578 2988 nos
624 2932 791 2997 venit,
847 2932 1081 2986 alienam
1139 2932 1453 3001 opinionem
1504 2939 1745 2994 tuentur,
1783 2930 2060 3000 quomodo

473 3024 735 3080 contrarii
765 3025 876 3079 sint
899 3023 1100 3077 divinae
1126 3023 1416 3077 voluntati.
1442 3021 1561 3077 Non
1588 3024 1830 3079 charitas
1855 3024 1934 3078 eis
1962 3038 2061 3078 cu-

472 3132 549 3172 ra:
574 3123 678 3182 est,
713 3131 821 3171 non
847 3116 1032 3180 vidua,
1064 3130 1176 3171 non
1206 3115 1433 3185 pupilla,
1464 3132 1573 3169 non
1599 3130 1921 3185 oppressus,
1947 3130 2057 3171 non

472 3208 693 3266 vinctus
725 3209 808 3264 vel
848 3208 1088 3273 solutus,
1127 3222 1237 3263 non
1273 3208 1527 3262 esuriens
1558 3207 1643 3261 vel
1671 3206 1883 3262 sitiens.

2238 2384 2447 2456 Μηδεὶς
2487 2383 2801 2438 πλανάσθω.
2837 2383 2947 2455 (78)
2978 2385 3089 2437 Καὶ
3138 2384 3207 2438 τὰ
3256 2387 3572 2458 ἐπουράνια,
3608 2388 3703 2442 καὶ
3732 2390 3766 2460 ﬂ

2166 2478 2291 2546 δόξα
2325 2477 2434 2532 τῶν
2462 2478 2730 2547 ἀγγέλων,
2756 2477 2849 2529 καὶ
2880 2478 2929 2529 οἱ
2958 2477 3217 2547 ἄρχοντες
3237 2479 3420 2548 ὁρατοί
3454 2497 3516 2531 τε
3548 2481 3642 2533 καὶ
3671 2482 3766 2534 ἀό-

2168 2587 2341 2640 ρατοι,
2372 2567 2467 2621 ἐὰν
2491 2568 2567 2639 μὴ
2591 2566 2952 2621 πιστεύσωσιν
2987 2570 3067 2632 εἰς
3098 2569 3157 2622 τὸ
3191 2563 3330 2640 αἷμα
3359 2569 3597 2641 Χριστοῦ
3626 2571 3762 2643 (79),

2165 2663 2441 2727 κάκείνοις
2475 2665 2656 2735 κρίσις
2688 2663 2858 2718 ἐστίν.
2891 2664 2943 2715 Ὁ
2976 2663 3184 2733 χωρῶν
3218 2665 3550 2733 χωρείτω¹³.
3590 2666 3766 2730 Τόπος

2170 2755 2374 2826 μηδένα
2408 2756 2708 2825 φυσιούτω·
2746 2755 2806 2809 τὸ
2847 2755 2958 2827 γὰρ
2989 2755 3109 2809 ὃλον
3141 2740 3258 2810 ἐστὶ
3286 2758 3466 2822 πίστις
3498 2759 3592 2812 καὶ
3628 2759 3760 2827 ἀγά-

2167 2861 2271 2914 πη,
2310 2845 2420 2914 (80)
2452 2838 2526 2897 ὧν
2556 2845 2705 2899 οὐδὲν
2738 2845 3116 2916 προκέκριται.
3154 2848 3513 2917 Καταμάθετε
3547 2850 3605 2903 δὲ
3639 2851 3765 2912 τοὺς

2165 2934 2606 3005 ἐτεροδοξοῦντας
2646 2937 2725 2998 εἰς
2759 2939 2856 3005 τὴν
2887 2938 3045 3006 χάριν
3083 2936 3256 3008 Ἰησοῦ
3287 2938 3523 3010 Χριστοῦ
3554 2940 3653 3012 τὴν
3683 2941 3765 3005 εἰς

2163 3027 2314 3097 ἡμᾶς
2364 3026 2642 3089 ἐλθοῦσαν,
2691 3026 2808 3089 πῶς
2851 3028 3083 3081 ἐναντίοι
3125 3028 3263 3082 είσίν
3309 3032 3375 3100 τῇ
3426 3030 3618 3104 γνώμῃ
3668 3029 3762 3085 τοῦ

2163 3116 2322 3172 Θεοῦ.
2364 3118 2501 3189 Περὶ
2540 3118 2762 3190 ἀγάπης
2790 3120 2852 3172 οὐ
2892 3118 3042 3189 μέλει
3072 3119 3276 3184 αὐτοῖς,
3310 3121 3371 3174 οὐ
3402 3122 3529 3192 περὶ
3562 3126 3760 3205 χήρας,

2084 3173 2130 3233 c
2163 3206 2225 3259 οὐ
2259 3208 2388 3278 περὶ
2416 3173 2673 3278 ὀρφανοῦ,
2803 3173 2931 3278 περὶ
2960 3173 3299 3279 θλιϐομένουῦ,
3323 3173 3404 3264 οὐ
3445 3173 3763 3282 τέψΐὲὲέξί

2167 3296 2328 3367 μένου
2360 3298 2393 3368 ἢ
2420 3298 2732 3369 λελυμένου,
2758 3298 2818 3350 οὐ
2854 3298 2983 3369 περὶ
3016 3298 3311 3362 πεινῶντος
3344 3300 3376 3371 ἦ
3407 3300 3689 3369 διψῶντος.

1812 3414 1989 3473 Vetus
2050 3414 2391 3495 interpres.

472 3546 695 3625 nomine
726 3542 855 3601 Jesu
895 3543 1140 3611 Christi,
1210 3542 1279 3598 ad
1325 3542 1562 3625 compati
1600 3541 1739 3612 ipsi,
1785 3542 1973 3598 omnia
2012 3545 2298 3601 sustinebo
2336 3562 2351 3600 :
2395 3546 2514 3617 ipso
2556 3561 2644 3601 me
2677 3544 3048 3614 fortiﬁcante,
3115 3545 3211 3616 qui
3270 3545 3552 3618 perlectus
3593 3545 3762 3602 homo

1954 3683 2188 3740 CAPUT
2232 3685 2296 3739 V.

541 3784 713 3852 Quem
761 3783 981 3853 quidam
1027 3782 1353 3854 ignorantes
1387 3781 1693 3851 abnegant,
1734 3781 1911 3850 magis
1950 3790 2134 3837 autem
2183 3784 2439 3854 abnegati
2488 3791 2618 3838 sunt
2661 3783 2731 3837 ab
2772 3782 3758 3854 ipso;exsistentesconcinnatores

472 3851 674 3924 mortis,
709 3851 903 3923 magis,
949 3868 1112 3922 quam
1145 3851 1389 3906 veritatis
1428 3868 1442 3903 :
1479 3867 1621 3920 quos
1667 3866 1778 3906 non
1819 3862 2214 3920 persuaserunt
2252 3851 2585 3924 prophetiae,
2617 3851 2912 3924 neque:lex
2944 3852 3186 3924 Moysis;
3234 3853 3329 3907 sed
3371 3870 3548 3923 neque
3584 3869 3758 3921 usque

474 3617 660 3674 factus
698 3627 805 3672 est.

471 3940 620 3979 nunc
644 3923 1017 3993 Evangelium,
1049 3938 1224 3992 neque
1248 3931 1462 3994 nostra).
1498 3938 1708 3994 eorum
1731 3923 1825 3990 qui
1861 3923 2176 3994 secundum
2214 3923 2394 3977 virum
2429 3926 2739 3994 passiones.
2774 3923 2986 3977 Etenim

3059 3939 3089 3977 e
3122 3924 3281 3977 nobis
3330 3924 3470 3976 idem
3514 3925 3754 3994 sapiunt.

470 3995 611 4062 Quid
656 3991 814 4048 enim
843 3994 999 4064 juvat
1041 3991 1323 4064 mequis,
1371 3993 1417 4047 si
1464 3991 1811 4064 inclaudat;
1860 3991 2157 4064 Dominum
2205 4004 2390 4049 autem
2431 3991 2625 4049 ineum
2668 3994 3042 4064 blasphemat,
3093 4009 3201 4047 non
3252 3994 3519 4064 conﬁtens
3577 3991 3756 4063 ipsum

471 4064 842 4136 carniferutn?
892 4062 997 4136 Qui
1034 4063 1363 4136 autemhoc
1403 4077 1511 4115 non
1554 4062 1716 4136 dicit,
1762 4062 1944 4130 ipsum
1995 4063 2234 4136 perfecte
2277 4066 2594 4136 abnegavit,
2641 4062 2921 4120 exsis'tens
2963 4064 3237 4136 mortifer.
3284 4062 3517 4117 Nomina
3572 4062 3754 4118 autem

473 4135 751 4202 ipsorum,
793 4134 1113 4213 exsistentia
1138 4131 1429 4213 .iutldelia,
1472 4147 1581 4185 non
1625 4131 1804 4185 visum
1848 4142 1933 4186 est
1974 4131 2109 4187 mihi
2136 4131 2472 4213 inscribere;
2519 4136 2615 4191 sed
2636 4150 2814 4205 neque
2854 4136 2950 4190 ﬁat
2991 4134 3129 4189 mihi
3168 4135 3414 4205 ipsorum
3453 4136 3755 4199 recordari,

474 4220 760 4276 usquequo
797 4208 1099 4273 pmniteant
1136 4208 1190 4257 in
1235 4208 1579 4272 passionem,
1618 4217 1742 4271 quae
1784 4211 1872 4258 est
1917 4212 2111 4258 nostra
2152 4208 2508 4264 resurrectio.

1923 4348 2153 4404 CAPUT
2201 4349 2287 4406 Vl.

541 4444 736 4498 Nullus
763 4442 1039 4516 erret._Et
1078 4441 1508 4516 supercrelestia,
1542 4450 1596 4495 et
1622 4440 1795 4516 gloria
1828 4444 2169 4516 angelorum,
2203 4455 2259 4500 et
2284 4447 2561 4516 principes
2585 4446 2828 4501 visibiles
2858 4455 2914 4500 et
2943 4444 3270 4516 invisibiles,
3309 4443 3354 4497 si
3384 4457 3492 4516 non
3526 4441 3749 4516 credant

472 4515 793 4584 sanguinem
826 4514 1064 4585 Christi;
1106 4513 1297 4585 etillis
1317 4512 1583 4585 judicium
1613 4522 1715 4566 est.
1748 4512 2045 4585 Quiicapit,
2073 4512 2579 4585 capiatCQuali—tate
2612 4518 2797 4571 nullus
2829 4516 3068 4570 inﬂetur.
3103 4514 3301 4569 Totum
3330 4514 3477 4585 enim
3504 4522 3589 4585 est
3616 4513 3749 4585 lides

470 4597 526 4641 et
556 4582 797 4642 charitas
827 4603 840 4638 :
873 4583 1075 4653 quibus
1112 4583 1245 4635 nihil
1289 4582 1640 4655 praepositum
1688 4593 1792 4655 est.
1845 4582 2207 4640 Considerate
2244 4582 2428 4645 autem
2478 4588 2640 4641 aliter
2684 4588 2975 4655 opinantes
3012 4587 3065 4640 in
3104 4586 3333 4654 gratiam
3361 4582 3487 4655 .lesu
3520 4582 3749 4655 Christi,

471 4673 592 4711 eam
625 4671 747 4725 qua:
782 4656 834 4708 in
870 4672 971 4709 nos
1003 4654 1181 4719 venit;
1230 4653 1464 4725 qualiter
1492 4654 1754 4725 contrarii
1796 4663 1926 4707 sunt
1975 4658 2260 4711 sententiae
2293 4657 2405 4711 Dei.
2459 4657 2534 4709 De
2583 4653 2851 4712 charitate
2900 4672 3007 4710 non
3041 4653 3126 4710 est
3156 4670 3288 4708 cura
3340 4654 3496 4723 ipsis,
3542 4668 3652 4708 non
3684 4653 3753 4706 de

470 4723 657 4793 vidua,
692 4741 799 4780 non
827 4725 894 4780 de
925 4725 1194 4794 orphano,
1234 4738 1345 4778 non
1374 4724 1442 4777 de
1477 4723 1760 4784 tribulato,
1792 4740 1902 4778 non
1929 4725 1996 4779 de
2023 4726 2190 4796 ligato
2217 4729 2301 4782 vel
2332 4728 2536 4794 soluto,
2571 4744 2677 4782 non
2717 4728 2785 4783 de
2811 4727 3088 4782 esuriente
3118 4726 3201 4780 vel
3226 4725 3468 4780 sitiente.

543 4851 588 4881 ¹³
618 4848 808 4904 Matth.
862 4863 979 4911 XIX,
1014 4845 1102 4899 η.

543 4966 657 5039 (72)-
690 4964 815 5019 Haac
838 4961 1240 5039 epanorthosis,
1273 4968 1332 5014 ut
1364 4962 1415 5014 in
1445 4975 1533 5039 _ep.
1564 4960 1631 5039 ad
1660 4961 1843 5033 Polyc.
1872 4963 2042 5019 inscr.

2167 4959 2609 5039 popog,_lgnatius
2640 4957 2917 5039 Θεοφορος,
2937 4958 2984 5039 is
3004 4957 3095 5038 qui
3124 4953 3749 5039 negat‘inc‘arnationem

469 5031 751 5105 ὲπίσκόπῳ
771 5031 1075 5105 ε’μᾶλλον
1105 5032 1556 5105 ὲπξσκοπημένῳ.
1592 5031 1788 5105 Pisans.

546 5055 705 5089 ισκοπ
771 5055 843 5089 =
879 5055 1075 5105 μαΛΛον
1105 5055 1382 5102 επεσκοπη
1433 5055 1556 5102 ενῳ.
1593 5055 1788 5087 ΓΕΑιὶδ.

542 5108 654 5179 (73)
695 5055 837 5179 ﬁ:th
859 5108 1151 5179 scriptum_
1172 5055 1546 5179 Evangeiium,
1574 5104 1693 5179 _sed
1737 5103 2051 5179 evangelica

468 5171 785 5250 praedicatio
808 5176 875 5230 de
899 5171 1007 5229 vita
1039 5184 1092 5229 et
1129 5173 1286 5227 factis
1316 5172 1542 5227 Christi.
1573 5171 1944 5242 Nietneyer,’l.
1975 5189 2050 5239 c.,

468 5266 523 5321 p.
548 5266 599 5303 δ.

543 5320 655 5394 (74)
694 5316 735 5372 Ι.
764 5332 816 5394 e.
839 5318 928 5394 qui
952 5314 1368 5394 incarnationem
1395 5312 1943 5394 Christiimpugnant,
1967 5314 2053 5366 illi

468 5385 737 5443 universos
767 5385 999 5440 homines
1034 5393 1289 5449 evertunt,
1314 5400 1493 5437 eorum
1523 5385 1929 5452 redemptionem
1962 5401 2055 5452 per

468 5469 688 5515 mortem
725 5456 925 5511 Christi
967 5464 1234 5524 negantes.
1281 5456 1384 5509 Seu
1413 5473 1426 5507 :
1455 5458 1541 5524 qui
1566 5455 1747 5507 dicunt
1780 5454 2050 5509 Christum

2155 5024 2361 5087 Christi
2382 5024 2727 5100 νεκροφόρος,
2747 5024 2784 5082 ἰ.
2808 5024 2859 5082 e.
2881 5030 2969 5097 qui
2992 5024 3160 5082 vivens
3182 5024 3359 5095 portat
3384 5024 3543 5091 {unus
3568 5040 3747 5089 suum,

2159 5104 2196 5158 i.
2226 5118 2276 5156 e.
2306 5102 2400 5168 qui
2432 5101 2548 5168 ipse
2580 5109 2827 5154 mortuus
2855 5109 2959 5153 est.

2230 5118 2276 5156 e.
2346 5118 2400 5155 ιη
2432 5118 2548 5168 ipse
2580 5118 2827 5154 mortuus
2855 5118 2959 5153 esr.

2230 5118 2343 5245 (Πί)
2386 5170 2591 5226 Sensus
2624 5190 2637 5225 :
2672 5169 2857 5245 Donec_
2877 5169 3116 5229 credant,
3151 5164 3424 5219 Christum
3457 5181 3605 5245 cere
3626 5180 3750 5245 pas-

2160 5234 2278 5298 sum
2302 5234 2351 5295 e't
2380 5252 2645 5293 mortuum
2679 5256 2811 5306 esse,
2838 5242 2891 5293 in
2921 5256 3026 5310 qua
3056 5250 3222 5291 morte
3247 5246 3297 5289 et
3322 5240 3569 5304 passione
3599 5234 3746 5288 salus

2163 5324 2346 5368 nostra
2371 5311 2629 5365 consistit.

2262 5384 2350 5451 78)
2390 5381 2475 5435 Cf.
2502 5382 2621 5436 Gai.
2650 5396 2692 5445 ι,
2720 5380 2787 5447 8;
2819 5379 3019 5451 Ephes.
3047 5394 3087 5441 ι,
3115 5376 3207 5451 21.

2226 5444 2342 5526 (79)
2378 5451 2702 5526 Timotheus
2730 5444 3135 5526 Alexandrinus
3172 5447 3268 5510 (in
3303 5445 3611 5526 llragmento
3637 5444 3742 5526 Sy-

469 5530 613 5585 κατὰ
637 5529 697 5583 τὸ
727 5528 901 5581 δοκεῖν
948 5517 1154 5581 tantum
1194 5541 1304 5578 esse
1353 5517 1588 5593 passum,
1634 5526 1673 5577 ii
1714 5542 1806 5577 nos
1848 5540 2051 5594 quoque

470 5599 613 5646 κατὰ
644 5600 701 5646 τὸ
733 5600 909 5646 δοκεῖν
935 5599 949 5646 (
967 5599 1004 5646 i.
1040 5612 1090 5646 e.
1123 5597 1183 5646 in
1207 5598 1420 5646 vanum)
1445 5599 1557 5646 nati
1592 5595 1917 5646 contendant
1952 5610 2048 5646 ne-

2167 5517 2495 5646 ria‘co'agud~
2509 5523 2867 5582 Curetonum,
2912 5536 2964 5588 p.
2994 5518 3062 5571 42
3090 5536 3126 5585 i,
3159 5526 3286 5588 post
3313 5517 3551 5588 Χριστοῦ
3590 5517 3739 5586 legit,

2167 5598 2183 5646 5
2216 5600 2330 5646 ἐστι
2409 5610 2528 5646 εου’
2566 5595 2621 5646 in
2672 5591 2977 5646 fragmento
3022 5591 3189 5644 altero
3232 5588 3306 5646 (ι.
3336 5604 3412 5646 c..
3440 5603 3496 5646 ι).
3524 5588 3653 5646 48).
3681 5587 3739 5646 ὃς

470 5599 613 5655 κατά
644 5600 701 5654 τὸ
733 5600 909 5652 δοκεῖν
935 5599 1004 5667 (i.
1040 5612 1090 5650 e.
1123 5597 1183 5648 in
1207 5598 1420 5665 vanum)
1445 5599 1557 5665 pati
1592 5595 1917 5650 contendant
1952 5610 2048 5649 ne-

470 5679 1029 5811 uiggfﬁiﬁclzmdat
1062 5736 1410 5811 Theodqreta
1452 5736 1601 5811 Ρίαί·
1630 5735 1672 5811 lt
1704 5737 1737 5811 '-'
1771 5752 1845 5805 c"
1877 5752 1926 5802 ν’
1961 5736 2051 5791 50'

546 5807 659 5881 (76)
695 5810 781 5867 Cf.
821 5810 840 5864 l
868 5809 1028 5866 Joan.
1060 5824 1133 5879 tv,
1175 5809 1231 5874 2,
1263 5808 1315 5862 5.
1349 5807 1601 5864 Christus
1624 5808 1824 5864 dicitur
1855 5823 2050 5878 σαρκο-

2154 5597 2183 5649 ὅ
2216 5600 2330 5649 ἐστι

2409 5592 2528 5646 εοῦ’
2566 5595 2621 5647 in
2672 5587 2977 5661 fragmento
3022 5587 3189 5644 altera
3232 5588 3306 5659 (ι.
3336 5587 3412 5656 0.,
3439 5603 3496 5661 p.
3524 5588 3592 5643 48
3609 5589 3653 5657 ),
3681 5587 3742 5651 ὃς

2156 5668 2272 5720 ἐστι
2305 5665 2456 5727 Θεός.

2232 5736 2347 5808 (80)
2385 5735 2471 5790 Cf.
2502 5733 2569 5789 ad
2601 5731 2878 5804 Magn.,c.
2915 5733 2967 5787 1.
