4134 6390
352 378 463 437 ’ὅιὸ

1584 378 1923 435 EPISTOLA
1962 380 2051 434 AD
2082 380 2505 437 SMYRNAZOS.

3525 394 3634 451 7M

535 498 648 554 VII.
683 498 937 555 [heretici
974 500 1066 552 isti
1094 498 1357 551 abstinent
1382 498 1447 551 ab
1506 499 1855 566 eucharistia,
1878 515 2095 552 carnem
2122 499 2324 554 Christi
2354 516 2469 553 eam
2498 516 2608 554 esse
2638 512 2905 570 negantes.
2933 502 3255 558 Recedamus
3281 504 3345 559 ab
3374 509 3465 563 iis.

428 620 539 690 (SI)
567 620 932 690 Εὐχαριστίας
962 619 1054 671 καὶ
1085 618 1394 689 προσευχῆς
1430 618 1747 688 ἀπέχονται,
1773 619 1865 673 διὰ
1894 620 1928 672 τί

2025 676 2031 685 _
2128 619 2212 674 Ab
2244 620 2575 675 eucharistia
2601 630 2654 675 et
2680 623 2927 676 oratione
2951 622 3245 691 abstinent,
3267 631 3496 699 ecquod
3521 647 3633 688 non

357 715 432 785 μὴ
460 713 760 783 ὁμολογεῖν,
805 713 902 782 τὴν
931 712 1283 783 εὐχαριστίαν
1329 712 1507 783 σάρκα
1538 707 1676 764 εἶναι
1708 711 1801 764 τοῦ
1833 712 1928 764 Zio-

2048 713 2436 776 conﬁteantur,
2469 712 2861 768 eucharistiam
2904 729 3126 771 carnem
3167 733 3288 775 esse
3332 719 3630 778 Salvator-is

353 805 517 875 τῆρος
547 802 706 874 ήμῶν
743 802 918 873 Ἰησοῦ
952 802 1210 874 Χριστοῦ,
1236 804 1332 874 τὴν
1360 802 1501 875 ὑπὲρ
1527 802 1634 856 τῶν
1664 802 1947 874 ἁμαρτιῶν

355 894 509 965 ἡμῶν
562 894 861 959 παθοῦσαν,
915 895 1141 966 (82)’ἣν
1188 898 1252 965 τῇ
1310 896 1635 967 χρηστότητι
1679 897 1707 947 ὁ
1756 894 1945 965 Πατὴρ

353 989 591 1058 ἦγειρεν.
630 989 692 1040 Oi
725 984 819 1041 οὖν
845 987 1216 1054 ἀντιλέγοντες
1246 990 1310 1058 τῇ
1344 988 1523 1058 δωρεᾷ
1558 986 1650 1040 τοῦ
1681 986 1816 1039 Θεοῦ
1848 972 1953 1039 eo;

1759 1079 1949 1144 αὐτοῖς

352 1172 463 1247 (85)
492 1174 731 1243 ἀγαπᾷν,
768 1173 853 1225 ἴνα
896 1173 989 1225 κα)⁵
1026 1172 1347 1227 ἀναστῶσιν.
1396 1172 1612 1243 Πρέπον
1654 1167 1749 1225 οὖν
1798 1174 1949 1227 ἐστιν

353 1079 643 1150 ζητοῦντες
712 1080 1165 1149 ἀποθνήσκουσιν.
1238 1080 1539 1150 Συνέφερεν
1614 1080 1672 1132 δὲ

350 1262 650 1333 ἀπέχεσθαι
696 1264 804 1316 τῶν
836 1264 1113 1326 τοιούτων,
1149 1265 1241 1316 καί
1291 1265 1426 1333 μήτε
1474 1265 1595 1316 κατ’
1630 1263 1765 1317 ἰδίαν
1818 1265 1945 1338 περὶ

350 1354 530 1408 αὐτῶν
558 1356 759 1418 λαλεῖν,
799 1357 935 1426 μήτε
966 1358 1150 1425 κοινῇ·
1186 1355 1473 1424 προσέχειν
1508 1354 1564 1406 δὲ
1596 1356 1706 1417 τοῖς
1730 1357 1943 1426 προφή-

350 1463 489 1509 ταις,
526 1446 816 1517 ἐξαιρέτως
844 1447 900 1499 δὲ
926 1445 1003 1517 τῷ
1032 1444 1142 1516 (84)
1160 1444 1493 1514 Εὑαγγελίῳ,
1516 1448 1573 1497 ὲν
1599 1438 1643 1512 ᾧ
1672 1445 1729 1497 τὸ
1768 1446 1942 1509 πάθος

349 1540 479 1608 ⁴ἡμῖν
510 1538 823 1608 δεδήλωται,
860 1538 951 1589 καὶ
997 1540 1029 1607 ἡ
1076 1538 1372 1598 ἀνάστασις
1415 1535 1527 1606 (85)
1574 1536 1933 1591 τετελείωται.

349 1631 488 1692 Τοὺς
519 1629 574 1681 δὲ
611 1631 911 1699 μερισμοὺς
944 1629 1193 1697 φεύγετε,
1228 1629 1304 1691 ὡς
1335 1628 1511 1698 ἀρχὴν
1540 1628 1747 1683 κακῶν.

2049 805 2223 859 nostri
2250 803 2377 859 Jesu
2403 806 2632 873 Christi,
2673 819 2795 876 quae
2840 820 2940 874 pro
2968 809 3208 876 peccatis
3235 812 3440 869 nostris
3466 830 3630 884 passa

2048 906 2151 961 est,
2193 912 2469 968 quamque
2502 897 2665 953 Pater
2692 897 3026 967 benignitate
3058 916 3155 955 sua
3192 904 3498 961 suscitavit.
3524 907 3631 975 Qui

2047 1004 2178 1060 ergo
2219 991 2605 1047 contradicunt
2643 993 2772 1049 huic
2817 996 2963 1051 dono
2994 996 3111 1062 Dei,
3142 995 3471 1055 altercantes
3511 1017 3631 1057 mo-

2052 1081 2292 1137 riuntur.
2318 1080 2460 1138 Utile
2488 1095 2668 1140 autem
2696 1097 2842 1143 esset
2873 1089 2980 1145 illis
3002 1091 3246 1162 diligere,
3280 1100 3339 1147 ut
3362 1102 3417 1147 et
3441 1108 3630 1149 resur-

2052 1183 2260 1243 gerem.
2303 1174 2465 1230 Decet
2520 1178 2703 1247 itaque
2747 1180 3021 1236 abstinere
3051 1197 3081 1236 a
3117 1183 3337 1248 talibus,
3368 1196 3546 1242 etnec
3572 1188 3627 1242 in

2049 1264 2285 1333 privato,
2320 1282 2419 1322 nec
2451 1268 2507 1321 in
2548 1272 2831 1327 communi
2880 1273 3154 1344 colloquio
3201 1276 3268 1330 de
3308 1276 3418 1332 illis
3460 1281 3628 1334 verba

2046 1355 2262 1426 facere;
2291 1362 2571 1417 attendere
2596 1377 2777 1419 autem
2806 1368 3109 1437 prophetis,
3138 1370 3409 1440 praecipue
3444 1381 3627 1426 autem

2045 1449 2358 1521 Evangelio,
2389 1453 2443 1506 in
2477 1469 2588 1523 quo
2621 1457 2806 1525 passio
2833 1458 2995 1513 nobis
3026 1470 3265 1526 ostensa,
3305 1470 3359 1517 et
3384 1477 3629 1517 resurre—

2044 1544 2123 1595 tio
2172 1544 2409 1613 perfecte
2441 1549 2813 1605 demonstrata
2853 1561 2954 1608 est.
2994 1553 3299 1609 Divisiones
3328 1566 3507 1611 autem
3542 1556 3628 1611 fu-

2043 1635 2174 1703 gite,
2204 1644 2263 1688 ut
2292 1638 2619 1708 principium
2647 1642 2939 1700 malorum.

1450 1740 1588 1794 VIII.
1621 1739 1775 1795 Nihil
1804 1744 1915 1797 sine
1940 1747 2182 1817 episcopo
2209 1763 2515 1822 peragatur.

420 1858 625 1921 Πάντες
688 1860 764 1928 τῷ
818 1860 1101 1931 ὲπισκόπῳ
1166 1859 1529 1921 ἀκολουθεῖτε,
1583 1860 1659 1923 ὡς
1733 1861 1928 1932 Ἰησοῦς

2113 1868 2319 1928 Omnes
2367 1875 2627 1946 episcopo
2673 1879 3062 1951 obtemperate,
3093 1893 3154 1939 ut
3186 1883 3346 1941 Iesus
3371 1886 3623 1943 Christus

348 1950 581 2019 Χριστὸς
626 1950 702 2020 τῷ
736 1952 939 2022 Πατρί’
992 1954 1085 2005 καὶ
1137 1953 1213 2023 τῷ
1268 1951 1663 2025 πρεσϐυτερίῳ,
1698 1952 1774 2016 ὡς
1825 1958 1937 2019 τοῖς

344 2040 661 2102 ἀποστόλοις
682 2057 693 2068 ⁸
726 2042 851 2103 τοὺς
892 2042 949 2095 δὲ
990 2042 1265 2106 διακόνους
1296 2043 1645 2114 ὲντρέπεσθε,
1691 2043 1767 2105 ὡς
1799 2044 1934 2097 Θεοῦ

345 2128 455 2200 (86)
499 2128 739 2199 ἐντολήν.
776 2130 887 2203 (87)
932 2132 1141 2203 Μηδεὶς
1190 2135 1359 2205 χωρὶς
1408 2132 1503 2186 τοῦ
1560 2134 1856 2187 ἐπισκόπου
1883 2154 1934 2188 τι

341 2222 631 2290 πρασσέτω
652 2222 760 2275 τῶν
781 2223 1090 2293 ἀνηκόντων
1119 2226 1200 2287 εἰς
1230 2226 1331 2296 τὴν
1347 2226 1695 2296 Ἐκκλησίαν.
1715 2226 1929 2297 Ἑκείνη

344 2311 533 2381 βεϐαία
557 2314 873 2386 εὐχαριστία
908 2315 1165 2386 ἡγείσθω,
1196 2317 1230 2385 ἡ
1261 2315 1364 2369 ὑπὸ
1401 2317 1491 2369 τὸν
1514 2316 1809 2371 ἐπίσκοπον
1843 2312 1933 2370 οῦ-

341 2421 433 2467 σα,
464 2406 497 2477 ἢ
520 2399 565 2474 ᾧ
587 2407 652 2461 ἂν
680 2408 843 2471 αὐτὸς
868 2408 1153 2481 ἐπιτρέψῃ.
1182 2408 1472 2479 (88)Ὅπου
1496 2409 1562 2463 ἂν
1586 2412 1727 2480 φανῇ
1758 2412 1786 2462 ὁ
1812 2410 1934 2463 ὲπί-

343 2514 563 2561 σκοπός,
592 2501 709 2552 ἐκεῖ
737 2500 797 2552 τὸ
819 2498 1022 2569 πλῆθος
1052 2499 1217 2553 ἔστωο
1254 2500 1443 2571 ὥσπερ
1470 2501 1606 2554 ὅπου
1639 2501 1704 2555 ἂν
1730 2497 1767 2572 ἦ
1795 2503 1929 2572 Χρι-

340 2589 465 2651 στὸς
507 2589 732 2661 Ἰησοῦς,
766 2592 883 2642 ἐκεῖ
929 2592 962 2659 ἠ
1005 2587 1265 2659 καθολικὴ
1295 2590 1610 2660 Ἐκκλησία.
1642 2591 1757 2643 Οὐκ
1801 2589 1919 2654 ἐξόν

337 2684 486 2734 ἐστιν
519 2683 685 2753 χωρὶς
710 2681 801 2734 τοῦ
825 2682 1121 2745 ἐπισκόπου
1150 2681 1272 2735 οὔτε
1307 2683 1606 2752 βαπτίζειν,
1639 2682 1761 2735 οὔτε
1787 2684 1924 2751 ἀγά-

344 2790 453 2843 πην
504 2777 675 2826 ποιεῖν
700 2791 713 2801 ·
749 2773 865 2827 ἀλλ’
910 2774 938 2825 ὃ
984 2774 1049 2827 ἂν
1082 2776 1285 2838 ἐκεῖνος
1316 2776 1606 2846 δοκιμάσῃ,
1643 2774 1799 2828 τοῦτο
1830 2776 1923 2827 καὶ

336 2865 417 2935 τῷ
448 2865 565 2935 Θεῴ
599 2866 910 2936 εὐάρεστον,
946 2868 1033 2919 ἵνα.
1077 2868 1316 2936 ἀσφαλὲς
1416 2870 1508 2921 καὶ
1544 2868 1757 2938 βέϐαιον
1794 2872 1921 2931 πᾶν,

334 2957 366 3010 ὃ
399 2957 720 3029 πράσσεται.

2040 1961 2221 2029 Patri;
2258 1976 2313 2018 et
2340 1967 2676 2037 presbyterio
2707 1980 2765 2024 ut
2794 1974 3085 2040 apostolis;
3135 1975 3399 2032 diaconos
3440 1987 3620 2034 autem

2040 2057 2398 2111 revereamini
2443 2068 2500 2113 ut
2550 2059 2645 2115 Dei
2694 2063 3037 2119 mandatum.
3076 2065 3383 2137 Separatim
3409 2071 3479 2124 ab
3507 2073 3621 2141 cpi-

2038 2164 2204 2219 scopo
2236 2164 2396 2204 nemo
2421 2152 2722 2222 quidquam
2754 2153 2918 2210 faciat
2945 2172 3160 2222 eorum,
3191 2175 3313 2229 qua:
3341 2162 3407 2215 ad
3430 2162 3618 2218 Eccle-

2038 2242 2174 2296 siam
2209 2252 2476 2311 spectant.
2494 2243 2681 2299 Valida
2705 2247 3032 2304 eucharistia
3067 2251 3334 2307 habeatur
3362 2254 3473 2321 illa,
3497 2271 3619 2326 qua:

2038 2334 2142 2389 sub
2163 2336 2420 2405 episcopo
2446 2336 2738 2406 peragitur,
2768 2340 2851 2393 vel
2883 2341 2985 2395 sub
3010 2357 3096 2408 eo,
3127 2343 3215 2397 cui
3246 2344 3361 2413 ipse
3386 2360 3618 2402 conces-

2036 2428 2188 2481 serit.
2226 2426 2329 2482 Ubi
2359 2431 2727 2499 comparuerit
2753 2432 3064 2503 episcopus,
3097 2436 3171 2491 ibi
3216 2446 3270 2491 et
3321 2440 3618 2495 multitudo

2031 2518 2132 2584 sit;
2175 2520 2632 2587 quemadmodum
2657 2564 2671 2586 ,
2704 2523 2793 2577 ubi
2840 2524 3003 2579 fuerit
3037 2524 3293 2584 Christus
3318 2526 3499 2597 Iesus,
3542 2530 3616 2587 ibi

2029 2610 2297 2665 catholica
2328 2622 2410 2667 est
2434 2612 2698 2670 Ecclesia.
2736 2617 2851 2670 Non
2892 2617 3015 2671 licet
3064 2619 3182 2674 sine
3227 2622 3481 2693 episcopo
3516 2641 3613 2678 ne-

2026 2718 2134 2771 que
2180 2705 2476 2773 baptizare,
2531 2723 2702 2777 neque
2734 2724 2939 2778 agapen
2966 2711 3278 2778 celebrare;
3318 2715 3409 2769 sed
3440 2719 3615 2786 quod-

2029 2812 2245 2864 cunque
2270 2797 2355 2849 ille
2386 2798 2714 2866 probaverit,
2744 2800 2844 2854 hoc
2867 2816 2918 2854 et
2947 2800 3056 2855 Deo
3082 2813 3166 2857 est
3189 2804 3609 2876 beneplacitum,

2032 2897 2092 2939 ut
2130 2887 2343 2940 ﬁrmum
2373 2901 2425 2941 ct
2457 2888 2692 2943 validum
2728 2891 2797 2942 sit
2832 2906 3013 2957 onme,
3044 2894 3188 2962 quod
3220 2897 3515 2968 peragitur.

1188 3054 1280 3109 IX.
1312 3054 1582 3109 Honorate
1607 3057 1926 3123 episcopum.
1963 3050 2043 3103 Me
2072 3051 2127 3101 in
2157 3050 2396 3101 omnibus
2428 3052 2725 3102 recreastis.

408 3147 642 3217 Εῦλογόν
673 3150 823 3203 ἐστιν
871 3148 980 3220 (89)
1014 3150 1220 3213 λοιπὸν,
1254 3150 1546 3220 ἀνανῆψαι,
1582 3151 1695 3213 καὶ,
1732 3150 1806 3212 ὼς
1838 3149 1916 3203 ἔτι

2092 3144 2311 3197 Rationi
2340 3154 2595 3199 caeterum
2627 3147 2902 3211 convenit,
2942 3148 3138 3203 iterum
3183 3152 3432 3207 sobrium
3466 3156 3603 3221 licri,

332 3242 524 3312 καιρὸν
558 3241 771 3311 ἔχομεν,
808 3242 886 3304 είς
918 3241 1050 3293 Θεὸν
1087 3244 1379 3311 μετανοεῖν.
1402 3240 1598 3304 Καλῶς
1632 3238 1913 3310 ἐχει,Θεὸν

332 3334 427 3385 καὶ
460 3335 753 3388 ἐπίσκοπον
786 3334 1001 3391 εἰδέναι.
1020 3334 1076 3385 Ὀ
1109 3333 1281 3403 τιμῶν
1315 3335 1607 3387 ἐπίσκοπον
1638 3334 1742 3386 ὑπὸ
1773 3332 1907 3385 Θεοῦ

330 3425 615 3494 τετίμηται
639 3442 651 3453 ’
685 3428 713 3477 ὁ
744 3425 918 3495 λάθρα
952 3426 1248 3476 ἐπισκόπου
1297 3443 1346 3477 τι
1392 3426 1649 3493 πράσσων
1683 3423 1760 3493 τῷ
1792 3423 1905 3476 δια-

2019 3247 2073 3291 ει
2094 3238 2222 3290 dum
2254 3237 2432 3291 adhuc
2463 3247 2676 3307 tempus
2708 3239 2993 3304 habemus,
3021 3240 3087 3293 ad
3116 3241 3282 3297 Deum
3314 3261 3408 3314 per
3436 3249 3603 3315 posui.

2016 3330 2240 3383 tentiam
2276 3329 2471 3383 redire.
2530 3328 2740 3383 Bonum
2778 3340 2859 3384 est
2889 3329 3060 3383 Deum
3085 3342 3137 3384 et
3159 3336 3476 3404 episcopum
3506 3340 3603 3389 lm-

2014 3438 2229 3475 norare.
2266 3420 2366 3485 Qui
2401 3422 2634 3475 honorat
2665 3422 3003 3491 episcopum,
3052 3442 3081 3479 a
3137 3426 3246 3479 Deo
3301 3429 3602 3487 honoratus

1672 3547 1850 3604 Vetus
1892 3546 2221 3621 interpres.

1768 3672 1995 3728 CAPUT
2038 3672 2151 3725 VII.

397 3769 480 3823 Ab
510 3770 843 3825 eucharistia
869 3778 923 3823 et
952 3768 1200 3823 oratione
1233 3769 1491 3824 recedunt
1519 3789 1532 3833 ;
1571 3780 1792 3839 propter
1840 3786 1947 3823 non
1979 3769 2225 3824 centiteri
2265 3767 2653 3823 eucharistiam
2689 3782 2909 3839 carnem
2938 3784 3061 3823 esse
3087 3769 3392 3827 Salvatoris
3418 3776 3594 3831 nostri

324 3839 453 3894 Iesu
477 3839 679 3911 Christi
719 3855 820 3908 pro
856 3840 1096 3908 peccatis
1141 3839 1340 3911 nostris
1372 3855 1611 3911 passam,
1639 3856 1806 3911 quam
1840 3840 2171 3909 benignitate
2206 3839 2362 3911 Pater
2404 3839 2769 3911 resuscitavit.
2804 3838 3253 3895 Contradicentes
3299 3858 3428 3911 ergo
3467 3845 3595 3899 huic

324 3911 467 3964 dono
507 3909 622 3973 Dei,
672 3918 1079 3979 perscrutantes
1130 3909 1461 3962 moriuntur.
1507 3908 1812 3963 Conferens
1873 3908 2053 3963 autem
2103 3919 2249 3963 esset
2299 3910 2431 3977 ipsis
2485 3908 2731 3976 diligere,
2794 3916 2852 3961 ut
2898 3920 3208 3979 resurgant.
3253 3908 3461 3969 Decéns
3508 3926 3594 3970 est

325 3981 576 4034 recedere
634 3996 664 4033 a
700 3980 917 4051 talibus,
957 3990 1017 4051 et
1045 3994 1220 4047 neque
1268 3994 1515 4051 seorsum
1563 3980 1629 4032 de
1669 3979 1804 4051 ipsis
1849 3980 2019 4047 loqui,
2074 3994 2249 4047 neque
2283 3979 2647 4051 communiter
2681 3994 2691 4027 :
2732 3979 3013 4051 attendere
3042 3990 3240 4051 autem
3288 3986 3588 4051 prophetis,

324 4052 592 4119 praecipue
624 4064 755 4103 vero
787 4049 1100 4117 Evangelio,
1152 4051 1202 4100 in
1231 4064 1339 4117 quo
1366 4049 1551 4116 passio
1592 4049 1750 4104 nobis
1781 4060 2000 4104 ostensa
2031 4060 2139 4110 est.
2178 4058 2231 4102 et
2264 4048 2595 4103 resurrectio
2630 4049 2865 4115 perfecta
2902 4059 3003 4103 est.
3042 4047 3376 4107 Partitiones
3405 4047 3590 4111 autem

324 4120 516 4190 fugite,
557 4131 613 4174 ut
645 4120 969 4189 principium
1010 4119 1297 4172 malorum.

1756 4210 1986 4264 CAPUT
2029 4210 2165 4264 VIII.

392 4301 595 4359 Omnes
637 4304 953 4372 episcopum
1000 4302 1328 4371 sequimini,
1386 4310 1447 4355 ut
1486 4301 1646 4373 Jesus
1693 4302 1948 4358 Christus
1992 4304 2249 4367 Patrem;
2288 4312 2341 4357 et
2374 4302 2796 4373 presbyterium,
2843 4312 2903 4355 ut
2947 4305 3261 4373 apostolos;
3322 4307 3589 4363 diaconos

321 4384 500 4427 autem
534 4371 913 4436 rever-camini,
952 4384 1008 4426 ιιι
1043 4373 1130 4425 Dei
1166 4373 1503 4425 mandatum.
1550 4371 1742 4425 Nullus
1779 4375 1898 4428 sine
1937 4376 2197 4443 episcopo
2236 4371 2441 4443 aliquid
2474 4371 2729 4442 operetur
2764 4371 3138 4443 eorum,‘quae
3168 4380 3499 4432 conveniunt
3531 4381 3586 4434 in

320 4444 641 4513 Beelesiam.
696 4443 784 4496 Illa
835 4445 987 4497 lirma
1039 4443 1339 4511 gratiarum
1381 4444 1526 4495 actio
1570 4453 1869 4511 reputetur,
1914 4460 2036 4513 quae
2082 4447 2186 4498 sub
2229 4445 2345 4512 ipso
2374 4452 2478 4507 est,
2525 4444 2609 4496 vel
2652 4459 2815 4511 quam
2857 4444 3044 4513 utique
3080 4445 3196 4512 ipse
3225 4451 3581 4503 concesserit.

320 4512 423 4567 l'bi
460 4516 655 4583 utique
699 4514 1263 4583 apparetepiscolms,
1312 4513 1422 4566 illic
1450 4513 1762 4583 inultitudo
1814 4516 1905 4578 sit,
1940 4512 2421 4583 quemadmodum
2468 4513 2658 4581 utique
2700 4514 2788 4565 ubi
2833 4524 2917 4583 est

2998 4516 3201 4568 hristus
3242 4514 3423 4581 Jesus,
3475 4520 3585 4573 illic

318 4580 588 4657 catholica
620 4580 882 4657 Ecclesia.
916 4580 1031 4635 Non
1065 4584 1282 4657 licitum
1304 4593 1386 4637 est
1415 4582 1533 4657 sine
1556 4585 1813 4651 episcopo
1850 4580 2027 4657 neque
2060 4586 2360 4657 baptizare,
2390 4580 2817 4657 nequc’agapem
2860 4582 3069 4657 facere;
3103 4586 3194 4638 sed
3219 4590 3365 4654 quod
3396 4580 3583 4657 utique

320 4653 407 4708 ille
443 4654 771 4723 probaverit,
804 4655 905 4707 hoc
932 4665 1013 4705 est
1042 4663 1093 4705 et
1124 4653 1231 4706 Deo
1272 4652 1706 4719 beneplacitum;
1741 4664 1796 4705 ut
1823 4652 2020 4709 stabile
2059 4652 2207 4708 ειιίει
2238 4656 2453 4707 lirmum
2485 4668 2648 4707 omne
2674 4656 2819 4721 quod
2850 4656 3046 4721 agitur.

1762 4801 1989 4855 CAPUT
2035 4802 2127 4855 IX.

388 4898 730 4953 [lationahile
763 4906 844 4951 est
869 4896 935 4950 de
969 4906 1164 4950 caetero
1190 4896 1483 4966 evigilare;
1532 4906 1586 4950 et
1623 4913 1747 4952 cum
1786 4899 1964 4952 adhuc
2001 4909 2213 4967 tempus
2248 4898 2535 4962 habemus,
2581 4897 2632 4948 in
2668 4895 2834 4948 Deum
2883 4895 3167 4964 paenitere.
3212 4895 3354 4950 Bene
3390 4898 3573 4961 habet.

384 5024 499 5102 (81)
539 5019 915 5102 Theodoretns
991 5019 1239 5102 DiaL'ul,
1270 5019 1307 5072 I.
1344 5035 1424 5102 tu,
1452 5020 1703 5102 pag.‘23l
1730 5022 1769 5085 ),
1794 5023 1886 5090 qui
1925 5026 1966 5079 D
2067 5022 2179 5091 (88)
2217 5021 2450 5102 |_..e:‘ubi
2470 5021 2865 5102 cpiscspus‘esf,
2892 5019 2961 5100 ibi
2990 5030 3065 5098 est
3102 5018 3574 5102 Ecclesia‘eanere-

310 5091 459 5144 hunc
489 5093 667 5145 locum
700 5092 907 5154 laudat,
944 5090 1070 5160 legit
1094 5108 1107 5142 :
1134 5088 1490 5158 Εὐχαριστίας
1516 5091 1607 5143 καὶ
1650 5088 1890 5160 προσφο-

314 5160 414 5232 ρὰς
444 5163 545 5232 οὐκ
572 5159 1122 5232 ἀποδέχονται.-[Ιαιιε
1144 5159 1425 5232 lectionem
1452 5169 1633 5232 tuetur
1657 5159 1889 5226 Liil‘tius,

1996 5088 2084 5154 ta;
2113 5104 2161 5145 et
2191 5094 2276 5145 ubi
2310 5092 2571 5153 Christus,
2600 5090 2671 5141 ibi
2714 5088 2948 5141 Ecclesia
2974 5088 3306 5141 universalis.
3342 5089 3567 5156 Mclllcr,

1991 5163 2250 5222 Ein/aeit.,
2289 5179 2343 5231 p.
2366 5160 2494 5214 9.92.
2521 5161 2694 5231 Aliter
2724 5158 2918 5231 Rothe,
2948 5159 3099 5222 Anf.,
3135 5174 3188 5227 p.
3214 5159 3317 5211 472
3345 5175 3453 5228 sq.,
3479 5166 3569 5215 cui

308 5228 647 5302 Liturgiktt.
681 5232 718 5295 Ι,
835 5230 920 5282 77.
950 5228 1107 5302 Hanc
1128 5230 1417 5302 sectionem
1444 5228 1889 5302 (εὐχαριστίας-

2026 5232 2247 5302 αθολικὴ
2266 5228 2335 5282 ἐ.
2356 5230 2576 5302 visibilis
2605 5229 3089 5302 Erclesia,_‘quique
3112 5231 3288 5282 locum
3317 5240 3565 5302 nostrum

308 5298 553 5371 ἤγειρεν)
580 5298 919 5357 Jacobsonus
951 5299 1113 5367 capiti
1138 5298 1474 5371 atuecedenti
1492 5298 1736 5371 _addidit.

384 5367 497 5439 (82)
537 5367 621 5425 Cf.
653 5386 814 5439 supra
845 5388 893 5423 ε.
919 5371 953 5423 2
972 5412 986 5431 ,
1018 5382 1070 5423 ει
1097 5374 1163 5423 ad
1190 5367 1381 5432 Tral|.,
1404 5369 1534 5439 εἴθ.

382 5437 494 5511 (85)
536 5440 575 5493 1.
601 5457 649 5496 e.
676 5437 897 5510 ἀγάπην
922 5440 1201 5492 celebrare.
1248 5439 1419 5492 Aliter
1448 5438 1736 5507 Smithius,
1765 5458 1884 5495 cum

306 5526 488 5564 amore
518 5513 762 5580 amplecti
791 5512 885 5563 hoc
913 5512 1109 5563 donum
1134 5510 1251 5580 [ζεῖ.

379 5581 491 5649 (84)
528 5576 615 5635 Cf.
647 5598 810 5650 supra
842 5596 893 5633 ε.
926 5582 977 5650 5,
1005 5589 1119 5633 not.
1156 5576 1242 5632 79.

380 5652 496 5719 (85)
538 5648 925 5705 Taele-iterm.
963 5648 1000 5702 I.
1027 5670 1076 5703 e.
1102 5652 1331 5719 perfecta
1360 5663 1597 5720 apparet.

379 5722 495 5791 (86)
531 5722 615 5776 ει.
645 5722 713 5776 ad
745 5720 932 5782 Trall.,
963 5721 1131 5791 c.15.

376 5790 494 5862 (87)
537 5792 671 5847 Vide
700 5791 897 5857 Rothe,
925 5790 1075 5860 ΑΜΖ,
1107 5806 1163 5860 p.
1188 5792 1325 5865 469..

627 5890 897 5949 ΡΑτιιυι..
950 5888 1067 5949 (ΞΒ.
1102 5887 1178 5947 ν.

1984 5593 2062 5636 tat
2093 5578 2384 5637 Christum.
2406 5610 2478 5621 —
2505 5580 2607 5632 Alii
2634 5579 2865 5646 denique
2892 5578 3011 5631 viro
3037 5580 3197 5633 docto
3231 5580 3246 5646 (

1983 5654 2346 5716 ten-Crusius,
2374 5649 2561 5703 Lehrb.
2597 5652 2652 5722 ιι,
2676 5648 2742 5703 D.
2771 5646 2859 5722 (7.,
2889 5646 2953 5722 I1,
2987 5649 3145 5722 1255)
3181 5660 3267 5703 est
3297 5646 3557 5722 καθολική

1982 5724 2166 5795 potius
2200 5739 2338 5786 vera,
2361 5736 2526 5845 gnam
2564 5718 2873 5772 universalis
2902 5717 3167 5773 Ecclesia.

2055 5792 2170 5845 (89)
2210 5798 2359 5845 Acut
2398 5809 2452 5845 ν.
2493 5789 2574 5845 Cf.
2606 5792 2670 5843 ad
2694 5788 2913 5845 Ευὴιιε..
2941 5804 2990 5843 c.
3022 5790 3102 5843 11.

1987 5304 2059 5357 ita
2086 5297 2472 5370 interpretatur
2498 5318 2510 5352 :
2538 5298 2675 5363 Quia
2700 5315 2815 5351 cum
2847 5297 3059 5351 Christo
3093 5300 3380 5352 necessarie
3408 5302 3567 5370 simul

1984 5374 2155 5441 posita
2197 5369 2273 5425 est
2322 5370 2559 5423 Ecclesia
2604 5370 2856 5431 visibiris;
2894 5370 3012 5441 ideo
3051 5378 3099 5422 et
3132 5370 3185 5421 in
3215 5370 3394 5441 quouis
3425 5369 3562 5436 loco,

1984 5438 2072 5496 ubi
2098 5444 2369 5510 episcopus
2399 5441 2834 5510 apparet,retiam
2871 5438 3050 5507 ﬁdeles
3084 5441 3153 5491 ad
3183 5440 3440 5492 visibilem
3468 5457 3566 5493 ete-

1985 5524 2095 5565 tum
2122 5509 2421 5582 Congregati
2446 5509 2756 5582 esseaebent
2774 5524 2790 5559 .'
2819 5524 2942 5582 nam
2956 5511 3246 5582 episcopus
3264 5525 3562 5582 Ieprazsen-

3262 5577 3561 5633 Baumtzar-

2398 5809 2452 5846 ν.
2493 5789 2574 5845 Ci.
2606 5792 2670 5843 ad
2694 5788 2913 5858 Eph-5.,
2941 5804 2990 5843 c.
3022 5790 3102 5843 11.

3166 5882 3245 5942 23

2055 5792 2170 5863 (89)
2210 5798 2359 5847 Acut
