4134 6466
546 383 650 436 715

1481 367 1724 425 SANCTI
1777 367 2032 421 IGNATll
2091 368 2455 423 EPISTOL/E
2506 369 2858 425 GENUIME.

3714 385 3823 464 τις

545 510 661 564 est;
698 500 789 569 qui
817 499 954 553 ciant
986 499 1239 567 episcopo
1269 493 1472 562 aliquid
1519 494 1651 558 agit,
1683 494 1902 548 diabolo
1935 494 2120 548 servit.

2224 493 2364 562 δόλῳ
2393 492 2665 564 λατρεύει.
2703 528 2769 534 -
2802 495 2989 549 Πάντα
3030 491 3127 549 οῦν
3159 499 3286 567 ὑμῖν
3321 500 3378 551 ἐν
3412 501 3591 572 χάριτι
3626 519 3810 572 περισ-

543 618 613 632 α-
642 591 833 645 Omnia
864 604 1009 644 nunc
1039 588 1381 642 abundanter
1417 585 1570 639 vobis
1599 585 1776 654 gratia
1819 583 2083 652 largiatur
2109 601 2122 649 ;

544 683 690 752 digni
738 682 882 734 enim
924 681 1076 734 estis.
1109 678 1270 733 Omni
1303 675 1465 731 modo
1495 691 1580 729 me
1606 675 1915 740 recreastis,
1942 685 1994 728 et
2029 691 2125 729 vos

542 773 700 828 Jesus
737 772 1009 826 Christus.
1041 771 1334 824 Absentem
1368 782 1453 821 me
1489 776 1542 821 et
1569 775 1890 835 praesentem
1928 764 2123 818 dilexi-

544 867 664 921 stis.
707 862 991 916 Retribuat
1041 860 1198 914 vobis
1248 857 1413 923 Deus,
1469 866 1690 924 propter
1731 868 1893 922 quem
1941 853 2126 905 omnia

542 957 877 1014 sustinentes
910 957 1088 1024 ipsum
1119 950 1517 1022 adipiscemini.

2228 585 2460 636 σευέτω’
2485 583 2623 649 ἄξιοι
2648 585 2756 655 γάρ
2789 589 2934 641 ἐστε,
2958 586 3116 639 Κατὰ
3150 588 3326 639 πάντα
3363 605 3427 658 με
3454 590 3822 658 ἁνεπαύσατε,

2230 678 2322 728 καὶ
2357 677 2500 744 ὑμᾶς
2547 676 2752 748 Ἰησοῦς
2785 679 3037 748 Χριστός.
3059 678 3291 732 Ἀπὸντα
3341 698 3405 750 με
3453 700 3544 735 και
3577 684 3825 754 παρόντα

2228 769 2568 838 ὴγαπήσατε.
2628 768 2738 838 (90)
2771 770 3010 839 ’Δμείὸοι
3065 774 3192 844 ὑμῖν
3246 774 3396 837 Θεὸς,
3431 775 3497 826 δι’
3531 775 3589 828 ὃν
3645 778 3824 831 πάντα

2232 860 2595 929 ὑπομένοντες
2629 860 2795 913 αὐτοῦ
2831 863 3082 928 τεύξεσθε
3094 906 3107 918 .

1240 1098 1310 1153 Χ.
1343 1098 1572 1152 Comites
1601 1111 1739 1148 meos
1767 1092 2003 1147 benevole
2028 1093 2366 1161 suscepistis;
2399 1107 2499 1143 non
2536 1093 2701 1145 deerit
2748 1093 2889 1158 vobis
2914 1109 3127 1146 merces.

612 1220 894 1274 Philonem
924 1228 977 1273 et
1006 1216 1217 1272 Rheum
1252 1216 1683 1286 Agathopodem,
1715 1215 1808 1283 qui
1839 1229 1924 1267 me
1951 1213 2123 1268 secuti

543 1323 672 1368 sunt
707 1313 800 1367 Dei
829 1329 1018 1375 causa,
1047 1321 1107 1366 ut
1147 1311 1426 1364 ministros
1463 1308 1668 1362 Christi
1700 1305 1790 1360 Dei
1821 1307 2123 1375 suscipien-

544 1413 645 1467 tes,
677 1403 814 1456 bene
848 1400 1077 1455 fecistis.
1129 1398 1167 1452 li
1213 1414 1434 1468 quoque
1463 1395 1694 1450 Domino
1725 1396 1932 1466 gratias
1954 1402 2123 1464 agunt

537 1504 763 1564 propter
793 1509 910 1559 vos,
944 1491 1090 1562 quod
1119 1491 1374 1546 omnibus
1406 1491 1584 1544 modis
1633 1490 1754 1543 illos
1802 1487 2115 1542 refeceriiis.

540 1585 627 1639 Nil
681 1586 876 1638 horum
925 1583 1079 1638 vobis
1127 1582 1232 1636 erit
1273 1581 1561 1635 amissum.
1594 1580 1844 1634 Vicissim
1877 1588 2122 1633 recreent

541 1693 640 1731 vos
667 1676 889 1744 spiritus
917 1690 1071 1729 meus
1095 1681 1151 1728 et
1179 1673 1396 1728 vincula
1423 1689 1560 1738 mea,
1589 1688 1709 1742 qua:
1740 1688 1845 1724 non
1879 1680 2117 1727 contem-

543 1767 751 1836 psistis,
776 1780 1121 1835 quorumque
1170 1778 1270 1818 vos
1319 1779 1428 1817 non
1480 1763 1688 1832 puduit.
1727 1760 1837 1816 Nec
1878 1771 2115 1816 vestrum

531 1857 770 1927 pudebit.
788 1854 1079 1925 perfectam
1108 1852 1502 1920 fidemJesum
1531 1854 1834 1908 Christum.

2301 1212 2410 1282 (9|)
2444 1212 2654 1264 Φίλωνα
2688 1211 2779 1264 καὶ
2823 1212 2972 1264 Ῥἐον
3020 1214 3373 1281 Ἀγαοόπουν,
3416 1217 3465 1268 οἳ
3517 1214 3821 1285 ἐπηκολοῦά

2231 1302 2399 1373 θησαν
2457 1318 2546 1370 μοι
2595 1303 2674 1363 εἰς
2707 1301 2863 1370 λόγον
2894 1302 3050 1366 Θεοῦ,
3087 1301 3268 1365 καλῶς
3300 1304 3593 1374 ἐποιήσατε
3626 1305 3823 1358 ὑποδε-

2229 1395 2448 1465 ξάμενοι
2498 1395 2574 1456 ὡς
2625 1394 2904 1457 διακόνους
2936 1394 3174 1466 Χριστοῦ
3208 1395 3340 1448 Θεοῦ
3365 1413 3378 1426 ο
3425 1398 3474 1450 οἳ
3520 1398 3612 1450 καὶ
3653 1399 3820 1468 εὐχαδ

2231 1486 2504 1559 ριστοῦσιν
2536 1486 2613 1555 τῷ
2643 1487 2833 1558 Κυρίῳ
2864 1487 3003 1557 ὑπὲρ
3035 1487 3208 1559 ὑμῶν,
3232 1490 3313 1542 ὅτι
3346 1490 3540 1553 αὐτοὺς
3579 1491 3819 1543 ἀνεπαύ-

2228 1597 2354 1631 ςαετε
2407 1578 2548 1631 κατὰ
2603 1578 2782 1632 πάντα
2833 1579 3051 1650 τρόπον.
3109 1580 3220 1651 (92)
3255 1582 3421 1634 Οὐδὲν
3469 1583 3598 1652 ὑμῖν
3641 1585 3701 1636 οὐ
3740 1584 3820 1655 μὴ

2225 1669 2520 1722 ἀπολεῖται·
2559 1667 2998 1740 (95)Ἀντίιζιυχον
3046 1671 3198 1741 ὑμῶν
3244 1673 3302 1724 τὸ
3335 1672 3551 1743 πνεῦμά
3586 1691 3686 1744 μου
3721 1673 3818 1729 καὶ

2225 1759 2290 1811 τὰ
2324 1760 2498 1829 δεσμά
2534 1758 2717 1829 μου,,ῗν.
2746 1760 2846 1830 οὐχ
2879 1763 3358 1833 ὑπερηφανήσατε,
3393 1764 3514 1816 οὐδὲ
3550 1766 3819 1838 ἐπῃσχύν-

2227 1851 2376 1922 θητε.
2412 1852 2550 1904 Οὐδὲ
2603 1853 2745 1922 ὑμᾶς
2779 1854 3269 1925 ἐπαισχυνθήσεται
3302 1858 3334 1926 ή
3371 1855 3548 1909 τελεία
3583 1858 3692 1927 (94)
3728 1860 3818 1910 πί-

2154 1939 2192 1991 Β
2220 1960 2356 2006 στις,
2406 1942 2612 2015 Ἰησοῦς
2645 1945 2899 2015 Χριστός.

1304 2060 1391 2115 XI.
1420 2059 1620 2114 Mittite
1650 2061 1883 2131 legatum
1917 2061 1982 2114 ad
2016 2062 2363 2116 Antiochenos
2397 2063 2457 2116 ob
2484 2079 2666 2132 pacem
2694 2067 3016 2118 restitutam.

593 2167 797 2228 'Oratio
823 2185 998 2229 vestra
1031 2174 1366 2246 pervenitad
1394 2176 1719 2242 Eeclesiam,
1747 2193 1868 2247 qua:
1893 2188 1977 2234 est
2006 2177 2120 2232 Au-

537 2259 756 2318 tioehiae
801 2266 853 2319 in
904 2265 1094 2336 Syria;
1146 2267 1288 2320 unde
1317 2267 1548 2324 vinculis
1581 2268 1692 2323 Deo
1721 2270 1956 2323 maxime
2002 2270 2118 2338 pla-

537 2359 788 2412 rentibus
816 2358 1010 2427 ligatus
1039 2356 1379 2430 [abductus],
1411 2376 1600 2416 omnes
1633 2361 1832 2426 saluto,
1874 2362 1966 2414 illo
2003 2362 2121 2432 epi-

522 2458 764 2517 scopatu
793 2448 942 2519 fungi
969 2466 1076 2503 non
1099 2451 1318 2520 dignus,
1359 2460 1547 2521 utpote
1579 2453 1823 2507 omnium
1851 2452 2072 2508 intimus
2098 2498 2112 2520 ,

519 2540 632 2593 'sed
683 2535 778 2593 Dei
824 2540 1078 2596 voluntas
1124 2556 1212 2596 me
1257 2539 1479 2612 dignata
1525 2551 1628 2610 est,
1657 2559 1764 2598 non
1799 2543 1954 2614 juxta
1985 2560 2115 2597 con-

536 2636 818 2690 scientiam
850 2651 1049 2700 meam,
1081 2637 1175 2692 sed
1203 2652 1268 2691 ex
1290 2637 1460 2706 gratia
1481 2637 1598 2705 Dei,
1623 2653 1787 2707 quam
1816 2636 2113 2707 perfectam

537 2728 674 2782 mihi
726 2729 842 2782 dari
878 2738 1028 2798 opto,
1062 2738 1121 2783 ut
1153 2744 1259 2800 per
1299 2730 1602 2784 orationem
1656 2739 1896 2786 vestram
1943 2729 2112 2784 Deum

531 2817 970 2886 consequanUt
1019 2835 1165 2874 nunc
1208 2835 1346 2888 opus
1402 2829 1640 2875 vestrum
1685 2821 1993 2876 absolutum
2023 2823 2114 2874 tiat

535 2924 722 2962 coram
754 2907 862 2962 Deo
887 2918 942 2963 et
968 2909 1305 2974 hominibus,
1328 2909 1482 2965 decet
1509 2910 1576 2965 ad
1610 2910 1701 2965 Dei
1733 2911 2020 2975 honorem,
2052 2919 2111 2963 ut

535 2998 779 3055 Ecclesia
823 3009 1004 3056 vestra
1032 3000 1196 3072 eligat
1222 3017 1437 3057 sacrum
1469 3004 1727 3072 legatum,
1757 3003 1872 3072 qui,
1897 3018 2020 3057 cum
2040 3003 2107 3056 ad

2307 2181 2368 2232 Ἠ
2406 2180 2682 2252 προσευχὴ
2716 2181 2869 2252 ὖμῶν
2903 2181 3011 2251 (95)
3047 2182 3284 2252 ἀπῆλθεν
3327 2184 3418 2236 ἐπὶ
3452 2185 3549 2255 τὴν
3581 2185 3815 2256 Ἐκκληι-

2223 2271 2343 2324 σίαν
2387 2272 2484 2342 τὴν
2526 2273 2583 2324 ὲν
2631 2271 2928 2344 Ἀντιοχείᾳ
2961 2273 3061 2343 τῆς
3093 2275 3291 2346 Συρίας
3317 2292 3328 2304 ·
3365 2275 3487 2328 ὅθεν
3532 2276 3816 2348 δεδεμένος

2221 2365 2712 2436 Θεοπρεπεστὰτοις
2764 2365 3003 2436 δεσμοῖς,
3059 2366 3266 2431 πάντας
3317 2368 3653 2440 ἀσπάζομαι,
3709 2371 3812 2423 οὐκ

2221 2455 2295 2508 ὢν
2330 2455 2480 2520 ἄξιος
2512 2456 2722 2509 ἐκεῖθεν
2756 2450 2916 2521 εἶναι,
2953 2457 3178 2528 ἔσχατος
3211 2458 3387 2512 αὐτῶν
3421 2458 3494 2512 ὢν
3515 2477 3527 2490 ·
3551 2460 3691 2513 κατὰ
3723 2460 3814 2514 Οέ-

2220 2548 2368 2618 λημα
2413 2548 2468 2601 δὲ
2519 2547 2658 2604 Θεοῦ
2704 2547 3064 2619 κατηξιώθην,
3099 2549 3200 2602 οὐκ
3245 2551 3308 2602 ὲκ
3343 2549 3451 2620 (96)
3488 2550 3809 2614 συνειδότος,

2219 2638 2333 2692 ἀλλ’
2367 2641 2430 2692 ὲκ
2465 2640 2683 2711 χάριτος
2715 2639 2872 2703 Θεοῦ,
2908 2642 2974 2710 ἢν
3020 2639 3248 2710 εὔχομαι
3283 2641 3493 2694 τελείαν
3529 2659 3618 2712 μοι
3649 2641 3811 2710 δοῢῆ-

2219 2736 2450 2797 v1t,'t'va
2504 2738 2563 2787 ὲν
2617 2738 2682 2806 τῇ
2735 2738 3013 2806 προσευχῇ
3069 2735 3222 2805 ὑμῶν
3254 2735 3388 2789 Θεοῦ
3422 2735 3810 2805 ἐπιτύχω.”1να

2216 2823 2311 2879 οὖν
2345 2826 2545 2879 τέλειον
2579 2826 2732 2896 ὑμῶν
2767 2826 2990 2895 γένηται
3033 2825 3092 2878 τὸ
3138 2826 3299 2897 ἔργον
3331 2829 3422 2881 καὶ
3455 2829 3546 2882 ἐπὶ
3577 2830 3680 2899 γῆς
3711 2830 3811 2881 καὶ

2216 2921 2272 2970 ὲν
2307 2917 2541 2988 οὐρανῷ,
2579 2917 2776 2988 πρέπει
2809 2919 2889 2979 εἵς
2920 2917 3086 2986 τιμὴν
3117 2917 3251 2970 Θεοῦ
3287 2918 3395 2988 (97)
3429 2920 3808 2991 χειροτονῆσαι

2214 3005 2650 3077 τὴνἙκκλησίαν
2683 3004 2838 3075 ὑμῶν
2873 3003 3292 3075 θεοπρεσὸύτην,
3315 3007 3394 3069 εἰς
3426 3007 3485 3059 τὸ
3518 3007 3809 3078 γενόμενον

539 3094 750 3164 Syriam
801 3109 974 3164 usque
997 3094 1227 3163 venerit,
1253 3096 1661 3165 congratuletur
1691 3094 1818 3156 illis,
1848 3095 1988 3163 quod
2015 3109 2109 3162 pa-
2137 3110 2150 3159 ε

2217 3097 2315 3159 ἕως
2347 3097 2544 3167 Συρίας
2578 3097 2912 3167 συγχαρῆναι
2947 3097 3149 3158 αὐτοῖς,
3179 3098 3262 3149 ὅτι
3295 3097 3686 3169 εἰρηνεύουσιν,
3710 3102 3809 3154 καὶ

525 3203 655 3245 cem
686 3189 961 3243 consecuti
990 3189 1118 3254 sint,
1142 3198 1196 3243 et
1237 3204 1392 3243 suam
1443 3188 1746 3256 receperint
1777 3187 2097 3256 magnitudi-

533 3296 683 3346 nem,
715 3297 778 3336 ac
829 3281 1140 3336 restitutum
1191 3281 1263 3336 sit
1315 3282 1422 3335 illis
1469 3296 1631 3336 suum
1683 3295 1903 3348 corpus.
1938 3278 2106 3350 Digna

529 3372 702 3442 igitur
735 3372 868 3426 mihi
897 3387 986 3426 res
1012 3380 1096 3426 est
1123 3371 1261 3437 visa,
1293 3380 1352 3424 ut
1381 3371 1618 3439 aliquem
1654 3377 1895 3423 vestrum
1928 3369 2110 3422 mitta—

533 3464 604 3519 tis
649 3479 770 3518 cum
819 3463 1067 3532 epistola,
1104 3462 1196 3531 qui
1228 3477 1333 3514 una
1373 3475 1496 3514 eum
1527 3460 1631 3513 illis
1665 3458 1929 3529 glorificet
1956 3469 2109 3513 trau—

2213 3188 2485 3241 ἁπέλαϐον
2520 3187 2579 3238 τὸ
2615 3186 2741 3239 ἴδιον
2779 3185 3026 3256 μέγεθος,
3049 3189 3142 3239 καὶ
3177 3189 3593 3260 ἀπεκατεστάθη
3617 3192 3810 3253 αὐτοῖς

2209 3279 2269 3333 τὸ
2305 3278 2432 3331 ἴδιον
2455 3279 2563 3349 (98)
2594 3281 2914 3348 σωματεῖον.
2936 3278 3134 3349 Ἐφάνη
3159 3296 3246 3349 μοι
3269 3276 3359 3332 οῦν
3375 3280 3522 3346 ἄξιον
3544 3283 3805 3352 πρᾶγμα,

2211 3371 2420 3441 πέμψαι
2456 3370 2574 3422 τινὰ
2609 3371 2718 3424 τῶν
2751 3372 3029 3442 ὑμετέρων
3067 3377 3181 3442 μετ’
3209 3374 3519 3444 ἐπιστολῆς,
3556 3375 3640 3427 ἴνα
3675 3393 3807 3428 συν-

2210 3461 2407 3534 δοξάσῃ
2439 3463 2538 3534 τὴν
2572 3461 2712 3515 κατὰ
2743 3462 2875 3515 Θεὸν
2909 3463 3088 3527 αὐτοῖς
3118 3465 3416 3536 γενομένην
3466 3466 3666 3529 εὐδίαν,
3701 3467 3805 3521 καὶ

1845 3602 2026 3663 Vetus
2079 3602 2414 3679 interpres.

521 3742 585 3788 ct
612 3731 779 3786 Deum
810 3743 864 3787 et
891 3734 1206 3803 episcopum
1244 3745 1592 3802 cognoscere.
1627 3729 1915 3803 llonorans
1945 3730 2298 3803 episcopum,
2321 3745 2350 3783 a
2385 3729 2495 3784 Deo
2512 3730 2826 3803 honoratus
2850 3738 2970 3803 est:
3003 3731 3095 3800 qui
3129 3731 3410 3803 occultans
3441 3733 3509 3786 ab
3539 3732 3797 3800 episcopo

525 3799 1046 3882 aliquidﬁopera‘tur,
1071 3799 1292 3882 diabolo
1318 3799 1552 3882 praestat
1594 3799 2184 3882 obsequiumuomnia
2234 3801 2396 3882 igitur
2433 3801 2596 3882 vobis
2622 3803 2692 3882 [in
2727 3802 2900 3882 gratia
2938 3799 3385 3882 superabundent
3417 3821 3429 3855 :
3465 3799 3614 3871 digni
3646 3799 3795 3882 enim

521 3869 687 3928 «estis.
735 3869 1044 3928 Secundum
1085 3874 1230 3927 enim
1273 3869 1456 3942 omnia
1494 3888 1580 3926 me
1625 3869 1911 3942 quiescere
1937 3870 2189 3942 fecistis;
2218 3880 2271 3924 et
2303 3886 2397 3942 vos
2426 3869 2587 3924 Jesus
2614 3869 2893 3942 Christus.
2935 3870 3228 3942 Absentem
3270 3888 3357 3926 me
3393 3881 3447 3926 et
3474 3869 3797 3942 priesentem

532 3943 815 3998 dilexistis.
855 3943 1138 4000 Retribuat
1173 3942 1328 3998 vobis
1358 3941 1535 4009 Deus;
1569 3940 1795 4012 propter
1825 3955 1988 4012 quem
2017 3941 2202 3994 omnia
2233 3941 2590 4005 sustinentes,
2613 3940 2793 4008 ipsum
2824 3941 3226 4010 adipiscemini.

1991 4110 2220 4166 CAPUT
2261 4110 2330 4165 Χ.

600 4202 883 4278 Philonem
925 4204 1174 4278 et_l_{eum
1217 4205 1709 4278 [et]iAgathop_um,
1745 4204 1839 4274 qui
1881 4205 2053 4278 secuti
2100 4213 2229 4259 sunt
2269 4219 2366 4278 me
2393 4205 2450 4278 _in
2484 4203 2706 4278 verbum
2743 4201 2858 4278 Dei,
2899 4202 3037 4256 bene
3079 4201 3284 4278 fecistis
3333 4204 3696 4278 suscipientes
3731 4211 3793 4258 ut

512 4274 812 4329 aninistros
849 4273 1172 4330 Dei'Christi
1203 4273 1340 4344 {qui
1373 4273 1429 4329 e't
1465 4273 1668 4344 gratias
1697 4273 1867 4338 agunt
1897 4273 2128 4328 Domino
2163 4291 2262 4344 pro
2284 4273 2471 4344 vobis;
2517 4273 2776 4344 quoniam
2823 4274 2972 4340 ipsos
3015 4274 3299 4342 quiescere
3346 4273 3553 4328 fecistis
3593 4289 3794 4327 secun-

515 4344 664 4396 sdum
705 4359 923 4398 omnem
970 4345 1219 4398 modum.

1319 4345 1412 4397 ihil
1443 4343 1596 4398 vobis
1627 4345 1818 4412 utique
1850 4344 2138 4413 deperibit.
2179 4343 2495 4399 Conformis
2526 4343 2722 4413 animae
2756 4351 2946 4413 vestra:
2978 4344 3204 4413 spiritus
3240 4360 3393 4398 meus
3415 4384 3429 4407 ,
3469 4354 3523 4398 et
3571 4344 3793 4398 vincula

529 4429 674 4480 mea,
705 4429 826 4482 quae
859 4429 968 4467 non
998 4413 1324 4483 despexistis
1355 4428 1528 4484 neque
1555 4411 1888 4481 erubuistis;
1919 4411 2098 4484 neque
2125 4429 2223 4469 vos
2252 4414 2538 4467 erubescet
2572 4411 2811 4481 perfecta
2843 4411 2996 4478 fides,
3027 4411 3182 4468 Jesus
3211 4413 3486 4469 Christus.

1981 4585 2217 4641 CAPUT
2255 4585 2350 4639 X-l.

590 4675 798 4749 ‘Oratio
820 4689 999 4734 vestra
1028 4677 1272 4748 pervenit
1303 4679 1369 4732 ad
1400 4677 1700 4735 Ecclesiam
1730 4695 1852 4749 quae
1892 4689 1976 4734 est
2017 4681 2071 4733 in
2105 4680 2393 4734 Antiochia
2422 4678 2632 4749 Syriaa;
2665 4678 2808 4732 unde
2858 4679 3057 4748 ligatus
3086 4678 3196 4734 Deo
3234 4680 3635 4735 decentissimis
3661 4680 3791 4733 vin-

528 4748 671 4801 culis
701 4763 915 4819 omues
935 4750 1133 4819 saluto,
1164 4763 1271 4802 non
1301 4751 1569 4804 exsistens
1598 4748 1796 4819 dignus
1827 4751 1952 4803 inde
1983 4765 2124 4816 esse,
2155 4760 2432 4804 extremus
2476 4748 2719 4818 ipsorum
2765 4750 3033 4804 exsistens
3067 4767 3096 4819 :7
3116 4750 3413 4804 secundum
3448 4751 3786 4803 voluntatem

533 4825 712 4889 autem
747 4817 840 4872 Dei
868 4817 1064 4889 dignus
1096 4817 1270 4873 factus
1300 4835 1448 4889 sunt,
1468 4835 1572 4872 non
1606 4817 1676 4873 ex
1704 4821 2058 4885 conscientia,
2089 4821 2181 4873 sed
2209 4836 2273 4874 ex
2302 4821 2472 4888 gratia
2503 4817 2629 4882 Dei;
2664 4834 2824 4887 quam
2858 4835 2956 4872 oro
2980 4818 3272 4889 perfectam
3301 4820 3432 4872 mihi
3465 4821 3603 4886 dari,
3639 4829 3697 4873 ut
3729 4820 3788 4874 in

515 4887 992 4959 -oi'ati0iie__vesti'a
1032 4887 1141 4959 Deo
1177 4891 1371 4958 potiar.
1409 4887 1476 4942 Ut
1508 4890 1670 4957 igitur
1714 4890 2015 4958 perfectum
2046 4891 2212 4945 vestri
2239 4887 2350 4959 itiat
2389 4906 2526 4959 opus
2569 4890 2623 4941 in
2661 4898 2804 4959 terra
2834 4899 2887 4942 et
2924 4889 2976 4941 iu
3015 4888 3181 4954 coelo;
3228 4890 3382 4943 decet
3413 4889 3480 4942 ad
3521 4890 3785 4944 honorem

531 4953 661 5020 Dei,
707 4957 960 5028 ordinare
981 4953 1278 5014 Ecclesiam
1311 4953 1553 5013 vestrani
1572 4959 1681 5014 Deo
1709 4953 2092 5024 venerabilem,
2129 4962 2182 5014 in
2223 4953 2631 5028 factum-usque
2664 4958 2876 5028 Syriam
2928 4959 3276 5028 congaudere
3321 4961 3478 5028 ipsis,
3519 4961 3784 5028 quoniam

530 5039 720 5144 {vacem
761 5026 962 5079 habent
998 5039 1050 5080 et
1090 5039 1413 5098 acceperunt
1459 5030 1730 5098 prOpriam
1778 5030 2233 5099 magnitudinem.
2283 5043 2336 5082 et
2388 5026 2818 5083 restitutum'est
2865 5029 2996 5096 ipsis
3038 5026 3316 5097 proprium
3343 5026 3784 5096 corpusculum.

583 5109 724 5144 tsum
767 5106 851 5144 est
891 5098 1021 5144 mihi
1055 5098 1217 5144 igitur
1246 5099 1351 5144 Ιὶμο
1383 5100 1540 5144 digna
1589 5116 1694 5144 res-
1741 5099 1954 5144 mittere
2005 5100 2240 5144 alimmm
2275 5108 2580 5144 vestrorum
2622 5114 2745 5144 istim
2777 5099 3000 5144 nnislnla
3033 5115 3045 5144 :
3081 5109 3140 5144 ut
3181 5098 3595 5144 cnnglnrilimmt
3634 5116 3780 5144 name

518 5098 724 5148 'Visum
767 5106 851 5151 est
891 5098 1024 5150 mihi
1053 5098 1217 5168 igitur
1243 5099 1351 5153 Deo
1383 5100 1543 5168 digna
1588 5116 1694 5160 res,
1740 5098 1954 5154 mittere
2005 5100 2240 5169 aliquem
2275 5108 2580 5154 vestrorum
2622 5114 2746 5152 eum
2777 5099 3002 5168 epistola
3033 5115 3045 5150 :
3081 5109 3140 5152 ut
3181 5098 3595 5168 conglorilicent
3634 5116 3782 5166 eam,

758 5297 831 5375 με)
865 5297 1220 5375 Jacobsonus.
1253 5301 1445 5375 caeteri
1469 5301 1691 5375 ἀμείϐῃ.

607 5367 718 5435 (91)
758 5367 842 5420 Cf.
867 5370 930 5422 ad
954 5370 1189 5436 Philad.,
1225 5388 1271 5424 c.
1304 5373 1388 5424 Η.

609 5436 716 5516 ι92)
833 5454 881 5492 e.
917 5437 1021 5494 Pro
1053 5441 1304 5494 munibus
1335 5443 1441 5497 illis
1482 5441 1757 5498 beneficiis
1796 5444 2095 5498 mercedem

521 5508 825 5574 recipietis.

603 5577 714 5653 (ἓξὲξ)
751 5579 834 5653 Cf.
869 5581 1190 5653 ad'Ephes.,
1228 5598 1276 5636 e.
1305 5583 1404 5648 9.1;
1439 5584 1504 5636 ad
1528 5583 1737 5653 Polyc.,
1758 5599 1811 5637 e.
1837 5586 1871 5638 2
1900 5591 1953 5637 et
1973 5583 2026 5636 6.

603 5647 716 5720 (94)
751 5647 795 5720 _l.
828 5667 883 5720 ρ.
930 5647 1030 5719 qui
1054 5651 1289 5720 perfecte
1328 5655 1500 5708 fidelis
1530 5647 1643 5708 est:
1667 5653 1928 5708 Similiter
1966 5673 1977 5706 :
2011 5670 2098 5706 πι-

531 5712 1246 5790 στὸςὸθεόξ1’ροιῖ.ι,9,
1302 5724 1485 5790 κ,15;
1540 5723 1838 5780 l'l‘hess.v
1894 5725 2001 5785 ei;
2055 5723 2097 5775 ιι

519 5782 723 5842 Thess.
758 5806 838 5842 ιιι.
873 5791 924 5842 5.

597 5803 723 5844 less.
758 5806 838 5856 ιιι,
873 5803 943 5862 o.‘

2127 5305 2180 5364 Ι)
2278 5303 2391 5371 (95)
2427 5300 2507 5355 Αη
2535 5301 2677 5356 fama
2712 5303 2909 5371 solum,
2943 5303 3254 5371 aulitteris.
3293 5320 3360 5356 an
3408 5303 3640 5358 effectu?
3690 5303 3787 5356 Lf-

2205 5370 2378 5437 fectu,
2399 5375 2585 5442 procul
2631 5373 2816 5426 dubio.
2858 5370 2972 5425 Jac.
3005 5370 3089 5426 Cf.
3130 5374 3196 5426 ad
3234 5373 3470 5442 Philad.,
3501 5391 3549 5429 c.
3583 5377 3677 5428 10:
3711 5377 3782 5428 ad

2194 5442 2414 5512 lPolyc.,
2431 5460 2498 5512 κς.
2529 5442 2580 5497 7.

2278 5511 2388 5582 (96)
2417 5511 2538 5563 Νοη
2567 5513 2702 5580 quod
2732 5511 3068 5576 mihimetipsi
3101 5513 3174 5564 vel
3199 5516 3470 5569 minimum
3504 5518 3600 5569 sim
3652 5531 3784 5569 con-

2205 5585 2366 5647 scius,
2392 5584 2544 5651 quasi
2574 5585 2680 5651 ipse
2705 5583 3023 5651 meruissem.
3055 5583 3247 5638 SllTﬂ.

2276 5649 2511 5720 (97)‘Cf.
2533 5653 2610 5704 ad
2636 5649 2867 5717 Philad.,
2899 5668 2946 5706 c.
2987 5654 3068 5706 10.

2276 5661 2364 5720 (9?
2429 5661 2610 5704 CIL-ad
2636 5661 2822 5703 l’tntad

2276 5661 2388 5791 (98$
2428 5724 2518 5775 Sc.
2559 5719 2825 5774 Ecclesia.
