4134 6452
370 460 478 518 717

1547 456 1883 514 EPISTOLA
1923 456 2014 513 AD
2052 450 2459 516 POLYCAIIPU
2472 454 2539 513 IlI.

3531 462 3635 517 7I8

371 574 451 641 δτι
494 585 707 655 λιμένος
738 582 839 656 ἤδη
889 586 1184 655 ἐτύγχανεν
1232 587 1297 656 τῇ
1342 586 1617 656 προσευχῇ
1652 583 1825 654 ὑμῶν,
1850 582 1950 635 Τέ-

2061 580 2403 649 quillitatem,
2430 597 2595 651 quam
2619 582 2777 651 juxta
2806 579 2900 634 Dei
2928 580 3263 634 voluntatem
3294 590 3420 635 sunt
3444 596 3639 638 conse-

370 678 502 730 λειοι
546 677 717 740 ὄντες,
752 677 931 730 τέλεια
974 677 1068 730 καὶ
1115 678 1381 747 φρονεῖτε.
1410 676 1521 745 (99)
1554 674 1810 727 Θέλουσιν
1843 672 1949 743 γὰρ

372 773 498 843 ὑμῖν
530 772 863 842 εὐπράσσειν
894 771 1025 834 Θεὸς
1063 772 1279 841 ἕτοιμος
1312 774 1391 833 εξς
1424 770 1482 822 τὸ
1515 773 1836 842 παρασχεῖν.

2060 674 2193 739 cuti,
2222 682 2277 727 et
2311 674 2455 743 quod
2490 672 2731 728 Ecclesia
2782 674 2872 727 illa
2931 689 3025 743 per
3067 674 3372 729 orationem
3401 686 3637 731 vestram

2055 776 2211 836 portu
2239 766 2354 835 jam
2385 766 2457 821 sit
2484 767 2678 836 potita.
2707 766 2844 821 Cum
2873 766 3095 834 perfecti
3130 767 3272 833 sitis,
3302 770 3466 823 etiam
3508 786 3635 839 pcr-

2054 858 2191 912 fecta
2213 859 2553 928 excogitetis.
2572 857 2933 928 Cupientibus
2960 861 3105 913 enim
3133 860 3286 915 vobis
3315 862 3451 916 bene
3477 877 3637 933 agere

2053 948 2197 1003 Deus
2228 950 2296 1003 ad
2329 951 2665 1020 largiendum
2700 962 2923 1021 paratus
2950 962 3052 1007 est.

1738 1055 1852 1110 XII.
1884 1056 2271 1118 Salutationes.

450 1150 777 1216 Ἀσπάζεται
824 1152 967 1222 ὑμᾶς
1011 1153 1043 1221 ἡ
1092 1151 1280 1222 ἀγάπη
1326 1150 1431 1203 τῶν
1479 1151 1723 1220 ἀδελφῶν
1756 1152 1864 1206 τῶν
1898 1156 1956 1206 ἐν

367 1242 603 1316 Τρωάδι,
637 1244 761 1298 ὅθεν
805 1247 899 1297 καὶ
943 1245 1140 1315 γράφω
1184 1243 1313 1315 ὑμῖν
1357 1242 1445 1297 διὰ
1487 1244 1562 1313 (1)
1596 1243 1858 1315 Βούῤῥου,
1893 1246 1953 1298 ὂν

365 1336 722 1391 ἀπεστείλατε
756 1338 875 1407 μετ’
908 1336 1043 1407 ἐμοῦ
1077 1335 1194 1406 ἅμα
1237 1335 1523 1404 Ἐφεσίοις,
1558 1336 1671 1397 τοῖς
1706 1335 1953 1404 ἀδελφοῖς

366 1428 541 1498 ὑμῶν,
564 1428 623 1492 ὃς
655 1427 797 1481 κατά
829 1427 1005 1480 πάντα
1038 1443 1105 1497 με
1125 1426 1446 1480 ἀνέπαυσεν.
1466 1426 1576 1478 Καὶ
1607 1423 1796 1493 ὄφελον
1819 1424 1957 1477 πάνς

364 1535 457 1583 τες
486 1519 647 1571 αὐτὸν
687 1517 1002 1589 ἐμιμοῦντο,
1047 1516 1176 1569 ὄντα
1215 1512 1576 1585 ὲξεμπλάριον
1607 1513 1741 1567 Θεοῦ
1773 1516 1955 1568 διακο-

364 1614 501 1677 νίας.
531 1614 843 1685 Ἀμείψεται
877 1611 1039 1666 αὐτὸν
1070 1614 1104 1681 ή
1140 1611 1297 1683 χάρις
1343 1610 1484 1663 κατὰ
1522 1610 1717 1662 πάντα.
1755 1610 1957 1662 Ἀσπά-

364 1708 527 1778 ζομαι
570 1706 661 1760 τὸν
696 1706 936 1770 ἀξιόθεον
990 1704 1309 1765 ἐπίσκοπον,
1346 1702 1441 1755 καὶ
1484 1700 1954 1772 θεοπρεπέστατον

365 1799 778 1872 πρεσϐυτέριον,
827 1799 953 1861 τοὺς
1007 1796 1322 1859 συνδούλους
1372 1812 1471 1865 μου
1523 1794 1823 1858 διακόνους,
1864 1796 1956 1847 καὶ

364 1894 489 1957 τοὺς
523 1892 641 1945 κατ’
669 1891 838 1963 ἄνδρα
865 1891 961 1944 καὶ
984 1892 1136 1959 κοινῇ
1164 1888 1390 1951 πάντας,
1416 1889 1473 1939 ὲν
1506 1885 1730 1956 ὀνόματι
1777 1884 1952 1957 Ἰησοῦ

364 1982 623 2055 Χριστοῦ,
658 1983 753 2036 καὶ
802 1984 867 2052 τῇ
916 1982 1081 2052 σαρκὶ
1119 1979 1284 2033 αὐτοῦ
1318 1978 1412 2031 καὶ
1444 1977 1521 2049 τῷ
1544 1978 1755 2047 αἵματι,
1793 1977 1954 2031 πάθει

362 2094 422 2129 τε
456 2076 546 2127 καὶ
578 2074 893 2135 ἀναστάσει,
920 2075 1153 2143 σαρκικῇ
1189 2089 1245 2125 τε
1281 2071 1377 2124 καὶ
1410 2071 1773 2139 πνευματικῇ,
1801 2068 1875 2139 (2)
1899 2071 1955 2121 ἐν

362 2166 606 2238 ὀνόματι,
627 2169 682 2219 ὲν
711 2166 922 2235 ἐνότητι
940 2164 1076 2216 Θεοῦ
1101 2165 1195 2217 καὶ
1223 2162 1396 2232 ὑμῶν.
1417 2161 1590 2231 Χάρις
1614 2161 1763 2229 ὑμῖν,
1787 2158 1953 2223 ἔλεος,

362 2263 571 2332 είρήνη,
609 2258 853 2330 ὑπομονὴ
886 2258 972 2311 διὰ
1007 2257 1224 2319 παντὸς.

2136 1159 2347 1214 Salutat
2390 1176 2488 1216 vos
2531 1163 2772 1217 charitas
2817 1163 3044 1217 fratrum
3068 1202 3084 1227 ,
3115 1166 3207 1234 qui
3240 1164 3448 1220 Troade
3482 1177 3632 1232 sunt,

2063 1253 2206 1306 unde
2236 1262 2290 1306 et
2323 1254 2504 1307 scribo
2534 1255 2691 1310 vobis
2739 1270 2835 1324 per
2867 1255 3138 1310 Burrhum
3162 1300 3175 1321 ,
3221 1273 3383 1327 quem
3418 1274 3632 1314 mecum

2062 1343 2292 1399 misistis
2322 1360 2429 1398 una
2481 1360 2610 1399 cum
2653 1344 2927 1416 Ephesiis,
2970 1347 3233 1403 fratribus
3273 1353 3502 1417 vestris,
3539 1354 3632 1421 qni

2061 1434 2209 1487 omni
2230 1435 2392 1487 modo
2419 1449 2504 1489 me
2525 1436 2808 1490 recreavit.
2831 1437 3008 1506 Atque
3027 1440 3235 1492 utinam
3267 1455 3457 1494 omnes
3482 1441 3634 1494 illum

2064 1525 2363 1590 imitentur,
2398 1542 2525 1581 cum
2556 1528 2629 1582 sit
2656 1529 2937 1598 exemplar
2970 1530 3140 1584 divini
3179 1531 3503 1585 ministerii!
3532 1530 3637 1584 Re-

2063 1626 2382 1669 muneretur
2410 1616 2590 1686 ipsum
2617 1618 2790 1688 gratia
2822 1632 2918 1687 per
2964 1621 3171 1674 omnia.
3208 1619 3398 1675 Saluto
3425 1621 3638 1689 episco‘

2063 1720 2192 1774 pum
2231 1703 2342 1760 Deo
2369 1707 2624 1777 dignum,
2668 1718 2722 1763 et
2751 1707 2861 1764 Deo
2888 1709 3305 1766 dilectissimum
3352 1714 3636 1783 presbyte—

2064 1797 2227 1863 rium,
2260 1812 2557 1854 conservos
2586 1815 2738 1855 meos
2781 1801 3068 1866 diaconos,
3110 1803 3536 1875 singillatiutque
3572 1822 3636 1862 ac

2058 1891 2114 1945 in
2136 1892 2452 1947 universum
2484 1909 2695 1957 omnes,
2740 1894 2794 1947 in
2826 1894 3047 1948 nomine
3089 1894 3217 1951 Jesu
3239 1895 3464 1961 Christi,
3496 1908 3551 1953 et
3578 1900 3634 1952 in

2058 1997 2220 2037 carne
2258 1983 2379 2052 ejus
2420 1997 2475 2038 et
2504 1984 2802 2056 sanguine,
2833 1986 3091 2054 passione
3133 1994 3188 2041 et
3234 1988 3635 2044 resurrectione

2059 2074 2326 2143 corporali
2354 2074 2516 2129 simul
2546 2084 2600 2130 et
2646 2076 2940 2145 spirituali,
2985 2076 3038 2130 in
3074 2078 3314 2144 nomine,
3344 2080 3399 2134 in
3432 2080 3635 2136 unione

2061 2163 2156 2218 Dei
2187 2166 2489 2220 vobiscum.
2520 2167 2706 2221 Gratia
2735 2168 2908 2233 vobis,
2949 2168 3340 2237 misericordia,
3373 2186 3498 2240 pax,
3532 2186 3631 2240 pac-

2061 2256 2249 2311 tientia
2286 2259 2355 2311 sit
2377 2275 2487 2313 sem
2493 2275 2609 2328 per.

1708 2372 1845 2427 XIII.
1878 2372 2262 2429 Salutationes.

446 2476 786 2547 Ἀσπάζομαι
818 2476 943 2537 τοὺς
974 2475 1157 2537 οἴκους
1188 2474 1295 2526 τῶν
1318 2471 1560 2542 ἀδελφῶν
1590 2487 1690 2543 μου
1727 2473 1825 2525 σὺν
1859 2486 1955 2534 γυ-

362 2572 506 2636 ναιξὶ
537 2571 630 2624 καὶ
657 2571 889 2632 τέκνοις,
915 2570 1011 2621 καὶ
1043 2566 1142 2630 τὰς
1176 2566 1492 2636 παρθένους,
1535 2565 1633 2628 τὰς
1658 2564 1957 2634 λεγομένας

363 2665 442 2734 (5)
459 2665 525 2735 χὴ
535 2660 951 2735 ρας.”Ερῤωσθέ
970 2677 1058 2730 μοι
1079 2661 1138 2713 ὲν
1156 2659 1383 2729 δυνάμει
1398 2657 1537 2711 Πνεύ
1547 2674 1732 2728 ματος.
1753 2656 1954 2709 Ἀσπά-

363 2756 514 2822 ζεται
549 2756 693 2827 ὑμᾶς
726 2752 801 2825 (4)
837 2752 1029 2814 Φίλων,
1063 2753 1159 2805 σὺν
1187 2752 1311 2821 ἐμοὶ
1351 2750 1445 2804 ὢν.
1484 2749 1821 2819 ’Δσπάζομαι
1864 2748 1952 2800 τὸν

362 2845 512 2902 οἶκον
534 2848 792 2917 Ταουῖας,
831 2845 898 2916 ἣν
932 2844 1161 2915 εὔχομαι
1194 2841 1449 2912 ἐδρᾶσθαι
1483 2843 1662 2895 πίστει
1692 2841 1785 2895 καὶ
1818 2839 1955 2908 ἀγά-

470 2943 704 3011 σαρκικῇ
745 2956 803 2992 τε
846 2940 939 2991 καὶ
969 2938 1331 3007 πνευματικῇ.
1356 2931 1693 3003 Ἀσπάζομαι
1728 2930 1954 3000 Ἀλκην,

363 3032 425 3088 τὸ
461 3032 694 3103 ποθητόν
730 3050 828 3102 μου
862 3031 1031 3101 ὄνομα
1051 3070 1065 3091 ,
1103 3028 1195 3081 καὶ
1224 3026 1430 3096 Δάφνον
1460 3026 1536 3095 (5)
1568 3026 1659 3077 τὸν
1694 3023 1959 3093 ἀσύγκρι-

2134 2464 2329 2529 Saluto
2356 2474 2593 2531 familias
2616 2475 2848 2532 fratrum
2876 2493 3120 2532 meorum
3146 2494 3270 2534 cum
3292 2480 3556 2535 uxoribus
3579 2487 3635 2533 et

2062 2564 2269 2629 liberis,
2302 2574 2356 2621 et
2393 2568 2665 2637 virgines,
2700 2580 2923 2623 vocatas
2951 2569 3161 2624 viduas.
3199 2568 3390 2625 Fortes
3427 2569 3549 2624 sitis
3577 2569 3633 2624 in

2062 2658 2262 2713 virtute
2290 2658 2546 2729 Spiritus.
2581 2659 2795 2715 Salutat
2824 2676 2921 2715 vos
2951 2659 3128 2726 Philo,
3158 2661 3253 2731 qui
3275 2674 3489 2716 mecum
3528 2672 3612 2716 est

2064 2750 2255 2806 Saluto
2281 2751 2503 2806 Taviam
2541 2760 2597 2806 et
2639 2752 2863 2806 domum
2906 2757 3046 2822 ejus,
3073 2768 3238 2821 quam
3266 2762 3394 2822 opto
3426 2754 3632 2806 ﬁrmari

2062 2843 2167 2897 fide
2192 2852 2247 2897 et
2273 2843 2539 2898 charitate
2575 2844 2846 2913 corporali
2887 2853 2941 2899 et
2986 2844 3279 2914 spirituali.
3319 2843 3509 2899 Saluto
3535 2845 3632 2898 Al-

2062 2949 2185 2998 cen,
2208 2934 2567 2990 desiderabile
2608 2935 2741 2989 mihi
2770 2951 2990 3002 nomen,
3023 2946 3077 2991 et
3103 2935 3388 3004 Daphnum
3427 2937 3637 2991 incom-

2064 3027 2397 3095 parabilem,
2448 3036 2503 3081 et
2550 3025 2886 3093 Eutecnum,
2937 3043 3239 3097 omnesque
3289 3029 3630 3083 nominatim.

364 3139 476 3191 τον,
520 3124 614 3177 καὶ¹
658 3120 925 3175 Εῦτεκνον
961 3120 1051 3173 καί
1084 3118 1289 3179 πάντας
1319 3118 1439 3169 κατ’
1469 3112 1952 3185 ὅνομα.Ἐρῤωσθε

2061 3119 2247 3174 Valete
2268 3120 2323 3173 in
2356 3121 2527 3188 gratia
2560 3119 2673 3176 Dei.

365 3219 423 3268 ὲν
453 3217 637 3287 χάριτι
667 3214 826 3267 Θεοῦ.

1730 3370 1910 3450 Vetus
1945 3388 2285 3464 interpres.

403 3562 487 3599 ua:
519 3541 818 3599 secundum
848 3539 1043 3602 Deum,
1087 3536 1222 3605 ipsis
1268 3534 1467 3589 factam
1511 3534 1997 3605 tranquillitatem;
2026 3542 2092 3605 et
2121 3533 2382 3605 quoniam
2422 3542 2580 3605 portu
2625 3528 2750 3605 jam_
2781 3532 2949 3601 potita
2999 3538 3104 3593 est,
3147 3531 3395 3605 oratione
3426 3537 3630 3605 vestra.

409 3614 595 3670 erfecti
632 3612 979 3675 exsistentes,
1012 3600 1250 3677 perfecta
1287 3616 1339 3660 et
1371 3605 1563 3675 sapite.
1595 3600 1913 3659 volentibus
1937 3604 2092 3676 enim
2126 3600 2280 3657 vobis
2314 3600 2450 3655 bene
2482 3602 2681 3669 facere,
2721 3600 2865 3656 Deus
2896 3610 3124 3668 paratus
3158 3610 3242 3655 est
3272 3600 3337 3653 ad
3370 3601 3630 3655 tribuere.

1799 3720 2027 3778 CAPUT
2068 3723 2186 3780 XII.

437 3850 647 3906 Salutat
671 3864 771 3903 vos
807 3845 1047 3902 charitas
1082 3843 1335 3903 fratrum,
1367 3842 1459 3911 qui
1492 3841 1545 3895 in
1576 3838 1788 3895 Troade
1818 3856 1831 3892 :
1867 3841 2009 3895 unde
2033 3849 2086 3895 et
2118 3839 2299 3894 scribo
2331 3840 2484 3893 vobis
2509 3854 2606 3911 per
2633 3838 2926 3911 Buri-hum,
2955 3854 3119 3908 quem
3151 3838 3379 3911 misistis
3419 3853 3633 3911 mecum

364 3922 529 3977 simul
556 3918 807 3990 Ephesiis
842 3915 1102 3970 fratribus
1131 3909 1500 3990 vestris;qui_
1524 3912 1829 3990 secundum
1854 3911 2037 3990 omnia
2078 3925 2165 3963 me
2199 3911 2485 3990 quiescere
2531 3910 2677 3990 fecit.
2716 3909 2781 3962 Et
2813 3910 3020 3990 utinam
3054 3923 3246 3989 omnes
3277 3909 3459 3990 ipspm
3508 3910 3636 3990 inti—

365 4001 568 4055 tentur,
601 3983 953 4045 exsistentem
983 3983 1378 4055 exemplarium

1456 3982 1503 4035 ei
1541 3981 1854 4034 ministerii.
1889 3978 2232 4034 Remuneret’
2266 3981 2444 4047 ipsum
2477 3980 2651 4049 gratia
2698 3979 3001 4034 secundum
3034 3978 3242 4033 omnia.
3293 3979 3484 4033 Saluto
3524 3978 3636 4034 Deo

363 4049 590 4133 dignum
636 4061 977 4133 episcopum,
1010 4065 1065 4109 et
1093 4049 1204 4133 Deo
1234 4053 1443 4133 decens.
1485 4050 1908 4133 presbyterium,
1935 4060 2343 4133 .et.conservos
2382 4065 2542 4133 meos
2582 4050 2879 4129 diaconos;
2926 4058 2980 4133 et
3028 4049 3342 4133 singillatim
3388 4057 3442 4103 et
3484 4065 3634 4133 cum:

364 4119 607 4188 miiniter
636 4119 850 4191 oilines',
883 4128 937 4180 in
977 4124 1200 4179 nomine
1229 4121 1357 4177 Jesu
1383 4119 1610 4191 Christi,
1639 4119 1694 4174 et
1729 4136 1894 4191 carne
1934 4119 2549 4191 ipsius,etsanguine,et
2575 4120 2853 4188 passione,
2881 4128 2949 4191 et
2987 4120 3391 4191 resurrectione
3428 4120 3636 4173 carnali

365 4216 422 4258 et
451 4200 742 4271 spirituali,
772 4189 1064 4252 iniunitate
1092 4193 1185 4248 Dei
1216 4204 1270 4247 et
1290 4193 1477 4247 vestri.
1506 4190 1690 4245 Gratia
1720 4190 1898 4256 vobis,
1923 4200 1977 4245 et
2006 4190 2402 4254 misericordia,
2435 4199 2490 4243 et
2517 4205 2645 4259 pax,
2674 4196 2729 4243 et
2757 4189 3084 4244 sustinentia
3116 4204 3351 4258 semper.

1800 4306 2030 4365 CAPUT
2070 4306 2210 4361 XIII.

438 4415 628 4471 Saluto
669 4413 864 4468 domos
903 4412 1134 4467 fratrum
1182 4425 1465 4473 meorum,
1512 4424 1635 4462 cum
1678 4407 1942 4461 uxoribus
1994 4412 2049 4459 et
2093 4403 2248 4469 ﬁliis;
2293 4412 2346 4458 et
2386 4402 2647 4473 virgines;
2669 4412 2889 4457 vocatas
2927 4401 3138 4457 viduas.
3178 4401 3365 4456 Valete
3399 4402 3533 4473 mihi
3582 4403 3636 4455 in

368 4488 570 4542 virtute
611 4482 808 4539 Patris.
860 4484 1072 4537 Salutat
1116 4495 1214 4535 vos
1248 4471 1467 4544 Philon,
1521 4494 1733 4532 mecum
1782 4478 2077 4531 exsistens.
2126 4474 2316 4529 Saluto
2356 4471 2582 4527 domum
2606 4471 2846 4544 Thaiviae,
2878 4488 3042 4541 quam
3074 4487 3175 4526 oro
3206 4472 3418 4544 firmari
3432 4474 3547 4544 itide
3582 4480 3640 4525 et

369 4558 634 4611 charitate
676 4554 879 4610 carnali
908 4563 961 4607 et
990 4552 1284 4621 spirituali.
1315 4542 1506 4603 Saluto
1535 4548 1729 4621 Allien,
1764 4548 2138 4621 desideratum
2178 4544 2312 4621 mihi
2360 4559 2597 4608 nomen;
2630 4553 2684 4597 et
2714 4543 3000 4612 Daphnum
3054 4542 3557 4611 incomparabilem,
3585 4552 3640 4595 et

368 4626 693 4691 Eutecnuin,
718 4634 773 4679 et
801 4639 992 4677 omnes
1018 4614 1318 4677 secundum
1350 4634 1569 4673 nomen.
1600 4616 1786 4671 Valete
1816 4618 1870 4670 in
1899 4617 2076 4686 gratia
2104 4614 2222 4669 Dei.

380 4748 3611 4785 _______________.________________._—_—___.——_—-

596 4860 748 4948 AD
825 4854 1682 4950 POLYCABPUM.

369 5012 645 5085 Igigztius,
680 5008 770 5085 qui
819 5015 867 5059 et
917 5004 1311 5083 Theophorus,
1339 5000 1634 5085 Polycafpo
1656 5042 1670 5065 ,
1702 5001 1942 5082 episcopo

440 5076 701 5137 Ecclesiw’
721 5076 1115 5146 Smyrnworum
1134 5114 1150 5138 ,
1179 5076 1268 5141 qui
1295 5076 1403 5137 ipse
1436 5076 1610 5140 potius
1643 5076 1942 5139 episcopum

440 5228 553 5299 (99)
594 5224 962 5299 Ilunc_locum
1003 5216 1705 5299 malenSemipela'gian‘ismi
1752 5233 1942 5299 suSpe-

368 5287 711 5366 ctum'pntat
752 5287 1388 5361 Baumgarten-Crusius,
1429 5288 1620 5341 Lehrb.
1662 5287 1717 5339 ά.
1752 5287 1940 5357 Dogm.

443 5410 747 5509 (13"tfrl‘5d
788 5435 1011 5509 Ephes.,
1039 5434 1104 5499 2;
1139 5431 1206 5485 ad
1228 5429 1469 5509 _Philad.,
1498 5444 1546 5483 ο.
1580 5431 1667 5509 ιι.

566 5510 672 5579 ,Ἑν
698 5501 941 5579 ὀνόματι
972 5519 1079 5557 non
1108 5512 1193 5579 est
1228 5503 1280 5554 in
1310 5509 1416 5555 vet.
1451 5503 1721 5566 versione,
1749 5510 1802 5555 et
1836 5501 1951 5569 pla-

356 5570 829 5637 Atte‘o'mittendum
858 5576 1089 5629 videtur.
1126 5570 1295 5626 GALL.
1756 5590 1759 5595 -

447 5650 524 5719 (5)
565 5647 649 5701 Cf.
689 5647 885 5719 Bothe,
920 5644 1075 5713 Anf.,
1107 5660 1160 5713 p.
1190 5643 1316 5697 255.
1351 5640 1704 5719 Diaconissae,
1727 5641 1831 5719 etsi
1872 5656 1959 5719 es-

373 5711 767 5787 sent'virgines,
804 5711 971 5787 χῆραι
1001 5711 1648 5787 (οωεηίορρειιεῠθηιυτ,
1687 5711 1813 5787 quia
1845 5713 1959 5787 pri-

362 5779 481 5847 ‘mis
509 5779 767 5843 Ecclesiae
788 5779 1125 5856 temporibus
1156 5779 1331 5839 viduis
1360 5784 1429 5841 ad
1451 5798 1654 5839 munus
1679 5779 1956 5839 diaconis-

373 5877 560 5925 sarum
595 5860 721 5929 eligi
751 5858 1019 5912 solebant.

444 5932 523 6004 (4)
563 5930 646 5986 Cf.
674 5944 841 5998 supra
867 5942 915 5982 c.
948 5930 1035 5984 li).

1972 4845 2019 4899 D

2198 4844 2485 4928 ΠΡΟΣ
2553 4840 3335 4927 ΠΟΛΥΚΑΡΠΟΝ
3384 4829 3521 4920 (6),

2065 5004 2371 5080 Ἰγζάζιρς,
2398 5008 2433 5080 ῤ
2458 5004 2555 5080 καὶ
2592 5003 2906 5080 Θεοφόροςι,
2925 4998 3640 5080 Πολυειᾴερπῳηξςπισκόπω

2122 5067 2199 5146 (7)
2229 5067 2597 5142 Ἐπ’κλησίας
2630 5067 2998 5141 Σμυρναίων,
3026 5067 3271 5139 μᾶλλον
3291 5067 3364 5138 (8)
3385 5068 3639 5120 ἐπεσκο-

2129 5223 2205 5293 (5)
2245 5220 2323 5275 Ita
2347 5237 2451 5276 ms.
2515 5218 2782 5274 Smithius
2848 5214 3070 5285 eonjicit
3123 5211 3496 5279 Ἀσύγκριτον.
3552 5202 3637 5260 Cf.

2056 5292 2217 5346 Rom.
2252 5308 2361 5355 va,
2391 5293 2478 5345 14.
3026 5354 3039 5357 _
3511 5348 3520 5357 _

2129 5363 2205 5433 (6)
2248 5347 2598 5433 Autlientiam
2639 5358 2805 5433 hujus
2848 5354 3333 5433 epistola:_contra
3378 5347 3641 5433 speciales

2060 5424 2449 5489 nonnullorum
2512 5424 2850 5499 objectiones
2881 5424 3217 5493 nuperrime
3264 5432 3646 5539 propugnavﬁ;

3516 5506 3559 5539 ,ι

3516 5506 3559 5539 E'l

2145 5645 2221 5715 (7)
2260 5640 2538 5715 Vocabqu
2581 5635 2903 5704 Ἐκκλησίας
2933 5631 3068 5686 nihil
3090 5628 3384 5699 respondet
3411 5624 3466 5678 in
3498 5633 3645 5676 utro-

2060 5711 2386 5786 quéﬁqsiice
2422 5711 2665 5782 Syriaco-
2760 5778 2770 5786 .
2984 5772 3045 5786 ..

2135 5763 2397 5855 (Sili—anc
2426 5763 3211 5855 par-ouomasiamV'airlenips
3244 5770 3320 5855 it‘a
3352 5763 3590 5855 reddidit
3622 5777 3637 5813 :

2062 5832 2513 5925 Inlﬁécibﬁiln}
2533 5832 2628 5921 qui
2650 5850 2915 5918 inspectus
2944 5854 3019 5900 est
3050 5860 3083 5897 a
3114 5842 3240 5896 Dea.
3274 5832 3563 5894 Jaconson.
