4134 6400
516 363 623 416 723

1530 362 1775 416 SANCTI
1822 363 2077 420 IGNATII
2111 365 2466 421 EPISTOLIE
2505 367 2853 425 GENUINIE.

3669 380 3772 434 754

520 496 764 550 temnas;
795 486 889 540 sed
930 498 1029 539 nec
1057 484 1163 553 ipsi
1191 484 1530 555 superbiant,
1556 500 1742 540 verum
1780 487 1847 541 ad
1874 489 2087 557 gloriam

2203 506 2299 552 τας
2333 489 2443 560 (58)
2476 490 2650 561 ζήτει.
2696 491 2808 563 (59)
2848 492 3073 557 Δούλους
3117 495 3209 547 καὶ
3237 495 3426 559 δούλας
3461 497 3533 565 μὴ
3563 498 3773 568 ὑπερη-

520 575 617 632 Dei
666 578 791 645 plus
846 578 1110 639 serviant,
1166 584 1226 630 ut
1276 574 1543 645 potiorem
1595 577 2094 635 libertatemaDeo

516 679 943 738 consequantur.
1000 668 1118 723 Non
1158 670 1469 725 desiderent
1516 672 1899 725 communibus
1938 687 2092 726 sum-

514 760 700 829 ptibus
726 775 757 814 e
797 760 1053 815 servitute
1089 762 1305 827 redimi,
1340 777 1409 816 ne
1438 763 1580 817 servi
1622 763 1970 817 inveniantur
2001 779 2096 816 cu-

511 853 773 921 piditatis.

1338 967 1398 1022 γ.
1438 969 1579 1033 Quid
1624 972 1895 1040 conjuges,
1929 972 2154 1036 cwlibes,

584 1060 753 1116 Malas
789 1072 934 1118 artes
987 1061 1146 1133 fuge;
1194 1066 1368 1135 magis
1408 1076 1589 1119 autem
1632 1067 1698 1121 de
1746 1066 1855 1123 illis
1899 1083 2086 1122 coram

510 1154 714 1227 populo
758 1155 999 1224 loquere.
1062 1154 1356 1211 Sororibus
1391 1158 1527 1212 meis
1568 1157 1757 1223 dicito,
1809 1166 1869 1211 ut
1906 1156 2088 1212 Durni—

511 1261 644 1299 num
672 1256 877 1309 ament,
908 1254 962 1300 et
994 1247 1207 1302 maritis
1244 1256 1511 1303 contenta:
1542 1250 1651 1304 sint
1688 1266 1851 1304 carne
1881 1266 1943 1305 ac
1971 1251 2088 1319 spi-

509 1337 641 1391 ritu.
692 1336 955 1393 Similiter
1001 1348 1057 1394 et
1086 1338 1347 1395 fratribus
1386 1342 1524 1397 meis
1554 1343 1747 1397 manda
1780 1345 1831 1396 in
1864 1346 2086 1400 nomine

509 1424 639 1481 Jesu
667 1425 891 1493 Christi,
933 1436 994 1482 ut
1023 1425 1247 1498 diligant
1274 1430 1534 1501 conjuges
1569 1448 1698 1487 suas
1738 1434 1879 1488 sicut
1909 1433 2088 1490 Domi-

511 1534 619 1573 nus
649 1517 951 1574 Ecclesiam
976 1519 1040 1574 “‘.
1063 1519 1119 1576 Si
1141 1522 1266 1591 quis
1289 1532 1467 1592 potest
1490 1524 1544 1577 in
1565 1526 1817 1580 castitate
1844 1541 2084 1592 manere,

511 1612 579 1665 ad
610 1611 874 1666 honorem
898 1613 1039 1682 ejus,
1062 1616 1157 1684 qui
1192 1618 1456 1671 Dominus
1482 1626 1566 1672 est
1593 1618 1796 1683 carnis,
1829 1618 1884 1671 in
1907 1618 2090 1673 humi»

509 1702 662 1757 litate
689 1714 926 1760 maneat.
957 1704 1013 1759 Si
1055 1708 1338 1778 glorietur,
1381 1708 1571 1777 periit;
1617 1719 1670 1764 et
1723 1710 1768 1764 si
1809 1725 1868 1764 se
1914 1710 2089 1780 majo-

2200 580 2360 649 φάνει
2379 597 2390 607 ·
2418 579 2551 632 ἀλλὰ
2580 580 2712 649 μηδὲ
2742 583 2893 634 αὐτοὶ
2915 582 3345 651 φυσιούσθωσαν,
3371 585 3482 637 ἀλλ’
3509 588 3587 649 εἰς
3617 586 3775 651 δόξαν

2200 670 2337 723 Θεοῦ
2369 670 2531 723 πλέον
2563 671 2978 737 δουλευέτωσαν,
3008 674 3094 726 ἴνα
3129 675 3433 745 κρείττονος
3464 677 3774 749 ἐλευθερίας

2201 764 2309 817 ἀπὸ
2356 763 2492 815 Θεοῦ
2536 765 2789 834 τύχωσιν.
2836 766 2926 835 Μὴ
2974 766 3254 837 ὲρὰτωσαν
3303 767 3410 820 ἀπὸ
3455 766 3547 820 τοῦ
3591 769 3775 821 κοινοῦ

2202 856 2644 927 ἐλευθεροῦσθαι,
2679 857 2765 908 ἵνα
2800 857 2873 927 μὴ
2901 856 3077 909 δοῦλοι
3102 857 3394 927 εὑρεθῶσιν
3424 858 3735 929 ἐπιθυμίας.

2190 988 2403 1041 sponsos
2430 983 2638 1025 moneat
2669 973 2960 1041 episcopus.

2267 1066 2383 1137 (40)
2419 1067 2529 1131 Τὰς
2552 1068 2904 1138 κακοτεχνίας
2926 1068 3112 1138 φεῦγε·
3140 1069 3336 1139 μᾶλλον
3359 1070 3413 1121 δὲ
3429 1070 3774 1139 περὶτούτων

2196 1158 2306 1229 (41)
2337 1159 2551 1229 ὁμιλίαν
2600 1159 2773 1212 ποιοῦ.
2833 1161 2965 1222 Ταῖς
3006 1159 3261 1229 ἀδελφαῖς
3308 1178 3408 1230 μου
3455 1159 3771 1231 προσλάλει,

2194 1255 2411 1323 ἀγαπᾷν
2426 1253 2517 1305 τὸν
2532 1254 2756 1324 Κύριον,
2780 1253 3004 1316 καὶτοῖς
3029 1270 3091 1305 συ
3100 1253 3275 1323 μδίοις
3298 1253 3582 1324 ἀρκεῖσθαι
3608 1256 3774 1325 σαρκὶ

2191 1347 2284 1399 καὶ
2307 1345 2595 1415 πνεύματι.
2640 1346 2868 1416 Ὁμοίως
2894 1346 2987 1399 καὶ
3010 1348 3121 1408 τοῖς
3149 1344 3393 1413 ἀδελφοῖς
3428 1363 3529 1416 μου
3560 1346 3775 1416 παράγ-

2190 1439 2343 1507 γελλε
2392 1440 2449 1490 ὲν
2492 1438 2713 1508 ὀνόματι
2762 1437 2935 1508 Ἰησοῦ
2963 1437 3216 1508 Χριστοῦ,
3252 1439 3467 1508 ἀγαπᾷν
3498 1437 3596 1501 τὰς
3630 1455 3772 1507 συμ-

2191 1530 2338 1593 ϐίους
2384 1530 2460 1593 ὡς
2495 1534 2522 1583 ό
2568 1530 2770 1601 Κύριος
2801 1530 2900 1601 τὴν
2949 1530 3291 1599 Ἐκκλησίαν.
3340 1530 3408 1582 Εἴ
3433 1547 3516 1593 τις
3548 1530 3773 1583 δύναται

2190 1624 2247 1673 ἐν
2276 1622 2467 1692 ἁγνείᾳ
2490 1622 2671 1692 μένειν
2707 1625 2788 1686 εἰς
2809 1624 2973 1693 τιμὴν
3002 1622 3096 1674 τοῦ
3132 1621 3244 1691 (42)
3270 1621 3472 1692 Κυρίου
3506 1620 3607 1690 τῆς
3637 1638 3772 1691 σαρο

2192 1714 2305 1776 κὸς,
2338 1717 2397 1766 ὲν
2429 1713 2738 1784 ὰκαυχησίᾳ
2786 1713 3011 1783 μενέτω.
3057 1713 3182 1765 Ἐὰν
3223 1712 3583 1782 καυχήσηται,
3614 1711 3771 1763 ἀπώ-

508 1809 626 1848 rent
649 1796 905 1865 episcopo
931 1808 1170 1863 censeat,
1200 1800 1426 1854 interiit.
1458 1798 1621 1855 Decet
1642 1815 1789 1863 vero,
1818 1809 1875 1854 ut
1901 1801 2085 1869 sponsi

2190 1805 2326 1859 λετο·
2360 1807 2453 1859 καὶ
2479 1806 2572 1858 ἐὰν
2605 1805 2819 1876 γνωσθῇ
2858 1805 3015 1858 πλέον
3059 1805 3153 1857 τοῦ
3191 1804 3511 1865 ἐπισκόπου,
3564 1802 3769 1873 ἐφθαρ-

509 1898 566 1943 et
588 1904 803 1959 sponsae
830 1892 897 1947 de
936 1893 1201 1948 sententia
1235 1895 1475 1964 episcopi
1504 1895 1820 1964 coniugium
1864 1892 2086 1959 faciant,

2183 1914 2291 1951 ται.
2320 1896 2431 1968 (45)
2458 1898 2664 1969 Πρέπει
2699 1898 2755 1951 δὲ
2790 1899 2902 1960 τοῖς
2945 1896 3180 1967 γαμοῦσι
3216 1896 3311 1948 καὶ
3337 1898 3456 1957 ταῖς
3482 1894 3768 1965 γαμουμέ-

509 1990 573 2035 ut
600 1982 803 2050 nuptiae
825 1985 1123 2039 secundum
1153 1982 1444 2038 Dominum
1482 1987 1611 2048 sint,
1645 2000 1755 2039 non
1790 1986 2087 2041 secundum

2190 2002 2322 2049 ναις,
2370 1986 2509 2055 μετὰ
2540 1984 2765 2056 γνώμης
2796 1984 2891 2037 τοῦ
2922 1985 3223 2038 ἐπισκόπου
3251 1984 3349 2054 τὴν
3383 1985 3573 2037 ἕνωσιν
3600 1987 3775 2036 ποιεῖ-

510 2074 880 2144 cupiditatem.
906 2074 1103 2129 Omnia
1126 2075 1192 2129 ad
1216 2075 1480 2130 honorem
1506 2074 1598 2131 Dei
1624 2076 1774 2131 fiant.

2190 2080 2331 2141 σθαι,
2376 2079 2463 2132 ἵνα
2505 2079 2533 2129 ό
2576 2080 2749 2148 γάμος
2849 2076 2990 2131 κατὰ
3019 2077 3172 2138 Θεὸν,
3206 2077 3299 2130 καὶ
3331 2076 3405 2147 μὴ
3438 2078 3552 2129 κατ’
3584 2075 3771 2129 ἐπιθυ-

2195 2171 2343 2240 μίαν.
2378 2170 2489 2239 (44)
2519 2171 2702 2224 Πάντα
2735 2173 2812 2232 εἰς
2842 2169 3006 2240 τιμὴν
3033 2169 3165 2222 Θεοῦ
3193 2170 3443 2237 γινέσθω.

1708 2279 1799 2334 Vl.
1833 2280 2016 2351 Oﬁicia
2045 2284 2213 2354 gregis
2243 2284 2556 2339 Christiani.

579 2372 852 2444 Episcopo
898 2374 1181 2438 attendite,
1232 2383 1291 2427 ut
1324 2383 1378 2427 et
1430 2373 1573 2427 Deus
1622 2374 1779 2428 vobis
1825 2377 2085 2430 attendat.

508 2464 727 2521 Utinam
753 2481 857 2536 ego
882 2466 1122 2521 vicissim
1148 2480 1396 2520 recreare
1434 2466 1639 2535 possim
1670 2480 1787 2530 eos,
1825 2467 1918 2536 qui
1959 2468 2089 2523 sub-

508 2558 605 2613 diti
639 2565 769 2613 sunt
791 2558 1071 2628 episcopo,
1102 2557 1461 2628 presbyteris,
1486 2558 1768 2624 diaconis;
1795 2569 1850 2614 et
1876 2560 2083 2614 utinam

507 2649 644 2704 mihi
694 2650 972 2717 contingat
1010 2664 1135 2703 cum
1189 2650 1297 2703 illis
1336 2657 1543 2718 partem
1606 2650 1889 2717 habere‘in
1949 2650 2082 2705 Deo.

506 2741 853 2795 Collaburate
885 2742 1039 2795 Vobis
1066 2750 1295 2807 mutuo;
1328 2756 1437 2795 una
1463 2750 1685 2806 certate,
1723 2758 1829 2796 una
1857 2745 2085 2806 currite,

508 2831 909 2901 compatimini,
956 2848 1063 2886 una
1112 2832 1368 2897 dormite,
1417 2849 1525 2887 una
1564 2834 1861 2903 exsurgite,
1901 2844 1959 2888 ut
1992 2834 2085 2889 Dei

2265 2379 2378 2448 (45)
2432 2379 2522 2449 Τῷ
2572 2378 2855 2447 ἑπισκόπῳ
2913 2378 3227 2447 προσέχετε,
3274 2379 3361 2431 ἵνα
3404 2380 3497 2431 καὶ
3552 2381 3579 2431 ό
3635 2378 3772 2443 Θεὸς

2188 2469 2337 2539 ὑμῖν.
2358 2468 2467 2539 (46)
2495 2466 2805 2536 Ἀντίψυχον
2823 2465 2933 2533 ἐγὼ
2946 2464 3055 2517 τῶν
3077 2464 3526 2534 ὑποτασσομένων
3549 2464 3627 2535 τῷ
3648 2466 3770 2517 ἐπι-

2190 2562 2394 2629 σκόπῳ,
2429 2559 2839 2631 πρεσϐυτέροις,
2870 2557 3156 2620 διακόνοις
3194 2557 3288 2609 καὶ
3319 2557 3436 2627 μετ’
3462 2555 3640 2609 αὐτῶν
3677 2574 3770 2627 μοι

2184 2649 2245 2701 τὸ
2280 2650 2443 2720 μέρος
2468 2648 2678 2716 γένοιτο
2704 2649 2849 2716 σχεῖν
2881 2648 2937 2699 ὲν
2959 2646 3095 2717 Θεῷ.
3129 2647 3466 2715 Συγκοπιᾶτε
3496 2646 3772 2717 ἀλλήλοις,

2188 2738 2520 2800 συναθλεῖτε,
2559 2737 2898 2808 συντρέχετε,
2940 2736 3327 2806 συμπάσχετε,
3376 2736 3770 2805 συγκοιμᾶσθε,

2186 2829 2581 2900 συνεγείρεσθε,
2628 2829 2702 2891 ὡς
2752 2827 2886 2880 Θεοῦ
2919 2827 3189 2897 οἰκονόμοι
3228 2827 3322 2880 καὶ
3372 2828 3628 2899 πάρεδροι
3676 2830 3774 2880 καὶ

508 2924 1017 2991 adtninistratores,
1092 2924 1388 2980 familiares
1439 2935 1493 2979 et
1561 2925 1820 2979 ministri.
1871 2925 2085 2982 Placete

2190 2922 2469 2993 ὑπηρέται.
2505 2920 2616 2992 (47)
2660 2921 2947 2992 Ἀρέσκετε
2976 2914 3019 2988 ᾧ
3050 2920 3427 2991 στρατεύεσθε,
3460 2920 3551 2988 ἀφ’
3580 2914 3641 2974 οὗ
3673 2924 3773 2974 καὶ

507 3016 609 3083 illi,
643 3017 731 3071 cui
768 3017 1036 3084 militatis,
1073 3031 1104 3071 a
1137 3033 1246 3087 quo
1289 3026 1343 3071 et
1378 3016 1651 3086 stipendia
1698 3016 1869 3072 fertis.
1908 3016 2082 3073 Nemo

2190 3014 2250 3066 τὰ
2296 3014 2405 3085 (48)
2459 3013 2663 3083 ὀψώνια
2712 3012 3020 3085 κομίζεσθε.
3067 3014 3247 3084 Μήτις
3297 3013 3451 3084 ὑμῶν
3493 3014 3772 3084 δεσέρτωρ

506 3115 749 3163 vestrum
792 3108 1037 3165 desertor
1066 3108 1396 3167 inveniatur.
1426 3108 1738 3178 Baptismus
1766 3120 1943 3165 vester
1975 3125 2086 3163 ma—
2109 3087 2153 3146 (ἶ

2187 3108 2405 3183 εὑρεθῇ.
2442 3108 2515 3160 Τὸ
2558 3106 2842 3177 βάπτισμα
2870 3105 3025 3177 ὑμῶν
3058 3106 3265 3177 μενέτω
3298 3106 3409 3177 (49)
3439 3107 3514 3170 ὡς
3541 3107 3700 3172 ὅπλα,
3733 3110 3769 3178 ὴ

1888 3228 2070 3286 Vetus
2118 3227 2449 3304 interpres.

508 3324 628 3381 sine
656 3325 768 3380 Deo
800 3326 931 3397 quid
960 3342 1223 3399 operare:
1263 3329 1409 3398 quod
1441 3338 1622 3384 autem
1671 3331 1934 3399 operaris,
1967 3331 2039 3383 sit
2072 3330 2209 3384 bene
2251 3330 2463 3384 stabile.
2497 3327 2707 3397 Saepius
2755 3327 3204 3397 congregationes
3234 3327 3367 3381 fiant
3392 3344 3411 3399 κε
3445 3341 3511 3381 ex
3546 3328 3773 3399 nomine

505 3410 927 3470 omnesquaere.
965 3397 1164 3453 Servos
1189 3408 1243 3452 et
1270 3397 1499 3454 ancillas
1539 3415 1607 3454 ne
1630 3397 1923 3470 despicias,
1956 3402 2049 3453 sed
2078 3415 2252 3469 neque
2282 3402 2380 3469 ipsi
2414 3400 2701 3465 inflentur;
2737 3399 2828 3470 sed
2872 3400 2923 3450 in
2958 3398 3187 3467 gloriam
3218 3399 3310 3450 Dei
3351 3398 3473 3470 plus
3503 3398 3771 3459 serviant,

506 3476 570 3523 ut
610 3468 821 3539 meliori
865 3468 1110 3523 libertate
1140 3484 1173 3529 a,
1198 3470 1307 3524 Deo
1337 3470 1636 3539 potiantur.
1688 3468 1807 3525 Non
1857 3468 2175 3526 desiderent
2215 3486 2245 3523 a
2274 3468 2552 3525 Communi
2601 3470 2755 3527 liberi
2790 3468 2941 3534 ﬁeri;
2994 3477 3053 3522 ut
3098 3484 3205 3521 non
3247 3469 3387 3522 servi
3419 3468 3772 3522 inveniantur

503 3538 977 3608 concupiscentiae.

1975 3632 2204 3691 CAPUT
2242 3633 2288 3682 ν

577 3726 933 3804 Malas_artes
981 3726 1107 3799 fuge
1142 3746 1155 3782 :
1202 3729 1378 3804 magis
1427 3732 1707 3804 auternde
1736 3731 1821 3784 his
1839 3731 2134 3804 ‘horniliam
2178 3729 2282 3784 fac.
2315 3729 2544 3804 Sorores
2572 3742 2741 3804 meas
2783 3723 3678 3804 alloqttere,_diligerepotninum,
3707 3734 3765 3778 et

505 3798 639 3869 viris
671 3794 1107 3869 sullicere_carﬁe
1135 3807 1189 3853 et
1213 3794 1429 3869 spiritu.
1462 3801 1724 3855 Similiter
1748 3812 1803 3856 et
1831 3800 2089 3856 fratribus
2118 3804 2254 3855 meis
2283 3799 2551 3855 annuntia
2572 3799 2623 3851 in
2650 3798 2868 3850 nomine
2890 3794 3266 3869 Jesu_Christ’i,
3285 3794 3510 3869 diligere
3539 3809 3768 3869 uxores,

506 3880 568 3941 ut
601 3868 868 3941 Dominus
903 3866 1222 3941 Ecclesiam.
1244 3864 1316 3923 'Si
1351 3871 1481 3940 quis
1519 3880 1698 3941 potest
1734 3872 1788 3924 in
1826 3873 2077 3926 castitate
2112 3886 2377 3941 manere,
2409 3870 2463 3922 in
2500 3870 2763 3941 honorem
2796 3867 2979 3920 carnis
3012 3865 3337 3941 DonﬁniLin
3385 3864 3769 3941 iugloriutionc

508 3938 727 3992 Domini
767 3946 1005 4011 maneat.
1049 3938 1105 3991 Si
1137 3934 1417 4009 glorietur,
1464 3934 1747 4011 perditur:
1792 3950 1846 3995 et
1879 3942 1924 3995 si
1958 3942 2128 4001 videri
2155 3941 2286 3999 velit
2328 3939 2449 4009 plus
2464 3939 2752 4011 episcopo,
2788 3944 3080 4011 corruptus
3108 3945 3211 3989 est.
3250 3934 3411 3987 Decet
3435 3944 3616 4011 autem
3657 3934 3768 3986 du-

509 4016 695 4063 centes
725 4009 1020 4079 ctiductas,
1052 4005 1175 4062 eum
1210 4005 1481 4064 sententia
1506 4011 1746 4079 episcopi
1792 4012 2048 4066 unionem
2084 4011 2299 4076 facere;
2329 4005 2403 4063 ἰιι
2432 4005 2826 4064 sit—secundum
2855 4005 3046 4066 Deum,
3074 4014 3129 4059 et
3159 4020 3266 4058 non
3305 4005 3603 4059 secundum
3630 4019 3770 4058 con-

506 4078 920 4147 cupiscentiam.
954 4078 1152 4132 Omnia
1186 4079 1241 4131 in
1277 4078 1551 4135 honorem
1572 4080 1664 4135 Dei
1698 4078 1846 4136 fiant.

1956 4172 2235 4249 _CAPUT
2294 4171 2384 4225 VL

580 4265 850 4343 Episcopo
867 4268 1147 4343 attendite,
1169 4276 1299 4323 utet
1320 4266 1667 4343 Deus_vobis_.
1689 4265 1977 4343 linanimis
2002 4282 2105 4343 ego
2128 4282 2253 4343 cum
2282 4266 2543 4334 subjectis
2565 4266 2847 4335 episcopo,
2877 4260 3231 4343 presbyteris,
3247 4259 3493 4343 diaconis
3520 4278 3535 4312 :
3559 4268 3611 4313 et
3634 4274 3764 4343 erit»

507 4330 644 4411 ipsis
680 4330 813 4391 mihi
844 4353 972 4411 pars
1004 4338 1099 4391 fiat
1136 4330 1331 4411 capere
1357 4338 1417 4391 in
1455 4336 1588 4390 Deo.
1615 4336 1963 4391 Collaborate
1988 4330 2064 4391 ad
2092 4330 2720 4411 invicem,_coticer_tate,
2745 4330 3500 4411 concurrite,.compalimini,
3531 4330 3766 4411 condor-

510 4400 660 4478 mite,
694 4400 1029 4478 consurgite,
1064 4419 1123 4460 ut
1148 4400 1241 4461 Dei
1276 4407 1711 4478 dispensatores,
1735 4418 1789 4460 et
1814 4422 2124 4478 assessores
2152 4419 2207 4462 et
2238 4400 2493 4461 ministri.
2534 4405 2748 4461 Placete
2772 4405 2859 4458 cui
2890 4402 3170 4478 militatis;
3202 4400 3452 4478 a‘quo_et
3495 4400 3763 4478 stipendia

507 4477 685 4533 fertis.
726 4469 928 4533 Nullus
954 4469 1202 4532 vestrum
1234 4469 1453 4532 otiosus
1479 4476 1816 4531 inveniatur.
1848 4475 2122 4547 Baptisma
2150 4487 2390 4535 vestrum
2430 4484 2648 4531 maneat
2682 4485 2737 4530 ut
2757 4484 2995 4541 scutum,
3026 4471 3160 4527 ﬁdes
3204 4480 3263 4524 ut
3310 4469 3481 4540 galea,
3522 4469 3766 4524 charitas

588 4594 630 4625 “
656 4593 853 4665 Ephes.
882 4612 913 4648 v
932 4637 946 4661 ,
982 4597 1070 4652 25.

578 4744 691 4811 (38)
733 4746 773 4796 l.
832 4761 882 4798 e.
938 4746 1221 4798 universos
1268 4742 1594 4799 nominatim
1639 4743 1706 4800 ad
1754 4754 2083 4810 congressus
2116 4744 2159 4799 D
2259 4736 2374 4811 (45)
2415 4735 2675 4811 Yideatur
2706 4729 3035 4811 Neander,l.
3063 4745 3137 4795 c.,
3165 4744 3220 4799 p.
3248 4729 3373 4783 521.

507 4829 695 4867 sacros
726 4830 982 4868 convoca.
1016 4814 1131 4869 Jac.

578 4883 691 4952 (39)
731 4884 842 4953 βῆν.
869 4884 1139 4949 Neander,
1179 4881 1609 4953 Kirchengesch.,
1640 4883 1680 4947 Ι,
1715 4898 1767 4953 p.
1798 4882 1923 4936 500.

578 4953 671 5019 (40
728 4952 768 5006 Ι.
803 4970 851 5008 e.
883 4954 1052 5008 malas
1090 4956 1378 5019 doctrinas,
1407 4952 1647 5009 hwreses.

580 4954 693 5093 (41)
733 5023 770 5076 1.
801 5040 850 5078 e.
900 5025 1195 5093 frequenter
1245 5027 1509 5078 orationes
1552 5039 1647 5075 cor.

580 5023 690 5094 (41)
733 5023 770 5076 1.
801 5040 850 5078 e.
900 5025 1195 5095 frequenter
1245 5027 1509 5095 orationes
1552 5039 1729 5075 coram
1779 5024 1969 5093 papula
2016 5025 2080 5095 de

506 5093 596 5151 his
616 5095 772 5147 malis
796 5093 1050 5149 doctrinis
1076 5096 1384 5149 habeantur.
1415 5094 1471 5147 ln
1506 5095 1779 5164 prioribus
1802 5096 1935 5148 meis
1965 5093 2081 5147 edi-

504 5165 746 5246 tionibus
766 5181 891 5219 cum
912 5166 1302 5246 interpolatore
1325 5166 1426 5237 legi
1458 5184 1471 5219 :
1517 5165 1758 5246 Ὀμιλίαν
1788 5166 1861 5246 μὴ
1902 5164 2074 5246 ποιοῦ.

506 5236 643 5290 Cum
670 5249 799 5289 vero
832 5235 1096 5303 particula
1128 5235 1519 5305 negativa'non
1565 5236 1740 5291 solum
1788 5235 1840 5288 in
1893 5236 2079 5289 codice

506 5305 747 5359 Mediceo
772 5306 977 5375 (textus
1008 5305 1224 5369 Graci),
1255 5307 1347 5359 sed
1377 5307 1538 5360 etiam
1573 5306 1626 5357 in
1658 5307 1931 5359 veteribus
1957 5320 2081 5359 ver-

508 5376 759 5433 siunibus
804 5375 996 5430 Latina
1044 5386 1099 5430 et
1126 5375 1348 5446 Syriaca
1399 5392 1506 5432 non
1554 5376 1879 5444 reperiatur,
1934 5389 2081 5430 nunc

505 5462 624 5499 eam
649 5446 1002 5499 omittendam
1031 5447 1236 5515 putavi.

552 5516 693 5585 ⁴(42)
733 5519 773 5569 1.
801 5531 852 5570 e.
883 5516 1019 5585 ejus,
1066 5517 1155 5587 qui
1199 5532 1418 5585 corpora
1457 5525 1663 5587 nostraA
1681 5517 1979 5587 resuscitat,
2033 5523 2082 5565 et

507 5584 923 5655 Cujusmembra
960 5584 1179 5655 corpora
1214 5597 1393 5641 nostra
1437 5596 1581 5641 sunt.
1627 5585 1741 5640 Cfr.
1786 5584 1805 5636 Ι
1842 5585 1967 5639 Cor.
1992 5599 2077 5655 γι,

508 5652 600 5720 il,
630 5656 715 5710 15.
751 5655 867 5711 Jac.
910 5656 1015 5711 Alii
1051 5652 1320 5723 reddunt,
1367 5658 1436 5710 ad
1481 5657 1727 5709 honorem
1773 5656 1949 5708 carnis
1980 5652 2083 5705 Do-

510 5729 739 5793 minicw.
764 5726 886 5782 Pari
916 5729 1078 5782 modo
1111 5728 1274 5789 etiam
1323 5726 1495 5797 Syrus
1530 5727 1711 5788 vertit,
1748 5742 1809 5782 ac
1843 5727 1886 5781 si
1920 5725 2079 5794 legis-

506 5808 589 5859 set
626 5816 637 5851 :
677 5800 767 5863 Εἰς
801 5800 957 5871 τιμὴν
988 5799 1083 5873 τῆς
1116 5805 1312 5876 sapam;
1344 5797 1435 5849 τοῦ
1465 5799 1690 5873 Κυρίου.

2258 4804 2371 4879 (44)
2408 4806 2521 4879 tlfr.
2562 4804 2731 4879 ler.
2755 4819 2828 4879 _x,
2862 4804 2951 4879 5!.

2258 4870 2371 4945 (45)
2400 4875 2538 4942 Quia
2576 4873 2827 4945 epistola,
2857 4873 3271 4945 ad_episcopum_
3315 4870 3560 4939 Smyrnae
3577 4872 3761 4945 μυειί-

2188 4942 2450 5011 ιιῖιὶιι,’ριι
2487 4942 2637 4999 more
2666 4944 2890 5012 antiquo
2937 4942 3158 5011 legenda
3203 4942 3366 4995 etiam
3417 4950 3534 5012 erat
3572 4942 3764 5011 Smyr-

2190 5019 2493 5079 nensibus,
2560 5015 2681 5068 ideo
2732 5010 3112 5067 sanctissimus
3168 5024 3372 5080 martyr
3424 5010 3763 5066 intermisCet

2186 5086 2547 5160 preceptaad
2571 5083 2852 5160 populum:
2884 5082 3013 5160 (391;
3008 5124 3021 5137 .

2259 5149 2380 5226 (46)
2403 5155 2516 5215 Cfr,
2548 5149 2789 5224 s'up_ra,c.
2813 5149 2868 5219 2;
2888 5154 2954 5205 ad
2981 5152 3224 5222 Smyrn.,
3243 5168 3291 5207 c.
3320 5152 3417 5216 10;
3439 5150 3506 5205 ad
3530 5150 3756 5218 Ephes.,

2184 5246 2234 5287 c.
2265 5229 2355 5282 21.

2257 5296 2571 5370 (47)78γιίιε
2596 5294 2759 5350 habet
2774 5308 2805 5370 _:
2830 5292 3047 5370 Placete
3067 5294 3181 5370 eiet
3212 5292 3437 5370 militum
3466 5307 3560 5359 pro
3587 5308 3681 5370 eo,_
3702 5301 3758 5345 ut

2184 5362 2539 5439 stipendia-ab
2573 5384 2631 5420 eo
2654 5365 2967 5439 accipiatis.
3000 5362 3219 5432 Legisse
3252 5362 3467 5415 videtur
3506 5378 3628 5415 cum
3671 5363 3752 5414 iu—

2188 5434 2512 5509 telipolatore
2537 5434 2846 5509 mulcentes.

2258 5501 2369 5578 (48)
2411 5501 2648 5579 lgnatius
2681 5504 3051 5579 compluribus
3084 5504 3254 5579 utitur
3297 5503 3578 5579 vocabulis
3610 5501 3757 5553 Lati-

2189 5572 2292 5642 nis,
2318 5572 2384 5634 ei
2412 5572 2470 5631 re
2500 5575 2721 5631 militari
2756 5572 3077 5641 desumptis,
3118 5588 3148 5626 a
3173 5572 3376 5627 Graecis
3404 5587 3622 5642 quoque
3653 5587 3755 5625 usu

2187 5650 2439 5719 receptis,
2464 5648 2685 5707 ὀψώνια,
2711 5643 2999 5714 δεσέρτωρ,
3036 5643 3307 5724 δεπόσιτα,
3345 5643 3612 5723 ἄκκεπτα.
3706 5714 3715 5721 ⁸

2259 5720 2369 5791 (49)
2389 5715 2646 5771 Μενέτω.
2682 5713 2806 5791 Ηοςδ⁸
2828 5715 3297 5791 ιςοςεειιιιιΙο-ιιιιιιιι
3336 5713 3594 5783 lgnattus,
3628 5727 3764 5785 quia

2185 5782 2490 5854 desertores
2521 5803 2670 5849 arma
2702 5784 3045 5855 abiiciebant.
3078 5782 3275 5843 l'EABS.
