4134 6402
578 384 680 438 727

1502 368 1747 423 SANCTI
1776 364 2037 423 IGNATII
2087 361 2447 419 EPISTOLE
2486 358 2832 417 GENUINE.

3703 349 3814 409 738

580 498 727 567 quod
752 502 973 565 repente
1009 508 1039 547 a
1071 491 1281 547 Troade
1315 488 1622 559 Neapolim,
1663 490 1820 559 jussu
1849 488 1921 542 ita
1946 495 2131 557 postu-

2242 484 2339 554 Θην
2362 482 2588 553 γράψαι,
2615 481 2703 534 διὰ
2731 479 2793 532 τὺ
2820 477 3075 547 ἐξαίφνης
3113 476 3263 530 πλεῖν
3311 494 3377 547 με
3420 475 3527 530 ἀπὸ
3558 475 3809 546 Τρωάδος

578 586 747 653 laute,
782 581 1182 652 navigaverim;
1214 587 1292 643 tu,
1326 579 1419 648 qui
1449 578 1734 633 sententia
1757 576 1850 631 Dei
1883 576 1960 630 sis
1981 590 2134 630 com-

576 692 677 746 pos
702 716 716 741 ,
758 674 964 729 scribes
998 673 1190 729 vicinis
1218 672 1503 737 Ecclesiis,
1527 679 1587 723 ut
1634 678 1685 723 et
1726 668 1831 737 ipsi
1877 668 2016 721 idem
2048 665 2134 720 fa-

578 768 763 832 ciant,
816 766 911 836 qui
966 765 1227 835 possint,
1277 764 1484 834 pedites
1538 761 1792 826 mittant,
1856 759 1949 813 alii
2005 774 2135 813 vero

576 858 834 927 epistolas
856 872 952 925 per
980 870 1075 910 eos
1105 897 1120 921 ,
1161 854 1255 925 qui
1283 861 1389 908 ate
1418 853 1731 915 mittentur;
1769 859 1829 903 ut
1866 850 2135 919 gloriﬁce-

574 950 653 1004 ris
682 957 884 1004 aeterno
908 962 1069 1017 opere
1088 989 1104 1011 ,
1131 945 1585 1017 quemadmodum
1615 944 1811 1011 dignus
1835 956 1915 997 es.
1943 939 2133 997 Saluto

574 1057 767 1097 omnes
812 1040 1160 1103 nominatim,
1194 1049 1249 1095 et
1289 1039 1533 1109 Epitropi
1582 1052 1809 1092 uxorem
1853 1052 1976 1093 eum
2020 1044 2131 1089 tota

572 1136 740 1189 domo
773 1149 871 1189 sua
921 1142 976 1189 et
995 1133 1199 1188 liberis.
1231 1131 1416 1188 Saluto
1442 1132 1681 1188 Attalum
1720 1130 1854 1186 mihi
1880 1130 2127 1185 charum.

564 1225 764 1293 Saluto
809 1241 934 1281 eum
956 1264 972 1289 ,
1008 1225 1101 1294 qui
1126 1223 1460 1295 profectione
1489 1224 1543 1277 in
1570 1222 1783 1294 Syriam
1811 1221 2008 1290 dignus
2036 1219 2135 1274 ha-

571 1317 808 1371 bebitur.
828 1317 1015 1373 Gratia
1040 1319 1092 1372 in
1118 1327 1438 1388 perpeluum
1479 1330 1605 1368 cum
1634 1315 1727 1368 illo
1765 1314 1887 1377 erit,
1922 1318 1977 1366 et
2003 1326 2128 1366 cum

570 1408 820 1464 mittente
846 1408 999 1463 illum
1023 1407 1347 1479 Polycarpo.
1380 1404 1521 1475 Opto
1552 1421 1648 1461 vos
1691 1419 1904 1473 semper
1951 1402 2130 1457 valere

568 1497 628 1552 in
663 1496 774 1551 Deo
816 1504 1006 1552 nostro
1053 1495 1179 1551 Jesu
1212 1496 1450 1557 Christo,
1485 1509 1579 1563 per
1608 1507 1767 1562 quem
1818 1491 1872 1543 in
1928 1489 2130 1542 unione

570 1602 695 1642 cum
726 1586 838 1641 Deo
865 1596 918 1642 et
960 1587 1276 1656 episcopatu
1306 1584 1689 1655 permaneatis.
1725 1582 1915 1635 Saluto
1937 1580 2126 1645 Alcen,

571 1678 924 1733 desiderabile
941 1677 1072 1731 mihi
1095 1692 1315 1731 nomen.
1342 1676 1523 1730 Valete
1548 1675 1602 1729 iu
1628 1673 1876 1728 Domino.

2234 574 2316 635 εἰς
2358 572 2650 637 Νεάπολιν,
2682 570 2758 633 ὡς
2796 570 2856 621 τὸ
2894 568 3003 638 (60)
3045 567 3253 637 Θέλημα
3292 565 3639 637 προστάσσει·
3680 566 3812 635 γρά-

2232 661 2353 731 ψεις
2405 665 2525 725 ταῖς
2558 659 2861 733 ἔμπροσθεν
2886 656 3251 726 Ἐκκλησίαις,
3292 656 3367 718 ὡς
3408 656 3542 708 Θεοῦ
3581 653 3808 725 γνώμην

2234 751 2587 821 κεκτημένος,
2628 753 2706 813 εἰς
2758 750 2817 802 τὸ
2855 750 2946 802 καὶ
2989 751 3181 812 αὐτοὺς
3209 749 3268 801 τὸ
3294 748 3423 800 αὐτὸ
3470 746 3707 815 ποιῆσαι,
3752 748 3805 798 οἱ

2236 842 2333 912 μὲν
2379 842 2664 912 δυνάμενοι
2703 841 2899 904 πεζοὺς
2948 840 3179 911 πέμψαι,
3224 842 3273 891 oi
3304 840 3360 892 δὲ
3397 837 3683 900 ἐπιστολὰς
3714 836 3808 889 διὰ

2229 930 2337 983 τῶν
2368 932 2471 984 ὑπὸ
2502 932 2591 984 σοῦ
2617 931 2998 1001 πεμπομένων·
3039 932 3125 982 ἴνα
3151 930 3257 999 (61)
3282 928 3569 998 ὼξασοῆτε
3601 928 3807 997 αἰωνίῳ

2230 1020 2395 1093 ἔργῳ,
2424 1022 2498 1085 ὡς
2522 1022 2669 1085 ἄξιος
2706 1020 2801 1075 ὤν.
2840 1021 3174 1092 Ἀσπάζομαι
3201 1023 3408 1084 πάντας
3435 1020 3494 1085 ἐξ
3519 1021 3802 1090 ὀνόματος,

2231 1111 2325 1163 καὶ
2359 1111 2453 1182 τὴν
2481 1110 2573 1163 τοῦ
2613 1111 2939 1181 Ἐπιτρόπου
2976 1112 3072 1163 σὺν
3094 1110 3198 1179 ὅλῳ
3227 1110 3304 1181 τῷ
3330 1112 3478 1179 ¹οἴκῳ
3507 1110 3673 1179 αὐτῆς
3707 1110 3804 1161 καὶ

2229 1201 2338 1253 τῶν
2385 1201 2611 1253 τέκνων.
2688 1199 3026 1270 Ἀσπάζομαι
3076 1201 3333 1253 ’Ἄτταλον
3375 1200 3466 1253 τὸν
3519 1200 3803 1269 ἀγαπητόν

2233 1310 2351 1361 μου.
2403 1290 2738 1362 ’Λσπάζομαι
2768 1290 2858 1343 τὸν
2885 1291 3141 1361 μέλλοντα.
3173 1290 3548 1357 καταξιοῦσϐαι
3583 1290 3677 1343 τοῦ
3720 1293 3805 1353 εἰς

2230 1384 2425 1453 Συρίαν
2461 1382 2804 1453 πορεύεσθαι.
2850 1384 3038 1435 Ἔσται
3072 1385 3106 1453 ἡ
3153 1384 3309 1453 χάρις
3354 1380 3467 1452 μετ’
3512 1382 3674 1434 αὑτοῦ
3710 1382 3801 1434 διὰ

2229 1474 2442 1537 παντὸς,
2475 1476 2568 1526 καὶ
2594 1473 2687 1526 τοῦ
2715 1474 3019 1543 πέμποντος
3051 1474 3209 1526 αὑτὸν
3252 1473 3627 1544 Πολυκάρπου.
3676 1474 3801 1545 Ἑρ-

2230 1561 2432 1633 ρῶσθαι
2472 1562 2617 1631 ὑμᾶς
2662 1561 2748 1614 διὰ
2796 1560 2993 1622 παντὸς
3024 1561 3082 1612 ἐν
3110 1561 3227 1631 Θεῷ
3259 1560 3413 1631 ἡμῶν
3455 1561 3627 1630 Ἰησοῦ
3660 1562 3796 1631 Χρι-

2230 1651 2339 1721 στῷ
2369 1650 2618 1721 εὔχομαι,
2651 1652 2707 1704 ἐν
2746 1644 2790 1719 ᾧ
2822 1652 3127 1724 διαμείνητε
3173 1654 3229 1704 ὲν
3271 1654 3476 1721 ἑνότητι
3522 1652 3654 1704 Θεοῦ
3700 1655 3798 1704 καὶ

2228 1742 2340 1811 (62)
2368 1744 2658 1811 ἐπισκοπῇ.
2701 1742 3036 1812 Ἀσπάζομαι
3065 1742 3175 1812 (65)
3212 1741 3436 1811 ’Δλκην,
3468 1742 3529 1793 τὸ
3564 1742 3799 1811 ποθητόν

2237 1849 2338 1902 μου
2369 1832 2555 1902 ὄνομα.
2586 1832 2865 1903 Ἔρρωσθε
2894 1834 2952 1886 ὲν
2983 1834 3191 1904 Κυρίῳ.

1871 2001 2049 2062 Vetus
2093 2003 2424 2078 interpres.

566 2126 1217 2209 ut_vol_untas_pra2cipiti;
1247 2131 1453 2209 scribes
1483 2131 1605 2184 aliis
1631 2129 1910 2209 Ece_lesi_is,
1945 2137 2003 2183 ut
2026 2128 2117 2183 Dei
2143 2128 2466 2209 sententiam
2492 2128 2799 2209 possidens,
2825 2128 2964 2209 idem
2995 2139 3048 2184 et
3078 2131 3226 2199 ipsos
3252 2130 3467 2209 facere;
3497 2132 3549 2184 hi
3573 2132 3795 2209 quidem

564 2204 810 2271 potentes
833 2197 1043 2271 pedites
1087 2197 1324 2265 mittere,
1365 2200 1419 2253 bi
1438 2209 1627 2271 autem
1652 2200 1912 2269 epistolas
1938 2215 2085 2271 pera
2109 2209 2160 2254 te
2200 2200 2421 2262 missos,
2454 2208 2520 2271 ut
2548 2199 2878 2271 gloriliceris
2898 2197 3310 2271 aeterno‘opere,
3332 2210 3391 2271 ut
3417 2197 3613 2271 dignus
3645 2204 3797 2256 exsi—

564 2274 732 2345 stens.
772 2265 960 2321 Saluto
983 2283 1272 2345 omnese):
1300 2270 1554 2345 nomine;
1578 2279 1633 2322 et
1655 2265 2240 2345 eamAquze'Epitropi,
2268 2285 2391 2345 cum
2434 2265 2600 2345 domo
2624 2278 2735 2321 tota
2766 2269 2951 2345 ipsius
2976 2279 3029 2322 et
3050 2265 3529 2345 ﬁliorum._Saluto
3554 2272 3797 2326 Attalum

563 2334 819 2415 dilectum
845 2334 1295 2415 _meum._Saluto
1343 2338 1587 2415 futurum
1636 2334 1942 2409 diguiﬁcari
1991 2334 2059 2415 ad
2100 2334 2339 2415 eundum
2379 2339 2435 2392 in
2481 2337 2715 2415 §yriam_.
2762 2334 2879 2415 Erit
2926 2340 3098 2415 gratia
3139 2355 3261 2393 cum
3315 2341 3432 2410 ipso
3477 2357 3709 2415 semper,
3740 2351 3797 2415 et

562 2405 1043 2485 mittentenipsum.
1067 2405 1396 2485 Ifolycarpo;
1420 2408 1612 2485 Yalere
1636 2405 1736 2485 χοε
1767 2423 1979 2485 semper
2025 2409 2080 2461 in
2123 2407 2233 2461 Deo
2261 2418 2456 2485 nostro
2486 2405 2865 2485 Jesujlbristo
2913 2405 3039 2485 o;ro;
3066 2409 3130 2485 _in
3182 2424 3291 2479 quo
3337 2405 3703 2481 permaneatis
3739 2411 3797 2465 in

563 2474 772 2529 unitate
794 2473 887 2529 Dei
919 2486 973 2530 et
996 2473 1324 2532 visitatione'.
1364 2477 1557 2533 Saluto
1585 2478 1781 2546 Alken,
1808 2473 2177 2533 desideratum
2200 2478 2335 2532 mihi
2366 2492 2587 2532 nomen.
2620 2473 2807 2532 Valete
2836 2479 2893 2532 in
2923 2476 3172 2533 Domino.
3199 2473 3224 2549 ί

634 2653 746 2727 (60)
772 2652 813 2707 1.
834 2671 885 2727 e.
909 2657 1221 2710 mandatum
1242 2659 1594 2727 imperatoris,
1633 2674 1727 2713 seu
1760 2659 2005 2719 militum,
2033 2661 2127 2727 qui

562 2720 828 2801 lgnatiurn
857 2725 1289 2801 dueebant_,_seu
1312 2720 1697 2801 uoluntasDej.
1729 2729 1948 2801 Θέλημα
1976 2720 2135 2784 abso-

562 2790 921 2868 Iuteponitur
948 2811 1014 2864 ep
1049 2797 1135 2868 ad
1162 2796 1402 2868 Smyrn.,
1434 2815 1483 2854 c.
1516 2799 1602 2852 Η.
1636 2798 1751 2853 Jac.

633 2862 745 2934 (6t)
771 2862 1024 2920 Fortasse
1047 2862 1333 2936 legendum
1358 2868 1635 2940 δοξασθῇς.
1670 2869 1861 2925 Sum].

2307 2655 2419 2723 (62)
2449 2654 2589 2724 Lege
2612 2654 2928 2720 ἐπισκόπου,
2961 2662 3023 2707 ut
3056 2652 3256 2708 habent
3281 2653 3497 2709 codices
3532 2653 3803 2724 Augusta-

2241 2736 2416 2795 nusel
2445 2724 2834 2795 Leicestrensis
2865 2724 3126 2795 (epistola:
3153 2725 3528 2795 interpolata}.
3560 2728 3760 2783 Sum».

2312 2794 2425 2867 (65)
2452 2794 2565 2850 Cir.
2594 2793 2763 2865 lgnat.
2791 2795 2856 2849 ad
2892 2793 3134 2865 Smyrn.,
3161 2808 3210 2847 c.
3236 2794 3323 2847 1'5.
