4134 6440
391 414 496 470 7'53

1242 413 1602 470 EPISTOLIE
1640 412 2244 469 INTERPOLATfE.-—
2282 412 2372 465 AD
2405 411 2750 468 EPHESIOS.

3568 414 3672 469 751

393 551 480 606 μῳ
519 532 596 604 τῷ
637 535 723 587 ἐπ’
775 534 964 606 ἀγάπῃ
1014 536 1290 608 ἀδιηγήτῳ
1342 537 1474 609 (15),
1547 537 1697 608 ὑμῶν
1763 538 1820 589 δὲ
1882 540 1996 590 ἐπι-

2101 537 2282 590 dinem
2313 536 2364 588 in
2397 535 2618 588 nomine
2635 533 2728 588 Dei
2763 534 2977 604 suscepi
3013 535 3064 589 in
3083 534 3360 598 Onesimo,
3384 535 3504 589 viro
3533 552 3672 591 nun-

393 627 604 697 σκόπῳ,
627 627 686 679 ὃν
721 626 953 698 εὔχομαι
988 629 1128 682 κατὰ
1161 631 1396 700 Χριστὸν
1432 630 1637 700 Ἰησοῦν
1668 631 1810 700 ὑμᾶς
1846 631 1984 696 ἁγα-

390 720 519 789 πᾷν,
547 720 642 772 καὶ
671 720 878 783 πάντας
904 722 1048 792 ὑμᾶς
1077 724 1135 775 ἐν
1163 721 1470 793 ὁμοιώματι
1492 723 1658 776 αὑτοῦ
1688 720 1826 775 εἶναι
1851 722 1978 793 (14).

390 811 698 883 Εὐλογητὸς
727 813 834 885 γὰρ
867 816 895 866 ὁ
946 814 1101 877 Θεὸς,
1130 817 1157 866 ὁ
1188 816 1550 888 χαρισάμενος
1575 816 1702 885 ὑμῖν
1730 816 1987 879 τοιούτοις

391 894 533 965 οὖσι,
563 903 806 959 τοιοῦτον
823 904 1121 958 ἐπίσκοπον
1153 907 1452 978 κεκτῆσθαι
1488 909 1545 959 ἐν
1569 906 1807 977 Χριστῷ.

460 1080 525 1134 ll.
549 1081 684 1154 Περὶ
706 1082 762 1135 δὲ
779 1082 872 1135 τοῦ
892 1083 1174 1138 συνδούλου
1195 1085 1350 1156 ἡμῶν
1367 1080 1830 1158 Βίρρου⁵(15),τοῦ
1850 1084 1989 1137 κατὰ

390 1172 521 1227 Θεὸν
564 1174 810 1230 διακόνου
857 1174 1032 1244 ὑμῶν,
1065 1176 1158 1228 καὶ
1198 1179 1255 1229 ὲν
1296 1178 1462 1230 πᾶσιν
1489 1175 1876 1246 εὑλογημένου,
1908 1173 1991 1226 εῦ-

390 1283 554 1336 χομαι
589 1269 926 1338 παραμεῖναι
959 1267 1120 1319 αὑτὸν
1148 1267 1398 1338 ἄμωμον,
1433 1270 1510 1330 εἰς
1540 1269 1705 1338 τιμὴν
1736 1267 1836 1336 τῆς
1863 1268 1988 1319 Ἐκ-

391 1358 622 1428 κλησίας
659 1358 792 1428 (16),
823 1359 916 1412 καὶ
951 1359 1043 1412 τοῦ
1073 1360 1374 1411 ἐπισκόπου
1394 1358 1548 1430 ὑμῶν
1579 1358 1671 1412 τοῦ
1705 1375 1989 1428 μακαριω-

390 1450 576 1506 τάτου.
629 1451 845 1522 Κρόκος
892 1450 970 1514 δὲ,
997 1453 1024 1502 ὁ
1077 1449 1214 1502 Θεοῦ
1265 1449 1414 1514 ἄξιος
1461 1449 1555 1502 καὶ
1597 1448 1788 1519 ὑμῶν,
1827 1447 1885 1500 ὃν
1917 1447 1992 1510 ὡς

388 1541 753 1614 ὲξεμπλάριον
811 1540 910 1610 τῆς
974 1542 1068 1609 ἀφ’
1124 1539 1279 1612 ὑμῶν
1342 1541 1565 1612 ἀγάπης
1619 1539 1988 1611 ἀπελάϐομεν,

389 1634 531 1687 κατὰ
585 1634 764 1687 πάντα
821 1649 887 1701 με
943 1627 1992 1698 ἀνέπαυσε,καὶτὴνᾶλυσίνμουοῠκ

383 1719 853 1792 ἐπῃσχύνθη,ὼς
887 1718 980 1772 καὶ
1008 1720 1170 1774 αὑτὸν
1199 1721 1226 1772 ὁ
1256 1719 1448 1790 Πατὴρ
1469 1720 1488 1750 ⁷
1540 1718 1715 1788 Ἰησοῦ
1750 1717 1990 1790 Χριστοῦ

387 1806 647 1876 ἀναψύξει
700 1809 817 1880 ἅμα
853 1810 1146 1881 Ὀνησίμῳ,
1190 1811 1284 1864 καὶ
1319 1811 1500 1880 Βίρρῳ
1528 1809 1572 1875 ⁸,
1625 1809 1718 1863 καὶ
1769 1807 1989 1872 Εὑπλοῖ,

387 1899 480 1952 καὶ
499 1901 789 1973 Φρόντωνι,
816 1902 883 1954 δι’
909 1895 984 1955 ὧν
1016 1902 1223 1966 πάντας
1250 1903 1394 1974 ὑμᾶς
1422 1901 1560 1955 κατὰ
1580 1901 1803 1973 ἀγάπην
1825 1897 1983 1955 εἶδον·
2021 1885 2063 1940 Β

401 1987 660 2059 Ὀναίμην
694 1989 848 2062 ὑμῶν
879 1991 967 2046 διὰ
1004 1992 1226 2055 παντὸς,
1260 1992 1464 2062 ἐάνπερ
1503 1990 1650 2055 ἄξιος
1673 1985 1739 2046 ὦ.
1770 1991 1988 2063 Πρέπον

386 2077 480 2136 οὑν
530 2083 674 2153 ὑμᾶς
726 2085 842 2136 ἐστι
878 2084 1018 2138 κατὰ
1063 2085 1242 2138 πάντα
1276 2085 1474 2158 τρόπον
1507 2083 1749 2151 δοξάζειν
1782 2084 1988 2154 Ἰησοῦν

388 2173 624 2246 Χριστὸν
653 2173 744 2227 τὸν
768 2173 1071 2239 δοξάσαντα
1093 2176 1239 2246 ὑμᾶς
1271 2176 1358 2229 ἵνα
1388 2178 1446 2228 ὲν
1479 2177 1577 2247 μιᾷ
1607 2178 1852 2248 ὑποταγῇ
1877 2176 1986 2247 (17)

384 2260 493 2335 ἦτε
521 2267 984 2336 κατηρτισμένοι
1016 2267 1095 2333 τῷ
1127 2267 1287 2333 αὐτῷ
1324 2269 1421 2321 ’νοῒ
1437 2268 1533 2322 καὶ
1556 2268 1632 2336 τῇ
1653 2268 1807 2337 αὐτῇ
1839 2269 1987 2338 γνώ-

381 2375 490 2425 μῃ,
530 2357 630 2410 καὶ
671 2358 738 2410 τὸ
780 2359 928 2413 αὐτὸ
959 2358 1174 2427 λέγητε
1213 2359 1444 2426 πάντες
1486 2360 1620 2428 περὶ
1653 2360 1757 2413 τοῦ
1782 2360 1988 2422 αὑτοῦ,

391 2448 477 2501 ἵνα
512 2449 943 2519 ὑποτασσόμενοι
967 2449 1046 2520 τῷ
1068 2451 1355 2522 ὲπισκόπῳ
1375 2452 1468 2503 καὶ
1491 2451 1566 2521 τῷ
1591 2451 1988 2526 πρεσϐυτερίῳ,

388 2538 532 2592 κατὰ
564 2539 741 2592 πάντα
771 2535 870 2611 ἦτε
905 2542 1249 2612 ἡγιασμένοι.
1987 2605 1990 2612 ι

459 2630 546 2684 Ill.
571 2633 644 2684 Οὑ
680 2632 1041 2704 διατάσσομαι
1071 2635 1311 2705 ὑμῖν,ὼς
1345 2635 1418 2689 ὧν
1442 2655 1525 2691 τι·
1560 2640 1608 2690 εί
1647 2639 1755 2709 γὰρ
1780 2639 1873 2692 καὶ
1903 2638 1990 2691 δέ-

387 2722 552 2794 δεμαι
611 2724 699 2777 διὰ
754 2725 813 2777 τὸ
856 2726 1026 2792 ὄνομα
1052 2728 1095 2758 ¹⁰
1135 2726 1322 2793 αὑτοῦ,
1360 2727 1515 2782 οὔπω
1548 2731 1898 2801 ἁπήρτισμαι
1933 2734 1991 2784 ὲν

402 2814 575 2885 Ἰησοῦ
625 2815 848 2886 Χριστῷ
899 2817 994 2870 νῦν
1036 2819 1143 2890 γὰρ
1194 2820 1367 2891 ἀρχὴν
1407 2819 1516 2889 ἔχω
1556 2819 1649 2871 τοῦ
1695 2819 1992 2890 μαθητεύε-

391 2905 535 2970 σθαι,
585 2906 680 2958 καὶ
730 2906 1016 2979 προσλαλῶ
1057 2909 1186 2978 ὑμῖν
1232 2909 1307 2972 ὡς
1359 2909 1673 2980 ὁμοδούλοις
1698 2928 1709 2939 ·
1747 2911 1846 2980 ἐμὲ
1886 2912 1992 2981 γὰρ

388 2997 496 3053 ἔδει
530 3000 660 3071 παρ’
693 2999 848 3070 ὑμῶν
882 3001 1300 3073 ὑπομνησθῆναι
1334 3002 1536 3066 πίστει,
1560 3002 1838 3074 νουθεσίᾳ,
1864 3004 1996 3056 ὑπο-

399 3093 558 3162 μονῇ,
598 3092 987 3165 μακροθυμίᾳ·
1025 3093 1140 3146 amr
1183 3094 1372 3163 ἐπειδὴ
1409 3095 1441 3164 ὴ
1474 3094 1663 3164 ἀγάπη
1696 3096 1796 3147 οὑκ
1834 3096 1897 3165 ἐᾷ
1927 3112 1994 3165 με
2039 3102 2044 3108 ”

391 3185 606 3254 σιωπᾷν
650 3184 780 3256 περὶ
813 3184 994 3254 ὑμῶν,
1010 3184 1097 3238 διὰ
1130 3185 1286 3239 τοῦτο
1313 3185 1610 3258 προέλαϐον
1660 3186 1996 3257 παρακαλεῖν

389 3271 554 3343 ὑμᾶς,
598 3274 747 3337 ὅπως
793 3275 1125 3346 συντρέχητε
1179 3279 1244 3346 τῇ
1308 3275 1502 3350 γνώμῃ
1545 3275 1638 3330 τοῦ
1690 3276 1847 3329 Θεοῦ.
1886 3278 1995 3330 Καὶ

391 3365 496 3436 γὰρ
535 3365 742 3433 Ἰησοῦς
797 3367 1054 3440 Χριστὸς,
1089 3368 1269 3422 πάντα
1316 3370 1456 3423 κατὰ
1501 3367 1729 3438 γνώμην
1765 3369 1998 3441 πράττει

389 3455 483 3510 τοῦ
518 3457 751 3527 Πατρὸς,
786 3459 861 3523 ὼς
894 3460 1056 3523 αὑτός
1100 3479 1203 3514 που
1239 3459 1386 3529 λέγει
1408 3478 1420 3490 ·
1465 3460 1614 3530 Ἐγὼ
1664 3461 1736 3513 τὰ
1768 3462 1994 3528 ἀρεστὰ

389 3549 551 3615 αὐτῷ
573 3549 722 3603 ποιῶ
762 3550 1038 3606 πάντοτε.
1057 3553 1268 3606 Οὐκοῦν
1293 3554 1387 3607 καὶ
1408 3555 1554 3624 ἡμᾶς
1579 3552 1685 3624 χρὴ
1718 3551 1818 3623 ζῇν
1851 3553 1992 3606 κατὰ

389 3641 616 3712 γνώμην
673 3641 810 3696 Θεοῦ
863 3645 922 3696 ὲν
975 3643 1216 3716 Χριστῷ,
1254 3645 1348 3698 καὶ
1407 3643 1604 3715 ζηλοῦν
1631 3645 1707 3707 ὡς
1741 3643 1988 3708 Παῦλος’

386 3733 649 3802 Mummi
681 3733 790 3806 γάρ
833 3751 975 3803 μου,
1034 3735 1186 3806 φησι,
1237 3737 1500 3804 γίνεσθε,
1558 3733 1750 3799 καθὼς
1823 3732 1985 3802 κάγὼ

389 3825 669 3892 Χριστοῦ.

463 3914 553 3970 IV.
591 3916 754 3971 Ὅθεν
791 3918 881 3971 καὶ
927 3919 1057 3988 ὑμῖν
1097 3919 1294 3990 πρέπει
1331 3918 1640 3989 συντρέχειν
1664 3921 1727 3990 τῇ
1751 3916 1843 3972 τοῦ
1862 3920 1982 3971 ἐπι-

393 4010 598 4063 σκόπου
665 4009 861 4084 γνώμῃ
883 4010 1016 4082 (18),
1057 4011 1150 4065 τοῦ
1198 4012 1342 4065 κατὰ
1427 4010 1560 4064 Θεὸν
1603 4011 1986 4082 ποιμαίνοντος

2092 643 2254 697 quam
2304 627 2438 681 satis
2475 627 2546 680 ob
2581 626 2902 680 cbaritatem
2938 628 3249 696 prauiicato,
3274 637 3456 682 vestro
3491 639 3672 682 autem

2093 719 2387 788 episc0po;
2436 734 2600 787 quem
2642 719 2872 772 obsecro
2907 729 2968 773 ιιι
3000 735 3098 773 vos
3123 719 3277 789 juxta
3304 719 3488 775 Jcsum
3509 720 3672 774 Citri-

2099 822 2242 864 stum
2277 812 2494 873 ametis,
2521 819 2687 880 utque
2711 826 2903 864 omnes
2932 811 3077 865 illius
3101 811 3306 865 similes
3332 811 3474 865 sitis.
3502 809 3674 863 Bene—

2094 896 2275 951 dictus
2301 898 2444 951 enim
2476 897 2640 964 Deus,
2666 899 2758 968 qui
2795 899 3016 952 donavit
3036 899 3210 963 vobis,
3235 901 3327 969 qui
3357 899 3490 954 tales
3514 898 3670 964 esﬁs,

2096 987 2255 1040 talem
2293 987 2574 1056 possidere
2602 988 2655 1041 in
2691 987 2912 1042 Christo
2942 989 3275 1058 episcopum.

2165 1078 2230 1133 ll.
2263 1078 2339 1133 De
2381 1078 2596 1132 Burrho
2647 1089 2828 1134 autem
2862 1095 3125 1135 conservo
3161 1091 3367 1144 nostro,
3405 1092 3457 1138 et
3485 1099 3673 1139 secun-

2095 1171 2226 1225 dum
2270 1170 2438 1224 Deum
2481 1171 2716 1225 diacono
2742 1181 2942 1237 vestro,
2983 1188 3046 1225 ac
3072 1172 3123 1226 in
3159 1176 3414 1229 omnibus
3443 1175 3669 1230 benedi-

2095 1272 2206 1328 cto,
2232 1261 2332 1316 Oro
2358 1273 2418 1316 ut
2447 1263 2755 1332 inculpatus
2783 1274 3098 1333 permaneat
3120 1265 3184 1318 ad
3220 1265 3474 1321 Ecclesia)
3506 1267 3672 1320 hono-

2093 1369 2228 1419 rem,
2289 1362 2343 1407 et
2387 1353 2690 1406 beatissimi
2731 1353 2970 1423 episc0pi
3005 1355 3192 1407 vestri.
3223 1356 3428 1410 Crocus
3463 1365 3668 1418 autem,

2092 1454 2146 1499 ct
2172 1444 2279 1497 Deo
2309 1455 2358 1497 et
2389 1445 2542 1499 vobis
2571 1444 2790 1514 dignus,
2820 1461 2982 1514 quem
3015 1445 3161 1499 velut
3187 1431 3460 1515 eiemplar
3483 1456 3673 1500 vestra!

2093 1537 2380 1590 charitatis
2428 1537 2762 1604 accepimus,
2791 1552 2889 1605 per
2926 1537 3110 1591 omnia
3163 1553 3248 1592 me
3293 1539 3584 1603 recreavit,
3621 1548 3673 1592 et

2096 1639 2338 1681 catenam
2388 1645 2558 1681 meam
2601 1645 2701 1681 non
2747 1629 2953 1682 erubuit
2973 1631 3014 1695 ⁸,
3057 1645 3166 1699 quo
3216 1631 3380 1684 modo
3406 1641 3459 1685 et
3495 1632 3674 1699 ipsum

2095 1718 2383 1790 refrigeret
2413 1718 2578 1773 'Pater
2625 1719 2750 1773 Jesu
2790 1720 3016 1787 Christi,
3066 1736 3173 1773 una
3215 1736 3339 1776 cum
3390 1721 3672 1787 Onesimo,

2097 1809 2328 1872 Burrho,
2360 1809 2552 1879 Euplo,
2584 1821 2637 1864 et
2689 1809 2984 1876 Frontone,
3008 1828 3103 1882 per
3149 1828 3308 1882 quos,
3339 1828 3530 1867 omnes
3577 1830 3677 1868 vos

2091 1903 2269 1971 quoad
2327 1903 2650 1957 charitatem
2711 1903 2842 1958 vidi.
2885 1903 3060 1958 Fruar
3104 1905 3258 1960 vobis
3293 1915 3578 1976 perpetuo,
3628 1906 3677 1961 si

2091 1994 2290 2064 dignus
2318 1993 2493 2049 fuero.
2526 1994 2687 2049 Decet
2720 1996 2903 2066 itaque
2939 2012 3036 2050 vos
3065 1998 3320 2051 omnibus
3355 1997 3533 2052 modis
3558 2000 3676 2069 glo-

2090 2086 2306 2140 rificare
2341 2084 2528 2141 Jesnm
2566 2087 2845 2142 Christum
2871 2090 2964 2158 qui
2990 2089 3314 2160 gloriﬁcavit
3349 2105 3465 2156 vos,
3520 2100 3580 2144 ut
3621 2093 3674 2146 iu

2091 2179 2399 2233 obedientia
2431 2194 2538 2232 una
2562 2181 2679 2234 sitis
2711 2181 2954 2250 perfecti,
2980 2182 3158 2235 eadem
3182 2193 3372 2248 mente,
3391 2184 3678 2254 eademque

2090 2271 2387 2332 sententia;
2419 2271 2654 2340 idemque
2682 2270 2872 2322 dicatis
2901 2271 2966 2324 de
2995 2273 3170 2324 eodem
3201 2272 3441 2335 omnes“;
3469 2281 3528 2324 ut
3549 2272 3679 2325 sut-

2087 2360 2215 2428 jecti
2276 2363 2536 2430 episcopo
2580 2371 2634 2415 et
2665 2362 3023 2432 presbyterio,
3065 2379 3159 2432 per
3207 2363 3389 2416 omnia
3438 2363 3678 2417 sanctiti-

2097 2454 2208 2508 cati
2243 2453 2383 2508 sitis.

2164 2653 2252 2708 lll.
2288 2653 2405 2709 Non
2431 2653 2690 2723 principio
2729 2653 2891 2706 vobis
2916 2655 3072 2722 quasi
3100 2653 3202 2708 sint
3232 2653 3457 2723 aliquid.
3477 2651 3680 2719 Quam-

2093 2741 2177 2796 vis
2199 2743 2346 2795 enim
2372 2743 2584 2796 vinetus
2610 2743 2712 2796 sim
2742 2752 2963 2812 propter
2994 2759 3215 2808 nomen,
3241 2745 3470 2798 necdum
3498 2753 3679 2798 tamen

2095 2832 2371 2902 pet-fectus
2416 2848 2538 2886 sum
2581 2833 2634 2886 in
2666 2832 2886 2887 Christo
2926 2832 3076 2888 Jesu.
3108 2833 3265 2890 Nunc
3294 2837 3440 2890 enim
3478 2835 3682 2905 incipio

2097 2923 2398 2991 discipulus
2429 2937 2581 2989 esse;
2608 2931 2661 2976 et
2695 2923 2947 2992 alloquor
2973 2938 3070 2978 vos
3096 2935 3156 2978 ut
3197 2940 3522 2992 conservos;
3551 2940 3682 2980 nam

2097 3017 2384 3084 Oportebat
2411 3031 2498 3070 me
2530 3031 2560 3069 a
2593 3016 2748 3072 vobis
2789 3018 3127 3072 commoneri
3159 3017 3282 3084 ﬁde,
3311 3019 3680 3082 institutione,

2097 3108 2378 3177 patientia,
2414 3109 2822 3177 longanimitate
2861 3127 2874 3163 ε
2912 3118 2966 3163 at
3014 3110 3236 3179 quando
3280 3110 3519 3165 charitas
3570 3125 3682 3163 nou

2099 3203 2229 3257 sinit
2275 3217 2363 3257 me
2412 3215 2592 3258 tacere
2624 3203 2692 3257 de
2730 3202 2909 3266 vobis,
2956 3211 3242 3273 propterea
3289 3203 3551 3257 anteveni
3585 3217 3684 3256 vos

2097 3295 2412 3361 admonere,
2439 3304 2502 3350 ut
2523 3296 2870 3352 concurratis
2901 3296 2954 3349 in
2975 3294 3067 3350 Dei
3094 3296 3442 3351 sententiam.
3468 3293 3683 3348 Etenim

2094 3385 2256 3442 Jesus
2283 3387 2536 3442 Christus
2564 3387 2749 3440 omnia
2778 3385 2909 3441 facit
2937 3386 3092 3456 juxta
3121 3387 3448 3441 sententiam
3478 3384 3684 3448 Patris,

2107 3487 2165 3531 ut
2204 3478 2319 3547 ipse
2343 3479 2578 3548 quodam
2609 3479 2727 3530 loco
2755 3477 2886 3531 dicit
2913 3497 2924 3531 :
2954 3477 3064 3546 Ego
3092 3494 3208 3546 qum
3233 3477 3432 3546 placita
3464 3487 3584 3529 sunt
3613 3478 3682 3544 ei,

2093 3568 2233 3637 facio
2247 3570 2716 3639 semper”.'lgitur
2735 3581 2787 3623 et
2813 3585 2914 3625 nos
2937 3579 3151 3638 oportet
3177 3569 3360 3622 vivere
3377 3569 3530 3637 juxta
3555 3583 3682 3622 sen~

2089 3661 2317 3714 tentiam
2349 3661 2440 3714 Dei
2475 3662 2528 3714 in
2569 3661 2809 3725 Christo,
2835 3670 2888 3714 et
2916 3660 3159 3715 tentulari
3197 3672 3254 3713 ut
3284 3659 3521 3714 Paulus:
3546 3658 3684 3712 lmi-

2091 3762 2288 3805 tatores
2305 3752 2450 3806 enim
2482 3754 2604 3818 mei,
2623 3754 3023 3824 inquit,estote,
3041 3753 3179 3804 sicut
3206 3763 3254 3804 et
3285 3769 3377 3821 ego
3402 3751 3601 3806 Christi
3619 3753 3681 3804 ".

2171 3915 2261 3972 IV.
2304 3915 2458 3970 Unde
2503 3924 2559 3970 et
2599 3915 2755 3969 decet
2785 3929 2884 3968 vos
2914 3926 3247 3966 concurrere
3276 3911 3327 3962 itt
3359 3910 3684 3964 sententiam

2090 3988 2353 4079 episcopi,
2379 4008 2473 4078 qui
2521 4007 2822 4063 secundum
2853 4004 3023 4060 Deum
3071 4020 3168 4058 vos
3201 4002 3406 4074 pascit;
3447 4002 3593 4072 quod
3633 4009 3689 4055 et

465 4197 486 4228 ⁸
511 4193 548 4252 t‘.
583 4196 816 4319 Βύρρου.
895 4198 916 4229 ⁸
949 4199 994 4250 ll
1027 4197 1170 4255 Tim.
1203 4215 1243 4262 ι,
1282 4200 1368 4253 16.
1439 4199 1534 4253 τίη
1566 4215 1670 4254 ms.
1688 4212 1930 4269 praepon.
1957 4215 1996 4250 τι

479 4266 550 4319 al.
629 4267 669 4296 “
728 4282 856 4319 oan.
886 4283 1018 4319 vm.
1050 4270 1141 4319 29.
1219 4271 1261 4302 "
1292 4272 1313 4319 Ι
1341 4269 1470 4319 Cor.
1507 4282 1586 4319 XI.
1615 4271 1666 4319 1.

2097 4193 2288 4264 Κυρίου
2312 4191 2487 4262 ἡμῶν.
2555 4191 2577 4221 ⁸
2612 4189 2651 4244 1⁵.
2683 4189 2898 4262 Βύρρῳ.
2974 4190 2994 4220 ⁹
3024 4191 3044 4241 1
3072 4187 3198 4243 Cor.
3233 4203 3274 4255 ι,
3305 4185 3392 4241 10.
3471 4186 3514 4217 ¹⁰
3537 4184 3690 4240 deest

392 4267 450 4326 in
479 4266 550 4321 al.
629 4267 669 4296 “
695 4266 856 4320 Joan.
886 4283 1018 4332 vnt,
1050 4270 1141 4324 29.
1219 4271 1261 4302 "
1292 4272 1313 4323 Ι
1341 4269 1470 4324 Cor.
1507 4282 1586 4334 xu,
1615 4271 1666 4325 1.

403 4361 663 4433 similiter
703 4362 954 4430 legimus.
982 4362 1141 4430 Quod
1175 4365 1220 4420 si
1247 4380 1602 4433 verum;non
1641 4364 1783 4419 alius
1820 4362 2003 4432 Ephe-

402 4431 541 4488 sinte
581 4430 844 4487 Ecclesiae
871 4435 1200 4501 quaerendus
1257 4435 1423 4490 fuerit
1459 4430 1694 4501 Angelus
1731 4435 1819 4488 cui
1863 4430 1916 4487 in
1963 4449 2002 4488 ll

403 4501 819 4573 Apocalypseos
867 4505 1107 4573 capitulo
1136 4506 1439 4561 scribendae
1495 4501 1787 4559 aDomino
1841 4519 1999 4557 man-

2108 4360 2193 4414 vel
2216 4369 2275 4414 ut
2301 4372 2403 4413 nos
2426 4356 2558 4425 (non
2589 4356 2766 4412 solum
2788 4370 2855 4410 ex
2877 4351 3283 4425 Magdalenensi
3312 4357 3366 4425 et
3395 4348 3691 4425 Petaviauo

2113 4447 2246 4493 ms.,
2275 4430 2365 4484 sed
2397 4420 2562 4481 etiam
2587 4442 2655 4480 ex
2685 4426 2895 4491 Adone,
2927 4420 2993 4479 in'
3020 4425 3141 4478 loco
3165 4423 3278 4492 jam
3312 4420 3500 4544 citatog
3530 4420 3692 4474 resti-

2113 4502 2351 4544 tnimns-
2387 4501 2580 4544 dilecto
2613 4508 2930 4544 nrmcemore
2964 4505 3163 4544 nostra.
3212 4509 3277 4544 ac
3306 4493 3354 4544 si
3396 4508 3467 4544 κα
3505 4491 3685 4544 ηγητῆ

2113 4491 2352 4562 luimus,
2387 4501 2580 4551 ditccto
2613 4508 2934 4566 prazceptore
2964 4491 3180 4559 nostra,
3212 4509 3277 4548 ac
3306 4493 3354 4548 si
3396 4491 3690 4562 καθηγητῇ

401 4565 852 4645 ἀέηιυιῚῙιιοιιιε,
887 4565 1052 4644 quam
1080 4575 1167 4628 hic
1212 4577 1328 4645 ipse
1353 4576 1668 4630 Onesimus.
1689 4577 1747 4628 ln
1787 4573 2004 4645 Graeco-
2038 4586 2081 4641 ι)
2111 4571 2335 4645 legisset
2360 4573 2432 4645 is,
2463 4583 2562 4645 pro
2590 4565 2886 4645 ἀδιηγήτῳ.
2922 4565 2996 4645 in.

408 4657 534 4696 rum
587 4658 721 4716 vero
790 4643 1032 4711 Mena-is,
1077 4658 1131 4699 et
1185 4643 1440 4700 Simeone
1497 4645 1868 4716 Metaphrasta
1910 4643 2007 4716 die

401 4712 753 4784 praecedente
801 4715 1070 4768 memoria
1119 4717 1239 4784 ejus
1295 4712 1657 4777 celebratur;
1683 4715 1776 4770 sed
1829 4712 2006 4783 Ephe-

402 4783 562 4848 sinus
595 4783 771 4854 ipsius
804 4783 1158 4854 episcopatus
1189 4786 1257 4839 ab
1292 4787 1402 4840 illis
1432 4787 1658 4839 omnino
1700 4800 1809 4838 non
1834 4798 2007 4854 agno—

402 4854 598 4907 scitur.
649 4853 714 4906 Et
783 4872 912 4908 vero
977 4853 1028 4907 in
1086 4856 1446 4910 Clementinis
1498 4854 2002 4918 Con'stitutionibus,

397 4923 510 4994 lib.
535 4941 642 4994 vn,
679 4940 798 4994 cap.
844 4924 934 4984 48.
963 4926 1052 4979 ille
1101 4925 1438 4980 Philemonis
1473 4924 1769 4980 Onesimus
1801 4923 2006 4994 Det-(13:3

400 4993 456 5046 in
495 4993 818 5050 Macedonia
859 4997 930 5048 ab
970 4997 1233 5064 apostolis
1267 4997 1606 5050 constitutus
1649 4995 1820 5049 fuisse
1868 4993 2000 5048 diei-

403 5073 495 5118 tur
523 5066 853 5135 episcopus:
883 5076 937 5119 et
969 5066 1192 5128 Gaium,
1221 5067 1383 5135 cujus
1407 5065 1705 5134 Apostolus
1732 5065 2001 5129 meminit,

403 5081 495 5118 tur
523 5081 853 5187 epltscopus:
883 5081 937 5119 et
969 5081 1192 5128 uatum,
1221 5083 1383 5135 cnjus
1407 5081 1705 5134 APOSlOIUS
1732 5081 2001 5129 meminit,

403 5145 530 5204 post
616 5136 920 5190 itnotheum
976 5136 1342 5204 Ephesiorum
1391 5138 1561 5190 fuisse
1582 5137 1921 5203 episcopum,
1951 5135 2001 5204 in

404 5203 668 5277 Synopsi_
713 5222 814 5261 sua
867 5203 1183 5277 ADorotheus
1234 5207 1490 5261 allirmat.
1521 5276 1526 5277 γ
1563 5204 1634 5259 Ut
1687 5205 1825 5277 Caio
1877 5203 2004 5277 huic

399 5274 586 5398 ginem
629 5274 831 5346 Ephesi
855 5275 1030 5332 fuisse
1077 5277 1424 5346 episcopum.
1458 5276 1623 5330 etiam
1683 5276 1738 5328 in
1795 5275 2004 5328 inedito

450 5346 676 5398 innolvti
709 5345 787 5398 De
835 5363 944 5398 Lxx
973 5347 1251 5398 discipulis
1282 5347 1468 5398 libello
1495 5347 1749 5398 leaimusl
1785 5360 2003 5398 succes-

450 5345 682 5418 ippolyti
709 5345 787 5400 De
835 5363 944 5400 Lxx
973 5345 1251 5414 discipulis
1276 5345 1468 5418 libello
1495 5347 1749 5418 legimus)
1785 5360 2003 5418 succes-

399 5414 543 5471 sisse
564 5414 816 5471 videatur
848 5419 916 5471 ab
946 5418 1158 5486 lgnatio
1189 5427 1380 5471 nostro
1403 5414 1654 5471 lauda—tur
1675 5414 1998 5486 Onesimus;

399 5487 623 5540 seniore
673 5489 790 5552 illo,
817 5496 944 5541 ante
978 5485 1144 5542 ’hanc
1172 5488 1242 5542 ab
1270 5503 1336 5542 eo
1381 5487 1642 5555 scriptam
1682 5485 1998 5555 epistolam,

401 5557 506 5610 sub
531 5555 855 5629 Domitiano
887 5559 1153 5629 martyrio
1179 5558 1290 5628 jam
1310 5565 1619 5629 coronato;
1655 5564 1738 5629 ιιιΔ
1758 5555 1836 5629 ἱιιΔ
1856 5555 2003 5629 libro

402 5642 466 5753 Ill]!
522 5626 787 5682 Historia:
836 5644 968 5688 sum.
1017 5625 1140 5698 cap.
1181 5625 1265 5693 ’2,
1309 5627 1652 5698 Nicephorus
1695 5625 1993 5696 signiﬁcat.

455 5714 604 5752 assa.

455 5714 604 5752 εει-ιιι.

397 5832 400 5836 .
441 5767 588 5839 ,(15)
633 5767 718 5834 Τῷ
747 5768 839 5822 ἐπ’
882 5767 1084 5839 ἀγάπῃ
1117 5768 1434 5838 ἀδιηγήτῳ.
1484 5766 1749 5822 Similiter
1790 5775 1844 5839 et
1886 5765 2000 5819 An-

402 5838 656 5904 glicanus
691 5849 877 5894 noster
916 5858 929 5894 :
965 5840 1072 5905 Qui
1105 5842 1160 5893 in
1202 5843 1460 5893 charitate
1492 5838 1866 5892 inenarrabilis
1897 5846 1995 5889 est.

403 5905 507 5968 Ubi
539 5911 792 5982 vulgatus
813 5911 1084 5983 interpres
1111 5912 1272 5969 habet
1301 5911 1493 5966 dilecto
1519 5911 1771 5981 scriptore
1791 5917 1993 5977 nostro,

2182 4630 2291 4710 (14)
2360 4630 2813 4711 triduanum-art
2840 4630 3052 4711 'ajjrof)
3105 4630 3276 4711 εἶναι.
3314 4631 3688 4711 Anglicanus:

2108 4700 2210 4780 ipsi
2237 4700 2290 4762 in
2324 4700 2687 4780 similitudine
2719 4723 2847 4760 esse.
2899 4705 3014 4760 νει.
3063 4707 3292 4774 vulgat.,
3322 4705 3379 4756 in
3409 4700 3692 4754 concordia

2107 4777 2222 4851 ejus
2246 4783 2298 4833 in
2323 4783 2436 4851 ipso
2462 4795 2590 4831 esse.
2611 4777 2696 4851 in.

2181 4851 2292 4921 (15)
2330 4841 2568 4921 Βιᾋρου,
2600 4848 2812 4921 Βίρίςυ.
2849 4845 3039 4921 Melius
3065 4843 3273 4921 Βύῤῥου
3314 4853 3367 4896 et
3393 4843 3588 4912 Βύῤῥῳ
3615 4841 3694 4921 le-

2108 4914 2327 4990 geretur
2365 4914 2479 4973 :‘ob
2516 4933 2708 4990 verum
2747 4917 3039 4990 lgnatium,
3079 4916 3149 4968 ob
3189 4914 3514 4990 interpretes
3548 4914 3690 4964 anti-

2108 4981 2270 5060 quos,
2320 5001 2436 5044 tum
2497 4988 2734 5056 denique
2776 4981 2907 5060 quia
2957 4985 3162 5060 θυι-τιμε
3219 4993 3272 5037 et
3321 4981 3527 5060 Burrus
3569 4997 3692 5060 esse

2108 5052 2276 5116 tinum
2303 5075 2500 5114 nomen
2533 5052 2682 5127 patet
2707 5072 2769 5110 ex
2797 5052 3044 5127 Historia
3079 5057 3338 5127 Augusta.
3382 5053 3427 5104 A
3454 5052 3689 5106 transla—

2110 5143 2226 5184 tore
2245 5124 2558 5192 Onesimus,
2583 5129 2675 5197 qui
2703 5127 2994 5197 przecedit,
3010 5126 3062 5178 in
3081 5124 3480 5197 Onesiphorntn
3502 5132 3692 5197 trans-

2109 5204 2375 5255 lonnatus
2432 5211 2549 5263 est;
2596 5194 2724 5267 quia
2767 5196 3005 5266 (Opinor)
3062 5195 3222 5249 verba
3246 5194 3685 5267 anteadducta:

2065 5289 2068 5297 ⁵
2105 5283 2153 5327 et
2197 5285 2440 5325 catenam
2498 5262 2668 5322 meam
2707 5262 3090 5332 non-erubuit,
3133 5267 3200 5319 de
3237 5262 3579 5332 Onesiphoro
3622 5263 3691 5315 ah

2106 5343 2370 5412 Apostolo
2386 5340 2731 5412 scribuntur.
2758 5340 2900 5412 Cor.

2177 5412 2285 5482 (16)
2331 5410 2445 5478 Τῆς
2474 5409 2864 5482 Ἐκκέησίαςι
2897 5406 3184 5482 Anglican.
3226 5400 3636 5482 vestri._lessu.

2178 5412 2266 5482 (16
2331 5412 2445 5478 Τῆς
2474 5412 2859 5476 Ἐκκλησίας.
2897 5412 3184 5477 Anglican.
3226 5412 3404 5457 vestri.
3443 5412 3636 5457 Ussut.

2178 5412 2292 5552 (17K
2346 5479 2675 5549 'l‘xorarﬁ.
2705 5479 2999 5552 Anglican.
3041 5477 3381 5552 sudiectione.
3414 5472 3536 5552 νει.
3565 5473 3692 5552 _\'ul-

2106 5543 2215 5622 gat.
2250 5543 2742 5622 perfectioneivel,
2768 5543 2847 5622 ut
2891 5550 2944 5602 in
2988 5563 3091 5622 ms.
3121 5543 3534 5622 Magdalenensi
3563 5543 3694 5611 legi-

2109 5613 2216 5688 tur,
2247 5613 2614 5692 prcéceptione.
2652 5613 2823 5692 Paulo
2857 5627 3021 5692 post,_
3045 5617 3313 5692 in_eade_m
3349 5613 3690 5692 scientia,“

2107 5682 2283 5748 tribus
2326 5682 2461 5747 mss.
2505 5682 2924 5761 reposuimus':
2969 5688 3061 5761 ubi
3111 5686 3350 5761 Jacohus
3387 5682 3562 5761 Faber
3601 5691 3687 5761 (ex

2104 5764 2318 5818 meliori
2343 5755 2585 5817 fortasse
2605 5760 2930 5830 exemplari)
2959 5760 3014 5812 in
3046 5758 3229 5812 eadem
3267 5755 3545 5816 sententia,
3574 5755 3692 5807 edi-

2105 5836 2202 5890 dit.
2236 5834 2312 5888 In.

2178 5905 2288 5977 (18)
2327 5903 2681 5974 ᾗσι-’τρέχειν
2715 5901 2786 5971 τῇ
2824 5901 2926 5956 τοῦ
2961 5899 3294 5955 ἐπισκόπει·
3327 5893 3542 5967 fidum.
3579 5895 3686 5950 Λιισ
