4134 6384
519 415 629 470 ⁸155

516 733 687 787 scopo
709 758 725 782 ,
775 725 836 770 ut
889 713 1107 769 chordae
1153 712 1377 766 citharae
1411 729 1423 764 :
1454 710 1525 764 ita
1557 707 1796 776 colligati
1824 720 2094 759 consensu

514 820 566 866 et
601 807 857 864 concordi
881 805 1174 867 cbaritate,
1200 803 1358 869 cujus
1387 812 1469 856 est
1501 801 1609 854 dux
1641 809 1695 854 et
1725 807 1910 853 custos
1939 795 2097 850 Jesus

512 901 788 956 Christus.
838 897 904 951 Et
932 913 1062 950 vero
1104 895 1302 966 singuli
1351 910 1496 948 unus
1537 895 1740 946 chorus
1799 899 1990 951 estote,
2038 897 2098 941 ut

514 993 745 1048 consoni
780 1006 876 1060 per
903 989 1276 1051 concordiam,
1309 993 1529 1054 accepta
1555 982 1940 1052 conjunctione
1968 995 2092 1033 cum

514 1082 625 1138 Deo
669 1097 767 1152 per
813 1081 1100 1138 unitatem,
1128 1093 1296 1132 unum
1336 1077 1457 1131 silis
1483 1083 1772 1137 concentu,
1808 1071 1919 1124 Deo
1945 1069 2093 1124 Patri

512 1189 579 1229 ac
613 1173 812 1228 dilecto
847 1171 987 1224 Filio
1043 1171 1163 1239 ejus
1200 1168 1328 1223 Jesu
1358 1166 1581 1222 Christo
1614 1165 1848 1220 Domino
1877 1172 2088 1218 nostro.

512 1265 591 1319 Da
629 1264 776 1319 enim
828 1263 981 1332 ipsis,
1023 1262 1220 1330 inquit,
1253 1259 1416 1313 Pater
1442 1267 1643 1321 sancte,
1674 1266 1731 1308 ut
1761 1257 1895 1309 sicut
1926 1271 2018 1321 ego
2042 1262 2091 1305 et

514 1368 572 1410 tu
603 1372 766 1409 unum
804 1372 1006 1417 sumus,
1039 1364 1085 1406 et
1117 1353 1217 1421 ipsi
1257 1353 1310 1405 in
1347 1351 1493 1403 nobis
1530 1366 1692 1402 unum
1722 1348 1912 1400 sint”.
1951 1345 2092 1400 Utile

513 1451 699 1518 itaque
720 1448 875 1502 vobis
901 1457 982 1502 est
1009 1448 1061 1501 in
1087 1447 1356 1510 inculpata
1382 1445 1587 1497 unitate
1615 1441 1936 1509 conjunctos
1960 1439 2089 1503 Deo,

512 1541 821 1596 imitatores
844 1555 964 1594 esse
994 1537 1219 1604 Christi,
1251 1537 1411 1605 cujus
1435 1545 1490 1590 et
1518 1535 1764 1589 membra
1791 1534 1940 1587 estis.

585 1783 652 1836 V.
693 1782 750 1837 Si
779 1782 924 1837 enim
954 1795 1055 1851 ego
1089 1779 1240 1834 brevi
1272 1779 1533 1848 temporis
1559 1777 1739 1846 spatio
1767 1776 1927 1829 talem
1958 1791 2089 1830 con-

1359 406 1449 458 Αἰ)
1489 401 1874 458 El’lS'l'OLAS
1903 401 1960 453 S.
2003 395 2257 452 ICNATII
2281 391 2630 450 GENUINAS
2654 391 3012 446 APPENDIX.

521 536 624 604 ipsi
663 531 861 596 facitis,
893 529 1069 583 edocti
1097 543 1126 581 a
1153 527 1392 596 Spiritu;
1441 541 1564 578 nam
1602 520 1953 577 memorabile
1983 537 2096 590 prc-

2207 517 2350 585 ὑμᾶς
2371 532 2382 543 °
2417 515 2552 585 ὅπερ
2581 514 2674 566 καὶ
2708 517 2909 566 ποιεῖ’τε
2939 512 3111 575 αὐτοὶ,
3149 511 3494 580 σοφισθέντες
3541 510 3641 563 ὑπὸ
3690 511 3785 563 τοῦ

518 626 842 697 sbyteriutn,
897 621 1124 690 dignum
1179 619 1325 683 Deo,
1378 617 1450 671 ita
1495 625 1578 670 est.
1626 621 1941 682 coaptatum
1979 611 2096 680 epi-

3677 391 3786 441 7.76

2201 608 2537 678 Πνεύματος·
2577 604 2636 658 τὸ
2667 605 2775 677 γὰρ
2808 605 3193 674 ἀξιονόμαστον
3228 603 3616 674 πρεσϐυτέριον
3646 603 3781 669 (l9),

2198 701 2344 765 ἄξιον
2363 700 2421 752 ὂν
2459 698 2550 752 τοῦ
2571 698 2726 763 Θεοῦ,
2762 697 2932 760 οὕτως
2967 698 3335 768 συνήρμοσται
3369 695 3445 766 τῷ
3473 696 3781 766 ὲπισκόπῳ,

2199 793 2274 856 ὼς
2325 791 2514 864 χορδαὶ
2559 789 2760 860 κιθάρᾳ
2789 789 2898 860 (20)
2920 806 2933 819 ⁶
2975 789 3342 859 συνδεδεμένοι
3377 787 3520 840 οῦτω
3552 791 3615 858 τῇ
3649 786 3785 856 ὁμο-

2196 887 2315 957 νοίςι
2341 885 2434 938 καλ¹
2461 883 2733 954 συμφώνῳ
2749 883 2958 953 ἀγάπῃ,
2982 877 3050 954 ἦς
3077 883 3223 934 ἐστιν
3239 880 3478 952 ἀρχηγὸς
3497 879 3589 933 καὶ
3607 877 3786 948 φύλαξ

2209 977 2417 1048 Ἰησοῦς
2469 980 2497 1031 6
2530 974 2764 1047 Χριστός
2803 975 2935 1046 (il).
2981 974 3092 1026 Καὶ
3131 975 3178 1026 οἱ
3204 975 3322 1025 κατ’
3352 971 3517 1044 ἄνδρα
3543 971 3598 1023 δὲ
3621 969 3782 1044 χορὸς

2197 1069 2418 1139 γένεσθε
2445 1063 2544 1132 εἷς,
2567 1069 2654 1122 ἵνα
2686 1069 2966 1138 σύμφωνοι
2983 1067 3134 1130 ὄντες
3150 1069 3206 1120 ἐν
3221 1065 3463 1136 ὁμονοίᾳ,
3484 1065 3746 1132 συνάφεια
3760 1083 3783 1116 θ

2193 1161 2326 1214 Θεοῦ
2355 1161 2608 1223 λαϐόντες
2640 1163 2696 1213 έν
2736 1161 2965 1229 ένότητι,
2991 1159 3047 1212 ἓν
3061 1158 3287 1229 γένησθε
3311 1158 3354 1188 ¹⁸
3371 1159 3437 1228 τῇ
3470 1155 3783 1226 συμφωνίᾳ,

2191 1252 2268 1323 τῷ
2288 1252 2405 1322 Θεῷ
2424 1253 2599 1322 Πατρὶ
2629 1253 2722 1306 καὶ
2739 1252 2814 1321 τῷ
2836 1251 3176 1322 ἠγαπημένῳ
3213 1249 3326 1320 Υἱῷ
3381 1249 3544 1302 αὑτοῦ
3605 1247 3781 1318 Ἰησοῦ

2190 1343 2408 1417 Χριστῷ
2431 1343 2504 1412 τῷ
2527 1344 2714 1415 Κυρίῳ
2730 1343 2885 1413 ἡμῶν
2903 1361 2914 1372 ·
2934 1345 3030 1406 Δὸς
3058 1344 3163 1415 γὰρ
3192 1342 3396 1405 αὐτοῖς,
3417 1341 3568 1411 φησὶ,
3589 1339 3782 1407 Πάτερ

2191 1435 2339 1504 ἅγιε,
2389 1436 2488 1486 ira
2532 1434 2612 1498 ὼς
2655 1433 2769 1502 ἐγὼ
2820 1434 2914 1486 καὶ
2949 1433 3029 1486 σὺ
3057 1433 3126 1484 ἓν
3153 1433 3358 1501 ἐσμεν,
3392 1431 3486 1484 καί
3511 1433 3674 1484 αὐτοὶ
3711 1431 3784 1483 ἐν

2191 1528 2334 1597 ἡμῖν
2362 1527 2431 1580 ἓν
2462 1524 2570 1581 ὦσι
2596 1544 2608 1557 ο
2647 1529 2910 1598 χρήσιμον
2954 1521 3046 1580 οῦν
3079 1528 3222 1578 ἐστιν
3271 1526 3434 1595 ὑμᾶς,
3466 1526 3523 1576 ἐν
3564 1521 3783 1594 ἀμώμῳ

2189 1621 2400 1690 ὲνότητι
2438 1619 2812 1688 συνημμένους
2850 1615 2992 1686 Θεῷ,
3054 1614 3295 1686 μιμητὰς
3339 1612 3476 1668 εἶναι
3521 1612 3781 1686 Χριστοῦ»

2188 1704 2248 1764 οῦ
2288 1711 2380 1764 καὶ
2421 1712 2553 1782 μέλη
2585 1711 2876 1782 ὑπάρχετε.

2266 1802 2331 1858 ν.
2353 1804 2416 1855 Εἰ
2441 1803 2549 1874 γὰρ
2580 1801 2690 1870 ἐγὼ
2719 1803 2776 1854 ἐν
2805 1800 2985 1873 μικρῷ
3015 1800 3190 1872 χρόνῳ
3214 1801 3468 1872 τοιαύτην
3487 1801 3778 1872 συνήθειαν

511 1875 858 1933 suetudinem
894 1873 1144 1928 contraxi
1170 1887 1293 1926 eum
1321 1871 1579 1939 episcopo
1607 1877 1808 1932 vestro,
1833 1884 1954 1937 qua:
1981 1884 2086 1921 non

2193 1896 2349 1966 ἔσχον
2399 1866 2538 1965 πρὸς
2582 1866 2674 1947 τον
2721 1866 3239 1964 ἐπίσκοπονωὺμιῦν,
3290 1893 3390 1946 οὐκ
3426 1866 3780 1964 ἀνθρωπίνην

509 1967 782 2027 humana,
818 1964 910 2018 sed
954 1963 1258 2032 spiritualis
1283 1971 1400 2026 est;
1434 1970 1640 2030 quanto
1690 1975 1789 2012 vos
1820 1959 2090 2012 beatiores

503 2057 694 2128 judico
750 2057 843 2126 qtti
872 2055 1187 2125 dependetis
1215 2055 1284 2108 ab
1322 2055 1434 2117 illo,
1471 2053 1611 2106 sicut
1652 2050 1892 2105 Ecclesia
1922 2066 1951 2104 a
1984 2049 2092 2103 Do-

507 2150 660 2213 mino
711 2147 838 2203 Jesu
865 2187 880 2210 ,
913 2157 966 2201 et
997 2146 1260 2200 Dominus
1293 2160 1322 2198 a
1356 2144 1590 2198 Domino
1647 2152 1702 2196 et
1757 2142 1915 2196 Patre
1951 2158 2086 2206 suo,

507 2249 568 2294 ut
618 2240 804 2294 omnia
859 2255 953 2309 per
1007 2240 1270 2293 unitatem
1304 2236 1686 2292 consentiant?
1714 2234 1883 2289 Nemo
1911 2243 2086 2299 erret;

506 2333 613 2386 nisi
662 2333 788 2400 quis
847 2332 986 2384 intra
1036 2331 1206 2384 altare
1261 2330 1361 2392 sit,
1419 2331 1663 2398 privatur
1694 2342 1832 2396 pane
1864 2326 1980 2380 Dei.
2031 2325 2086 2379 Si

506 2425 652 2478 enim
699 2423 864 2476 unius
923 2431 1086 2490 atque
1139 2422 1364 2475 alterius
1409 2421 1647 2489 precatio
1687 2428 1890 2472 tantam
1927 2417 2090 2472 habet

503 2515 784 2578 virtutem,
817 2523 877 2567 ut
899 2513 1177 2567 Christum
1213 2515 1353 2566 inter
1388 2512 1510 2565 illos
1538 2519 1743 2565 statuat
1766 2510 1841 2576 ¹⁷;
1878 2517 2088 2579 quanto

505 2607 633 2678 plus
681 2605 924 2675 episcopi
967 2614 1021 2657 et
1051 2604 1222 2659 totius
1269 2603 1528 2658 Ecclesia
1579 2603 1760 2658 oratio
1810 2618 2086 2668 consona,

505 2699 811 2755 ascendens
858 2699 923 2752 ad
955 2697 1124 2752 Deum
1146 2739 1160 2762 ,
1184 2697 1437 2750 exorabit
1469 2706 1526 2749 ut
1557 2695 1741 2749 omnia
1781 2711 1903 2764 qua:
1951 2693 2089 2764 peti-

501 2788 684 2842 verint
715 2788 768 2841 in
804 2786 1022 2840 Christo
1045 2827 1058 2850 ,
1091 2785 1290 2839 dentur
1327 2784 1497 2853 ipsis?
1519 2784 1782 2853 Quisquis
1826 2785 1992 2853 igitur
2019 2785 2088 2836 ab

502 2879 818 2949 huiusmodi
847 2885 1067 2945 separat
1095 2891 1174 2942 se,
1205 2892 1304 2930 nec
1334 2876 1589 2930 convenit
1610 2877 1665 2930 in
1697 2885 1840 2930 coetu
1875 2876 2086 2930 sacrifi-

503 2973 740 3037 ciorum,
773 2980 826 3024 et
854 2969 1073 3023 ecclesia
1103 2968 1492 3037 primitivorum
1525 2969 1615 3038 qui
1662 2969 1945 3037 conscripti
1966 2977 2087 3021 sunt

506 3065 564 3118 in
609 3063 738 3116 caelo
774 3063 840 3130 ¹⁸,
867 3062 1030 3130 lupus
1074 3069 1189 3127 est,
1217 3060 1321 3116 sub
1361 3061 1520 3115 ovina
1564 3061 1702 3130 pelle
1744 3069 2084 3114 mansuetam

503 3152 864 3224 prmsel’erens
923 3152 1175 3221 ﬁguram.
1226 3150 1529 3215 Euitimini,
1560 3150 1904 3214 charissimi,
1955 3151 2087 3205 sub-

501 3247 633 3315 jocti
667 3261 790 3301 esse
823 3245 1082 3315 episcopo
1123 3253 1178 3299 et
1225 3245 1559 3315 presbyteris
1598 3253 1652 3298 et
1682 3244 1948 3299 diaconis.
1977 3244 2081 3310 Qui

505 3336 652 3389 eiiint
685 3335 771 3391 bis
803 3335 1082 3404 subjectus
1108 3347 1190 3388 est
1215 3333 1397 3388 obedit
1427 3333 1669 3397 Christo,
1700 3334 1793 3402 qui
1827 3334 1927 3387 hos
1955 3350 2086 3387 cou-

505 3427 689 3480 stituit
723 3447 736 3480 :
770 3426 863 3495 qui
890 3442 1016 3480 vero
1047 3425 1132 3479 his
1161 3441 1268 3478 non
1301 3424 1491 3487 credit,
1517 3440 1623 3478 non
1661 3425 1832 3479 credit
1867 3424 2086 3481 Christo
2115 3456 2125 3465 ς

503 3517 632 3573 Jcsu
662 3536 678 3574 :
710 3517 813 3584 Qui
861 3529 1032 3573 autent
1083 3519 1384 3574 incredulus
1433 3529 1510 3571 est
1553 3516 1717 3580 Filio,
1765 3534 1867 3570 non
1892 3518 2083 3572 videbit

503 3610 695 3672 vitam,
731 3610 820 3662 sed
865 3611 946 3662 ira
975 3611 1067 3663 Dei
1098 3620 1266 3663 manet
1307 3626 1461 3678 super
1498 3625 1615 3662 eum
1642 3611 1716 3662 ’²⁹.
1756 3607 2084 3664 Praefractus

505 3700 678 3762 enim,
703 3703 1082 3755 contentiosns
1111 3711 1163 3755 et
1198 3701 1470 3770 superbus
1499 3711 1582 3754 est
1609 3700 1701 3770 qui
1728 3715 1834 3754 non
1869 3700 2080 3754 obtem-

506 3803 663 3862 perat
713 3795 1110 3862 superioribus.
1148 3794 1396 3865 Superbis
1441 3795 1895 3865 autem,inquit,
1940 3796 2079 3850 Deus

512 3887 756 3950 resistit;
795 3887 1082 3940 humilibus
1134 3897 1308 3941 autem
1342 3887 1434 3940 dat
1473 3889 1703 3957 gratiam
1737 3890 1802 3939 ²¹.
1835 3889 1902 3942 Ει
1933 3908 1945 3942 :
1976 3888 2083 3943 Su-

503 3979 649 4046 perbi
707 3979 885 4048 inique
928 3979 1151 4048 agebant
1196 3997 1357 4050 usque
1403 3980 1556 4032 valde
1585 3981 1651 4034 ”.
1696 3979 1838 4035 Dicit
1866 3996 2087 4051 quoque

504 4069 768 4124 Dominus
801 4069 867 4123 ad
917 4072 1230 4126 sacerdotes
1268 4090 1280 4124 :
1314 4071 1417 4136 Qui
1459 4088 1546 4125 vos
1581 4071 1732 4125 audit
1767 4089 1846 4126 me
1888 4074 2078 4140 audit,

927 4232 968 4262 ’⁸
993 4231 1504 4295 Joan.xvu,ll,12.

809 4303 850 4332 ⁸³
880 4299 1038 4355 .luan.
1075 4317 1156 4366 ιιι,
1185 4301 1274 4354 56.

579 4230 621 4260 ¹³
645 4246 743 4283 ms.
769 4232 846 4282 ὲν.

504 4314 603 4363 sn,
637 4299 726 4352 25.
809 4303 850 4332 ⁸³
880 4299 1038 4355 Joan.
1075 4317 1156 4366 ιιι,
1185 4301 1274 4354 56.
1351 4304 1394 4333 ²⁰
1427 4319 1529 4356 ms.
1564 4303 1688 4373 γάρ.

504 4469 740 4592 ﬁbram:
774 4484 1080 4519 concurrere
1135 4471 1363 4536 episcopi
1406 4471 1694 4523 sententia’.
1721 4470 1836 4525 Yet.
1881 4475 2082 4545 vulgat.

538 4543 786 4590 ’astorum
813 4539 1206 4592 dispositionem
1235 4541 1397 4592 sequi.
1435 4539 1627 4592 Usst-zn.

538 4543 786 4590 ’astorum
813 4539 1206 4605 dispositionem
1235 4541 1397 4609 sequi.
1435 4539 1627 4593 Usst-zn.

579 4587 1784 4684 iis;paeanas;signa.1";Istrum
1812 4613 2081 4684 presbyte-
2123 4587 2163 4640 θ

507 4680 668 4732 rium.
702 4676 776 4732 Ιι).

570 4747 680 4818 (90)
754 4750 849 4814 Ὠς
919 4750 1125 4818 χορδαὶ
1183 4750 1410 4818 κιθάρᾳ.
1469 4751 1666 4804 Eadem
1727 4753 2082 4809 similitudine

505 4820 680 4873 tttilur
715 4823 876 4892 etiam
912 4821 964 4872 in
997 4820 1237 4892 Epistola
1260 4823 1328 4874 ad
1362 4821 1832 4890 Philadelphenos,
1863 4825 1929 4876 de
1966 4826 2080 4892 epi—

507 4890 962 4964 scopouipsorum
1005 4892 1167 4964 verba
1216 4891 1480 4964 faciens:
1537 4893 1912 4964 Συνήρμοσται
1961 4890 2080 4956 ταῖς

507 4959 744 5034 ἐντολαῖς
769 4961 973 5034 Ιξυρίου
1009 4962 1101 5014 καὶ
1135 4967 1245 5026 τοῖς
1277 4959 1760 5034 δικαιώμασιν,’ὦς
1795 4964 1982 5034 χορδαὶ
2015 4967 2078 5034 τῇ

506 5029 730 5112 κιθᾴρᾳ.
779 5029 900 5112 Sese
920 5035 1209 5112 composuit
1238 5034 1306 5112 ad
1339 5029 1540 5112 Christi
1570 5029 1826 5112 mandata
1850 5029 1895 5087 et
1925 5029 2081 5102 justi:

508 5102 803 5172 ﬁcationes,
839 5111 893 5172 ut
918 5104 1057 5172 nervi
1084 5105 1255 5172 aptati
1283 5114 1404 5156 sunt
1439 5105 1680 5156 citharw.
1716 5102 1791 5156 ln.

579 5171 690 5252 ςει)
730 5170 1154 5264 ξυννδεδεέιένρι
1197 5174 1349 5264 οὕτω
1393 5172 1466 5240 τῇ
1507 5175 1751 5264 ρμονσίῃ
1788 5173 2080 5264 ’κξιὶνσημ-

506 5239 679 5314 ginta)
706 5239 933 5314 afﬁxa,
961 5239 1056 5314 f7);-
1097 5245 1268 5297 ἐστιν
1299 5239 1560 5314 ἀρχηγὸς
1594 5242 1691 5314 καὶ
1723 5243 1924 5311 φύλαξ
1972 5239 2083 5310 ’Ῐη-

506 5311 657 5376 σοῦς
683 5313 715 5362 ὁ
748 5311 1016 5380 Χριστός-ξ
1040 5314 1323 5381 Anglican.
1345 5332 1357 5366 :
1378 5311 1617 5381 Propter
1637 5313 1732 5366 hoc
1750 5315 1804 5366 in
1827 5330 2080 5367 consensu

505 5391 674 5433 uestro
712 5389 761 5434 et
806 5398 1034 5437 consona
1073 5385 1336 5437 charitate
1375 5382 1532 5436 Jesus
1573 5382 1816 5436 Christus
1849 5385 2078 5437 canitur.

506 5452 729 5522 Graacus
773 5459 953 5506 textus
989 5455 1208 5508 uberior
1234 5462 1348 5517 est;
1400 5454 1496 5508 sed
1536 5453 1852 5522 imperfecta
1898 5464 2078 5508 tamen

508 5521 565 5575 in
592 5537 656 5573 vo
683 5523 878 5590 pendet
906 5525 1195 5578 sententia.
1222 5523 1297 5577 lo.

580 5591 699 5666 (22).
750 5595 1490 5666 Hgoc’evxileiugtoroc,
1554 5601 1694 5658 cte.,
1746 5594 2083 5662 ἐπιδεικνὺς

501 5658 769 5734 Iurgia
799 5658 904 5713 Pro
941 5658 1173 5731 istis','in
1212 5658 1523 5734 'A'nglicano
1566 5673 1753 5734 nostro
1801 5667 2029 5734 legimus
2061 5658 2076 5720 Ξ

513 5749 530 5778 ι
572 5731 674 5804 Qui
706 5733 868 5801 igitur
899 5749 1005 5804 non
1028 5735 1174 5788 venit
1197 5734 1249 5787 in
1278 5731 1418 5804 idem
1452 5734 1550 5795 sic,
1579 5732 1690 5800 jam
1737 5731 1999 5804 superbit,
2031 5747 2084 5791 et

509 5802 746 5868 tsi-ipsum
775 5803 1172 5857 condemnavit.
1214 5823 1231 5853 ι
1267 5803 1421 5868 Quod
1453 5813 1631 5856 autem
1671 5802 1821 5858 inter
1859 5808 2081 5861 miniata

508 5865 603 5925 tua
635 5873 848 5942 legitur,
899 5876 955 5927 εν
997 5874 1155 5946 βουλῇ
1191 5865 1410 5939 θυσιῶν,
1459 5883 1510 5929 ct
1555 5890 1583 5927 ει
1632 5876 1839 5946 ΥὶΙιὶἱΓ(
1889 5875 2080 5933 Latin.)

1585 4234 1626 4311 ¹¹ξ
1650 4250 1750 4287 ms.
1774 4234 2321 4311 ἀνακεκραμμένους.

1769 4305 1810 4336 ³⁸
1850 4305 2006 4360 Prov)
2036 4305 2118 4375 ιιι,
2156 4305 2332 4379 54ςἸ
2358 4315 2500 4372 Petr.
2535 4335 2586 4384 γ,
2627 4318 2679 4372 5.

2191 1985 2374 2050 οὖσαν,
2406 1986 2542 2041 ἀλλὰ
2565 1985 2960 2056 πνευματικὴν,
3003 1987 3156 2057 πόσῳ
3187 1986 3384 2057 μᾶλλον
3414 1986 3558 2056 ὑμᾶς
3601 2002 3782 2055 μακα-

2193 2077 2327 2150 ρίζω
2346 2079 2473 2141 τοὺς
2499 2079 2544 2108 ¹⁸
2570 2077 3056 2147 ἀνακρεμαμένους
3083 2075 3250 2146 αὐτῷ,
3290 2076 3364 2139 ὡς
3399 2079 3431 2146 ἡ
3482 2076 3781 2146 Ἐκκλησία

2189 2170 2266 2240 τῷ
2305 2170 2495 2241 Κυρίῳ
2537 2168 2734 2240 Ἰησοῦ,
2764 2169 2858 2222 καὶ
2892 2171 2919 2221 ὁ
2943 2167 3149 2240 Κύριος
3170 2168 3248 2238 τῷ
3269 2170 3312 2199 ³⁸
3335 2167 3455 2239 Θεῴ
3484 2170 3575 2220 καὶ
3598 2169 3781 2239 “arpi.

2190 2261 2376 2321 αὑτοῦ,
2433 2262 2520 2314 ἵνα
2570 2262 2745 2314 πάντα
2780 2261 2838 2313 ὲν
2884 2261 3095 2330 ὲνότητι
3155 2260 3419 2331 σύμφωνα
3461 2257 3529 2333 ﬁ;
3573 2260 3782 2331 Μηδεὶς

2189 2351 2501 2405 πλανάσθω*
2551 2351 2646 2404 ὲάν
2697 2352 2770 2421 μή
2810 2369 2892 2412 τις
2939 2350 3088 2402 ἐντὸς
3227 2349 3321 2404 τοῦ
3367 2351 3776 2420 θυσιαστηρίου,

2190 2444 2492 2513 ὐστερεῖται
2527 2443 2620 2495 τοῦ
2665 2442 2828 2514 ἄρτου
2867 2442 2960 2495 τοῦ
2997 2441 3152 2495 Θεοῦο
3180 2444 3228 2494 εἰ
3261 2444 3369 2513 γὰρ
3396 2443 3513 2506 ἐνὸς
3545 2445 3638 2496 καὶ
3658 2443 3784 2496 δευ-

2187 2535 2346 2605 τέρου
2382 2535 2656 2604 προσευχὴ
2686 2533 2952 2603 τοσαύτην
2996 2535 3144 2604 ἰσχὺν
3169 2534 3300 2604 ἔχει,
3343 2534 3484 2587 ὥστε
3524 2533 3613 2586 τὸν
3646 2537 3783 2606 Χρι-

2191 2627 2312 2678 στὸν
2363 2628 2421 2678 ὲν
2467 2627 2648 2688 αὐτοῖς
2687 2626 2925 2686 ἑστάναι,
2966 2627 3117 2694 πόσῳ
3157 2626 3352 2694 μᾶλλον
3383 2628 3415 2697 ἦ
3442 2644 3499 2679 τε
3527 2626 3618 2680 τοῦ
3656 2629 3783 2680 ἐπι-

2190 2716 2393 2768 σκόπου
2438 2717 2532 2768 καὶ
2580 2716 2758 2785 πάσης
2796 2717 2892 2786 τῆς
2955 2716 3278 2785 Ἐκκλησίας
3311 2719 3605 2788 προσευχὴ,
3641 2717 3782 2786 σύμ-

2189 2825 2365 2876 φωνος
2400 2807 2509 2877 (2‘2)
2539 2807 2762 2860 ἀνιοῦσα
2796 2807 2933 2878 πρὸς
2961 2806 3114 2869 Θεὸν,
3151 2808 3328 2859 πείσει
3367 2807 3781 2876 παρασχεθῆηαι

2187 2901 2368 2962 αὐτοῖς
2402 2899 2580 2952 πάντα
2621 2898 2688 2952 τὰ
2731 2901 2789 2951 ἐν
2838 2897 3058 2969 Χριστῷ
3097 2899 3407 2968 αἰτήματα;
3455 2899 3483 2950 6
3533 2895 3624 2950 οὖν
3668 2898 3794 2950 τῶν-

2185 2991 2441 3044 τοιούτων
2505 2990 2871 3062 χωριζόμενος
2897 3031 2911 3054 ,
2963 2991 3059 3044 κα)⁷
3125 2991 3198 3061 μὴ
3271 2992 3659 3062 συνερχόμενος
3719 2993 3782 3044 ἐν

2189 3084 2349 3154 βουλῇ
2375 3083 2574 3136 θυσιῶν
2617 3084 2728 3156 (⁸25)
2775 3085 2866 3136 καὶ
2914 3084 3206 3150 ἐκκλησίᾳ
3228 3086 3612 3150 πρωτοτόκων
3631 3085 3781 3136 ἀπο-

2188 3172 2604 3242 γεποαμμένων
2635 3174 2704 3226 ἐν
2737 3173 2991 3242 eiusat-(Ii,
3027 3172 3187 3236 λύκος
3223 3175 3368 3229 ἐστὶν
3410 3177 3467 3227 ὲν
3502 3174 3790 3246 προϐάτου-

2185 3263 2334 3335 δορᾷ,
2360 3266 2564 3335 ἥμερον
2607 3265 2910 3327 ἐπιδεικνὺς
2947 3267 3178 3338 μορφήν·
3235 3265 3591 3326 σπουδάσατε,
3648 3267 3790 3332 ἁγα-.

2188 3358 2369 3428 πητοὶ,
2400 3359 2739 3429 ὑποταγῆναι
2773 3358 2851 3429 τῷ
2885 3359 3168 3430 ὲπισκὸπῳ
3203 3358 3313 3430 (24)
3347 3357 3440 3411 καὶ
3467 3360 3577 3421 τοῖς
3602 3375 3777 3429 πρεσ-

2188 3444 2438 3517 ϐυτέροις
2461 3447 2555 3498 καὶ
2586 3449 2699 3509 τοῖς
2725 3447 3014 3510 διακόνοιςο
3043 3448 3071 3499 6
3095 3448 3201 3519 γὰρ
3235 3445 3444 3509 τούτοις
3481 3446 3783 3499 ὑποτασσό-

2191 3554 2370 3607 μενος,
2391 3537 2654 3591 ὑπακούει
2673 3538 2892 3610 Χριστῷ
2916 3538 2993 3608 τῷ
3023 3538 3493 3610 προχειρισαμένη)
3514 3539 3728 3602 αὐτούς’
3750 3543 3792 3592 6.

2186 3628 2242 3681 δὲ
2267 3627 2510 3681 ἀπειθῶν
2559 3630 2762 3692 αὐτοῖς,
2814 3630 3029 3683 ἀπειθεῖ
3071 3631 3290 3701 Χριστῷ
3351 3631 3547 3700 Ἰησοῦ.
3610 3634 3671 3684 '0
3707 3633 3782 3686 δὲ

2177 3720 2438 3775 ἀπειθῶν
2492 3721 2570 3787 τῷ
2615 3723 2743 3788 Υἰῷ,
2797 3725 2906 3776 οὐκ
2947 3723 3155 3791 ἕψεται
3203 3723 3316 3790 τὴν
3351 3723 3522 3791 ζωὴν,
3560 3726 3698 3778 ἀλλ’
3743 3727 3780 3792 ἡ

2180 3811 2326 3880 ὀργὴ
2364 3812 2470 3866 τοῦ
2507 3813 2653 3869 Θεοῦ
2670 3814 2837 3883 μένει
2868 3815 2958 3866 ἐπ’
2989 3817 3198 3868 αὐτόν.
3224 3815 3470 3886 Αὑθϋης
3515 3818 3624 3888 γάρ
3656 3821 3776 3871 έστι

2182 3903 2277 3954 καὶ
2303 3901 2540 3974 δύσερις,
2577 3904 2942 3976 ὑπερήφανος,
2967 3908 2994 3958 6
3023 3907 3096 3976 μὴ
3120 3905 3434 3977 πειθαρχῶν
3461 3911 3574 3971 τοῖς
3599 3909 3780 3980 κρείτ-

2184 4009 2351 4045 τοσιν.
2395 3993 2826 4063 ’Υπερηφάνοις
2847 3997 2903 4050 δὲ
2934 3998 3000 4058 ¹⁰,
3029 3999 3211 4066 φησιν,
3250 4001 3282 4051 ό
3308 3998 3451 4063 Θεὸς
3490 3998 3777 4053 ἀντιτάσ-

2187 4098 2376 4147 σεται,
2401 4086 2700 4151 ταπεινοῖς
2733 4086 2800 4138 δὲ
2821 4085 3024 4142 δίδωσι
3049 4087 3244 4157 χάριν.
3272 4089 3400 4141 Καί·
3444 4090 3786 4157 Ὑπερήραη

2899 4250 2940 4280 ¹¹¹
2966 4249 3158 4304 Matth.
3181 4267 3338 4311 xvur,
3367 4251 3455 4304 20.

2783 4321 2830 4350 "
2859 4317 2950 4373 Ps.
2982 4337 3150 4375 cxvut
3171 4363 3185 4386 ,
3216 4323 3304 4376 51.

2403 4247 2446 4278 ¹⁶
2471 4263 2572 4300 ms.
2607 4248 2819 4318 Κυρίῳ.
2867 4317 2872 4318 ί
2899 4250 2940 4280 ¹¹¹
2966 4249 3158 4304 Matth.
3181 4267 3338 4311 XVIII,
3367 4251 3455 4304 20.
3536 4252 3578 4283 ’⁸
3602 4249 3770 4306 Hebr.

2198 4481 2491 4551 interprete
2531 4484 2776 4538 redditur
2806 4486 2861 4538 in
2902 4486 3352 4555 congregationem
3398 4486 3501 4555 (vel
3548 4501 3774 4554 Congre-

2195 4556 2425 4624 gﬁatione,
2457 4555 2650 4607 utlibri
2681 4555 2806 4624 editi
2840 4557 3058 4620 habent)
3098 4557 3521 4624 sacriﬁciorum;
3563 4571 3774 4618 suppa--

2193 4623 2355 4675 situm
2387 4625 2666 4676 existimat
2706 4623 2963 4680 Nicolaus
2995 4623 3250 4681 Vedelius
3277 4641 3398 4694 pro,
3438 4629 3494 4679 ὲν
3520 4624 3690 4746 Ιβουλῇ
3721 4624 3777 4676 θ’

2193 4692 2364 4746 5σίων.
2392 4694 2444 4746 in
2473 4693 2695 4746 consilio
2725 4706 3050 4746 sanctorum.
3101 4695 3339 4746 Joannes
3364 4711 3493 4746 vero
3543 4694 3774 4746 lalesius

2182 4692 2364 4754 ὁσίων,
2392 4694 2444 4746 in
2473 4693 2695 4747 consilio
2725 4706 3050 4749 sanctorum.
3101 4692 3339 4750 Joannes
3364 4711 3493 4747 vero
3520 4692 3774 4749 llalesins

2182 4777 2304 4830 pro,
2337 4766 2394 4815 ὲν
2429 4764 2580 4817 πόλει
2610 4764 2746 4816 Θεοῦ
2779 4763 2998 4829 ζῶντος,
3040 4768 3094 4820 in
3139 4767 3352 4819 civitate
3387 4765 3480 4819 Dei
3528 4767 3771 4822 viventis.

2183 4831 2567 4904 Contr-actione
2596 4833 2660 4886 θῦ
2708 4833 2865 4899 eam.
2905 4836 3046 4891 haud
3084 4837 3218 4891 satis
3247 4837 3315 4890 ab
3347 4836 3440 4889 illo
3490 4847 3772 4904 percepta,

2183 4903 2275 4974 qui
2331 4919 2440 4958 non
2504 4905 2920 4969 animadvertit,
2976 4923 3041 4961 ex
3089 4907 3279 4961 eodem
3341 4903 3586 4974 Apostoli
3638 4907 3767 4960 loco

2185 4971 2372 5046 (Hebr.
2428 4978 2526 5042 xu)
2555 4977 2716 5028 verba
2757 4977 2860 5030 ista
2919 4975 3086 5031 fuisse
3137 4971 3459 5046 desumpta,
3523 4975 3666 5028 unde
3716 4986 3776 5030 vt

2182 5044 2431 5117 proxime
2494 5045 2879 5112 subsequentia
2924 5063 2942 5100 :
3006 5048 3114 5101 Kal.
3169 5044 3436 5117 ἐκκλησίᾳ
3494 5046 3776 5117 πρωτοτό-

2132 5157 2136 5163 .
2184 5131 2305 5189 κων
2320 5116 2830 5189 ἀποχεγραμμένων
2859 5119 2915 5169 ὲν
2941 5117 3178 5189 οὐρανῷ.
3218 5117 3292 5170 In.

2257 5184 2372 5254 (‘23)
2425 5184 2751 5254 Ἐνξϐοῠλῇ
2785 5184 3029 5241 θυσιῶν.
3078 5184 3142 5241 Ιιι⁷
3178 5198 3322 5243 etetu
3367 5187 3769 5242 sacrificiorum

2185 5264 2240 5310 et
2277 5271 2519 5322 precum.
2554 5255 2960 5325 lnSynaxibus.
2987 5257 3124 5312 Cor.

2255 5325 2835 5398 (ﬂla‘lxozﬁdcare,
2888 5329 3200 5398 dtaxnrol,
3254 5328 3625 5398 ὑποταγῆναι
3685 5329 3772 5396 τῷ

2183 5396 2510 5468 ἐπισκόπῳ.
2554 5398 2837 5466 Anglican.
2875 5415 2888 5451 :
2929 5396 3255 5468 Festinemus
3298 5396 3466 5468 igitur
3499 5417 3600 5451 non
3630 5400 3772 5452 resin

2183 5480 2320 5539 stere
2348 5467 2624 5537 episcopo;
2677 5477 2735 5521 ut
2768 5469 2933 5522 simus
2974 5467 3081 5522 Deo
3115 5467 3376 5537 subjecti:
3419 5480 3466 5524 et
3505 5481 3772 5539 quantum

2183 5537 2319 5591 ridet
2359 5540 2476 5608 quis
2515 5547 2770 5608 tacentem
2814 5540 3136 5608 episcopum,
3178 5541 3295 5608 plus
3335 5537 3524 5608 ipsum'
3553 5539 3764 5594 timeat.

2184 5604 2455 5663 Antonius
2566 5604 2851 5678 Melissaf
2901 5604 3000 5662 lib;
3050 5604 3275 5678 Inc-ap.
3316 5604 3368 5676 5,
3409 5614 3598 5663 eodem
3652 5609 3781 5665 fere-

2186 5679 2349 5732 modo
2386 5678 2565 5732 locum
2612 5681 2758 5732 hunc
2813 5676 2999 5747 Ignatii
3057 5676 3336 5748 producit;
3389 5680 3611 5733 omissis
3655 5680 3771 5735 illis

2185 5749 2606 5872 omnibusijquae
2630 5748 2682 5801 in
2711 5749 2942 5819 vulgatis
2972 5751 3301 5806 editionihus
3330 5751 3610 5821 interiecta
3643 5765 3766 5806 cer-

2185 5835 2387 5872 nunus.
2497 5834 2640 5872 sses.

2185 5835 2387 5874 llllllUS.
2449 5834 2640 5873 USSEB.
