4134 6468
450 398 555 454 757

1377 395 1738 450 EPISTOLIE
1767 395 2292 450 lNTERPOLAT‘AS.
2333 427 2396 436 —
2423 397 2512 449 AD
2542 395 2892 451 EPIIESIOS.

3629 389 3734 446 738

454 534 547 572 rat
581 515 969 585 παρηνόμουν
991 515 1100 582 ἕως
1121 515 1376 584 σφόδρα.
1401 518 1563 585 Λέγει
1585 517 1640 570 δὲ
1664 519 1755 570 καὶ
1787 521 1814 570 ὁ
1844 518 2038 588 Κύριος

2149 529 2197 570 et
2235 519 2324 587 qui
2365 535 2444 570 me
2486 519 2658 582 audit,
2685 519 2832 571 audit
2879 518 3122 579 Patrem,
3161 518 3252 586 qui
3289 516 3442 569 misit
3484 532 3582 568 me.
3628 516 3733 578 Qesi

454 607 592 680 πρὸς
641 609 769 670 τοὺς
814 610 999 678 ἱερεῖς’
1050 609 1111 661 '0
1143 607 1310 678 ὑμῶν
1342 609 1596 671 ἁκούων,
1631 609 1780 677 ἐμοῦ
1821 611 2041 662 ἀκούει·

451 698 550 750 καὶ
597 699 628 749 ὀ
682 697 827 765 ἐμοῦ
875 698 1130 761 ἀκούων,
1177 698 1382 750 ἀκούει
1436 697 1543 750 τοῦ
1593 697 1943 766 πέμψαντός
1971 715 2047 766 με

451 786 700 852 Πατρός·
739 789 772 838 0'
794 785 947 854 ὑμᾶς
967 786 1214 850 ἀθετῶν,
1237 785 1340 854 ἐμὲ
1371 786 1584 840 (Marsi-
1624 791 1655 840 ό
1675 787 1742 838 δὲ
1774 787 1879 855 ἐμὲ
1910 789 2044 840 ἀθε-

453 875 590 938 τῶν,
631 876 828 931 ἀθετεῖ
853 877 958 930 τὸν
978 877 1298 946 πέμψαντά
1324 896 1418 946 με.

526 966 593 1019 Vl
651 969 799 1037 ’Ὀσῳ
851 964 942 1021 οὖν
976 968 1198 1038 βλέπετε
1246 970 1536 1022 σιωπῶντα
1589 971 1679 1024 τὸν
1725 974 2038 1039 ἐπίσκοπον,

453 1056 636 1109 πλεῖον
653 1057 812 1109 αὑτὸν
831 1057 1098 1126 φοϐεῖσθεο
1127 1059 1302 1110 πάντα
1320 1058 1426 1129 γὰρ
1457 1059 1513 1112 ὃν
1543 1060 1749 1129 πέμπει
1765 1063 1792 1112 6
1817 1063 2044 1114 οἰκοδεσ-

453 1149 624 1219 πότης
665 1150 746 1212 εἰς
786 1149 918 1201 ἰδίαν
953 1151 1261 1220 οἰκονομίαν
1282 1191 1296 1214 ,
1327 1151 1498 1214 οὕτως
1533 1151 1694 1203 αὑτὸν
1722 1151 1801 1204 δεῖ
1823 1154 1967 1222 ἡμᾶς
2000 1152 2044 1182 ’⁵

450 1241 722 1310 δέχεσθαι,
756 1242 832 1304 ὼς
861 1243 1021 1295 αὑτὸν
1051 1243 1144 1294 τὸν
1170 1242 1480 1312 πέμψαντα·
1501 1243 1592 1294 τὸν
1609 1241 1699 1296 οῦν
1719 1245 2039 1309 ἐπίσκοπον,

451 1333 606 1404 δῆλον
629 1334 808 1397 ὅτιιῦς
840 1335 1002 1388 αὐτὸν
1046 1335 1137 1387 τὸν
1163 1335 1364 1406 Κύριον
1404 1335 1485 1387 δεῖ
1533 1336 1915 1406 προσϐλέπειν,
1965 1337 2042 1408 τῷ

455 1425 646 1496 Κυρίῳ
685 1425 1181 1497 παρεστῶτα
1243 1426 1547 1493 Ὀρατικὸν
1595 1426 1651 1478 δὲ
1702 1427 1892 1496 ἄνδρα
1941 1430 2038 1482 καὶ

455 1517 604 1580 ὀξὺν
636 1518 760 1583 τοῖς
791 1517 1006 1585 ἔργοις,
1037 1516 1372 1580 βασιλεῦσι
1405 1515 1500 1568 δεῖ
1527 1516 1914 1584 παρεστάναι,
1942 1519 2038 1572 καὶ

446 1609 532 1678 μὴ
568 1608 936 1676 παρεστάναι
968 1607 1300 1676 ἀνθρώποις
1332 1607 1598 1675 νωθροῖς.
1647 1607 1818 1663 Αὐτὸς
1858 1609 2038 1679 μέντοι

465 1699 753 1770 Ὀνήσιμος
785 1701 1139 1770 ὑπερεπαινεῖ
1167 1697 1320 1768 ὑμῶν
1353 1698 1452 1768 τὴν
1495 1701 1551 1750 ἐν
1595 1697 1714 1768 Θεῷ
1763 1699 2035 1765 εὐταξίαν,

453 1789 535 1842 ὃτι
563 1790 764 1852 πάντες
792 1790 933 1842 κατὰ
961 1788 1215 1859 ἀλήθειαν
1239 1787 1388 1858 ζῆτε,
1423 1788 1517 1840 καὶ
1543 1789 1625 1840 ὅτι
1653 1791 1710 1840 ὲν
1734 1790 1860 1859 ὑμῖν
1889 1790 2038 1842 οὐδε-

2159 627 2245 662 vos
2282 613 2497 677 spernit,
2538 628 2613 663 me
2649 612 2844 678 spernit
2877 627 2893 662 .'
2929 612 3018 680 qui
3048 619 3221 663 autem
3244 627 3324 663 me
3349 611 3730 678 speruit,sper-

2156 704 2231 754 uit
2268 720 2385 756 eum
2419 705 2509 770 qui
2539 705 2681 756 misit
2711 721 2790 756 me
2813 705 2876 756 ²³.

2216 967 2300 1020 Vl.
2332 967 2546 1033 Quanto
2573 967 2754 1036 itaque
2786 966 3192 1020 taciturniorem
3225 964 3464 1019 videritis
3515 966 3729 1034 episco-

2146 1075 2296 1129 pum,
2332 1070 2484 1124 tanto
2538 1059 2709 1126 Inagis
2756 1074 2879 1111 eum
2926 1057 3302 1110 revereamini.
3336 1057 3727 1127 Quemcunque

2144 1151 2289 1204 enim
2343 1149 2732 1221 paterfamilias
2783 1150 2948 1204 mittit
2991 1151 3056 1204 ad
3090 1151 3498 1219 gubernandam
3563 1150 3724 1204 fami-

2145 1244 2273 1296 liam
2309 1261 2500 1311 suam,
2541 1245 2686 1298 hunc
2725 1244 2800 1296 ita
2844 1243 3090 1311 accipere
3144 1243 3438 1307 debemus,
3481 1252 3537 1296 ut
3569 1244 3722 1296 illum

2145 1337 2323 1404 ipsum
2362 1336 2453 1403 qui
2493 1336 2661 1392 misit.
2695 1334 3024 1405 Episcopum
3063 1336 3230 1399 igitur
3263 1336 3610 1391 manifestum
3639 1345 3724 1392 est

2142 1429 2286 1495 quod
2332 1428 2575 1496 aspicere
2623 1437 2873 1496 oporteat
2919 1435 2976 1480 ut
3021 1427 3198 1494 ipsum
3256 1427 3568 1490 Dominum,
3596 1444 3720 1482 cum

2142 1517 2373 1571 Domino
2405 1519 2623 1572 assistat
2658 1537 2671 1572 :
2709 1519 3066 1575 Pervideutem
3096 1529 3275 1572 autem
3315 1520 3485 1573 virum
3522 1531 3570 1573 et
3601 1535 3725 1588 ope-

2141 1610 2284 1661 ribus
2331 1622 2546 1664 acutum
2597 1620 2796 1678 oportet
2835 1612 3038 1680 regibus
3086 1612 3438 1674 assistere,et
3483 1628 3583 1665 non
3633 1631 3725 1665 as-

2138 1701 2322 1754 sistere
2352 1702 2650 1757 liomiuibus
2679 1703 3076 1761 socordibus‘“.
3113 1703 3177 1756 Et
3197 1705 3309 1772 ipse
3335 1704 3554 1774 quidem
3586 1702 3725 1758 Οιιοο

2140 1792 2314 1848 simus
2331 1810 2493 1863 supra
2522 1796 2742 1848 modum
2763 1795 2948 1849 laudat
2969 1804 3208 1849 vestrum
3236 1796 3287 1848 in
3304 1795 3414 1850 Deo
3432 1797 3719 1866 pulchrum

455 1883 551 1952 μία
581 1882 792 1951 αἵρεσις
821 1883 1082 1934 κατοικεῖ·
1114 1879 1228 1932 ἀλλ’
1262 1879 1381 1931 οὐδὲ
1411 1879 1638 1932 ἀκούετέ
1673 1898 1834 1944 τινος,
1872 1882 1904 1951 ἢ
1948 1882 2037 1951 μό-

2141 1885 2404 1950 ordinem,
2424 1887 2566 1955 quod
2585 1902 2777 1941 omnes
2809 1887 3113 1941 secundum
3141 1888 3421 1941 veritatem
3448 1887 3650 1952 vivitis,
3669 1896 3724 1941 et

451 1989 541 2026 νου
591 1971 766 2043 Ἰησοῦ
792 1970 1052 2043 Χριστοῦ,
1077 1970 1169 2024 τοῦ
1197 1969 1452 2040 ἀληθινοῦ
1490 1972 1746 2042 ποιμένος
1775 1973 1868 2024 καὶ
1895 1972 2039 2025 διδα-

453 2064 651 2119 σκάλου
675 2064 808 2135 (26)·
849 2063 942 2116 καί
971 2066 1116 2128 ἐστε,
1162 2063 1238 2126 ὼς
1270 2063 1480 2126 Παῦλος
1517 2065 1645 2134 ὑμῖν
1688 2064 1944 2136 ἔγραφεν,
1970 2065 2040 2118 ἐν

449 2156 640 2226 σῶμα,
676 2156 773 2208 καὶ
807 2154 877 2209 ἓν
909 2157 1165 2224 πνεῦμα,
1209 2154 1299 2208 διὰ
1339 2156 1400 2208 τὸ
1436 2157 1530 2209 καὶ
1579 2156 1650 2209 ἐν
1680 2156 1789 2226 μιᾷ
1838 2158 2036 2211 ἑλπίδι

449 2245 779 2313 κεκλῆσθαι
805 2242 914 2312 τῆς
943 2244 1221 2308 πίστεως.
1271 2243 1532 2314 Ἐπείπερ
1561 2244 1655 2296 καὶ
1685 2239 1770 2308 εἷς
1802 2245 2035 2312 Κύριος,

445 2338 552 2406 μία
583 2336 807 2400 πίστις,
859 2334 930 2386 ἐν
962 2332 1302 2403 βάπτισμα,
1347 2330 1437 2400 εἷς
1490 2334 1634 2400 Θεὸς
1681 2335 1776 2388 καὶ
1830 2335 2037 2403 Πατὴρ

447 2427 707 2490 πάντων,
744 2431 776 2480 ό
815 2427 913 2480 ἐπὶ
948 2426 1210 2491 πάντων,
1257 2427 1353 2480 καὶ
1396 2425 1493 2479 διὰ
1532 2425 1794 2491 πάντων,
1826 2427 1922 2480 καὶ
1968 2427 2039 2480 ἐν

448 2517 654 2573 πᾶσιν.
703 2518 892 2589 Ὑμεῖς
939 2517 1037 2588 μὲν
1076 2513 1169 2570 οὖν
1213 2520 1337 2571 ἐστε
1379 2517 1629 2579 τοιοῦτοι,
1674 2517 1777 2570 ὑπὸ
1817 2516 2036 2570 τοιῶνδε

446 2609 748 2664 παιδευτῶν
789 2609 1245 2680 στοιχειωθέντες,
1284 2609 1495 2662 Παύλου
1530 2609 1624 2662 τοῦ
1657 2608 2034 2680 Χριστοφόρου

403 2703 407 2706 ’
447 2703 540 2756 καὶ
557 2700 822 2773 Τιμοθέου
855 2700 949 2754 τοῦ
976 2702 1320 2755 πιστοτάτου.

523 2901 633 2956 VII.
671 2904 828 2965 Τινὲς
859 2902 915 2955 δὲ
953 2901 1274 2972 φαυλότατοι
1310 2902 1532 2957 εἰώθασι
1565 2904 1700 2974 δόλῳ
1724 2905 1946 2977 πονηρῷ
1976 2906 2036 2958 τὸ

443 2992 614 3063 δνομα
632 2994 967 3065 περιφέρειν,
987 2993 1122 3046 ἀλλά
1150 3011 1269 3046 τινα
1302 2995 1638 3064 πράσσοντες
1669 2995 1862 3060 ἀνάξια
1876 2996 2032 3061 Θεοῦ,

446 3087 538 3139 καὶ
555 3085 875 3156 φρονοῦντες
901 3085 1119 3140 ἐναντία
1138 3087 1236 3156 τῆς
1263 3085 1356 3138 τοῦ
1396 3087 1631 3157 Χριστοῦ
1665 3087 2032 3151 διδασκαλίας,

2141 1978 2284 2046 quod
2315 1978 2455 2032 inter
2482 1994 2582 2032 vos
2609 1979 2793 2033 nullus
2816 1987 2900 2033 est
2932 1980 3124 2034 haeresi
3155 1980 3342 2044 locus;
3375 1980 3469 2034 sed
3500 1995 3599 2034 nec
3623 1996 3693 2036 au

2142 2069 2271 2124 ditis
2295 2070 2532 2138 aliquem
2552 2112 2566 2135 ,
2599 2070 2707 2124 nisi
2738 2073 2916 2124 solum
2955 2061 3142 2125 JeSum
3181 2072 3503 2137 Christum,
3528 2087 3720 2126 verum

2139 2175 2414 2232 pastorem
2445 2172 2499 2216 et
2535 2163 2894 2233 magistrum;
2937 2173 3100 2232 atque
3135 2164 3304 2227 estis,
3337 2174 3398 2218 ut
3426 2164 3630 2222 Paulus
3648 2163 3720 2218 ad

2142 2271 2238 2309 vos
2281 2255 2519 2324 scripsit,
2553 2271 2714 2307 unum
2759 2271 2969 2321 corpus,
3027 2264 3075 2308 et
3123 2271 3261 2308 unus
3319 2257 3558 2325 spiritus,
3593 2271 3724 2326 pro-

2139 2355 2320 2416 pterea
2346 2347 2487 2415 quod
2521 2347 2691 2398 vocati
2720 2347 2846 2398 estis
2883 2347 2937 2398 in
2966 2363 3070 2399 una
3099 2363 3186 2416 spe
3203 2348 3346 2415 ﬁdei.
3367 2346 3722 2416 Quandoqui-

2139 2438 2260 2493 dem
2306 2447 2358 2492 et
2407 2455 2541 2491 unus
2582 2438 2861 2502 Dominus,
2905 2456 3010 2492 una
3041 2440 3192 2509 ﬁdes.
3241 2456 3402 2493 unum
3433 2439 3720 2509 baptisma,

2137 2545 2273 2582 unus
2305 2529 2442 2582 Deus
2477 2539 2523 2582 et
2556 2530 2717 2582 Pater
2750 2532 3006 2594 omnium,
3037 2532 3224 2601 quiest
3261 2547 3418 2600 super
3445 2547 3641 2594 omnes,
3671 2542 3721 2587 et

2139 2639 2232 2691 per
2263 2623 2462 2684 omnia,
2496 2632 2544 2675 et
2589 2623 2644 2676 in
2688 2623 2931 2677 omnibus
2963 2624 3028 2674 ³⁸.
3068 2621 3174 2677 Vos
3198 2624 3381 2693 itaque
3413 2625 3544 2678 estis
3569 2623 3722 2692 ejus—

2139 2715 2323 2778 modi,
2370 2729 2400 2768 a
2451 2715 2650 2769 talibus
2711 2716 3140 2769 instructoribus
3188 2716 3426 2781 eruditi,
3482 2731 3512 2769 a
3553 2714 3725 2770 Paulo

2138 2806 2484 2874 Christii‘ero,
2519 2817 2575 2862 et
2604 2809 2924 2862 ﬁdelissimo
2950 2807 3258 2862 Timotheo.

2217 2897 2323 2951 νυ.
2376 2897 2634 2953 Nonnulli
2681 2909 2861 2953 autem
2909 2900 3306 2969 improbissimi
3359 2900 3537 2964 solent
3581 2901 3726 2954 malo

2137 2991 2264 3045 dolo
2294 3007 2492 3045 nomen
2533 2992 2924 3058 circumferre;
2969 2993 3060 3046 sed
3101 3001 3322 3061 patrant
3351 2991 3600 3061 quaedam
3637 2992 3724 3045 in-

2137 3081 2297 3151 digna
2331 3081 2460 3149 Deo,
2519 3092 2573 3136 et
2605 3083 2845 3137 sentiunt
2897 3099 2959 3136 ea
3010 3099 3133 3152 qua:
3178 3093 3423 3152 pugnant
3467 3099 3592 3137 cum
3628 3082 3724 3137 Dei

446 3179 533 3232 ἐπ’
555 3178 761 3252 ὀλέθρῳ
788 3179 996 3233 ἑαυτῶν
1028 3179 1246 3232 καὶτῶν
1278 3177 1613 3249 πειθομένων
1630 3180 1832 3244 αὐτοῖς·
1852 3180 1944 3244 οὓς
1958 3181 2037 3234 δεῖ

2141 3175 2412 3238 doctrina,
2448 3175 2500 3228 in
2531 3176 2759 3229 exitium
2807 3175 3089 3244 proprium
3132 3190 3436 3244 eorumque
3476 3177 3569 3244 qui
3618 3175 3724 3229 illis

445 3271 610 3342 ὑμᾶς,
651 3272 726 3336 ὼς
761 3271 930 3344 θηρία
969 3271 1255 3325 ἐκκλίνειν.
1305 3272 1541 3337 Δίκαιος
1581 3272 1690 3344 γὰρ
1729 3273 2031 3337 ἐκκλίνας,

445 3364 685 3425 σώζεται
723 3367 812 3430 εἰς
843 3364 950 3418 τὸν
982 3363 1185 3418 αἰῶναο
1224 3366 1540 3434 πρόχειρος
1572 3363 1640 3416 δὲ
1682 3364 1906 3432 γίνεται
1938 3363 2038 3416 καὶ

447 3457 765 3524 ἐπίχαρτος
797 3455 1033 3510 ἀσεϐῶν
1054 3456 1338 3510 (iniusta.
1364 3456 1500 3509 Εἰσὶ
1526 3457 1633 3528 γὰρ
1657 3455 1839 3520 κύνες
1856 3455 2033 3520 ἐνεοί,

447 3548 519 3600 οὐ
555 3545 883 3614 δυνάμενοι
926 3545 1230 3609 ὑλακτεῖν,
1281 3545 1610 3608 λυσσῶντες,
1658 3544 2033 3616 λαθρόδηκτοι,

447 3637 539 3701 οὓς
560 3636 931 3706 φυλάσσεσθαι
965 3640 1090 3710 χρή·
1135 3639 1331 3692 ἀνίατα
1363 3639 1472 3711 γὰρ
1506 3638 1773 3694 νοσοῦσιν.
1831 3639 2036 3711 Ἰατρὸς

447 3730 501 3782 δὲ
531 3731 683 3800 ἡμῶν
716 3733 864 3783 ἐστιν
900 3733 930 3783 6
965 3731 1126 3800 μόνος
1163 3729 1274 3799 (27)
1305 3729 1557 3800 ἀληθινὸς
1581 3732 1734 3795 Θεὸς,
1753 3732 1781 3782 6
1804 3732 2035 3802 ἀγέννη-

448 3839 538 3885 τος
565 3822 656 3875 καὶ
677 3824 993 3894 ἀπρόσιτος,
1025 3823 1054 3873 6
1087 3823 1194 3875 τῶν
1226 3823 1362 3876 ὅλων
1391 3822 1615 3893 Κύριος,
1657 3821 1751 3874 τοῦ
1780 3822 1836 3875 δὲ
1866 3824 2038 3875 Μονο-

447 3915 637 3984 γενοῦς
672 3914 860 3986 Πατὴρ
893 3913 989 3966 καὶ
1010 3913 1305 3984 γεννήτωρ.
1350 3913 1585 3983 Ἕχομεν
1613 3915 1794 3985 ἰατρὸν
1824 3913 1918 3966 καὶ
1948 3913 2038 3966 τὸν

449 4007 652 4080 Κύριον
708 4005 865 4077 ἡμῶν
904 4004 1038 4057 Θεὸν
1101 4003 1308 4074 Ἰησοῦν
1350 4003 1439 4056 τὸν
1490 4004 1746 4074 Χριστὸν,
1798 4004 1888 4058 τὸν
1934 4005 2038 4077 πρὸ

448 4098 657 4152 αἰώνων
699 4097 826 4149 Υἰὸν
877 4095 1142 4166 μονογενῆ
1196 4095 1292 4147 καὶ
1339 4096 1534 4164 Λόγον,
1585 4093 1812 4167 ὕστερον
1852 4095 1909 4147 δὲ
1945 4096 2039 4147 καὶ

448 4189 731 4262 ἄνθρωπον
761 4192 824 4242 ὲκ
859 4187 1074 4259 Μαρίας
1112 4187 1210 4257 τῆς
1252 4186 1546 4259 Παρθένου.
1608 4187 1670 4239 Ὁ
1698 4189 1889 4256 Λόγος
1929 4188 2038 4260 γὰρ

448 4283 604 4351 σὰρξ
626 4282 882 4353 ἐγένετο·
919 4282 947 4332 ὁ
979 4278 1268 4350 ἀσώματος
1306 4281 1364 4331 ἐν
1398 4277 1632 4348 σώματι,
1672 4280 1700 4330 6
1731 4277 1944 4348 ἀπαθὴς
1984 4281 2040 4331 ἐν

449 4375 678 4446 παθητῷ
701 4374 934 4445 σώματι,
967 4375 995 4425 ὁ
1018 4371 1282 4434 ἀθάνατος
1313 4373 1371 4424 ὲν
1394 4369 1571 4441 θνητῷ
1595 4367 1828 4440 σώματι,
1860 4371 1892 4440 ὴ
1927 4367 2039 4440 ζωὴ

449 4472 508 4521 ὲν
535 4467 728 4540 φθορᾷ,
764 4468 915 4529 ὅπως
939 4465 1171 4518 θανάτου
1205 4464 1300 4518 καὶ
1329 4463 1539 4534 φθορᾶς
1577 4461 1919 4535 ἐλευθερώσῃ
1945 4464 2041 4514 καὶ

2137 3269 2402 3336 credunt;
2433 3284 2575 3338 quos
2603 3277 2819 3338 oportet
2852 3284 2966 3333 vos,
3001 3278 3062 3321 ut
3091 3267 3257 3333 feras,
3288 3269 3724 3322 evitareJustm

2135 3361 2280 3414 enim
2314 3361 2609 3424 declinans,
2642 3362 2882 3414 solvatur
2909 3363 2961 3414 in
2991 3361 3245 3414 smculum
3276 3377 3294 3413 :
3333 3361 3505 3430 facilis
3548 3373 3722 3414 autem

2137 3453 2197 3521 ﬁt
2237 3464 2283 3506 et
2321 3453 2593 3522 jucundus
2639 3455 2924 3523 impiorum
2976 3455 3222 3506 interitus
3273 3454 3336 3508 ’⁷.
3394 3452 3532 3507 Sunt
3573 3455 3722 3508 enim

2138 3560 2294 3596 canes
2345 3546 2498 3610 ututi,
2559 3561 2662 3597 non
2720 3544 2949 3598 valentes
2989 3544 3191 3598 latrare
3235 3544 3302 3608 ’⁸,
3342 3545 3538 3608 rabidi,
3582 3546 3721 3597 clam

2138 3635 2481 3698 mordentes;
2521 3652 2660 3705 quos
2689 3635 2858 3689 vitare
2889 3644 3103 3705 oportet
3141 3654 3154 3688 :
3189 3635 3606 3689 laborantenim
3641 3637 3724 3688 in-

2139 3727 2368 3781 curabili
2429 3729 2643 3784 morbo.
2688 3728 2931 3783 Medicus
2977 3741 3158 3783 autem
3211 3739 3397 3784 noster
3448 3738 3532 3782 est
3573 3729 3723 3783 solus

2137 3833 2300 3871 verus
2331 3817 2493 3885 Deus,
2529 3819 2803 3887 ingenitus
2841 3829 2894 3874 et
2936 3821 3286 3886 inaccessos;
3335 3819 3722 3874 universorum

2142 3906 2428 3971 Dominus,
2461 3907 2727 3978 unigeniti
2757 3919 2942 3963 autem
2981 3907 3145 3963 Pater
3184 3925 3247 3964 ac
3274 3909 3505 3979 genitor.
3545 3908 3721 3963 Habe-

2140 4016 2263 4054 mus
2287 4000 2448 4054 etiam
2492 4000 2763 4056 medicum
2796 3985 3090 4056 Dominum
3136 4017 3386 4057 n05trum
3422 4002 3592 4057 Deum
3632 4001 3724 4056 Je-

2142 4108 2262 4145 sum
2291 4092 2595 4160 Christum,
2643 4103 2770 4149 ante
2810 4094 3011 4150 saecula
3049 4094 3249 4148 Filium
3290 4096 3628 4160 unigenitum
3669 4107 3724 4149 et

2143 4181 2410 4250 Verbum;
2441 4194 2626 4254 postea
2653 4201 2784 4240 vero
2809 4196 2862 4241 et
2889 4188 3162 4242 hominem
3195 4203 3262 4240 ex
3288 4186 3458 4241 Maria
3478 4186 3717 4258 Virgine.

2151 4275 2375 4330 Verbum
2427 4279 2572 4332 enim
2627 4296 2752 4333 caro
2792 4279 2994 4350 factum
3033 4291 3109 4334 est
3147 4281 3231 4347 ’9;
3275 4281 3631 4348 incorporeus
3667 4280 3720 4333 in

2145 4385 2394 4438 corpore,
2423 4372 2782 4441 impassibilis
2824 4373 2879 4426 in
2919 4389 3150 4442 corpore
3190 4373 3458 4442 passibili,
3492 4373 3721 4427 immor-

2143 4464 2268 4518 talis
2301 4464 2353 4516 in
2385 4481 2612 4532 corpore
2642 4465 2880 4530 mortali,
2928 4465 3036 4518 vita
3069 4464 3127 4517 in
3177 4466 3548 4534 corruptione,
3593 4474 3651 4518 ut
3691 4480 3721 4518 a

452 4560 712 4632 ἰατρεύσῃ
740 4559 838 4621 τὰς
876 4557 1054 4627 ψυχὰς
1081 4554 1258 4627 ἡμῶν,
1297 4556 1392 4609 καὶ
1427 4556 1641 4624 ἰάσηται
1671 4554 1841 4617 αὑτὰς
1875 4571 2038 4624 νοση-

2146 4567 2321 4610 morte
2355 4565 2410 4610 et
2443 4558 2794 4626 corruptione
2841 4557 3099 4610 liberaret
3147 4565 3200 4609 et
3241 4566 3460 4610 curaret
3510 4556 3722 4610 animas

448 4651 732 4714 ἰευθείσας
767 4653 825 4704 ὲν
860 4647 1088 4719 ἀσεϐείᾳ
1111 4648 1205 4701 καὶ
1238 4649 1504 4718 πονηραῖς
1535 4645 1868 4716 ἐπιθυμίαις.

530 4828 659 4884 Vlll.
689 4827 779 4900 Μὴ
820 4824 913 4881 οὖν
952 4845 1036 4890 τις
1067 4827 1212 4897 ὑμᾶς
1247 4825 1591 4890 ἐξαπατάτω,
1627 4825 1816 4897 ῶσπερ
1852 4826 1897 4856 ³⁰
1921 4825 2043 4879 οὐδὲ

524 5018 569 5049 ³³
601 5015 736 5070 Luc.
771 5033 825 5081 κ,
856 5015 944 5071 16.
1019 5016 1065 5047 ²”⁸
1099 5016 1172 5068 al.
1208 5015 1372 5084 ὑμᾶς.

455 5086 542 5143 10.
620 5089 664 5119 ’9
691 5085 850 5140 Joan.
884 5103 922 5150 ι,
957 5087 1044 5139 14.
1109 5085 1153 5116 ³ο
1186 5101 1290 5140 ms.
1325 5086 1483 5155 ὅπερ.

525 5274 637 5338 (25)
685 5277 796 5331 Τὸν
838 5269 953 5328 οὖν
994 5274 1352 5335 ἐπίσκοπον,
1401 5271 1597 5340 δῆλον
1626 5272 1714 5325 ὅτι
1749 5274 1828 5339 ὡς
1860 5273 2048 5328 αὐτόν

452 5343 560 5398 ’τὸν
612 5347 832 5412 Κύριον
882 5345 980 5398 δεῖ
1033 5343 1458 5411 προσϐλέπειν,
1496 5341 1575 5408 τῷ
1614 5345 1809 5411 Κυρίῳ
1871 5360 2050 5412 παρε-

455 5415 672 5470 στῶτα.
697 5410 998 5477 Ἀηιοηίιιε,
1038 5410 1091 5467 in
1139 5414 1262 5467 loco
1297 5413 1483 5478 citato,
1520 5414 1737 5467 brevius
1769 5410 1786 5467 :7
1817 5412 1919 5465 Τὸν
1952 5410 2046 5467 οὖν

455 5484 850 5550 ἑπίσκοπον,ὡς
869 5485 1028 5538 αὑτὸν
1051 5483 1141 5555 τὸν
1158 5482 1361 5555 Κύριον
1377 5484 1459 5536 δεῖ
1474 5481 1819 5555 προόλεπειν.
1843 5481 2040 5555 Ussen.

527 5555 640 5625 (26)
688 5555 800 5625 Τοῦ
840 5554 1130 5623 ἀληθινοῦ
1184 5551 1473 5625 ποιμένος
1516 5551 1614 5607 καὶ
1647 5551 2042 5608 διδασκάλου.

455 5623 746 5696 Anglican.
785 5624 1081 5696 loquentem
1110 5625 1166 5696 in
1189 5626 1431 5696 veritate.
1458 5623 1532 5677 in.

530 5642 746 5749 Igttcan.
785 5642 1081 5696 loquentem
1110 5642 1166 5676 ιη
1189 5642 1431 5678 veritate.
1458 5642 1532 5677 ID.

530 5703 548 5767 t
590 5696 642 5766 7)
687 5697 916 5767 Ἰατρὸς
939 5694 1008 5748 δὲ
1033 5693 1204 5767 ἡμῶν
1224 5694 1396 5767 ἐστιν
1421 5697 1463 5767 ὀ.
1477 5694 1685 5767 μόνος,
1711 5702 1842 5760 etc.,
1868 5710 2044 5767 usque

457 5762 548 5833 ad,
581 5762 872 5834 πονηραῖς
897 5762 1256 5832 ἐπιθυμίαις.
1299 5762 1407 5818 Pro
1452 5764 1592 5829 istis,
1636 5775 1824 5820 noster
1874 5762 2043 5818 inter-

456 5852 582 5908 pres
620 5833 832 5891 tantum
864 5837 1025 5892 habet
1059 5855 1070 5888 :
1116 5854 1132 5886 ι
1187 5833 1338 5890 Unus
1377 5835 1622 5892 medicus
1659 5845 1762 5904 est,
1805 5835 2041 5892 carnalis

2148 4653 2390 4706 nostras,
2417 4656 2471 4700 et
2498 4656 2716 4700 sanaret
2750 4662 2865 4710 eas,
2903 4646 3180 4717 impietate
3217 4646 3486 4715 malisque
3521 4663 3722 4701 concu-

2142 4738 2426 4806 piscentiis
2457 4748 2709 4807 aegrotas.
3361 4786 3368 4795 .

2225 4819 2353 4880 Vill.
2395 4826 2474 4881 Ne
2504 4829 2628 4897 quis
2655 4829 2818 4897 igitur
2847 4843 2943 4881 vos
2975 4829 3218 4891 seducat,
3261 4828 3402 4881 sicut
3434 4843 3534 4880 nec
3562 4829 3718 4882 scdu-

1451 5016 1496 5045 ⁸⁸
1527 5013 1690 5068 Prov.
1724 5031 1860 5080 xx",
1895 5014 2009 5083 5.9..

2145 5017 2344 5087 Ephcs.
2371 5034 2445 5082 tv,
2472 5018 2526 5084 4,
2552 5018 2606 5083 5,
2637 5019 2691 5072 6.
2731 5019 2774 5049 ’τ
2794 5017 2952 5071 Prov.
2991 5034 3044 5080 χ,
3071 5016 3175 5082 9.5;
3205 5031 3278 5080 xl,
3310 5015 3362 5068 5.
3405 5015 3450 5045 ’⁸
3475 5013 3574 5067 Isa.
3610 5030 3719 5079 LVI,

2153 5289 2208 5334 et
2249 5276 2569 5349 spiritualis,
2611 5276 2824 5349 genitus
2856 5283 2908 5349 et
2941 5273 3237 5349 ingenitus,
3273 5271 3329 5349 in
3355 5284 3521 5349 carne
3547 5269 3723 5324 factus

2153 5341 2318 5415 Deus,
2352 5350 2407 5402 in
2439 5341 2653 5402 mortali
2689 5347 2786 5414 (ita
2816 5347 2961 5399 enim
3008 5341 3316 5415 legendum)
3353 5343 3458 5394 vita
3491 5356 3636 5415 vera,
3670 5352 3723 5396 et

2142 5436 2209 5474 ex
2237 5411 2407 5473 Maria
2435 5427 2491 5472 et
2525 5433 2592 5471 ex
2632 5411 2764 5480 Deo,
2811 5417 2988 5484 primo
3032 5411 3307 5483 passibilis
3330 5420 3410 5484 _et
3433 5420 3570 5484 tunc
3620 5411 3716 5463 im-

2142 5490 2442 5560 passibilis,
2468 5487 2732 5560 Dominus
2755 5480 3008 5540 Christus
3033 5480 3254 5560 noster.
3281 5500 3300 5533 ›
3330 5480 3573 5560 Reliquis
3597 5496 3723 5560 ριιιο-

2142 5551 2306 5615 ἱιίΙιυε
2355 5551 2775 5628 praetermissis;
2828 5571 2968 5628 qua}
3002 5556 3166 5628 etiam
3195 5553 3274 5628 _ab
3321 5551 3722 5628 elemplaribus

2141 5619 2516 5700 quibus-olim
2563 5627 2649 5700 usi
2678 5619 2915 5700 inero-nt
2929 5625 3302 5700 _Athanasius,
3332 5619 3722 5700 .Theqiloretus

2140 5691 2197 5756 et
2228 5701 2499 5823 Celasiuls,
2541 5696 2803 5766 abfuisse,
2829 5697 2884 5752 in
2919 5695 3283 5766 Prolegomea.
3314 5707 3433 5762 cap.
3472 5691 3505 5746 5
3539 5691 3722 5747 decla-

2141 5787 2405 5823 raVImUS.
2469 5787 2522 5823 Ι).

2140 5787 2405 5829 ravtmus.
2447 5787 2522 5826 ID.
