4134 6452
485 379 587 433 739

1290 371 1379 425 AD
1420 366 1795 424 EPISTOLAS
1827 365 1883 420 S.
1924 362 2177 419 IGNATII
2211 361 2559 419 GENUINAS
2595 360 2955 415 APPENDIX.

3664 367 3775 422 740

488 499 710 565 cimini;
755 497 850 551 toti
892 511 1126 565 namque
1156 494 1290 549 estis
1331 493 1444 547 Dei.
1476 492 1613 546 Cum
1643 492 1788 543 enim
1823 490 1968 544 nulla
2011 489 2064 541 in

2172 486 2538 550 ἐξαπατᾶσθε·
2567 487 2680 538 ὅλοι
2697 487 2803 558 γάρ
2822 489 2946 538 ἐστε
2977 485 3114 538 Θεοῦ
3133 485 3448 558 (28).”Οταν
3474 488 3582 562 γὰρ
3612 491 3776 562 μηδε-

486 591 640 645 vobis
676 594 747 644 sit
776 588 1239 657 concupiscentia,
1275 602 1396 654 quae
1431 601 1530 639 vos
1570 585 1862 652 inquinare
1899 581 2074 651 possit

485 695 539 738 et
565 686 810 737 cruciatu
845 682 1078 744 allicere,
1105 679 1348 748 profecto
1379 677 1678 732 secundum
1727 674 1894 728 Deum
1933 672 2073 726 vivi-

487 779 579 840 tis,
617 791 681 829 ac
727 776 859 828 estis
905 773 1132 827 Christi.
1173 771 1602 840 Purgamentum
1637 769 1798 820 vestri
1835 782 1977 830 sum,
2021 774 2076 818 et

487 865 799 934 purissimae
845 863 1202 932 Ephesiorum
1250 859 1524 919 Ecclesiae,
1573 875 1694 927 quas
1721 858 2073 913 celeberrima

486 964 567 1008 est
597 971 659 1009 ac
684 954 980 1024 plurimum
1013 950 1283 1005 laudanda
1313 950 1364 1002 in
1398 947 1634 1002 saeculis.
1667 946 1929 999 Carnales
1957 946 2071 1014 spi-

485 1047 704 1100 ritualia
740 1061 994 1099 exercere
1037 1052 1334 1112 nequeunt,
1392 1056 1490 1094 nec
1529 1039 1843 1107 spirituales
1876 1052 2073 1091 carna-

488 1140 557 1192 lia
592 1157 604 1192 :
637 1139 780 1192 sicut
829 1154 928 1191 nec
969 1137 1122 1197 lides,
1155 1150 1275 1204 qua:
1328 1132 1724 1186 incredulitatis
1769 1141 1930 1195 sunt;
1976 1143 2076 1184 nec

489 1228 882 1295 incredulitas,
922 1244 1046 1298 qua:
1094 1228 1239 1280 tilei.
1291 1224 1399 1278 Vos
1448 1233 1632 1278 autem
1684 1224 1826 1292 pleni
1881 1229 2074 1278 sancto

489 1321 718 1391 Spiritu,
751 1322 825 1374 nil
860 1321 1098 1382 carnale,
1145 1318 1236 1372 sed
1285 1316 1590 1386 spiritualia
1623 1315 1808 1368 omnia
1851 1329 2074 1366 exerce-

489 1418 582 1470 tis.
607 1413 664 1466 ln
697 1413 918 1467 Christo
951 1411 1077 1466 Jesn
1109 1410 1451 1479 perlicimini,
1477 1409 1567 1479 qui
1589 1406 1838 1462 Salvator
1857 1415 1933 1459 est
1957 1422 2072 1458 om-

492 1507 639 1559 nium
667 1505 959 1570 hominum,
986 1504 1212 1556 maxime
1243 1500 1483 1570 ﬁdelium
1515 1499 1585 1553 ".

560 1686 653 1740 IX.
695 1685 830 1739 Novi
870 1693 1049 1739 autem
1101 1681 1396 1737 nonnullos
1454 1697 1550 1750 per
1589 1694 1686 1734 vos
1731 1678 2069 1741 transivisse,

489 1767 586 1849 qui
629 1780 830 1832 habent
872 1791 1186 1846 perversam
1233 1775 1536 1829 doctrinam
1581 1771 1874 1842 peregrini,
1909 1786 2068 1823 mon-

493 1872 654 1927 strosi
686 1879 738 1924 et
775 1869 995 1939 maligni
1029 1868 1282 1936 spiritus;
1317 1865 1517 1935 quibus
1547 1880 1655 1917 non
1697 1862 1923 1916 dedistis
1953 1861 2068 1913 adi-

493 1973 606 2016 tum
639 1963 702 2013 a:|
737 1960 1098 2030 spargendum
1135 1958 1376 2023 zizania;
1410 1957 1728 2010 obturantes
1774 1970 1952 2018 aures,
2000 1966 2068 2006 ne

489 2052 806 2121 reciperetis
843 2064 1083 2103 errorem
1127 2063 1289 2114 quem
1333 2045 1693 2110 annuntiant;
1744 2058 2066 2112 persuasum

490 2144 775 2203 habentes,
822 2141 1073 2210 spiritum
1133 2139 1285 2192 illtun
1339 2137 1521 2207 populi
1560 2136 1924 2198 seductorem,
1958 2149 2066 2187 non

488 2235 717 2299 Christi,
779 2233 873 2288 sed
914 2248 1010 2286 sua
1058 2231 1230 2300 ipsius
1269 2229 1439 2298 loqui,
1500 2228 1730 2282 mendax
1777 2227 1920 2281 enim
1962 2237 2064 2280 est.

492 2326 730 2381 Sanctus
765 2334 944 2378 autem
971 2324 1208 2394 Spiritus
1231 2338 1340 2376 non
1372 2337 1493 2383 sua,
1526 2321 1620 2375 sed
1653 2320 1854 2374 Chrisﬁ
1881 2319 2069 2388 loqui-

492 2432 618 2484 tur;
657 2433 756 2472 nec
789 2434 820 2472 a
853 2418 1054 2487 seipso,
1088 2414 1182 2470 sed
1225 2431 1254 2469 a
1295 2414 1557 2480 Domino;
1607 2412 2067 2482 quemadmodum

490 2525 543 2567 et
571 2511 842 2564 Dominus
879 2524 943 2562 ea
989 2525 1111 2579 quae
1149 2524 1179 2562 a
1233 2506 1391 2560 Patre
1433 2507 1676 2574 accepit,
1722 2504 2070 2559 annuntiavit

492 2603 671 2656 nobis.
713 2600 896 2656 Sermo
926 2601 1095 2665 enim,
1122 2599 1318 2668 inquit,
1349 2614 1497 2667 quem
1543 2597 1794 2661 audistis,
1847 2613 1950 2649 non
1991 2604 2068 2650 est

491 2711 658 2759 mnus,
683 2694 773 2748 sed
801 2695 914 2762 ejus
950 2693 1041 2761 qui
1071 2693 1215 2745 misit
1250 2707 1327 2743 me
1361 2689 1543 2744 Patris
1577 2690 1638 2741 ³⁸.
1672 2689 1736 2743 Ει
1765 2688 1830 2743 de
1862 2687 2070 2757 Spiritu

492 2795 683 2840 sancto
722 2805 735 2839 :
765 2785 883 2839 Non
914 2787 1176 2855 loquetur,
1204 2781 1402 2852 inquit,
1432 2800 1464 2835 a
1493 2782 1793 2848 semetipso,
1817 2781 1906 2834 sed
1928 2796 2069 2851 qua:-

491 2895 696 2949 cunque
727 2879 957 2931 audierit
991 2894 1021 2929 (ι
1063 2893 1142 2929 me
1171 2876 1236 2928 ³⁸.
1282 2873 1346 2926 Et
1388 2874 1455 2927 de
1489 2873 1672 2942 seipso
1716 2872 1954 2941 loquitur
2000 2871 2068 2926 ad

490 2970 708 3024 Patrem
757 2988 769 3022 :
817 2967 949 3038 Ego,
989 2968 1186 3038 inquit,
1221 2977 1268 3019 te
1302 2965 1594 3032 clariﬁcavi
1642 2981 1799 3033 super
1836 2974 2068 3027 terram;

484 3077 621 3128 opus
667 3058 806 3128 quod
846 3059 1037 3112 dedisti
1092 3057 1241 3118 mihi,
1297 3057 1687 3119 consummari;
1734 3055 2070 3123 manifestavi

2183 577 2280 648 μία
2315 576 2578 647 ἐπιθυμία
2602 579 2660 630 ὲν
2688 579 2814 647 ὑμῖν
2843 577 3078 648 ὑπάρχει
3109 578 3175 642 ³¹,
3210 579 3481 650 δυναμένη
3507 581 3650 652 ὑμᾶς
3675 584 3775 652 ῥυ-

2177 673 2366 734 πᾶναι,
2413 671 2506 722 καὶ
2548 669 2778 740 βάσανον
2810 672 3109 738 ἐπαγαγεῖν
3145 668 3276 739 (29),
3317 670 3426 743 ἄρα
3465 672 3607 726 κατὰ
3635 672 3777 726 Θεὸν

2177 762 2328 833 ζῆτε,
2364 763 2456 815 καί
2486 765 2608 815 ἐστε
2645 761 2904 833 Χριστοῦ.
2941 761 3235 834 Περίψημα
3275 763 3319 793 "
3358 763 3414 815 δὲ
3449 765 3602 834 ὑμῶν
3633 763 3773 836 (³0)·

2176 855 2271 906 καὶ
2319 855 2418 924 τῆς
2451 854 2753 924 ἀγνοτάτης
2799 854 3060 923 Ἐφεσίων
3121 853 3448 924 Ἑκκλησίας
3506 857 3604 926 τῆς
3651 856 3778 912 δια-

2177 944 2372 1015 ϐοήτου
2416 945 2510 997 καὶ
2556 944 2931 1016 πολυῦμνήτου
2966 948 3076 1008 τοῖς
3112 945 3324 1011 αἰῶσιν,
3367 947 3658 1000 ἐκϐάλλετε
3701 948 3774 1002 ³³.

2176 1038 2236 1088 Oi
2282 1035 2534 1106 σαρκικοί
2583 1036 2649 1088 τὰ
2694 1037 3040 1107 πνευματικά
3085 1037 3349 1107 πράττειν
3389 1037 3450 1089 οὑ
3491 1038 3774 1103 δύνανται,

2174 1128 2294 1180 οὐδὲ
2322 1131 2370 1180 οί
2414 1129 2774 1199 πνευματικοὶ
2816 1130 2884 1182 τὰ
2933 1131 3172 1200 σαρκικά
3214 1129 3348 1202 (51)·
3396 1129 3536 1184 ὥστε
3576 1133 3698 1186 οὐδὲ
3738 1135 3776 1204 ἡ

2173 1219 2355 1283 πίστις
2386 1220 2451 1272 τὰ
2485 1220 2582 1290 τῆς
2615 1221 2894 1285 ἀπιστίας,
2936 1221 3058 1274 οὑδὲ
3095 1223 3129 1292 ἡ
3179 1223 3407 1275 ἀπιστία
3443 1223 3510 1276 τὰ
3543 1223 3644 1294 τῆς
3679 1223 3778 1276 πί-

2176 1329 2364 1374 στεως.
2407 1312 2598 1383 Ὑμεῖς
2631 1313 2686 1365 δὲ
2723 1313 2948 1385 πλήρεις
2987 1315 3141 1377 ὅντες
3185 1313 3279 1366 τοῦ
3316 1315 3472 1382 ἁγίου
3516 1315 3779 1385 Πνεὺμαι

2173 1424 2284 1470 τος,
2313 1406 2465 1459 οὐδὲν
2500 1405 2780 1477 σαρκικὸν,
2816 1405 2952 1459 ἀλλὰ
2992 1405 3338 1476 πνευματικά
3377 1405 3555 1458 πάντα
3586 1406 3776 1477 πράσ-

2174 1515 2314 1550 σετε.
2365 1499 2452 1550 Ἐν
2477 1497 2698 1568 Χριστῷ
2742 1497 2918 1568 Ἰησοῦ
2944 1496 3272 1563 τελειοῦσθε,
3301 1497 3368 1563 ὅς
3397 1498 3529 1552 ἐστι
3561 1495 3775 1566 Σωτὴρ

2173 1588 2413 1641 πάντων
2436 1587 2782 1655 ἀνθρώπων,
2811 1587 3087 1657 μάλιστα
3119 1589 3370 1644 πιστῶν.

2239 1681 2304 1734 IX
2322 1683 2556 1749 ,Ἐγνων
2571 1681 2626 1734 δέ
2645 1699 2796 1744 τινας
2814 1682 3254 1753 παροδεύσαντας
3268 1683 3332 1737 δι’
3351 1685 3379 1736 ὑ
3389 1684 3525 1756 μῶν,
3543 1685 3773 1757 ἔχοντας

2171 1771 2346 1840 κακὴν
2413 1771 2632 1842 διδαχὴν
2726 1771 3012 1825 ἀλλοκότου
3055 1773 3151 1825 καὶ⁸
3234 1776 3472 1847 πονηροῦ
3517 1778 3773 1848 πνεύμα-

2169 1879 2277 1925 τος·
2309 1857 2390 1926 οἷς
2410 1863 2508 1915 οὐκ
2524 1861 2762 1916 ἐδώκατε
2789 1863 3022 1936 πάροδον
3046 1869 3266 1939 σπεῖραι
3289 1867 3357 1921 τὰ
3383 1866 3598 1933 ζιζάνια
3624 1870 3768 1940 (52),

2171 1955 2433 2025 βύσαντες
2473 1956 2540 2009 τὰ
2580 1949 2715 2018 ὦτα,
2761 1959 2841 2019 είς
2878 1957 2936 2009 τὸ
2980 1958 3054 2029 μὴ
3088 1961 3494 2028 παραδέξασθαι
3526 1965 3624 2035 τὴν
3670 1965 3768 2017 ὑπ’

2167 2048 2346 2101 αὐτῶν
2370 2049 2880 2120 καταγγελλομένην
2921 2051 3126 2122 πλάνην
3157 2054 3289 2123 (55),
3318 2056 3675 2126 πεπεισμένοι
3704 2057 3771 2111 τὸ

2167 2139 2468 2191 λαοπλάνον
2500 2139 2738 2211 πνεῦμα,
2765 2142 2826 2193 οὑ
2869 2142 2936 2195 τὰ
2975 2143 3234 2214 Χριστοῦ,
3275 2145 3410 2199 ἀλλά
3439 2147 3507 2200 τὰ
3539 2147 3644 2200 ἴδια
3671 2148 3772 2202 λα’

2168 2228 2298 2281 λεῖν·
2330 2229 2653 2298 ψευδολόγον
2690 2231 2797 2303 γάρ
2832 2234 2969 2286 ἐστι.
3017 2233 3090 2286 Τὸ
3131 2233 3186 2287 δὲ
3221 2235 3377 2303 ἆγιον
3422 2237 3668 2308 Πνεῦμα,
3701 2240 3767 2292 οὗ

2169 2320 2236 2373 τὰ
2271 2321 2399 2384 ἴδια,
2440 2322 2574 2375 ἀλλά
2607 2324 2674 2376 τὰ
2713 2324 2806 2376 τοῦ
2844 2325 3104 2396 Χριστοῦ,
3145 2328 3238 2379 καὶ
3280 2328 3380 2381 οὑκ
3412 2330 3504 2398 ἀφ’
3545 2331 3768 2396 ἑαυτοῦ,

2168 2411 2306 2466 ἀλλὰ
2331 2413 2440 2466 ἀπὺ
2473 2413 2565 2466 τοῦ
2600 2415 2826 2486 Κυρίου·
2853 2415 2928 2480 ὡς
2953 2417 3045 2470 καὶ
3081 2417 3110 2468 ὁ
3142 2419 3346 2490 Κύριος
3388 2421 3455 2474 τὰ
3489 2422 3638 2493 παρά
3667 2422 3768 2475 τοῦ

2169 2504 2383 2577 Πατρὸς
2419 2508 2553 2577 ἡμῖν
2600 2508 2986 2578 κατήγγελλεν.
3045 2513 3106 2562 '0
3146 2512 3347 2580 λόγος,
3395 2514 3523 2584 γὰρ,
3573 2517 3765 2586 φησὶν,

2169 2595 2242 2648 ὃν
2264 2597 2534 2662 ἀκούετε,
2569 2601 2679 2652 οὐκ
2700 2601 2872 2653 ἐστιν
2889 2600 3052 2669 ἐμὸς,
3078 2603 3241 2655 ἀλλὰ
3273 2603 3379 2657 τοῦ
3413 2605 3769 2675 πέμψαντός

2165 2705 2242 2757 με
2276 2691 2527 2757 Πατρός.
2567 2693 2676 2744 Καὶ
2701 2693 2831 2764 περὶ
2869 2692 3184 2764 Πνεύματος
3215 2694 3308 2747 τοῦ
3333 2697 3506 2764 ἁγίου·
3542 2701 3624 2752 Οὐ
3656 2703 3771 2753 λα-

2167 2780 2369 2848 λήσει,
2420 2784 2606 2852 φησιν,
2644 2785 2745 2853 ἀρ’
2793 2786 3031 2850 ἑαυτοῦ,
3079 2788 3216 2842 ἀλλ’
3256 2789 3373 2842 ὅσα
3416 2790 3493 2842 ἂν
3524 2791 3766 2863 ἀκούσῃ

2171 2875 2308 2941 παρ’
2339 2875 2507 2943 ἐμοῦ.
2545 2877 2655 2929 Καὶ
2691 2877 2818 2948 περὶ
2843 2878 3037 2930 ἑαυτοῦ
3067 2897 3198 2948 φησι
3229 2882 3366 2952 πρὸς
3401 2883 3490 2935 τὸν
3517 2883 3761 2954 Πατέρα·

2184 2965 2330 3035 Ἐγώ
2353 2983 2448 3028 σε,
2477 2967 2662 3038 φησὶν,
2684 2968 2948 3031 ἐδόξασα
2981 2970 3080 3022 ἐπί
3109 2971 3219 3038 τῆς
3251 2972 3383 3040 τῆς·
3420 2973 3484 3027 τὸ
3517 2975 3698 3045 ἔργον
3730 2974 3765 3028 ὃ

2168 3056 2397 3123 ἔδωκάς
2463 3059 2504 3089 ³⁷
2553 3077 2676 3127 μοι,
2723 3061 3064 3115 ἐτελείωσα·
3124 3064 3478 3132 ἐφανέρωσά
3522 3083 3639 3119 σου
3693 3068 3765 3121 τὸ

492 3167 677 3204 nomen
710 3162 858 3203 tuum
883 3148 1182 3202 hominibus
1214 3148 1276 3199 ³⁸.
1335 3147 1413 3201 Ac
1471 3147 1538 3201 de
1585 3146 1789 3216 Spiritu
1828 3157 2062 3202 sancto:

2169 3149 2356 3219 ὄνομα
2388 3151 2512 3216 τοῖς
2543 3152 2896 3219 ἀνθρώποις.
2942 3156 3051 3207 Καὶ
3085 3158 3214 3226 περὶ
3256 3157 3349 3210 τοῦ
3397 3159 3551 3226 ἁγίου
3594 3161 3768 3213 [Ινεύ-

493 3241 594 3296 Ille
629 3258 709 3296 me
760 3241 1076 3310 clari/icabit
1098 3281 1113 3306 ,
1153 3241 1280 3309 quia
1303 3239 1366 3292 de
1399 3255 1511 3292 meo
1542 3239 1762 3308 accipiet
1803 3239 1868 3292 ³⁸.

584 3416 787 3471 Verum
818 3417 1089 3470 erraticas
1148 3415 1236 3469 ille
1283 3428 1338 3470 et
1388 3414 1560 3470 falsus
1595 3416 1862 3484 spiritus,
1916 3419 2046 3485 seip

489 3526 614 3566 sum
649 3511 938 3580 praedicat,
975 3524 1075 3562 sua
1120 3509 1385 3579 loquitur,
1420 3508 1524 3563 sibi
1582 3524 1820 3578 namque
1853 3510 2059 3578 placet;

489 3603 732 3671 seipsum
777 3600 1070 3672 glorilicat,
1127 3599 1320 3669 plenus
1367 3600 1512 3654 enim
1569 3598 1712 3653 fastu
1745 3608 1864 3665 est;
1905 3617 2061 3655 men—

487 3699 594 3753 dax
623 3708 725 3764 est,
755 3697 1138 3752 fraudulentus
1159 3738 1175 3764 ,
1223 3697 1599 3752 assentatione
1639 3705 1693 3750 et
1745 3697 2064 3751 adulatione

1042 3854 1086 3885 ³¹
1109 3853 1261 3907 deest
1283 3854 1336 3907 in
1368 3853 1437 3906 al.
1519 3852 1564 3882 ³³
1596 3851 1749 3906 deest
1773 3851 1960 3906 etiam.

559 3855 600 3886 ³¹
625 3855 694 3908 al.
723 3854 963 3926 ὑπάρχῃ.
1042 3854 1086 3885 ³⁸
1109 3854 1261 3907 deest
1283 3854 1336 3907 in
1368 3854 1437 3906 al.
1519 3854 1564 3882 ³³
1596 3874 1601 3898 ι

569 3941 672 3980 ms.
701 3925 958 3987 δέδωκας.
1037 3923 1081 3955 ³⁸
1113 3922 1272 3978 Joan.
1306 3940 1441 3988 xvii,
1469 3923 1523 3988 4,
1547 3923 1601 3976 6.

492 3925 536 3955 ³⁷
569 3941 672 3980 ms.
701 3925 958 3987 δέδωκας.

559 4071 858 4139 (28)"010t
903 4071 1013 4140 γάρ
1054 4071 1193 4124 ἐστε
1238 4070 1404 4124 Θεοῦ.
1461 4068 1640 4124 Codex
1685 4067 2060 4140 Nydpruccia-

486 4158 614 4208 nus,
639 4142 796 4204 ὅλως,
839 4139 984 4211 leg.t.
1016 4141 1438 4211 Auglican.rtoti
1467 4139 1774 4211 easistentes
1807 4139 2062 4211 l_)_ei.Vul-

486 4223 626 4283 gata:
655 4209 918 4283 editiones
954 4211 1152 4283 veteris
1184 4210 1460 4283 versionis
1498 4209 1704 4283 liatinaa
1737 4227 1748 4262 :
1807 4209 2060 4283 Homines

484 4279 624 4336 enim
651 4283 799 4334 estis.
849 4280 948 4333 Ms.
989 4280 1422 4347 Magdalenensis
1455 4299 1468 4332 :
1505 4279 1694 4333 Omnes
1734 4279 1872 4331 enim
1907 4282 2053 4333 estis.

487 4351 810 4406 Baliolensis
840 4359 893 4404 et
927 4349 1273 4415 Petavianus,
1320 4351 1395 4403 uti
1435 4365 1463 4402 a
1506 4349 1665 4402 nobis
1695 4359 1776 4404 est
1803 4348 2009 4403 editum
2042 4369 2054 4403 :

490 4422 666 4476 Unum
691 4421 878 4473 etenim
905 4436 1080 4472 omnes
1113 4421 1260 4473 estis.
1294 4419 1489 4474 Usssa.

2040 3853 2085 3884 ³⁸
2122 3852 2142 3906 ι
2173 3853 2316 3909 Tim.
2343 3872 2419 3918 tv,
2451 3856 2538 3911 10.

1694 3922 1736 3954 ³³
1766 3921 1926 3976 Joan.
1963 3938 2074 3988 im,
2107 3923 2200 3980 Η.

2168 3259 2354 3314 ματος·
2396 3243 2657 3309 Ἐκεῖνος
2689 3245 2794 3314 ἐμὲ
2827 3244 3077 3309 δοξάσει
3114 3248 3247 3318 (54),
3284 3250 3372 3302 ὅτι
3393 3250 3461 3303 ἐκ
3483 3251 3589 3304 τοῦ
3611 3252 3765 3320 ἐμοῦ

2165 3333 2452 3402 λαμϐάνει
2463 3375 2475 3386 .

2238 3425 2310 3477 Τὸ
2337 3425 2393 3477 δὲ
2427 3426 2628 3480 πλάνον
2663 3427 2900 3499 πνεῦμα,
2930 3431 3090 3483 ἑαυτὸ
3118 3431 3397 3502 κηρύττει,
3429 3433 3496 3486 τὰ
3527 3433 3632 3487 ἴδια
3659 3434 3764 3487 λα-

2167 3513 2270 3576 λεῖ,
2320 3516 2662 3586 αὑτάρεσκον
2707 3518 2815 3589 γάρ
2854 3522 3053 3572 ἐστινη
3086 3521 3248 3574 ἑαυτὸ
3297 3521 3543 3586 δοξάζει,
3588 3523 3764 3592 τύφου

2168 3609 2279 3678 γάρ
2324 3610 2442 3660 ἐστι
2488 3611 2684 3680 μεστόν
2711 3628 2722 3640 ·
2759 3611 3083 3680 ψευδολόγον
3133 3613 3404 3685 ὑπάρχει,
3440 3616 3725 3685 ἀπατηλὸν
3747 3657 3762 3679 ,

2167 3698 2541 3766 θωπευτικδν,
2611 3703 3033 3768 κολακευτικὸν,
3090 3705 3323 3760 ὓπουλον
3357 3707 3504 3778 (35),
3575 3709 3764 3780 ῥαψῳ-

2646 3859 2691 3890 ³⁸
2733 3858 2892 3914 Joan.
2921 3876 3032 3928 xw,
3067 3862 3160 3916 24.
3251 3863 3296 3893 ³⁶
3323 3860 3482 3917 Joan.
3516 3880 3628 3928 xw,
3666 3864 3758 3919 l5.

2232 4071 2346 4142 (52)
2394 4067 2492 4138 Οἷς
2529 4076 2640 4126 οὐκ
2666 4073 2922 4127 ἐδώκατε
2956 4073 3222 4142 πάροδον
3242 4073 3482 4142 σπεῖραι
3516 4078 3587 4129 τὰ
3620 4074 3762 4136 (“fd-

2159 4143 2659 4212 wa.ﬁuglican.:
2711 4145 2853 4208 Quos
2905 4161 3005 4196 non
3055 4145 3336 4198 dimisistis
3391 4147 3652 4200 seminare
3695 4148 3759 4200 in

2159 4229 2270 4265 vos.
2306 4211 2427 4266 Vet.
2455 4213 2657 4280 vulgat.
2689 4233 2700 4266 :
2728 4213 2929 4278 Quibus
2968 4231 3070 4266 non
3105 4215 3368 4268 tribuistis
3428 4232 3575 4269 secus
3611 4217 3756 4270 viam

2116 4316 2119 4320 ι
2160 4284 2421 4352 seminare
2469 4283 2680 4352 zizauia
2723 4285 2850 4352 (vel,
2905 4293 2965 4336 ut
3009 4300 3142 4337 mss.
3178 4284 3388 4352 legunt,
3431 4286 3749 4345 zizaniam).

2161 4350 2421 4406 Vedelius
2469 4370 2482 4404 :
2534 4350 2740 4415 Quibus
2789 4370 2891 4405 non
2951 4350 3266 4421 pet-misistis
3306 4350 3380 4408 ut
3415 4359 3468 4408 in
3516 4359 3754 4410 transitu

2158 4423 2478 4476 seminarent
2513 4423 2721 4475 zisauia
2748 4441 2762 4486 ;
2794 4423 3060 4498 vocabulo
3093 4425 3325 4498 πάροδον
3370 4427 3757 4498 adverbialiter

561 4491 674 4557 (29)
723 4489 1004 4570 βάσανον
1053 4489 1390 4558 ἐπαγαγεῖν.
1438 4491 2051 4570 _Auglican.“tqrquere.

2166 4501 2532 4570 sutnptoLpro
2558 4510 2644 4570 eo,
2677 4494 2826 4570 quod
2852 4495 2987 4547 alias
3011 4489 3299 4570 dicitn'rrév
3330 4495 3569 4570 παρόδῳ.
3611 4495 3687 4548 In.

487 4560 616 4642 Yel._
653 4562 855 4641 vulgat.
911 4557 1227 4642 tormentum
1255 4557 1696 4642 superiudticere.
1731 4557 2052 4642 Vedelius”:

487 4631 861 4684 Probationem
891 4631 1164 4693 obducere,
1191 4641 1303 4694 aut,
1329 4629 1684 4699 integritatem
1713 4631 1864 4700 quasi
1887 4629 2056 4700 Lydia

485 4701 661 4769 lapide
705 4701 1033 4768 exploratam
1089 4702 1361 4766 obducere,
1401 4717 1519 4764 seu,
1570 4699 1755 4771 tegere,
1805 4699 2058 4771 quandoa

483 4772 705 4842 quidem
740 4771 988 4840 βάσανος,
1026 4787 1132 4825 ιιοη
1165 4781 1496 4826 tormentum
1534 4770 1731 4835 Solum,
1765 4773 1857 4842 sed
1889 4770 2056 4842 etiam

485 4840 713 4913 Lydium
731 4843 981 4913 lapidem,
1007 4853 1304 4913 etexamen
1331 4843 1475 4913 quod
1489 4859 1555 4896 eo
1579 4841 1956 4913 ﬁt,signilic_et._
1981 4840 2054 4893 Ιι).

555 4912 666 4981 (50)
706 4911 1018 4982 neptunum
1050 4912 1117 4965 δὲ
1154 4911 1359 4982 ὑμῶν(
1389 4911 1595 4967 Novam
1641 4911 1729 4965 hic
1777 4911 2056 4982 periodum

484 4970 676 5048 incipit
706 4970 874 5036 eodeni
905 4970 1132 5052 u'terque
1170 4970 1415 5047 Graecus,
1448 4970 1800 5052 Augustanus
1827 4990 1880 5035 et
1915 4977 2059 5052 Nyd-

483 5054 850 5121 pruccianus:
904 5054 958 5106 in
998 5051 1229 5123 quorum
1270 5051 1574 5121 posteriore
1606 5051 1823 5123 additur
1863 5051 2058 5123 et_ini-

485 5120 561 5175 tio
589 5123 856 5191 particula
897 5124 974 5188 δέ,
1009 5120 1063 5176 et
1103 5124 1193 5175 lini
1241 5120 1466 5177 verbum
1523 5120 1836 5176 ἐκϐάλλετε.
1899 5121 2053 5186 Quae,

483 5192 609 5246 licet
644 5209 743 5264 nec
774 5193 826 5246 in
857 5194 1174 5264 Augustano
1195 5192 1490 5260 exemplari
1527 5208 1701 5261 neque
1741 5193 1794 5245 in
1824 5201 2059 5259 utroque

481 5271 662 5317 vetere
684 5262 878 5317 Latino
903 5262 1196 5331 interprete
1221 5273 1591 5330 compareant,
1615 5264 1850 5317 retinere
1875 5271 2057 5315 tamen

482 5333 658 5387 visum
685 5335 813 5398 fuit;
849 5350 914 5387 ne
944 5347 1139 5388 sensus
1167 5333 1370 5402 alioqui
1393 5333 1650 5402 penderet
1680 5331 2054 5402 imperfectus.

481 5403 863 5489 μερισίςήματος
891 5413 1072 5489 autem
1123 5401 1334 5489 vocem,
1379 5401 1409 5457 a
1434 5403 1500 5486 .B.
1533 5402 1703 5489 Paulo
1743 5417 1960 5475 quoque
2000 5401 2055 5455 in

482 5473 503 5526 1
537 5473 785 5527 Corinth.
825 5490 897 5536 Iv,
934 5475 1001 5526 15
1049 5484 1392 5542 usurpatam,
1434 5475 1486 5528 in
1532 5475 1726 5528 Latina
1762 5473 1874 5528 sua
1930 5487 2056 5526 ver-

482 5543 635 5614 sione
662 5544 753 5596 hie
785 5545 976 5597 retinet
1014 5553 1198 5614 noster
1233 5544 1518 5614 interpres.
1553 5543 1630 5598 In.

551 5613 662 5681 (5|)
708 5616 769 5666 Οἱ
807 5613 1077 5684 σαρκικοί
1131 5613 1202 5666 τὰ
1249 5613 1616 5684 πνευματικὰ
1659 5614 1940 5684 πράττειν·
1982 5614 2054 5665 οὑ

477 5681 785 5746 δύνανται,
825 5683 965 5736 οὐδὲ
997 5686 1050 5735 οἱ
1083 5681 1463 5753 πνευματωέοί
1504 5685 1573 5738 τὰ
1604 5681 1877 5752 σαρκικὰ.
1903 5683 2054 5737 Cita-

481 5753 707 5823 turhtee
754 5753 938 5823 lgnatii
988 5757 1256 5809 sententia
1297 5772 1327 5811 a
1364 5755 1411 5811 J.
1453 5756 1813 5822 Damasceno,
1853 5755 1908 5810 in
1939 5753 2051 5809 Pa-

481 5821 656 5877 rallel.
682 5821 797 5877 libf
822 5839 901 5890 tu,
935 5840 1054 5895 cap.
1083 5824 1172 5881 66.
1203 5825 1278 5880 la.

2235 4557 2348 4634 ('55)
2396 4557 2512 4629 Τὴν
2679 4557 2880 4634 αὐτῶν·
2903 4557 3464 4634 καταγγελλομένήν
3483 4557 3750 4632 summa

2160 4629 2442 4704 Anglican.
2476 4629 2795 4704 :VSeminata
2829 4631 2891 4684 ab
2927 4629 3075 4702 ipsis.
3097 4629 3227 4688 Vel.
3270 4629 3472 4704 vulgat.
3516 4629 3753 4689 errorem

2198 4702 2250 4754 ui
2297 4703 2360 4754 ab
2402 4703 2531 4767 ipsis
2554 4703 2876 4770 prtedicatur
2902 4704 3027 4768 (vel,
3057 4717 3133 4757 est
3166 4702 3532 4773 praedicatus),
3586 4716 3644 4759 ut
3692 4707 3751 4760 in

2160 4719 2370 4825 amco.
2411 4770 2704 4825 Seauentia
2732 4788 2860 4825 vero
2887 4774 3116 4825 vulgata:
3149 4776 3420 4825 versiouis
3463 4777 3577 4825 (nec
3610 4793 3643 4825 a
3665 4792 3751 4825 se-

2212 4787 2370 4845 rasco.
2411 4770 2704 4845 Sequenti}
2732 4788 2860 4845 vero
2887 4774 3116 4840 vulgatae
3149 4770 3420 4829 versiouis
3463 4770 3577 4845 (nec
3610 4793 3643 4828 a
3665 4792 3755 4830 se-

2161 4843 2400 4914 metipso,
2445 4844 2541 4914 sed
2569 4860 2600 4894 ιι
2645 4841 2904 4914 Domino;
2948 4846 3081 4896 sicut
3126 4856 3172 4898 et
3200 4845 3456 4899 Dominus
3473 4841 3539 4898 ea
3566 4863 3685 4914 qua:
3715 4864 3750 4899 a

2164 4910 2327 4982 Ratre
2364 4912 2566 4965 audivit
2606 4912 2753 4966 nobis
2789 4915 3092 4982 aummtiat)
3127 4915 3179 4968 in
3221 4916 3342 4970 aliis
3377 4910 3647 4982 mutilata,
3681 4932 3752 4971 ex

2161 4979 2560 5052 Magilalenensi
2585 4979 3166 5052 codicerestituimus.
3205 4984 3404 5040 Ussen.

2234 5050 2346 5125 (54)
2395 5050 2651 5125 Ἐκεῖνος
2693 5051 2798 5121 ἐμὲ
2829 5051 3094 5116 δοξάσει.
3150 5053 3270 5109 Vet.
3314 5056 3516 5125 vulgat.
3570 5076 3581 5109 :
3641 5055 3752 5111 Ille

2160 5137 2240 5174 me
2271 5121 2590 5190 gloriﬁcabit
2621 5139 2776 5190 super
2822 5134 3038 5189 terram,
3081 5125 3163 5178 vel
3195 5137 3253 5178 ut
3282 5142 3385 5179 ms.
3412 5121 3752 5182 'Baliolensis

2162 5191 2365 5245 habet:
2400 5191 2500 5244 Ille
2540 5209 2617 5245 me
2667 5193 2985 5262 clariﬁcabit
3042 5195 3097 5246 in
3147 5198 3321 5250 terris.
3381 5195 3750 5252 Merionensis

2157 5276 2289 5336 vero
2315 5263 2482 5336 codex
2509 5263 2827 5336 simpliciter
2853 5263 3002 5336 legit,
3032 5262 3140 5336 fI/le
3170 5283 3249 5318 me
3283 5265 3602 5336 gloriﬁcabit
3627 5281 3646 5329 ;
3692 5276 3750 5321 et

2157 5329 2507 5405 Petavianus,
2546 5329 2646 5385 Ille
2677 5350 2756 5385 me
2781 5329 3092 5405 clariﬁeabit
3112 5352 3131 5388 :
3208 5329 3431 5405 absque
3463 5337 3750 5392 additione

2158 5401 2247 5475 illa
2284 5403 2482 5475 altera;
2547 5419 2709 5475 quam
2754 5401 2930 5472 neque
2975 5403 3274 5475 Evangelii,
3327 5401 3511 5475 neque
3563 5406 3748 5475 ipsius

2161 5472 2351 5541 lgnatii
2392 5481 2570 5526 textus
2595 5472 2816 5527 Crtecus
2851 5475 3116 5542 agnoscit.
3133 5472 3228 5528 'ln.

2228 5543 2340 5612 (55)
2382 5542 2774 5605 Θωπευτικὸν,
2810 5545 3256 5610 κολακευτικὸν,
3291 5547 3582 5600 ὕπουλον.
3614 5542 3741 5606 Vet.

2156 5613 2360 5684 vulgat.
2389 5612 2645 5673 lubricus,
2671 5614 2921 5680 superbus
2950 5615 3028 5667 vel
3067 5618 3147 5684 (ut
3174 5614 3607 5684 Magdalenensis
3637 5632 3739 5670 Cu-

2155 5682 2475 5756 dexhabet)
2507 5683 2895 5756 superstitiosus,
2927 5682 3202 5756 arrogans.
3228 5682 3331 5742 Alii
3359 5706 3372 5741 :
3403 5688 3743 5754 Assentatur,

2157 5752 2427 5816 adulator,
2469 5753 2744 5808 subdolus.
2773 5754 2850 5809 lu.
