4076 6454
409 412 516 467 7>ί3

1265 409 1624 467 ΕΡΙΞΤΟῙᾹΕ
1661 409 2191 468 ΙΝΤΕΒΡΟΙλΑΤίΕ.
2233 445 2302 454 —-
2329 414 2421 468 AD
2456 413 2810 470 EPIIESIOS.

3551 419 3656 474 746

409 550 508 602 μεν
521 531 692 604 (54)·ἢ
711 532 820 602 γὰρ
836 533 946 604 (55)
965 533 1009 564 ⁵⁵
1027 531 1122 604 τὴν
1139 533 1434 604 μέλλουσαν
1449 535 1618 608 ὀργὴν
1635 534 1961 606 φοϐηθῶμεν

2053 543 2265 595 ,turam
2314 536 2602 590 timeamus
2656 537 2822 602 iram,
2862 545 2953 590 aut
3007 551 3245 607 prtescns
3283 537 3540 607 gaudium
3599 540 3654 592 in

404 621 437 692 ἢ
465 624 564 691 τὴν
601 623 905 676 ἐνεστῶσαν
930 623 1106 694 χαρὰν
1145 625 1520 695 ἀγαπήσωμεν
1549 627 1606 678 ἐν
1634 625 1712 695 τῷ
1735 625 1830 678 νῦν
1856 625 1977 695 βίῳο

406 711 545 763 ἔστω
575 711 633 763 δέ
655 713 689 782 ἡ
712 713 988 765 ἐνεστῶσα
1018 714 1162 785 χαρά
1183 716 1278 767 καὶ
1305 716 1339 785 ἡ
1369 715 1617 786 ἀληθινὴ,
1649 715 1708 767 τὸ
1741 716 1899 786 μόνον
1920 717 1976 769 ἐν

406 803 628 874 Χριστῷ
665 804 838 875 Ἰησοῦ
871 805 1179 877 εὑρεθῆναι,
1209 808 1290 869 είς
1315 807 1379 859 τὸ
1405 807 1673 878 ἀληθινῶς
1705 807 1823 877 ζῇν·
1867 825 1977 876 χω-

408 895 492 966 ρὶς
515 893 727 958 τούτου,
788 894 910 963 μηδ’
942 895 1008 948 ἂν
1055 895 1390 948 ἀναπνεῦσαί
1440 894 1551 965 (56)
1592 912 1722 947 ποτε
1758 893 1972 964 ἕλησθε

403 979 556 1048 οὗτος
571 985 680 1056 γάρ
700 1003 800 1056 μου
829 988 860 1056 ἡ
883 986 1055 1049 ἐλπὶς,
1091 979 1245 1050 οὗτος
1269 987 1328 1039 τὸ
1343 985 1624 1057 καύχημα,
1649 979 1804 1050 οὗτος
1823 987 1980 1039 ἀνελ-

405 1077 566 1147 λιπὴς
581 1076 830 1140 πλοῦτος·
849 1078 907 1129 ἐν
936 1071 981 1144 ᾧ
1011 1077 1080 1130 τὰ
1107 1076 1282 1148 δεσμά
1304 1077 1412 1130 ἀπὸ
1428 1076 1626 1147 Συρίας
1653 1077 1815 1150 μέχρι
1844 1076 1976 1129 Ῥώ-

405 1187 512 1242 μης
539 1171 838 1242 περιφέρω,
862 1171 986 1233 τοὺς
1003 1171 1402 1239 πνευματικοὺς
1428 1171 1790 1241 μαργαρίτας,
1815 1172 1872 1222 ἐν
1896 1167 1976 1234 οἷς

401 1258 608 1326 γένοιτὸ
637 1277 725 1329 μοι
744 1258 1112 1329 τελειωθῆναι,
1136 1261 1202 1329 τῇ
1233 1259 1508 1328 προσευχῇ
1540 1258 1712 1328 ὑμῶν,
1747 1258 1973 1329 μέτοχον

400 1351 507 1403 τῶν
528 1351 672 1423 παθη
683 1351 868 1421 μάτων
897 1349 1155 1422 Χριστοῦ,
1203 1352 1296 1404 καὶ
1337 1351 1589 1404 κοινωνὸν
1617 1350 1712 1404 τοῦ
1737 1349 1968 1404 θανάτου

397 1443 563 1497 αὐτοῦ
585 1442 859 1513 γενέσθαι,
882 1445 975 1496 καὶ
1006 1443 1105 1514 τῆς
1131 1444 1195 1496 ἐκ
1225 1441 1434 1515 νεκρῶν
1477 1443 1843 1506 ἀναστάσεως,
1877 1444 1972 1496 καὶ

397 1535 496 1605 τῆς
525 1535 849 1599 ἀνεκλιποῦς
889 1535 1052 1606 ζωῆς·
1084 1531 1154 1608 ἦς
1179 1534 1389 1604 γένοιτό
1434 1553 1522 1606 μοι
1554 1536 1851 1606 ἐπιτυχεῖν,
1882 1535 1971 1589 ’ίνα

398 1627 455 1678 ἐν
487 1625 673 1696 κλήρῳ
715 1627 979 1695 Ἐφεσίων
1009 1625 1217 1698 εὑρεθῶ
1246 1624 1356 1678 τῶν
1387 1625 1726 1697 Χριστιανῶν
1745 1667 1760 1689 ,
1794 1626 1843 1679 οἳ
1875 1627 1968 1680 καὶ

397 1720 507 1780 τοῖς
551 1717 869 1781 ἀποστόλοις
901 1717 1131 1770 πάντοτε
1171 1717 1425 1788 συνῆσαν,
1451 1718 1508 1769 ἐν
1534 1717 1760 1788 δυνάμει
1787 1717 1964 1788 Ἰησοῦ

397 1807 666 1880 Χριστοῦ,
699 1807 916 1878 Παύλῳ,
965 1808 1209 1878 Ἰωάννῃ,
1275 1807 1526 1878 Τιμοθέῳ
1573 1807 1653 1878 τῷ
1708 1808 1967 1862 πιστοτά-

395 1915 473 1968 τῳ
499 1898 626 1968 (57).

463 1989 580 2043 ΧιΙ.
609 1983 741 2042 Οἶδα
760 1989 842 2053 τίς
871 1990 1005 2062 εἰμι,
1024 1989 1118 2044 καὶ
1145 1988 1253 2044 τίσι
1277 1989 1492 2060 γράφω.
1511 1989 1651 2059 Ἐγὼ
1667 1991 1711 2022 ⁶⁶
1734 1991 1832 2061 μὲν
1849 1990 1960 2060 (58)

391 2079 422 2130 ὁ
462 2079 741 2151 ἐλάχιστος
775 2083 1064 2149 Ἰγνάτιος,
1115 2082 1210 2136 καὶ
1250 2085 1364 2146 τοῖς
1413 2083 1518 2136 ὑπὸ
1571 2081 1810 2136 κίνδυνον
1869 2083 1964 2135 καὶ

395 2171 574 2242 κρίσιν
600 2173 898 2244 παρόμοιος
918 2192 930 2204 ⁸
963 2175 1121 2246 ὑμεῖς
1148 2177 1226 2240 δέ,
1249 2177 1560 2248 ἠλεημένοι,
1580 2175 1963 2247 ἐστηριγμένοι

393 2266 452 2316 ἐν
489 2267 726 2338 Χριστῷ.
761 2268 1090 2339 Παραδοθείς
1118 2285 1181 2338 γε
1201 2267 1332 2338 ἐγὼ,
1360 2271 1403 2302 ⁸⁷
1427 2269 1563 2323 ἀλλὰ
1593 2269 1700 2322 τῶν
1724 2268 1812 2322 διὰ
1831 2269 1965 2340 Χρι-

394 2356 518 2410 στὸν
563 2360 1004 2431 ἀναιρουμένων,
1047 2361 1164 2415 ἀπὸ
1203 2361 1308 2414 τοῦ
1348 2361 1594 2430 αἵματος
1638 2361 1818 2414 ’Ἅϐελ
1857 2359 1975 2445 τοῦ

391 2449 622 2503 δικαίου
649 2450 760 2517 ἕως
800 2452 907 2505 τοῦ
936 2453 1184 2522 αἵματος
1224 2453 1514 2523 Ἰγνατίου
1533 2492 1548 2516 ,
1592 2451 1870 2522 ἐλάχιστος
1893 2452 1958 2504 ⁸⁸.

390 2542 436 2575 ⁷⁸
475 2541 663 2612 Ὑμεῖς
691 2543 747 2596 δὲ
788 2544 1002 2597 Παύλου
1033 2544 1144 2614 (59)
1181 2544 1492 2616 συμμύσται
1521 2545 1663 2609 ἐστὲ,
1700 2544 1962 2616 ἡγιασμέ-

389 2650 504 2698 νου,
529 2635 1022 2706 μεμαρτυρημένου
1053 2637 1134 2690 δτι
1166 2635 1360 2699 σκεῦός
1393 2637 1539 2689 ἐστιν
1557 2635 1788 2706 ἐκλογῆς
1812 2635 1922 2706 (60)
1943 2651 1956 2664 ’

389 2716 452 2777 οὗ
486 2725 696 2793 γένοιτὸ
734 2743 824 2796 μοι
851 2726 956 2779 ὑπὸ
991 2726 1057 2780 τά
1079 2727 1200 2797 ἴχνη
1239 2727 1548 2798 εὑρεθῆναι,
1581 2728 1674 2780 καὶ
1709 2727 1816 2781 τῶν
1852 2727 1961 2780 λοι-

391 2815 507 2868 πῶν
526 2817 716 2885 ἁγίων,
733 2818 861 2870 ὅταν
888 2817 1062 2888 Ἰησοῦ
1083 2818 1318 2890 Χριστοῦ
1339 2819 1580 2890 ἐπιτύχω
1598 2836 1612 2850 ο
1648 2818 1706 2882 ὃς
1730 2817 1958 2874 πάντοτε

387 2909 451 2964 ἐν
474 2910 594 2973 ταῖς
613 2908 860 2979 δεήσεσιν
887 2906 1053 2961 αὑτοῦ
1086 2908 1413 2980 μνημονεύει
1435 2911 1476 2940 '“
1513 2909 1664 2981 ὑμῶν
1698 2909 1829 2983 (61).

453 3067 597 3119 XIII.
632 3065 968 3130 Σπουδάζετε
996 3061 1089 3121 οὗν
1126 3068 1456 3138 πυκνότερον
1495 3067 1850 3139 συνέρχεσθαι
1877 3072 1956 3135 εἰς

384 3157 733 3229 εὐχαριστίαν
765 3156 900 3210 Θεοῦ
925 3156 1056 3228 (6'2),
1083 3158 1179 3211 καὶ
1206 3157 1361 3222 δόξαν
1380 3174 1392 3188 ·
1421 3160 1549 3212 ὅταν
1577 3157 1684 3228 γὰρ
1718 3162 1956 3231 συνεχῶς

2086 626 2189 678 hac
2217 626 2322 679 vita
2347 641 2594 680 amemus
2618 645 2631 691 ;
2668 627 2738 680 sit
2762 636 2940 681 autem
2968 643 3204 696 praesens
3229 643 3293 682 ac
3313 644 3500 682 verum
3521 643 3655 697 gau-

2083 716 2254 783 dium,
2303 724 2364 770 nt
2414 727 2624 774 tantum
2659 721 2713 773 in
2747 720 2968 774 Christo
3009 719 3138 775 Jesu
3179 721 3556 784 inveniamur,
3584 722 3653 778 ad

2083 825 2268 864 veram
2291 809 2457 864 vitam
2492 811 2809 876 vivendam;
2840 813 2958 866 sine
2992 813 3095 866 hoc
3137 827 3204 867 ne
3227 812 3497 880 respirare
3529 813 3654 882 qui-

2081 900 2203 955 dem
2228 901 2520 970 aliquando
2545 901 2746 956 velitis.
2776 901 2874 956 Hic
2905 903 3052 956 enim
3089 917 3210 956 mea
3239 917 3387 971 spes,
3413 903 3504 958 hic
3531 904 3648 973 glo-

2081 993 2264 1059 riatio,
2299 993 2385 1048 hic
2408 993 2775 1049 indelicientes
2798 994 3032 1059 divitiae;
3072 995 3126 1049 in
3169 1010 3275 1064 quo
3307 1012 3333 1048 a
3361 995 3516 1067 Syria
3541 995 3651 1050 Ro-

2080 1098 2225 1136 mam
2259 1097 2451 1151 usque,
2486 1083 2702 1140 vincula
2733 1083 3064 1138 circum’fero
3089 1125 3104 1148 ,
3149 1084 3462 1152 spirituales
3501 1101 3650 1139 mar-

2079 1173 2302 1242 garitas,
2348 1173 2401 1227 in
2461 1175 2662 1243 quibus
2717 1176 2997 1245 contingat
3055 1176 3188 1228 mihi
3233 1177 3646 1242 consummari,

2077 1265 2330 1335 precibus
2352 1266 2568 1331 vestris,
2593 1274 2646 1320 et
2668 1266 2984 1334 participem
3012 1266 3126 1320 fieri
3153 1268 3467 1335 passionum
3485 1267 3647 1322 Chri-

2077 1357 2144 1411 sti
2165 1396 2179 1418 ,
2213 1366 2266 1410 et
2291 1357 2480 1412 mortis
2508 1358 2698 1426 ipsius,
2743 1372 2807 1411 ac
2836 1372 2899 1410 ex
2941 1359 3174 1412 mortuis
3204 1359 3642 1421 resurrectionis,

2074 1450 2305 1519 vitaeque
2357 1458 2571 1503 aeternae
2624 1456 2975 1514 consortem;
3027 1464 3191 1517 quam
3238 1449 3445 1503 utinam
3495 1466 3646 1505 asse-

2074 1557 2230 1611 quar.
2273 1549 2331 1595 ut
2363 1540 2609 1594 inveniar
2645 1540 2698 1594 in
2731 1549 2876 1595 sorte
2907 1539 3268 1610 Ephesiorum
3301 1542 3644 1598 Christiano-

2073 1649 2192 1687 rum
2216 1674 2232 1697 ,
2272 1632 2366 1702 qui
2411 1641 2468 1686 et
2501 1647 2626 1686 cum
2656 1633 2920 1700 apostolis
2951 1631 3005 1686 in
3037 1632 3235 1686 virtute
3276 1631 3404 1688 Jesu
3435 1634 3641 1689 Christi

2073 1738 2287 1792 semper
2314 1723 2621 1777 conversati
2646 1735 2793 1789 sunt,
2829 1721 3022 1788 Paulo,
3054 1719 3288 1788 Joanne,
3323 1738 3386 1778 ac
3432 1723 3628 1780 ﬁdelis-

2073 1819 2214 1874 simo
2249 1817 2564 1872 Timotheo.

2135 1975 2249 2030 Xll.
2277 1975 2402 2029 Scio
2429 1974 2521 2044 qui
2549 1989 2692 2040 sum,
2727 1983 2781 2028 et
2812 1975 3012 2043 quibus
3048 1974 3248 2029 scribo.
3278 1973 3392 2044 Ego
3416 1975 3638 2044 quidem

2066 2068 2328 2121 minimus
2363 2066 2620 2136 lgnatius,
2649 2076 2702 2120 et
2757 2065 2950 2120 similis
3019 2065 3086 2120 iis
3126 2066 3219 2134 qui
3283 2067 3336 2120 in
3395 2067 3639 2135 periculo

2063 2169 2118 2214 et
2168 2158 2621 2214 condcmnatione
2669 2167 2998 2213 versantur:
3031 2172 3129 2213 vos
3187 2167 3366 2212 autem
3421 2159 3636 2212 miseri-

2064 2249 2304 2304 cordiam
2339 2248 2593 2313 assecuti,
2623 2249 2820 2304 ﬁrmati
2857 2251 2910 2304 in
2934 2249 3174 2305 Christo.
3195 2250 3450 2306 Traditus
3481 2252 3636 2320 equi-

2062 2342 2182 2395 dem
2205 2356 2357 2407 sum;
2381 2341 2473 2396 sed
2505 2341 2763 2396 minimus
2784 2356 2972 2396 eorum
3010 2342 3101 2412 qui
3120 2352 3338 2412 propter
3356 2344 3632 2398 Christum

2063 2431 2368 2502 interempti
2393 2441 2540 2495 sunt,
2577 2449 2608 2486 a
2643 2434 2894 2502 sanguine
2924 2432 3100 2488 Abelis
3153 2434 3289 2502 justi
3343 2450 3507 2504 usque
3563 2434 3634 2487 ad

2065 2521 2266 2593 Ignatii
2294 2523 2596 2592 sanguinem
2620 2523 2683 2576 ⁸⁸.
2710 2523 2860 2578 Pauli
2892 2533 3199 2596 symmystze
3221 2525 3478 2594 estis,qui
3508 2540 3636 2579 san-

2063 2616 2333 2671 ctiﬁcatus
2363 2627 2467 2681 est,
2489 2630 2554 2670 ac
2585 2616 2952 2672 testimonium
2978 2629 3324 2680 consecutus,
3365 2617 3511 2686 quod
3537 2632 3633 2671 vas

2061 2706 2342 2761 electionis
2363 2716 2540 2773 esset;
2580 2707 2646 2762 ad
2703 2707 2862 2777 cujus
2888 2709 3132 2778 vestigia,
3187 2707 3633 2778 reliquorumque

2061 2807 2372 2852 sanctorum
2414 2799 2693 2868 contingat
2756 2797 2890 2851 mihi
2926 2807 2985 2852 ut
3006 2798 3285 2863 inveniar,
3322 2798 3413 2852 ubi
3442 2796 3630 2852 Jesum

2058 2886 2338 2942 Christum
2360 2897 2553 2943 nactus
2579 2888 2734 2946 fuero
2761 2904 2774 2941 :
2803 2887 2896 2960 qui
2923 2903 3137 2960 semper
3161 2889 3214 2944 in
3240 2891 3490 2959 precibus
3514 2892 3631 2946 suis

2059 2986 2144 3032 est
2175 2993 2383 3033 memor
2403 2978 2587 3034 vestri.

2130 3069 2264 3125 Xlll.
2295 3069 2430 3126 Date
2474 3071 2657 3141 itaque
2683 3086 2924 3142 operam,
2960 3078 3020 3126 ut
3047 3070 3291 3126 crebrius
3340 3086 3630 3143 congrege-

2057 3161 2196 3215 mini
2241 3161 2309 3216 ad
2339 3161 2540 3233 gratias
2591 3161 2703 3216 Deo
2754 3165 3012 3235 agendas,
3073 3163 3328 3233 illiusque
3373 3164 3625 3234 gloriam.

382 3251 477 3302 ἐπὶ
509 3250 569 3304 τὸ
596 3249 725 3304 αὐτὸ
753 3249 982 3320 γένησθε
1003 3290 1017 3314 ,
1043 3248 1429 3321 καθαιροῦνται
1457 3251 1510 3302 αἱ
1551 3250 1808 3322 δυνάμεις
1856 3251 1949 3306 τοῦ

2054 3251 2286 3319 Quando
2315 3253 2462 3308 enim
2503 3254 2701 3323 saepius
2737 3253 2790 3307 in
2825 3255 2963 3309 idem
2991 3253 3093 3309 loci
3130 3253 3450 3321 convenitis,
3482 3254 3630 3308 labe—

383 3343 613 3406 Σατανᾶ,
643 3342 738 3395 καὶ
763 3341 1019 3414 ἄπρακτα
1049 3340 1214 3395 αὐτοῦ
1239 3341 1556 3411 ἐπιστρέφει
1581 3341 1648 3396 τὰ
1677 3357 1948 3412 πεπυρω-

485 3523 531 3555 ευ
559 3521 630 3576 al.
659 3521 878 3594 μᾶλλον.

379 3593 601 3648 habent.
660 3589 721 3624 "“
751 3594 824 3648 al.
858 3589 1031 3662 ὑμῶν.

449 3740 558 3863 (5‘)
602 3737 699 3806 Μὴ
726 3737 830 3792 τοῦ
867 3739 1133 3791 πλούτου
1165 3735 1273 3804 τῆς
1308 3738 1713 3806 χρηστότητος
1758 3738 1945 3793 αὐτοῦ

449 3847 452 3856 .
502 3809 611 3863 nic-
647 3806 878 3863 ἁνογῆρ
912 3805 1472 3863 καταφρονήσωιιεν.
1493 3805 1598 3861 Pro
1618 3809 1736 3863 istis
1759 3817 1944 3863 noster

375 3805 472 3864 καὶ
502 3805 611 3877 τῆς
647 3805 878 3878 ἀνοχῆς
912 3805 1472 3878 καταφρονήσωμεν.
1492 3805 1598 3878 Pro
1618 3809 1736 3863 istis
1759 3817 1944 3863 noster

377 3881 641 3948 interpres
676 3879 836 3933 habet
867 3897 879 3930 :
923 3897 942 3928 ι
977 3887 1036 3930 ut
1071 3877 1367 3948 nonnobis
1403 3878 1456 3930 in
1482 3877 1887 3948 judiciumliat.
1915 3899 1935 3930 ι

375 3947 640 4019 Vulgatus
671 3967 683 4002 :
727 3967 746 4000 ι
769 3957 823 4019 et
843 3963 949 4002 non
980 3949 1153 4019 simius
1179 3947 1492 4001 divitiarum
1523 3957 1617 4001 aut
1645 3947 1940 4002 utilitatum

370 4018 560 4090 eorum
598 4020 696 4090 (ita
724 4018 879 4090 enim
909 4033 1040 4090 mss.
1078 4018 1281 4085 legunt,
1329 4032 1472 4083 non,
1509 4033 1685 4090 rerum
1709 4058 1724 4081 ,
1756 4026 1815 4090 ιιι
1843 4019 1940 4071 ha-

371 4092 502 4144 bent
531 4085 654 4143 libri
675 4087 828 4151 editi)
863 4089 1213 4156 appetitores,
1243 4105 1263 4138 ι
1298 4090 1523 4157 omnino
1546 4088 1758 4141 vitiose.
1781 4085 1937 4157 lgna-

372 4162 508 4214 tinin
542 4159 709 4219 enim.
749 4158 834 4212 vel
889 4159 1063 4226 ipsius
1113 4156 1305 4210 saltem
1350 4156 1831 4225 interpolatorem,
1867 4157 1934 4210 ad

371 4230 488 4283 haec
511 4231 673 4283 verba
691 4227 845 4282 Pauli
877 4227 1184 4296 respexisse
1211 4240 1324 4296 non
1349 4235 1434 4296 est
1449 4226 1680 4296 dubium
1711 4227 1814 4279 :‘H
1837 4226 1933 4280 τοῦ

369 4299 599 4384 πλούτου
637 4299 736 4384 τῇς
768 4294 1132 4384 χρηστότητος
1163 4295 1326 4384 αύὶτοῦ
1345 4294 1460 4366 (Dei
1480 4297 1692 4384 ultiqp'e)
1722 4296 1935 4366 καὶτῆς

371 4386 483 4440 μακ
521 4365 1165 4438 οθυμίας’καταφροῖδεῖς;
1204 4365 1362 4419 Rom.
1398 4381 1468 4429 II,
1501 4365 1791 4421 4.7USSEn.
1895 4365 1900 4366 7

439 4387 552 4508 (ὦ)
575 4437 828 4492 Μᾶλλον
859 4436 988 4506 γάρ.
1008 4436 1202 4508 (Locus
1224 4451 1292 4490 ex
1314 4433 1728 4508 Nydp‘rucciano
1747 4434 1935 4489 codice

365 4506 666 4578 integritati
724 4523 839 4563 sine
891 4507 1176 4561 restitutus
1218 4515 1342 4560 est:
1382 4506 1477 4576 qui
1512 4506 1567 4559 in
1609 4506 1933 4626 Augustam

365 4580 648 4626 mutilatus
711 4579 782 4626 ita
831 4577 1160 4626 legebatur:
1197 4575 1269 4626 Ἢ
1313 4575 1422 4626 γὰο
1474 4575 1575 4626 τὴν
1636 4576 1702 4626 ιιέ
1735 4575 1933 4626 λουσαν

365 4575 660 4647 mutilatus,
711 4579 783 4632 ita
831 4577 1160 4647 legebatur:
1197 4575 1269 4628 Ἢ
1305 4575 1422 4647 γὰρ
1474 4575 1588 4647 τὴν,
1635 4575 1933 4647 μέλλουσαν

361 4649 534 4720 ὀργὴν
566 4646 908 4718 φοϐηθῶμεν,
941 4646 975 4717 ἢ
1011 4646 1108 4720 τῂν
1137 4645 1440 4720 ἐνεστῶσαν
1463 4645 1830 4720 χαράν-(χάριν
1854 4645 1934 4697 le-

362 4715 451 4790 git
477 4715 588 4772 hic'
608 4715 841 4790 uterque
861 4715 1032 4790 vetus
1057 4715 1283 4790 Latinu_s_
1315 4715 1602 4790 interpres)
1630 4716 1933 4790 ἀγαπήσω-

364 4784 464 4860 ιῖιεν
492 4791 550 4840 ἐν
579 4787 658 4858 τῷ
690 4784 784 4860 νῦίν
819 4786 953 4860 βίῳ,
969 4787 1127 4860 μόνον
1159 4788 1217 4838 ἐν
1239 4784 1471 4856 Χριστῷ
1494 4784 1670 4856 Ἰησοῦ
1703 4784 1932 4860 εὑρεθῆ-

362 4856 470 4922 ναι,
499 4856 641 4927 οιοηξ
673 4857 995 4927 quibus,_in
1035 4857 1331 4925 interprete
1370 4866 1563 4927 nostro
1600 4856 1932 4927 respondent

360 4928 499 4982 ista:
539 4946 557 4978 ι
605 4924 705 4981 Vel
721 4927 866 4981 enim
903 4924 1144 4980 futuram
1177 4924 1312 4993 iram
1350 4925 1660 4989 timeamus,
1687 4926 1769 4978 vel
1800 4939 1929 4993 prae-

359 5010 566 5067 sentem
607 4997 841 5067 gratiam
864 4995 1188 5067 diligamus.
1245 4992 1429 5067 Unum
1462 4997 1701 5050 duorum
1748 4992 1924 5050 solum

359 5066 414 5120 in
443 5057 667 5121 ϐίη-ἰεῖο
699 5066 828 5121 Jesu
863 5057 1157 5119 invenitur.
1201 5078 1219 5110 ι
1253 5057 1329 5114 lo.

429 5138 543 5208 (56)
576 5136 724 5206 Mne“
768 5135 845 5189 ἂν
880 5135 1274 5208 ἀναπνεῦσαι.
1309 5134 1386 5190 Ita
1420 5133 1605 5208 codex_
1636 5131 1924 5208 Nydprue-f

356 5203 550 5262 cianus
585 5226 598 5262 :
625 5203 723 5276 pro
757 5221 868 5276 quo
899 5207 1251 5275 Augustanus
1277 5220 1559 5274 perperam
1594 5203 1722 5274 legit
1745 5203 1773 5266 ,ί
1796 5203 1923 5275 μηδ’

356 5277 424 5331 ἃν
454 5277 734 5345 ἁγνεῦσαι.
765 5277 843 5345 lo.
901 5343 922 5345 _
1197 5343 1206 5345 _
1233 5330 1290 5344 οἳ

426 5342 538 5417 (57)
578 5344 827 5418 Τιμοθέῳ
849 5343 930 5409 τῷ
955 5342 1311 5418 ίτιοτοτάτῷ.
1361 5343 1464 5418 Hie
1510 5345 1621 5414 jam
1680 5342 1921 5418 secundo

355 5413 648 5471 Timothei'
683 5417 738 5470 in
791 5417 895 5470 hac
953 5414 1193 5484 Epistola
1238 5413 1593 5484 interpolator
1645 5413 1916 5476 meminit,

354 5489 565 5554 adjecto
596 5487 834 5556 epitheto
866 5484 959 5538 τοῦ
994 5483 1336 5556 πιστοτάτου.
1357 5485 1496 5539 Cum
1522 5483 1806 5556 Timotheo
1819 5498 1918 5536 au-

353 5566 460 5611 tem
487 5568 540 5612 et
572 5554 796 5612 Paulum
824 5555 1103 5625 conjungit
1123 5564 1178 5609 et
1204 5554 1467 5625 Joannem
1494 5575 1506 5609 :
1539 5555 1683 5623 quod
1717 5554 1771 5606 hi
1806 5562 1915 5625 tres

353 5644 477 5680 eum
529 5626 778 5696 Ephesiis
822 5623 1077 5694 (aliquos
1115 5628 1318 5695 scripta
1352 5623 1455 5679 fuit
1495 5627 1609 5678 haec
1654 5623 1912 5696 epistola)

351 5699 443 5750 diu
475 5695 695 5761 versati,
733 5696 990 5764 praecipui
1024 5711 1216 5749 eorum
1263 5698 1516 5752 doetores
1548 5695 1905 5750 exstitissent.

352 5767 420 5818 Iri.

419 5835 533 5908 (£98)
565 5836 708 5906 Ἐγὼ
742 5833 874 5904 μέν.
902 5834 1018 5899 llic,
1054 5845 1107 5890 et
1134 5837 1186 5890 in
1219 5843 1329 5892 tota
1362 5836 1568 5907 reliqua
1589 5835 1689 5890 hac
1713 5833 1910 5890 sectio-

669 5933 939 5992 l’,n'n0L.
995 5932 1111 5993 tin.
1168 5933 1241 5993 V.

992 3520 1038 3552 ⁸⁸
1065 3519 1216 3576 deest
1239 3519 1293 3574 in
1325 3519 1399 3574 al.
1479 3520 1522 3552 ⁸⁷
1558 3521 1711 3578 deest
1735 3521 1788 3576 in
1821 3521 1896 3576 al.

2053 3522 2234 3580 Matth.
2263 3539 2422 3592 XXIII,
2457 3524 2544 3580 '55.
2625 3525 2669 3556 "
2695 3523 2766 3578 al.
2792 3522 3093 3594 ἐλαχίστου.

2054 3342 2329 3400 iactantur
2349 3344 2493 3402 vires
2518 3343 2754 3412 Satanae,
2781 3353 2834 3400 et
2871 3345 3023 3416 ignea
3057 3346 3202 3402 illius
3235 3347 3303 3402 ad
3342 3355 3625 3416 peccatum

3143 3524 3216 3598 _7°
3241 3525 3313 3578 al.
3347 3527 3478 3584 edit.
3516 3544 3623 3584 non

2049 3754 2137 3803 ne,
2171 3731 2569 3809 Nydprneciani
2598 3735 2801 3809 codicis
2841 3735 3146 3798 lectionem,
3196 3740 3260 3789 ut
3287 3735 3460 3805 magis
3503 3739 3618 3795 dis.

2047 3804 2307 3870 tinctam;
2331 3809 2501 3862 secuti
2533 3821 2742 3860 sumus.
2786 3804 2860 3856 ID.

2121 3879 2235 3949 (59)
2265 3879 2586 3948 Ἰγνατίου,
2625 3875 2965 3949 ἐλάχιστος.
3013 3875 3211 3946 ’Υμεῖς
3253 3879 3321 3932 δὲ
3351 3880 3616 3934 Παύλου.

2044 3945 2226 4070 god.er
2250 3945 2602 4070 Alligustanus
2653 3945 2814 3999 habet
2843 3965 2856 4000 :
2884 3945 3148 4017 Ἰγνατίου
3184 3945 3276 4003 τοῦ
3302 3949 3612 4018 ἐλαχίστου.

2094 4036 2160 4070 αυ
2195 4036 2277 4070 Ου.
2338 4033 2392 4070 Ι).

2094 4033 2277 4072 αυΑου.
2311 4033 2392 4073 ID.

2113 4087 2793 4160 (60)Meyaprvpmtér0o
2844 4086 2931 4160 ὅτι
2971 4087 3194 4160 οζκεῦός
3227 4090 3420 4160 ἐστινΔ
3445 4088 3618 4142 ἐκλο-

2041 4157 2172 4227 γῆς.
2189 4157 2497 4228 “Anglican.
2539 4176 2557 4207 ‹
2573 4157 2926 4228 inartyrizati,
2942 4157 3144 4228 digne.
3162 4160 3328 4214 beati.
3345 4178 3363 4211 ι
3406 4157 3478 4228 lo.

2115 4228 2225 4316 (61)
2261 4225 2365 4316 Ὃς
2395 4225 2650 4316 {div-toﬁs
2776 4225 3220 4316 ταῖςιδεήονεςιν
3253 4227 3616 4316 αὐτοῦιμνη-

2034 4297 2274 4366 poi-edat
2324 4297 2534 4368 ὑμῶν.
2574 4297 2761 4368 Ἢμῶν
2825 4297 2990 4351 habet
3037 4297 3209 4352 codex
3259 4300 3614 4368 Augustaiius

2043 4368 2438 4438 (consentiente
2470 4367 2653 4422 etiam
2679 4376 3141 4438 utroqueyctcre
3175 4369 3468 4438 interprete
3503 4367 3611 4422 La-

2040 4436 2218 4508 tino):
2284 4437 2431 4508 quod
2488 4440 2652 4492 etiam
2694 4436 2941 4508 retineri
2995 4445 3192 4508 potest,
3237 4439 3281 4493 si
3318 4436 3385 4491 ad
3430 4438 3609 4506 ipsum

2040 4506 2319 4578 lgnatium‘
2343 4506 2647 4579 referantur
2689 4507 2815 4572 ista,
2841 4517 2905 4579 _e_t
2937 4517 3059 4579 enm
3109 4507 3389 4579 ἐλάχιστος
3445 4524 3609 4576 supra

2038 4575 2462 4648 conjungantur.
2494 4575 2607 4632 Nos
2635 4585 2815 4648 tamen
2838 4575 3242 4648 Nydprueciani
3287 4579 3495 4648 codicis
3516 4575 3608 4648 ile-

2036 4646 2294 4710 ctio’nem,
2325 4656 2385 4702 ut
2417 4656 2690 4717 perpetua
2721 4646 2924 4701 Christi
2963 4646 3282 4717 mediatoris
3317 4647 3490 4702 nostri
3525 4647 3608 4700 in-

2037 4663 2294 4710 cuonem,
2325 4663 2385 4702 ut
2453 4663 2690 4717 erpetuw
2721 4663 2924 4701 hnI‘ISlI
2963 4663 3282 4702 mediatoris
3317 4663 3490 4702 nosm
3525 4664 3607 4700 in-

2037 4663 2492 4803 terccssioniné’l‘e
2537 4731 2644 4803 qua
2695 4715 3221 4803 Apostolus-Rom.
3256 4734 3376 4803 vin,
3416 4717 3506 4780 54,
3551 4726 3607 4771 et

2033 4785 2198 4842 Hebr.
2226 4802 2300 4841 vn
2324 4829 2338 4848 .
2369 4785 2463 4853 25)
2497 4787 2677 4854 aptius
2721 4787 3136 4839 convenientem
3164 4827 3178 4849 ,
3216 4787 3453 4840 retinere
3489 4801 3605 4839 ma-

2034 4857 2256 4913 luimus.
2287 4856 2484 4912 Noster
2513 4853 2643 4910 vero
2682 4857 2974 4922 interpres,
2999 4857 3064 4908 ad
3099 4853 3328 4910 Paulum
3381 4856 3603 4910 clausu—

2031 4926 2139 4981 lam
2165 4928 2326 4982 istam
2358 4926 2632 4991 referens,
2684 4925 2756 4978 ita
2782 4940 2901 4977 eam
2939 4925 3094 4994 nobis
3123 4925 3409 4979 exhibuit:
3447 4927 3600 4994 tiqui

2031 4996 2088 5067 i_n
2138 4998 2289 5051 omni
2338 4996 2566 5067 cpistola
2601 4996 2920 5067 memoriam
2979 4993 3331 5067 facit__vestri
3371 4994 3425 5048 in
3466 4993 3598 5067 Jesn

2029 5065 2271 5121 Christo.
2312 5086 2330 5118 ›
2371 5064 2531 5120 Cum
2578 5066 2830 5132 vulgatus
2889 5065 2962 5118 ita
3011 5065 3348 5117 reddiderit:
3430 5083 3449 5117 (
3492 5064 3598 5129 Qui

2029 5151 2246 5205 semper
2283 5137 2337 5190 in
2365 5137 2480 5191 suis
2507 5135 2845 5189 orationibus
2877 5149 3084 5205 memor
3109 5144 3192 5188 est
3215 5135 3410 5205 vestri.
3445 5151 3462 5182 ι
3505 5134 3596 5187 Sic

2025 5203 2193 5270 enim,
2231 5221 2354 5260 cum
2394 5207 2582 5260 (ἐι-ποθ
2623 5214 2773 5258 textu
2805 5203 3184 5274 consentiens,
3214 5203 3596 5274 Magdalenen-

2025 5276 2102 5331 sis
2131 5276 2294 5330 habet
2318 5292 2440 5340 ms.,
2476 5277 2600 5328 licet
2636 5274 2982 5337 Baliolensis,
3019 5273 3367 5335 Pctavianus,
3394 5273 3589 5326 etlibri

2022 5346 2151 5400 editi
2183 5363 2201 5396 ‹
2224 5346 2314 5409 sit,
2342 5365 2360 5396 ι
2401 5361 2497 5414 pro
2536 5363 2554 5394 ι
2592 5356 2694 5406 est,
2737 5364 2754 5394 ι
2789 5345 2874 5414 hic
2909 5344 3310 5397 sulistitnerint.
3348 5343 3428 5397 lu.

2092 5416 2202 5486 (6').)
2237 5413 2637 5486 Πυκνότερον-
2663 5413 3060 5486 σιηήέρχεσθαι
3081 5415 3166 5486 είς
3197 5413 3590 5486 εὐχαριστίαν

2023 5483 2192 5541 Θεοῦ.
2223 5486 2528 5556 Anglicani
2557 5502 2574 5534 ι
2599 5483 2858 5556 Crebrius
2888 5485 3182 5556 convenire
3205 5484 3259 5536 in
3286 5485 3585 5556 gratiarum

2019 5558 2287 5612 actionem
2307 5553 2422 5609 Dei.
2453 5554 2598 5608 iVet.
2623 5553 2850 5621 vnlgat.:
2875 5571 2892 5602 ι
2928 5553 3235 5622 frequenter
3249 5553 3541 5606 convenire
3562 5571 3580 5604 ι

2021 5627 2310 5698 (nthhabet
2362 5641 2467 5698 ms.
2523 5624 2950 5698 Magdalencnsis
3000 5633 3053 5677 et
3111 5622 3583 5698 lfctavia_nus)_vel

2019 5694 2097 5777 (ut
2121 5695 2462 5819 Balioletisis,
2491 5703 2545 5750 el
2590 5695 2711 5750 libri
2745 5695 2896 5764 editi)
2941 5711 2955 5743 ι
2988 5694 3246 5750 accedere
3273 5694 3341 5747 ad
3380 5695 3586 5747 eucha-

2019 5778 2248 5819 ris-tiam.
2289 5786 2307 5818 ι
2371 5781 2420 5819 ιι.

2018 5778 2248 5824 “Ellam.
2289 5786 2307 5818 ι
2347 5778 2420 5824 ΙΙ),

3190 5924 3266 5982 24
