  <div class='ocr_page' id='page_1' title='image "/cluster/home/n/w/nwhite01/storage/ocr_20150623/5/coo.31924054872845/381.png"; bbox 0 0 4076 6388; ppageno 0'>
   <div class='ocr_carea' id='block_1_1' title="bbox 427 353 612 406">
    <p class='ocr_par' dir='ltr' id='par_1_1' title="bbox 427 353 612 406">
     <span class='ocr_line' id='line_1_1' title="bbox 427 353 612 406; baseline 0.005 -1"><span class='ocrx_word' id='word_1_1' title='bbox 427 373 433 380; x_wconf 77' lang='lat'><strong>&#39;</strong></span> <span class='ocrx_word' id='word_1_2' title='bbox 511 353 612 406; x_wconf 65' lang='lat'><strong>747</strong></span> 
     </span>
    </p>
   </div>
   <div class='ocr_carea' id='block_1_2' title="bbox 1290 353 2983 420">
    <p class='ocr_par' dir='ltr' id='par_1_2' title="bbox 1290 353 2983 420">
     <span class='ocr_line' id='line_1_2' title="bbox 1290 353 2983 420; baseline 0.005 -8"><span class='ocrx_word' id='word_1_3' title='bbox 1290 358 1377 412; x_wconf 80' lang='lat' dir='ltr'><strong>AD</strong></span> <span class='ocrx_word' id='word_1_4' title='bbox 1411 357 1785 417; x_wconf 77' lang='lat' dir='ltr'><strong>EPISTOLAS</strong></span> <span class='ocrx_word' id='word_1_5' title='bbox 1824 362 1881 416; x_wconf 91' lang='lat' dir='ltr'><strong>S.</strong></span> <span class='ocrx_word' id='word_1_6' title='bbox 1941 353 2208 418; x_wconf 41' lang='lat' dir='ltr'><strong>IGNATII&#39;</strong></span> <span class='ocrx_word' id='word_1_7' title='bbox 2233 363 2580 420; x_wconf 78' lang='lat' dir='ltr'><strong>CENUINAS</strong></span> <span class='ocrx_word' id='word_1_8' title='bbox 2622 363 2983 420; x_wconf 76' lang='lat' dir='ltr'><strong>APPENDIX.</strong></span> 
     </span>
    </p>
   </div>
   <div class='ocr_carea' id='block_1_3' title="bbox 3665 366 3775 425">
    <p class='ocr_par' dir='ltr' id='par_1_3' title="bbox 3665 366 3775 425">
     <span class='ocr_line' id='line_1_3' title="bbox 3665 366 3775 425; baseline 0.009 -1"><span class='ocrx_word' id='word_1_9' title='bbox 3665 366 3775 425; x_wconf 68' lang='grc'><strong>743</strong></span> 
     </span>
    </p>
   </div>
   <div class='ocr_carea' id='block_1_4' title="bbox 513 471 2093 558">
    <p class='ocr_par' dir='ltr' id='par_1_4' title="bbox 513 471 2087 538">
     <span class='ocr_line' id='line_1_4' title="bbox 513 471 2087 538; baseline 0.007 -11"><span class='ocrx_word' id='word_1_10' title='bbox 513 476 614 528; x_wconf 77' lang='lat' dir='ltr'><strong>tela</strong></span> <span class='ocrx_word' id='word_1_11' title='bbox 677 471 900 530; x_wconf 86' lang='lat' dir='ltr'><strong>&quot;irrita</strong></span> <span class='ocrx_word' id='word_1_12' title='bbox 935 479 1201 538; x_wconf 90' lang='lat' dir='ltr'><strong>resiliunt.</strong></span> <span class='ocrx_word' id='word_1_13' title='bbox 1257 478 1448 536; x_wconf 87' lang='lat' dir='ltr'><strong>Vestra</strong></span> <span class='ocrx_word' id='word_1_14' title='bbox 1492 482 1635 535; x_wconf 91' lang='lat' dir='ltr'><strong>enim</strong></span> <span class='ocrx_word' id='word_1_15' title='bbox 1689 484 1980 538; x_wconf 82' lang='lat' dir='ltr'><strong>concordia</strong></span> <span class='ocrx_word' id='word_1_16' title='bbox 2035 494 2087 538; x_wconf 90' lang='lat' dir='ltr'><strong>et</strong></span> 
     </span>
    </p>
   </div>
   <div class='ocr_carea' id='block_1_5' title="bbox 2197 471 3780 558">
    <p class='ocr_par' dir='ltr' id='par_1_5' title="bbox 2197 485 3780 558">
     <span class='ocr_line' id='line_1_5' title="bbox 2197 485 3780 558; baseline 0.003 -21"><span class='ocrx_word' id='word_1_17' title='bbox 2197 485 2336 551; x_wconf 69' lang='grc' dir='ltr'>μέγα</span> <span class='ocrx_word' id='word_1_18' title='bbox 2358 487 2515 553; x_wconf 76' lang='grc' dir='ltr'><strong>,ϐέλη</strong></span> <span class='ocrx_word' id='word_1_19' title='bbox 2548 486 2682 558; x_wconf 69' lang='grc' dir='ltr'>πρὸς</span> <span class='ocrx_word' id='word_1_20' title='bbox 2718 488 3020 558; x_wconf 79' lang='grc' dir='ltr'><strong>ἁμαρτίαν·</strong></span> <span class='ocrx_word' id='word_1_21' title='bbox 3063 488 3095 556; x_wconf 82' lang='grc' dir='ltr'>ἡ</span> <span class='ocrx_word' id='word_1_22' title='bbox 3126 486 3231 557; x_wconf 71' lang='grc' dir='ltr'>γὰρ</span> <span class='ocrx_word' id='word_1_23' title='bbox 3269 486 3506 558; x_wconf 70' lang='grc' dir='ltr'>ὑμετέρα</span> <span class='ocrx_word' id='word_1_24' title='bbox 3548 487 3780 558; x_wconf 59' lang='grc' dir='ltr'>ὁμόνοιαι</span> 
     </span>
    </p>
   </div>
   <div class='ocr_carea' id='block_1_6' title="bbox 511 569 2087 640">
    <p class='ocr_par' dir='ltr' id='par_1_6' title="bbox 511 569 2087 640">
     <span class='ocr_line' id='line_1_6' title="bbox 511 569 2087 640; baseline 0.004 -20"><span class='ocrx_word' id='word_1_25' title='bbox 511 581 824 623; x_wconf 83' lang='lat' dir='ltr'><strong>consonans</strong></span> <span class='ocrx_word' id='word_1_26' title='bbox 852 569 1003 633; x_wconf 88' lang='lat' dir='ltr'><strong>ﬁdes,</strong></span> <span class='ocrx_word' id='word_1_27' title='bbox 1038 570 1182 624; x_wconf 89' lang='lat' dir='ltr'><strong>illius</strong></span> <span class='ocrx_word' id='word_1_28' title='bbox 1215 570 1432 640; x_wconf 87' lang='lat' dir='ltr'><strong>quidem</strong></span> <span class='ocrx_word' id='word_1_29' title='bbox 1467 573 1696 626; x_wconf 75' lang='lat' dir='ltr'><strong>exilium</strong></span> <span class='ocrx_word' id='word_1_30' title='bbox 1728 585 1831 638; x_wconf 90' lang='lat' dir='ltr'><strong>est,</strong></span> <span class='ocrx_word' id='word_1_31' title='bbox 1879 575 2087 628; x_wconf 91' lang='lat' dir='ltr'><strong>satelli-</strong></span> 
     </span>
    </p>
   </div>
   <div class='ocr_carea' id='block_1_7' title="bbox 513 661 2092 734">
    <p class='ocr_par' dir='ltr' id='par_1_7' title="bbox 513 661 2092 734">
     <span class='ocr_line' id='line_1_7' title="bbox 513 661 2092 734; baseline 0.006 -21"><span class='ocrx_word' id='word_1_32' title='bbox 513 670 627 714; x_wconf 93' lang='lat' dir='ltr'><strong>tum</strong></span> <span class='ocrx_word' id='word_1_33' title='bbox 679 675 808 714; x_wconf 88' lang='lat' dir='ltr'><strong>vero</strong></span> <span class='ocrx_word' id='word_1_34' title='bbox 849 661 969 730; x_wconf 86' lang='lat' dir='ltr'><strong>ejus</strong></span> <span class='ocrx_word' id='word_1_35' title='bbox 1001 663 1349 732; x_wconf 86' lang='lat' dir='ltr'><strong>supplicium.</strong></span> <span class='ocrx_word' id='word_1_36' title='bbox 1413 664 1554 719; x_wconf 87' lang='lat' dir='ltr'><strong>Nihil</strong></span> <span class='ocrx_word' id='word_1_37' title='bbox 1607 667 1958 734; x_wconf 68' lang='lat' dir='ltr'><strong>praestantius</strong></span> <span class='ocrx_word' id='word_1_38' title='bbox 2007 680 2092 722; x_wconf 89' lang='lat' dir='ltr'><strong>est</strong></span> 
     </span>
    </p>
   </div>
   <div class='ocr_carea' id='block_1_8' title="bbox 511 753 2092 825">
    <p class='ocr_par' dir='ltr' id='par_1_8' title="bbox 511 753 2092 825">
     <span class='ocr_line' id='line_1_8' title="bbox 511 753 2092 825; baseline 0.006 -19"><span class='ocrx_word' id='word_1_39' title='bbox 511 769 644 822; x_wconf 82' lang='lat' dir='ltr'><strong>pace</strong></span> <span class='ocrx_word' id='word_1_40' title='bbox 672 754 724 807; x_wconf 93' lang='lat' dir='ltr'><strong>in</strong></span> <span class='ocrx_word' id='word_1_41' title='bbox 747 753 990 819; x_wconf 76' lang='lat' dir='ltr'><strong>Christo,</strong></span> <span class='ocrx_word' id='word_1_42' title='bbox 1017 771 1123 824; x_wconf 90' lang='lat' dir='ltr'><strong>qua</strong></span> <span class='ocrx_word' id='word_1_43' title='bbox 1159 757 1407 812; x_wconf 87' lang='lat' dir='ltr'><strong>aboletur</strong></span> <span class='ocrx_word' id='word_1_44' title='bbox 1441 774 1602 812; x_wconf 90' lang='lat' dir='ltr'><strong>omne</strong></span> <span class='ocrx_word' id='word_1_45' title='bbox 1650 760 1847 814; x_wconf 87' lang='lat' dir='ltr'><strong>bellum</strong></span> <span class='ocrx_word' id='word_1_46' title='bbox 1867 803 1880 825; x_wconf 96' lang='lat'><strong>,</strong></span> <span class='ocrx_word' id='word_1_47' title='bbox 1912 762 2092 815; x_wconf 88' lang='lat' dir='ltr'><strong>aerio-</strong></span> 
     </span>
    </p>
   </div>
   <div class='ocr_carea' id='block_1_9' title="bbox 513 851 2090 919">
    <p class='ocr_par' dir='ltr' id='par_1_9' title="bbox 513 851 2090 919">
     <span class='ocr_line' id='line_1_9' title="bbox 513 851 2090 919; baseline 0.004 -17"><span class='ocrx_word' id='word_1_48' title='bbox 513 863 635 902; x_wconf 86' lang='lat' dir='ltr'><strong>rnm</strong></span> <span class='ocrx_word' id='word_1_49' title='bbox 677 856 1125 914; x_wconf 88' lang='lat' dir='ltr'><strong>terrenorumque</strong></span> <span class='ocrx_word' id='word_1_50' title='bbox 1150 851 1458 919; x_wconf 88' lang='lat' dir='ltr'><strong>spirituum.</strong></span> <span class='ocrx_word' id='word_1_51' title='bbox 1511 851 1632 905; x_wconf 80' lang='lat' dir='ltr'><strong>Non</strong></span> <span class='ocrx_word' id='word_1_52' title='bbox 1670 864 1746 906; x_wconf 88' lang='lat' dir='ltr'><strong>est</strong></span> <span class='ocrx_word' id='word_1_53' title='bbox 1772 854 1914 907; x_wconf 93' lang='lat' dir='ltr'><strong>enim</strong></span> <span class='ocrx_word' id='word_1_54' title='bbox 1943 856 2090 909; x_wconf 83' lang='lat' dir='ltr'><strong>nobis</strong></span> 
     </span>
    </p>
   </div>
   <div class='ocr_carea' id='block_1_10' title="bbox 511 940 2093 1015">
    <p class='ocr_par' dir='ltr' id='par_1_10' title="bbox 511 940 2093 1015">
     <span class='ocr_line' id='line_1_10' title="bbox 511 940 2093 1015; baseline 0.005 -22"><span class='ocrx_word' id='word_1_55' title='bbox 511 940 817 994; x_wconf 80' lang='lat' dir='ltr'><strong>colluctatio</strong></span> <span class='ocrx_word' id='word_1_56' title='bbox 853 944 1100 997; x_wconf 85' lang='lat' dir='ltr'><strong>adversus</strong></span> <span class='ocrx_word' id='word_1_57' title='bbox 1150 960 1360 997; x_wconf 87' lang='lat' dir='ltr'><strong>carnem</strong></span> <span class='ocrx_word' id='word_1_58' title='bbox 1415 958 1466 998; x_wconf 85' lang='lat' dir='ltr'><strong>et</strong></span> <span class='ocrx_word' id='word_1_59' title='bbox 1509 947 1969 1015; x_wconf 83' lang='lat' dir='ltr'><strong>sanguinem;sed</strong></span> <span class='ocrx_word' id='word_1_60' title='bbox 1995 949 2093 1001; x_wconf 82' lang='lat' dir='ltr'><strong>ad-</strong></span> 
     </span>
    </p>
   </div>
   <div class='ocr_carea' id='block_1_11' title="bbox 510 1035 2090 1105">
    <p class='ocr_par' dir='ltr' id='par_1_11' title="bbox 510 1035 2090 1105">
     <span class='ocr_line' id='line_1_11' title="bbox 510 1035 2090 1105; baseline 0.006 -19"><span class='ocrx_word' id='word_1_61' title='bbox 510 1049 690 1087; x_wconf 77' lang='lat' dir='ltr'><strong>versus</strong></span> <span class='ocrx_word' id='word_1_62' title='bbox 734 1035 992 1102; x_wconf 78' lang='lat' dir='ltr'><strong>principes</strong></span> <span class='ocrx_word' id='word_1_63' title='bbox 1043 1045 1093 1088; x_wconf 83' lang='lat' dir='ltr'><strong>et</strong></span> <span class='ocrx_word' id='word_1_64' title='bbox 1143 1035 1392 1090; x_wconf 83' lang='lat' dir='ltr'><strong>adversus</strong></span> <span class='ocrx_word' id='word_1_65' title='bbox 1447 1047 1775 1105; x_wconf 74' lang='lat' dir='ltr'><strong>potestates,</strong></span> <span class='ocrx_word' id='word_1_66' title='bbox 1844 1040 2090 1096; x_wconf 83' lang='lat' dir='ltr'><strong>adversus</strong></span> 
     </span>
    </p>
   </div>
   <div class='ocr_carea' id='block_1_12' title="bbox 512 1126 2092 1200">
    <p class='ocr_par' dir='ltr' id='par_1_12' title="bbox 512 1126 2092 1200">
     <span class='ocr_line' id='line_1_12' title="bbox 512 1126 2092 1200; baseline 0.005 -24"><span class='ocrx_word' id='word_1_67' title='bbox 512 1126 695 1178; x_wconf 86' lang='lat' dir='ltr'><strong>mundi</strong></span> <span class='ocrx_word' id='word_1_68' title='bbox 719 1136 939 1180; x_wconf 87' lang='lat' dir='ltr'><strong>rectores</strong></span> <span class='ocrx_word' id='word_1_69' title='bbox 971 1128 1323 1192; x_wconf 81' lang='lat' dir='ltr'><strong>tenebrarum,</strong></span> <span class='ocrx_word' id='word_1_70' title='bbox 1365 1139 1547 1182; x_wconf 87' lang='lat' dir='ltr'><strong>contra</strong></span> <span class='ocrx_word' id='word_1_71' title='bbox 1577 1129 1884 1198; x_wconf 84' lang='lat' dir='ltr'><strong>spiritualia</strong></span> <span class='ocrx_word' id='word_1_72' title='bbox 1914 1132 2092 1200; x_wconf 84' lang='lat' dir='ltr'><strong>nequi-</strong></span> 
     </span>
    </p>
   </div>
   <div class='ocr_carea' id='block_1_13' title="bbox 515 1217 1111 1272">
    <p class='ocr_par' dir='ltr' id='par_1_13' title="bbox 515 1217 1111 1272">
     <span class='ocr_line' id='line_1_13' title="bbox 515 1217 1111 1272; baseline 0.008 -5"><span class='ocrx_word' id='word_1_73' title='bbox 515 1219 606 1270; x_wconf 77' lang='lat' dir='ltr'><strong>tia:</strong></span> <span class='ocrx_word' id='word_1_74' title='bbox 642 1217 694 1268; x_wconf 89' lang='lat' dir='ltr'><strong>in</strong></span> <span class='ocrx_word' id='word_1_75' title='bbox 719 1217 1012 1271; x_wconf 73' lang='lat' dir='ltr'><strong>cwlestibus</strong></span> <span class='ocrx_word' id='word_1_76' title='bbox 1043 1219 1111 1272; x_wconf 86' lang='grc'><strong>⁷³.</strong></span> 
     </span>
    </p>
   </div>
   <div class='ocr_carea' id='block_1_14' title="bbox 585 1307 2092 1383">
    <p class='ocr_par' dir='ltr' id='par_1_14' title="bbox 585 1307 2092 1383">
     <span class='ocr_line' id='line_1_14' title="bbox 585 1307 2092 1383; baseline 0.005 -23"><span class='ocrx_word' id='word_1_77' title='bbox 585 1307 725 1362; x_wconf 76' lang='lat' dir='ltr'><strong>XIV.</strong></span> <span class='ocrx_word' id='word_1_78' title='bbox 760 1307 874 1363; x_wconf 81' lang='lat' dir='ltr'><strong>Non</strong></span> <span class='ocrx_word' id='word_1_79' title='bbox 906 1310 1089 1379; x_wconf 90' lang='lat' dir='ltr'><strong>itaque</strong></span> <span class='ocrx_word' id='word_1_80' title='bbox 1113 1326 1206 1366; x_wconf 86' lang='lat' dir='ltr'><strong>vos</strong></span> <span class='ocrx_word' id='word_1_81' title='bbox 1232 1311 1418 1365; x_wconf 90' lang='lat' dir='ltr'><strong>latcbit</strong></span> <span class='ocrx_word' id='word_1_82' title='bbox 1447 1312 1626 1382; x_wconf 87' lang='lat' dir='ltr'><strong>aliqua</strong></span> <span class='ocrx_word' id='word_1_83' title='bbox 1661 1313 1928 1367; x_wconf 85' lang='lat' dir='ltr'><strong>diabolica</strong></span> <span class='ocrx_word' id='word_1_84' title='bbox 1951 1314 2092 1383; x_wconf 83' lang='lat' dir='ltr'><strong>cogi-</strong></span> 
     </span>
    </p>
   </div>
   <div class='ocr_carea' id='block_1_15' title="bbox 513 1399 2089 1471">
    <p class='ocr_par' dir='ltr' id='par_1_15' title="bbox 513 1399 2089 1471">
     <span class='ocr_line' id='line_1_15' title="bbox 513 1399 2089 1471; baseline 0.003 -16"><span class='ocrx_word' id='word_1_85' title='bbox 513 1402 672 1462; x_wconf 88' lang='lat' dir='ltr'><strong>tatio,</strong></span> <span class='ocrx_word' id='word_1_86' title='bbox 705 1401 770 1464; x_wconf 89' lang='lat' dir='ltr'><strong>si,</strong></span> <span class='ocrx_word' id='word_1_87' title='bbox 804 1412 861 1455; x_wconf 95' lang='lat' dir='ltr'><strong>ut</strong></span> <span class='ocrx_word' id='word_1_88' title='bbox 882 1399 1106 1467; x_wconf 88' lang='lat' dir='ltr'><strong>Paulus,</strong></span> <span class='ocrx_word' id='word_1_89' title='bbox 1134 1403 1369 1471; x_wconf 89' lang='lat' dir='ltr'><strong>perfecte</strong></span> <span class='ocrx_word' id='word_1_90' title='bbox 1400 1405 1701 1459; x_wconf 86' lang='lat' dir='ltr'><strong>habueritis</strong></span> <span class='ocrx_word' id='word_1_91' title='bbox 1731 1405 1782 1458; x_wconf 93' lang='lat' dir='ltr'><strong>in</strong></span> <span class='ocrx_word' id='word_1_92' title='bbox 1812 1405 2089 1459; x_wconf 85' lang='lat' dir='ltr'><strong>Christum</strong></span> 
     </span>
    </p>
   </div>
   <div class='ocr_carea' id='block_1_16' title="bbox 514 1490 2086 1563">
    <p class='ocr_par' dir='ltr' id='par_1_16' title="bbox 514 1490 2086 1563">
     <span class='ocr_line' id='line_1_16' title="bbox 514 1490 2086 1563; baseline 0.003 -19"><span class='ocrx_word' id='word_1_93' title='bbox 514 1491 674 1544; x_wconf 75' lang='lat' dir='ltr'><strong>fidem</strong></span> <span class='ocrx_word' id='word_1_94' title='bbox 691 1500 745 1543; x_wconf 93' lang='lat' dir='ltr'><strong>et</strong></span> <span class='ocrx_word' id='word_1_95' title='bbox 766 1490 1086 1546; x_wconf 86' lang='lat' dir='ltr'><strong>charitatem</strong></span> <span class='ocrx_word' id='word_1_96' title='bbox 1108 1493 1176 1558; x_wconf 85' lang='lat'><strong>&quot;,</strong></span> <span class='ocrx_word' id='word_1_97' title='bbox 1211 1508 1331 1563; x_wconf 72' lang='lat' dir='ltr'><strong>quae</strong></span> <span class='ocrx_word' id='word_1_98' title='bbox 1359 1491 1571 1546; x_wconf 89' lang='lat' dir='ltr'><strong>initium</strong></span> <span class='ocrx_word' id='word_1_99' title='bbox 1602 1496 1916 1551; x_wconf 75' lang='lat' dir='ltr'><strong>vitaeetﬁnis</strong></span> <span class='ocrx_word' id='word_1_100' title='bbox 1940 1505 2086 1549; x_wconf 83' lang='lat' dir='ltr'><strong>sunt.</strong></span> 
     </span>
    </p>
   </div>
   <div class='ocr_carea' id='block_1_17' title="bbox 514 1578 2092 1650">
    <p class='ocr_par' dir='ltr' id='par_1_17' title="bbox 514 1578 2092 1650">
     <span class='ocr_line' id='line_1_17' title="bbox 514 1578 2092 1650; baseline 0.005 -18"><span class='ocrx_word' id='word_1_101' title='bbox 514 1578 849 1650; x_wconf 84' lang='lat' dir='ltr'><strong>Principium</strong></span> <span class='ocrx_word' id='word_1_102' title='bbox 880 1581 1022 1646; x_wconf 76' lang='lat' dir='ltr'><strong>vitzc,</strong></span> <span class='ocrx_word' id='word_1_103' title='bbox 1055 1582 1220 1648; x_wconf 88' lang='lat' dir='ltr'><strong>ﬁdes;</strong></span> <span class='ocrx_word' id='word_1_104' title='bbox 1270 1584 1390 1637; x_wconf 91' lang='lat' dir='ltr'><strong>ﬁnis</strong></span> <span class='ocrx_word' id='word_1_105' title='bbox 1445 1600 1592 1648; x_wconf 87' lang='lat' dir='ltr'><strong>vero,</strong></span> <span class='ocrx_word' id='word_1_106' title='bbox 1637 1586 1876 1640; x_wconf 91' lang='lat' dir='ltr'><strong>charitas</strong></span> <span class='ocrx_word' id='word_1_107' title='bbox 1915 1600 1927 1636; x_wconf 93' lang='lat'><strong>:</strong></span> <span class='ocrx_word' id='word_1_108' title='bbox 1978 1585 2092 1640; x_wconf 67' lang='lat' dir='ltr'><strong>haec</strong></span> 
     </span>
    </p>
   </div>
   <div class='ocr_carea' id='block_1_18' title="bbox 516 1672 2089 1742">
    <p class='ocr_par' dir='ltr' id='par_1_18' title="bbox 516 1672 2089 1742">
     <span class='ocr_line' id='line_1_18' title="bbox 516 1672 2089 1742; baseline 0.003 -17"><span class='ocrx_word' id='word_1_109' title='bbox 516 1681 696 1726; x_wconf 86' lang='lat' dir='ltr'><strong>autem</strong></span> <span class='ocrx_word' id='word_1_110' title='bbox 723 1672 831 1728; x_wconf 90' lang='lat' dir='ltr'><strong>duo</strong></span> <span class='ocrx_word' id='word_1_111' title='bbox 863 1673 1080 1742; x_wconf 87' lang='lat' dir='ltr'><strong>quoties</strong></span> <span class='ocrx_word' id='word_1_112' title='bbox 1110 1674 1162 1726; x_wconf 94' lang='lat' dir='ltr'><strong>in</strong></span> <span class='ocrx_word' id='word_1_113' title='bbox 1206 1689 1375 1727; x_wconf 92' lang='lat' dir='ltr'><strong>unum</strong></span> <span class='ocrx_word' id='word_1_114' title='bbox 1405 1683 1625 1740; x_wconf 86' lang='lat' dir='ltr'><strong>coeunt,</strong></span> <span class='ocrx_word' id='word_1_115' title='bbox 1677 1674 1768 1728; x_wconf 90' lang='lat' dir='ltr'><strong>Dei</strong></span> <span class='ocrx_word' id='word_1_116' title='bbox 1818 1676 2089 1730; x_wconf 90' lang='lat' dir='ltr'><strong>hominem</strong></span> 
     </span>
    </p>
   </div>
   <div class='ocr_carea' id='block_1_19' title="bbox 514 1765 2092 1836">
    <p class='ocr_par' dir='ltr' id='par_1_19' title="bbox 514 1765 2092 1836">
     <span class='ocr_line' id='line_1_19' title="bbox 514 1765 2092 1836; baseline 0.003 -18"><span class='ocrx_word' id='word_1_117' title='bbox 514 1765 802 1833; x_wconf 90' lang='lat' dir='ltr'><strong>perﬁciunt</strong></span> <span class='ocrx_word' id='word_1_118' title='bbox 835 1783 848 1818; x_wconf 93' lang='lat'><strong>:</strong></span> <span class='ocrx_word' id='word_1_119' title='bbox 888 1765 1072 1818; x_wconf 92' lang='lat' dir='ltr'><strong>omnia</strong></span> <span class='ocrx_word' id='word_1_120' title='bbox 1097 1781 1224 1818; x_wconf 86' lang='lat' dir='ltr'><strong>vero</strong></span> <span class='ocrx_word' id='word_1_121' title='bbox 1252 1765 1378 1830; x_wconf 89' lang='lat' dir='ltr'><strong>alia,</strong></span> <span class='ocrx_word' id='word_1_122' title='bbox 1433 1766 1498 1820; x_wconf 91' lang='lat' dir='ltr'><strong>ad</strong></span> <span class='ocrx_word' id='word_1_123' title='bbox 1544 1767 1867 1836; x_wconf 90' lang='lat' dir='ltr'><strong>probitatem</strong></span> <span class='ocrx_word' id='word_1_124' title='bbox 1896 1783 2092 1822; x_wconf 87' lang='lat' dir='ltr'><strong>conse-</strong></span> 
     </span>
    </p>
   </div>
   <div class='ocr_carea' id='block_1_20' title="bbox 514 1855 2091 1928">
    <p class='ocr_par' dir='ltr' id='par_1_20' title="bbox 514 1855 2091 1928">
     <span class='ocr_line' id='line_1_20' title="bbox 514 1855 2091 1928; baseline 0.001 -15"><span class='ocrx_word' id='word_1_125' title='bbox 514 1867 707 1913; x_wconf 87' lang='lat' dir='ltr'><strong>ctanea</strong></span> <span class='ocrx_word' id='word_1_126' title='bbox 746 1868 890 1912; x_wconf 92' lang='lat' dir='ltr'><strong>sunt.</strong></span> <span class='ocrx_word' id='word_1_127' title='bbox 924 1855 1092 1911; x_wconf 84' lang='lat' dir='ltr'><strong>Nemo</strong></span> <span class='ocrx_word' id='word_1_128' title='bbox 1119 1857 1213 1926; x_wconf 93' lang='lat' dir='ltr'><strong>qui</strong></span> <span class='ocrx_word' id='word_1_129' title='bbox 1268 1858 1426 1911; x_wconf 90' lang='lat' dir='ltr'><strong>ﬁdem</strong></span> <span class='ocrx_word' id='word_1_130' title='bbox 1476 1859 1821 1927; x_wconf 88' lang='lat' dir='ltr'><strong>repromittit,</strong></span> <span class='ocrx_word' id='word_1_131' title='bbox 1866 1875 2091 1928; x_wconf 85' lang='lat' dir='ltr'><strong>peccare</strong></span> 
     </span>
    </p>
   </div>
   <div class='ocr_carea' id='block_1_21' title="bbox 514 1949 2085 2019">
    <p class='ocr_par' dir='ltr' id='par_1_21' title="bbox 514 1949 2085 2019">
     <span class='ocr_line' id='line_1_21' title="bbox 514 1949 2085 2019; baseline 0.001 -16"><span class='ocrx_word' id='word_1_132' title='bbox 514 1950 708 2013; x_wconf 87' lang='lat' dir='ltr'><strong>debet;</strong></span> <span class='ocrx_word' id='word_1_133' title='bbox 738 1965 838 2004; x_wconf 90' lang='lat' dir='ltr'><strong>nec</strong></span> <span class='ocrx_word' id='word_1_134' title='bbox 861 1950 954 2019; x_wconf 91' lang='lat' dir='ltr'><strong>qui</strong></span> <span class='ocrx_word' id='word_1_135' title='bbox 980 1949 1300 2004; x_wconf 70' lang='lat' dir='ltr'><strong>charitat—em</strong></span> <span class='ocrx_word' id='word_1_136' title='bbox 1331 1950 1588 2018; x_wconf 90' lang='lat' dir='ltr'><strong>possidet,</strong></span> <span class='ocrx_word' id='word_1_137' title='bbox 1635 1951 1816 2005; x_wconf 89' lang='lat' dir='ltr'><strong>odisse</strong></span> <span class='ocrx_word' id='word_1_138' title='bbox 1843 1949 2085 2005; x_wconf 82' lang='lat' dir='ltr'><strong>fratrem.</strong></span> 
     </span>
    </p>
   </div>
   <div class='ocr_carea' id='block_1_22' title="bbox 518 2037 2087 2108">
    <p class='ocr_par' dir='ltr' id='par_1_22' title="bbox 518 2037 2087 2108">
     <span class='ocr_line' id='line_1_22' title="bbox 518 2037 2087 2108; baseline 0.001 -16"><span class='ocrx_word' id='word_1_139' title='bbox 518 2037 620 2104; x_wconf 80' lang='lat' dir='ltr'><strong>Qui</strong></span> <span class='ocrx_word' id='word_1_140' title='bbox 644 2039 787 2092; x_wconf 91' lang='lat' dir='ltr'><strong>enim</strong></span> <span class='ocrx_word' id='word_1_141' title='bbox 843 2038 1253 2108; x_wconf 76' lang='lat' dir='ltr'><strong>dixitzbiliges</strong></span> <span class='ocrx_word' id='word_1_142' title='bbox 1320 2039 1609 2093; x_wconf 83' lang='lat' dir='ltr'><strong>Dominum</strong></span> <span class='ocrx_word' id='word_1_143' title='bbox 1685 2039 1854 2094; x_wconf 80' lang='lat' dir='ltr'><strong>Deum</strong></span> <span class='ocrx_word' id='word_1_144' title='bbox 1915 2053 2087 2108; x_wconf 78' lang='lat' dir='ltr'><strong>tamn,</strong></span> 
     </span>
    </p>
   </div>
   <div class='ocr_carea' id='block_1_23' title="bbox 516 2129 2085 2201">
    <p class='ocr_par' dir='ltr' id='par_1_23' title="bbox 516 2129 2085 2201">
     <span class='ocr_line' id='line_1_23' title="bbox 516 2129 2085 2201; baseline 0.003 -18"><span class='ocrx_word' id='word_1_145' title='bbox 516 2131 680 2184; x_wconf 89' lang='lat' dir='ltr'><strong>etiam</strong></span> <span class='ocrx_word' id='word_1_146' title='bbox 717 2130 893 2184; x_wconf 91' lang='lat' dir='ltr'><strong>dixit:</strong></span> <span class='ocrx_word' id='word_1_147' title='bbox 935 2129 1003 2182; x_wconf 87' lang='lat' dir='ltr'><strong>Et</strong></span> <span class='ocrx_word' id='word_1_148' title='bbox 1030 2133 1328 2199; x_wconf 69' lang='lat' dir='ltr'><strong>proximum</strong></span> <span class='ocrx_word' id='word_1_149' title='bbox 1382 2141 1529 2184; x_wconf 89' lang='lat' dir='ltr'><strong>tuum</strong></span> <span class='ocrx_word' id='word_1_150' title='bbox 1589 2133 1722 2184; x_wconf 88' lang='lat' dir='ltr'><strong>sicut</strong></span> <span class='ocrx_word' id='word_1_151' title='bbox 1781 2134 2000 2201; x_wconf 79' lang='lat' dir='ltr'><strong>teipsum</strong></span> <span class='ocrx_word' id='word_1_152' title='bbox 2020 2134 2085 2187; x_wconf 79' lang='grc'>⁷⁸.</span> 
     </span>
    </p>
   </div>
   <div class='ocr_carea' id='block_1_24' title="bbox 515 2222 2090 2292">
    <p class='ocr_par' dir='ltr' id='par_1_24' title="bbox 515 2222 2090 2292">
     <span class='ocr_line' id='line_1_24' title="bbox 515 2222 2090 2292; baseline 0.006 -23"><span class='ocrx_word' id='word_1_153' title='bbox 515 2222 620 2288; x_wconf 85' lang='lat' dir='ltr'><strong>Qui</strong></span> <span class='ocrx_word' id='word_1_154' title='bbox 649 2222 968 2292; x_wconf 89' lang='lat' dir='ltr'><strong>proﬁtentur</strong></span> <span class='ocrx_word' id='word_1_155' title='bbox 997 2237 1056 2276; x_wconf 90' lang='lat' dir='ltr'><strong>se</strong></span> <span class='ocrx_word' id='word_1_156' title='bbox 1084 2222 1286 2277; x_wconf 87' lang='lat' dir='ltr'><strong>Christi</strong></span> <span class='ocrx_word' id='word_1_157' title='bbox 1317 2239 1438 2276; x_wconf 81' lang='lat' dir='ltr'><strong>esse</strong></span> <span class='ocrx_word' id='word_1_158' title='bbox 1470 2265 1484 2286; x_wconf 99' lang='lat'><strong>,</strong></span> <span class='ocrx_word' id='word_1_159' title='bbox 1529 2238 1636 2276; x_wconf 90' lang='lat' dir='ltr'><strong>non</strong></span> <span class='ocrx_word' id='word_1_160' title='bbox 1685 2225 1844 2276; x_wconf 90' lang='lat' dir='ltr'><strong>modo</strong></span> <span class='ocrx_word' id='word_1_161' title='bbox 1899 2240 1964 2278; x_wconf 87' lang='lat' dir='ltr'><strong>ex</strong></span> <span class='ocrx_word' id='word_1_162' title='bbox 2021 2225 2090 2278; x_wconf 90' lang='lat' dir='ltr'><strong>iis</strong></span> 
     </span>
    </p>
   </div>
   <div class='ocr_carea' id='block_1_25' title="bbox 514 2306 2089 2384">
    <p class='ocr_par' dir='ltr' id='par_1_25' title="bbox 514 2306 2089 2384">
     <span class='ocr_line' id='line_1_25' title="bbox 514 2306 2089 2384; baseline 0.002 -17"><span class='ocrx_word' id='word_1_163' title='bbox 514 2329 638 2384; x_wconf 69' lang='lat' dir='ltr'><strong>qua:</strong></span> <span class='ocrx_word' id='word_1_164' title='bbox 669 2306 880 2381; x_wconf 71' lang='lat' dir='ltr'><strong>(ficupt,</strong></span> <span class='ocrx_word' id='word_1_165' title='bbox 906 2329 1095 2368; x_wconf 88' lang='lat' dir='ltr'><strong>verum</strong></span> <span class='ocrx_word' id='word_1_166' title='bbox 1143 2315 1307 2367; x_wconf 90' lang='lat' dir='ltr'><strong>etiam</strong></span> <span class='ocrx_word' id='word_1_167' title='bbox 1344 2330 1409 2366; x_wconf 83' lang='lat' dir='ltr'><strong>ex</strong></span> <span class='ocrx_word' id='word_1_168' title='bbox 1459 2315 1525 2367; x_wconf 93' lang='lat' dir='ltr'><strong>iis</strong></span> <span class='ocrx_word' id='word_1_169' title='bbox 1576 2330 1699 2383; x_wconf 67' lang='lat' dir='ltr'><strong>quze</strong></span> <span class='ocrx_word' id='word_1_170' title='bbox 1743 2314 1948 2369; x_wconf 90' lang='lat' dir='ltr'><strong>faciunt</strong></span> <span class='ocrx_word' id='word_1_171' title='bbox 1997 2332 2089 2370; x_wconf 90' lang='lat' dir='ltr'><strong>co-</strong></span> 
     </span>
    </p>
   </div>
   <div class='ocr_carea' id='block_1_26' title="bbox 518 2406 2083 2478">
    <p class='ocr_par' dir='ltr' id='par_1_26' title="bbox 518 2406 2083 2478">
     <span class='ocr_line' id='line_1_26' title="bbox 518 2406 2083 2478; baseline 0.001 -17"><span class='ocrx_word' id='word_1_172' title='bbox 518 2421 898 2478; x_wconf 78' lang='lat' dir='ltr'><strong>gnoscuntur:</strong></span> <span class='ocrx_word' id='word_1_173' title='bbox 940 2406 1023 2460; x_wconf 79' lang='lat' dir='ltr'><strong>Ex</strong></span> <span class='ocrx_word' id='word_1_174' title='bbox 1071 2407 1247 2476; x_wconf 83' lang='lat' dir='ltr'><strong>fructu</strong></span> <span class='ocrx_word' id='word_1_175' title='bbox 1301 2408 1438 2460; x_wconf 88' lang='lat' dir='ltr'><strong>enim</strong></span> <span class='ocrx_word' id='word_1_176' title='bbox 1492 2409 1650 2460; x_wconf 86' lang='lat' dir='ltr'><strong>arbor</strong></span> <span class='ocrx_word' id='word_1_177' title='bbox 1685 2409 1990 2477; x_wconf 80' lang='lat' dir='ltr'><strong>agnoscitur</strong></span> <span class='ocrx_word' id='word_1_178' title='bbox 2019 2411 2083 2463; x_wconf 88' lang='grc'><strong>⁷⁷.</strong></span> 
     </span>
    </p>
   </div>
   <div class='ocr_carea' id='block_1_27' title="bbox 585 2497 2089 2569">
    <p class='ocr_par' dir='ltr' id='par_1_27' title="bbox 585 2497 2089 2569">
     <span class='ocr_line' id='line_1_27' title="bbox 585 2497 2089 2569; baseline 0.001 -18"><span class='ocrx_word' id='word_1_179' title='bbox 585 2498 702 2551; x_wconf 71' lang='lat' dir='ltr'><strong>XV.</strong></span> <span class='ocrx_word' id='word_1_180' title='bbox 746 2497 971 2552; x_wconf 65' lang='lat' dir='ltr'><strong>Praestat</strong></span> <span class='ocrx_word' id='word_1_181' title='bbox 1008 2506 1186 2552; x_wconf 76' lang='lat' dir='ltr'><strong>tacere</strong></span> <span class='ocrx_word' id='word_1_182' title='bbox 1223 2506 1276 2552; x_wconf 91' lang='lat' dir='ltr'><strong>et</strong></span> <span class='ocrx_word' id='word_1_183' title='bbox 1325 2513 1444 2552; x_wconf 85' lang='lat' dir='ltr'><strong>esse</strong></span> <span class='ocrx_word' id='word_1_184' title='bbox 1469 2541 1483 2563; x_wconf 98' lang='lat'><strong>,</strong></span> <span class='ocrx_word' id='word_1_185' title='bbox 1516 2515 1679 2567; x_wconf 89' lang='lat' dir='ltr'><strong>quam</strong></span> <span class='ocrx_word' id='word_1_186' title='bbox 1712 2500 1858 2569; x_wconf 86' lang='lat' dir='ltr'><strong>loqui</strong></span> <span class='ocrx_word' id='word_1_187' title='bbox 1897 2512 1949 2556; x_wconf 90' lang='lat' dir='ltr'><strong>et</strong></span> <span class='ocrx_word' id='word_1_188' title='bbox 1982 2517 2089 2554; x_wconf 85' lang='lat' dir='ltr'><strong>non</strong></span> 
     </span>
    </p>
   </div>
   <div class='ocr_carea' id='block_1_28' title="bbox 517 2592 2090 2662">
    <p class='ocr_par' dir='ltr' id='par_1_28' title="bbox 517 2592 2090 2662">
     <span class='ocr_line' id='line_1_28' title="bbox 517 2592 2090 2662; baseline -0.003 -12"><span class='ocrx_word' id='word_1_189' title='bbox 517 2610 656 2650; x_wconf 87' lang='lat' dir='ltr'><strong>esse.</strong></span> <span class='ocrx_word' id='word_1_190' title='bbox 700 2593 819 2646; x_wconf 83' lang='lat' dir='ltr'><strong>Non</strong></span> <span class='ocrx_word' id='word_1_191' title='bbox 843 2594 898 2646; x_wconf 85' lang='lat' dir='ltr'><strong>in</strong></span> <span class='ocrx_word' id='word_1_192' title='bbox 921 2608 1153 2645; x_wconf 83' lang='lat' dir='ltr'><strong>sermone</strong></span> <span class='ocrx_word' id='word_1_193' title='bbox 1189 2602 1264 2646; x_wconf 88' lang='lat' dir='ltr'><strong>est</strong></span> <span class='ocrx_word' id='word_1_194' title='bbox 1295 2609 1509 2662; x_wconf 84' lang='lat' dir='ltr'><strong>regnum</strong></span> <span class='ocrx_word' id='word_1_195' title='bbox 1533 2592 1650 2656; x_wconf 88' lang='lat' dir='ltr'><strong>Dei,</strong></span> <span class='ocrx_word' id='word_1_196' title='bbox 1685 2593 1774 2646; x_wconf 87' lang='lat' dir='ltr'><strong>sed</strong></span> <span class='ocrx_word' id='word_1_197' title='bbox 1814 2594 1869 2645; x_wconf 87' lang='lat' dir='ltr'><strong>in</strong></span> <span class='ocrx_word' id='word_1_198' title='bbox 1919 2595 2090 2646; x_wconf 77' lang='lat' dir='ltr'><strong>uirtu-</strong></span> 
     </span>
    </p>
   </div>
   <div class='ocr_carea' id='block_1_29' title="bbox 520 2686 2091 2755">
    <p class='ocr_par' dir='ltr' id='par_1_29' title="bbox 520 2686 2091 2755">
     <span class='ocr_line' id='line_1_29' title="bbox 520 2686 2091 2755; baseline -0.003 -11"><span class='ocrx_word' id='word_1_199' title='bbox 520 2701 570 2744; x_wconf 88' lang='lat' dir='ltr'><strong>te</strong></span> <span class='ocrx_word' id='word_1_200' title='bbox 599 2690 666 2742; x_wconf 75' lang='grc'><strong>⁷⁸.</strong></span> <span class='ocrx_word' id='word_1_201' title='bbox 697 2688 864 2743; x_wconf 86' lang='lat' dir='ltr'><strong>Corde</strong></span> <span class='ocrx_word' id='word_1_202' title='bbox 914 2691 1170 2754; x_wconf 82' lang='lat' dir='ltr'><strong>creditur,</strong></span> <span class='ocrx_word' id='word_1_203' title='bbox 1217 2703 1305 2740; x_wconf 90' lang='lat' dir='ltr'><strong>ore</strong></span> <span class='ocrx_word' id='word_1_204' title='bbox 1335 2696 1510 2739; x_wconf 86' lang='lat' dir='ltr'><strong>autem</strong></span> <span class='ocrx_word' id='word_1_205' title='bbox 1561 2687 1620 2755; x_wconf 85' lang='lat' dir='ltr'><strong>ﬁt</strong></span> <span class='ocrx_word' id='word_1_206' title='bbox 1661 2687 1953 2755; x_wconf 78' lang='lat' dir='ltr'><strong>confessio;</strong></span> <span class='ocrx_word' id='word_1_207' title='bbox 1999 2686 2091 2740; x_wconf 92' lang='lat' dir='ltr'><strong>illo</strong></span> 
     </span>
    </p>
   </div>
   <div class='ocr_carea' id='block_1_30' title="bbox 518 2778 2090 2852">
    <p class='ocr_par' dir='ltr' id='par_1_30' title="bbox 518 2778 2090 2852">
     <span class='ocr_line' id='line_1_30' title="bbox 518 2778 2090 2852; baseline -0.002 -17"><span class='ocrx_word' id='word_1_208' title='bbox 518 2783 737 2852; x_wconf 90' lang='lat' dir='ltr'><strong>quidem</strong></span> <span class='ocrx_word' id='word_1_209' title='bbox 769 2783 837 2836; x_wconf 84' lang='lat' dir='ltr'><strong>ad</strong></span> <span class='ocrx_word' id='word_1_210' title='bbox 855 2783 1150 2852; x_wconf 80' lang='lat' dir='ltr'><strong>justitiam,</strong></span> <span class='ocrx_word' id='word_1_211' title='bbox 1173 2781 1274 2833; x_wconf 92' lang='lat' dir='ltr'><strong>hoc</strong></span> <span class='ocrx_word' id='word_1_212' title='bbox 1292 2795 1420 2832; x_wconf 89' lang='lat' dir='ltr'><strong>vero</strong></span> <span class='ocrx_word' id='word_1_213' title='bbox 1447 2779 1515 2831; x_wconf 86' lang='lat' dir='ltr'><strong>ad</strong></span> <span class='ocrx_word' id='word_1_214' title='bbox 1544 2779 1768 2832; x_wconf 86' lang='lat' dir='ltr'><strong>salutem</strong></span> <span class='ocrx_word' id='word_1_215' title='bbox 1788 2780 1852 2834; x_wconf 68' lang='lat'><strong>’9.</strong></span> <span class='ocrx_word' id='word_1_216' title='bbox 1881 2778 2090 2832; x_wconf 79' lang='lat' dir='ltr'><strong>Bonum</strong></span> 
     </span>
    </p>
   </div>
   <div class='ocr_carea' id='block_1_31' title="bbox 519 2868 2094 2941">
    <p class='ocr_par' dir='ltr' id='par_1_31' title="bbox 519 2868 2094 2941">
     <span class='ocr_line' id='line_1_31' title="bbox 519 2868 2094 2941; baseline -0.004 -13"><span class='ocrx_word' id='word_1_217' title='bbox 519 2883 600 2929; x_wconf 87' lang='lat' dir='ltr'><strong>est</strong></span> <span class='ocrx_word' id='word_1_218' title='bbox 629 2875 842 2938; x_wconf 90' lang='lat' dir='ltr'><strong>docere,</strong></span> <span class='ocrx_word' id='word_1_219' title='bbox 881 2873 926 2927; x_wconf 92' lang='lat' dir='ltr'><strong>si</strong></span> <span class='ocrx_word' id='word_1_220' title='bbox 965 2873 1058 2941; x_wconf 91' lang='lat' dir='ltr'><strong>qui</strong></span> <span class='ocrx_word' id='word_1_221' title='bbox 1110 2870 1243 2925; x_wconf 89' lang='lat' dir='ltr'><strong>dicit</strong></span> <span class='ocrx_word' id='word_1_222' title='bbox 1282 2869 1462 2924; x_wconf 81' lang='lat' dir='ltr'><strong>faciat.</strong></span> <span class='ocrx_word' id='word_1_223' title='bbox 1499 2868 1602 2932; x_wconf 84' lang='lat' dir='ltr'><strong>Qui</strong></span> <span class='ocrx_word' id='word_1_224' title='bbox 1650 2885 1883 2939; x_wconf 89' lang='lat' dir='ltr'><strong>namque</strong></span> <span class='ocrx_word' id='word_1_225' title='bbox 1914 2870 2094 2939; x_wconf 79' lang='lat' dir='ltr'><strong>fecerit</strong></span> 
     </span>
    </p>
   </div>
   <div class='ocr_carea' id='block_1_32' title="bbox 2192 577 3777 651">
    <p class='ocr_par' dir='ltr' id='par_1_32' title="bbox 2192 577 3777 651">
     <span class='ocr_line' id='line_1_32' title="bbox 2192 577 3777 651; baseline 0.003 -23"><span class='ocrx_word' id='word_1_226' title='bbox 2192 578 2286 630; x_wconf 77' lang='grc' dir='ltr'><strong>καὶ</strong></span> <span class='ocrx_word' id='word_1_227' title='bbox 2330 577 2615 648; x_wconf 78' lang='grc' dir='ltr'>σύμφωνος</span> <span class='ocrx_word' id='word_1_228' title='bbox 2649 580 2848 641; x_wconf 97' lang='grc' dir='ltr'>πίστις,</span> <span class='ocrx_word' id='word_1_229' title='bbox 2882 580 3047 632; x_wconf 76' lang='grc' dir='ltr'>αὑτοῦ</span> <span class='ocrx_word' id='word_1_230' title='bbox 3090 580 3189 651; x_wconf 78' lang='grc' dir='ltr'><strong>μὲν</strong></span> <span class='ocrx_word' id='word_1_231' title='bbox 3215 580 3362 633; x_wconf 80' lang='grc' dir='ltr'>ἔστιν</span> <span class='ocrx_word' id='word_1_232' title='bbox 3397 580 3615 651; x_wconf 72' lang='grc' dir='ltr'>ὄλεθρος</span> <span class='ocrx_word' id='word_1_233' title='bbox 3639 579 3777 649; x_wconf 77' lang='grc'>(65),</span> 
     </span>
    </p>
   </div>
   <div class='ocr_carea' id='block_1_33' title="bbox 2192 668 3777 742">
    <p class='ocr_par' dir='ltr' id='par_1_33' title="bbox 2192 668 3777 742">
     <span class='ocr_line' id='line_1_33' title="bbox 2192 668 3777 742; baseline 0.001 -22"><span class='ocrx_word' id='word_1_234' title='bbox 2192 669 2298 720; x_wconf 84' lang='grc' dir='ltr'><strong>τῶν</strong></span> <span class='ocrx_word' id='word_1_235' title='bbox 2339 668 2396 720; x_wconf 76' lang='grc' dir='ltr'>δὲ</span> <span class='ocrx_word' id='word_1_236' title='bbox 2439 671 2793 723; x_wconf 82' lang='grc' dir='ltr'><strong>ὑπασπιστῶν</strong></span> <span class='ocrx_word' id='word_1_237' title='bbox 2842 672 3006 724; x_wconf 79' lang='grc' dir='ltr'>αὐτοῦ</span> <span class='ocrx_word' id='word_1_238' title='bbox 3042 671 3303 741; x_wconf 84' lang='grc' dir='ltr'>βάσανος·</span> <span class='ocrx_word' id='word_1_239' title='bbox 3359 672 3509 724; x_wconf 78' lang='grc' dir='ltr'>οὐδὲν</span> <span class='ocrx_word' id='word_1_240' title='bbox 3551 672 3777 742; x_wconf 75' lang='grc' dir='ltr'>ἄμεινον</span> 
     </span>
    </p>
   </div>
   <div class='ocr_carea' id='block_1_34' title="bbox 2192 756 3777 835">
    <p class='ocr_par' dir='ltr' id='par_1_34' title="bbox 2192 756 3777 835">
     <span class='ocr_line' id='line_1_34' title="bbox 2192 756 3777 835; baseline 0.001 -23"><span class='ocrx_word' id='word_1_241' title='bbox 2192 759 2290 828; x_wconf 77' lang='grc' dir='ltr'>τῆς</span> <span class='ocrx_word' id='word_1_242' title='bbox 2320 761 2461 813; x_wconf 73' lang='grc' dir='ltr'>κατὰ</span> <span class='ocrx_word' id='word_1_243' title='bbox 2506 762 2738 832; x_wconf 75' lang='grc' dir='ltr'>Χριστὸν</span> <span class='ocrx_word' id='word_1_244' title='bbox 2773 762 2994 833; x_wconf 78' lang='grc' dir='ltr'><strong>εἰρήνης</strong></span> <span class='ocrx_word' id='word_1_245' title='bbox 3038 762 3184 832; x_wconf 63' lang='grc'>(64),</span> <span class='ocrx_word' id='word_1_246' title='bbox 3220 764 3277 814; x_wconf 84' lang='grc' dir='ltr'><strong>ἐν</strong></span> <span class='ocrx_word' id='word_1_247' title='bbox 3390 764 3496 825; x_wconf 81' lang='grc' dir='ltr'>πᾶς</span> <span class='ocrx_word' id='word_1_248' title='bbox 3537 765 3777 831; x_wconf 68' lang='grc' dir='ltr'>πόλεμος</span> 
     </span>
    </p>
   </div>
   <div class='ocr_carea' id='block_1_35' title="bbox 2193 853 3774 925">
    <p class='ocr_par' dir='ltr' id='par_1_35' title="bbox 2193 853 3774 925">
     <span class='ocr_line' id='line_1_35' title="bbox 2193 853 3774 925; baseline 0.003 -23"><span class='ocrx_word' id='word_1_249' title='bbox 2193 855 2549 923; x_wconf 82' lang='grc' dir='ltr'>καταργεῖται</span> <span class='ocrx_word' id='word_1_250' title='bbox 2608 853 2752 922; x_wconf 66' lang='lat'><strong>(65),</strong></span> <span class='ocrx_word' id='word_1_251' title='bbox 2802 853 3005 925; x_wconf 81' lang='grc' dir='ltr'>ἀερίων</span> <span class='ocrx_word' id='word_1_252' title='bbox 3054 855 3147 906; x_wconf 75' lang='grc' dir='ltr'><strong>καὶ</strong></span> <span class='ocrx_word' id='word_1_253' title='bbox 3208 855 3466 922; x_wconf 77' lang='grc' dir='ltr'>ἐπιγείων</span> <span class='ocrx_word' id='word_1_254' title='bbox 3524 853 3774 924; x_wconf 77' lang='grc' dir='ltr'>πνευμά-</span> 
     </span>
    </p>
   </div>
   <div class='ocr_carea' id='block_1_36' title="bbox 2192 943 3775 1016">
    <p class='ocr_par' dir='ltr' id='par_1_36' title="bbox 2192 943 3775 1016">
     <span class='ocr_line' id='line_1_36' title="bbox 2192 943 3775 1016; baseline 0.001 -20"><span class='ocrx_word' id='word_1_255' title='bbox 2192 960 2318 996; x_wconf 84' lang='grc' dir='ltr'>των.</span> <span class='ocrx_word' id='word_1_256' title='bbox 2361 945 2444 997; x_wconf 83' lang='grc' dir='ltr'><strong>Οὐ</strong></span> <span class='ocrx_word' id='word_1_257' title='bbox 2473 944 2582 1016; x_wconf 87' lang='grc' dir='ltr'><strong>γάρ</strong></span> <span class='ocrx_word' id='word_1_258' title='bbox 2617 943 2789 997; x_wconf 79' lang='grc' dir='ltr'>ἐστιν</span> <span class='ocrx_word' id='word_1_259' title='bbox 2825 945 2972 1013; x_wconf 67' lang='grc' dir='ltr'>ἡμῖν</span> <span class='ocrx_word' id='word_1_260' title='bbox 3013 945 3051 1012; x_wconf 79' lang='grc' dir='ltr'><em>ὴ</em></span> <span class='ocrx_word' id='word_1_261' title='bbox 3082 946 3245 1012; x_wconf 80' lang='grc' dir='ltr'>πάλη</span> <span class='ocrx_word' id='word_1_262' title='bbox 3293 945 3444 1012; x_wconf 71' lang='grc' dir='ltr'>πρὸς</span> <span class='ocrx_word' id='word_1_263' title='bbox 3489 945 3629 1014; x_wconf 77' lang='grc' dir='ltr'>αἷμα</span> <span class='ocrx_word' id='word_1_264' title='bbox 3672 944 3775 998; x_wconf 72' lang='grc' dir='ltr'><strong>καί</strong></span> 
     </span>
    </p>
   </div>
   <div class='ocr_carea' id='block_1_37' title="bbox 2192 1032 3774 1106">
    <p class='ocr_par' dir='ltr' id='par_1_37' title="bbox 2192 1032 3774 1106">
     <span class='ocr_line' id='line_1_37' title="bbox 2192 1032 3774 1106; baseline 0 -18"><span class='ocrx_word' id='word_1_265' title='bbox 2192 1032 2407 1102; x_wconf 80' lang='grc' dir='ltr'><strong>σάρκα,</strong></span> <span class='ocrx_word' id='word_1_266' title='bbox 2432 1034 2594 1087; x_wconf 77' lang='grc' dir='ltr'>ἀλλὰ</span> <span class='ocrx_word' id='word_1_267' title='bbox 2616 1035 2765 1102; x_wconf 79' lang='grc' dir='ltr'>πρὸς</span> <span class='ocrx_word' id='word_1_268' title='bbox 2789 1036 3128 1106; x_wconf 30' lang='grc' dir='ltr'>τὰςιάρχὰς,</span> <span class='ocrx_word' id='word_1_269' title='bbox 3159 1036 3252 1088; x_wconf 73' lang='grc' dir='ltr'>καὶ</span> <span class='ocrx_word' id='word_1_270' title='bbox 3285 1036 3436 1103; x_wconf 79' lang='grc' dir='ltr'>πρὸς</span> <span class='ocrx_word' id='word_1_271' title='bbox 3461 1035 3774 1101; x_wconf 81' lang='grc' dir='ltr'>ἐξουσίας,</span> 
     </span>
    </p>
   </div>
   <div class='ocr_carea' id='block_1_38' title="bbox 2194 1126 3777 1195">
    <p class='ocr_par' dir='ltr' id='par_1_38' title="bbox 2194 1126 3777 1195">
     <span class='ocr_line' id='line_1_38' title="bbox 2194 1126 3777 1195; baseline 0 -17"><span class='ocrx_word' id='word_1_272' title='bbox 2194 1128 2288 1179; x_wconf 72' lang='grc' dir='ltr'>καὶ</span> <span class='ocrx_word' id='word_1_273' title='bbox 2319 1127 2470 1194; x_wconf 73' lang='grc' dir='ltr'>πρὸς</span> <span class='ocrx_word' id='word_1_274' title='bbox 2493 1126 2633 1192; x_wconf 78' lang='grc' dir='ltr'>τοὺς</span> <span class='ocrx_word' id='word_1_275' title='bbox 2666 1127 3151 1195; x_wconf 67' lang='grc' dir='ltr'><strong>κοσμοκράτορας</strong></span> <span class='ocrx_word' id='word_1_276' title='bbox 3186 1127 3290 1180; x_wconf 87' lang='grc' dir='ltr'>τοῦ</span> <span class='ocrx_word' id='word_1_277' title='bbox 3313 1129 3592 1193; x_wconf 76' lang='grc' dir='ltr'>σκότους,</span> <span class='ocrx_word' id='word_1_278' title='bbox 3620 1129 3777 1194; x_wconf 76' lang='grc' dir='ltr'>πρὸς</span> 
     </span>
    </p>
   </div>
   <div class='ocr_carea' id='block_1_39' title="bbox 2192 1218 3775 1288">
    <p class='ocr_par' dir='ltr' id='par_1_39' title="bbox 2192 1218 3775 1288">
     <span class='ocr_line' id='line_1_39' title="bbox 2192 1218 3775 1288; baseline 0 -18"><span class='ocrx_word' id='word_1_279' title='bbox 2192 1220 2264 1272; x_wconf 84' lang='grc' dir='ltr'>τὰ</span> <span class='ocrx_word' id='word_1_280' title='bbox 2279 1219 2646 1288; x_wconf 81' lang='grc' dir='ltr'>πνευματικὰ</span> <span class='ocrx_word' id='word_1_281' title='bbox 2686 1218 2796 1286; x_wconf 83' lang='grc' dir='ltr'>τῆς</span> <span class='ocrx_word' id='word_1_282' title='bbox 2817 1222 3109 1286; x_wconf 68' lang='grc' dir='ltr'>πονηρίας</span> <span class='ocrx_word' id='word_1_283' title='bbox 3131 1220 3202 1273; x_wconf 77' lang='grc' dir='ltr'><em>ἐν</em></span> <span class='ocrx_word' id='word_1_284' title='bbox 3222 1219 3346 1286; x_wconf 83' lang='grc' dir='ltr'>τοῖς</span> <span class='ocrx_word' id='word_1_285' title='bbox 3370 1221 3775 1288; x_wconf 52' lang='lat' dir='ltr'><strong>dumpar/occ.</strong></span> 
     </span>
    </p>
   </div>
   <div class='ocr_carea' id='block_1_40' title="bbox 2263 1308 3778 1382">
    <p class='ocr_par' dir='ltr' id='par_1_40' title="bbox 2263 1308 3778 1382">
     <span class='ocr_line' id='line_1_40' title="bbox 2263 1308 3778 1382; baseline 0.001 -21"><span class='ocrx_word' id='word_1_286' title='bbox 2263 1308 2402 1365; x_wconf 76' lang='lat' dir='ltr'><strong>XIV.</strong></span> <span class='ocrx_word' id='word_1_287' title='bbox 2447 1309 2655 1362; x_wconf 77' lang='grc' dir='ltr'>Οὐκοῦν</span> <span class='ocrx_word' id='word_1_288' title='bbox 2684 1310 2743 1362; x_wconf 82' lang='grc' dir='ltr'><strong>οὐ</strong></span> <span class='ocrx_word' id='word_1_289' title='bbox 2774 1311 2995 1381; x_wconf 82' lang='grc' dir='ltr'>λήσεται</span> <span class='ocrx_word' id='word_1_290' title='bbox 3019 1310 3064 1341; x_wconf 66' lang='grc'><strong>⁷⁸</strong></span> <span class='ocrx_word' id='word_1_291' title='bbox 3091 1311 3234 1381; x_wconf 82' lang='grc' dir='ltr'>ὑμᾶς</span> <span class='ocrx_word' id='word_1_292' title='bbox 3269 1329 3319 1364; x_wconf 88' lang='grc' dir='ltr'><strong>τι</strong></span> <span class='ocrx_word' id='word_1_293' title='bbox 3351 1311 3458 1364; x_wconf 84' lang='grc' dir='ltr'><strong>τῶν</strong></span> <span class='ocrx_word' id='word_1_294' title='bbox 3485 1310 3778 1382; x_wconf 85' lang='grc' dir='ltr'>νοημάτων</span> 
     </span>
    </p>
   </div>
   <div class='ocr_carea' id='block_1_41' title="bbox 2193 1401 3778 1474">
    <p class='ocr_par' dir='ltr' id='par_1_41' title="bbox 2193 1401 3778 1474">
     <span class='ocr_line' id='line_1_41' title="bbox 2193 1401 3778 1474; baseline 0 -18"><span class='ocrx_word' id='word_1_295' title='bbox 2193 1403 2286 1456; x_wconf 83' lang='grc' dir='ltr'>τοῦ</span> <span class='ocrx_word' id='word_1_296' title='bbox 2311 1401 2557 1456; x_wconf 76' lang='grc' dir='ltr'>διαϐόλου</span> <span class='ocrx_word' id='word_1_297' title='bbox 2591 1402 2722 1474; x_wconf 92' lang='grc'>(66),</span> <span class='ocrx_word' id='word_1_298' title='bbox 2755 1404 2872 1466; x_wconf 76' lang='grc' dir='ltr'>ἐὰν,</span> <span class='ocrx_word' id='word_1_299' title='bbox 2907 1403 2982 1466; x_wconf 81' lang='grc' dir='ltr'><strong>ὡς</strong></span> <span class='ocrx_word' id='word_1_300' title='bbox 3011 1403 3244 1466; x_wconf 78' lang='grc' dir='ltr'>Παῦλος,</span> <span class='ocrx_word' id='word_1_301' title='bbox 3279 1402 3499 1467; x_wconf 85' lang='grc' dir='ltr'>τελείως</span> <span class='ocrx_word' id='word_1_302' title='bbox 3524 1406 3603 1467; x_wconf 82' lang='grc' dir='ltr'><strong>είς</strong></span> <span class='ocrx_word' id='word_1_303' title='bbox 3634 1406 3778 1474; x_wconf 75' lang='grc' dir='ltr'>Χρυ-</span> 
     </span>
    </p>
   </div>
   <div class='ocr_carea' id='block_1_42' title="bbox 2194 1493 3780 1567">
    <p class='ocr_par' dir='ltr' id='par_1_42' title="bbox 2194 1493 3780 1567">
     <span class='ocr_line' id='line_1_42' title="bbox 2194 1493 3780 1567; baseline 0.002 -22"><span class='ocrx_word' id='word_1_304' title='bbox 2194 1493 2315 1546; x_wconf 85' lang='grc' dir='ltr'>στὺν</span> <span class='ocrx_word' id='word_1_305' title='bbox 2356 1493 2515 1564; x_wconf 75' lang='grc' dir='ltr'>ἔχητε</span> <span class='ocrx_word' id='word_1_306' title='bbox 2559 1495 2658 1565; x_wconf 81' lang='grc' dir='ltr'><strong>τὴν</strong></span> <span class='ocrx_word' id='word_1_307' title='bbox 2696 1494 2878 1546; x_wconf 86' lang='grc' dir='ltr'>πίστιν</span> <span class='ocrx_word' id='word_1_308' title='bbox 2913 1496 3005 1547; x_wconf 77' lang='grc' dir='ltr'><strong>καὶ</strong></span> <span class='ocrx_word' id='word_1_309' title='bbox 3050 1495 3144 1566; x_wconf 78' lang='grc' dir='ltr'>τὴν</span> <span class='ocrx_word' id='word_1_310' title='bbox 3195 1495 3416 1566; x_wconf 80' lang='grc' dir='ltr'>ἀγάπην</span> <span class='ocrx_word' id='word_1_311' title='bbox 3467 1495 3599 1567; x_wconf 88' lang='grc'>(67),</span> <span class='ocrx_word' id='word_1_312' title='bbox 3649 1496 3780 1566; x_wconf 79' lang='grc' dir='ltr'>ἥτις</span> 
     </span>
    </p>
   </div>
   <div class='ocr_carea' id='block_1_43' title="bbox 2193 1585 3775 1657">
    <p class='ocr_par' dir='ltr' id='par_1_43' title="bbox 2193 1585 3775 1657">
     <span class='ocr_line' id='line_1_43' title="bbox 2193 1585 3775 1657; baseline 0.001 -19"><span class='ocrx_word' id='word_1_313' title='bbox 2193 1585 2340 1638; x_wconf 75' lang='grc' dir='ltr'>ἐστὶν</span> <span class='ocrx_word' id='word_1_314' title='bbox 2397 1585 2539 1656; x_wconf 82' lang='grc' dir='ltr'><strong>ἁρχὴ</strong></span> <span class='ocrx_word' id='word_1_315' title='bbox 2584 1585 2730 1655; x_wconf 77' lang='grc' dir='ltr'>ζωῆς</span> <span class='ocrx_word' id='word_1_316' title='bbox 2776 1585 2869 1638; x_wconf 73' lang='grc' dir='ltr'>καὶ</span> <span class='ocrx_word' id='word_1_317' title='bbox 2912 1587 3081 1648; x_wconf 77' lang='grc' dir='ltr'>τέλος.</span> <span class='ocrx_word' id='word_1_318' title='bbox 3120 1586 3285 1657; x_wconf 81' lang='grc' dir='ltr'>Ἀρχὴ</span> <span class='ocrx_word' id='word_1_319' title='bbox 3329 1586 3508 1655; x_wconf 76' lang='grc' dir='ltr'>ζωῆς,</span> <span class='ocrx_word' id='word_1_320' title='bbox 3552 1587 3775 1651; x_wconf 81' lang='grc' dir='ltr'>πίστις’</span> 
     </span>
    </p>
   </div>
   <div class='ocr_carea' id='block_1_44' title="bbox 2192 1675 3780 1747">
    <p class='ocr_par' dir='ltr' id='par_1_44' title="bbox 2192 1675 3780 1747">
     <span class='ocr_line' id='line_1_44' title="bbox 2192 1675 3780 1747; baseline 0.001 -19"><span class='ocrx_word' id='word_1_321' title='bbox 2192 1675 2342 1739; x_wconf 81' lang='grc' dir='ltr'>τέλος</span> <span class='ocrx_word' id='word_1_322' title='bbox 2369 1675 2444 1738; x_wconf 84' lang='grc' dir='ltr'><strong>δὲ,</strong></span> <span class='ocrx_word' id='word_1_323' title='bbox 2468 1676 2655 1747; x_wconf 81' lang='grc' dir='ltr'>ἀγάπη</span> <span class='ocrx_word' id='word_1_324' title='bbox 2676 1693 2688 1705; x_wconf 89' lang='grc'><strong>·</strong></span> <span class='ocrx_word' id='word_1_325' title='bbox 2724 1677 2788 1729; x_wconf 79' lang='grc' dir='ltr'>τὰ</span> <span class='ocrx_word' id='word_1_326' title='bbox 2813 1677 2867 1728; x_wconf 77' lang='grc' dir='ltr'><strong>δὲ</strong></span> <span class='ocrx_word' id='word_1_327' title='bbox 2889 1676 2980 1729; x_wconf 78' lang='grc' dir='ltr'><strong>δύο</strong></span> <span class='ocrx_word' id='word_1_328' title='bbox 3006 1679 3064 1729; x_wconf 86' lang='grc' dir='ltr'><strong>ὲν</strong></span> <span class='ocrx_word' id='word_1_329' title='bbox 3096 1677 3307 1747; x_wconf 75' lang='grc' dir='ltr'>ἑνότητι</span> <span class='ocrx_word' id='word_1_330' title='bbox 3331 1678 3614 1747; x_wconf 88' lang='grc' dir='ltr'>γενόμενα,</span> <span class='ocrx_word' id='word_1_331' title='bbox 3634 1677 3780 1732; x_wconf 80' lang='grc' dir='ltr'>Θεοῦ</span> 
     </span>
    </p>
   </div>
   <div class='ocr_carea' id='block_1_45' title="bbox 2195 1767 3775 1844">
    <p class='ocr_par' dir='ltr' id='par_1_45' title="bbox 2195 1767 3775 1844">
     <span class='ocr_line' id='line_1_45' title="bbox 2195 1767 3775 1844; baseline 0.001 -22"><span class='ocrx_word' id='word_1_332' title='bbox 2195 1769 2480 1840; x_wconf 79' lang='grc' dir='ltr'>ἄνθρωπον</span> <span class='ocrx_word' id='word_1_333' title='bbox 2510 1767 2764 1821; x_wconf 85' lang='grc' dir='ltr'>ἀποτελεῖ</span> <span class='ocrx_word' id='word_1_334' title='bbox 2783 1786 2794 1797; x_wconf 94' lang='grc'>·</span> <span class='ocrx_word' id='word_1_335' title='bbox 2830 1770 2897 1822; x_wconf 78' lang='grc' dir='ltr'>τὰ</span> <span class='ocrx_word' id='word_1_336' title='bbox 2935 1768 2992 1821; x_wconf 83' lang='grc' dir='ltr'>δὲ</span> <span class='ocrx_word' id='word_1_337' title='bbox 3022 1768 3156 1822; x_wconf 80' lang='grc' dir='ltr'>ἄλλα</span> <span class='ocrx_word' id='word_1_338' title='bbox 3185 1770 3382 1831; x_wconf 85' lang='grc' dir='ltr'>πάντα,</span> <span class='ocrx_word' id='word_1_339' title='bbox 3423 1771 3504 1833; x_wconf 84' lang='grc' dir='ltr'><strong>εἰς</strong></span> <span class='ocrx_word' id='word_1_340' title='bbox 3531 1771 3775 1844; x_wconf 68' lang='grc' dir='ltr'>καλοκα-</span> 
     </span>
    </p>
   </div>
   <div class='ocr_carea' id='block_1_46' title="bbox 2194 1857 3779 1932">
    <p class='ocr_par' dir='ltr' id='par_1_46' title="bbox 2194 1857 3779 1932">
     <span class='ocr_line' id='line_1_46' title="bbox 2194 1857 3779 1932; baseline -0.001 -19"><span class='ocrx_word' id='word_1_341' title='bbox 2194 1859 2388 1927; x_wconf 81' lang='grc' dir='ltr'>γαθίαν</span> <span class='ocrx_word' id='word_1_342' title='bbox 2416 1857 2686 1912; x_wconf 85' lang='grc' dir='ltr'>ἀκόλουοά</span> <span class='ocrx_word' id='word_1_343' title='bbox 2716 1860 2884 1914; x_wconf 79' lang='grc' dir='ltr'>ἐστιν.</span> <span class='ocrx_word' id='word_1_344' title='bbox 2913 1858 3101 1922; x_wconf 71' lang='grc' dir='ltr'>Οὐδεὶς</span> <span class='ocrx_word' id='word_1_345' title='bbox 3147 1858 3328 1912; x_wconf 90' lang='grc' dir='ltr'>πίστιν</span> <span class='ocrx_word' id='word_1_346' title='bbox 3368 1860 3779 1932; x_wconf 79' lang='grc' dir='ltr'>ἐπαγγελλόμε-</span> 
     </span>
    </p>
   </div>
   <div class='ocr_carea' id='block_1_47' title="bbox 2191 1949 3775 2022">
    <p class='ocr_par' dir='ltr' id='par_1_47' title="bbox 2191 1949 3775 2022">
     <span class='ocr_line' id='line_1_47' title="bbox 2191 1949 3775 2022; baseline 0 -19"><span class='ocrx_word' id='word_1_347' title='bbox 2191 1968 2301 2014; x_wconf 84' lang='grc' dir='ltr'>νος,</span> <span class='ocrx_word' id='word_1_348' title='bbox 2341 1950 2544 2020; x_wconf 76' lang='grc' dir='ltr'>ὀφείλει</span> <span class='ocrx_word' id='word_1_349' title='bbox 2587 1949 2952 2020; x_wconf 86' lang='grc' dir='ltr'>ἁμαρτάνειν·</span> <span class='ocrx_word' id='word_1_350' title='bbox 2992 1949 3111 2001; x_wconf 76' lang='grc' dir='ltr'>οὐδὲ</span> <span class='ocrx_word' id='word_1_351' title='bbox 3156 1949 3377 2020; x_wconf 84' lang='grc' dir='ltr'>ἀγάπην</span> <span class='ocrx_word' id='word_1_352' title='bbox 3414 1951 3775 2022; x_wconf 80' lang='grc' dir='ltr'>κεκτημένος,</span> 
     </span>
    </p>
   </div>
   <div class='ocr_carea' id='block_1_48' title="bbox 2199 2040 3778 2115">
    <p class='ocr_par' dir='ltr' id='par_1_48' title="bbox 2199 2040 3778 2115">
     <span class='ocr_line' id='line_1_48' title="bbox 2199 2040 3778 2115; baseline 0 -19"><span class='ocrx_word' id='word_1_353' title='bbox 2199 2046 2375 2115; x_wconf 81' lang='grc' dir='ltr'>μισεῖν</span> <span class='ocrx_word' id='word_1_354' title='bbox 2404 2043 2492 2095; x_wconf 86' lang='grc' dir='ltr'><strong>τὸν</strong></span> <span class='ocrx_word' id='word_1_355' title='bbox 2515 2041 2763 2108; x_wconf 74' lang='grc' dir='ltr'>ἀδελφόν.</span> <span class='ocrx_word' id='word_1_356' title='bbox 2803 2041 2860 2094; x_wconf 86' lang='lat'><strong>&#39;0</strong></span> <span class='ocrx_word' id='word_1_357' title='bbox 2893 2041 3002 2112; x_wconf 85' lang='grc' dir='ltr'><strong>γὰρ</strong></span> <span class='ocrx_word' id='word_1_358' title='bbox 3035 2040 3203 2094; x_wconf 84' lang='grc' dir='ltr'>είπὼν</span> <span class='ocrx_word' id='word_1_359' title='bbox 3222 2059 3236 2071; x_wconf 88' lang='grc'>·</span> <span class='ocrx_word' id='word_1_360' title='bbox 3280 2043 3638 2112; x_wconf 77' lang='grc' dir='ltr'>Ἀγαπήσεις</span> <span class='ocrx_word' id='word_1_361' title='bbox 3659 2044 3778 2098; x_wconf 72' lang='grc' dir='ltr'><strong>Κύ-</strong></span> 
     </span>
    </p>
   </div>
   <div class='ocr_carea' id='block_1_49' title="bbox 2186 2127 3776 2201">
    <p class='ocr_par' dir='ltr' id='par_1_49' title="bbox 2186 2127 3776 2201">
     <span class='ocr_line' id='line_1_49' title="bbox 2186 2127 3776 2201; baseline 0.001 -16"><span class='ocrx_word' id='word_1_362' title='bbox 2186 2132 2444 2201; x_wconf 80' lang='grc' dir='ltr'>ριοντὸν</span> <span class='ocrx_word' id='word_1_363' title='bbox 2467 2133 2614 2186; x_wconf 80' lang='grc' dir='ltr'><strong>Θεόν</strong></span> <span class='ocrx_word' id='word_1_364' title='bbox 2637 2147 2776 2195; x_wconf 82' lang='grc' dir='ltr'>σου,</span> <span class='ocrx_word' id='word_1_365' title='bbox 2807 2127 2926 2184; x_wconf 84' lang='grc' dir='ltr'>εἷπε</span> <span class='ocrx_word' id='word_1_366' title='bbox 2942 2149 2955 2161; x_wconf 90' lang='grc'>·</span> <span class='ocrx_word' id='word_1_367' title='bbox 2983 2132 3089 2185; x_wconf 84' lang='lat' dir='ltr'><strong>Kal</strong></span> <span class='ocrx_word' id='word_1_368' title='bbox 3109 2133 3215 2184; x_wconf 75' lang='grc' dir='ltr'><strong>τὸν</strong></span> <span class='ocrx_word' id='word_1_369' title='bbox 3229 2135 3497 2200; x_wconf 71' lang='grc' dir='ltr'>πλησίον</span> <span class='ocrx_word' id='word_1_370' title='bbox 3518 2151 3634 2187; x_wconf 85' lang='grc' dir='ltr'>σου</span> <span class='ocrx_word' id='word_1_371' title='bbox 3652 2175 3666 2197; x_wconf 94' lang='grc'><strong>,</strong></span> <span class='ocrx_word' id='word_1_372' title='bbox 3689 2135 3776 2200; x_wconf 86' lang='grc' dir='ltr'>ὡς</span> 
     </span>
    </p>
   </div>
   <div class='ocr_carea' id='block_1_50' title="bbox 2195 2218 3777 2294">
    <p class='ocr_par' dir='ltr' id='par_1_50' title="bbox 2195 2218 3777 2294">
     <span class='ocr_line' id='line_1_50' title="bbox 2195 2218 3777 2294; baseline -0.001 -17"><span class='ocrx_word' id='word_1_373' title='bbox 2195 2224 2457 2277; x_wconf 80' lang='grc' dir='ltr'>σεαυτόν</span> <span class='ocrx_word' id='word_1_374' title='bbox 2474 2239 2486 2251; x_wconf 89' lang='grc'><strong>·</strong></span> <span class='ocrx_word' id='word_1_375' title='bbox 2506 2224 2554 2274; x_wconf 78' lang='grc' dir='ltr'>οἱ</span> <span class='ocrx_word' id='word_1_376' title='bbox 2570 2221 3026 2293; x_wconf 79' lang='grc' dir='ltr'>ἐπαγγελλόμενοι</span> <span class='ocrx_word' id='word_1_377' title='bbox 3041 2224 3278 2294; x_wconf 79' lang='grc' dir='ltr'>Χριστοῦ</span> <span class='ocrx_word' id='word_1_378' title='bbox 3293 2218 3429 2276; x_wconf 78' lang='grc' dir='ltr'>εἶναι</span> <span class='ocrx_word' id='word_1_379' title='bbox 3446 2223 3578 2294; x_wconf 87' lang='grc'>(68),</span> <span class='ocrx_word' id='word_1_380' title='bbox 3596 2224 3695 2276; x_wconf 87' lang='grc' dir='ltr'><strong>οὐκ</strong></span> <span class='ocrx_word' id='word_1_381' title='bbox 3713 2223 3777 2290; x_wconf 75' lang='grc' dir='ltr'><strong>ἐξ</strong></span> 
     </span>
    </p>
   </div>
   <div class='ocr_carea' id='block_1_51' title="bbox 2194 2310 3777 2389">
    <p class='ocr_par' dir='ltr' id='par_1_51' title="bbox 2194 2310 3777 2389">
     <span class='ocr_line' id='line_1_51' title="bbox 2194 2310 3777 2389; baseline -0.001 -18"><span class='ocrx_word' id='word_1_382' title='bbox 2194 2310 2268 2371; x_wconf 83' lang='grc' dir='ltr'>ὧν</span> <span class='ocrx_word' id='word_1_383' title='bbox 2296 2317 2510 2387; x_wconf 81' lang='grc' dir='ltr'>λέγουσι</span> <span class='ocrx_word' id='word_1_384' title='bbox 2531 2318 2709 2388; x_wconf 83' lang='grc' dir='ltr'>μόνον,</span> <span class='ocrx_word' id='word_1_385' title='bbox 2727 2317 2862 2370; x_wconf 84' lang='grc' dir='ltr'><strong>ἀλλά</strong></span> <span class='ocrx_word' id='word_1_386' title='bbox 2879 2317 2972 2369; x_wconf 75' lang='grc' dir='ltr'><strong>καὶ</strong></span> <span class='ocrx_word' id='word_1_387' title='bbox 2988 2316 3047 2381; x_wconf 79' lang='grc' dir='ltr'><strong>ἐξ</strong></span> <span class='ocrx_word' id='word_1_388' title='bbox 3061 2310 3136 2370; x_wconf 82' lang='grc' dir='ltr'>ὧν</span> <span class='ocrx_word' id='word_1_389' title='bbox 3153 2318 3449 2388; x_wconf 89' lang='grc' dir='ltr'>πράττουσι</span> <span class='ocrx_word' id='word_1_390' title='bbox 3477 2316 3777 2389; x_wconf 75' lang='grc' dir='ltr'>γνωρίζον-</span> 
     </span>
    </p>
   </div>
   <div class='ocr_carea' id='block_1_52' title="bbox 2195 2403 3776 2481">
    <p class='ocr_par' dir='ltr' id='par_1_52' title="bbox 2195 2403 3776 2481">
     <span class='ocr_line' id='line_1_52' title="bbox 2195 2403 3776 2481; baseline -0.008 -14"><span class='ocrx_word' id='word_1_391' title='bbox 2195 2431 2300 2467; x_wconf 85' lang='grc' dir='ltr'>ται.</span> <span class='ocrx_word' id='word_1_392' title='bbox 2321 2413 2420 2465; x_wconf 84' lang='grc' dir='ltr'>Ἐκ</span> <span class='ocrx_word' id='word_1_393' title='bbox 2438 2410 2545 2481; x_wconf 68' lang='grc' dir='ltr'>γὰρ</span> <span class='ocrx_word' id='word_1_394' title='bbox 2560 2409 2664 2463; x_wconf 74' lang='grc' dir='ltr'>τοῦ</span> <span class='ocrx_word' id='word_1_395' title='bbox 2682 2403 2910 2477; x_wconf 80' lang='grc' dir='ltr'>καρποῦ</span> <span class='ocrx_word' id='word_1_396' title='bbox 2928 2407 2991 2461; x_wconf 84' lang='grc' dir='ltr'>τὸ</span> <span class='ocrx_word' id='word_1_397' title='bbox 3008 2409 3259 2477; x_wconf 76' lang='grc' dir='ltr'>δένδρον</span> <span class='ocrx_word' id='word_1_398' title='bbox 3274 2410 3619 2480; x_wconf 81' lang='grc' dir='ltr'>γινώσκεται</span> <span class='ocrx_word' id='word_1_399' title='bbox 3639 2410 3776 2480; x_wconf 87' lang='grc'>(69),</span> 
     </span>
    </p>
   </div>
   <div class='ocr_carea' id='block_1_53' title="bbox 2265 2499 3774 2575">
    <p class='ocr_par' dir='ltr' id='par_1_53' title="bbox 2265 2499 3774 2575">
     <span class='ocr_line' id='line_1_53' title="bbox 2265 2499 3774 2575; baseline -0.003 -17"><span class='ocrx_word' id='word_1_400' title='bbox 2265 2504 2380 2558; x_wconf 78' lang='lat' dir='ltr'><strong>XV.</strong></span> <span class='ocrx_word' id='word_1_401' title='bbox 2416 2504 2669 2575; x_wconf 77' lang='grc' dir='ltr'>Ἀμεινόν</span> <span class='ocrx_word' id='word_1_402' title='bbox 2691 2505 2806 2555; x_wconf 80' lang='grc' dir='ltr'>ἐστι</span> <span class='ocrx_word' id='word_1_403' title='bbox 2837 2503 3046 2573; x_wconf 86' lang='grc' dir='ltr'>σιωπᾷν</span> <span class='ocrx_word' id='word_1_404' title='bbox 3071 2503 3165 2554; x_wconf 71' lang='grc' dir='ltr'><strong>καὶ</strong></span> <span class='ocrx_word' id='word_1_405' title='bbox 3197 2499 3408 2574; x_wconf 74' lang='grc' dir='ltr'>εἷναι,ἢ</span> <span class='ocrx_word' id='word_1_406' title='bbox 3451 2502 3629 2556; x_wconf 89' lang='grc' dir='ltr'>λαλεῖν</span> <span class='ocrx_word' id='word_1_407' title='bbox 3651 2501 3774 2554; x_wconf 76' lang='grc' dir='ltr'>’καὶ</span> 
     </span>
    </p>
   </div>
   <div class='ocr_carea' id='block_1_54' title="bbox 2199 2594 3770 2671">
    <p class='ocr_par' dir='ltr' id='par_1_54' title="bbox 2199 2594 3770 2671">
     <span class='ocr_line' id='line_1_54' title="bbox 2199 2594 3770 2671; baseline -0.003 -20"><span class='ocrx_word' id='word_1_408' title='bbox 2199 2599 2272 2671; x_wconf 76' lang='grc' dir='ltr'>μὴ</span> <span class='ocrx_word' id='word_1_409' title='bbox 2295 2595 2454 2651; x_wconf 77' lang='grc' dir='ltr'>εἶναι.</span> <span class='ocrx_word' id='word_1_410' title='bbox 2489 2599 2610 2649; x_wconf 78' lang='grc' dir='ltr'><strong>Οὐκ</strong></span> <span class='ocrx_word' id='word_1_411' title='bbox 2635 2597 2708 2648; x_wconf 72' lang='grc' dir='ltr'><strong>ἐν</strong></span> <span class='ocrx_word' id='word_1_412' title='bbox 2724 2597 2886 2663; x_wconf 73' lang='grc' dir='ltr'><strong>λόγῳ</strong></span> <span class='ocrx_word' id='word_1_413' title='bbox 2918 2595 2954 2660; x_wconf 77' lang='grc' dir='ltr'><strong><em>ἡ</em></strong></span> <span class='ocrx_word' id='word_1_414' title='bbox 2986 2595 3275 2658; x_wconf 76' lang='grc' dir='ltr'>,βασιλεία</span> <span class='ocrx_word' id='word_1_415' title='bbox 3297 2595 3402 2647; x_wconf 85' lang='grc' dir='ltr'>τοῦ</span> <span class='ocrx_word' id='word_1_416' title='bbox 3428 2594 3596 2656; x_wconf 82' lang='grc' dir='ltr'>Θεοῦ,</span> <span class='ocrx_word' id='word_1_417' title='bbox 3628 2594 3770 2648; x_wconf 68' lang='grc' dir='ltr'><strong>ἀλλ’</strong></span> 
     </span>
    </p>
   </div>
   <div class='ocr_carea' id='block_1_55' title="bbox 2195 2685 3778 2756">
    <p class='ocr_par' dir='ltr' id='par_1_55' title="bbox 2195 2685 3778 2756">
     <span class='ocr_line' id='line_1_55' title="bbox 2195 2685 3778 2756; baseline -0.002 -15"><span class='ocrx_word' id='word_1_418' title='bbox 2195 2691 2265 2742; x_wconf 79' lang='grc' dir='ltr'><strong>ἐν</strong></span> <span class='ocrx_word' id='word_1_419' title='bbox 2292 2687 2538 2756; x_wconf 76' lang='grc' dir='ltr'>δυνάμει</span> <span class='ocrx_word' id='word_1_420' title='bbox 2559 2704 2570 2716; x_wconf 86' lang='grc'><strong>·</strong></span> <span class='ocrx_word' id='word_1_421' title='bbox 2613 2685 2823 2753; x_wconf 76' lang='grc' dir='ltr'>καρδίᾳ</span> <span class='ocrx_word' id='word_1_422' title='bbox 2854 2686 3215 2748; x_wconf 77' lang='grc' dir='ltr'>πιστεύεται,</span> <span class='ocrx_word' id='word_1_423' title='bbox 3247 2687 3495 2754; x_wconf 72' lang='grc' dir='ltr'>στοῖματι</span> <span class='ocrx_word' id='word_1_424' title='bbox 3527 2685 3596 2738; x_wconf 80' lang='grc' dir='ltr'>δὲ</span> <span class='ocrx_word' id='word_1_425' title='bbox 3635 2688 3778 2754; x_wconf 78' lang='grc' dir='ltr'>ὀμο-</span> 
     </span>
    </p>
   </div>
   <div class='ocr_carea' id='block_1_56' title="bbox 2195 2776 3777 2851">
    <p class='ocr_par' dir='ltr' id='par_1_56' title="bbox 2195 2776 3777 2851">
     <span class='ocr_line' id='line_1_56' title="bbox 2195 2776 3777 2851; baseline -0.003 -16"><span class='ocrx_word' id='word_1_426' title='bbox 2195 2780 2471 2851; x_wconf 77' lang='grc' dir='ltr'>λογεῖται·</span> <span class='ocrx_word' id='word_1_427' title='bbox 2493 2781 2556 2848; x_wconf 82' lang='grc' dir='ltr'>τῇ</span> <span class='ocrx_word' id='word_1_428' title='bbox 2586 2778 2703 2851; x_wconf 80' lang='grc' dir='ltr'>μὲν,</span> <span class='ocrx_word' id='word_1_429' title='bbox 2721 2779 2808 2842; x_wconf 84' lang='grc' dir='ltr'>εὶς</span> <span class='ocrx_word' id='word_1_430' title='bbox 2835 2776 3242 2842; x_wconf 77' lang='grc' dir='ltr'>δικαιοσύνην·</span> <span class='ocrx_word' id='word_1_431' title='bbox 3267 2776 3342 2846; x_wconf 84' lang='grc' dir='ltr'>τῷ</span> <span class='ocrx_word' id='word_1_432' title='bbox 3361 2778 3437 2839; x_wconf 87' lang='grc' dir='ltr'>δὲ,</span> <span class='ocrx_word' id='word_1_433' title='bbox 3461 2781 3548 2844; x_wconf 84' lang='grc' dir='ltr'>εἰς</span> <span class='ocrx_word' id='word_1_434' title='bbox 3579 2795 3777 2844; x_wconf 79' lang='grc' dir='ltr'>σωτη-</span> 
     </span>
    </p>
   </div>
   <div class='ocr_carea' id='block_1_57' title="bbox 2190 2849 3781 2941">
    <p class='ocr_par' dir='ltr' id='par_1_57' title="bbox 2190 2849 3781 2941">
     <span class='ocr_line' id='line_1_57' title="bbox 2190 2849 3781 2941; baseline -0.001 -16"><span class='ocrx_word' id='word_1_435' title='bbox 2190 2849 2331 2941; x_wconf 73' lang='grc' dir='ltr'>ρίαν</span> <span class='ocrx_word' id='word_1_436' title='bbox 2349 2889 2360 2902; x_wconf 72' lang='grc' dir='ltr'><strong>ο</strong></span> <span class='ocrx_word' id='word_1_437' title='bbox 2393 2870 2555 2924; x_wconf 77' lang='grc' dir='ltr'>καλὸν</span> <span class='ocrx_word' id='word_1_438' title='bbox 2582 2849 2640 2922; x_wconf 79' lang='grc' dir='ltr'><strong>τὸ</strong></span> <span class='ocrx_word' id='word_1_439' title='bbox 2663 2868 2950 2931; x_wconf 83' lang='grc' dir='ltr'>διδάσκειν,</span> <span class='ocrx_word' id='word_1_440' title='bbox 2980 2868 3075 2921; x_wconf 82' lang='grc' dir='ltr'>ἐὰν</span> <span class='ocrx_word' id='word_1_441' title='bbox 3102 2870 3130 2919; x_wconf 88' lang='grc' dir='ltr'>ὁ</span> <span class='ocrx_word' id='word_1_442' title='bbox 3161 2868 3333 2937; x_wconf 83' lang='grc' dir='ltr'>λέγων</span> <span class='ocrx_word' id='word_1_443' title='bbox 3355 2873 3500 2940; x_wconf 81' lang='grc' dir='ltr'>ποιῇ.</span> <span class='ocrx_word' id='word_1_444' title='bbox 3531 2873 3635 2936; x_wconf 89' lang='grc' dir='ltr'>Ὃς</span> <span class='ocrx_word' id='word_1_445' title='bbox 3665 2872 3781 2939; x_wconf 69' lang='grc' dir='ltr'>γὰρ</span> 
     </span>
    </p>
   </div>
   <div class='ocr_carea' id='block_1_58' title="bbox 517 2954 2093 3035">
    <p class='ocr_par' dir='ltr' id='par_1_58' title="bbox 517 2961 2093 3034">
     <span class='ocr_line' id='line_1_58' title="bbox 517 2961 2093 3034; baseline -0.003 -11"><span class='ocrx_word' id='word_1_446' title='bbox 517 2982 567 3023; x_wconf 86' lang='lat' dir='ltr'><strong>et</strong></span> <span class='ocrx_word' id='word_1_447' title='bbox 599 2970 859 3034; x_wconf 83' lang='lat' dir='ltr'><strong>docuerit,</strong></span> <span class='ocrx_word' id='word_1_448' title='bbox 898 2967 980 3020; x_wconf 82' lang='lat' dir='ltr'><strong>hic</strong></span> <span class='ocrx_word' id='word_1_449' title='bbox 1006 2981 1225 3034; x_wconf 86' lang='lat' dir='ltr'><strong>magnus</strong></span> <span class='ocrx_word' id='word_1_450' title='bbox 1246 2965 1301 3016; x_wconf 85' lang='lat' dir='ltr'><strong>in</strong></span> <span class='ocrx_word' id='word_1_451' title='bbox 1332 2979 1488 3032; x_wconf 86' lang='lat' dir='ltr'><strong>regno</strong></span> <span class='ocrx_word' id='word_1_452' title='bbox 1517 2963 1582 3013; x_wconf 77' lang='grc' dir='ltr'><strong>⁸ο.</strong></span> <span class='ocrx_word' id='word_1_453' title='bbox 1620 2961 1881 3018; x_wconf 92' lang='lat' dir='ltr'><strong>Dominus</strong></span> <span class='ocrx_word' id='word_1_454' title='bbox 1915 2975 2093 3019; x_wconf 90' lang='lat' dir='ltr'><strong>noster</strong></span> 
     </span>
    </p>
   </div>
   <div class='ocr_carea' id='block_1_59' title="bbox 2197 2954 3781 3035">
    <p class='ocr_par' dir='ltr' id='par_1_59' title="bbox 2199 2954 3781 3035">
     <span class='ocr_line' id='line_1_59' title="bbox 2199 2954 3781 3035; baseline 0.018 -26"><span class='ocrx_word' id='word_1_455' title='bbox 2199 2964 2275 3017; x_wconf 74' lang='grc' dir='ltr'>ἀν</span> <span class='ocrx_word' id='word_1_456' title='bbox 2303 2960 2527 3027; x_wconf 78' lang='grc' dir='ltr'>ποιήσῃ</span> <span class='ocrx_word' id='word_1_457' title='bbox 2557 2959 2668 3028; x_wconf 85' lang='lat'><strong>(70)</strong></span> <span class='ocrx_word' id='word_1_458' title='bbox 2717 2956 2814 3010; x_wconf 82' lang='grc' dir='ltr'>καὶ</span> <span class='ocrx_word' id='word_1_459' title='bbox 2857 2956 3105 3026; x_wconf 78' lang='grc' dir='ltr'>διδάξῃ,</span> <span class='ocrx_word' id='word_1_460' title='bbox 3140 2954 3320 3025; x_wconf 81' lang='grc' dir='ltr'>οὗτος</span> <span class='ocrx_word' id='word_1_461' title='bbox 3365 2959 3554 3031; x_wconf 63' lang='grc' dir='ltr'>μέγας</span> <span class='ocrx_word' id='word_1_462' title='bbox 3587 2961 3666 3035; x_wconf 65' lang='grc' dir='ltr'><strong>’ἐν</strong></span> <span class='ocrx_word' id='word_1_463' title='bbox 3701 2961 3781 3031; x_wconf 74' lang='grc' dir='ltr'>τῦ</span> 
     </span>
    </p>
   </div>
   <div class='ocr_carea' id='block_1_60' title="bbox 626 3122 1581 3198">
    <p class='ocr_par' dir='ltr' id='par_1_60' title="bbox 626 3122 1581 3198">
     <span class='ocr_line' id='line_1_60' title="bbox 626 3122 1581 3198; baseline -0.007 -15"><span class='ocrx_word' id='word_1_464' title='bbox 626 3132 670 3162; x_wconf 82' lang='grc'><strong>⁷³</strong></span> <span class='ocrx_word' id='word_1_465' title='bbox 704 3127 901 3198; x_wconf 87' lang='lat' dir='ltr'><strong>Ephes.</strong></span> <span class='ocrx_word' id='word_1_466' title='bbox 937 3143 1012 3193; x_wconf 78' lang='lat' dir='ltr'><strong>Vl,</strong></span> <span class='ocrx_word' id='word_1_467' title='bbox 1044 3127 1127 3180; x_wconf 71' lang='lat'><strong>16.</strong></span> <span class='ocrx_word' id='word_1_468' title='bbox 1153 3195 1183 3198; x_wconf 93' lang='lat'><em>_</em></span> <span class='ocrx_word' id='word_1_469' title='bbox 1233 3126 1278 3156; x_wconf 85' lang='grc'><strong>⁷³</strong></span> <span class='ocrx_word' id='word_1_470' title='bbox 1309 3123 1454 3198; x_wconf 89' lang='lat' dir='ltr'><strong>Ibid._</strong></span> <span class='ocrx_word' id='word_1_471' title='bbox 1476 3122 1581 3198; x_wconf 63' lang='grc' dir='ltr'><strong>Δ12.</strong></span> 
     </span>
    </p>
   </div>
   <div class='ocr_carea' id='block_1_61' title="bbox 522 3193 2058 3263">
    <p class='ocr_par' dir='ltr' id='par_1_61' title="bbox 522 3193 2058 3263">
     <span class='ocr_line' id='line_1_61' title="bbox 522 3193 2058 3263; baseline 0 -10"><span class='ocrx_word' id='word_1_472' title='bbox 522 3201 567 3232; x_wconf 80' lang='grc'><strong>⁷⁸</strong></span> <span class='ocrx_word' id='word_1_473' title='bbox 594 3203 615 3254; x_wconf 88' lang='grc'>1</span> <span class='ocrx_word' id='word_1_474' title='bbox 645 3193 772 3255; x_wconf 70' lang='grc' dir='ltr'>(Σοιῆ</span> <span class='ocrx_word' id='word_1_475' title='bbox 805 3215 878 3262; x_wconf 85' lang='lat' dir='ltr'><strong>tv,</strong></span> <span class='ocrx_word' id='word_1_476' title='bbox 917 3199 1005 3252; x_wconf 67' lang='lat'><strong>‘20.</strong></span> <span class='ocrx_word' id='word_1_477' title='bbox 1083 3199 1126 3230; x_wconf 85' lang='grc'>⁷⁹</span> <span class='ocrx_word' id='word_1_478' title='bbox 1151 3195 1310 3251; x_wconf 84' lang='lat' dir='ltr'><strong>Rom.</strong></span> <span class='ocrx_word' id='word_1_479' title='bbox 1343 3212 1400 3262; x_wconf 84' lang='lat' dir='ltr'><strong>x,</strong></span> <span class='ocrx_word' id='word_1_480' title='bbox 1437 3194 1519 3248; x_wconf 85' lang='lat' dir='ltr'><strong>l0.</strong></span> <span class='ocrx_word' id='word_1_481' title='bbox 1597 3195 1641 3226; x_wconf 80' lang='grc' dir='ltr'><strong>⁸ο</strong></span> <span class='ocrx_word' id='word_1_482' title='bbox 1667 3193 1857 3250; x_wconf 86' lang='lat' dir='ltr'><strong>Matth.</strong></span> <span class='ocrx_word' id='word_1_483' title='bbox 1887 3211 1940 3263; x_wconf 91' lang='lat' dir='ltr'><strong>v,</strong></span> <span class='ocrx_word' id='word_1_484' title='bbox 1970 3193 2058 3252; x_wconf 73' lang='lat' dir='ltr'><strong>l9.</strong></span> 
     </span>
    </p>
   </div>
   <div class='ocr_carea' id='block_1_62' title="bbox 602 3333 2099 3404">
    <p class='ocr_par' dir='ltr' id='par_1_62' title="bbox 602 3333 2099 3404">
     <span class='ocr_line' id='line_1_62' title="bbox 602 3333 2099 3404; baseline -0.001 -17"><span class='ocrx_word' id='word_1_485' title='bbox 602 3333 714 3404; x_wconf 81' lang='grc'>(65)</span> <span class='ocrx_word' id='word_1_486' title='bbox 751 3335 814 3387; x_wconf 84' lang='grc' dir='ltr'>Ἡ</span> <span class='ocrx_word' id='word_1_487' title='bbox 839 3335 945 3403; x_wconf 77' lang='grc' dir='ltr'>γὰρ</span> <span class='ocrx_word' id='word_1_488' title='bbox 963 3333 1227 3404; x_wconf 71' lang='grc' dir='ltr'>ὑμετέρα</span> <span class='ocrx_word' id='word_1_489' title='bbox 1252 3336 1495 3402; x_wconf 78' lang='grc' dir='ltr'>ὁμόνοια</span> <span class='ocrx_word' id='word_1_490' title='bbox 1534 3334 1982 3404; x_wconf 63' lang='grc' dir='ltr'>καὶσύμφωνος</span> <span class='ocrx_word' id='word_1_491' title='bbox 2005 3335 2099 3387; x_wconf 81' lang='grc' dir='ltr'>πί-</span> 
     </span>
    </p>
   </div>
   <div class='ocr_carea' id='block_1_63' title="bbox 529 3403 2100 3472">
    <p class='ocr_par' dir='ltr' id='par_1_63' title="bbox 529 3403 2100 3472">
     <span class='ocr_line' id='line_1_63' title="bbox 529 3403 2100 3472; baseline 0.001 -16"><span class='ocrx_word' id='word_1_492' title='bbox 529 3418 684 3470; x_wconf 84' lang='grc' dir='ltr'>στις,</span> <span class='ocrx_word' id='word_1_493' title='bbox 698 3403 888 3458; x_wconf 78' lang='grc' dir='ltr'>αὑτοῦ</span> <span class='ocrx_word' id='word_1_494' title='bbox 901 3403 1019 3472; x_wconf 78' lang='grc' dir='ltr'><strong>μὲν</strong></span> <span class='ocrx_word' id='word_1_495' title='bbox 1036 3404 1206 3458; x_wconf 75' lang='grc' dir='ltr'>ἐστιν</span> <span class='ocrx_word' id='word_1_496' title='bbox 1220 3405 1482 3472; x_wconf 76' lang='grc' dir='ltr'>ὄλεθρος.</span> <span class='ocrx_word' id='word_1_497' title='bbox 1501 3403 1776 3472; x_wconf 34' lang='lat' dir='ltr'><strong>Anglicus</strong></span> <span class='ocrx_word' id='word_1_498' title='bbox 1793 3403 1853 3457; x_wconf 80' lang='lat' dir='ltr'><strong>et</strong></span> <span class='ocrx_word' id='word_1_499' title='bbox 1873 3406 2100 3460; x_wconf 83' lang='lat' dir='ltr'><strong>solvitur</strong></span> 
     </span>
    </p>
   </div>
   <div class='ocr_carea' id='block_1_64' title="bbox 523 3473 2012 3543">
    <p class='ocr_par' dir='ltr' id='par_1_64' title="bbox 523 3473 2012 3543">
     <span class='ocr_line' id='line_1_64' title="bbox 523 3473 2012 3543; baseline 0.003 -17"><span class='ocrx_word' id='word_1_500' title='bbox 523 3475 767 3543; x_wconf 82' lang='lat' dir='ltr'><strong>proditio</strong></span> <span class='ocrx_word' id='word_1_501' title='bbox 795 3475 966 3543; x_wconf 91' lang='lat' dir='ltr'><strong>ipsius</strong></span> <span class='ocrx_word' id='word_1_502' title='bbox 989 3475 1042 3528; x_wconf 90' lang='lat' dir='ltr'><strong>in</strong></span> <span class='ocrx_word' id='word_1_503' title='bbox 1069 3475 1359 3529; x_wconf 88' lang='lat' dir='ltr'><strong>concordia</strong></span> <span class='ocrx_word' id='word_1_504' title='bbox 1385 3483 1577 3528; x_wconf 72' lang='lat' dir='ltr'><strong>vestrae</strong></span> <span class='ocrx_word' id='word_1_505' title='bbox 1600 3475 1741 3529; x_wconf 88' lang='lat' dir='ltr'><strong>ﬁdei.</strong></span> <span class='ocrx_word' id='word_1_506' title='bbox 1763 3494 1791 3543; x_wconf 13' lang='lat'><strong>7»</strong></span> <span class='ocrx_word' id='word_1_507' title='bbox 1820 3473 2012 3530; x_wconf 74' lang='lat' dir='ltr'><strong>Usssa.</strong></span> 
     </span>
    </p>
   </div>
   <div class='ocr_carea' id='block_1_65' title="bbox 597 3542 2101 3615">
    <p class='ocr_par' dir='ltr' id='par_1_65' title="bbox 597 3542 2101 3615">
     <span class='ocr_line' id='line_1_65' title="bbox 597 3542 2101 3615; baseline -0.003 -15"><span class='ocrx_word' id='word_1_508' title='bbox 597 3547 709 3615; x_wconf 71' lang='grc'>(64)</span> <span class='ocrx_word' id='word_1_509' title='bbox 755 3544 946 3615; x_wconf 53' lang='grc' dir='ltr'><strong>Οὐδὲν</strong></span> <span class='ocrx_word' id='word_1_510' title='bbox 975 3545 1217 3614; x_wconf 76' lang='grc' dir='ltr'>ἄμεινον</span> <span class='ocrx_word' id='word_1_511' title='bbox 1244 3542 1819 3615; x_wconf 10' lang='grc' dir='ltr'>τήςῄκατὰιΧριστρν</span> <span class='ocrx_word' id='word_1_512' title='bbox 1841 3546 2101 3611; x_wconf 67' lang='grc' dir='ltr'>εἰρήνης.</span> 
     </span>
    </p>
   </div>
   <div class='ocr_carea' id='block_1_66' title="bbox 513 3611 2103 3686">
    <p class='ocr_par' dir='ltr' id='par_1_66' title="bbox 513 3611 2103 3686">
     <span class='ocr_line' id='line_1_66' title="bbox 513 3611 2103 3686; baseline -0.003 -15"><span class='ocrx_word' id='word_1_513' title='bbox 513 3611 734 3686; x_wconf 19' lang='grc' dir='ltr'>δϐὶιιιιιιι</span> <span class='ocrx_word' id='word_1_514' title='bbox 762 3616 876 3686; x_wconf 62' lang='lat' dir='ltr'><strong>hinc</strong></span> <span class='ocrx_word' id='word_1_515' title='bbox 927 3611 1122 3686; x_wconf 78' lang='lat' dir='ltr'><strong>[gnatii</strong></span> <span class='ocrx_word' id='word_1_516' title='bbox 1146 3613 1407 3686; x_wconf 78' lang='lat' dir='ltr'><strong>sententia</strong></span> <span class='ocrx_word' id='word_1_517' title='bbox 1441 3628 1479 3686; x_wconf 88' lang='lat' dir='ltr'><strong>_a</strong></span> <span class='ocrx_word' id='word_1_518' title='bbox 1524 3611 1709 3686; x_wconf 28' lang='lat' dir='ltr'><strong>Joan.‘</strong></span> <span class='ocrx_word' id='word_1_519' title='bbox 1735 3611 2068 3686; x_wconf 68' lang='lat' dir='ltr'><strong>Damasceno</strong></span> <span class='ocrx_word' id='word_1_520' title='bbox 2088 3655 2103 3680; x_wconf 97' lang='lat'><strong>,</strong></span> 
     </span>
    </p>
   </div>
   <div class='ocr_carea' id='block_1_67' title="bbox 523 3682 2101 3753">
    <p class='ocr_par' dir='ltr' id='par_1_67' title="bbox 523 3682 2101 3753">
     <span class='ocr_line' id='line_1_67' title="bbox 523 3682 2101 3753; baseline -0.003 -13"><span class='ocrx_word' id='word_1_521' title='bbox 523 3685 580 3741; x_wconf 89' lang='lat' dir='ltr'><strong>in</strong></span> <span class='ocrx_word' id='word_1_522' title='bbox 609 3685 814 3740; x_wconf 84' lang='lat' dir='ltr'><strong>Paralt.</strong></span> <span class='ocrx_word' id='word_1_523' title='bbox 862 3682 976 3740; x_wconf 34' lang='lat' dir='ltr'><strong>lib.“</strong></span> <span class='ocrx_word' id='word_1_524' title='bbox 1007 3703 1044 3749; x_wconf 90' lang='grc' dir='ltr'><strong>ι,</strong></span> <span class='ocrx_word' id='word_1_525' title='bbox 1075 3698 1192 3753; x_wconf 88' lang='lat' dir='ltr'><strong>cap.</strong></span> <span class='ocrx_word' id='word_1_526' title='bbox 1224 3683 1310 3747; x_wconf 72' lang='lat'><strong>18,</strong></span> <span class='ocrx_word' id='word_1_527' title='bbox 1347 3693 1396 3736; x_wconf 90' lang='lat' dir='ltr'><strong>et</strong></span> <span class='ocrx_word' id='word_1_528' title='bbox 1426 3683 1664 3736; x_wconf 85' lang='lat' dir='ltr'><strong>Antonio</strong></span> <span class='ocrx_word' id='word_1_529' title='bbox 1697 3682 1750 3734; x_wconf 91' lang='lat' dir='ltr'><strong>in</strong></span> <span class='ocrx_word' id='word_1_530' title='bbox 1789 3682 2101 3737; x_wconf 85' lang='lat' dir='ltr'><strong>Meliss.lih.</strong></span> 
     </span>
    </p>
   </div>
   <div class='ocr_carea' id='block_1_68' title="bbox 524 3754 2106 3821">
    <p class='ocr_par' dir='ltr' id='par_1_68' title="bbox 524 3754 2106 3821">
     <span class='ocr_line' id='line_1_68' title="bbox 524 3754 2106 3821; baseline -0.002 -11"><span class='ocrx_word' id='word_1_531' title='bbox 524 3772 588 3820; x_wconf 88' lang='grc' dir='ltr'><strong>ιι,</strong></span> <span class='ocrx_word' id='word_1_532' title='bbox 636 3755 917 3810; x_wconf 76' lang='lat' dir='ltr'><strong>scrm.6&#39;l.</strong></span> <span class='ocrx_word' id='word_1_533' title='bbox 991 3754 1048 3808; x_wconf 88' lang='lat' dir='ltr'><strong>In</strong></span> <span class='ocrx_word' id='word_1_534' title='bbox 1094 3763 1285 3808; x_wconf 89' lang='lat' dir='ltr'><strong>neutro</strong></span> <span class='ocrx_word' id='word_1_535' title='bbox 1318 3765 1500 3807; x_wconf 86' lang='lat' dir='ltr'><strong>tamen</strong></span> <span class='ocrx_word' id='word_1_536' title='bbox 1534 3763 1754 3821; x_wconf 88' lang='lat' dir='ltr'><strong>apparet</strong></span> <span class='ocrx_word' id='word_1_537' title='bbox 1778 3754 1931 3819; x_wconf 90' lang='lat' dir='ltr'><strong>illud,</strong></span> <span class='ocrx_word' id='word_1_538' title='bbox 1963 3755 2106 3807; x_wconf 78' lang='grc' dir='ltr'>κατὰ</span> 
     </span>
    </p>
   </div>
   <div class='ocr_carea' id='block_1_69' title="bbox 522 3823 2106 3898">
    <p class='ocr_par' dir='ltr' id='par_1_69' title="bbox 522 3823 2106 3898">
     <span class='ocr_line' id='line_1_69' title="bbox 522 3823 2106 3898; baseline -0.002 -19"><span class='ocrx_word' id='word_1_539' title='bbox 522 3823 784 3898; x_wconf 78' lang='grc' dir='ltr'>Χριστόν,</span> <span class='ocrx_word' id='word_1_540' title='bbox 813 3827 956 3898; x_wconf 86' lang='lat' dir='ltr'><strong>sicut</strong></span> <span class='ocrx_word' id='word_1_541' title='bbox 978 3825 1168 3898; x_wconf 71' lang='lat' dir='ltr'><strong>necin</strong></span> <span class='ocrx_word' id='word_1_542' title='bbox 1213 3834 1402 3898; x_wconf 83' lang='lat' dir='ltr'><strong>nostro</strong></span> <span class='ocrx_word' id='word_1_543' title='bbox 1428 3824 1743 3898; x_wconf 67' lang='lat' dir='ltr'><strong>interprete,</strong></span> <span class='ocrx_word' id='word_1_544' title='bbox 1766 3839 1863 3898; x_wconf 79' lang='lat' dir='ltr'><strong>nec</strong></span> <span class='ocrx_word' id='word_1_545' title='bbox 1892 3827 1946 3898; x_wconf 86' lang='lat' dir='ltr'><strong>in</strong></span> <span class='ocrx_word' id='word_1_546' title='bbox 1976 3824 2106 3898; x_wconf 66' lang='lat' dir='ltr'><strong>Yul-</strong></span> 
     </span>
    </p>
   </div>
   <div class='ocr_carea' id='block_1_70' title="bbox 524 3892 2105 3965">
    <p class='ocr_par' dir='ltr' id='par_1_70' title="bbox 524 3892 2105 3965">
     <span class='ocr_line' id='line_1_70' title="bbox 524 3892 2105 3965; baseline 0 -17"><span class='ocrx_word' id='word_1_547' title='bbox 524 3892 662 3965; x_wconf 71' lang='lat' dir='ltr'><strong>gata:</strong></span> <span class='ocrx_word' id='word_1_548' title='bbox 690 3897 958 3950; x_wconf 81' lang='lat' dir='ltr'><strong>versionis</strong></span> <span class='ocrx_word' id='word_1_549' title='bbox 984 3894 1141 3965; x_wconf 79' lang='lat' dir='ltr'><strong>libris</strong></span> <span class='ocrx_word' id='word_1_550' title='bbox 1177 3895 1335 3965; x_wconf 82' lang='lat' dir='ltr'><strong>editis</strong></span> <span class='ocrx_word' id='word_1_551' title='bbox 1371 3907 1425 3947; x_wconf 89' lang='lat' dir='ltr'><strong>et</strong></span> <span class='ocrx_word' id='word_1_552' title='bbox 1468 3909 1571 3965; x_wconf 66' lang='lat' dir='ltr'><strong>ms.</strong></span> <span class='ocrx_word' id='word_1_553' title='bbox 1621 3892 1932 3965; x_wconf 78' lang='lat' dir='ltr'><strong>Baliolensi.</strong></span> <span class='ocrx_word' id='word_1_554' title='bbox 1981 3894 2105 3965; x_wconf 76' lang='lat' dir='ltr'><strong>Ma-</strong></span> 
     </span>
    </p>
   </div>
   <div class='ocr_carea' id='block_1_71' title="bbox 523 3963 2104 4036">
    <p class='ocr_par' dir='ltr' id='par_1_71' title="bbox 523 3963 2104 4036">
     <span class='ocr_line' id='line_1_71' title="bbox 523 3963 2104 4036; baseline -0.003 -16"><span class='ocrx_word' id='word_1_555' title='bbox 523 3963 862 4036; x_wconf 17' lang='lat' dir='ltr'><strong>édaleneinsis</strong></span> <span class='ocrx_word' id='word_1_556' title='bbox 876 3966 1019 4020; x_wconf 90' lang='lat' dir='ltr'><strong>enim</strong></span> <span class='ocrx_word' id='word_1_557' title='bbox 1033 3974 1088 4018; x_wconf 88' lang='lat' dir='ltr'><strong>et</strong></span> <span class='ocrx_word' id='word_1_558' title='bbox 1105 3963 1429 4018; x_wconf 87' lang='lat' dir='ltr'><strong>Petavianus</strong></span> <span class='ocrx_word' id='word_1_559' title='bbox 1445 3963 1801 4036; x_wconf 86' lang='lat' dir='ltr'><strong>ms.hab_et,ut</strong></span> <span class='ocrx_word' id='word_1_560' title='bbox 1818 3979 1914 4036; x_wconf 86' lang='lat' dir='ltr'><strong>nos</strong></span> <span class='ocrx_word' id='word_1_561' title='bbox 1930 3964 2104 4036; x_wconf 77' lang='lat' dir='ltr'><strong>edidi-</strong></span> 
     </span>
    </p>
   </div>
   <div class='ocr_carea' id='block_1_72' title="bbox 525 4033 2102 4104">
    <p class='ocr_par' dir='ltr' id='par_1_72' title="bbox 525 4033 2102 4104">
     <span class='ocr_line' id='line_1_72' title="bbox 525 4033 2102 4104; baseline -0.001 -15"><span class='ocrx_word' id='word_1_562' title='bbox 525 4033 649 4090; x_wconf 71' lang='lat' dir='ltr'><strong>inus</strong></span> <span class='ocrx_word' id='word_1_563' title='bbox 679 4052 697 4090; x_wconf 92' lang='lat'><strong><em>:</em></strong></span> <span class='ocrx_word' id='word_1_564' title='bbox 729 4035 879 4090; x_wconf 84' lang='lat' dir='ltr'><strong>Nihil</strong></span> <span class='ocrx_word' id='word_1_565' title='bbox 908 4037 1092 4090; x_wconf 85' lang='lat' dir='ltr'><strong>melius</strong></span> <span class='ocrx_word' id='word_1_566' title='bbox 1115 4045 1222 4100; x_wconf 82' lang='lat' dir='ltr'><strong>est,</strong></span> <span class='ocrx_word' id='word_1_567' title='bbox 1251 4051 1408 4104; x_wconf 89' lang='lat' dir='ltr'><strong>quam</strong></span> <span class='ocrx_word' id='word_1_568' title='bbox 1437 4048 1618 4102; x_wconf 88' lang='lat' dir='ltr'><strong>pacem</strong></span> <span class='ocrx_word' id='word_1_569' title='bbox 1643 4033 1832 4086; x_wconf 83' lang='lat' dir='ltr'><strong>habere</strong></span> <span class='ocrx_word' id='word_1_570' title='bbox 1862 4035 1917 4086; x_wconf 87' lang='lat' dir='ltr'><strong>in</strong></span> <span class='ocrx_word' id='word_1_571' title='bbox 1946 4033 2102 4088; x_wconf 84' lang='lat' dir='ltr'><strong>Chri-</strong></span> 
     </span>
    </p>
   </div>
   <div class='ocr_carea' id='block_1_73' title="bbox 522 4105 719 4160">
    <p class='ocr_par' dir='ltr' id='par_1_73' title="bbox 522 4105 719 4160">
     <span class='ocr_line' id='line_1_73' title="bbox 522 4105 719 4160; baseline -0.01 0"><span class='ocrx_word' id='word_1_572' title='bbox 522 4115 623 4160; x_wconf 82' lang='lat' dir='ltr'><strong>sto.</strong></span> <span class='ocrx_word' id='word_1_573' title='bbox 649 4105 719 4158; x_wconf 82' lang='lat' dir='ltr'><strong>lt».</strong></span> 
     </span>
    </p>
   </div>
   <div class='ocr_carea' id='block_1_74' title="bbox 595 4171 2106 4246">
    <p class='ocr_par' dir='ltr' id='par_1_74' title="bbox 595 4171 2106 4246">
     <span class='ocr_line' id='line_1_74' title="bbox 595 4171 2106 4246; baseline -0.003 -15"><span class='ocrx_word' id='word_1_574' title='bbox 595 4176 708 4246; x_wconf 79' lang='lat'><strong>(65)</strong></span> <span class='ocrx_word' id='word_1_575' title='bbox 751 4175 853 4246; x_wconf 75' lang='grc' dir='ltr'><em>Ἐν</em></span> <span class='ocrx_word' id='word_1_576' title='bbox 873 4174 911 4244; x_wconf 78' lang='grc' dir='ltr'><strong><em>ᾗ</em></strong></span> <span class='ocrx_word' id='word_1_577' title='bbox 935 4173 1334 4246; x_wconf 8' lang='grc' dir='ltr'>πᾶςγπόλεμος</span> <span class='ocrx_word' id='word_1_578' title='bbox 1373 4171 1901 4246; x_wconf 38' lang='grc' dir='ltr'>καταργεῖταιηγρι,</span> <span class='ocrx_word' id='word_1_579' title='bbox 1917 4182 1975 4226; x_wconf 85' lang='grc' dir='ltr'><strong>ιιι</strong></span> <span class='ocrx_word' id='word_1_580' title='bbox 1995 4173 2106 4246; x_wconf 54' lang='lat' dir='ltr'><strong>Ana</strong></span> 
     </span>
    </p>
   </div>
   <div class='ocr_carea' id='block_1_75' title="bbox 519 4240 2106 4318">
    <p class='ocr_par' dir='ltr' id='par_1_75' title="bbox 519 4240 2106 4318">
     <span class='ocr_line' id='line_1_75' title="bbox 519 4240 2106 4318; baseline -0.003 -18"><span class='ocrx_word' id='word_1_581' title='bbox 519 4240 710 4300; x_wconf 79' lang='lat' dir='ltr'><strong>tonius</strong></span> <span class='ocrx_word' id='word_1_582' title='bbox 755 4240 906 4318; x_wconf 75' lang='lat' dir='ltr'><strong>citat,</strong></span> <span class='ocrx_word' id='word_1_583' title='bbox 940 4248 996 4298; x_wconf 86' lang='grc' dir='ltr'>ὲν</span> <span class='ocrx_word' id='word_1_584' title='bbox 1119 4240 1230 4307; x_wconf 76' lang='grc' dir='ltr'><strong>πᾶς</strong></span> <span class='ocrx_word' id='word_1_585' title='bbox 1271 4242 1579 4318; x_wconf 38' lang='grc' dir='ltr'>ὁ-πρλεμος</span> <span class='ocrx_word' id='word_1_586' title='bbox 1621 4243 2106 4318; x_wconf 57' lang='grc' dir='ltr'>καταλύεται,-ᾼιι-</span> 
     </span>
    </p>
   </div>
   <div class='ocr_carea' id='block_1_76' title="bbox 561 4312 2101 4384">
    <p class='ocr_par' dir='ltr' id='par_1_76' title="bbox 561 4312 2101 4384">
     <span class='ocr_line' id='line_1_76' title="bbox 561 4312 2101 4384; baseline 0 -16"><span class='ocrx_word' id='word_1_587' title='bbox 561 4318 749 4381; x_wconf 85' lang='lat' dir='ltr'><strong>lican.,</strong></span> <span class='ocrx_word' id='word_1_588' title='bbox 793 4332 811 4364; x_wconf 81' lang='grc' dir='ltr'><strong>ι</strong></span> <span class='ocrx_word' id='word_1_589' title='bbox 849 4315 902 4368; x_wconf 95' lang='lat' dir='ltr'><strong>in</strong></span> <span class='ocrx_word' id='word_1_590' title='bbox 951 4312 1081 4384; x_wconf 70' lang='lat' dir='ltr'><strong>qua&quot;</strong></span> <span class='ocrx_word' id='word_1_591' title='bbox 1107 4329 1268 4367; x_wconf 89' lang='lat' dir='ltr'><strong>omne</strong></span> <span class='ocrx_word' id='word_1_592' title='bbox 1316 4313 1515 4384; x_wconf 84' lang='lat' dir='ltr'><strong>bellum</strong></span> <span class='ocrx_word' id='word_1_593' title='bbox 1563 4325 1877 4384; x_wconf 83' lang='lat' dir='ltr'><strong>evacuatur.</strong></span> <span class='ocrx_word' id='word_1_594' title='bbox 1916 4332 1935 4364; x_wconf 91' lang='lat'><strong>»</strong></span> <span class='ocrx_word' id='word_1_595' title='bbox 1981 4312 2101 4368; x_wconf 87' lang='lat' dir='ltr'><strong>Vet.</strong></span> 
     </span>
    </p>
   </div>
   <div class='ocr_carea' id='block_1_77' title="bbox 521 4327 2098 4456">
    <p class='ocr_par' dir='ltr' id='par_1_77' title="bbox 521 4327 2098 4456">
     <span class='ocr_line' id='line_1_77' title="bbox 561 4327 2098 4384; baseline 0 -16"><span class='ocrx_word' id='word_1_596' title='bbox 561 4327 749 4381; x_wconf 82' lang='lat' dir='ltr'><strong>tican.,</strong></span> <span class='ocrx_word' id='word_1_597' title='bbox 793 4332 811 4364; x_wconf 82' lang='grc' dir='ltr'><strong>ι</strong></span> <span class='ocrx_word' id='word_1_598' title='bbox 849 4327 902 4368; x_wconf 87' lang='grc' dir='ltr'><strong>ιη</strong></span> <span class='ocrx_word' id='word_1_599' title='bbox 951 4330 1058 4384; x_wconf 91' lang='lat' dir='ltr'><strong>qua</strong></span> <span class='ocrx_word' id='word_1_600' title='bbox 1107 4329 1268 4367; x_wconf 90' lang='lat' dir='ltr'><strong>omne</strong></span> <span class='ocrx_word' id='word_1_601' title='bbox 1316 4327 1515 4366; x_wconf 87' lang='lat' dir='ltr'><strong>nenum</strong></span> <span class='ocrx_word' id='word_1_602' title='bbox 1563 4327 1877 4367; x_wconf 84' lang='lat' dir='ltr'><strong>evacuatur.</strong></span> <span class='ocrx_word' id='word_1_603' title='bbox 1916 4332 1935 4364; x_wconf 93' lang='lat'><strong>»</strong></span> <span class='ocrx_word' id='word_1_604' title='bbox 1988 4327 2098 4368; x_wconf 85' lang='lat' dir='ltr'><strong>vet.</strong></span> 
     </span>
     <span class='ocr_line' id='line_1_78' title="bbox 521 4327 2098 4456; baseline -0.002 -18"><span class='ocrx_word' id='word_1_605' title='bbox 521 4327 741 4456; x_wconf 47' lang='lat' dir='ltr'><strong>{&#39;ulgat.</strong></span> <span class='ocrx_word' id='word_1_606' title='bbox 764 4385 952 4456; x_wconf 86' lang='lat' dir='ltr'><strong>eodem</strong></span> <span class='ocrx_word' id='word_1_607' title='bbox 990 4386 1173 4448; x_wconf 88' lang='lat' dir='ltr'><strong>modo,</strong></span> <span class='ocrx_word' id='word_1_608' title='bbox 1210 4382 1479 4456; x_wconf 79' lang='lat' dir='ltr'><strong>nisiquod</strong></span> <span class='ocrx_word' id='word_1_609' title='bbox 1519 4397 1615 4456; x_wconf 84' lang='lat' dir='ltr'><strong>pro</strong></span> <span class='ocrx_word' id='word_1_610' title='bbox 1644 4397 1777 4437; x_wconf 85' lang='lat' dir='ltr'><strong>voce</strong></span> <span class='ocrx_word' id='word_1_611' title='bbox 1799 4402 1816 4432; x_wconf 81' lang='grc' dir='ltr'><strong>ι</strong></span> <span class='ocrx_word' id='word_1_612' title='bbox 1845 4383 2098 4456; x_wconf 84' lang='lat' dir='ltr'><strong>bellum,»</strong></span> 
     </span>
    </p>
   </div>
   <div class='ocr_carea' id='block_1_78' title="bbox 522 4451 1988 4522">
    <p class='ocr_par' dir='ltr' id='par_1_78' title="bbox 522 4451 1988 4522">
     <span class='ocr_line' id='line_1_79' title="bbox 522 4451 1988 4522; baseline -0.003 -12"><span class='ocrx_word' id='word_1_613' title='bbox 522 4451 870 4510; x_wconf 71' lang='lat' dir='ltr'><strong>librariorum</strong></span> <span class='ocrx_word' id='word_1_614' title='bbox 900 4455 1131 4510; x_wconf 84' lang='lat' dir='ltr'><strong>fortasse</strong></span> <span class='ocrx_word' id='word_1_615' title='bbox 1155 4454 1384 4515; x_wconf 91' lang='lat' dir='ltr'><strong>incuria,</strong></span> <span class='ocrx_word' id='word_1_616' title='bbox 1408 4451 1568 4522; x_wconf 72' lang='lat' dir='ltr'><strong>telum</strong></span> <span class='ocrx_word' id='word_1_617' title='bbox 1597 4453 1892 4522; x_wconf 81' lang='lat' dir='ltr'><strong>irrepserit.</strong></span> <span class='ocrx_word' id='word_1_618' title='bbox 1919 4453 1988 4506; x_wconf 85' lang='lat' dir='ltr'><strong>ID.</strong></span> 
     </span>
    </p>
   </div>
   <div class='ocr_carea' id='block_1_79' title="bbox 595 4521 2097 4607">
    <p class='ocr_par' dir='ltr' id='par_1_79' title="bbox 595 4521 2097 4607">
     <span class='ocr_line' id='line_1_80' title="bbox 595 4521 2097 4607; baseline -0.004 -27"><span class='ocrx_word' id='word_1_619' title='bbox 595 4528 710 4607; x_wconf 67' lang='grc'>(66)</span> <span class='ocrx_word' id='word_1_620' title='bbox 735 4525 968 4607; x_wconf 40' lang='grc' dir='ltr'><strong>Οὺικοῦν</strong></span> <span class='ocrx_word' id='word_1_621' title='bbox 994 4526 1066 4607; x_wconf 73' lang='grc' dir='ltr'>οὐ</span> <span class='ocrx_word' id='word_1_622' title='bbox 1095 4521 1530 4607; x_wconf 45' lang='grc' dir='ltr'>λύᾳ-εταξτύρᾶς</span> <span class='ocrx_word' id='word_1_623' title='bbox 1561 4539 1621 4602; x_wconf 43' lang='grc' dir='ltr'>τι.</span> <span class='ocrx_word' id='word_1_624' title='bbox 1640 4521 1757 4575; x_wconf 80' lang='grc' dir='ltr'><strong>τῶν</strong></span> <span class='ocrx_word' id='word_1_625' title='bbox 1785 4524 2097 4604; x_wconf 74' lang='grc' dir='ltr'>νρημάτων</span> 
     </span>
    </p>
   </div>
   <div class='ocr_carea' id='block_1_80' title="bbox 521 4591 2170 4662">
    <p class='ocr_par' dir='ltr' id='par_1_80' title="bbox 521 4591 2170 4662">
     <span class='ocr_line' id='line_1_81' title="bbox 521 4591 2170 4662; baseline -0.002 -12"><span class='ocrx_word' id='word_1_626' title='bbox 521 4591 628 4650; x_wconf 79' lang='grc' dir='ltr'>τοῦ</span> <span class='ocrx_word' id='word_1_627' title='bbox 656 4591 956 4648; x_wconf 75' lang='grc' dir='ltr'>διαϐόλου.</span> <span class='ocrx_word' id='word_1_628' title='bbox 996 4594 1074 4648; x_wconf 89' lang='lat' dir='ltr'><strong>lta</strong></span> <span class='ocrx_word' id='word_1_629' title='bbox 1105 4595 1274 4649; x_wconf 91' lang='lat' dir='ltr'><strong>codex</strong></span> <span class='ocrx_word' id='word_1_630' title='bbox 1321 4591 1795 4662; x_wconf 84' lang='lat' dir='ltr'><strong>Nydpruccianus;</strong></span> <span class='ocrx_word' id='word_1_631' title='bbox 1828 4591 2094 4662; x_wconf 88' lang='lat' dir='ltr'><strong>interpres</strong></span> <span class='ocrx_word' id='word_1_632' title='bbox 2128 4593 2170 4646; x_wconf 90' lang='lat' dir='ltr'><strong>D</strong></span> 
     </span>
    </p>
   </div>
   <div class='ocr_carea' id='block_1_81' title="bbox 520 4662 2095 4728">
    <p class='ocr_par' dir='ltr' id='par_1_81' title="bbox 520 4662 2095 4728">
     <span class='ocr_line' id='line_1_82' title="bbox 520 4662 2095 4728; baseline -0.003 -8"><span class='ocrx_word' id='word_1_633' title='bbox 520 4666 906 4722; x_wconf 87' lang='lat' dir='ltr'><strong>nostereodem</strong></span> <span class='ocrx_word' id='word_1_634' title='bbox 926 4665 1218 4727; x_wconf 88' lang='lat' dir='ltr'><strong>sensu,&#39;scd</strong></span> <span class='ocrx_word' id='word_1_635' title='bbox 1245 4662 1578 4716; x_wconf 83' lang='lat' dir='ltr'><strong>contractius</strong></span> <span class='ocrx_word' id='word_1_636' title='bbox 1603 4678 1616 4713; x_wconf 87' lang='lat'><strong>:</strong></span> <span class='ocrx_word' id='word_1_637' title='bbox 1653 4680 1671 4711; x_wconf 79' lang='grc' dir='ltr'><strong>ι</strong></span> <span class='ocrx_word' id='word_1_638' title='bbox 1695 4663 1937 4728; x_wconf 87' lang='lat' dir='ltr'><strong>Quorum</strong></span> <span class='ocrx_word' id='word_1_639' title='bbox 1969 4663 2095 4716; x_wconf 90' lang='lat' dir='ltr'><strong>nul-</strong></span> 
     </span>
    </p>
   </div>
   <div class='ocr_carea' id='block_1_82' title="bbox 519 4732 2094 4801">
    <p class='ocr_par' dir='ltr' id='par_1_82' title="bbox 519 4732 2094 4801">
     <span class='ocr_line' id='line_1_83' title="bbox 519 4732 2094 4801; baseline -0.004 -11"><span class='ocrx_word' id='word_1_640' title='bbox 519 4739 633 4791; x_wconf 91' lang='lat' dir='ltr'><strong>lum</strong></span> <span class='ocrx_word' id='word_1_641' title='bbox 664 4737 791 4790; x_wconf 90' lang='lat' dir='ltr'><strong>latet</strong></span> <span class='ocrx_word' id='word_1_642' title='bbox 812 4750 929 4801; x_wconf 86' lang='lat' dir='ltr'><strong>vos,</strong></span> <span class='ocrx_word' id='word_1_643' title='bbox 956 4754 974 4784; x_wconf 93' lang='lat'><strong>»</strong></span> <span class='ocrx_word' id='word_1_644' title='bbox 995 4749 1118 4788; x_wconf 90' lang='lat' dir='ltr'><strong>cum</strong></span> <span class='ocrx_word' id='word_1_645' title='bbox 1144 4734 1331 4788; x_wconf 63' lang='lat' dir='ltr'><strong>Graeca</strong></span> <span class='ocrx_word' id='word_1_646' title='bbox 1361 4734 1517 4786; x_wconf 84' lang='lat' dir='ltr'><strong>lectio</strong></span> <span class='ocrx_word' id='word_1_647' title='bbox 1539 4733 1682 4785; x_wconf 90' lang='lat' dir='ltr'><strong>illam</strong></span> <span class='ocrx_word' id='word_1_648' title='bbox 1708 4734 1764 4784; x_wconf 78' lang='grc' dir='ltr'>Β.</span> <span class='ocrx_word' id='word_1_649' title='bbox 1786 4732 1937 4786; x_wconf 88' lang='lat' dir='ltr'><strong>Pauli</strong></span> <span class='ocrx_word' id='word_1_650' title='bbox 1968 4748 2094 4786; x_wconf 84' lang='lat' dir='ltr'><strong>sen-</strong></span> 
     </span>
    </p>
   </div>
   <div class='ocr_carea' id='block_1_83' title="bbox 521 4802 2094 4874">
    <p class='ocr_par' dir='ltr' id='par_1_83' title="bbox 521 4802 2094 4874">
     <span class='ocr_line' id='line_1_84' title="bbox 521 4802 2094 4874; baseline -0.004 -13"><span class='ocrx_word' id='word_1_651' title='bbox 521 4809 745 4861; x_wconf 81' lang='lat' dir='ltr'><strong>tentiam</strong></span> <span class='ocrx_word' id='word_1_652' title='bbox 782 4805 1130 4874; x_wconf 79' lang='lat' dir='ltr'><strong>expresserit,</strong></span> <span class='ocrx_word' id='word_1_653' title='bbox 1172 4805 1208 4857; x_wconf 95' lang='lat' dir='ltr'><strong>ll</strong></span> <span class='ocrx_word' id='word_1_654' title='bbox 1235 4803 1480 4856; x_wconf 90' lang='lat' dir='ltr'><strong>Corinth.</strong></span> <span class='ocrx_word' id='word_1_655' title='bbox 1513 4817 1572 4864; x_wconf 92' lang='grc' dir='ltr'><strong>ιι,</strong></span> <span class='ocrx_word' id='word_1_656' title='bbox 1610 4802 1673 4855; x_wconf 73' lang='lat' dir='ltr'><strong>ii</strong></span> <span class='ocrx_word' id='word_1_657' title='bbox 1703 4804 1816 4874; x_wconf 10' lang='lat' dir='ltr'><strong>2770f»</strong></span> <span class='ocrx_word' id='word_1_658' title='bbox 1839 4803 1948 4874; x_wconf 79' lang='grc' dir='ltr'><strong>γὰρ</strong></span> <span class='ocrx_word' id='word_1_659' title='bbox 1995 4803 2094 4874; x_wconf 77' lang='grc' dir='ltr'>αὐ-</span> 
     </span>
    </p>
   </div>
   <div class='ocr_carea' id='block_1_84' title="bbox 521 4873 2091 4947">
    <p class='ocr_par' dir='ltr' id='par_1_84' title="bbox 521 4873 2091 4947">
     <span class='ocr_line' id='line_1_85' title="bbox 521 4873 2091 4947; baseline -0.003 -17"><span class='ocrx_word' id='word_1_660' title='bbox 521 4873 1155 4947; x_wconf 28' lang='grc' dir='ltr'>τοῦωἰιιὺοιίίιιὶιιιὶινι-ιιη)</span> <span class='ocrx_word' id='word_1_661' title='bbox 1176 4875 1242 4947; x_wconf 78' lang='grc' dir='ltr'>τὰ</span> <span class='ocrx_word' id='word_1_662' title='bbox 1268 4875 1512 4947; x_wconf 73' lang='grc' dir='ltr'>νοήματα</span> <span class='ocrx_word' id='word_1_663' title='bbox 1544 4873 1859 4947; x_wconf 60' lang='grc' dir='ltr'>ἀγνοοᾷμεν.</span> <span class='ocrx_word' id='word_1_664' title='bbox 1887 4873 1955 4926; x_wconf 84' lang='lat' dir='ltr'><strong>At</strong></span> <span class='ocrx_word' id='word_1_665' title='bbox 1983 4873 2091 4947; x_wconf 76' lang='lat' dir='ltr'><strong>Att-</strong></span> 
     </span>
    </p>
   </div>
   <div class='ocr_carea' id='block_1_85' title="bbox 524 4941 2092 5016">
    <p class='ocr_par' dir='ltr' id='par_1_85' title="bbox 524 4941 2092 5016">
     <span class='ocr_line' id='line_1_86' title="bbox 524 4941 2092 5016; baseline -0.004 -16"><span class='ocrx_word' id='word_1_666' title='bbox 524 4941 790 5016; x_wconf 79' lang='lat' dir='ltr'><strong>gustanus</strong></span> <span class='ocrx_word' id='word_1_667' title='bbox 839 4946 1006 4999; x_wconf 85' lang='lat' dir='ltr'><strong>codex</strong></span> <span class='ocrx_word' id='word_1_668' title='bbox 1049 4941 1144 4998; x_wconf 83' lang='lat' dir='ltr'><strong>hic</strong></span> <span class='ocrx_word' id='word_1_669' title='bbox 1179 4945 1305 5012; x_wconf 77' lang='lat' dir='ltr'><strong>legit</strong></span> <span class='ocrx_word' id='word_1_670' title='bbox 1329 4941 1494 5016; x_wconf 44' lang='lat' dir='ltr'><strong>{Dim</strong></span> <span class='ocrx_word' id='word_1_671' title='bbox 1537 4941 1630 5016; x_wconf 65' lang='grc' dir='ltr'>οὖν</span> <span class='ocrx_word' id='word_1_672' title='bbox 1675 4941 1950 5016; x_wconf 64' lang='grc' dir='ltr'>οὑλήσετε,</span> <span class='ocrx_word' id='word_1_673' title='bbox 1987 4944 2092 5008; x_wconf 88' lang='lat' dir='ltr'><strong>vel,</strong></span> 
     </span>
    </p>
   </div>
   <div class='ocr_carea' id='block_1_86' title="bbox 523 5014 2096 5087">
    <p class='ocr_par' dir='ltr' id='par_1_86' title="bbox 523 5014 2096 5087">
     <span class='ocr_line' id='line_1_87' title="bbox 523 5014 2096 5087; baseline -0.003 -17"><span class='ocrx_word' id='word_1_674' title='bbox 523 5014 808 5087; x_wconf 83' lang='grc' dir='ltr'>οὑλήσεται</span> <span class='ocrx_word' id='word_1_675' title='bbox 843 5016 1041 5084; x_wconf 88' lang='lat' dir='ltr'><strong>potius,</strong></span> <span class='ocrx_word' id='word_1_676' title='bbox 1077 5016 1173 5087; x_wconf 88' lang='lat' dir='ltr'><strong>cui</strong></span> <span class='ocrx_word' id='word_1_677' title='bbox 1205 5025 1258 5066; x_wconf 83' lang='lat' dir='ltr'><strong>et</strong></span> <span class='ocrx_word' id='word_1_678' title='bbox 1291 5014 1685 5087; x_wconf 80' lang='lat' dir='ltr'><strong>aliquantulum</strong></span> <span class='ocrx_word' id='word_1_679' title='bbox 1725 5014 1867 5087; x_wconf 81' lang='lat' dir='ltr'><strong>favet</strong></span> <span class='ocrx_word' id='word_1_680' title='bbox 1899 5015 1986 5067; x_wconf 90' lang='lat' dir='ltr'><strong>illa</strong></span> <span class='ocrx_word' id='word_1_681' title='bbox 2009 5029 2096 5087; x_wconf 81' lang='lat' dir='ltr'><strong>ve-</strong></span> 
     </span>
    </p>
   </div>
   <div class='ocr_carea' id='block_1_87' title="bbox 524 5083 2092 5156">
    <p class='ocr_par' dir='ltr' id='par_1_87' title="bbox 524 5083 2092 5156">
     <span class='ocr_line' id='line_1_88' title="bbox 524 5083 2092 5156; baseline -0.005 -16"><span class='ocrx_word' id='word_1_682' title='bbox 524 5083 658 5141; x_wconf 82' lang='lat' dir='ltr'><strong>teris</strong></span> <span class='ocrx_word' id='word_1_683' title='bbox 678 5083 881 5156; x_wconf 80' lang='lat' dir='ltr'><strong>vulgati</strong></span> <span class='ocrx_word' id='word_1_684' title='bbox 899 5086 1208 5153; x_wconf 85' lang='lat' dir='ltr'><strong>interpretis</strong></span> <span class='ocrx_word' id='word_1_685' title='bbox 1224 5085 1435 5156; x_wconf 73' lang='lat' dir='ltr'><strong>versio:</strong></span> <span class='ocrx_word' id='word_1_686' title='bbox 1472 5105 1489 5134; x_wconf 78' lang='grc' dir='ltr'><strong>ι</strong></span> <span class='ocrx_word' id='word_1_687' title='bbox 1504 5084 1642 5156; x_wconf 77' lang='lat' dir='ltr'><strong>Ergo</strong></span> <span class='ocrx_word' id='word_1_688' title='bbox 1663 5084 1829 5137; x_wconf 90' lang='lat' dir='ltr'><strong>nolite</strong></span> <span class='ocrx_word' id='word_1_689' title='bbox 1850 5100 1945 5138; x_wconf 86' lang='lat' dir='ltr'><strong>vos</strong></span> <span class='ocrx_word' id='word_1_690' title='bbox 1968 5083 2092 5156; x_wconf 81' lang='lat' dir='ltr'><strong>vul-</strong></span> 
     </span>
    </p>
   </div>
   <div class='ocr_carea' id='block_1_88' title="bbox 523 5153 2094 5225">
    <p class='ocr_par' dir='ltr' id='par_1_88' title="bbox 523 5153 2094 5225">
     <span class='ocr_line' id='line_1_89' title="bbox 523 5153 2094 5225; baseline -0.003 -15"><span class='ocrx_word' id='word_1_691' title='bbox 523 5172 720 5211; x_wconf 87' lang='lat' dir='ltr'><strong>nerare</strong></span> <span class='ocrx_word' id='word_1_692' title='bbox 745 5153 796 5208; x_wconf 79' lang='lat' dir='ltr'><strong>in</strong></span> <span class='ocrx_word' id='word_1_693' title='bbox 811 5175 828 5205; x_wconf 78' lang='grc' dir='ltr'><strong>ι</strong></span> <span class='ocrx_word' id='word_1_694' title='bbox 855 5155 979 5225; x_wconf 87' lang='lat' dir='ltr'><strong>(vel,</strong></span> <span class='ocrx_word' id='word_1_695' title='bbox 1002 5169 1066 5208; x_wconf 76' lang='lat' dir='ltr'><strong>ex</strong></span> <span class='ocrx_word' id='word_1_696' title='bbox 1085 5196 1098 5219; x_wconf 95' lang='lat'><strong>,</strong></span> <span class='ocrx_word' id='word_1_697' title='bbox 1118 5161 1176 5208; x_wconf 91' lang='lat' dir='ltr'><strong>ut</strong></span> <span class='ocrx_word' id='word_1_698' title='bbox 1195 5155 1354 5207; x_wconf 88' lang='lat' dir='ltr'><strong>habet</strong></span> <span class='ocrx_word' id='word_1_699' title='bbox 1370 5153 1415 5205; x_wconf 84' lang='grc' dir='ltr'><strong>Μ</strong></span> <span class='ocrx_word' id='word_1_700' title='bbox 1427 5155 1797 5223; x_wconf 82' lang='lat' dir='ltr'><strong>agdalenensis</strong></span> <span class='ocrx_word' id='word_1_701' title='bbox 1814 5157 1942 5220; x_wconf 92' lang='lat' dir='ltr'><strong>ms.)</strong></span> <span class='ocrx_word' id='word_1_702' title='bbox 1965 5153 2094 5206; x_wconf 72' lang='lat' dir='ltr'><strong>«ali—</strong></span> 
     </span>
    </p>
   </div>
   <div class='ocr_carea' id='block_1_89' title="bbox 523 5225 2094 5294">
    <p class='ocr_par' dir='ltr' id='par_1_89' title="bbox 523 5225 2094 5294">
     <span class='ocr_line' id='line_1_90' title="bbox 523 5225 2094 5294; baseline -0.001 -16"><span class='ocrx_word' id='word_1_703' title='bbox 523 5243 631 5294; x_wconf 86' lang='lat' dir='ltr'><strong>qua</strong></span> <span class='ocrx_word' id='word_1_704' title='bbox 647 5227 964 5294; x_wconf 81' lang='lat' dir='ltr'><strong>contagione</strong></span> <span class='ocrx_word' id='word_1_705' title='bbox 989 5244 1006 5274; x_wconf 93' lang='lat'><strong>»</strong></span> <span class='ocrx_word' id='word_1_706' title='bbox 1031 5228 1131 5292; x_wconf 84' lang='lat' dir='ltr'><strong>(vel</strong></span> <span class='ocrx_word' id='word_1_707' title='bbox 1168 5245 1186 5275; x_wconf 81' lang='grc' dir='ltr'><strong>ι</strong></span> <span class='ocrx_word' id='word_1_708' title='bbox 1209 5225 1532 5292; x_wconf 82' lang='lat' dir='ltr'><strong>cogitatione</strong></span> <span class='ocrx_word' id='word_1_709' title='bbox 1556 5242 1576 5273; x_wconf 91' lang='lat'><strong>»</strong></span> <span class='ocrx_word' id='word_1_710' title='bbox 1611 5225 1810 5292; x_wconf 89' lang='lat' dir='ltr'><strong>potius,</strong></span> <span class='ocrx_word' id='word_1_711' title='bbox 1843 5233 1902 5276; x_wconf 91' lang='lat' dir='ltr'><strong>ut</strong></span> <span class='ocrx_word' id='word_1_712' title='bbox 1933 5225 2094 5277; x_wconf 80' lang='lat' dir='ltr'><strong>habet</strong></span> 
     </span>
    </p>
   </div>
   <div class='ocr_carea' id='block_1_90' title="bbox 522 5295 2089 5364">
    <p class='ocr_par' dir='ltr' id='par_1_90' title="bbox 522 5295 2089 5364">
     <span class='ocr_line' id='line_1_91' title="bbox 522 5295 2089 5364; baseline -0.003 -14"><span class='ocrx_word' id='word_1_713' title='bbox 522 5298 693 5350; x_wconf 86' lang='lat' dir='ltr'><strong>codex</strong></span> <span class='ocrx_word' id='word_1_714' title='bbox 739 5295 1081 5357; x_wconf 76' lang='lat' dir='ltr'><strong>l’etavianus,</strong></span> <span class='ocrx_word' id='word_1_715' title='bbox 1112 5295 1256 5364; x_wconf 91' lang='lat' dir='ltr'><strong>quod</strong></span> <span class='ocrx_word' id='word_1_716' title='bbox 1285 5295 1471 5348; x_wconf 75' lang='lat' dir='ltr'><strong>Graeco</strong></span> <span class='ocrx_word' id='word_1_717' title='bbox 1505 5295 1735 5364; x_wconf 83' lang='grc' dir='ltr'>νοήματι</span> <span class='ocrx_word' id='word_1_718' title='bbox 1768 5295 1958 5347; x_wconf 88' lang='lat' dir='ltr'><strong>melius</strong></span> <span class='ocrx_word' id='word_1_719' title='bbox 2003 5309 2089 5346; x_wconf 91' lang='lat' dir='ltr'><strong>re-</strong></span> 
     </span>
    </p>
   </div>
   <div class='ocr_carea' id='block_1_91' title="bbox 522 5364 2092 5434">
    <p class='ocr_par' dir='ltr' id='par_1_91' title="bbox 522 5364 2092 5434">
     <span class='ocr_line' id='line_1_92' title="bbox 522 5364 2092 5434; baseline -0.002 -14"><span class='ocrx_word' id='word_1_720' title='bbox 522 5369 799 5434; x_wconf 56' lang='lat' dir='ltr'><strong>apondety</strong></span> <span class='ocrx_word' id='word_1_721' title='bbox 823 5366 1074 5418; x_wconf 85' lang='lat' dir='ltr'><strong>diaboli.»</strong></span> <span class='ocrx_word' id='word_1_722' title='bbox 1096 5365 1238 5432; x_wconf 75' lang='grc' dir='ltr'>Οὑλὴ</span> <span class='ocrx_word' id='word_1_723' title='bbox 1271 5365 1414 5434; x_wconf 85' lang='lat' dir='ltr'><strong>enim</strong></span> <span class='ocrx_word' id='word_1_724' title='bbox 1441 5364 1664 5417; x_wconf 88' lang='lat' dir='ltr'><strong>cicatrix</strong></span> <span class='ocrx_word' id='word_1_725' title='bbox 1682 5373 1798 5428; x_wconf 90' lang='lat' dir='ltr'><strong>est;</strong></span> <span class='ocrx_word' id='word_1_726' title='bbox 1837 5364 2012 5416; x_wconf 72' lang='grc' dir='ltr'>οὑλεῖν</span> <span class='ocrx_word' id='word_1_727' title='bbox 2039 5373 2092 5417; x_wconf 91' lang='lat' dir='ltr'><strong>et</strong></span> 
     </span>
    </p>
   </div>
   <div class='ocr_carea' id='block_1_92' title="bbox 518 5433 2085 5490">
    <p class='ocr_par' dir='ltr' id='par_1_92' title="bbox 518 5433 2085 5490">
     <span class='ocr_line' id='line_1_93' title="bbox 518 5433 2085 5490; baseline -0.001 -1"><span class='ocrx_word' id='word_1_728' title='bbox 518 5433 793 5489; x_wconf 75' lang='grc' dir='ltr'>υῦλεῖσῦαι</span> <span class='ocrx_word' id='word_1_729' title='bbox 828 5437 1071 5490; x_wconf 87' lang='lat' dir='ltr'><strong>eamdem</strong></span> <span class='ocrx_word' id='word_1_730' title='bbox 1111 5437 1326 5489; x_wconf 88' lang='lat' dir='ltr'><strong>ducere.</strong></span> <span class='ocrx_word' id='word_1_731' title='bbox 1366 5433 1516 5488; x_wconf 88' lang='lat' dir='ltr'><strong>Unde</strong></span> <span class='ocrx_word' id='word_1_732' title='bbox 1561 5435 1704 5488; x_wconf 84' lang='lat' dir='ltr'><strong>Guil.</strong></span> <span class='ocrx_word' id='word_1_733' title='bbox 1746 5434 1966 5488; x_wconf 82' lang='lat' dir='ltr'><strong>Morelio</strong></span> <span class='ocrx_word' id='word_1_734' title='bbox 2011 5435 2085 5488; x_wconf 87' lang='lat' dir='ltr'><strong>ita</strong></span> 
     </span>
    </p>
   </div>
   <div class='ocr_carea' id='block_1_93' title="bbox 520 5504 2084 5574">
    <p class='ocr_par' dir='ltr' id='par_1_93' title="bbox 520 5504 2084 5574">
     <span class='ocr_line' id='line_1_94' title="bbox 520 5504 2084 5574; baseline -0.001 -14"><span class='ocrx_word' id='word_1_735' title='bbox 520 5507 700 5561; x_wconf 90' lang='lat' dir='ltr'><strong>locum</strong></span> <span class='ocrx_word' id='word_1_736' title='bbox 765 5513 974 5560; x_wconf 87' lang='lat' dir='ltr'><strong>vertere</strong></span> <span class='ocrx_word' id='word_1_737' title='bbox 1061 5506 1302 5574; x_wconf 84' lang='lat' dir='ltr'><strong>placuit:</strong></span> <span class='ocrx_word' id='word_1_738' title='bbox 1355 5523 1372 5554; x_wconf 76' lang='grc' dir='ltr'><strong>ι</strong></span> <span class='ocrx_word' id='word_1_739' title='bbox 1412 5504 1771 5574; x_wconf 67' lang='lat' dir='ltr'><strong>lgitur‘vobis</strong></span> <span class='ocrx_word' id='word_1_740' title='bbox 1801 5505 2084 5574; x_wconf 86' lang='lat' dir='ltr'><strong>cicatrices</strong></span> 
     </span>
    </p>
   </div>
   <div class='ocr_carea' id='block_1_94' title="bbox 517 5573 2084 5646">
    <p class='ocr_par' dir='ltr' id='par_1_94' title="bbox 517 5573 2084 5646">
     <span class='ocr_line' id='line_1_95' title="bbox 517 5573 2084 5646; baseline -0.002 -17"><span class='ocrx_word' id='word_1_741' title='bbox 517 5579 698 5646; x_wconf 76' lang='lat' dir='ltr'><strong>aliqua</strong></span> <span class='ocrx_word' id='word_1_742' title='bbox 719 5593 786 5630; x_wconf 86' lang='lat' dir='ltr'><strong>ex</strong></span> <span class='ocrx_word' id='word_1_743' title='bbox 802 5573 1128 5644; x_wconf 80' lang='lat' dir='ltr'><strong>cogitatione</strong></span> <span class='ocrx_word' id='word_1_744' title='bbox 1144 5574 1343 5628; x_wconf 87' lang='lat' dir='ltr'><strong>diaboli</strong></span> <span class='ocrx_word' id='word_1_745' title='bbox 1363 5573 1468 5627; x_wconf 83' lang='lat' dir='ltr'><strong>non</strong></span> <span class='ocrx_word' id='word_1_746' title='bbox 1493 5575 1708 5638; x_wconf 88' lang='lat' dir='ltr'><strong>indetis,</strong></span> <span class='ocrx_word' id='word_1_747' title='bbox 1725 5595 1742 5625; x_wconf 93' lang='lat'><strong>»</strong></span> <span class='ocrx_word' id='word_1_748' title='bbox 1765 5578 1910 5644; x_wconf 91' lang='lat' dir='ltr'><strong>quod</strong></span> <span class='ocrx_word' id='word_1_749' title='bbox 1934 5573 2084 5627; x_wconf 86' lang='lat' dir='ltr'><strong>Vair-</strong></span> 
     </span>
    </p>
   </div>
   <div class='ocr_carea' id='block_1_95' title="bbox 519 5645 2080 5716">
    <p class='ocr_par' dir='ltr' id='par_1_95' title="bbox 519 5645 2080 5716">
     <span class='ocr_line' id='line_1_96' title="bbox 519 5645 2080 5716; baseline 0 -18"><span class='ocrx_word' id='word_1_750' title='bbox 519 5645 662 5700; x_wconf 81' lang='lat' dir='ltr'><strong>lenio</strong></span> <span class='ocrx_word' id='word_1_751' title='bbox 701 5648 944 5716; x_wconf 85' lang='lat' dir='ltr'><strong>(alterius</strong></span> <span class='ocrx_word' id='word_1_752' title='bbox 985 5647 1183 5699; x_wconf 74' lang='lat' dir='ltr'><strong>Graeca:</strong></span> <span class='ocrx_word' id='word_1_753' title='bbox 1231 5646 1659 5716; x_wconf 28' lang='lat' dir='ltr'><strong>lectionispnon</strong></span> <span class='ocrx_word' id='word_1_754' title='bbox 1713 5648 1894 5716; x_wconf 72' lang='lat' dir='ltr'><strong>minus</strong></span> <span class='ocrx_word' id='word_1_755' title='bbox 1918 5661 2080 5714; x_wconf 88' lang='lat' dir='ltr'><strong>quam</strong></span> 
     </span>
    </p>
   </div>
   <div class='ocr_carea' id='block_1_96' title="bbox 519 5714 2083 5786">
    <p class='ocr_par' dir='ltr' id='par_1_96' title="bbox 519 5714 2083 5786">
     <span class='ocr_line' id='line_1_97' title="bbox 519 5714 2083 5786; baseline -0.004 -16"><span class='ocrx_word' id='word_1_756' title='bbox 519 5716 609 5771; x_wconf 87' lang='lat' dir='ltr'><strong>ille</strong></span> <span class='ocrx_word' id='word_1_757' title='bbox 635 5714 1042 5786; x_wconf 82' lang='lat' dir='ltr'><strong>fuerat,inscio)</strong></span> <span class='ocrx_word' id='word_1_758' title='bbox 1071 5718 1148 5769; x_wconf 87' lang='lat' dir='ltr'><strong>sic</strong></span> <span class='ocrx_word' id='word_1_759' title='bbox 1183 5717 1480 5783; x_wconf 87' lang='lat' dir='ltr'><strong>exprimere</strong></span> <span class='ocrx_word' id='word_1_760' title='bbox 1507 5715 1692 5767; x_wconf 91' lang='lat' dir='ltr'><strong>libuit:</strong></span> <span class='ocrx_word' id='word_1_761' title='bbox 1726 5714 1873 5773; x_wconf 72' lang='lat' dir='ltr'><strong>«Non</strong></span> <span class='ocrx_word' id='word_1_762' title='bbox 1902 5718 2083 5785; x_wconf 84' lang='lat' dir='ltr'><strong>itaque</strong></span> 
     </span>
    </p>
   </div>
   <div class='ocr_carea' id='block_1_97' title="bbox 520 5786 1745 5858">
    <p class='ocr_par' dir='ltr' id='par_1_97' title="bbox 520 5786 1745 5858">
     <span class='ocr_line' id='line_1_98' title="bbox 520 5786 1745 5858; baseline -0.004 -16"><span class='ocrx_word' id='word_1_763' title='bbox 520 5803 616 5845; x_wconf 79' lang='lat' dir='ltr'><strong>vos</strong></span> <span class='ocrx_word' id='word_1_764' title='bbox 651 5789 804 5845; x_wconf 79' lang='lat' dir='ltr'><strong>laedet</strong></span> <span class='ocrx_word' id='word_1_765' title='bbox 833 5787 1012 5858; x_wconf 69' lang='lat' dir='ltr'><strong>aliqua</strong></span> <span class='ocrx_word' id='word_1_766' title='bbox 1043 5787 1308 5844; x_wconf 83' lang='lat' dir='ltr'><strong>diabolica</strong></span> <span class='ocrx_word' id='word_1_767' title='bbox 1329 5786 1632 5856; x_wconf 80' lang='lat' dir='ltr'><strong>cogitatio.»</strong></span> <span class='ocrx_word' id='word_1_768' title='bbox 1671 5787 1745 5845; x_wconf 84' lang='lat' dir='ltr'><strong>lt»,</strong></span> 
     </span>
    </p>
   </div>
   <div class='ocr_carea' id='block_1_98' title="bbox 1693 3124 2146 3196">
    <p class='ocr_par' dir='ltr' id='par_1_98' title="bbox 1693 3124 2146 3196">
     <span class='ocr_line' id='line_1_99' title="bbox 1693 3124 2146 3196; baseline 0.009 -19"><span class='ocrx_word' id='word_1_769' title='bbox 1693 3124 1738 3196; x_wconf 57' lang='grc' dir='ltr'><strong>’ξι</strong></span> <span class='ocrx_word' id='word_1_770' title='bbox 1769 3124 1838 3178; x_wconf 85' lang='lat' dir='ltr'><strong>al.</strong></span> <span class='ocrx_word' id='word_1_771' title='bbox 1869 3124 2146 3196; x_wconf 80' lang='grc' dir='ltr'>οὑλήσετε.</span> 
     </span>
    </p>
   </div>
   <div class='ocr_carea' id='block_1_99' title="bbox 2251 3114 3163 3184">
    <p class='ocr_par' dir='ltr' id='par_1_99' title="bbox 2251 3114 3163 3184">
     <span class='ocr_line' id='line_1_100' title="bbox 2251 3114 3163 3184; baseline -0.005 -8"><span class='ocrx_word' id='word_1_772' title='bbox 2251 3125 2343 3176; x_wconf 79' lang='lat'><strong>&quot;1</strong></span> <span class='ocrx_word' id='word_1_773' title='bbox 2375 3120 2516 3174; x_wconf 91' lang='lat' dir='ltr'><strong>Tim.</strong></span> <span class='ocrx_word' id='word_1_774' title='bbox 2537 3136 2574 3184; x_wconf 87' lang='lat' dir='ltr'><strong>t,</strong></span> <span class='ocrx_word' id='word_1_775' title='bbox 2603 3117 2688 3172; x_wconf 74' lang='lat' dir='ltr'><strong>M.</strong></span> <span class='ocrx_word' id='word_1_776' title='bbox 2781 3117 2826 3148; x_wconf 81' lang='grc'><strong>⁷⁸</strong></span> <span class='ocrx_word' id='word_1_777' title='bbox 2845 3114 2975 3170; x_wconf 89' lang='lat' dir='ltr'><strong>Luc.</strong></span> <span class='ocrx_word' id='word_1_778' title='bbox 3002 3118 3163 3184; x_wconf 73' lang='lat' dir='ltr'><strong>x,27.</strong></span> 
     </span>
    </p>
   </div>
   <div class='ocr_carea' id='block_1_100' title="bbox 3271 3119 3776 3188">
    <p class='ocr_par' dir='ltr' id='par_1_100' title="bbox 3271 3119 3776 3188">
     <span class='ocr_line' id='line_1_101' title="bbox 3271 3119 3776 3188; baseline 0.016 -15"><span class='ocrx_word' id='word_1_779' title='bbox 3271 3120 3314 3151; x_wconf 85' lang='lat'><strong>&quot;&quot;</strong></span> <span class='ocrx_word' id='word_1_780' title='bbox 3337 3119 3526 3175; x_wconf 88' lang='lat' dir='ltr'><strong>Matth.</strong></span> <span class='ocrx_word' id='word_1_781' title='bbox 3556 3138 3655 3188; x_wconf 72' lang='grc' dir='ltr'>χιι,</span> <span class='ocrx_word' id='word_1_782' title='bbox 3682 3123 3776 3181; x_wconf 77' lang='grc'><strong>55.</strong></span> 
     </span>
    </p>
   </div>
   <div class='ocr_carea' id='block_1_101' title="bbox 2279 3330 3785 3407">
    <p class='ocr_par' dir='ltr' id='par_1_101' title="bbox 2279 3330 3785 3407">
     <span class='ocr_line' id='line_1_102' title="bbox 2279 3330 3785 3407; baseline 0.005 -23"><span class='ocrx_word' id='word_1_783' title='bbox 2279 3334 2408 3407; x_wconf 69' lang='lat'><strong>(67)</strong></span> <span class='ocrx_word' id='word_1_784' title='bbox 2423 3331 2574 3395; x_wconf 75' lang='grc' dir='ltr'><strong>Ἐὰν,</strong></span> <span class='ocrx_word' id='word_1_785' title='bbox 2600 3331 2679 3407; x_wconf 78' lang='grc' dir='ltr'>ὡς</span> <span class='ocrx_word' id='word_1_786' title='bbox 2696 3330 3128 3407; x_wconf 65' lang='lat' dir='ltr'><strong>Hai&#39;vloc,_rs.1£[</strong></span> <span class='ocrx_word' id='word_1_787' title='bbox 3129 3351 3207 3407; x_wconf 71' lang='grc' dir='ltr'><strong>ως</strong></span> <span class='ocrx_word' id='word_1_788' title='bbox 3222 3335 3308 3407; x_wconf 75' lang='grc' dir='ltr'><strong>είς</strong></span> <span class='ocrx_word' id='word_1_789' title='bbox 3325 3336 3579 3407; x_wconf 67' lang='grc' dir='ltr'>Χριστρν</span> <span class='ocrx_word' id='word_1_790' title='bbox 3597 3337 3785 3407; x_wconf 78' lang='grc' dir='ltr'>ἔχητε</span> 
     </span>
    </p>
   </div>
   <div class='ocr_carea' id='block_1_102' title="bbox 2206 3400 3783 3476">
    <p class='ocr_par' dir='ltr' id='par_1_102' title="bbox 2206 3400 3783 3476">
     <span class='ocr_line' id='line_1_103' title="bbox 2206 3400 3783 3476; baseline 0.005 -20"><span class='ocrx_word' id='word_1_791' title='bbox 2206 3400 2320 3472; x_wconf 49' lang='grc' dir='ltr'>τὴν</span> <span class='ocrx_word' id='word_1_792' title='bbox 2341 3400 2547 3476; x_wconf 61' lang='grc' dir='ltr'>πίστιν</span> <span class='ocrx_word' id='word_1_793' title='bbox 2579 3401 2681 3476; x_wconf 54' lang='grc' dir='ltr'><strong>καί</strong></span> <span class='ocrx_word' id='word_1_794' title='bbox 2701 3400 2814 3476; x_wconf 69' lang='grc' dir='ltr'><strong>τὴν</strong></span> <span class='ocrx_word' id='word_1_795' title='bbox 2855 3401 3114 3476; x_wconf 69' lang='grc' dir='ltr'>ἀγᾴετην.</span> <span class='ocrx_word' id='word_1_796' title='bbox 3147 3400 3454 3476; x_wconf 52' lang='lat' dir='ltr'><strong>Anglican;</strong></span> <span class='ocrx_word' id='word_1_797' title='bbox 3475 3425 3493 3455; x_wconf 78' lang='grc' dir='ltr'><strong>ι</strong></span> <span class='ocrx_word' id='word_1_798' title='bbox 3516 3404 3571 3459; x_wconf 92' lang='lat' dir='ltr'><strong>Si</strong></span> <span class='ocrx_word' id='word_1_799' title='bbox 3597 3400 3783 3476; x_wconf 59' lang='lat' dir='ltr'><strong>perfe-</strong></span> 
     </span>
    </p>
   </div>
   <div class='ocr_carea' id='block_1_103' title="bbox 2206 3471 3779 3534">
    <p class='ocr_par' dir='ltr' id='par_1_103' title="bbox 2206 3471 3779 3534">
     <span class='ocr_line' id='line_1_104' title="bbox 2206 3471 3779 3534; baseline 0.001 -2"><span class='ocrx_word' id='word_1_800' title='bbox 2206 3471 2290 3532; x_wconf 87' lang='lat' dir='ltr'><strong>cte</strong></span> <span class='ocrx_word' id='word_1_801' title='bbox 2315 3477 2367 3530; x_wconf 92' lang='lat' dir='ltr'><strong>in</strong></span> <span class='ocrx_word' id='word_1_802' title='bbox 2407 3472 2594 3527; x_wconf 83' lang='lat' dir='ltr'><strong>Jesum</strong></span> <span class='ocrx_word' id='word_1_803' title='bbox 2623 3471 2898 3525; x_wconf 89' lang='lat' dir='ltr'><strong>Christum</strong></span> <span class='ocrx_word' id='word_1_804' title='bbox 2932 3471 3413 3528; x_wconf 15' lang='lat' dir='ltr'><strong>habeamusrﬁdem</strong></span> <span class='ocrx_word' id='word_1_805' title='bbox 3445 3485 3499 3529; x_wconf 89' lang='lat' dir='ltr'><strong>ct</strong></span> <span class='ocrx_word' id='word_1_806' title='bbox 3530 3471 3779 3534; x_wconf 72' lang='lat' dir='ltr'><strong>charita-</strong></span> 
     </span>
    </p>
   </div>
   <div class='ocr_carea' id='block_1_104' title="bbox 2208 3540 3780 3612">
    <p class='ocr_par' dir='ltr' id='par_1_104' title="bbox 2208 3540 3780 3612">
     <span class='ocr_line' id='line_1_105' title="bbox 2208 3540 3780 3612; baseline 0.001 -11"><span class='ocrx_word' id='word_1_807' title='bbox 2208 3557 2312 3601; x_wconf 91' lang='lat' dir='ltr'><strong>tem</strong></span> <span class='ocrx_word' id='word_1_808' title='bbox 2338 3543 2612 3599; x_wconf 87' lang='lat' dir='ltr'><strong>mentione</strong></span> <span class='ocrx_word' id='word_1_809' title='bbox 2627 3540 2778 3594; x_wconf 83' lang='lat' dir='ltr'><strong>Pauli</strong></span> <span class='ocrx_word' id='word_1_810' title='bbox 2811 3556 3034 3610; x_wconf 87' lang='lat' dir='ltr'><strong>prorsus</strong></span> <span class='ocrx_word' id='word_1_811' title='bbox 3062 3545 3445 3612; x_wconf 65' lang='lat' dir='ltr'><strong>praetermissa.</strong></span> <span class='ocrx_word' id='word_1_812' title='bbox 3470 3545 3618 3600; x_wconf 84' lang='lat' dir='ltr'><strong>»Vet.</strong></span> <span class='ocrx_word' id='word_1_813' title='bbox 3649 3551 3780 3603; x_wconf 85' lang='lat' dir='ltr'><strong>vul-</strong></span> 
     </span>
    </p>
   </div>
   <div class='ocr_carea' id='block_1_105' title="bbox 2206 3612 3779 3688">
    <p class='ocr_par' dir='ltr' id='par_1_105' title="bbox 2206 3612 3779 3688">
     <span class='ocr_line' id='line_1_106' title="bbox 2206 3612 3779 3688; baseline 0.003 -19"><span class='ocrx_word' id='word_1_814' title='bbox 2206 3626 2338 3688; x_wconf 83' lang='lat' dir='ltr'><strong>gat.:</strong></span> <span class='ocrx_word' id='word_1_815' title='bbox 2371 3633 2390 3665; x_wconf 83' lang='grc' dir='ltr'><strong>ι</strong></span> <span class='ocrx_word' id='word_1_816' title='bbox 2421 3613 2590 3688; x_wconf 72' lang='lat' dir='ltr'><strong>Sicuti</strong></span> <span class='ocrx_word' id='word_1_817' title='bbox 2619 3621 2672 3688; x_wconf 79' lang='lat' dir='ltr'><strong>et</strong></span> <span class='ocrx_word' id='word_1_818' title='bbox 2692 3612 2892 3665; x_wconf 82' lang='lat' dir='ltr'><strong>Paulus</strong></span> <span class='ocrx_word' id='word_1_819' title='bbox 2921 3612 3088 3676; x_wconf 83' lang='lat' dir='ltr'><strong>dicit;</strong></span> <span class='ocrx_word' id='word_1_820' title='bbox 3126 3614 3381 3688; x_wconf 80' lang='lat' dir='ltr'><strong>habentes</strong></span> <span class='ocrx_word' id='word_1_821' title='bbox 3415 3617 3467 3688; x_wconf 86' lang='lat' dir='ltr'><strong>in</strong></span> <span class='ocrx_word' id='word_1_822' title='bbox 3491 3616 3779 3674; x_wconf 88' lang='lat' dir='ltr'><strong>Christum</strong></span> 
     </span>
    </p>
   </div>
   <div class='ocr_carea' id='block_1_106' title="bbox 2208 3683 3781 3756">
    <p class='ocr_par' dir='ltr' id='par_1_106' title="bbox 2208 3683 3781 3756">
     <span class='ocr_line' id='line_1_107' title="bbox 2208 3683 3781 3756; baseline 0.002 -15"><span class='ocrx_word' id='word_1_823' title='bbox 2208 3683 2364 3740; x_wconf 83' lang='lat' dir='ltr'><strong>ﬁdem</strong></span> <span class='ocrx_word' id='word_1_824' title='bbox 2387 3695 2444 3756; x_wconf 88' lang='lat' dir='ltr'><strong>et</strong></span> <span class='ocrx_word' id='word_1_825' title='bbox 2466 3683 2810 3756; x_wconf 75' lang='lat' dir='ltr'><strong>dilectionem</strong></span> <span class='ocrx_word' id='word_1_826' title='bbox 2834 3698 2881 3756; x_wconf 75' lang='lat'><strong>;»</strong></span> <span class='ocrx_word' id='word_1_827' title='bbox 2901 3698 3086 3735; x_wconf 86' lang='lat' dir='ltr'><strong>vocem</strong></span> <span class='ocrx_word' id='word_1_828' title='bbox 3111 3684 3253 3756; x_wconf 75' lang='lat' dir='ltr'><strong>enim</strong></span> <span class='ocrx_word' id='word_1_829' title='bbox 3279 3685 3431 3738; x_wconf 69' lang='lat' dir='ltr'><strong>«fidei</strong></span> <span class='ocrx_word' id='word_1_830' title='bbox 3447 3705 3462 3733; x_wconf 90' lang='lat'><strong>»</strong></span> <span class='ocrx_word' id='word_1_831' title='bbox 3485 3701 3548 3739; x_wconf 89' lang='lat' dir='ltr'><strong>ex</strong></span> <span class='ocrx_word' id='word_1_832' title='bbox 3582 3689 3781 3756; x_wconf 86' lang='lat' dir='ltr'><strong>primis</strong></span> 
     </span>
    </p>
   </div>
   <div class='ocr_carea' id='block_1_107' title="bbox 2205 3751 3785 3814">
    <p class='ocr_par' dir='ltr' id='par_1_107' title="bbox 2205 3751 3785 3814">
     <span class='ocr_line' id='line_1_108' title="bbox 2205 3751 3785 3814; baseline -0.001 -3"><span class='ocrx_word' id='word_1_833' title='bbox 2205 3755 2538 3811; x_wconf 88' lang='lat' dir='ltr'><strong>editionibus</strong></span> <span class='ocrx_word' id='word_1_834' title='bbox 2566 3753 2653 3806; x_wconf 92' lang='lat' dir='ltr'><strong>hic</strong></span> <span class='ocrx_word' id='word_1_835' title='bbox 2683 3753 3029 3814; x_wconf 81' lang='lat' dir='ltr'><strong>retinuimus,</strong></span> <span class='ocrx_word' id='word_1_836' title='bbox 3055 3768 3161 3804; x_wconf 88' lang='lat' dir='ltr'><strong>non</strong></span> <span class='ocrx_word' id='word_1_837' title='bbox 3207 3751 3379 3807; x_wconf 72' lang='lat' dir='ltr'><strong>Crrem</strong></span> <span class='ocrx_word' id='word_1_838' title='bbox 3422 3751 3598 3810; x_wconf 82' lang='lat' dir='ltr'><strong>solum</strong></span> <span class='ocrx_word' id='word_1_839' title='bbox 3641 3775 3785 3813; x_wconf 85' lang='lat' dir='ltr'><strong>con-</strong></span> 
     </span>
    </p>
   </div>
   <div class='ocr_carea' id='block_1_108' title="bbox 2205 3823 3781 3892">
    <p class='ocr_par' dir='ltr' id='par_1_108' title="bbox 2205 3823 3781 3892">
     <span class='ocr_line' id='line_1_109' title="bbox 2205 3823 3781 3892; baseline 0.003 -12"><span class='ocrx_word' id='word_1_840' title='bbox 2205 3835 2388 3880; x_wconf 85' lang='lat' dir='ltr'><strong>textus</strong></span> <span class='ocrx_word' id='word_1_841' title='bbox 2435 3834 2490 3877; x_wconf 92' lang='lat' dir='ltr'><strong>et</strong></span> <span class='ocrx_word' id='word_1_842' title='bbox 2538 3823 2708 3877; x_wconf 90' lang='lat' dir='ltr'><strong>nostri</strong></span> <span class='ocrx_word' id='word_1_843' title='bbox 2760 3823 3068 3891; x_wconf 86' lang='lat' dir='ltr'><strong>interpretis</strong></span> <span class='ocrx_word' id='word_1_844' title='bbox 3116 3825 3436 3878; x_wconf 91' lang='lat' dir='ltr'><strong>auctoritate</strong></span> <span class='ocrx_word' id='word_1_845' title='bbox 3487 3827 3626 3892; x_wconf 90' lang='lat' dir='ltr'><strong>freti,</strong></span> <span class='ocrx_word' id='word_1_846' title='bbox 3677 3831 3781 3885; x_wconf 81' lang='lat' dir='ltr'><strong>sed</strong></span> 
     </span>
    </p>
   </div>
   <div class='ocr_carea' id='block_1_109' title="bbox 2205 3893 3782 3963">
    <p class='ocr_par' dir='ltr' id='par_1_109' title="bbox 2205 3893 3782 3963">
     <span class='ocr_line' id='line_1_110' title="bbox 2205 3893 3782 3963; baseline 0.003 -13"><span class='ocrx_word' id='word_1_847' title='bbox 2205 3898 2369 3951; x_wconf 90' lang='lat' dir='ltr'><strong>etiam</strong></span> <span class='ocrx_word' id='word_1_848' title='bbox 2422 3903 2681 3963; x_wconf 88' lang='lat' dir='ltr'><strong>sequente</strong></span> <span class='ocrx_word' id='word_1_849' title='bbox 2738 3893 2909 3960; x_wconf 87' lang='lat' dir='ltr'><strong>ipsius</strong></span> <span class='ocrx_word' id='word_1_850' title='bbox 2948 3893 3136 3959; x_wconf 73' lang='lat' dir='ltr'><strong>Ignatii</strong></span> <span class='ocrx_word' id='word_1_851' title='bbox 3169 3895 3528 3963; x_wconf 82' lang='lat' dir='ltr'><strong>explicatione</strong></span> <span class='ocrx_word' id='word_1_852' title='bbox 3559 3898 3625 3951; x_wconf 90' lang='lat' dir='ltr'><strong>ad</strong></span> <span class='ocrx_word' id='word_1_853' title='bbox 3668 3900 3782 3954; x_wconf 90' lang='lat' dir='ltr'><strong>hoc</strong></span> 
     </span>
    </p>
   </div>
   <div class='ocr_carea' id='block_1_110' title="bbox 2207 3963 3780 4035">
    <p class='ocr_par' dir='ltr' id='par_1_110' title="bbox 2207 3963 3780 4035">
     <span class='ocr_line' id='line_1_111' title="bbox 2207 3963 3780 4035; baseline 0.004 -16"><span class='ocrx_word' id='word_1_854' title='bbox 2207 3966 2456 4035; x_wconf 91' lang='lat' dir='ltr'><strong>impulsi;</strong></span> <span class='ocrx_word' id='word_1_855' title='bbox 2507 3978 2632 4018; x_wconf 91' lang='lat' dir='ltr'><strong>cum</strong></span> <span class='ocrx_word' id='word_1_856' title='bbox 2694 3972 2759 4035; x_wconf 81' lang='lat' dir='ltr'><strong>et</strong></span> <span class='ocrx_word' id='word_1_857' title='bbox 2791 3963 3226 4035; x_wconf 25' lang='lat' dir='ltr'><strong>aliaa‘editioncs</strong></span> <span class='ocrx_word' id='word_1_858' title='bbox 3257 3973 3311 4017; x_wconf 91' lang='lat' dir='ltr'><strong>et</strong></span> <span class='ocrx_word' id='word_1_859' title='bbox 3364 3964 3691 4023; x_wconf 82' lang='lat' dir='ltr'><strong>Petavianus</strong></span> <span class='ocrx_word' id='word_1_860' title='bbox 3718 3983 3780 4025; x_wconf 88' lang='lat' dir='ltr'><strong>et</strong></span> 
     </span>
    </p>
   </div>
   <div class='ocr_carea' id='block_1_111' title="bbox 2205 4031 3782 4102">
    <p class='ocr_par' dir='ltr' id='par_1_111' title="bbox 2205 4031 3782 4102">
     <span class='ocr_line' id='line_1_112' title="bbox 2205 4031 3782 4102; baseline 0.003 -12"><span class='ocrx_word' id='word_1_861' title='bbox 2205 4031 2540 4090; x_wconf 83' lang='lat' dir='ltr'><strong>Oxonienscs</strong></span> <span class='ocrx_word' id='word_1_862' title='bbox 2565 4049 2696 4086; x_wconf 90' lang='lat' dir='ltr'><strong>mss.</strong></span> <span class='ocrx_word' id='word_1_863' title='bbox 2731 4033 2859 4093; x_wconf 90' lang='lat' dir='ltr'><strong>duo,</strong></span> <span class='ocrx_word' id='word_1_864' title='bbox 2893 4031 3013 4100; x_wconf 88' lang='lat' dir='ltr'><strong>ejus</strong></span> <span class='ocrx_word' id='word_1_865' title='bbox 3039 4033 3156 4086; x_wconf 91' lang='lat' dir='ltr'><strong>vice</strong></span> <span class='ocrx_word' id='word_1_866' title='bbox 3182 4049 3392 4102; x_wconf 70' lang='lat' dir='ltr'><strong>«spem»</strong></span> <span class='ocrx_word' id='word_1_867' title='bbox 3425 4035 3527 4090; x_wconf 90' lang='lat' dir='ltr'><strong>hoc</strong></span> <span class='ocrx_word' id='word_1_868' title='bbox 3554 4037 3606 4089; x_wconf 89' lang='lat' dir='ltr'><strong>in</strong></span> <span class='ocrx_word' id='word_1_869' title='bbox 3649 4040 3782 4095; x_wconf 91' lang='lat' dir='ltr'><strong>loco</strong></span> 
     </span>
    </p>
   </div>
   <div class='ocr_carea' id='block_1_112' title="bbox 2204 4103 3784 4173">
    <p class='ocr_par' dir='ltr' id='par_1_112' title="bbox 2204 4103 3784 4173">
     <span class='ocr_line' id='line_1_113' title="bbox 2204 4103 3784 4173; baseline 0.003 -13"><span class='ocrx_word' id='word_1_870' title='bbox 2204 4107 2515 4160; x_wconf 85' lang='lat' dir='ltr'><strong>exhibeant.</strong></span> <span class='ocrx_word' id='word_1_871' title='bbox 2540 4103 2692 4168; x_wconf 86' lang='lat' dir='ltr'><strong>Quod</strong></span> <span class='ocrx_word' id='word_1_872' title='bbox 2725 4103 2769 4156; x_wconf 93' lang='lat' dir='ltr'><strong>si</strong></span> <span class='ocrx_word' id='word_1_873' title='bbox 2789 4118 2910 4173; x_wconf 85' lang='lat' dir='ltr'><strong>cum</strong></span> <span class='ocrx_word' id='word_1_874' title='bbox 2926 4103 3140 4172; x_wconf 78' lang='lat' dir='ltr'><strong>vulgato</strong></span> <span class='ocrx_word' id='word_1_875' title='bbox 3153 4105 3254 4157; x_wconf 90' lang='lat' dir='ltr'><strong>hoc</strong></span> <span class='ocrx_word' id='word_1_876' title='bbox 3277 4105 3563 4173; x_wconf 86' lang='lat' dir='ltr'><strong>interprete</strong></span> <span class='ocrx_word' id='word_1_877' title='bbox 3577 4107 3784 4166; x_wconf 86' lang='lat' dir='ltr'><strong>Latino</strong></span> 
     </span>
    </p>
   </div>
   <div class='ocr_carea' id='block_1_113' title="bbox 2205 4172 3784 4241">
    <p class='ocr_par' dir='ltr' id='par_1_113' title="bbox 2205 4172 3784 4241">
     <span class='ocr_line' id='line_1_114' title="bbox 2205 4172 3784 4241; baseline 0.003 -13"><span class='ocrx_word' id='word_1_878' title='bbox 2205 4175 2775 4229; x_wconf 77' lang='lat' dir='ltr'><strong>commemorationem</strong></span> <span class='ocrx_word' id='word_1_879' title='bbox 2815 4172 2965 4225; x_wconf 77' lang='lat' dir='ltr'><strong>Pauli</strong></span> <span class='ocrx_word' id='word_1_880' title='bbox 3023 4174 3087 4224; x_wconf 92' lang='lat' dir='ltr'><strong>ad</strong></span> <span class='ocrx_word' id='word_1_881' title='bbox 3129 4172 3509 4241; x_wconf 64' lang='lat' dir='ltr'><strong>praecedentia</strong></span> <span class='ocrx_word' id='word_1_882' title='bbox 3567 4179 3784 4237; x_wconf 63' lang='lat' dir='ltr'><strong>referre</strong></span> 
     </span>
    </p>
   </div>
   <div class='ocr_carea' id='block_1_114' title="bbox 2205 4240 3782 4319">
    <p class='ocr_par' dir='ltr' id='par_1_114' title="bbox 2205 4240 3782 4319">
     <span class='ocr_line' id='line_1_115' title="bbox 2205 4240 3782 4319; baseline 0.005 -21"><span class='ocrx_word' id='word_1_883' title='bbox 2205 4247 2369 4319; x_wconf 86' lang='lat' dir='ltr'><strong>libeat</strong></span> <span class='ocrx_word' id='word_1_884' title='bbox 2399 4265 2414 4311; x_wconf 90' lang='lat'><strong>;</strong></span> <span class='ocrx_word' id='word_1_885' title='bbox 2445 4245 2512 4297; x_wconf 87' lang='lat' dir='ltr'><strong>ad</strong></span> <span class='ocrx_word' id='word_1_886' title='bbox 2529 4249 2706 4297; x_wconf 90' lang='lat' dir='ltr'><strong>locum</strong></span> <span class='ocrx_word' id='word_1_887' title='bbox 2738 4243 3072 4319; x_wconf 71' lang='lat' dir='ltr'><strong>Apostoliex</strong></span> <span class='ocrx_word' id='word_1_888' title='bbox 3101 4240 3421 4319; x_wconf 68' lang='lat' dir='ltr'><strong>&quot;Corinth.</strong></span> <span class='ocrx_word' id='word_1_889' title='bbox 3442 4262 3500 4308; x_wconf 89' lang='grc' dir='ltr'><strong>ιι,</strong></span> <span class='ocrx_word' id='word_1_890' title='bbox 3547 4250 3782 4319; x_wconf 80' lang='lat' dir='ltr'><strong>ll,jam</strong></span> 
     </span>
    </p>
   </div>
   <div class='ocr_carea' id='block_1_115' title="bbox 2204 4313 3776 4384">
    <p class='ocr_par' dir='ltr' id='par_1_115' title="bbox 2204 4313 3776 4384">
     <span class='ocr_line' id='line_1_116' title="bbox 2204 4313 3776 4384; baseline 0.004 -15"><span class='ocrx_word' id='word_1_891' title='bbox 2204 4317 2528 4384; x_wconf 82' lang='lat' dir='ltr'><strong>productum</strong></span> <span class='ocrx_word' id='word_1_892' title='bbox 2555 4353 2570 4375; x_wconf 95' lang='lat'><strong>,</strong></span> <span class='ocrx_word' id='word_1_893' title='bbox 2618 4314 2922 4384; x_wconf 86' lang='lat' dir='ltr'><strong>respexisse</strong></span> <span class='ocrx_word' id='word_1_894' title='bbox 2977 4313 3266 4384; x_wconf 89' lang='lat' dir='ltr'><strong>dicendum</strong></span> <span class='ocrx_word' id='word_1_895' title='bbox 3310 4317 3412 4368; x_wconf 87' lang='lat' dir='ltr'><strong>erit</strong></span> <span class='ocrx_word' id='word_1_896' title='bbox 3441 4334 3453 4369; x_wconf 90' lang='lat'>:</span> <span class='ocrx_word' id='word_1_897' title='bbox 3479 4319 3585 4381; x_wconf 92' lang='lat' dir='ltr'><strong>sin,</strong></span> <span class='ocrx_word' id='word_1_898' title='bbox 3613 4313 3776 4376; x_wconf 37' lang='lat' dir='ltr'><strong>v&#39;éum</strong></span> 
     </span>
    </p>
   </div>
   <div class='ocr_carea' id='block_1_116' title="bbox 2204 4383 3779 4454">
    <p class='ocr_par' dir='ltr' id='par_1_116' title="bbox 2204 4383 3779 4454">
     <span class='ocr_line' id='line_1_117' title="bbox 2204 4383 3779 4454; baseline 0.006 -18"><span class='ocrx_word' id='word_1_899' title='bbox 2204 4383 2424 4454; x_wconf 75' lang='lat' dir='ltr'><strong>vulgato</strong></span> <span class='ocrx_word' id='word_1_900' title='bbox 2445 4383 2654 4446; x_wconf 69' lang='lat' dir='ltr'><strong>Grzeco,</strong></span> <span class='ocrx_word' id='word_1_901' title='bbox 2681 4383 2746 4436; x_wconf 85' lang='lat' dir='ltr'><strong>ad</strong></span> <span class='ocrx_word' id='word_1_902' title='bbox 2773 4383 3190 4454; x_wconf 84' lang='lat' dir='ltr'><strong>consequentia;</strong></span> <span class='ocrx_word' id='word_1_903' title='bbox 3223 4385 3357 4438; x_wconf 86' lang='lat' dir='ltr'><strong>alter</strong></span> <span class='ocrx_word' id='word_1_904' title='bbox 3391 4386 3479 4445; x_wconf 86' lang='lat' dir='ltr'><strong>ille</strong></span> <span class='ocrx_word' id='word_1_905' title='bbox 3509 4389 3683 4454; x_wconf 91' lang='lat' dir='ltr'><strong>locus,</strong></span> <span class='ocrx_word' id='word_1_906' title='bbox 3702 4406 3779 4446; x_wconf 82' lang='lat' dir='ltr'><strong>ex</strong></span> 
     </span>
    </p>
   </div>
   <div class='ocr_carea' id='block_1_117' title="bbox 2205 4452 3784 4524">
    <p class='ocr_par' dir='ltr' id='par_1_117' title="bbox 2205 4452 3784 4524">
     <span class='ocr_line' id='line_1_118' title="bbox 2205 4452 3784 4524; baseline 0.005 -16"><span class='ocrx_word' id='word_1_907' title='bbox 2205 4452 2393 4508; x_wconf 83' lang='lat' dir='ltr'><strong>lTim.</strong></span> <span class='ocrx_word' id='word_1_908' title='bbox 2421 4471 2458 4517; x_wconf 91' lang='grc' dir='ltr'><strong>ι,</strong></span> <span class='ocrx_word' id='word_1_909' title='bbox 2492 4454 2576 4514; x_wconf 75' lang='grc'><strong>14,</strong></span> <span class='ocrx_word' id='word_1_910' title='bbox 2603 4454 2668 4505; x_wconf 91' lang='lat' dir='ltr'><strong>ad</strong></span> <span class='ocrx_word' id='word_1_911' title='bbox 2705 4452 3003 4524; x_wconf 72' lang='lat' dir='ltr'><strong>marginem</strong></span> <span class='ocrx_word' id='word_1_912' title='bbox 3031 4467 3061 4506; x_wconf 89' lang='lat' dir='ltr'><strong>a</strong></span> <span class='ocrx_word' id='word_1_913' title='bbox 3114 4455 3272 4509; x_wconf 91' lang='lat' dir='ltr'><strong>nobis</strong></span> <span class='ocrx_word' id='word_1_914' title='bbox 3311 4458 3611 4524; x_wconf 87' lang='lat' dir='ltr'><strong>appositus,</strong></span> <span class='ocrx_word' id='word_1_915' title='bbox 3663 4452 3784 4516; x_wconf 81' lang='lat' dir='ltr'><strong>huc</strong></span> 
     </span>
    </p>
   </div>
   <div class='ocr_carea' id='block_1_118' title="bbox 2206 4520 3004 4579">
    <p class='ocr_par' dir='ltr' id='par_1_118' title="bbox 2206 4520 3004 4579">
     <span class='ocr_line' id='line_1_119' title="bbox 2206 4520 3004 4579; baseline -0.009 0"><span class='ocrx_word' id='word_1_916' title='bbox 2206 4525 2698 4579; x_wconf 85' lang='lat' dir='ltr'><strong>accommodandus</strong></span> <span class='ocrx_word' id='word_1_917' title='bbox 2725 4520 2902 4574; x_wconf 81' lang='lat' dir='ltr'><strong>fuerit.</strong></span> <span class='ocrx_word' id='word_1_918' title='bbox 2932 4520 3004 4574; x_wconf 82' lang='lat' dir='ltr'><strong>In.</strong></span> 
     </span>
    </p>
   </div>
   <div class='ocr_carea' id='block_1_119' title="bbox 2270 4589 3783 4663">
    <p class='ocr_par' dir='ltr' id='par_1_119' title="bbox 2270 4589 3783 4663">
     <span class='ocr_line' id='line_1_120' title="bbox 2270 4589 3783 4663; baseline 0.003 -15"><span class='ocrx_word' id='word_1_919' title='bbox 2270 4595 2380 4663; x_wconf 87' lang='grc'>(68)</span> <span class='ocrx_word' id='word_1_920' title='bbox 2411 4597 2474 4645; x_wconf 78' lang='lat' dir='ltr'><strong>Oi</strong></span> <span class='ocrx_word' id='word_1_921' title='bbox 2495 4592 2999 4663; x_wconf 58' lang='grc' dir='ltr'>ἐπαγγελλόμενοι</span> <span class='ocrx_word' id='word_1_922' title='bbox 3015 4591 3272 4663; x_wconf 67' lang='grc' dir='ltr'>Χριστοῦ</span> <span class='ocrx_word' id='word_1_923' title='bbox 3298 4589 3468 4648; x_wconf 78' lang='grc' dir='ltr'>εἶναι.</span> <span class='ocrx_word' id='word_1_924' title='bbox 3487 4595 3656 4652; x_wconf 83' lang='lat' dir='ltr'><strong>Vetus</strong></span> <span class='ocrx_word' id='word_1_925' title='bbox 3687 4600 3783 4653; x_wconf 85' lang='lat' dir='ltr'><strong>in—</strong></span> 
     </span>
    </p>
   </div>
   <div class='ocr_carea' id='block_1_120' title="bbox 2200 4662 3774 4732">
    <p class='ocr_par' dir='ltr' id='par_1_120' title="bbox 2200 4662 3774 4732">
     <span class='ocr_line' id='line_1_121' title="bbox 2200 4662 3774 4732; baseline 0.004 -16"><span class='ocrx_word' id='word_1_926' title='bbox 2200 4672 2405 4732; x_wconf 89' lang='lat' dir='ltr'><strong>terpres</strong></span> <span class='ocrx_word' id='word_1_927' title='bbox 2438 4681 2451 4716; x_wconf 93' lang='lat'>:</span> <span class='ocrx_word' id='word_1_928' title='bbox 2474 4681 2492 4713; x_wconf 78' lang='grc' dir='ltr'><strong>ι</strong></span> <span class='ocrx_word' id='word_1_929' title='bbox 2523 4662 2623 4727; x_wconf 84' lang='lat' dir='ltr'><strong>Qui</strong></span> <span class='ocrx_word' id='word_1_930' title='bbox 2647 4664 2974 4714; x_wconf 89' lang='lat' dir='ltr'><strong>annuntiant</strong></span> <span class='ocrx_word' id='word_1_931' title='bbox 2995 4677 3115 4716; x_wconf 88' lang='lat' dir='ltr'><strong>esse</strong></span> <span class='ocrx_word' id='word_1_932' title='bbox 3135 4678 3193 4716; x_wconf 87' lang='lat' dir='ltr'><strong>se</strong></span> <span class='ocrx_word' id='word_1_933' title='bbox 3221 4662 3422 4717; x_wconf 88' lang='lat' dir='ltr'><strong>Christi</strong></span> <span class='ocrx_word' id='word_1_934' title='bbox 3450 4684 3468 4718; x_wconf 88' lang='lat'><strong>»</strong></span> <span class='ocrx_word' id='word_1_935' title='bbox 3500 4669 3596 4732; x_wconf 87' lang='lat' dir='ltr'><strong>(ita</strong></span> <span class='ocrx_word' id='word_1_936' title='bbox 3620 4673 3774 4724; x_wconf 88' lang='lat' dir='ltr'><strong>enim</strong></span> 
     </span>
    </p>
   </div>
   <div class='ocr_carea' id='block_1_121' title="bbox 2201 4732 3782 4804">
    <p class='ocr_par' dir='ltr' id='par_1_121' title="bbox 2201 4732 3782 4804">
     <span class='ocr_line' id='line_1_122' title="bbox 2201 4732 3782 4804; baseline 0.006 -19"><span class='ocrx_word' id='word_1_937' title='bbox 2201 4732 2632 4804; x_wconf 79' lang='lat' dir='ltr'><strong>Magdalenensis</strong></span> <span class='ocrx_word' id='word_1_938' title='bbox 2660 4733 2851 4804; x_wconf 84' lang='lat' dir='ltr'><strong>codex,</strong></span> <span class='ocrx_word' id='word_1_939' title='bbox 2877 4747 3004 4804; x_wconf 77' lang='lat' dir='ltr'><strong>non,</strong></span> <span class='ocrx_word' id='word_1_940' title='bbox 3023 4749 3049 4804; x_wconf 67' lang='lat' dir='ltr'><strong>_r</strong></span> <span class='ocrx_word' id='word_1_941' title='bbox 3073 4747 3194 4804; x_wconf 80' lang='lat' dir='ltr'><strong>esse</strong></span> <span class='ocrx_word' id='word_1_942' title='bbox 3221 4732 3554 4804; x_wconf 74' lang='lat' dir='ltr'><strong>Christum,»</strong></span> <span class='ocrx_word' id='word_1_943' title='bbox 3582 4754 3641 4790; x_wconf 81' lang='lat' dir='ltr'><strong>Ut.</strong></span> <span class='ocrx_word' id='word_1_944' title='bbox 3665 4739 3782 4794; x_wconf 85' lang='lat' dir='ltr'><strong>Ba-</strong></span> 
     </span>
    </p>
   </div>
   <div class='ocr_carea' id='block_1_122' title="bbox 2201 4802 3775 4875">
    <p class='ocr_par' dir='ltr' id='par_1_122' title="bbox 2201 4802 3775 4875">
     <span class='ocr_line' id='line_1_123' title="bbox 2201 4802 3775 4875; baseline 0.003 -19"><span class='ocrx_word' id='word_1_945' title='bbox 2201 4802 2464 4875; x_wconf 79' lang='lat' dir='ltr'><strong>liolensis,</strong></span> <span class='ocrx_word' id='word_1_946' title='bbox 2492 4803 2815 4875; x_wconf 66' lang='lat' dir='ltr'><strong>Petavianus</strong></span> <span class='ocrx_word' id='word_1_947' title='bbox 2834 4811 2890 4875; x_wconf 81' lang='lat' dir='ltr'><strong>et</strong></span> <span class='ocrx_word' id='word_1_948' title='bbox 2911 4802 3034 4855; x_wconf 88' lang='lat' dir='ltr'><strong>libri</strong></span> <span class='ocrx_word' id='word_1_949' title='bbox 3059 4803 3230 4873; x_wconf 86' lang='lat' dir='ltr'><strong>editi).</strong></span> <span class='ocrx_word' id='word_1_950' title='bbox 3265 4802 3400 4858; x_wconf 88' lang='lat' dir='ltr'><strong>Nam</strong></span> <span class='ocrx_word' id='word_1_951' title='bbox 3426 4807 3775 4875; x_wconf 83' lang='grc' dir='ltr'>ἀπαγγελλό-</span> 
     </span>
    </p>
   </div>
   <div class='ocr_carea' id='block_1_123' title="bbox 2203 4872 3777 4945">
    <p class='ocr_par' dir='ltr' id='par_1_123' title="bbox 2203 4872 3777 4945">
     <span class='ocr_line' id='line_1_124' title="bbox 2203 4872 3777 4945; baseline 0.006 -20"><span class='ocrx_word' id='word_1_952' title='bbox 2203 4890 2373 4943; x_wconf 86' lang='grc' dir='ltr'>μενοι,</span> <span class='ocrx_word' id='word_1_953' title='bbox 2402 4873 2490 4945; x_wconf 83' lang='lat' dir='ltr'><strong>hic</strong></span> <span class='ocrx_word' id='word_1_954' title='bbox 2522 4873 2714 4945; x_wconf 76' lang='lat' dir='ltr'><strong>legisse</strong></span> <span class='ocrx_word' id='word_1_955' title='bbox 2761 4872 3002 4945; x_wconf 75' lang='lat' dir='ltr'><strong>videtur,</strong></span> <span class='ocrx_word' id='word_1_956' title='bbox 3034 4881 3093 4925; x_wconf 91' lang='lat' dir='ltr'><strong>ut</strong></span> <span class='ocrx_word' id='word_1_957' title='bbox 3123 4872 3197 4945; x_wconf 26' lang='lat' dir='ltr'><strong>et:</strong></span> <span class='ocrx_word' id='word_1_958' title='bbox 3221 4875 3381 4941; x_wconf 84' lang='lat' dir='ltr'><strong>paulo</strong></span> <span class='ocrx_word' id='word_1_959' title='bbox 3417 4872 3777 4945; x_wconf 17' lang='lat' dir='ltr'><strong>iante,&#39;cum,</strong></span> 
     </span>
    </p>
   </div>
   <div class='ocr_carea' id='block_1_124' title="bbox 2200 4941 3775 5011">
    <p class='ocr_par' dir='ltr' id='par_1_124' title="bbox 2200 4941 3775 5011">
     <span class='ocr_line' id='line_1_125' title="bbox 2200 4941 3775 5011; baseline 0.006 -16"><span class='ocrx_word' id='word_1_960' title='bbox 2200 4941 2388 5006; x_wconf 73' lang='grc' dir='ltr'>Οὐδεὶς</span> <span class='ocrx_word' id='word_1_961' title='bbox 2409 4943 2588 4995; x_wconf 84' lang='grc' dir='ltr'>πίστιν</span> <span class='ocrx_word' id='word_1_962' title='bbox 2604 4941 3092 5011; x_wconf 81' lang='grc' dir='ltr'>ἐπαγγελλόμενος,</span> <span class='ocrx_word' id='word_1_963' title='bbox 3110 4944 3360 5007; x_wconf 88' lang='lat' dir='ltr'><strong>reddidit,</strong></span> <span class='ocrx_word' id='word_1_964' title='bbox 3385 4944 3585 5000; x_wconf 68' lang='lat' dir='ltr'><strong>«Nemo</strong></span> <span class='ocrx_word' id='word_1_965' title='bbox 3605 4941 3775 5004; x_wconf 63' lang='lat' dir='ltr'><strong>fideni</strong></span> 
     </span>
    </p>
   </div>
   <div class='ocr_carea' id='block_1_125' title="bbox 2197 5013 3777 5082">
    <p class='ocr_par' dir='ltr' id='par_1_125' title="bbox 2197 5013 3777 5082">
     <span class='ocr_line' id='line_1_126' title="bbox 2197 5013 3777 5082; baseline 0.006 -16"><span class='ocrx_word' id='word_1_966' title='bbox 2197 5013 2550 5077; x_wconf 87' lang='lat' dir='ltr'><strong>annuntians;</strong></span> <span class='ocrx_word' id='word_1_967' title='bbox 2565 5032 2583 5063; x_wconf 91' lang='lat'><strong>»</strong></span> <span class='ocrx_word' id='word_1_968' title='bbox 2608 5029 2736 5075; x_wconf 88' lang='lat' dir='ltr'><strong>non,</strong></span> <span class='ocrx_word' id='word_1_969' title='bbox 2751 5021 2817 5065; x_wconf 80' lang='lat' dir='ltr'><strong>ut</strong></span> <span class='ocrx_word' id='word_1_970' title='bbox 2839 5022 3024 5066; x_wconf 88' lang='lat' dir='ltr'><strong>noster</strong></span> <span class='ocrx_word' id='word_1_971' title='bbox 3039 5016 3338 5082; x_wconf 88' lang='lat' dir='ltr'><strong>interpres:</strong></span> <span class='ocrx_word' id='word_1_972' title='bbox 3365 5015 3586 5072; x_wconf 70' lang='lat' dir='ltr'><strong>«Nullus</strong></span> <span class='ocrx_word' id='word_1_973' title='bbox 3605 5019 3777 5075; x_wconf 77' lang='lat' dir='ltr'><strong>ﬁdem</strong></span> 
     </span>
    </p>
   </div>
   <div class='ocr_carea' id='block_1_126' title="bbox 2194 5083 2758 5153">
    <p class='ocr_par' dir='ltr' id='par_1_126' title="bbox 2194 5083 2758 5153">
     <span class='ocr_line' id='line_1_127' title="bbox 2194 5083 2758 5153; baseline 0.002 -16"><span class='ocrx_word' id='word_1_974' title='bbox 2194 5083 2593 5153; x_wconf 85' lang='lat' dir='ltr'><strong>repromittens.</strong></span> <span class='ocrx_word' id='word_1_975' title='bbox 2628 5101 2647 5132; x_wconf 91' lang='lat'><strong>»</strong></span> <span class='ocrx_word' id='word_1_976' title='bbox 2684 5084 2758 5140; x_wconf 82' lang='lat' dir='ltr'><strong>lt».</strong></span> 
     </span>
    </p>
   </div>
   <div class='ocr_carea' id='block_1_127' title="bbox 2266 5151 3778 5224">
    <p class='ocr_par' dir='ltr' id='par_1_127' title="bbox 2266 5151 3778 5224">
     <span class='ocr_line' id='line_1_128' title="bbox 2266 5151 3778 5224; baseline 0.006 -19"><span class='ocrx_word' id='word_1_977' title='bbox 2266 5151 2379 5224; x_wconf 77' lang='grc'>(69)</span> <span class='ocrx_word' id='word_1_978' title='bbox 2409 5151 2790 5224; x_wconf 66' lang='grc' dir='ltr'>Γινώσκεται.</span> <span class='ocrx_word' id='word_1_979' title='bbox 2819 5151 3049 5206; x_wconf 82' lang='lat' dir='ltr'><strong>Additur</strong></span> <span class='ocrx_word' id='word_1_980' title='bbox 3071 5168 3101 5206; x_wconf 90' lang='lat' dir='ltr'><strong>a</strong></span> <span class='ocrx_word' id='word_1_981' title='bbox 3127 5162 3316 5208; x_wconf 89' lang='lat' dir='ltr'><strong>nostro</strong></span> <span class='ocrx_word' id='word_1_982' title='bbox 3339 5153 3630 5224; x_wconf 88' lang='lat' dir='ltr'><strong>interprete</strong></span> <span class='ocrx_word' id='word_1_983' title='bbox 3652 5157 3778 5214; x_wconf 70' lang='lat' dir='ltr'><strong>haec</strong></span> 
     </span>
    </p>
   </div>
   <div class='ocr_carea' id='block_1_128' title="bbox 2192 5222 3781 5297">
    <p class='ocr_par' dir='ltr' id='par_1_128' title="bbox 2192 5222 3781 5297">
     <span class='ocr_line' id='line_1_129' title="bbox 2192 5222 3781 5297; baseline 0.005 -21"><span class='ocrx_word' id='word_1_984' title='bbox 2192 5223 2449 5285; x_wconf 82' lang='grc' dir='ltr'>ἀπόδοσις</span> <span class='ocrx_word' id='word_1_985' title='bbox 2476 5237 2490 5273; x_wconf 90' lang='lat'><strong>:</strong></span> <span class='ocrx_word' id='word_1_986' title='bbox 2529 5237 2551 5270; x_wconf 81' lang='grc' dir='ltr'><strong>ι</strong></span> <span class='ocrx_word' id='word_1_987' title='bbox 2584 5222 2677 5277; x_wconf 81' lang='lat' dir='ltr'><strong>Sic</strong></span> <span class='ocrx_word' id='word_1_988' title='bbox 2704 5224 3144 5297; x_wconf 79' lang='lat' dir='ltr'><strong>repromittentes</strong></span> <span class='ocrx_word' id='word_1_989' title='bbox 3172 5222 3647 5297; x_wconf 44' lang='lat' dir='ltr'><strong>Christiani—esse,</strong></span> <span class='ocrx_word' id='word_1_990' title='bbox 3674 5244 3781 5297; x_wconf 84' lang='lat' dir='ltr'><strong>per</strong></span> 
     </span>
    </p>
   </div>
   <div class='ocr_carea' id='block_1_129' title="bbox 2193 5294 3780 5361">
    <p class='ocr_par' dir='ltr' id='par_1_129' title="bbox 2193 5294 3780 5361">
     <span class='ocr_line' id='line_1_130' title="bbox 2193 5294 3780 5361; baseline 0.006 -17"><span class='ocrx_word' id='word_1_991' title='bbox 2193 5310 2314 5361; x_wconf 76' lang='lat' dir='ltr'><strong>qua:</strong></span> <span class='ocrx_word' id='word_1_992' title='bbox 2334 5304 2628 5361; x_wconf 87' lang='lat' dir='ltr'><strong>operantur</strong></span> <span class='ocrx_word' id='word_1_993' title='bbox 2663 5294 2934 5346; x_wconf 77' lang='lat' dir='ltr'><strong>manifesti</strong></span> <span class='ocrx_word' id='word_1_994' title='bbox 2964 5302 3144 5347; x_wconf 90' lang='lat' dir='ltr'><strong>erunt.</strong></span> <span class='ocrx_word' id='word_1_995' title='bbox 3178 5294 3291 5348; x_wconf 85' lang='lat' dir='ltr'><strong>Non</strong></span> <span class='ocrx_word' id='word_1_996' title='bbox 3316 5296 3461 5349; x_wconf 93' lang='lat' dir='ltr'><strong>enim</strong></span> <span class='ocrx_word' id='word_1_997' title='bbox 3510 5294 3780 5354; x_wconf 41' lang='lat' dir='ltr'><strong>nune—re-</strong></span> 
     </span>
    </p>
   </div>
   <div class='ocr_carea' id='block_1_130' title="bbox 2191 5363 3780 5434">
    <p class='ocr_par' dir='ltr' id='par_1_130' title="bbox 2191 5363 3780 5434">
     <span class='ocr_line' id='line_1_131' title="bbox 2191 5363 3780 5434; baseline 0.004 -18"><span class='ocrx_word' id='word_1_998' title='bbox 2191 5364 2570 5434; x_wconf 83' lang='lat' dir='ltr'><strong>promissionis</strong></span> <span class='ocrx_word' id='word_1_999' title='bbox 2597 5377 2756 5431; x_wconf 85' lang='lat' dir='ltr'><strong>opus,</strong></span> <span class='ocrx_word' id='word_1_1000' title='bbox 2786 5363 2878 5417; x_wconf 87' lang='lat' dir='ltr'><strong>sed</strong></span> <span class='ocrx_word' id='word_1_1001' title='bbox 2904 5363 2954 5415; x_wconf 92' lang='lat' dir='ltr'><strong>in</strong></span> <span class='ocrx_word' id='word_1_1002' title='bbox 2986 5365 3184 5417; x_wconf 86' lang='lat' dir='ltr'><strong>virtute</strong></span> <span class='ocrx_word' id='word_1_1003' title='bbox 3210 5365 3356 5429; x_wconf 92' lang='lat' dir='ltr'><strong>ﬁdei,</strong></span> <span class='ocrx_word' id='word_1_1004' title='bbox 3387 5367 3433 5419; x_wconf 84' lang='lat' dir='ltr'><strong>si</strong></span> <span class='ocrx_word' id='word_1_1005' title='bbox 3457 5367 3581 5434; x_wconf 90' lang='lat' dir='ltr'><strong>quis</strong></span> <span class='ocrx_word' id='word_1_1006' title='bbox 3619 5368 3780 5422; x_wconf 66' lang='lat' dir='ltr'><strong>inre-</strong></span> 
     </span>
    </p>
   </div>
   <div class='ocr_carea' id='block_1_131' title="bbox 2190 5433 3779 5502">
    <p class='ocr_par' dir='ltr' id='par_1_131' title="bbox 2190 5433 3779 5502">
     <span class='ocr_line' id='line_1_132' title="bbox 2190 5433 3779 5502; baseline 0.005 -16"><span class='ocrx_word' id='word_1_1007' title='bbox 2190 5435 2372 5487; x_wconf 88' lang='lat' dir='ltr'><strong>niatur</strong></span> <span class='ocrx_word' id='word_1_1008' title='bbox 2402 5436 2456 5485; x_wconf 90' lang='lat' dir='ltr'><strong>in</strong></span> <span class='ocrx_word' id='word_1_1009' title='bbox 2484 5433 2667 5486; x_wconf 90' lang='lat' dir='ltr'><strong>ﬁnem.</strong></span> <span class='ocrx_word' id='word_1_1010' title='bbox 2706 5451 2724 5482; x_wconf 95' lang='lat'><strong>»</strong></span> <span class='ocrx_word' id='word_1_1011' title='bbox 2767 5434 2938 5499; x_wconf 82' lang='lat' dir='ltr'><strong>Cujus</strong></span> <span class='ocrx_word' id='word_1_1012' title='bbox 2989 5434 3188 5502; x_wconf 89' lang='lat' dir='ltr'><strong>prioris</strong></span> <span class='ocrx_word' id='word_1_1013' title='bbox 3236 5437 3442 5502; x_wconf 85' lang='lat' dir='ltr'><strong>periodi</strong></span> <span class='ocrx_word' id='word_1_1014' title='bbox 3475 5433 3779 5494; x_wconf 18' lang='lat' dir='ltr'><strong>isententia</strong></span> 
     </span>
    </p>
   </div>
   <div class='ocr_carea' id='block_1_132' title="bbox 2189 5502 3778 5573">
    <p class='ocr_par' dir='ltr' id='par_1_132' title="bbox 2189 5502 3778 5573">
     <span class='ocr_line' id='line_1_133' title="bbox 2189 5502 3778 5573; baseline 0.002 -16"><span class='ocrx_word' id='word_1_1015' title='bbox 2189 5503 2578 5573; x_wconf 81' lang='lat' dir='ltr'><strong>comprehensa</strong></span> <span class='ocrx_word' id='word_1_1016' title='bbox 2609 5503 2768 5556; x_wconf 90' lang='lat' dir='ltr'><strong>estin</strong></span> <span class='ocrx_word' id='word_1_1017' title='bbox 2794 5502 2997 5557; x_wconf 67' lang='lat' dir='ltr'><strong>Graecis</strong></span> <span class='ocrx_word' id='word_1_1018' title='bbox 3045 5505 3184 5568; x_wconf 84' lang='lat' dir='ltr'><strong>illis,</strong></span> <span class='ocrx_word' id='word_1_1019' title='bbox 3223 5505 3384 5572; x_wconf 88' lang='lat' dir='ltr'><strong>paulo</strong></span> <span class='ocrx_word' id='word_1_1020' title='bbox 3427 5515 3552 5560; x_wconf 87' lang='lat' dir='ltr'><strong>ante</strong></span> <span class='ocrx_word' id='word_1_1021' title='bbox 3583 5509 3651 5559; x_wconf 86' lang='lat' dir='ltr'><strong>ab</strong></span> <span class='ocrx_word' id='word_1_1022' title='bbox 3679 5507 3778 5568; x_wconf 70' lang='grc' dir='ltr'>ιιι-</span> 
     </span>
    </p>
   </div>
   <div class='ocr_carea' id='block_1_133' title="bbox 2185 5573 3774 5648">
    <p class='ocr_par' dir='ltr' id='par_1_133' title="bbox 2185 5573 3774 5648">
     <span class='ocr_line' id='line_1_134' title="bbox 2185 5573 3774 5648; baseline -0.031 31"><span class='ocrx_word' id='word_1_1023' title='bbox 2185 5584 2419 5648; x_wconf 47' lang='lat' dir='ltr'><strong>Mam-9</strong></span> <span class='ocrx_word' id='word_1_1024' title='bbox 2458 5573 2966 5648; x_wconf 62' lang='lat' dir='ltr'><strong>i&quot;°-l&quot;&quot;¥’!°£&quot;“i_5§i5</strong></span> <span class='ocrx_word' id='word_1_1025' title='bbox 3002 5593 3014 5627; x_wconf 78' lang='grc' dir='ltr'><strong>ε</strong></span> <span class='ocrx_word' id='word_1_1026' title='bbox 3044 5577 3105 5627; x_wconf 74' lang='grc' dir='ltr'><strong>οἱ</strong></span> <span class='ocrx_word' id='word_1_1027' title='bbox 3139 5574 3596 5648; x_wconf 50' lang='lat' dir='ltr'><strong>intra.me</strong></span> <span class='ocrx_word' id='word_1_1028' title='bbox 3630 5577 3774 5648; x_wconf 59' lang='grc' dir='ltr'>δει-</span> 
     </span>
    </p>
   </div>
   <div class='ocr_carea' id='block_1_134' title="bbox 2186 5638 3777 5714">
    <p class='ocr_par' dir='ltr' id='par_1_134' title="bbox 2186 5638 3777 5714">
     <span class='ocr_line' id='line_1_135' title="bbox 2186 5638 3777 5714; baseline 0.006 -20"><span class='ocrx_word' id='word_1_1029' title='bbox 2186 5638 2312 5695; x_wconf 80' lang='grc' dir='ltr'>στοῦ</span> <span class='ocrx_word' id='word_1_1030' title='bbox 2346 5639 2503 5705; x_wconf 82' lang='grc' dir='ltr'>εἶναι,</span> <span class='ocrx_word' id='word_1_1031' title='bbox 2528 5638 2627 5695; x_wconf 72' lang='grc' dir='ltr'><strong>οὐκ</strong></span> <span class='ocrx_word' id='word_1_1032' title='bbox 2658 5643 2716 5708; x_wconf 82' lang='grc' dir='ltr'>ἐξ</span> <span class='ocrx_word' id='word_1_1033' title='bbox 2747 5638 2819 5694; x_wconf 81' lang='grc' dir='ltr'>ὧν</span> <span class='ocrx_word' id='word_1_1034' title='bbox 2849 5643 3062 5711; x_wconf 85' lang='grc' dir='ltr'>λέγουσι</span> <span class='ocrx_word' id='word_1_1035' title='bbox 3097 5638 3275 5714; x_wconf 70' lang='grc' dir='ltr'>μόνον,</span> <span class='ocrx_word' id='word_1_1036' title='bbox 3298 5638 3566 5700; x_wconf 57' lang='grc' dir='ltr'><strong>⁷ἀιλλὸίκαὶ</strong></span> <span class='ocrx_word' id='word_1_1037' title='bbox 3599 5645 3663 5713; x_wconf 77' lang='grc' dir='ltr'><strong>ἐξ</strong></span> <span class='ocrx_word' id='word_1_1038' title='bbox 3685 5638 3777 5704; x_wconf 77' lang='grc' dir='ltr'><strong>’ὧν</strong></span> 
     </span>
    </p>
   </div>
   <div class='ocr_carea' id='block_1_135' title="bbox 2185 5713 2997 5783">
    <p class='ocr_par' dir='ltr' id='par_1_135' title="bbox 2185 5713 2997 5783">
     <span class='ocr_line' id='line_1_136' title="bbox 2185 5713 2997 5783; baseline 0.005 -19"><span class='ocrx_word' id='word_1_1039' title='bbox 2185 5713 2478 5782; x_wconf 72' lang='grc' dir='ltr'>πράττουσι</span> <span class='ocrx_word' id='word_1_1040' title='bbox 2511 5713 2883 5783; x_wconf 78' lang='grc' dir='ltr'>γνωρίζονται.</span> <span class='ocrx_word' id='word_1_1041' title='bbox 2924 5717 2997 5768; x_wconf 82' lang='lat' dir='ltr'><strong>lt).</strong></span> 
     </span>
    </p>
   </div>
   <div class='ocr_carea' id='block_1_136' title="bbox 2257 5783 3776 5862">
    <p class='ocr_par' dir='ltr' id='par_1_136' title="bbox 2257 5783 3776 5862">
     <span class='ocr_line' id='line_1_137' title="bbox 2257 5783 3776 5862; baseline 0.006 -28"><span class='ocrx_word' id='word_1_1042' title='bbox 2257 5785 2368 5854; x_wconf 81' lang='grc'>(70)</span> <span class='ocrx_word' id='word_1_1043' title='bbox 2417 5786 2520 5850; x_wconf 89' lang='grc' dir='ltr'>Ὃς</span> <span class='ocrx_word' id='word_1_1044' title='bbox 2537 5784 2644 5853; x_wconf 76' lang='grc' dir='ltr'>γὰρ</span> <span class='ocrx_word' id='word_1_1045' title='bbox 2676 5783 2752 5839; x_wconf 77' lang='grc' dir='ltr'><strong>ἂν</strong></span> <span class='ocrx_word' id='word_1_1046' title='bbox 2777 5783 3023 5856; x_wconf 79' lang='grc' dir='ltr'>ποιήσῃ,</span> <span class='ocrx_word' id='word_1_1047' title='bbox 3049 5801 3222 5859; x_wconf 84' lang='lat' dir='ltr'><strong>usque</strong></span> <span class='ocrx_word' id='word_1_1048' title='bbox 3258 5787 3326 5844; x_wconf 85' lang='lat' dir='ltr'><strong>ad</strong></span> <span class='ocrx_word' id='word_1_1049' title='bbox 3358 5786 3476 5844; x_wconf 79' lang='grc' dir='ltr'><strong>τῶν</strong></span> <span class='ocrx_word' id='word_1_1050' title='bbox 3513 5789 3776 5862; x_wconf 75' lang='grc' dir='ltr'>Ἐκκλη-</span> 
     </span>
    </p>
   </div>
  </div>
