4076 6402
470 349 576 405 755

1260 355 1358 408 AD
1397 355 1780 412 EPlSTOLAS
1821 359 1876 414 S.
1913 359 2169 416 lGNATli
2207 362 2559 421 GENUINAS
2596 365 2954 421 APPENDIX.

3624 369 3728 423 756

462 471 666 528 Omnes
692 473 746 526 in
781 475 954 544 gratia
981 476 1300 532 nominatim
1333 482 1758 550 'congregamiui
1791 498 2032 537 conmm-

2146 486 2443 540 ἀναστάσει
2459 488 2537 558 (9.)
2560 506 2571 517 ·
2599 489 2798 552 πάντες
2822 491 2879 540 ὲν
2893 489 3072 560 χάριτι
3089 486 3148 551 ἐξ
3169 487 3429 558 ὀνόματος
3446 486 3726 558 συναθροι-

465 563 626 630 niter,
663 566 717 618 in
752 583 859 622 una
909 569 1012 624 title
1041 567 1137 624 Dei
1178 569 1379 637 Patris,
1420 581 1474 626 et
1519 571 1646 628 Jesu
1680 573 1883 631 Christi
1919 578 2043 631 uni—

464 657 631 724 geniti
662 658 809 715 illius
848 659 992 727 Filii,
1030 676 1094 718 ac
1121 665 1462 734 primogeniti
1495 667 1666 721 omnis
1694 678 1954 723 creatura:
1972 672 2039 735 θ’,

458 748 615 816 juxta
647 764 866 805 carnem
904 768 1036 808 vero
1082 771 1148 808 ex
1195 771 1396 825 genere
1441 757 1697 826 Davidis;
1729 760 1923 815 ducem
1955 777 2042 817 se-

459 848 690 908 quentes
719 841 1098 910 Paracletum;
1143 848 1459 905 obedientes
1507 851 1768 921 episcopo
1808 862 1863 906 et
1917 870 2041 922 pre-

459 928 718 999 sbyterio,
745 943 924 990 mente
953 935 1222 992 indivulsa
1245 957 1259 1004 ;
1284 939 1598 1011 frangentes
1620 958 1817 1011 panem
1844 960 2036 1008 unum,

459 1021 553 1088 qui
576 1022 930 1090 pharmacum
983 1029 1414 1087 immortalitatis
1451 1043 1554 1098 est,
1586 1035 1892 1089 antidotum
1928 1052 2036 1092 non

460 1111 752 1180 moriendi,
777 1116 870 1170 sed
904 1118 1120 1172 vivendi
1151 1119 1204 1173 in
1241 1119 1354 1176 Deo
1387 1137 1484 1191 per
1513 1120 1698 1178 Jesum
1725 1118 2034 1192 Christum;

459 1202 918 1261 medicamentum
949 1211 1231 1279 expellens
1261 1213 1428 1266 mala.

532 1293 672 1348 XXI.
719 1294 936 1352 Utinam
975 1315 1151 1355 meam
1183 1317 1282 1371 pro
1307 1313 1486 1359 vestra
1528 1305 1686 1360 liceat
1729 1305 2038 1374 impendere

456 1383 734 1451 animam,
765 1397 818 1442 et
841 1404 940 1458 pro
976 1389 1042 1446 iis
1073 1406 1215 1460 quos
1255 1394 1323 1448 ad
1369 1395 1633 1450 honorem
1673 1396 1767 1452 Dei
1811 1399 2036 1454 misistis

458 1473 783 1545 Smyrnam;
807 1480 951 1534 unde
984 1490 1039 1537 et
1071 1483 1254 1537 scribo
1287 1485 1464 1552 vobis,
1488 1487 1694 1557 gratias
1736 1505 1903 1559 agens
1933 1490 2037 1546 Do-

459 1567 628 1635 mino,
648 1568 879 1640 diligens
906 1571 1266 1644 Polyearpnm
1292 1578 1434 1632 sicut
1456 1588 1511 1634 et
1537 1596 1654 1634 vos.
1682 1579 2036 1637 Memineritis

456 1657 587 1721 mei,
625 1669 760 1715 utet
782 1665 948 1718 vestri
983 1663 1142 1721 Jesus
1181 1668 1454 1736 Christus,
1490 1672 1808 1728 benedictus
1845 1676 1898 1728 in
1937 1691 2039 1729 sa:-

456 1751 602 1805 cula.
643 1752 806 1809 Orate
835 1772 933 1826 pro
967 1757 1211 1815 Ecclesia
1267 1763 1642 1830 Antiochena,
1687 1782 1809 1836 qua:
1851 1777 1935 1823 est
1981 1769 2032 1822 in

457 1843 649 1916 Syria;
676 1849 821 1903 unde
868 1851 1088 1908 vinetus
1134 1853 1362 1910 Romam
1394 1857 1662 1925 abdueor,
1696 1861 2030 1916 novissimus

453 1938 695 1993 ﬁdelium
721 1955 910 1996 eorum
934 1945 1028 2014 qui
1057 1946 1127 2000 ibi
1162 1958 1310 2012 sunt,
1340 1951 1801 2019 quemadmodum
1841 1954 1895 2007 in
1930 1955 2028 2010 ho-

453 2044 640 2084 norem
672 2030 767 2087 Dei
799 2034 896 2090 has
919 2045 1130 2105 gestare
1152 2050 1374 2097 catenas
1413 2043 1610 2112 dignus
1637 2043 1856 2099 habitus
1882 2062 2022 2100 sum.

456 2118 643 2178 Valete
674 2125 731 2179 in
762 2125 872 2182 Deo
897 2126 1057 2185 Patre
1087 2141 1141 2186 et
1183 2131 1414 2187 Domino
1442 2133 1569 2189 Jesu
1607 2135 1846 2201 Christo,
1870 2153 2023 2190 com-

452 2212 605 2355 rémni
635 2229 728 2283 spe
768 2226 976 2286 nostra,
1008 2220 1062 2274 in
1105 2218 1311 2290 Spiritu
1346 2232 1557 2278 sancto.
1590 2221 1792 2278 Valete.
1831 2224 2024 2278 Amen.

504 2301 640 2355 ralia
665 2308 705 2355 ².

504 2301 640 2356 ralia
665 2308 705 2358 ’.

2150 575 2305 640 ξεσθε
2337 579 2414 649 (5)
2450 582 2637 650 κοινῇ,
2671 582 2728 632 ὲν
2786 583 2884 651 μιᾷ
2927 579 3107 633 πίστει
3147 578 3282 631 Θεοῦ
3331 578 3578 650 Πατρὸς,
3633 583 3721 631 καῖ

2159 667 2333 738 Ἰησοῦ
2366 669 2603 739 Χριστοῦ
2637 669 2729 722 τοῦ
2766 668 3086 741 μονογενοῦς
3117 667 3284 723 αὑτοῦ
3319 667 3471 732 Υἱοῦ,
3505 667 3599 721 τοῦ
3636 681 3709 722 κα

2147 760 2520 824 πρωτοτόκου
2546 757 2750 826 πάσης
2775 762 3048 824 κτίσεως,
3090 759 3229 812 κατὰ
3265 759 3439 826 σάρκα
3459 758 3514 808 δὲ
3543 761 3608 810 ὲκ
3630 756 3721 823 γέ-

2148 849 2458 915 νους,Δα6ὶδ
2493 850 2914 923 ὲφοδηγούμενοι
2947 852 3052 905 ὑπὸ
3088 851 3181 903 τοῦ
3221 845 3579 920 Παρακλὴτου
3617 849 3721 918 (4)⁶

2149 941 2511 1004 ὑπακούοντες
2537 943 2618 1014 τῷ
2645 945 2932 1014 ὲπισκόπῳ
2953 944 3044 996 καὶ
3065 942 3143 1014 τῷ
3167 942 3562 1014 πρεσϐυτερίῳ,
3586 943 3723 997 άπε-

2152 1032 2433 1103 ρισπάστῳ
2461 1033 2690 1106 διανοίᾳ·
2719 1035 2814 1087 ’ἐνα
2843 1035 3005 1106 ἄρτον
3033 1033 3286 1096 κλῶντες,
3316 1033 3344 1084 ὅ
3374 1033 3488 1083 ἐστι
3513 1031 3724 1101 φάρμα-

2149 1140 2242 1176 κον
2264 1123 2580 1189 ἀθανασίας,
2603 1125 2869 1188 ἀντίδοτος
2896 1123 2990 1176 τοῦ
3030 1123 3102 1194 μὴ
3125 1122 3437 1185 ἀποθανεῖν,
3462 1120 3597 1174 ἀλλὰ
3625 1120 3724 1190 ζῇν

2150 1217 2208 1268 ὲν
2233 1215 2351 1282 Θεῷ
2383 1215 2474 1268 διὰ
2509 1216 2681 1285 Ἰησοῦ
2707 1216 2964 1285 Χριστοῦ,
2989 1216 3352 1285 καθαρτήριον
3380 1213 3720 1277 ἀλεξίκακον.

2210 1299 2352 1354 XXI.
2373 1300 2505 1372 Εἴην
2535 1302 2688 1372 ὑμῶν
2703 1301 2992 1372 ἀντίψυχον
3017 1303 3229 1374 (5),’καὶ
3245 1295 3318 1355 ὧν
3343 1301 3624 1372 ἐπέμψατε
3642 1301 3720 1372 (ὕ)

2139 1391 2218 1453 εἰς
2259 1389 2395 1443 Θεοῦ
2437 1391 2600 1462 τιμὴν
2627 1394 2706 1454 εἰς
2739 1391 2990 1464 Σμύρναν
3011 1409 3023 1420 ·
3071 1391 3192 1445 ὅθεν
3213 1391 3306 1444 καὶ
3336 1391 3532 1463 γράφω
3555 1391 3683 1461 ύμῖν
3701 1431 3718 1454 ,

2140 1484 2478 1556 εὐχαριστῶν
2515 1484 2592 1555 τῷ
2621 1485 2812 1557 Κυρίῳ
2832 1525 2846 1548 ,
2880 1484 3111 1554 ἀγαπῶν
3139 1485 3214 1557 (7)
3247 1485 3603 1555 Πολύκαρπον
3642 1483 3720 1546 ὡς

2140 1575 2232 1626 καὶ
2269 1575 2433 1645 ὑμᾶς.
2473 1574 2856 1644 Μνημονεύετέ
2891 1592 3024 1645 μου,
3056 1576 3131 1638 ὡς
3178 1574 3272 1626 καὶ
3318 1575 3472 1645 ὑμῶν
3514 1573 3720 1644 Ἰησοῦς

2139 1667 2167 1717 ὁ
2189 1666 2441 1737 Χριστὸς,
2461 1669 2490 1720 ὁ
2520 1667 2810 1736 εὐλογητὸς
2835 1669 2914 1730 εἰς
2944 1668 3069 1730 τοὺς
3093 1667 3295 1730 αἰῶνας
3313 1684 3326 1696 ·
3350 1666 3718 1738 προσεύχεσθε

2143 1759 2282 1829 ὑπὲρ
2309 1758 2411 1828 τῆς
2447 1759 2772 1829 Ἐκκλησίας
2808 1759 3122 1830 Ἀντιοχέων
3150 1760 3244 1830 τῆς
3274 1760 3332 1811 ὲν
3372 1759 3561 1829 Συρίᾳ,
3597 1757 3720 1812 ὅθεν

2136 1851 2418 1921 δεδεμένος
2467 1854 2547 1915 εἰς
2600 1852 2816 1924 Ῥώμην
2861 1853 3182 1923 ἀπάγομαι,
3211 1853 3435 1924 ἔσχατος
3484 1852 3561 1906 ὢν
3609 1852 3720 1906 τῶν

2137 1948 2254 1999 ἐκεῖ
2305 1947 2532 2010 πιστῶν,
2578 1941 2751 2017 ὅσπερ
2792 1947 2810 1977 ³
2856 1944 3097 2016 ἠξιώθην
3138 1945 3213 2013 (8)
3258 1948 3336 2008 εἰς
3383 1944 3519 1998 Θεοῦ
3553 1946 3718 2016 τιμὴν

2137 2038 2360 2110 φορέσαι
2399 2037 2627 2092 ταυτασὶ
2673 2038 2770 2098 τὰς
2819 2037 3034 2100 ἁλύσεις
3060 2037 3152 2108 (9).
3190 2037 3468 2110 Ἔρρωσθε
3508 2039 3565 2091 ἐν
3598 2037 3718 2106 Θεῷ

2139 2131 2346 2202 Πατρὶ,
2380 2131 2475 2183 καὶ
2521 2131 2710 2200 Κυρίῳ
2746 2129 2921 2200 Ἰησοῦ
2965 2129 3210 2200 Χριστῷ,
3243 2133 3307 2199 τῇ
3343 2133 3493 2200 κοινῇ
3542 2129 3716 2182 ἐλπίδι

2139 2223 2328 2292 ἡμῶν,
2383 2225 2440 2276 ὲν
2492 2223 2768 2294 Πνεύματι
2831 2224 2991 2294 ἁγίῳ.
3042 2221 3346 2293 Ἔρρωσθε.
3406 2223 3591 2294 Ἀμήν.
3647 2220 3716 2276 Ἦ

2138 2313 2296 2384 χάρις
2324 2314 2454 2384 (10)-

1707 2450 1962 2519 Ἰγνατίου
2011 2451 2274 2520 Ἐφεσίοις
2307 2452 2440 2524 (Η).

523 2587 568 2618 ’ν
596 2585 808 2640 Coloss.
836 2587 970 2650 t,|5.
1054 2588 1069 2618 ¹
1109 2588 1178 2641 al.
1214 2589 1422 2660 ὥσπερ.

522 2727 913 2807 (ﬂuxerint-:58,
941 2730 1217 2807 άᾷεᾴδςροὶΖ
1239 2732 1460 2807 ἑδραῖοι
1486 2733 1556 2807 έν
1573 2731 1651 2807 ’τῇ
1681 2734 1880 2807 πίστει
1915 2736 2016 2807 Ἰηο

447 2800 564 2850 σοῦ
598 2800 875 2870 Χριστοῦ,
920 2800 1113 2870 καὶέν
1143 2801 1217 2868 τῇ
1245 2803 1430 2855 αὐτοῦ
1471 2802 1670 2870 ἀγάπῃ
1695 2842 1709 2864 ,
1751 2803 1820 2854 ἐν
1859 2803 2030 2856 πάθει

447 2867 635 2941 αὑτοῦ
671 2869 770 2922 καὶ
800 2869 1153 2941 ἀναστάσει,
1187 2867 1318 2926 ίνοῑ.
1357 2867 1560 2939 vulgat.
1587 2889 1600 2924 :
1634 2867 1664 2923 ii
1691 2871 1841 2925 State
1875 2888 2024 2941 ergo,

450 2938 672 3000 fratres.
712 2940 853 2993 ﬁrmi
887 2940 942 2992 in
991 2941 1094 2994 title
1123 2940 1251 2996 Jesu
1299 2938 1527 3006 Christi,
1556 2951 1612 2995 et
1660 2941 1712 2994 in
1743 2938 2030 2996 dilectione

447 3008 1229 3080 ejus,atque_resurrectione,
1256 3031 1274 3063 ι
1303 3013 1578 3066 mentione
1595 3012 1868 3080 passionis
1891 3028 2027 3078 pra:-

451 3079 726 3150 termﬁissa.
757 3077 953 3134 Noster
997 3083 1126 3135 vero
1175 3083 1468 3150 interpres.
1514 3077 1658 3136 lidei.
1691 3077 2028 3144 dilectionis,

448 3149 721 3228 passionis
737 3159 790 3203 et
813 3151 1235 3228 resurrectionis
1262 3149 1537 3228 mentione
1555 3158 1765 3228 tantum
1787 3160 1992 3228 retenta
2014 3169 2027 3216 ;

448 3205 750 3291 inreliquis
769 3221 968 3273 mirum
986 3205 1251 3288 quantum
1271 3237 1298 3274 a
1319 3205 1534 3291 vulgata
1554 3223 1784 3274 lectione
1803 3205 2027 3275 recedit;
2061 3205 2102 3262 (ἶ

454 3307 472 3338 ι
506 3288 562 3341 Si
587 3305 675 3343 me
701 3289 980 3359 digniticet
1001 3291 1161 3345 Jesns
1188 3288 1443 3346 Christus
1475 3293 1528 3345 in
1556 3291 1805 3345 oratione
1827 3303 2026 3357 vestra,

447 3367 500 3412 et
527 3361 783 3432 voluntas
809 3361 910 3424 sit;
943 3362 995 3432 in
1030 3363 1272 3416 secundo
1303 3363 1487 3416 libello
1531 3376 1690 3431 quem
1724 3362 2029 3432 scripturus

448 3445 569 3483 sum
597 3431 755 3501 vobis
775 3471 790 3493 ,
827 3431 1186 3486 manifestabo
1216 3433 1371 3486 vobis
1389 3448 1551 3501 quam
1574 3431 1882 3501 inceperam
1919 3433 2030 3486 dis-

449 3500 824 3568 pensationem
868 3501 921 3555 in
972 3517 1171 3556 novum
1212 3499 1696 3556 hominomJesum
1723 3499 2024 3564 Christum,

447 3569 501 3642 in
539 3570 722 3642 ipsius
755 3571 859 3625 title
895 3581 946 3625 et
978 3573 1030 3625 in
1073 3573 1248 3642 ipsius
1292 3573 1586 3642 dilectione
1610 3615 1624 3635 ,
1666 3572 1720 3624 in
1774 3574 2028 3641 passione

446 3639 622 3763 ipinus
649 3639 1136 3765 etUresurrectione
1161 3661 1172 3695 :
1207 3644 1443 3698 maxime
1467 3645 1512 3697 si
1536 3639 1804 3697 Dominus
1831 3643 2031 3696 revelet

446 3727 518 3763 un
545 3727 603 3764 ιι.
637 3731 656 3762 ι
743 3729 890 3765 sssn.

445 3727 603 3764 ωιιιι.
637 3731 656 3762 D
698 3727 890 3768 USSER.

516 3804 594 3876 (5)
625 3804 864 3876 ᾼΠάντες
899 3806 968 3860 ἐν
1001 3807 1192 3875 χάριτι
1222 3805 1290 3870 ἐξ
1331 3807 1620 3874 ὀνόματος
1648 3805 2028 3873 συναθροίζε-

446 3874 582 3930 σθεέ
603 3874 718 3932 Vet.
751 3877 979 3945 vulgat.:
1002 3874 1030 3926 ι
1062 3877 1264 3931 Omnes
1293 3877 1346 3929 in
1377 3877 1654 3939 omnibus,
1675 3878 1726 3929 in
1752 3878 1946 3943 gratia,
1975 3878 2027 3929 in

445 3947 566 4015 ejus
591 3947 815 4000 nomine
861 3947 1304 4017 congregamini;
1349 3966 1368 3997 ι
1403 3947 1479 4001 uti
1509 3963 1609 3999 nos
1645 3962 1711 4000 ex
1756 3946 2030 4016 Magdale-

446 4019 604 4086 nensi
661 4032 766 4071 ms.
797 4015 1092 4072 edidimus:
1143 4015 1470 4070 Baliolensis
1517 4017 1662 4070 enim
1718 4018 1807 4071 hic
1855 4015 2023 4086 iegit:

452 4105 471 4136 ι
502 4083 694 4144 Omnis
719 4086 772 4140 in
799 4088 1056 4143 omnibus
1082 4089 1278 4155 gratia.
1302 4086 1359 4140 lu
1383 4087 1510 4156 ejus
1549 4087 1770 4141 nomine
1798 4083 2028 4156 congre-

447 4157 685 4226 gaminit
713 4175 731 4208 ι
766 4156 914 4210 Libri
944 4173 1072 4210 vero
1101 4157 1232 4210 editi
1261 4177 1272 4210 :
1326 4176 1344 4207 ι
1381 4155 1438 4208 In
1467 4157 1724 4210 onmibus
1759 4155 2029 4226 enim’his

447 4225 642 4295 gratia.
669 4225 728 4282 In
749 4228 868 4296 ejus
897 4228 1117 4281 nomine
1133 4226 1562 4296 congregamini,
1577 4244 1595 4276 ›
1615 4236 1722 4280 etc.
1741 4225 2028 4292 Quomodo

449 4298 603 4351 locus
635 4297 743 4364 hic,
779 4295 814 4352 a
851 4297 1198 4353 Theodoreto
1230 4298 1283 4350 in
1312 4295 1528 4365 dialogo
1557 4297 1609 4360 1,
1640 4307 1693 4350 et
1721 4295 1942 4351 Gelasio
1972 4297 2026 4349 in

447 4367 589 4426 libro
621 4365 696 4420 De
744 4367 965 4428 duabus,
1003 4367 1204 4422 Christi
1250 4369 1457 4420 naturis
1487 4367 1724 4423 citatus.
1755 4383 1786 4420 a
1825 4367 2028 4421 nostris

447 4437 600 4491 libris
629 4437 902 4506 discrepet
921 4478 936 4503 ,
969 4455 1034 4493 ex
1069 4438 1380 4502 collatione,
1407 4453 1570 4506 quam
1597 4437 1650 4489 in
1686 4435 2027 4505 Prolegome—

449 4508 536 4562 nis
571 4507 642 4561 ob
671 4510 862 4563 oculos
892 4511 1303 4579 preposuimus,
1337 4508 1518 4561 videre
1543 4507 1688 4560 licet.
1721 4506 1798 4565 lo.

516 4600 596 4671 (4)
637 4600 1138 4671 Ἑφοδηγούμενοι
1169 4599 1287 4656 ὑπὸ
1331 4598 1438 4671 τὶῖὗ
1467 4596 2032 4671 ,Παρακλὴτου-,Ρτο

452 4673 559 4733 Itis,
579 4667 775 4742 noster
805 4667 1074 4742 interpres
1101 4674 1292 4726 habet:
1323 4669 1514 4742 «JFiliu
1549 4670 1789 4742 hominis
1810 4677 1864 4721 et
1896 4667 2035 4722 Filio

451 4742 578 4808 Dei;
619 4763 637 4794 ι
678 4739 1006 4798 Theodoreti
1055 4746 1220 4797 etiam
1257 4751 1311 4796 et
1344 4741 1544 4796 Gelasii
1590 4739 1851 4795 citatione
1895 4755 2032 4792 con-

449 4818 737 4869 sentiente.
764 4812 837 4868 lo.

520 4905 598 4972 (5)
639 4905 790 4972 Εἶην
829 4903 996 4974 ὑμῶν
1035 4905 1393 4972 ἀντίψυχον.
1427 4901 1747 4972 Anglican.:
1779 4922 1796 4952 ι
1826 4899 2027 4957 Unani-

447 4975 552 5029 mis
583 4977 866 5030 vobiscum
900 4991 1019 5044 ego.
1057 4996 1074 5026 ι
1113 4974 1230 5028 Vet.
1270 4976 1509 5043 vulgat.:
1551 4994 1568 5024 ι
1606 4975 1709 5026 Pro
1742 4973 2034 5044 animabus

445 5047 648 5100 vestris
675 5062 778 5115 ego
813 5042 1038 5109 elliciar,
1073 5064 1090 5096 ι
1129 5062 1241 5115 quo
1281 5042 1512 5114 exprimi
1567 5044 1824 5115 .lacohus
1859 5042 2036 5115 Faber

447 5117 522 5170 ait
565 5113 891 5171 sententiam
940 5117 1087 5170 illam
1137 5113 1316 5181 Pauli,
1356 5113 1417 5167 ill
1460 5117 1588 5168 Cor.
1619 5131 1718 5178 xu,
1762 5114 1872 5168 15:
1922 5113 2034 5182 Ego

447 5198 624 5240 autem
650 5187 993 5240 libentissime
1020 5189 1342 5256 impendant,
1371 5198 1418 5239 et
1454 5185 1890 5256 superintpendar
1926 5185 2036 5256 ipse

445 5274 542 5328 pro
572 5258 852 5311 animabus
882 5253 1102 5312 vestris.
1123 5258 1192 5312 Et
1226 5259 1316 5312 ubi
1349 5256 1604 5328 Christus
1629 5255 1798 5321 dixit,
1840 5253 2029 5328 Matth.

449 5325 540 5392 int,
565 5329 658 5393 28,
688 5344 745 5382 se
775 5328 1032 5382 daturum
1065 5331 1305 5383 animant
1333 5343 1512 5391 suam,
1543 5325 1738 5396 λύτρον
1758 5367 1773 5390 ,
1815 5325 1928 5379 sive
1955 5341 2035 5377 re-

445 5401 763 5468 demptionis
790 5401 1041 5468 pretium,
1069 5409 1163 5467 pro
1190 5399 1408 5461 multis;
1449 5396 1786 5468 Athanasius
1818 5396 2032 5462 scribit,

445 5467 573 5525 eum
603 5467 803 5538 corpus
833 5487 992 5524 suum
1029 5471 1342 5540 avricfmxov,
1374 5469 1518 5540 velut
1545 5467 1809 5521 vicarium
1845 5481 2034 5540 succe-

447 5537 794 5610 daneumque
821 5582 835 5604 ,
869 5557 970 5610 pro
1005 5537 1190 5594 nostra
1231 5537 1438 5598 ‘salute,
1472 5539 1818 5610 in_mo_rtem
1865 5537 2035 5610 tradi-

447 5613 612 5668 disse.
650 5606 741 5665 Sic
783 5606 929 5663 enim
975 5611 1092 5676 ille,
1126 5613 1179 5665 in
1225 5612 1476 5664 oratione
1528 5608 1605 5660 Dc
1654 5606 2037 5660 Iucarnatione

462 5682 726 5735 Verbi:'0
760 5682 932 5748 Λόγος
972 5682 1065 5734 τοῦ
1097 5681 1232 5734 Θεοῦ
1278 5681 1502 5742 εἰκότως
1542 5679 1632 5731 τὸν
1677 5678 1870 5730 ἑαυτοῦ
1910 5678 2034 5731 ναὸν

447 5755 542 5808 καὶ
567 5753 624 5806 τὸ
655 5752 962 5823 σωματικὸν
981 5753 1210 5823 ὄργανον
1238 5751 1530 5822 προσάγων
1554 5749 1864 5823 άντίψῦχον,
1894 5748 2034 5823 ὑπὲρ

452 5771 542 5808 καί
567 5771 624 5806 το
655 5771 962 5823 σωματικον
981 5771 1008 5805 o
1049 5771 1210 5820 γανον
1238 5771 1530 5822 προσάγων
1554 5771 1864 5820 αντιψυχον,
1894 5771 2034 5820 υπερ

452 5825 664 5880 πάντων
713 5823 948 5896 ἐπλήρου
984 5771 1044 5878 τε
1087 5823 1435 5897 ὀφειλόμενον
1484 5825 1539 5876 ἐν
1584 5822 1659 5895 τῷ
1704 5821 1936 5895 θοι-κάτει).
1971 5820 2036 5876 Et

1503 2591 1522 2620 ³
1561 2589 1616 2643 S.
1645 2590 1805 2658 Greg.
1829 2591 1865 2644 l.
1898 2607 1970 2655 IV,
1999 2592 2155 2658 epist.
2188 2590 2340 2657 57,1.
2369 2585 2626 2658 Inter-pol.
2693 2591 2760 2647 ad
2788 2590 2972 2663 Polye.
3000 2606 3120 2662 cap.
3149 2590 3246 2646 ult.

2137 2743 2298 2802 post:
2343 2733 2430 2797 Ὦς
2465 2733 2769 2800 πρόϐατον,
2808 2735 2947 2803 ὑπὲρ
2993 2731 3093 2800 τῆς
3140 2731 3354 2803 πάντων
3401 2729 3708 2803 σωτηρία-ς,

2135 2798 2426 2872 ἆντίψυχον
2465 2798 2526 2855 τὸ
2569 2803 2762 2855 ἑαυτοῦ
2805 2798 2962 2872 σῶμα
3011 2798 3090 2864 εἷς
3133 2802 3358 2854 θάνατον
3412 2798 3706 2872 παραδούς.

2136 2870 2484 2943 (Ζυίηοιίὶιιιὰ
2513 2870 2899 2943 Chrysostomi
2930 2873 3117 2943 adjicit
3147 2873 3199 2924 in
3231 2870 3708 2943 Adversariis‘snis

2136 2943 2196 2996 D.
2229 2942 2588 2995 Casaubonns
2615 2941 2641 2994 ί
2675 2942 2907 2995 Δύναται
2942 2941 3202 3012 πολλάκις
3245 2942 3342 3012 μία
3385 2941 3709 3012 κερδηθεῖσα

2131 3012 2276 3096 ψύχλὴ
2307 3012 2514 3096 μυρίων
2535 3012 2696 3096 ογκρν
2729 3011 3140 3096 ἁμαρτημάτων
3168 3010 3427 3096 άφανίσαι
3447 3010 3710 3096 ,λκαὶμγεξ

2132 3029 2276 3082 ψύχη
2307 3029 2514 3082 μυριων
2535 3029 2696 3077 ογκον
2729 3029 3140 3131 αμαρττὲματων
3168 3029 3427 3078 αφανισαι
3447 3052 3459 3073 ,
3497 3029 3591 3062 και
3619 3029 3709 3078 γε-

2132 3067 2318 3134 νέσθαι
2362 3084 2492 3203 ημῖν
2536 3082 2825 3150 ἁντίψυχον
2853 3099 2909 3132 εν
2968 3082 3118 3161 κείνῃ
3152 3083 3215 3148 τῇ
3257 3079 3444 3158 ᾑμέρᾳ
3473 3085 3642 3154 (orat.
3675 3080 3709 3132 5

2137 3152 2336 3203 Contra
2424 3152 2634 3203 udwos.
2667 3161 2799 3203 tom.
2843 3149 2940 3203 VI.
2979 3152 3108 3202 edit.
3146 3150 3335 3203 Savnl..
3380 3165 3503 3203 pag.
3543 3149 3704 3203 565i.

2424 3152 2634 3213 udwos,
2667 3149 2799 3205 tom.
2843 3149 2940 3212 VI,
2979 3149 3116 3202 edit.
3146 3149 3335 3212 Savil.,
3378 3149 3503 3216 pag.
3543 3149 3704 3213 565).

2138 3220 2334 3275 Vocem
2366 3222 2508 3274 hanc
2538 3222 2646 3290 hie,
2671 3230 2726 3274 ct
2753 3222 2805 3274 in
2836 3219 3080 3290 Epistola
3111 3221 3180 3272 ad
3208 3217 3516 3290 Sutyrna’os
3548 3235 3708 3290 usur-

2133 3301 2225 3360 pat
2263 3306 2557 3362 germanus
2603 3287 2892 3362 lgnatiust
2913 3290 3004 3344 sed
3047 3290 3168 3362 ejus
3205 3287 3449 3340 imitator
3477 3287 3729 3362 sa'pius—“

2132 3357 2291 3416 cule':
2329 3369 2389 3414 ut
2418 3357 2868 3430 inj’l'olegtimen.
2896 3374 3017 3430 cap.
3046 3358 3079 3412 5
3101 3368 3185 3412 est
3210 3368 3478 3430 nolatum_.
3506 3357 3578 3430 lt).

2205 3432 2280 3500 (6)
2321 3430 2429 3484 Καὶ
2469 3425 2557 3483 ὧν
2600 3423 2922 3500 ἐᾶἐμψατε.
2957 3429 3076 3500 vet.
3113 3430 3313 3497 vulgat.
3345 3443 3408 3500 :_¢
3441 3425 3504 3500 _Et
3542 3423 3709 3500 [ejus]

2135 3494 2294 3570 quem
2323 3501 2584 3556 misistis:
2625 3521 2643 3550 ι
2683 3494 2851 3554 vel—ut
2876 3516 2979 3553 ms.
3013 3494 3334 3570 Petavianus
3369 3494 3566 3570 habet}
3600 3515 3615 3545 ι
3643 3494 3710 3549 Et

2135 3565 2256 3640 qua:
2289 3572 2535 3628 misistis.
2568 3571 2772 3640 LAlter
2821 3586 2949 3624 vero
2990 3567 3364 3640 interpres,_in
3403 3565 3461 3640 li.
3493 3565 3708 3640 Monta—_

2134 3636 2264 3696 cutii
2296 3642 2505 3703 codice,
2538 3659 2554 3691 ι
2582 3638 2648 3693 Et
2668 3657 2830 3709 quem
2856 3641 3086 3694 misistis
3110 3636 3166 3693 .3
3198 3639 3251 3690 in
3271 3636 3710 3709 Cantabrigiensi

2133 3729 2261 3765 vero
2294 3728 2421 3766 ms.:
2459 3730 2475 3762 ι
2501 3709 2565 3764 Et
2587 3707 2725 3780 quos
2753 3711 3000 3780 misistis,
3036 3731 3054 3761 ι
3092 3709 3178 3763 eui
3211 3707 3428 3780 lectioni
3481 3717 3712 3780 u_terque

2133 3783 2308 3836 codex
2335 3782 2557 3835 Graicus
2599 3773 2776 3845 l'avet,
2807 3790 2862 3834 et
2936 3778 3391 3848 Nydpruccianus
3431 3792 3460 3828 a
3501 3773 3713 3848 Joanne

2133 3853 2437 3915 Brnnuero,
2463 3862 2516 3903 et
2544 3840 2900 3920 Augustalius
2921 3868 2950 3904 a
2979 3840 3265 3920 Valentino
3291 3846 3478 3920 Pa_e:e_o
3505 3846 3706 3920 editus.

2134 3922 2362 3975 Fallitur
2392 3922 2537 3975 enim
2572 3916 2885 3990 M_:Estrreus,
2919 3921 3012 3990 qui
3045 3919 3294 3973 Pacaeunt
3319 3917 3397 3970 ait
3433 3916 3628 3985 legisse
3657 3917 3710 3969 in

2133 3992 2416 4060 singulari,
2448 3991 2542 4045 καὶ
2575 3985 2635 4043 οῦ
2665 3985 2968 4060 ἐπέμψατε.
3006 3992 3084 4046 lt).

2206 4062 2283 4129 (7)
2329 4060 2620 4132 Ἀγιιπῶν.
2655 4060 2730 4115 lta
2770 4061 2998 4132 Creticus
3049 4062 3431 4132 _A_ngustanus;
3469 4064 3522 4108 et
3554 4067 3709 4109 uter-

2131 4147 2238 4200 que
2261 4128 2414 4186 vetus
2449 4133 2714 4200 interpres
2768 4130 3013 4185 Latinus.
3049 4128 3496 4198 Nydpruceianus
3529 4135 3712 4179 tamen

2131 4203 2301 4258 Codex
2336 4203 2483 4269 legit,
2516 4200 2736 4270 ἀγαπῶ.
2770 4201 2848 4254 ΙΙ)-

2203 4273 2281 4342 (8)
2315 4267 2544 4340 ’Ὂονπερ
2568 4267 2852 4338 ἠξιώθην.
2892 4272 3122 4341 Ὥσπερ,
3159 4269 3320 4342 habet
3346 4267 3709 4342 idemrodex,

2131 4354 2184 4395 et
2214 4338 2482 4410 interpres
2506 4338 2760 4396 onoster:
2801 4361 2818 4391 ι
2858 4338 3318 4410 quemadmodum
3363 4338 3713 4408 dignilicatus

2134 4429 2278 4466 sum.
2319 4433 2337 4463 ι
2373 4411 2441 4463 lu.

2208 4483 2284 4548 (9)
2317 4486 2421 4548 Εἰς
2452 4482 2598 4536 Θεοῦ
2639 4482 2816 4551 τιμὴ-ν
2847 4482 3095 4550 φορέσαι
3138 4477 3526 4551 ταυτασὶ-τὰς

2137 3152 2336 3204 Contra

2064 4541 2107 4596 D
2138 4541 2285 4617 σειςξ
2320 4541 2465 4606 Idem
2497 4541 2802 4619 interpres:
2835 4541 2864 4602 ι’
2895 4541 2946 4604 in
2975 4553 3235 4604 honorem
3273 4549 3361 4600 Dei
3401 4541 3654 4608 inveniri,
3689 4566 3707 4596 ι

2137 4625 2229 4676 St'tl
2268 4633 2422 4677 vetus
2478 4623 2732 4692 vulgatus
2755 4663 2770 4686 ,
2824 4631 2883 4676 ut
2939 4622 2992 4675 in
3026 4622 3252 4676 Graeco:
3307 4639 3323 4668 σ
3358 4619 3411 4670 III
3443 4619 3708 4672 honorem

2138 4693 2228 4745 Dei
2265 4694 2362 4746 has
2396 4693 2622 4745 sull'erre
2651 4701 2890 4747 catenas.
2921 4713 2938 4742 ι
2981 4693 3055 4745 In.

2211 4764 2322 4831 (l0)
2373 4762 2580 4830 Ἀμήν.
2615 4763 2684 4815 ἸΙ
2704 4761 2894 4831 χάρις.
2939 4763 3002 4814 Ἡ
3061 4762 3250 4832 χάρις,
3303 4774 3408 4811 non
3457 4759 3633 4832 solum
3683 4775 3715 4832 ιι

2139 4830 2327 4886 Crazco
2362 4833 2778 4902 Nydprucciauo
2833 4834 3022 4886 codice
3063 4830 3263 4892 abest,
3307 4833 3398 4882 sed
3440 4830 3603 4902 etiam
3644 4830 3715 4880 ab

2140 4913 2371 4971 utroque
2403 4900 2581 4956 vetere
2607 4901 2802 4956 Latino
2834 4904 3146 4971 interprete.
3191 4900 3496 4971 Augustatti
3531 4909 3711 4951 tamen

2136 4969 2342 5029 codicis
2399 4974 2684 5028 lectionem
2724 4969 3013 5027 conﬁrmat
3054 4969 3396 5041 Gregorinsl
3433 4969 3714 5041 Rullianus

2135 5046 2450 5114 episcopus,
2485 5044 2536 5097 in
2565 5043 2769 5113 Regest.
2799 5045 2891 5098 lib.
2922 5062 2995 5105 Iv,
3021 5040 3213 5114 indict.
3241 5043 3326 5114 173,
3358 5041 3518 5114 epist.
3539 5040 3616 5114 Δ57
3639 5041 3711 5114 ad

2135 5110 2487 5169 Attastasiutn
2523 5120 2573 5183 (ο
2603 5110 3019 5169 successoribus
3049 5113 3239 5182 lgnalii
3266 5113 3319 5183 in
3358 5111 3485 5164 sede
3524 5110 3715 5183 Atiliu-

2139 5187 2310 5240 chena
2342 5180 2540 5247 unum)
2561 5185 2641 5240 sic
2669 5187 2973 5240 rescribens
3002 5203 3014 5238 :
3051 5180 3236 5237 A—men.
3267 5181 3473 5234 Gratia.
3527 5198 3543 5229 ι
3581 5180 3714 5244 Qua:

2135 5257 2386 5310 videlicet
2419 5257 2578 5309 verba
2607 5297 2620 5319 ,
2657 5256 2724 5309 de
2761 5257 2976 5323 scriptis
3005 5262 3203 5308 vestris
3238 5263 3478 5323 accepta,
3509 5249 3714 5302 ideirco

2137 5330 2189 5380 in
2235 5329 2370 5380 meis
2401 5328 2648 5395 epistolis
2677 5342 2821 5394 pono
2844 5322 2953 5388 ,θυι
2981 5327 3047 5379 de
3071 5335 3262 5377 saneto
3297 5322 3504 5391 lgnatio
3531 5332 3711 5395 vestra

2136 5393 2774 5466 beatitudo'cognostmt,
2803 5397 2933 5466 quia
2982 5413 3091 5449 non
3139 5395 3314 5448 solum
3354 5403 3531 5446 vester
3557 5435 3572 5457 ,
3616 5393 3711 5445 sed

2135 5469 2296 5522 etiam
2327 5465 2582 5520 noster.)
2616 5465 2686 5518 lo.

2207 5539 2319 5608 (H)
2363 5539 2653 5606 Ἰγνίιτίου
2697 5538 3019 5608 Ἐφεσίοις,
3065 5556 3082 5586 ι
3117 5536 3244 5590 ilice
3281 5536 3390 5589 duo
3434 5541 3713 5608 postrema

2133 5606 2422 5672 voeabula,
2462 5610 2724 5677 quoniam
2752 5621 2864 5662 tum
2895 5609 2949 5660 in
2981 5607 3172 5661 Gra‘eo
3193 5647 3208 5669 ,
3242 5617 3355 5660 tum
3395 5606 3533 5677 apud
3570 5612 3713 5655 vete-

2138 5697 2250 5733 rem
2297 5676 2644 5747 interpretem
2681 5679 3059 5746 reperiuntur,
3104 5678 3232 5732 huic
3269 5676 3514 5747 epistolm
3555 5689 3715 5747 eoru—

2138 5751 2280 5804 nidis
2318 5742 2454 5802 loco-
2490 5742 2871 5817 subjungenda
2905 5750 3257 5801 curavimus:
3298 5742 3316 5796 ἰ
3365 5746 3538 5812 inquit
3575 5742 3714 5795 Mar-

2138 5822 2283 5878 tialis
2320 5820 2634 5876 Ma'straeus.
2673 5821 2739 5873 At
2789 5836 2968 5890 neque
3003 5820 3146 5890 apud
3175 5828 3410 5874 veterem
3452 5820 3716 5885 interpr-ev
