4076 6412
471 340 572 395 759

1265 343 1355 396 AD
1395 341 1775 398 EPISTOLAS
1811 343 1868 398 S.
1911 342 2173 399 'IGNATII
2206 342 2553 401 GENUINAS
2591 343 2950 400 APPENDIX.

3617 351 3718 403 760

471 459 604 514 Deo.
637 459 1092 531 Quandoquidem
1119 478 1218 515 non
1249 463 1470 533 ιονιξ]ιυὶ
1499 475 1618 518 sunt
1650 467 1930 535 sapientes,
1957 483 2044 520 ne-

2152 483 2305 536 νησιν
2533 467 2763 539 ἐπείπερ
2807 469 2919 536 οὺχ
2961 469 3015 520 οὶ
3052 468 3438 534 πολυχρόνιοι
3465 469 3583 521 εισι
3617 486 3715 521 σο-

469 567 568 621 que
596 569 741 606 senes
768 555 948 606 sciunt
979 555 1351 622 prudentiam;
1383 555 1473 608 sed
1500 557 1720 624 spiritus
1760 569 1835 610 est
1863 559 1917 610 in
1944 558 2040 610 Ito-

473 645 702 697 minibus
723 647 764 698 ⁷.
803 643 994 698 Daniel
1025 647 1168 700 enim
1198 647 1286 700 ille
1315 647 1555 716 sapiens,
1598 663 1721 702 cum
1755 649 2040 704 duodecim

469 743 614 788 esset
643 750 936 802 annorum,
969 735 1174 805 Spiritu
1209 739 1396 793 divino
1422 739 1633 794 afﬂatus
1663 748 1780 806 est;
1805 749 1860 794 et
1884 755 2041 796 senes

469 824 675 878 frustra
707 825 963 879 canitiem
994 826 1251 890 ferentes,
1289 829 1716 884 calumniatores
1753 845 1818 884 ac
1853 830 2042 886 aliena:

469 915 659 970 formae
692 927 1008 986 appetentes
1054 934 1176 974 esse
1216 921 1528 990 coarguit“.
1566 921 1787 977 Samuel
1827 932 2039 987 autem,

471 1009 732 1078 parvulus
757 1024 999 1079 quoque,
1029 1009 1164 1065 Elim
1201 1014 1630 1082 nonagenarium
1674 1014 2040 1083 reprehendit,

471 1100 617 1168 quod
643 1116 776 1155 suos
803 1100 943 1155 ﬁlios
969 1101 1079 1156 Deo
1104 1102 1382 1170 praeferret
1407 1105 1466 1156 “.
1496 1103 1756 1159 Similiter
1775 1103 2042 1162 Jeremias

470 1189 624 1242 audit
653 1205 684 1242 a
715 1187 825 1244 Deo
853 1209 866 1243 :
905 1190 1034 1244 Noli
1071 1193 1244 1246 dicere
1266 1194 1390 1264 quia
1423 1194 1610 1264 junior
1636 1212 1754 1250 sum
1778 1197 1841 1250 ¹².
1887 1195 2043 1251 Salo-

468 1295 601 1334 mon
634 1297 761 1335 vero
787 1291 840 1336 et
868 1280 1080 1347 Josias,
1110 1283 1200 1338 ille
1230 1284 1472 1353 quidem,
1515 1285 1840 1340 duodecimo
1867 1287 2041 1341 inlatis

472 1387 618 1426 anno
660 1388 888 1444 regnare
937 1374 1226 1443 incipiens,
1259 1375 1391 1430 illud
1438 1376 1678 1430 terribile
1719 1385 1774 1430 et
1809 1377 2039 1430 arduum

469 1464 767 1532 explicata,
811 1464 865 1516 in
897 1464 1185 1517 mulierum
1233 1465 1300 1519 de
1345 1463 1650 1520 infantibus
1687 1480 1853 1520 causa
1894 1466 2042 1536 judi-

470 1554 616 1607 cium
672 1553 885 1619 tulit";
939 1553 1026 1608 hic
1072 1569 1222 1618 vero,
1261 1563 1389 1609 octo
1439 1564 1601 1610 natus
1636 1570 1840 1619 annos,
1888 1556 2042 1626 regni

469 1644 856 1711 gubernaculis
903 1645 1180 1711 admotus,
1228 1661 1352 1700 aras
1381 1655 1434 1701 et
1475 1647 1670 1716 templa
1709 1647 1943 1717 disjecit,
1987 1657 2043 1703 et

2143 559 2264 626 φοὶ,
2301 559 2444 612 οὐδὲ
2470 562 2523 612 οἱ
2550 558 2821 628 γέροντες
2846 559 3194 611 ἐπίστανται
3230 559 3514 612 σύνεσινο
3558 559 3722 614 ἀλλὰ

2145 649 2383 718 πνεῦμά
2405 651 2574 704 ἐστιν
2599 652 2670 703 ἐν
2689 650 2932 718 βροτοῖς
2960 650 3091 721 (26).
3129 651 3325 721 Δανιὴλ
3350 649 3462 722 (27)
3497 651 3592 720 μὲν
3612 651 3721 722 γὰρ

2145 743 2172 793 6
2203 741 2384 809 σοφὸς,
2422 740 2754 811 δωδεκαετὴς
2785 740 2894 810 (28)
2918 739 3105 807 γέγονε
3127 739 3353 810 κάτοχος
3367 738 3444 810 τῷ
3460 738 3588 809 θείῳ
3609 738 3721 812 (29)

2151 833 2450 904 Πνεύματι,
2476 832 2568 886 καὶ
2599 833 2726 895 τοὺς
2757 831 2930 902 μάτην
2953 830 3051 902 τὴν
3081 831 3273 885 πολιὰν
3306 831 3569 903 φέροντας
3596 847 3722 901 πρε-

2147 924 2368 988 σϐύτας,
2405 923 2749 993 συκοφάντας
2775 923 2868 974 καὶ
2895 920 3236 993 ἐπιθυμητὰς
3275 920 3551 994 ἀλλοτρίου
3587 919 3722 974 κάλ-

2142 1017 2267 1079 λους
2305 1014 2615 1087 ἀπήλεγξε⁹
2649 1014 2791 1086 (50)·
2839 1014 3092 1086 Σαμουὴλ
3133 1013 3189 1067 δὲ
3216 1014 3501 1085 παιδάριον
3539 1012 3598 1066 ὃν
3626 1030 3719 1083 μι-

2144 1109 2295 1180 κρὸν,
2323 1109 2414 1162 τὸν
2445 1106 2895 1179 ἐννενηκονταετῆ
2925 1105 3072 1159 Ἠλεὶ
3090 1105 3132 1137 ¹⁰
3161 1103 3555 1176 διελέγχει,τοῢ
3581 1103 3720 1157 Θεοῦ

2145 1200 2580 1270 προτετιμηκότα
2603 1200 2729 1262 τοὺς
2755 1196 2949 1250 ἑαυτοῦ
2977 1197 3197 1260 παῖδας·
3222 1196 3481 1259 ὡσαύτως
3507 1197 3602 1248 καὶ
3633 1197 3723 1248 Ἱε-

2147 1292 2338 1362 ρεμίας
2365 1290 2552 1344 ἀκούει
2576 1291 2711 1362 πρὸς
2732 1288 2826 1342 τοῦ
2854 1287 2990 1341 Θεοῦ
3007 1305 3019 1318 ’
3045 1288 3140 1355 Μὴ
3161 1287 3301 1358 λέγε
3329 1287 3418 1341 ὅτι
3436 1287 3721 1356 νεώτερός

2142 1384 2279 1450 εἰμι.
2317 1379 2569 1451 Σολομῶν
2597 1379 2674 1442 δὲ,
2713 1379 2806 1431 καὶ
2842 1377 3050 1440 Ἰωσίας
3081 1376 3188 1448 (51)
3209 1394 3222 1406 ·
3254 1379 3282 1430 6
3309 1377 3428 1449 μὲν,
3457 1377 3722 1430 δωδεκαε-

2141 1472 2239 1543 τὴς
2273 1468 2616 1542 βασιλεύσας,
2661 1470 2758 1542 τὴν
2789 1469 3030 1541 φοϐερὰν
3069 1468 3282 1540 ἐκείνην
3323 1468 3418 1521 καὶ
3449 1466 3722 1537 δυσερμή-

2144 1579 2326 1616 νευτον
2370 1563 2463 1615 ἐπὶ
2501 1565 2626 1625 ταῖς
2653 1559 2866 1630 γυναιξί)¹
2910 1559 3091 1632 κρίσιν
3129 1558 3293 1612 ἕνεκα
3337 1556 3444 1610 τῶν
3491 1555 3720 1609 παιδίων

2145 1656 2464 1727 ἐποιήσατο·
2485 1656 2513 1708 6
2543 1653 2618 1719 δὲ,
2653 1653 2915 1725 ὀκταετὴς
2937 1652 3124 1724 ἄρξας,
3149 1653 3274 1714 τοὺς
3295 1650 3510 1721 βωμοὺς
3533 1647 3722 1703 καὶτὰ

470 1737 628 1789 lucos
652 1737 990 1803 combussit;
1022 1737 1363 1793 damonibus
1403 1740 1548 1792 enim
1580 1747 1758 1805 erant,
1790 1756 1896 1794 non
1934 1739 2043 1794 Deo

2144 1746 2344 1818 τεμένη
2373 1745 2705 1816 κατέρῤιπτε
2754 1744 2888 1815 (52),
2929 1742 3116 1798 καὶτὰ
3159 1743 3296 1813 ἄλση
3325 1742 3716 1811 κατεπίμπρα·

469 1837 820 1892 consecrata;
851 1837 903 1882 et
935 1827 1102 1884 falsos
1135 1829 1468 1895 sacerdotes,
1512 1838 1572 1884 ut
1597 1840 1948 1900 corruptores
1986 1841 2040 1886 ct

2142 1808 2356 1907 δαξμοσι
2383 1836 2490 1909 γὰρ
2510 1808 2622 1907 ἦν,
2667 1808 2782 1890 ἀλλ’
2812 1808 2871 1888 ού
2904 1835 3020 1906 Θεῷ
3054 1808 3388 1905 ἀνακείμενα
3407 1851 3420 1864 ο
3467 1808 3560 1886 καὶ
3592 1808 3719 1896 τοὺς

467 1919 784 1989 deceptores
826 1922 1133 1982 hominum.
1172 1938 1282 1976 non
1316 1920 1629 1978 Divinitatis
1661 1923 1920 1990 cultores,
1945 1923 2038 1993 ju-

468 2013 673 2082 gulavit
698 2014 758 2067 ".
787 2013 1360 2084 Adolescentiaigitur
1384 2029 1492 2070 non
1516 2024 1598 2071 est
1619 2016 2037 2080 contemnenda,

467 2105 686 2172 quoties
715 2103 826 2159 Deo
850 2106 1030 2160 dedita
1072 2115 1503 2176 consecrataque
1527 2106 1690 2162 fuerit
1721 2125 1734 2161 :
1776 2123 1965 2162 verum
1993 2107 2040 2162 is

465 2200 897 2254 contemnendus
950 2200 1044 2269 qui
1075 2214 1244 2268 pravo
1283 2210 1368 2254 est
1401 2201 1604 2266 animo,
1644 2202 1858 2256 tametsi
1899 2205 2040 2256 inve-

467 2299 667 2344 teratus
692 2289 765 2343 sit
793 2289 999 2343 dierum
1022 2291 1287 2343 malorum
1312 2289 1374 2342 ¹⁷.
1406 2288 1632 2345 Juvenis
1668 2301 1786 2346 erat
1805 2290 2039 2346 Christi-

465 2399 628 2454 gerus
653 2381 972 2438 Timotheus
1001 2401 1015 2437 :
1057 2398 1243 2437 verum
1269 2382 1398 2450 quid
1423 2383 1503 2436 illi
1529 2383 1788 2454 magister
1809 2383 2035 2449 scribat,

467 2474 701 2529 audiatis
729 2493 742 2527 :
784 2473 950 2528 Nemo
979 2474 1384 2528 adolescentiam
1415 2485 1564 2528 tuam
1587 2485 1884 2530 contemnat
1901 2493 1921 2541 ;
1948 2477 2038 2530 sed

465 2565 758 2634 exemplum
789 2575 897 2617 esto
932 2565 1170 2634 ﬁdelium
1199 2566 1253 2617 in
1285 2564 1460 2631 verba,
1485 2566 1539 2618 in
1562 2567 1952 2622 conversatione
1971 2568 2032 2622 ¹⁸.

471 2658 631 2713 Decet
659 2659 842 2725 itaque
865 2666 920 2709 et
963 2671 1059 2710 vos
1087 2656 1309 2710 obedire
1336 2656 1596 2726 episcopo
1639 2667 1854 2721 vestro,
1886 2669 1942 2712 et
1982 2659 2036 2713 in

467 2749 618 2802 nullo
646 2748 722 2801 illi
751 2747 1041 2813 refragari;
1076 2746 1318 2800 terribile
1341 2763 1576 2814 namque
1596 2757 1677 2803 est
1695 2750 1788 2802 tali
1821 2759 2039 2804 contra-

465 2840 676 2904 dicere;
708 2854 806 2892 nec
829 2839 974 2892 enim
1006 2838 1205 2906 aliquis
1233 2839 1377 2892 hunc
1404 2836 1543 2892 fallit
1570 2840 1663 2907 qui
1690 2840 1921 2905 videtur,
1944 2841 2037 2895 sed

468 2931 794 2984 invisibilcm
825 2930 1018 2994 illudit,
1049 2944 1173 2983 eum
1207 2930 1300 2998 qui
1336 2945 1444 2983 non
1482 2938 1660 2998 potest
1697 2945 1728 2983 a
1762 2944 2037 2998 quoquam

467 3022 643 3082 illudi.
677 3021 832 3087 Quod
867 3029 1046 3076 autem
1081 3021 1349 3090 ejusmodi
1377 3027 1482 3084 est,
1510 3036 1618 3073 non
1646 3020 1712 3074 ad
1738 3021 2036 3086 hominem,

2141 1929 2442 2001 ψευδιερεῖς
2467 1927 2836 1996 κατέσφαττεν
2865 1926 2999 1998 (55),
3023 1925 3099 1990 ὡς
3115 1925 3181 1979 ἂν
3203 1925 3437 1997 φθορέας
3459 1923 3552 1978 κα)⁵
3576 1925 3720 1977 ἀπα-

2139 2019 2343 2083 τεῶνας
2367 2018 2688 2090 ἀνθρώπων,
2719 2017 2833 2070 ἀλλ’
2861 2018 2920 2071 οὐ
2953 2017 3224 2088 θειότητος
3256 2016 3580 2088 λατρευτάς·
3603 2033 3718 2069 τοι·-

2139 2111 2343 2183 γαροῦν
2365 2111 2425 2163 ού
2452 2111 2512 2163 τὸ
2530 2110 2647 2163 νέον
2673 2111 2915 2178 εύκαταφ
2924 2109 3162 2180 ρόνητον,
3179 2109 3256 2161 ὅτ’
3274 2108 3339 2161 ἂν
3361 2105 3480 2177 Θεῷ
3502 2107 3721 2161 ἀνακεί-

2143 2221 2300 2275 μενον
2459 2202 2572 2256 ὰλλ’
2598 2205 2626 2256 6
2661 2202 2761 2274 τὴν
2798 2200 3022 2273 γνώμην
3070 2199 3339 2272 μοχθηρὸς
3361 2199 3403 2231 ¹⁸
3445 2199 3582 2269 (54),
3616 2201 3719 2253 κᾶν

2139 2293 2627 2364 πεπαλαιωμένος
2645 2295 2687 2326 ¹⁶
2778 2292 3013 2363 ἡμερῶν
3030 2291 3248 2346 κακῶν.
3283 2292 3420 2355 Νέος
3442 2287 3510 2362 ἦν
3535 2293 3563 2344 6
3585 2293 3718 2361 Χρι-

2141 2386 2400 2458 στοφόρος
2425 2384 2713 2456 Τιμόθεος
2751 2383 2862 2438 ἀλλ’
2890 2382 3158 2437 ἀκούσατε
3178 2378 3265 2437 οἷα
3291 2381 3491 2453 γράφει
3521 2379 3667 2450 αὐτῷ
3688 2382 3717 2432 6

2137 2476 2482 2540 διδάσκαλοςο
2535 2475 2758 2544 Μηδείς
2797 2490 2913 2529 σου
2955 2474 3064 2543 τῆς
3098 2474 3380 2540 νεότητος
3429 2488 3718 2539 καταφρο-

2138 2570 2329 2632 νείτω,
2367 2568 2530 2622 ἀλλὰ
2557 2567 2744 2634 τύπος
2773 2566 2944 2637 γίνου
2980 2565 3097 2620 τῶν
3135 2563 3384 2627 πιστῶν,
3415 2562 3484 2617 ἐν
3520 2563 3713 2632 λόγῳ,

2137 2661 2207 2713 ἐν
2233 2658 2605 2729 ἀναστροφῇ.
2635 2659 2851 2731 Πρέπον
2875 2652 2968 2710 οὖν
2990 2660 3108 2711 ἐστι
3133 2658 3228 2711 καὶ
3257 2657 3401 2728 ὑμᾶς
3423 2654 3716 2709 ὑπακούειν

2137 2751 2215 2822 τῷ
2244 2752 2525 2822 ὲπισκόπῳ
2573 2751 2748 2822 ὑμῶν,
2797 2749 3056 2804 καὶκατὰ
3105 2748 3266 2820 μηδὲν
3311 2746 3460 2817 αὐτῷ
3504 2745 3714 2800 ἀντιλέ-

2137 2859 2256 2910 γειν
2284 2842 2422 2913 (55)·
2470 2843 2697 2913 φοϐερὸν
2732 2843 2841 2913 γάρ
2880 2844 2996 2894 ἐστι
3021 2839 3099 2910 τῷ
3127 2839 3352 2909 τοιούτῳ
3378 2837 3677 2905 ἀντιλέγειν
3697 2853 3710 2865 ·

2138 2932 2198 2983 ού
2222 2929 2330 3002 γὰρ
2367 2931 2576 2984 τουτονὶ
2604 2930 2696 2984 τὸν
2738 2929 3066 2999 βλεπόμενον
3107 2929 3286 2999 πλανᾷ
3316 2946 3422 2993 τις,
3452 2926 3586 2981 ἀλλὰ
3621 2926 3715 2980 τὸν

2139 3022 2365 3092 ἀόρατον
2393 3021 2833 3092 παραλογίζεται,
2857 3020 2946 3072 τὸν
2970 3021 3044 3090 μὴ
3071 3019 3370 3089 δυνάμενον
3395 3020 3548 3090 παρά
3569 3035 3713 3081 τινος

467 3121 562 3177 sed
601 3120 668 3174 ad
701 3118 870 3172 Deum
902 3114 1156 3169 refertur.
1191 3114 1430 3168 Samueli
1452 3129 1685 3183 namque
1707 3113 1839 3168 dicit
1858 3111 2035 3168 Deus:

2142 3108 2622 3180 παραλογισθῆναι.
2657 3110 2732 3162 Τὸ
2770 3109 2826 3160 δὲ
2857 3108 3085 3173 τοιοῦτο,
3116 3109 3176 3160 οὐ
3219 3107 3354 3179 πρὸς
3389 3108 3671 3180 ἄνθρωπον
3695 3151 3709 3175 ,

471 3211 592 3265 Non
619 3220 666 3264 te
685 3209 984 3272 illuserunt,
1020 3205 1110 3260 sed
1137 3205 1296 3258 me“.
1327 3203 1392 3258 Et
1430 3203 1606 3259 Moses
1638 3205 1817 3274 inquit
1850 3221 1863 3256 :
1908 3202 2031 3257 Non

2141 3199 2272 3254 ἀλλὰ
2302 3199 2435 3270 πρὸς
2462 3200 2592 3252 Θεὸν
2619 3199 2731 3270 ἔχει
2765 3199 2863 3270 τὴν
2897 3199 3174 3270 ἀναφοράν
3201 3198 3330 3269 ('56).
3359 3197 3449 3268 Τῷ
3470 3199 3577 3269 γὰρ
3607 3199 3712 3251 Σαο-

468 3304 605 3358 enim
628 3314 813 3355 contra
848 3316 938 3352 nos
979 3306 1056 3352 est
1091 3314 1349 3362 murmur,
1393 3297 1482 3350 sed
1521 3307 1708 3350 contra
1751 3295 2038 3350 Dominum

468 3395 638 3449 Deum
661 3394 729 3446 ὀ.
771 3390 941 3445 Nemo
979 3390 1244 3446 remansit
1275 3389 1597 3458 impunitus,
1624 3387 1727 3458 'qui
1754 3403 1814 3443 se
1843 3397 2035 3442 contra

573 3534 592 3563 ⁷
620 3531 720 3586 Job
785 3547 958 3589 XXXII.
987 3532 1041 3592 8,
1073 3531 1126 3585 9.
1201 3530 1222 3562 ³
1255 3529 1388 3584 Dan.
1422 3545 1543 3585 xm.
1622 3529 1642 3559 ’
1677 3529 1748 3583 al.
1789 3527 2055 3593 ἀπέδειξε.

573 3601 661 3655 iur.
703 3619 741 3655 ι.
778 3602 825 3653 6.
910 3601 951 3632 ⁸³
984 3604 1054 3654 lll
1088 3599 1220 3655 Rea.
1256 3617 1345 3655 III:
1392 3600 1574 3655 Const.
1607 3615 1692 3655 an.
1746 3617 1805 3653 ιι.
1837 3600 1889 3654 1.
2006 3600 2048 3632 ¹⁶

2141 3530 2181 3560 ¹⁰
2210 3543 2313 3584 ms.
2363 3529 2494 3582 Ἦλ’.
2603 3529 2640 3560 ¹¹
2691 3527 2768 3581 lI

2141 3599 2146 3608 ’
2188 3599 2319 3655 Rea.
2367 3616 2481 3654 χχιι
2538 3609 2591 3653 et
2633 3615 2768 3652 xxnl

469 3603 511 3634 ¹²
551 3601 661 3656 ,Ιεικ
703 3619 741 3662 ι,
778 3602 825 3653 6.
910 3601 951 3632 ⁸³
984 3604 1054 3654 lll
1088 3599 1220 3669 Reg.
1256 3617 1345 3665 III;
1392 3600 1574 3655 Const.
1607 3615 1692 3668 ap.
1746 3617 1805 3653 ιι.
1837 3600 1889 3654 1.

2148 3293 2316 3364 μουὴλ
2354 3294 2500 3362 λέγει
2540 3295 2568 3346 6
2595 3293 2756 3357 Θεός·
2807 3293 2888 3347 Οὔ
2931 3307 3004 3345 σε
3038 3293 3529 3358 παρελογίσαντο,
3575 3290 3712 3342 ἀλλ’

2143 3387 2265 3456 ἐμέ.
2292 3388 2402 3440 Καὶ
2429 3389 2457 3439 ὀ
2480 3385 2684 3456 Μωσῆς
2707 3401 2869 3455 φησιν
2885 3401 2898 3414 '
2935 3386 3016 3439 υύ
3045 3383 3154 3454 γὰρ
3179 3383 3304 3436 καθ’
3328 3380 3495 3450 ἡμῶν
3519 3383 3551 3434 ὀ
3575 3398 3712 3449 γογ-

2139 3530 2181 3560 ¹⁰
2210 3543 2313 3584 ms.
2363 3529 2494 3582 Ἦλ’.
2603 3529 2640 3560 ¹¹
2691 3531 2711 3581 1
2744 3527 2875 3599 Reg.
2910 3543 2993 3590 In,
3033 3528 3072 3582 l.
3106 3544 3122 3581 ι
3205 3525 3375 3599 Epist.
3412 3522 3707 3599 MarLCas.

2906 3599 2947 3629 ³⁵
2987 3614 3093 3652 ms.
3128 3596 3416 3668 μοχθηρόν.
3533 3595 3575 3625 ¹⁶
3607 3611 3708 3648 ms.

466 3661 930 3743 πεπαλαιωμένον.
1012 3673 1052 3702 ¹⁷
1085 3661 1218 3725 Dan.
1248 3661 1368 3735 xui,
1393 3671 1483 3726 52.
1563 3672 1606 3703 ¹⁸
1635 3661 1655 3722 Ῐ
1683 3669 1824 3724 Tim.
1863 3686 1936 3737 ιν,
1962 3669 2049 3725 12.

2141 3671 2171 3703 :9
2205 3671 2225 3724 ι
2261 3661 2392 3741 ﬁes.
2423 3685 2554 3736 νιιι,
2583 3661 2632 3721 7.
2711 3669 2756 3701 ²⁰
2778 3667 2951 3723 Exod.
2985 3684 3095 3735 xw,
3128 3661 3179 3722 8.

537 3814 650 3883 (25)
694 3815 776 3866 Οὐ
807 3813 955 3882 πρὸς
989 3813 1102 3881 τὴν
1137 3814 1506 3883 φαινομένην
1537 3813 1883 3883 ἀφορῶντας
1912 3816 2045 3868 νεό-

464 3901 632 3954 τητα,
663 3885 825 3938 ἀλλὰ
853 3883 1001 3952 πρὸς
1020 3883 1132 3953 τὴν
1145 3885 1216 3937 ἐν
1237 3884 1359 3950 Θεῷ
1385 3886 1701 3954 φρόνησιν.
1728 3885 2040 3954 Anglican.:

472 3975 490 4006 ι
517 3953 634 4009 Non
679 3964 1024 4008 assumentes
1056 3953 1406 4024 apparentem
1443 3955 1717 4024 juniorem
1768 3953 2038 4024 ordinem,

467 4024 562 4079 sed
593 4035 650 4076 ut
679 4023 972 4090 prudentes
999 4024 1051 4076 in
1089 4023 1197 4093 Deo
1224 4024 1588 4079 concedentes
1616 4026 1737 4093 ipsi.
1778 4043 1796 4075 ι
1839 4023 2034 4079 Usssn.

539 4094 654 4162 (‘26)
699 4091 1146 4164 militarefytci
1172 4095 1344 4147 ἐστιν
1380 4094 1450 4146 ἐν
1490 4091 1747 4161 βροτοῖς.
1803 4093 2040 4164 Vulgata}

464 4163 902 4232 interpretationi
940 4162 1228 4216 articulum
1263 4165 1330 4218 de
1365 4179 1466 4218 suo
1496 4166 1642 4232 (nam
1676 4165 1729 4217 in
1773 4162 2038 4218 mssfno-

465 4233 596 4289 stris
627 4249 735 4286 non
780 4233 1030 4303 habetur)
1064 4233 1270 4287 addidit
1300 4232 1536 4288 Jacobus
1570 4234 1774 4297 Faber,
1810 4233 2037 4303 ejusque

463 4304 736 4371 exemplo,
766 4302 910 4372 Guil.
947 4303 1226 4366 Morelius,
1259 4315 1312 4356 et
1338 4319 1462 4356 eum
1489 4304 1662 4357 secuti
1695 4305 1892 4372 reliqui
1920 4302 2036 4372 edi-

466 4383 635 4438 tores,
655 4382 798 4427 textu
827 4371 1037 4426 Graeco.
1066 4372 1286 4442 Πνεῦμα
1306 4374 1334 4426 ὃ
1359 4375 1506 4443 ὲᾷστιν
1528 4376 1585 4425 ὲν
1614 4371 1844 4443 βροτοῖς.
1874 4392 1892 4424 ι
1915 4371 2038 4442 Spi-

464 4444 606 4498 ritus
633 4443 836 4511 quiest
867 4443 921 4495 i-n
955 4441 1290 4497 hominibus.
1322 4462 1341 4496 ι
1372 4441 1702 4512 DeSumptus
1730 4458 1858 4496 vero
1881 4441 2036 4498 locus

2219 3813 2332 3891 (50)
2375 3811 2834 3891 Ἀπήλεγεεὶιη-
2851 3811 3169 3881 Augustano
3215 3809 3405 3891 codice
3456 3818 3712 3891 corrupte

2144 3879 2406 3954 scriptum
2431 3894 2568 3946 erat,
2605 3879 2893 3954 ἆπήλειξεν
2920 3879 3062 3950 {pro
3103 3895 3213 3948 quo
3269 3882 3322 3933 in
3350 3879 3710 3936 Plantinianis

2144 3956 2474 4003 editionihus
2496 3954 2850 4003 substitutum
2879 3961 2983 4003 est.
3012 3949 3312 4003 ἀπέδειξεν.
3345 3948 3414 4002 In.

2143 3953 2474 4010 editionibus
2496 3953 2850 4009 substitdtum
2879 3961 2983 4016 est,
3012 3953 3312 4016 ἀπέδειξεν.
3345 3953 3414 4002 In.

2217 4022 2640 4096 (δίλΣολομῶν
2667 4023 2734 4077 δὲ
2764 4021 2862 4077 καὶ
2901 4022 3154 4085 Ἰωσίας.
3171 4019 3304 4075 Vide
3331 4018 3706 4092 Prolegomen.

2144 4093 2734 4236 mféegiirtmppmw.
2772 4160 3144 4236 lta__ed_itioncs_
3181 4157 3570 4236 Plautinianazz
3615 4160 3708 4236 ubi

2144 4229 2320 4310 eodeni
2357 4229 2734 4310 Augustalius“
2754 4240 2809 4286 et
2839 4230 3289 4310 l‘iydpruccianus
3316 4229 3479 4282 habet
3511 4234 3710 4310 κατερσ

2185 4305 2329 4371 ίπου,
2380 4300 2478 4373 pro
2522 4318 2635 4373 quo
2689 4300 2946 4357 Morelibs
2991 4300 3304 4364 substituit,
3359 4300 3704 4372 κατερείπου.

2166 4383 2328 4514 Ι’.(55)
2376 4441 2718 4510 Ψευδιερεῖς
2737 4439 3191 4514 κατέσεαττενκ
3217 4436 3352 4491 Cod.
3395 4435 3703 4514 Nydprucc.

462 4522 547 4567 est
569 4495 772 4593 es'toti
795 4495 1014 4579 me“,
1043 4512 1098 4579 8,
1123 4513 1178 4566 in
1207 4495 1318 4583 quo
1345 4495 1743 4568 annuntiat
1767 4495 2037 4585 toties};

2141 4495 2350 4584 ψεύδοέε
2360 4495 2904 4593 ρεῐςικατασῷἕττει...
2925 4495 3243 4592 'Sequentia
3254 4497 3486 4593 vero,it:a
3517 4495 3570 4593 in
3594 4511 3709 4562 edi-

461 4592 569 4638 tur.
605 4584 676 4636 In.

535 4653 649 4723 (27)
675 4653 920 4722 Δανιὴλ,
964 4650 1352 4719 δωδεκπτιῖς.
1396 4650 1775 4722 lmprobabilis
1817 4663 2037 4709 senten-

465 4723 564 4796 tia.
613 4735 697 4779 est
726 4727 890 4780 etiam
923 4724 1152 4780 Joannis
1199 4724 1710 4796 Chrysostomnad
1754 4733 1917 4796 caput
1974 4741 2034 4778 ιιι

463 4793 638 4858 Isaiae,
666 4806 720 4849 et
753 4797 977 4849 homilia
1010 4795 1213 4864 duplici
1255 4793 1558 4847 in'titulum
1591 4793 1794 4849 Psalmi
1825 4811 1876 4857 L,
1915 4796 2037 4849 vul-

463 4877 586 4932 gata
608 4866 722 4934 jam
749 4867 904 4929 olim,
936 4876 990 4920 et
1032 4883 1139 4920 non
1170 4866 1241 4918 ita
1275 4865 1482 4932 pridem
1527 4877 1556 4917 α
1601 4881 1686 4919 me
1729 4866 1903 4930 edita;
1934 4881 2037 4921 nec

461 4949 571 4988 non
599 4936 738 4989 libro
771 4936 842 4989 De
867 4937 1160 4990 educandis
1190 4934 1391 4998 liberis,
1416 4936 1461 4989 si
1487 4935 1535 4987 ei
1557 4936 1826 4988 tribuatur
1844 4950 1982 5002 Opus
2010 4955 2024 4990 :

463 5003 646 5075 Severi
678 5022 896 5075 quoque
913 5005 1158 5060 Historia
1191 5021 1347 5059 sacra
1373 5022 1431 5072 ιι,
1450 5015 1503 5060 et
1524 5005 1798 5060 Ambrosii
1814 5020 1980 5060 serm.
2003 5007 2028 5059 1

460 5073 526 5126 ad
555 5092 652 5128 xm
683 5073 942 5130 Danielis.
984 5075 1120 5130 Cor.

530 5144 644 5214 (28)
691 5144 1086 5210 Δωδεκαετής.
1137 5144 1216 5199 Ex
1264 5145 1400 5200 locis
1430 5159 1553 5214 quae
1580 5146 1912 5214 protulimus
1960 5146 2027 5201 ad

457 5213 748 5269 Constitut.
797 5216 1022 5286 apostot.
1058 5233 1116 5281 ιι,
1141 5217 1196 5281 1,
1221 5215 1343 5269 vide
1365 5213 1635 5285 principue
1661 5216 1806 5272 duo;
1843 5217 2034 5272 Hiero-

457 5287 604 5357 nymi
628 5287 790 5357 epist.
820 5288 943 5352 151,
972 5296 1026 5357 et
1055 5287 1438 5357 Chrysostomi
1476 5288 1531 5340 in
1565 5289 1915 5343 enarratione
1943 5303 2033 5342 ca-

456 5353 586 5422 pitis
621 5371 681 5408 ιιι
710 5353 878 5423 lsaiae,
930 5356 1024 5410 ubi
1063 5353 1262 5411 aureus
1311 5357 1502 5410 doctor
1537 5358 1719 5410 minus
1767 5369 1928 5412 caute
1970 5373 2034 5412 ac

457 5424 719 5496 distincte
746 5425 1088 5496 loquituride
1117 5435 1276 5481 aetate
1311 5425 1642 5480 Salomonis.
1673 5426 1918 5482 Videnda
1944 5443 2032 5496 pa-

455 5496 590 5616 {iter
628 5495 718 5549 hic
744 5495 976 5566 epistola
1002 5495 1185 5553 Maria:
1204 5497 1330 5552 Cas.
1361 5505 1428 5550 ad
1462 5495 1735 5568 Ignatium
1757 5539 1771 5566 ,
1795 5495 2027 5553 num.5.

481 5574 532 5612 ι).
671 5579 674 5583 ·

481 5574 532 5612 Ι).
671 5579 674 5583 ’

533 5633 644 5708 (29)
684 5637 848 5708 Oeta).
891 5634 970 5691 Ita
1015 5637 1181 5692 codex
1224 5635 1707 5708 Nydpruccianus:
1739 5653 1848 5690 non
1874 5637 2026 5708 Θεῷ,

458 5705 720 5782 titubabat
741 5707 1126 5777 Augustanus;
1168 5705 1458 5777 ιιειίθεοῡ,
1492 5718 1550 5765 ιιι
1575 5710 1884 5782 emendavit
1916 5705 2029 5766 Mo—

457 5774 648 5833 zelius.
683 5774 879 5834 Ussen.
1112 5774 1119 5777 ”
1443 5774 1449 5777 ⁷
1790 5780 1804 5786 ’

2136 4577 2285 4639 tione
2309 4577 2407 4637 sua
2447 4577 2977 4636 distinxitMorelius
2997 4598 3010 4632 :
3028 4577 3352 4648 ἀπατεῶνας
3381 4577 3704 4648 ἀνθρώπων,

2137 4655 2250 4708 ἀλλ’
2283 4655 2344 4706 ού
2380 4651 2631 4722 θεότητος
2678 4650 3002 4722 λατρευτάς,
3023 4659 3076 4703 et
3129 4649 3182 4701 in
3235 4647 3427 4722 limina
3455 4647 3552 4722 sua
3584 4665 3706 4722 ver--

2138 4727 2295 4779 sione
2322 4740 2336 4775 :
2373 4741 2390 4773 ι
2423 4716 2737 4777 seductores
2767 4716 3074 4784 hominum,
3102 4733 3209 4772 non
3246 4716 3558 4772 Divinitatis
3588 4720 3704 4773 cul-

2137 4805 2303 4849 tores.
2339 4813 2358 4846 »
2396 4792 2473 4847 De
2520 4793 2689 4846 altera
2743 4806 2871 4845 vero
2911 4789 3263 4843 distinctione
3319 4788 3599 4853 lectorem,
3650 4791 3705 4844 iu

2135 4863 2290 4920 Notis
2333 4864 2468 4926 suis,
2528 4864 2609 4917 sic
2651 4862 2952 4915 admonuit.
3003 4878 3021 4910 ι
3053 4859 3274 4912 Pacaeus
3298 4857 3581 4924 distinguit
3608 4861 3703 4925 ita,

2137 4934 2478 5003 dearumve;
2503 4931 2809 5003 ,ἀνθρώπων
2857 4932 3188 5003 (quanquam
3225 4929 3576 5003 impresserit
3607 4931 3703 4984 ἄν-

2137 5003 2396 5076 θρωπον),
2434 5002 2545 5055 ἀλλ’
2571 4997 2630 5056 οὗ
2653 4997 2943 5076 θειότητος
2976 4997 3293 5076 λατρε-υτάς.
3335 4997 3700 5076 Vetusinter-

2136 5068 2518 5144 pretatio'eum
2547 5089 2614 5128 eo
2646 5074 2804 5138 facit,
2833 5068 3020 5144 rerum
3045 5068 3215 5144 addit,
3244 5087 3262 5119 ι
3293 5068 3389 5122 sed
3419 5069 3692 5144 diabolo,»

2138 5141 2196 5199 ut
2222 5146 2334 5200 fere
2363 5145 2502 5198 solet
2531 5145 2600 5199 de
2628 5159 2730 5198 suo
2761 5142 2959 5197 addere
2980 5181 2996 5203 ,
3026 5155 3150 5194 cum
3182 5141 3362 5193 locum
3393 5154 3502 5192 non
3544 5141 3702 5196 intel-

2138 5217 2274 5286 ligit.
2303 5234 2333 5286 ν»
2363 5213 2801 5286 HaacMorelius.
2838 5208 2913 5262 in.

2209 5285 2318 5353 «54)
2357 5285 2418 5353 ΤΟ
2458 5283 2571 5351 τὴν
2598 5282 2841 5352 γνώμην
2872 5279 3195 5353 μοχθηρός.
3232 5278 3366 5333 Cod.
3392 5278 3698 5349 Augustan.

2136 5349 2478 5441 masere
2500 5349 2729 5438 γνώζμηπί
2753 5349 3046 5441 exemiss-
3078 5349 3205 5441 {ea

2206 5425 2316 5496 (55)
2341 5419 2450 5478 Καὶ
2483 5419 2632 5478 κατὰ
2655 5419 2855 5494 μηδὲν
2880 5419 3042 5486 ιιι)τῴ
3073 5419 3426 5496 ἀντιλέγειν.
3459 5419 3565 5496 Pro
3596 5421 3702 5474 hoc

2136 5491 2322 5551 noSter
2353 5498 2622 5565 interpres
2656 5491 2828 5550 habet
2855 5513 2868 5549 :
2900 5513 2918 5544 ι
2953 5493 3251 5547 secundum
3285 5491 3490 5545 nullam
3529 5493 3702 5561 hypo-

2134 5567 2373 5621 crisim.»
2406 5565 2478 5617 1D.

2205 5635 2316 5705 (56)
2360 5639 2441 5689 Οὺ
2479 5635 2629 5703 πρὸς
2651 5633 2980 5702 ἄνθρωπον,
3013 5632 3174 5686 ἀλλὰ
3213 5631 3368 5705 πρὸς
3392 5631 3541 5686 Θεὸν
3575 5633 3700 5701 ἔχει

2135 5703 2246 5774 τὴν
2275 5703 2601 5774 ιὶνιιρᾳτιὶν.
2636 5706 2940 5774 Anglicau.:
2965 5724 2982 5754 ι
3024 5720 3128 5756 ιιοιι
3159 5703 3224 5756 ad
3253 5717 3474 5774 carnem
3497 5720 3697 5771 sermo,

2139 5772 2229 5834 sed
2268 5777 2333 5832 ad
2353 5772 2522 5833 Deum
2563 5772 2882 5833 abscondita
2915 5776 3228 5830 scientem.»
3251 5772 3324 5827 In.
