4076 6386
466 314 573 369 763

1266 313 1357 368 AD
1393 313 1775 369 EPISTOLAS
1809 314 1867 370 S.
1911 312 2165 369 IGNATII
2203 311 2555 416 CEN\UINAS
2592 311 2966 368 APPENDIX.‘

3635 311 3736 367 704

463 433 730 500 furatum,
772 434 1138 504 illegitimum,
1172 434 1567 500 adulterinum,
1603 449 1711 489 non
1747 452 1776 489 a
1806 434 1937 500 Deo,
1958 434 2038 488 ser

2158 450 2356 503 μισμα,
2377 431 2838 505 κίϐδηλον,“νόθον,
2859 430 3290 503 παραχάραγμα,
3321 430 3419 500 οὐχ
3448 429 3552 485 ὑπὸ
3575 431 3734 496 Θεοῦ,

463 541 494 578 a
517 524 736 579 diabolo
761 525 1035 579 cili-ctum.
1056 523 1170 577 Non
1192 525 1337 592 quod
1360 525 1520 578 velim
1551 525 1732 578 dicere
1757 525 1896 578 duas
1925 539 2048 578 esse

464 616 749 668 hominum
785 623 1046 681 naturas;
1096 615 1188 669 sed
1237 631 1405 668 unum
1447 630 1570 670 esse
1604 615 1907 680 hominem,
1952 615 2042 684 qui

460 705 578 774 jam
605 705 852 774 Dei,jam
878 706 1083 759 diaboli
1107 706 1198 760 sit.
1231 705 1289 760 Si
1313 707 1438 776 quis
1465 707 1650 776 pietati
1685 707 1922 772 studeat,
1954 707 2046 762 Dei

462 797 629 852 homo
657 807 739 852 est
770 815 784 851 :
827 799 872 853 si
903 814 1032 852 vero
1077 799 1243 867 impie
1292 809 1419 870 agat
1449 801 1596 869 quis,
1638 801 1844 854 diaboli
1879 801 2046 854 homo

461 895 578 950 est;
603 902 711 940 non
741 888 790 940 id
822 886 1001 941 factus
1029 903 1060 941 a
1093 890 1423 954 natura,sed
1455 905 1486 942 a
1519 905 1620 943 sua
1653 890 1824 958 ipsius
1854 890 2046 942 volun-

466 987 594 1032 tate.
627 977 880 1033 lnIideles
901 980 1195 1051 imaginem
1225 980 1470 1036 referunt
1495 981 1760 1051 principis
1785 982 2042 1043 malitiae;

466 1072 650 1127 ﬁdeles
696 1073 988 1142 imaginem
1046 1074 1248 1128 habent
1292 1075 1556 1144 principis
1595 1075 1688 1129 Dei
1737 1074 1936 1141 Patris,
1992 1085 2046 1129 et

460 1164 588 1220 Jesu
621 1166 861 1233 Christi;
892 1183 988 1236 per
1025 1183 1191 1236 quem
1233 1168 1340 1222 nisi
1385 1169 1616 1222 libenter
1663 1169 1894 1222 velimus
1946 1184 2045 1237 pro

459 1259 691 1312 veritate
722 1259 864 1313 mori
893 1259 946 1312 in
975 1259 1287 1323 passionem
1319 1259 1464 1329 ejus,
1497 1273 1597 1314 nec
1625 1260 1734 1313 vita
1782 1259 1954 1329 ipsius
1989 1261 2042 1313 in

462 1349 621 1404 nobis
645 1358 749 1404 est.

539 1523 622 1577 Vl.
658 1523 1116 1595 Quandoquidem
1163 1525 1350 1596 itaque
1391 1527 1446 1582 in
1501 1527 1568 1583 iis
1611 1529 1862 1598 personis
1903 1545 2044 1600 quas

458 1618 909 1680 commemoravi,
935 1633 1154 1672 onmem
1181 1620 1587 1674 multitudinem
1631 1623 2037 1692 contemplatus

460 1723 584 1762 sum
619 1707 672 1760 in
703 1708 807 1762 lide
828 1718 882 1762 et
903 1710 1171 1765 cliaritatc
1194 1727 1208 1775 ;
1235 1710 1428 1765 hortor
1459 1719 1518 1764 ut
1547 1712 1809 1768 studeatis
1863 1714 1916 1767 in
1947 1713 2039 1768 Dei

2153 524 2269 577 ἀλλ’
2306 525 2410 577 ὑπὸ
2443 525 2692 579 διαϐόλου
2729 523 3035 594 ἐνεργηθέν·
3069 523 3128 575 οὐ
3151 522 3248 575 δύο
3276 522 3468 591 φύσεις
3501 521 3613 595 (46)
3642 525 3734 576 άν-

2151 613 2386 682 θρὼπων
2406 615 2570 683 λέγω,
2585 616 2720 670 ἀλλὰ
2747 615 2835 668 τὸν
2857 614 2951 666 ἕνα
2974 612 3279 684 ἄνθρωπον,
3299 615 3427 668 ποτὲ
3447 616 3547 684 μὲν
3572 613 3733 676 Θεοῦ,

2153 708 2284 760 ποτὲ
2311 708 2368 760 δὲ
2391 707 2641 762 διαϐόλου
2675 705 2940 776 γίνεσθαι.
2988 705 3116 758 Ἐὰν
3145 705 3341 777 εὐσεϐῇ
3383 723 3487 771 τις,
3516 706 3732 778 ἄνθρω-

2153 817 2254 862 πος
2276 799 2411 852 Θεοῦ
2439 803 2607 854 ἐστιν·
2636 799 2734 854 ἐὰν
2755 799 2811 852 δὲ
2835 798 3004 868 ἀσεϐῇ
3040 815 3144 860 τις,
3175 796 3460 868 ἄνθρωπος
3488 796 3580 851 τοῦ
3616 799 3732 852 δια-

2149 891 2328 955 ϐόλου,
2371 892 2472 944 οὐκ
2511 892 2617 946 ἀπὸ
2657 891 2756 960 τῆς
2796 889 3041 958 φύσεως,
3094 887 3208 940 ἀλλ’
3249 888 3356 941 ἀπὸ
3394 889 3491 958 τῆς
3534 887 3732 942 ἐαυτοῦ

2146 981 2372 1053 γνώμης
2397 984 2698 1054 γινόμενος.
2733 983 2797 1034 Oi
2825 981 3042 1034 ἄπιστοι
3072 981 3257 1034 εἰκόνα
3286 980 3396 1050 (47)
3427 979 3613 1050 ἔχουσι
3634 979 3732 1033 τοῦ

2147 1074 2407 1145 ἄρχοντος
2451 1076 2548 1145 τῆς
2591 1073 2872 1145 πονηρίας·
2907 1074 2956 1124 οἱ
2985 1073 3165 1125 πιστοὶ
3201 1073 3385 1126 εἰκόνα
3426 1073 3607 1142 ἔχουσι
3633 1072 3729 1124 τοῦ

2146 1165 2409 1236 ἄρχοντος
2456 1166 2594 1219 Θεοῦ
2629 1165 2864 1235 Πατρὸς,
2893 1165 2987 1217 xui
3035 1163 3211 1234 Ἰησοῦ
3248 1163 3508 1236 Χριστοῦ,
3569 1163 3635 1216 δι’
3667 1156 3730 1215 οὗ

2148 1256 2242 1309 ἐὰν
2281 1259 2354 1328 μὴ
2387 1257 2726 1329 αὐθαιρέτως
2756 1255 2970 1326 ἔχωμεν
2996 1256 3055 1307 τὸ
3082 1256 3220 1326 ὑπὲρ
3243 1253 3503 1326 ἀληθείας
3523 1253 3732 1308 ἀποθα-

2146 1353 2255 1402 νεῖν
2285 1351 2366 1412 είς
2399 1349 2458 1403 τὺ
2498 1347 2662 1402 αὑτοῦ
2713 1347 2906 1412 πάθος,
2948 1347 3008 1401 τὸ
3033 1345 3132 1418 ζῇν
3163 1346 3329 1400 αὑτοῦ
3365 1348 3466 1400 οὐκ
3489 1345 3637 1400 ἔστιν
3669 1349 3730 1400 ἐν

2145 1442 2177 1511 ὴ
2186 1443 2297 1512 μῖν.

2219 1531 2305 1587 VI.
2339 1533 2488 1586 Ἐπεὶ
2503 1527 2593 1586 οῦν
2611 1537 2668 1587 ἐν
2686 1536 2794 1595 τοῖς
2812 1529 3326 1602 προγεγραμμένοις
3345 1529 3651 1601 προσώποις
3667 1529 3730 1582 τὸ

2145 1626 2250 1678 πᾶν
2277 1624 2479 1695 πλῆθος
2519 1624 2821 1697 ἐθεώρησα,
2871 1626 2928 1676 ἐν
2966 1623 3146 1675 πίστει
3175 1622 3271 1674 xui
3299 1622 3489 1694 ἀγάπῃ
3520 1623 3562 1654 ³¹
3589 1623 3726 1693 (48),

2146 1717 2414 1788 παραινῶ,
2469 1720 2527 1771 ἐν
2570 1717 2795 1788 ὁμονοίᾳ
2833 1713 2970 1768 Θεοῦ
3023 1713 3360 1767 σπουδάσατε
3406 1713 3515 1784 (49)
3547 1713 3728 1768 πάντα

459 1799 754 1854 concordia
789 1801 976 1854 omnia
1023 1816 1221 1870 agere;
1251 1803 1514 1871 episcopo
1555 1805 1902 1873 praesidente,
1943 1805 2038 1862 Dei

2144 1813 2426 1882 πράττειν·
2470 1808 2890 1882 προκαθημένου
2937 1805 3032 1860 τοῦ
3077 1807 3380 1860 ἐπισκόπου
3428 1808 3510 1868 εἱς
3561 1807 3727 1860 τόπον

458 1891 599 1956 loco,
632 1892 965 1963 presbyteris
1007 1894 1130 1947 loco
1176 1903 1400 1950 senatus
1432 1897 1737 1965 apostolici,
1766 1897 2036 1968 diaconis,

458 1985 593 2038 mihi
634 1984 1002 2050 suavissimis,
1043 1985 1245 2054 quibus
1275 1987 1630 2041 commissum
1662 1996 1745 2043 est
1788 1991 2039 2046 ministe-

455 2074 598 2127 rium
623 2073 751 2128 Jesu
783 2074 1022 2140 Christi;
1052 2076 1146 2144 qui
1179 2086 1305 2131 ante
1343 2078 1603 2132 saeculum
1641 2079 1857 2147 genitus
1893 2082 2038 2151 apud

454 2162 695 2233 Patrem,
729 2175 846 2219 erat
868 2164 1011 2220 Deus
1047 2165 1306 2234 Verbum,
1335 2169 1654 2238 unigenitus
1679 2170 1881 2239 Filius;
1905 2184 1956 2228 et
1982 2175 2035 2229 in

453 2257 931 2312 consummatione
971 2259 1300 2314 saeculorum
1343 2260 1486 2316 idem
1519 2271 1823 2330 permanet.
1875 2263 2037 2335 Regni

455 2349 604 2405 enim
637 2350 750 2420 ejus
782 2367 885 2405 non
925 2353 1025 2406 erit
1053 2353 1199 2421 ﬁnis,
1235 2353 1414 2422 inquit
1443 2353 1636 2409 Daniel
1669 2358 1932 2425 propheta
1967 2358 2032 2413 ³³.

453 2442 661 2498 Omnes
685 2443 869 2512 itaque
893 2443 1261 2499 concordibus
1280 2445 1480 2499 animis
1503 2461 1604 2502 nos
1628 2456 1820 2502 mutuo
1843 2448 2038 2520 diliga-

457 2550 622 2598 mus;
666 2543 721 2588 et
763 2549 928 2588 nemo
976 2533 1278 2588 secundum
1313 2550 1534 2590 carnem
1587 2545 1794 2605 spectet
1843 2539 2034 2608 proxi-

457 2641 631 2691 mum,
660 2625 754 2680 sed
787 2625 839 2678 in
873 2624 1099 2680 Christo
1129 2621 1282 2679 Jesu.
1315 2623 1465 2680 Nihil
1500 2627 1572 2682 sit
1603 2628 1655 2681 in
1686 2629 1864 2696 vobis,
1889 2630 2035 2700 quod

377 2778 381 2782 η
456 2719 632 2786 possit
665 2733 762 2772 vos
792 2716 1088 2784 dirimere;
1134 2717 1227 2771 sed
1269 2717 1536 2772 uniamini
1572 2720 1852 2792 episcopo,
1901 2723 2034 2778 sub-

451 2812 584 2881 jecti
608 2811 721 2867 Deo
749 2827 845 2882 per
879 2811 1058 2882 ipsum
1095 2810 1152 2864 in
1180 2811 1420 2867 Christo.

529 3017 640 3075 VII.
681 3018 1155 3086 Quemadmodum
1197 2995 1384 3088 itaque
1430 3017 1697 3074 Dominus
1727 3020 1846 3075 sine
1873 3012 2035 3077 Patre

2141 1903 2301 1965 Θεοῦ,
2332 1901 2554 1956 καὶτῶν
2582 1900 2969 1974 πρεσὸυτὲρων
2994 1901 3075 1962 είς
3113 1901 3277 1952 τόπον
3315 1897 3592 1967 συνεδρίου
3617 1897 3727 1951 τῶν

2141 1994 2454 2050 ἀποστόλων
2488 1995 2584 2048 xui
2614 1993 2724 2046 τῶν
2752 1991 3034 2056 διακόνων,
3066 1991 3171 2044 τῶν
3198 1991 3322 2060 ἐμοὶ
3350 1989 3724 2058 γλυκυτάτων,

2141 2087 2590 2156 πεπιστευμένων
2616 2084 2888 2138 διακονίαν
2918 2081 3093 2154 Ἰησοῦ
3111 2081 3367 2153 Χριστοῦ·
3401 2081 3459 2144 ὃς
3477 2081 3583 2153 πρὸ
3597 2080 3725 2134 αἰῶ-

2139 2197 2230 2243 νος
2269 2178 2416 2250 παρὰ
2449 2177 2525 2248 τῷ
2553 2177 2727 2247 Πατρὶ
2744 2174 3023 2247 γεννηθεὶς
3043 2215 3057 2239 ,
3087 2170 3155 2244 ἦν
3176 2173 3348 2241 Λόγος
3375 2174 3528 2237 Θεὸς,
3568 2190 3726 2243 μονο-

2139 2270 2303 2340 γενὴς
2335 2269 2486 2332 Υίόςτ
2517 2269 2610 2322 καὶ
2638 2268 2731 2321 ἐπὶ
2758 2266 3037 2337 συντελείᾳ
3071 2264 3179 2320 τῶν
3227 2264 3458 2330 αἰώνων,
3501 2268 3529 2319 6
3558 2264 3723 2329 αὐτὸς

2138 2362 2381 2432 διαμένει
2401 2360 2532 2432 (50).
2570 2359 2686 2427 Τοῆς
2704 2359 2812 2430 γὰρ
2838 2359 3163 2424 βασιλείας
3191 2357 3377 2411 αὐτοῦ
3412 2360 3525 2412 οὐκ
3548 2359 3722 2412 ἔσται

2137 2454 2332 2519 τέλος,
2371 2453 2504 2523 φησῖ⁹
2518 2451 2714 2522 Δανιὴλ
2728 2453 2756 2504 6
2774 2451 3077 2522 προφήτης.
3097 2450 3303 2514 Πάντες
3317 2445 3409 2504 οῦν
3426 2453 3484 2504 ἐν
3498 2450 3723 2521 ὁμονοία

2137 2543 2398 2615 ἀλλήλους
2429 2543 2805 2613 ἀγαπήσωμεν
2834 2540 2966 2611 (51)’
3006 2542 3099 2593 xui.
3136 2541 3324 2611 μηδεὶς
3365 2541 3504 2595 κατὰ
3544 2541 3725 2611 σάρκα

2139 2636 2381 2707 βλεπέτω
2409 2635 2499 2688 τὸν
2526 2634 2771 2705 πλησίον,
2795 2633 2911 2686 ἀλλ’
2938 2634 2998 2685 ἐν
3032 2632 3252 2703 Χριστῷ
3291 2632 3487 2704 Ἰησοῦ.
3537 2633 3722 2704 Μηδὲν

2138 2725 2278 2778 ἔστω
2318 2727 2375 2776 ἐν
2403 2724 2551 2794 ὑμῖν,
2567 2723 2597 2775 ὃ
2622 2723 2905 2792 δυνήσεται
2929 2723 3073 2792 ὑμᾶς
3092 2722 3331 2794 μερίσαι’
3351 2722 3466 2776 ἀλλ’
3483 2721 3720 2793 ὲνώθητε

2137 2817 2214 2889 τῷ
2257 2815 2562 2886 ἐπισκόπῳ,
2600 2815 3027 2885 ὑποτασσόμενοι
3082 2813 3160 2884 τῷ
3209 2813 3328 2886 Θεῷ
3365 2815 3430 2868 δι’
3464 2813 3630 2869 αὑτοῦ
3661 2816 3721 2868 ἐν

2135 2907 2358 2978 Χριστῷ
2384 2907 2515 2979 (52).

2210 3021 2320 3076 VII.
2361 3022 2570 3090 Ὥσπερ
2591 3014 2685 3073 οὖν
2713 3021 2742 3072 6
2783 3018 2987 3092 Κύριος
3015 3019 3141 3073 ἄνευ
3167 3019 3261 3072 τοῦ
3302 3020 3515 3092 Πατρὸς
3569 3021 3724 3074 οὐδὲν

457 3112 594 3166 nihil
646 3112 826 3166 facit:
871 3110 995 3166 Non
1042 3127 1255 3181 possum
1293 3110 1462 3175 enim,
1524 3111 1721 3179 inquit,
1779 3112 1952 3180 facere
1991 3132 2025 3168 a

2140 3117 2272 3168 ποιεῖ
2290 3113 2420 3183 (55)·
2457 3115 2538 3166 Οὐ
2565 3112 2819 3181 δύναμαι
2843 3113 2974 3182 γὰρ,
3004 3113 3158 3182 φησὶ,
3191 3112 3386 3165 ποιεῖν
3418 3113 3518 3166 ἀπ’
3541 3113 3721 3182 ἐμαυ-

457 3205 654 3273 πιεὶρδο
681 3205 966 3274 quidquam
996 3204 1041 3234 ³³
1069 3219 1084 3256 :
1119 3203 1203 3257 sic
1246 3210 1301 3257 et
1324 3216 1422 3256 vos
1454 3202 1572 3256 sine
1605 3203 1898 3272 episcopo;
1933 3221 2032 3261 nec

456 3297 767 3369 presbyter,
800 3312 902 3352 nec
929 3296 1218 3363 diaconus,
1258 3311 1360 3351 nec
1391 3295 1578 3350 laicus.
1633 3294 1824 3366 Neque
1864 3300 2030 3369 quid—

2139 3206 2246 3260 τοῦ
2295 3205 2513 3259 οὐδέν·
2547 3203 2690 3257 οὕτω
2733 3205 2827 3258 xui
2875 3205 3033 3273 ὑμεῖς
3082 3205 3212 3256 ἄνευ
3253 3203 3347 3257 τοῦ
3393 3205 3717 3268 ἐπισκόπου,

2141 3299 2275 3372 μηδὲ
2306 3296 2695 3371 πρεσϐύτερος,
2734 3297 2868 3368 μηδέ
2900 3296 3164 3359 διάκονος,
3205 3297 3340 3367 μηδέ
3366 3296 3552 3361 λαῖκός
3579 3287 3716 3367 (54).

553 3461 596 3494 ’ί
623 3462 693 3516 al.
726 3461 1010 3534 ἠγάπησα.
1085 3461 1130 3494 ³³
1162 3461 1299 3516 Dan.
1329 3476 1389 3527 II,
1424 3461 1493 3515 44
1521 3469 1576 3515 et
1603 3477 1700 3528 vn,
1729 3463 1814 3529 I4,
1846 3465 1938 3522 27.
2015 3469 2036 3500 ³

2140 3445 2240 3525 ian.
2271 3483 2325 3536 V,
2354 3466 2451 3523 30.

527 3601 640 3674 (46)
679 3604 793 3658 Δύο
817 3607 1051 3676 φύσεις.
1087 3603 1461 3675 Negationem,
1499 3621 1566 3660 ex
1607 3608 1829 3676 vulgato
1864 3611 2031 3667 inter-

455 3682 643 3798 preteiJ
656 3676 864 3729 addidit
888 3675 1165 3743 Morelius,
1197 3685 1253 3731 et
1277 3692 1402 3731 eum
1429 3677 1603 3733 secuti
1633 3675 1868 3737 editores
1909 3685 2031 3738 reli-

456 3759 576 3798 aut.
654 3761 800 3798 ssaa.

456 3759 576 3813 qui.
606 3759 800 3798 ussan.

529 3813 642 3889 (47)
685 3818 748 3867 Οἱ
777 3815 1017 3889 ᾂξτιστοι
1056 3818 1282 3889 εἰκόνα,
1324 3826 1429 3872 etc.
1471 3817 1757 3889 Anglican.
1792 3839 1804 3875 :
1844 3840 1862 3871 ι
1901 3822 2031 3876 Infi-

457 3885 608 3939 deles
643 3886 829 3938 mundi
861 3885 1045 3953 hujus.
1080 3887 1265 3942 Iideles
1298 3898 1480 3942 autem
1517 3885 1583 3941 in
1605 3891 1874 3945 charitate
1902 3894 2032 3947 cha-

459 3964 724 4008 racterem
756 3954 845 4008 Dei
877 3954 1055 4010 Patris
1080 3973 1174 4024 per
1205 3956 1394 4012 Jesum
1418 3958 1863 4014 Christumwln.

534 4024 648 4092 (48)
701 4024 1053 4099 'Ardazn._lta
1076 4027 1245 4099 codex
1279 4027 1765 4099 Nydpruccianus;
1797 4047 2032 4086 consen-

459 4093 630 4171 tiente
665 4103 898 4171 utroque
937 4094 1134 4171 Latino
1163 4093 1460 4168 interprete
1493 4113 1507 4152 :
1540 4100 1633 4153 ubi
1675 4100 2034 4171 Augustanus

461 4165 644 4234 habet,
668 4165 951 4234 ἠγάπησα.
984 4164 1058 4220 In.

532 4233 643 4304 (49)
684 4233 1090 4311 Σπουδάσατε.
1123 4233 1196 4288 Ita
1221 4236 1386 4311 etiam
1408 4237 1720 4311 legitcodex
1751 4238 2036 4311 Nydpruc-

459 4303 812 4428 gilaiiuszluhi
837 4303 1194 4374 Augustanus
1231 4322 1342 4359 non
1373 4307 1450 4360 ita
1464 4303 1632 4363 'recte
1662 4303 1842 4378 habet,
1870 4303 2038 4364 σπου-

531 4390 667 4425 σετε.
725 4383 775 4422 Do

531 4390 667 4425 σετε.
706 4383 775 4425 ΙΙ).

533 4443 643 4513 (50)
680 4443 820 4515 ξΕπὶ
844 4445 1177 4512 ’συντελείᾳ
1210 4444 1330 4498 τῶν
1355 4444 1602 4513 αἰώνων,
1626 4451 1658 4500 ὀ
1689 4450 1872 4515 αὐτὸς
1915 4449 2037 4503 δια-

2123 3614 2359 3685 jungens
2377 3626 2540 3685 scum
2559 3609 2727 3685 infra,
2746 3610 2800 3664 in
2826 3608 2990 3685 simili
3009 3609 3130 3685 loco
3161 3606 3506 3685 Epistolce_qd
3530 3602 3714 3685 Sm'yt-

2134 3677 2582 3755 nwos,_episcopi_
2607 3690 2815 3755 tantum
2849 3679 2991 3755 facta
3033 3681 3116 3755 _si_t_
3137 3677 3600 3755 mentio.__llo'tvgsg
3631 3677 3711 3755 τῷ

2133 3745 2420 3823 ἐπισκόπω
2463 3745 2832 3823 ακολουθεῖτε,
2889 3751 2965 3813 ὼς
3022 3749 3312 3823 ὁΧριστὸς
3363 3745 3579 3823 ,Ἰησοῦς
3639 3745 3716 3814 τῷ

2133 3824 2329 3894 Πατρί.
2392 3814 2655 3894 {Omnes
2715 3814 3032 3894 epiScopum
3084 3814 3399 3894 sequimini,
3438 3814 3515 3870 'ut
3551 3814 3714 3869 Jesus

2133 3890 2386 3948 Christus
2408 3891 2645 3945 Patrem.
2675 3911 2692 3942 ›
2710 3890 3058 3960 Comparatio
3076 3906 3206 3944 vero
3227 3890 3342 3942 hzcc
3364 3891 3554 3960 (quam
3579 3901 3715 3960 non-

2135 3964 2267 4020 nulli
2296 3963 2646 4017 vehementer
2673 3956 2884 4032 ἄκυρον
2903 3977 3029 4032 esse
3054 3960 3323 4032 judicent)
3356 3956 3559 4032 Christi
3594 3956 3714 4032 sine

2134 4033 2296 4088 Patre
2318 4033 2453 4087 nihil
2485 4031 2736 4085 facientis
2756 4026 2852 4096 ,'in
2878 4031 3019 4084 lihro
3041 4026 3079 4083 ti
3107 4026 3715 4099 pseudo-Clementina-

2135 4120 2257 4158 rum
2283 4102 2758 4164 Constitutionum,
2798 4101 2862 4155 ad
2902 4098 3192 4154 diaconum
3229 4100 3436 4166 absque
3457 4098 3714 4166 episcopo

2138 4173 2275 4227 nihil
2306 4189 2467 4242 agere
2509 4173 2817 4233 debentem,
2860 4169 3150 4242 aliquoties
3174 4178 3242 4242 _ct
3283 4167 3709 4242 multoAquidem

2139 4236 2384 4298 crassius
2403 4242 2869 4303 accommodatur,
2891 4236 3148 4306 ut’capite
3165 4238 3236 4291 9.6
3257 4253 3267 4286 :
3303 4238 3358 4288 '0
3376 4237 3431 4289 δέ
3460 4236 3706 4296 διάκονος

2138 4315 2314 4383 τούτῳ
2330 4311 2669 4383 παριστάτω,
2684 4310 2802 4383 dig-6
2820 4309 3048 4383 Χριστὸς
3065 4307 3140 4383 τῷ
3159 4307 3350 4383 [lui-cpt
3373 4307 3464 4383 xui
3478 4306 3714 4383 λειτουρ-

2140 4376 2304 4452 γείτω
2324 4376 2471 4451 αὐτῷ
2562 4382 2725 4452 πᾶσιν
2751 4376 3051 4452 ᾁμέμπτως
3067 4376 3141 4452 ᾡς
3169 4376 3443 4452 ὁ-Χριστδς
3467 4379 3559 4452 ἀφ’
3584 4377 3712 4428 ἐαυ-

2141 4447 2233 4505 τοῦ
2266 4447 2624 4512 ποιῶνοὺδέν,
2652 4449 2720 4501 τὰ
2749 4447 2951 4520 ἀρεστὰ
2976 4451 3115 4520 ποιεῖ
3146 4447 3425 4520 τῷγῐῐατρ).
3455 4447 3708 4520 πάντοτε.

453 4501 643 4583 ιιένειί
679 4514 859 4577 Forte,
891 4517 970 4577 είς
1004 4501 1312 4569 συντέλειαν
1340 4534 1354 4569 :
1392 4518 1467 4570 ait
1502 4501 1650 4571 Patr.
1679 4501 1894 4575 Junii—uis.
1923 4501 2038 4575 Nio-

2151 4501 2476 4576 ἷὺίέιὲόῆυέ
2498 4501 2877 4573 veroassistat
2904 4501 3051 4579 huic,
3094 4527 3154 4571 ut
3179 4501 3431 4571 Christus
3455 4515 3624 4577 Patri,
3647 4530 3713 4569 ac

461 4585 911 4655 steginterpres;
948 4603 966 4634 ‹
1006 4586 1058 4638 ἰη
1095 4589 1199 4640 line
1225 4587 1494 4655 apparuit.
1540 4607 1558 4639 ι
1603 4586 1673 4639 ID-

533 4653 646 4726 (51)
701 4653 1138 4728 ’Λγα.τή‹γωμεν.
1200 4653 1506 4711 Ita—codex
1559 4657 2028 4728 Nydpruceianus:

461 4739 570 4778 non
623 4726 1099 4798 ut_AugI.tstanus,
1128 4728 1522 4798 Αάγαπήσυμεν.
1573 4726 1738 4782 Addit
1787 4746 1914 4784 vero
1948 4733 2037 4785 hic

465 4803 655 4848 noster
699 4796 967 4864 interpres
1011 4813 1025 4848 :
1070 4815 1087 4846 ι
1124 4795 1378 4850 Eamdein
1408 4795 1888 4854 consuetudinem
1940 4800 2036 4854 Dei

461 4867 815 4933 accipientes.
847 4881 1167 4920 Veneremur
1194 4869 1259 4921 ad
1299 4868 1586 4922 invicem.»
1630 4869 1701 4922 1.).

532 4935 644 5005 (52)
699 4935 980 5002 Ἑνώθητε
999 4935 1077 5000 τῷ
1093 4938 1421 5001 ἑπισκόπῳ,
1447 4940 1931 5005 ὑποτασσόμενοι
1958 4938 2038 5005 τῷ

461 5003 585 5070 Θεῷ
629 5005 704 5058 δι’
736 5007 922 5058 αὑτοῦ
949 5006 1019 5058 ἐν
1050 5007 1299 5074 Χριστῷ.
1331 5010 1657 5076 Anglican.:
1697 5028 1715 5061 ι
1758 5003 2038 5063 Uniamini

458 5077 719 5149 episcopo
750 5085 811 5149 _et
847 5077 1295 5149 ipratsidcntibus,
1335 5078 1390 5131 in
1424 5089 1608 5149 typum
1640 5090 1694 5134 et
1722 5081 2035 5134 doctrinam

461 5145 914 5215 incorruptionis.
951 5164 969 5196 ι
1003 5146 1079 5215 In.

531 5215 645 5286 (55)
689 5212 912 5284 Ὥσπερ
962 5212 1077 5270 οὖν
1124 5218 1158 5270 ὁ
1204 5217 1418 5286 Κύριος
1458 5217 1603 5272 ἄνευ
1657 5217 1761 5271 τοῦ
1809 5215 2039 5283 Πατρός

459 5285 643 5356 οὐδὲν
683 5286 855 5339 ποιεῖ.
910 5287 1232 5356 ᾼηεςιὶεοιι.;
1275 5306 1293 5338 ι
1341 5287 1816 5352 Quemadmodum
1870 5288 2035 5355 igitur

465 5355 730 5409 Dominus
768 5357 887 5410 sine
927 5355 1087 5410 Patre
1133 5359 1266 5410 nihil
1314 5356 1460 5420 fecit,
1504 5359 1689 5412 unitus
1737 5357 2037 5421 exsistens,

462 5441 637 5497 neque
678 5439 772 5497 per
799 5428 1063 5494 seipsum,
1100 5443 1274 5497 neque
1304 5443 1401 5496 per
1422 5429 1718 5495 apostolos.
1753 5446 1770 5479 ι
1799 5427 1874 5484 ID.
1944 5467 1946 5470 μ

533 5495 647 5565 (54)
693 5495 856 5548 Οὕτω
887 5497 984 5549 καὶ
1004 5495 1339 5565 ὑμεῖς’ἅνεὺ
1370 5497 1476 5550 τοῦ
1503 5497 1865 5561 ἐπισκόπου,
1884 5495 2040 5564 μηδὲ

461 5566 886 5632 πρεσϐύτερος,
922 5567 1078 5634 μηδὲ
1100 5567 1398 5633 διάκονος,
1418 5565 1572 5634 μηδὲ
1595 5568 1825 5633 λαῖκός.
1862 5567 2041 5635 Angli-

465 5649 591 5688 can.
621 5651 634 5686 :
669 5654 688 5687 ι
737 5635 831 5689 Sic
858 5653 1033 5706 neque
1063 5654 1160 5691 vos
1189 5639 1306 5691 sine
1337 5640 1592 5706 episcopo
1619 5646 1672 5692 et
1707 5637 2038 5706 presbyteris

467 5707 672 5774 aliquid
700 5707 1040 5774 operemini;
1079 5726 1097 5758 ι
1135 5723 1330 5761 nomen
1378 5707 1737 5761 diaconorum
1772 5718 1826 5762 et
1878 5707 2038 5761 laico-

469 5789 588 5831 rum
613 5776 892 5845 amittens,
921 5787 975 5832 et
1003 5778 1347 5849 presbyteros
1373 5792 1496 5834 cum
1521 5778 1774 5850 episcopo
1800 5779 1886 5834 hic
1909 5793 2037 5834 con-

2141 4591 2484 4646 ministretei
2513 4589 2786 4656 inculpate
2823 4589 2875 4641 in
2913 4587 3205 4654 omnibus;
3243 4587 3707 4655 quemadmodum

2138 4662 2416 4724 Christus,
2451 4675 2480 4712 a
2520 4659 2700 4726 seipse
2734 4657 2867 4710 nihil
2913 4658 3140 4720 faciens,
3177 4673 3300 4724 qua:
3339 4657 3538 4724 placila
3581 4669 3712 4726 sunt

2137 4730 2285 4811 Patri
2337 4730 2480 4811 facit
2509 4725 2794 4811 seniper..M»
2825 4729 2959 4796 Cap.
2979 4727 3113 4811 -503,
3155 4727 3241 4789 Ὠς
3278 4727 3385 4811 γάρ
3415 4729 3443 4810 6
3471 4725 3712 4811 ⁸ξίριστὸς

2137 4801 2265 4854 ἄνευ
2303 4799 2396 4852 τοῦ
2435 4796 2647 4868 Πατρὸς
2678 4797 2827 4850 οὐδὲν
2856 4800 3018 4868 ποιεῖ,
3058 4796 3229 4868 οὕτως
3255 4797 3373 4850 οὐδὲ
3407 4796 3712 4868 ὁᾷδιάκονος

2137 4871 2264 4924 ἄνευ
2288 4869 2379 4922 τοῦ
2412 4864 2728 4938 ἐπισκόπου,
2755 4870 2844 4920 xui.
2865 4867 3051 4938 ὥσπερ
3083 4867 3206 4938 Υἱὸς
3229 4868 3353 4920 ἄνευ
3381 4866 3474 4919 τοῦ
3499 4864 3712 4938 Πατρὸς

2136 4941 2236 4992 οὐκ
2267 4940 2431 5003 ἐστιν,
2464 4936 2636 5000 οὕτως
2660 4937 2780 4990 οὐδὲ
2813 4936 3057 4999 διάκονος
3094 4937 3223 4990 ἄνευ
3260 4938 3352 4990 τοῦ
3379 4937 3702 4989 ἐπισκόπου.

2146 5028 2163 5059 ‹
2201 5008 2267 5063 Ut
2299 5010 2548 5062 Christus
2578 5009 2695 5060 sine
2732 5007 2890 5061 Patre
2929 5008 3071 5076 nihil
3107 5009 3238 5076 agit,
3277 5008 3358 5061 sic
3388 5023 3564 5075 neque
3589 5007 3708 5060 dia-

2139 5095 2310 5133 conus
2351 5079 2470 5132 sine
2508 5077 2762 5146 episcopo
2801 5087 2895 5131 :et
2932 5085 2991 5130 ut
3033 5075 3203 5132 Filius
3244 5078 3364 5131 sine
3404 5076 3565 5146 Patre
3595 5090 3706 5146 non

2138 5157 2242 5212 est,
2273 5149 2354 5203 sic
2379 5145 2553 5215 neque
2584 5145 2846 5201 diaconus
2871 5157 2953 5202 est
2978 5148 3098 5200 sine
3127 5148 3402 5214 episcopo.
3446 5166 3464 5197 ι
3507 5145 3571 5198 Et
3593 5145 3664 5197 44
3691 5162 3704 5196 :

2139 5219 2324 5272 Πάντα
2354 5217 2503 5288 μὲνὸ
2528 5216 2770 5288 διάκονος
2791 5217 2868 5288 τῷ
2899 5217 3181 5288 ἐπισκόπῳ
3209 5216 3546 5288 ἀναφερετω,
3571 5217 3658 5288 ὡς⁸

2138 5285 2480 5360 Χριστος
2500 5287 2693 5360 Πατρί’
2716 5285 2956 5360 Αὰλλξὸσα
2981 5286 3037 5338 δὲ
3067 5285 3307 5360 δύναται,
3346 5285 3616 5360 εῦθυνετω
3639 5285 3708 5360 δι’

2139 5355 2354 5428 ἑαυτοῦ,
2383 5355 2740 5428 λαϐὼνγπαρά
2763 5357 2855 5410 τοῦ
2895 5357 3193 5428 ἐπισκόπου
3219 5357 3315 5426 τὴν
3341 5356 3606 5420 ἐξουσίαν,
3629 5355 3706 5428 ὡς

2138 5431 2166 5482 ὀ
2205 5427 2406 5499 Κύριος
2445 5427 2598 5498 παρὰ
2641 5424 2733 5480 τοῦ
2777 5427 3082 5499 Πατρὸς-τὸ
3124 5424 3472 5497 δημιουργεῖν
3509 5428 3603 5499 xu‘t
3643 5424 3706 5499 τδ

2140 5495 2405 5570 προνοεῖν.
2454 5517 2471 5548 ι
2505 5495 2584 5570 Ac
2623 5495 2906 5570 «_liaconus
2925 5495 3143 5570 quidem
3180 5495 3273 5570 ide
3326 5495 3388 5550 re
3440 5497 3587 5570 omni
3634 5495 3704 5548 ad

2141 5565 2459 5638 episcopum
2493 5566 2712 5632 referat,
2751 5577 2816 5638 ut
2839 5565 3093 5621 Chrisuts
3130 5567 3194 5621 ad
3227 5565 3464 5620 Patrem.
3501 5565 3701 5620 Verum

2140 5654 2482 5708 qurecunque
2534 5647 2734 5706 potest,
2796 5637 2953 5708 facta
2987 5637 3362 5708 abrcpiscopo
3409 5645 3701 5708 potestate,

2141 5705 2454 5762 moderetur
2493 5705 2588 5776 per
2625 5723 2683 5761 se
2719 5723 2730 5756 :
2767 5708 2909 5760 sicut
2941 5705 3202 5761 Dominus
3221 5723 3256 5776 7a
3289 5705 3445 5763 Patre
3479 5705 3698 5763 creandi

2141 5788 2194 5836 ct
2226 5775 2538 5851 providendi
2573 5785 2890 5848 potestatem
2917 5778 3143 5847 accepit.
3172 5775 3231 5829 »Ι
3276 5826 3290 5842 ,
