4076 6390
329 329 440 386 765

1150 328 1512 386 ΕΡΙΒΤΟΙΑΕ
1553 324 2086 381 INTERI’OLATA'Z.
2120 357 2188 367 —
2229 326 2320 380 AD
2349 323 2762 380 MACNESIOS.

3503 327 3610 382 766

327 450 484 518 Μηδὲ
505 468 558 503 τι
591 450 867 521 φαινέσθω
905 452 1032 522 ὑμῖν
1055 450 1276 520 εὔλογον
1307 451 1440 521 (55),
1475 449 1626 521 παρὰ
1653 449 1751 521 τὴν
1786 447 1927 501 ὲκεί-

2028 464 2193 517 qna-m
2230 449 2483 502 videatur
2517 445 2672 500 vobis
2705 447 2903 501 rationi
2933 455 3387 512 consentaneum,
3414 456 3609 516 praner

325 557 420 593 νου
469 541 718 610 γνώμην·
760 539 821 594 τὸ
863 541 973 613 γὰρ
1009 542 1270 604 τοιοῦτον,
1310 541 1627 613 παράνομον
1656 540 1751 593 καὶ
1785 539 1920 592 Θεοῦ

323 631 542 704 ἐχθρόν’
577 632 777 695 πάντες
799 633 891 685 ἐπὶ
908 633 972 685 τὸ
997 633 1129 686 αὐτὸ
1157 635 1216 686 ἑν
1244 635 1309 704 τῇ
1344 635 1620 703 προσευχῇ
1646 631 1764 702 ἅμα
1792 650 1921 684 συν-

326 721 578 794 έρχεσθε·
621 725 719 794 μία
751 724 936 794 δέησις
957 722 1097 776 ἐστω
1120 723 1294 794 κοινὴ,
1335 720 1416 786 εἷς
1441 723 1586 786 νοῦς,
1622 723 1719 794 μία
1744 723 1919 786 ἐλπὶς,

326 816 391 867 ὲν
419 814 632 887 ἀγάπῃ,
672 817 730 867 ὲν
765 815 946 868 πίστει
981 818 1047 886 τῇ
1073 813 1292 885 ἀμώμῳ
1326 814 1460 884 (56),
1487 818 1551 886 τῇ
1584 817 1664 878 είς
1688 815 1923 886 Χριστὸν

340 904 573 976 Ἰησοῦν,
600 897 661 957 οὗ
691 906 913 974 ἄμεινον
941 904 1094 957 οὐδέν
1117 906 1253 958 ἐστι.
1274 903 1481 968 Πάντες
1509 905 1584 968 ὼς
1613 899 1714 969 εἷς’,
1737 908 1815 969 είς
1833 907 1924 959 τὸν

325 997 458 1051 ναὸν
493 997 630 1051 Θεοῦ
666 997 1009 1068 συντρέχετε,
1041 997 1118 1060 ώς
1154 997 1248 1049 ἐπὶ
1284 995 1342 1048 ἓν
1376 995 1760 1068 θυσιαστήριον
1788 997 1921 1067 (57),

328 1089 377 1120 ³⁵
414 1090 510 1142 ἐπὶ
551 1088 650 1142 ἕνα
684 1088 895 1160 Ἰησοῦν
921 1089 1183 1160 Χριστὸν,
1223 1089 1312 1142 τὸν
1344 1089 1606 1160 ἀρχιερέα
1642 1089 1736 1143 τοῦ
1770 1092 1924 1158 ἀγεν-

327 1187 496 1255 νήτου
521 1182 681 1237 Θεοῦ.
1919 1241 1923 1246 ι

400 1273 537 1329 VIII.
565 1275 657 1347 Μὴ
685 1274 962 1330 πλανᾶσθε
980 1278 1098 1339 ταῖς
1128 1275 1507 1347 ἐτεροδοξίαις,
1535 1275 1692 1344 μηδὲ
1705 1277 1920 1345 μύθοις

325 1369 570 1438 ἐνέχετε
595 1369 639 1400 ³⁸
671 1369 804 1438 (58),
825 1369 924 1422 καὶ
956 1370 1369 1438 γενεαλογίαις
1397 1368 1756 1436 ἀπεράντως
1775 1409 1789 1431 ,
1823 1370 1917 1421 καὶ

341 1462 654 1524 Ἰουδαῖκοῖς
671 1459 879 1529 τύφοις.
893 1461 968 1514 Τὰ
984 1460 1202 1530 ἀρχαῖα
1221 1459 1552 1528 παρῆλθεν,
1574 1461 1700 1514 ἰδοὺ
1718 1460 1924 1530 γέγονε

327 1553 510 1607 καινὰ
541 1553 612 1606 τὰ
627 1551 844 1605 πάντα.
878 1553 940 1605 Εἰ
971 1552 1083 1623 γὰρ
1117 1552 1279 1622 μέχρι
1305 1551 1400 1603 νῦν
1435 1551 1576 1604 κατὰ
1599 1553 1763 1623 νόμον
1801 1555 1924 1606 ’1ου-

324 1646 517 1700 δαῖκὸν
548 1646 642 1699 καὶ
669 1645 971 1718 περιτομὴν
1003 1645 1202 1718 σαρκὸς
1244 1643 1448 1716 ζῶμεν,
1485 1645 1798 1717 ἀρνούμεθα
1827 1647 1924 1718 τὴν

330 1741 494 1812 χάριν
524 1739 825 1810 εἰληφέναι.
869 1741 935 1792 Oi
980 1739 1089 1811 γὰρ
1130 1737 1400 1791 θειότατοι
1454 1739 1730 1810 προφῆται
1779 1741 1920 1794 κατὰ

340 1829 551 1900 Ἰησοῦν
590 1828 827 1901 Χριστὸν
860 1827 1080 1900 ἔζησανο
1119 1827 1209 1880 διὰ
1250 1813 1408 1880 τοῦτο
1437 1827 1532 1880 καὶ
1561 1825 1916 1898 ἐδιώχθησαν,

322 1921 693 1993 ὲμπνεόμενοι
729 1921 840 1974 ἀπὸ
874 1921 972 1991 τῆς
1004 1920 1226 1991 χάριτος
1257 1919 1391 1990 (59),
1431 1921 1512 1982 είς
1549 1919 1609 1972 τὺ
1642 1919 1917 1990 πληροφο-

325 2012 566 2084 ρηθῆναι
601 2013 728 2075 τοὺς
764 2009 1130 2074 ἀπειθοῦντας
1172 2010 1305 2081 (60),
1337 2011 1420 2064 ὃτι
1445 2004 1525 2073 εἷς
1550 2010 1682 2073 Θεός
1709 2013 1856 2064 ἐστιν
1891 2013 1920 2064 ὁ

321 2103 798 2177 παντοκράτωρ,ὁ
826 2101 1147 2173 φανερώσας
1192 2103 1386 2156 ἑαυτὸν
1429 2103 1518 2156 διὰ
1568 2101 1743 2174 Ἰησοῦ
1785 2105 1919 2173 Χρι-

324 2197 458 2253 στοῦ
487 2197 580 2251 τοῦ
604 2196 738 2250 Υίοῦ
771 2196 960 2260 αὐτοῦ,
993 2197 1053 2259 ὃς
1098 2199 1248 2250 ἐστιν
1285 2194 1451 2249 αὐτοῦ
1489 2196 1682 2264 Λόγος,
1715 2196 1778 2248 οὐ
1820 2198 1919 2268 ρη-

322 2293 442 2356 τὸς,
489 2289 605 2346 ἀλλ’
648 2287 933 2360 οὐσιώδηςο
961 2281 1047 2341 ὀὐ
1093 2289 1202 2360 γάρ
1255 2290 1373 2340 ἐστι
1414 2289 1604 2352 λαλιᾶς
1652 2289 1917 2362 ἐνάρθρου

323 2385 588 2455 φώνημα,
617 2381 733 2436 ἀλλ’
766 2380 1046 2452 ἐνεργείας
1083 2379 1274 2449 θεῖκῆς
1310 2380 1469 2434 οὐσία
1512 2385 1750 2454 γεννητὴ
1783 2383 1916 2452 (61),

321 2475 390 2540 ὃς
422 2475 604 2528 πάντα
641 2473 1076 2544 κατευαρέστησε
1108 2469 1187 2541 τῷ
1221 2470 1498 2541 πέμψαντι
1527 2472 1690 2526 αὐτόν
1711 2474 1756 2504 ³⁸
1783 2473 1914 2545 (62).

402 2651 496 2707 IX.
522 2654 586 2706 Εί
607 2646 702 2706 οῦν
719 2652 768 2704 οἱ
784 2651 828 2683 ³⁹
842 2650 1096 2714 παλαιοῖς
1111 2649 1435 2722 γράμμασιν
1460 2654 1916 2723 ὰναστραφέντες,

321 2747 410 2807 εἰς
431 2744 731 2813 καινότητα
748 2741 792 2772 ⁵ο
814 2740 1030 2804 ἐλπίδος
1056 2741 1168 2811 (65)
1198 2737 1384 2812 ἦλθον,
1415 2743 1761 2815 ἐκδεχόμενοι
1789 2747 1922 2817 Χρι-

326 2835 481 2890 στόν·
506 2836 583 2898 ὡς
613 2836 642 2887 ὁ
668 2833 876 2905 Κύριος
913 2832 1180 2895 διδάσκει,
1230 2833 1426 2902 λέγων’
1473 2838 1543 2888 Ei
1577 2835 1921 2892 ἐπιστεύετε

321 2927 539 2984 Μωσεῐ
551 2926 1021 2990 ⁵¹,ἐπιστεύσατε
1042 2925 1119 2979 ἂν
1139 2925 1290 2994 ἐμοί·
1317 2926 1449 2993 περὶ
1470 2929 1580 2994 γὰρ
1601 2927 1748 2996 ἐμοῦ
1771 2930 1922 2983 ἐκεῖ..

320 3038 440 3087 νος
462 3020 708 3089 ἔγραψε.
733 3019 861 3072 Καί·
903 3019 1148 3088 Ἀϐραὰμ
1170 3022 1203 3072 ὁ
1230 3017 1426 3086 πατὴρ
1448 3018 1615 3088 ὑμῶν
1633 3020 1921 3089 ἠγαλλιά-

2029 540 2499 608 illiusjudicinm;
2535 539 2682 605 quod
2706 541 2852 593 enim
2879 539 2986 592 tale
3014 549 3120 600 est,
3159 537 3408 608 iniquum
3443 545 3527 593 est
3553 549 3610 592 et

2028 631 2141 685 Deo
2187 631 2492 684 inimicum.
2539 629 2744 684 Omnes
2789 631 2855 684 ad
2901 630 3170 684 orandum
3219 629 3273 683 in
3314 630 3456 683 idem
3501 629 3608 683 loci

2027 723 2353 796 convenite:
2393 725 2464 778 sit
2495 740 2603 777 una
2645 723 2956 778 communis
2983 723 3246 793 Precatio,
3283 737 3389 776 una
3428 738 3605 786 mens,

2027 831 2135 870 una
2182 831 2328 882 spes,
2376 816 2431 868 in
2483 815 2774 879 charitate,
2813 815 2868 868 in
2901 815 3004 867 lide
3050 814 3348 882 inculpata,
3393 828 3517 881 quae
3550 812 3606 866 in

2025 907 2303 960 Christum
2335 905 2545 969 Jesum,
2584 923 2695 976 quo
2725 906 2860 959 nihil
2897 905 3244 973 praestantius
3266 913 3367 959 est.
3402 902 3608 958 Omnes

2025 997 2173 1050 velut
2192 1013 2336 1051 unus
2362 999 2414 1050 in
2435 999 2696 1066 templum
2714 995 2806 1050 Dei
2831 997 3163 1060 concurrite,
3179 997 3324 1050 velut
3349 997 3414 1050 ad
3435 1012 3608 1050 unum

2023 1089 2230 1152 altare,
2265 1089 2415 1143 velut
2447 1090 2514 1142 ad
2547 1106 2717 1143 unum
2757 1088 2944 1144 .Iesum
2976 1089 3282 1153 Christum,
3325 1104 3604 1144 summum

2026 1183 2363 1237 sacerdotem
2386 1183 2475 1236 Dei
2496 1183 2750 1253 ingeniti.

2097 1274 2231 1328 VIII.
2267 1273 2344 1327 Ne
2377 1275 2659 1343 patiamini
2709 1289 2804 1328 vos
2843 1275 3030 1329 seduci
3063 1274 3259 1329 alienis
3289 1273 3557 1330 doctrinis
3584 1292 3600 1339 ;

2026 1383 2186 1436 neque
2206 1366 2401 1435 fabulis
2421 1365 2763 1426 incumbatis,
2782 1375 2830 1417 et
2850 1365 3166 1435 genealogiis
3180 1364 3606 1428 interminatis”,

2023 1471 2079 1514 et
2112 1459 2274 1514 fastui
2329 1457 2580 1512 Jodaieo.
2644 1457 2830 1511 Vetera
2885 1458 3251 1520 transierunt;
3297 1473 3413 1509 ecce
3460 1457 3608 1525 facta

2024 1563 2146 1605 sunt
2175 1553 2355 1605 omnia
2389 1568 2520 1604 nova
2549 1551 2614 1604 ³⁷.
2648 1550 2704 1604 Si
2738 1566 2974 1618 namque
3009 1549 3192 1602 adhuc
3231 1548 3394 1618 juxta
3423 1549 3589 1619 legen

2025 1645 2310 1700 Judaieam
2340 1652 2395 1698 et
2423 1643 2908 1698 circnmeisionem
2943 1641 3129 1696 carnis
3153 1641 3479 1704 vixerimus,
3514 1656 3596 1696 ne-

2027 1754 2220 1808 gamus
2250 1753 2348 1792 nos
2380 1737 2608 1806 gratiam
2655 1736 2951 1804 accepisse.
2988 1733 3328 1788 Divinissimi
3372 1748 3609 1802 namque

2024 1830 2304 1900 prophetae
2357 1829 2513 1898 juxta
2559 1827 2747 1882 Jesum
2805 1827 3088 1881 Christum
3131 1826 3506 1879 vixeruntzet
3535 1824 3610 1877 ob

2023 1925 2126 1976 hoc
2160 1921 2597 1990 persecutionem
2640 1919 2788 1988 passi
2824 1927 2972 1982 sunt,
3023 1918 3198 1989 gratia
3227 1916 3502 1986 inspirati,
3549 1925 3609 1969 ut

2022 2016 2154 2069 certi
2202 2013 2562 2068 redderentur
2608 2012 2901 2077 increduli,
2947 2010 3097 2080 quod
3147 2025 3292 2064 unus
3335 2009 3478 2062 Dens
3521 2018 3609 2062 est

2021 2108 2388 2177 omnipotens,
2430 2106 2522 2176 qui
2571 2105 2813 2175 seipsum
2870 2102 3244 2157 manifestavit
3285 2116 3381 2170 per
3416 2099 3604 2154 Jcsum

2020 2200 2300 2255 Christum
2325 2199 2525 2253 Filium
2560 2214 2744 2262 suum,
2781 2197 2872 2266 qni
2906 2206 2990 2251 est
3020 2196 3194 2266 ipsius
3213 2193 3604 2258 Verbum,non

2022 2292 2462 2361 pronuntiatum,
2497 2291 2590 2345 sed
2619 2289 3018 2355 substantiale;
3045 2305 3146 2344 nec
3175 2288 3322 2342 enim
3352 2297 3437 2342 est
3469 2289 3606 2341 arti-

2021 2385 2190 2440 culati
2231 2383 2503 2439 sermonis
2553 2397 2682 2449 vox,
2741 2385 2836 2438 sed
2888 2382 3090 2437 divinae
3137 2380 3391 2435 eliicaeiae
3423 2380 3604 2449 genita

2022 2477 2332 2533 substantia
2367 2491 2381 2528 :
2409 2477 2502 2547 qui
2521 2492 2618 2546 per
2647 2475 2832 2530 omnia
2861 2473 3193 2544 complacuit
3223 2472 3273 2526 ei
3295 2471 3390 2542 qui
3426 2471 3604 2541 ipsum

2021 2565 2268 2619 miserat.

2092 2654 2182 2707 IX.
2211 2653 2266 2708 Si
2302 2653 2470 2724 igitur
2494 2655 2588 2724 qui
2630 2654 2684 2708 in
2713 2655 2940 2710 vetustis
2967 2655 3166 2710 litteris
3203 2653 3605 2724 scripturisque

2025 2747 2227 2800 versati
2283 2753 2436 2811 sunt,
2485 2746 2550 2799 ad
2585 2745 2880 2800 novitatem
2923 2747 3038 2815 spei
3081 2753 3368 2806 venerunt,
3407 2761 3604 2814 exspe-

2025 2848 2237 2895 ctantes
2266 2838 2584 2905 Christum;
2639 2848 2699 2893 ut
2739 2839 3004 2892 Dominus
3045 2841 3224 2903 docet,
3271 2839 3503 2893 dicens:
3542 2838 3603 2892 Si

2025 2933 2307 2986 crederetis
2361 2929 2558 3000 Moysi,
2633 2931 2912 2984 crederetis
2950 2941 2999 2983 et
3039 2931 3166 2984 mihi
3201 2947 3220 2984 :
3249 2930 3314 2984 de
3344 2947 3424 2984 me
3461 2933 3605 2984 enim

2023 3023 2232 3091 scripsit
2275 3022 2367 3076 ille
2390 3023 2458 3077 θ’.
2487 3020 2588 3075 Et:
2620 3021 2888 3085 Abraham
2927 3032 3080 3090 pater
3122 3031 3289 3075 vester
3316 3021 3604 3076 exsultavit

323 3129 506 3176 σατο,
547 3112 650 3164 ἵνα
678 3109 774 3178 ἴδῃ
813 3108 928 3179 τὴν
960 3107 1192 3178 ἡμέραν
1230 3107 1344 3176 τὴν
1385 3108 1561 3177 ἐμὴν,
1614 3110 1712 3162 καὶ
1754 3108 1917 3177 εἶδε,

2024 3125 2081 3169 ut
2107 3115 2303 3170 videret
2326 3116 2467 3169 diem
2505 3130 2697 3180 meum,
2721 3123 2770 3168 et
2812 3113 2962 3178 vidit,
2988 3123 3037 3167 et
3068 3115 3280 3182 gavisus
3313 3123 3411 3168 est.
3442 3113 3602 3166 Ante-

404 3254 454 3285 ³⁸
476 3267 583 3324 ms.
617 3252 694 3315 ὡς
728 3267 970 3321 prmpon.
1013 3251 1154 3324 "al.
1182 3252 1423 3321 ἀνέχετε.
1482 3252 1573 3304 ³⁸1
1607 3251 1750 3306 Tim.
1777 3271 1816 3320 ι,
1854 3257 1908 3309 4.

2027 3259 2072 3309 Il
2105 3256 2230 3310 Cor.
2269 3272 2320 3318 ν,
2359 3255 2445 3308 17.
2504 3254 2549 3285 ³³
2567 3269 2666 3324 pro
2698 3255 2782 3308 his
2819 3269 2921 3308 ms.
2961 3253 3123 3308 habet
3141 3255 3198 3305 ἐν
3222 3253 3388 3305 πᾶσιν
3415 3250 3606 3323 εὐάρε-

323 3341 458 3387 στος
480 3323 557 3394 τῷ
595 3324 986 3392 ὑποστήσαντι.
1062 3322 1106 3354 ³⁹
1136 3338 1242 3376 ms.
1273 3324 1333 3374 ἐν
1357 3325 1524 3378 inser.
1601 3324 1648 3356 ⁵ο
1673 3325 1746 3378 al.
1772 3327 1935 3379 κενότι

2024 3345 2058 3379 ι.
2134 3327 2176 3358 δι
2202 3325 2274 3380 al.
2306 3327 2499 3396 Μωσῇ.
2567 3322 2622 3356 ’δ’
2645 3325 2800 3378 Joan.
2830 3340 2882 3390 ν,
2911 3324 2999 3377 46.

407 3471 424 3523 ί
432 3467 522 3532 55)
539 3466 728 3539 LMndé
757 3465 1139 3539 τιφαινέσθρ
1161 3466 1305 3534 ὑμῖν
1334 3467 1593 3536 εὔλογον
1611 3509 1626 3532 ,
1652 3485 1826 3539 usque
1848 3471 1916 3525 ad

324 3533 426 3604 εἷς
453 3537 623 3602 νοῦς.
675 3533 1002 3605 Anglican.:
1039 3557 1055 3584 ι
1094 3533 1280 3605 Neque
1324 3533 1545 3590 tentetts
1597 3533 1923 3595 rationabile

324 3606 1118 3678 aliquidappareretproprie
1177 3606 1371 3678 vobis;
1431 3608 1525 3678 sed
1577 3607 1632 3661 in
1686 3610 1923 3678 idipsum

325 3675 447 3736 una
473 3675 634 3740 ratio,
661 3692 769 3730 una
800 3675 1134 3745 deprecatio,
1161 3692 1302 3730 unus
1330 3677 1693 3732 intellectus.)
1720 3675 1920 3734 (issent.

408 3752 522 3822 (56)
573 3749 670 3822 Ἐν
690 3746 893 3822 πίστει
919 3746 991 3814 τῇ
1015 3745 1252 3815 ἀμώμῳ.
1270 3747 1578 3816 Anglican.,
1601 3767 1618 3798 ‹
1646 3749 1699 3802 in
1725 3753 1925 3818 gaudio

331 3815 781 3889 ilicoinquinato.
820 3835 840 3871 ›
871 3815 944 3871 ID-

407 3893 523 3961 (57)
549 3882 794 3961 ’Πάντες
815 3890 896 3954 ὡς
920 3882 1029 3955 εἷς,
1051 3886 1140 3961 εἰς
1176 3884 1282 3938 τὸν
1312 3884 1471 3961 ταὼς
1504 3887 1651 3940 Θεοῦ
1675 3889 1926 3961 σ’ῃντρέ-

324 3953 596 4032 χετε,’ώς
625 3958 725 4012 ἐπὶ
749 3953 819 4013 ἓν
841 3953 1601 4032 θυσιαστήριον,Λιείςιίρίιιι.
1624 3975 1651 4032 εγ
1668 3977 1684 4008 ι
1711 3953 1914 4013 Omnes

327 4024 396 4084 iit
432 4034 489 4086 in
533 4024 702 4086 unum
747 4030 1005 4098 templum
1053 4024 1365 4084 concurrite
1392 4024 1509 4094 Ilei,
1538 4035 1597 4080 ut
1643 4031 1695 4080 in
1743 4045 1912 4082 unum

324 4103 529 4156 altare.
563 4121 582 4152 ι
637 4098 736 4172 Ubi
789 4101 1049 4172 observa,
1091 4099 1215 4172 ναρν
1257 4108 1330 4172 et
1366 4098 1749 4172 θυσιαστήριον
1799 4114 1913 4156 rem

327 4187 504 4226 unam
517 4169 825 4239 eteamdﬁem
845 4170 1129 4239 denotare.
1151 4167 1304 4223 Unde
1323 4171 1376 4223 in
1393 4167 1670 4239 Polycarpi
1691 4174 1761 4224 ad
1786 4172 1916 4226 Phi-

323 4242 618 4310 lippenses,
647 4249 700 4292 et
731 4238 936 4310 lgnatio
971 4239 1039 4291 ad
1079 4237 1372 4310 Tarsenses
1415 4229 1912 4310 tributa-Epistula,

325 4308 722 4380 θυσιαστήριον
752 4309 908 4371 Θεοῦ,
940 4325 970 4360 a
1003 4309 1221 4378 vulgato
1250 4308 1447 4380 Latino
1473 4308 1764 4380 interprete
1787 4331 1805 4362 ι
1830 4329 1918 4366 sa-

325 4378 726 4443 crarium‘Dei,
765 4397 782 4429 ι
824 4389 967 4432 recte
991 4388 1074 4432 est
1097 4381 1388 4433 redditum.
1419 4378 1492 4431 ID.

2027 3472 2286 3540 quodque
2310 3469 2560 3538 agnoscit
2590 3467 2866 3522 Barbarus
2885 3463 3424 3540 _interpres._I\'_eque
3453 3476 3605 3520 caret

2026 3537 2280 3609 exemplo
2312 3540 2628 3607 hujnsmodi
2690 3538 2935 3606 acceptio
2977 3539 3127 3609 vocis
3168 3537 3605 3609 oﬁc£a_:_ntpote

2027 3627 2148 3680 qua:
2179 3605 2502 3680 locupletem
2527 3617 2581 3662 et
2609 3605 2872 3680 idoneum
2895 3618 3085 3680 testem
3116 3607 3310 3680 habeat
3342 3605 3599 3680 Photiunt

2028 3675 2370 3733 Bibliotliecw
2407 3679 2530 3732 cod.
2573 3678 2673 3732 119
2703 3677 2779 3730 De
2807 3676 3004 3732 Pierio.
3051 3675 3360 3742 Quinetiam
3408 3675 3598 3728 οὐσίαν

2026 3753 2292 3820 γεννητὴν
2333 3748 2848 3820 exserteprmdieat
2891 3745 3229 3815 Epiphanius
3273 3746 3333 3820 _in
3393 3743 3600 3820 Παιῳεὶ

2033 3814 2406 3872 Ἁηωὶιίέονιηη
2435 3835 2484 3886 p.
2514 3814 2639 3878 942,
2661 3814 3089 3887 Chrysostomns
3121 3830 3248 3870 vero
3273 3817 3496 3887 humilia
3522 3814 3602 3868 De
3680 3844 3690 3854 -

2026 3885 2490 3949 cousubstantinli,
2522 3897 2653 3940 tom.
2689 3885 2923 3957 l,negat
2946 3886 3142 3957 Filium
3173 3901 3295 3957 esse
3332 3885 3429 3957 τὴν
3458 3888 3602 3957 πρώ-

2026 3977 2124 4029 την
2161 3959 2256 4011 καὶ
2291 3960 2588 4029 ἀγέννητον
2633 3955 3014 4029 οὐσίανέῗρυὶε
3057 3956 3319 4029 Gregorio
3353 3955 3600 4029 Nysseno

2022 4025 2162 4082 orat.
2193 4030 2254 4081 I2
2279 4025 2704 4090 inEun'omium,
2733 4043 2784 4095 p.
2822 4026 2944 4092 7‘39,
2983 4037 3067 4080 est
3103 4029 3136 4096 ἡ
3170 4026 3243 4096 μὴ
3279 4025 3602 4094 γεννηθείσα

2024 4099 2200 4151 οὐσία.
2249 4097 2394 4151 Inter
2432 4097 2654 4150 Latinos
2699 4107 2880 4150 autem
2930 4095 3145 4151 usitatae
3176 4095 3394 4150 Hilario
3438 4113 3599 4150 voces

2027 4178 2198 4228 sunt:
2236 4188 2259 4223 ε
2288 4167 2490 4227 Natura
2541 4167 2743 4243 genita.
2788 4164 3013 4243 _Natura_
3049 4167 3348 4243 unigenita.
3402 4167 3597 4243 Genita

2029 4243 2109 4296 vel
2139 4253 2262 4297 nata
2297 4236 2578 4296 divinitas:
2622 4238 2892 4295 Dirinilas
2925 4237 3222 4302 unigenita.
3265 4236 3470 4290 Natura
3511 4238 3598 4288 in-

2063 4311 2434 4367 enita.Natura
2459 4308 3056 4381 gignenannas‘t'ihiUs
3069 4309 3325 4381 essentia.
3341 4327 3358 4358 ι
3381 4307 3458 4359 Ad
3480 4307 3593 4360 lnrc

2075 4385 2352 4436 atinorum
2397 4377 2618 4449 quidam
2671 4382 2992 4436 substantia:
3040 4377 3280 4449 nomine,
3311 4378 3596 4449 loquentes

407 4451 523 4533 (“58)
562 4435 953 4533 ῃιηδὲμύρρις
980 4447 1238 4528 erexere.
1271 4449 1405 4533 Cod.
1440 4451 1749 4533 Augustam
1758 4472 1770 4506 :
1783 4435 1918 4524 μηδὲ

2024 4454 2354 4533 ἀθ,νυι·β‹)ειίι
2401 4435 2653 4533 ἀιιιιιψν.
2696 4450 2900 4533 Verum.
2940 4435 3282 4521 frequentius
3315 4435 3597 4533 tut-iusque

328 4518 531 4592 μύθοις
552 4521 796 4590 ἀνέχετε.
831 4518 1415 4592 ΝΥιΙρςυϐϐἱὶὶΙΙξ-μῃδὲ
1441 4519 1642 4592 μύθους
1667 4518 1880 4592 ἐνέχετε
1903 4543 1915 4576 :

327 4589 568 4662 uterque
613 4589 933 4662 ineongrue.
984 4589 1171 4662 Itaque
1230 4589 1491 4662 Vedelius
1534 4591 1663 4662 legit
1707 4609 1719 4643 :
1757 4589 1920 4662 ’Μηδὲ

327 4658 535 4733 μύθοις
565 4658 837 4733 ἐνέχεσθε,
865 4678 884 4710 ι
921 4674 1000 4733 ne
1022 4659 1375 4733 implieemini
1416 4658 1646 4733 tabulis,
1683 4679 1749 4716 ne
1775 4658 1918 4716 deti-

328 4727 579 4784 iieamini
601 4727 828 4802 ali—illis,
856 4747 874 4778 ι
897 4729 1002 4802 nisi
1038 4727 1227 4802 μύθοις
1259 4729 1555 4802 προσέχετε
1589 4732 1761 4800 legere
1793 4735 1920 4802 quis

326 4802 511 4864 malit,
541 4816 606 4853 ex
637 4800 654 4853 l
687 4798 830 4853 Tim.
868 4815 906 4865 ι,
932 4799 987 4865 4,
1013 4804 1156 4853 unde
1181 4798 1361 4852 locum
1391 4799 1536 4855 hunc
1561 4798 1922 4858 constatesse

324 4873 526 4926 desum
537 4879 709 4937 ptum.
749 4868 820 4921 ID.

406 4940 520 5010 (59)
569 4940 985 5012 Ἐμπνεόμενοι
1013 4940 1131 5012 ἀπὸ
1170 4938 1281 5012 τῆς
1310 4937 1573 5012 χάριτος.
1607 4942 1914 5012 Anglican:

333 5029 356 5062 ι
397 5011 651 5079 inspirati
683 5028 711 5062 a
743 5011 918 5080 gratia
941 5010 1134 5078 ipsius.
1168 5028 1186 5060 ι
1227 5010 1343 5063 Vet.
1374 5011 1632 5079 vulgatu
1665 5010 1916 5080 inspirati

327 5082 556 5149 gratia;
594 5101 612 5132 ι
650 5080 732 5134 sic
755 5079 922 5133 enim
977 5080 1170 5150 legunt
1202 5095 1336 5134 mss.
1371 5095 1502 5147 non,
1538 5101 1556 5132 ι
1618 5079 1918 5150 inspirante

328 5148 530 5221 gratia,
571 5169 589 5201 ι
627 5161 684 5204 ut
707 5151 907 5221 habent
924 5149 1086 5221 editi._
1106 5148 1180 5200 ID.

406 5220 520 5290 (60)
594 5219 1024 5285 Ἀπειθοῦντας.
1071 5219 1144 5274 Ita
1196 5218 1914 5289 Nydpruccianus'codex,

330 5299 502 5358 atque
527 5291 692 5344 etiam
722 5291 1111 5358 Augustanus;
1160 5290 1266 5343 nisi
1304 5292 1448 5358 quod
1500 5292 1552 5344 in
1583 5308 1671 5355 eo,
1706 5292 1913 5345 librarii

328 5375 540 5422 errore,
569 5361 844 5415 scribatur
874 5360 1254 5422 ἀπειτοῦντας,
1297 5376 1397 5431 pro
1444 5377 1556 5429 quo
1583 5362 1915 5416 recentiores

330 5431 596 5491 editores,
651 5431 771 5484 sine
817 5445 1020 5492 causa,
1075 5431 1477 5484 substituerunt
1525 5431 1911 5494 ἀπιστοῦντας.

329 5498 533 5552 Noster
570 5501 860 5568 interpres,
895 5518 912 5548 ι
947 5500 1319 5568 impersuasos
1356 5519 1376 5551 ι
1423 5502 1656 5556 reddidit
1696 5517 1708 5552 :
1757 5512 1914 5557 vetus

331 5571 611 5636 vulgatus,
644 5589 662 5619 ι
694 5571 1026 5622 incredulos.
1069 5588 1086 5619 ι
1116 5569 1183 5620 In.

408 5639 522 5707 (61)
577 5640 904 5708 Ἐνεργείας
931 5639 1135 5705 θεϊκῆς
1178 5639 1357 5694 οὐσία
1403 5641 1681 5709 Termini.
1723 5640 1910 5696 Usiant

336 5708 444 5764 hoc
471 5710 590 5781 loco
619 5711 686 5763 de
721 5712 998 5778 bypostasi
1033 5711 1234 5781 dictam
1264 5708 1431 5765 fuisse
1458 5713 1651 5765 suadet
1691 5713 1912 5781 partici-

333 5781 484 5848 pium
511 5780 897 5852 ὑποστήσαντι,
914 5779 1059 5853 quod
1084 5781 1329 5854 sequitur
1351 5783 1406 5838 in
1427 5783 1610 5840 codice
1628 5779 1909 5853 Tliuanco,

2024 4517 2145 4577 usia
2183 4524 2252 4575 ab
2291 4523 2592 4591 bypostasi,
2631 4523 2938 4575 substantia
2969 4539 2999 4576 a
3034 4517 3265 4590 persona
3302 4517 3596 4585 distingui-

2022 4602 2112 4646 tur
2139 4610 2151 4645 :
2179 4595 2249 4646 ita
2284 4604 2342 4646 ut
2386 4592 2504 4646 Filii
2554 4593 2866 4661 hypostasis
2901 4609 2966 4646 ae
2993 4608 3227 4661 persona
3255 4592 3470 4646 dicatur
3502 4603 3594 4660 ge-

2021 4665 2158 4727 nita,
2186 4679 2294 4715 non
2322 4664 2439 4716 usia
2471 4672 2524 4717 et
2552 4663 2880 4726 substantia,
2910 4679 3004 4716 seu
3033 4671 3226 4714 natura
3255 4673 3309 4716 et
3334 4662 3592 4716 essentia.

2021 4735 2141 4799 Quo
2165 4742 2219 4785 et
2242 4733 2603 4802 pertinentde
2634 4732 2854 4802 nomine
2880 4732 3189 4802 bypostasis
3221 4732 3380 4802 verba
3411 4729 3593 4802 Theo-

2020 4805 2140 4856 (lori
2176 4799 2404 4856 Studitte
2428 4803 2493 4856 ad
2526 4799 3181 4869 Naucratium,corrupta
3220 4801 3272 4854 in
3305 4799 3594 4853 Theodoro

2023 4873 2364 4935 Balsamone,
2398 4889 2453 4940 p.
2487 4871 2647 4934 1100,
2687 4873 3010 4938 corrigenda
3039 4887 3107 4924 ex
3149 4887 3251 4924 ms.
3295 4869 3462 4936 Regio
3485 4870 3592 4923 709

2019 4943 2098 4996 sic
2116 4962 2141 5020 ,ε
2168 4945 2230 4996 Oi
2259 4943 2316 4995 δὲ
2341 4942 2582 5020 δεύτεροι
2616 4941 2755 5020 κατὰ
2785 4941 3266 5020 κατάχρησινζκα).
3290 4941 3366 5020 ώς
3392 4944 3459 5020 ἐκ
3487 4940 3595 5020 τών

2018 5012 2247 5084 πρώτων
2264 5009 2628 5084 παρηγμένοι.
2657 5009 3068 5084 Ὁμολογοῦντες
3140 5013 3287 5080 ὅμως
3302 5013 3380 5074 εἰς
3392 5009 3595 5084 Τριάδα

2019 5080 2110 5135 καὶ
2139 5080 2413 5135 πιστεύειν
2453 5080 2548 5134 καὶ
2581 5081 2858 5151 βαπτίζειν
2898 5084 2955 5134 ἐν
3000 5081 3248 5151 ἰδιώματι
3281 5082 3466 5150 οἰκείῳ
3495 5080 3594 5148 τῆς

2017 5154 2252 5222 ἑκάστης
2279 5152 2647 5222 ὑποστάσεως,
2680 5151 2914 5222 καὶούχ).
2945 5154 3070 5222 μιᾶς
3091 5152 3199 5203 τῶν
3230 5153 3397 5222 τριών
3421 5153 3595 5220 ὑπαρ-

2017 5171 2252 5222 εκαστης
2279 5171 2647 5216 υποστασεως,
2680 5171 2774 5202 και
2794 5171 2853 5203 ου
2878 5171 2914 5220 δι
2945 5171 3070 5222 μιας
3091 5171 3127 5203 τι

2016 5223 2238 5293 χούσης,
2270 5223 2372 5275 κᾶν
2403 5225 2459 5274 ὲν
2493 5221 2673 5293 ἄλλοις
2698 5171 2963 5293 ᾑρέτιέον.
2991 5224 3127 5276 (lor.

2087 5290 2312 5346 ibidem.
2364 5292 2689 5360 ’Erspyet'ac
2712 5290 2915 5362 (ξεϊλιῆς
2941 5294 3121 5345 οὐσία
3157 5292 3434 5362 γεννητή.
3460 5290 3594 5347 Vide

2015 5360 2422 5430 Prolegomen.,
2456 5379 2575 5429 cap.
2610 5363 2694 5414 I5.
2727 5360 2924 5416 Ussrzn.

2089 5433 2201 5502 (6‘2)
2247 5432 2331 5496 Τῷ
2363 5432 2665 5500 πέμψαντι
2688 5433 2890 5484 αὐτόν.
2924 5431 3140 5501 V'nlgat.
3175 5434 3595 5501 interpr.:¢snb.

2015 5503 2284 5625 ftitntori,
2305 5521 2324 5552 ›
2343 5518 2443 5572 pro
2469 5519 2579 5572 quo
2607 5503 2890 5556 substituit
2907 5502 3110 5573 Faber;
3132 5523 3149 5554 ι
3173 5520 3273 5558 suo
3299 5504 3551 5572 genitori.
3569 5523 3587 5554 ι

2040 5581 2090 5621 o.

2040 5581 2090 5621 ι).

2085 5643 2198 5712 (65)
2238 5646 2341 5708 Εἰς
2387 5643 2702 5710 καινότητα
2739 5643 3003 5708 ἐλπίδος.
3058 5644 3193 5698 Cod.
3239 5648 3468 5714 August.
3509 5648 3589 5710 εἰς

2014 5714 2276 5783 κενότητα
2303 5715 2516 5776 ἐλπίδος
2542 5731 2553 5766 :
2585 5725 2639 5768 et
2679 5715 2881 5784 vulgat.
2919 5716 3113 5784 Intel'p.
3147 5715 3396 5769 similiter
3422 5733 3434 5767 :
3465 5733 3484 5765 ι
3519 5719 3584 5769 all

2013 5800 2240 5841 vacuam
2295 5801 2469 5857 spem.
2513 5806 2529 5837 ν
2561 5784 2731 5857 Cujus
2787 5786 3038 5844 lectionis
3091 5786 3484 5844 absurditatent
3522 5798 3582 5845 ut
