4076 6396
470 407 569 463 771

1313 407 1404 462 AD
1439 409 1822 468 EPISTOLAS
1856 412 1914 469 S.
1953 415 2211 474 ICNA'I‘II
2247 419 2603 478 GENUINAS
2637 424 3001 482 APPENDIX.

3645 438 3756 494 772

467 529 559 599 gui
593 534 958 598 c0gnomento
988 526 1134 597 quod
1170 531 1502 600 accepimus.
1539 533 1643 600 Qui
1678 552 1915 606 namque
1944 539 2026 592 alii

2105 541 2295 608 ιᾶξιοι
2328 543 2430 614 τῆς
2464 547 2782 617 ἐπωνυμίας
2813 545 2882 622 ἦς
2918 550 3222 622 εἰλήφαμεν
3259 551 3410 622 (85)·
3448 554 3507 619 ὃς
3541 555 3650 628 γὰρ
3684 558 3752 614 ἂν

467 621 689 674 nomine
714 621 1020 690 appellatur
1050 631 1245 689 prreter
1277 628 1400 690 hoc,
1423 625 1509 681 hic
1540 645 1645 682 non
1673 638 1758 683 cst
1785 628 1898 683 Dei.
1931 629 2047 685 Non

461 712 605 765 enim
659 712 903 781 suscepit
998 713 1346 781 prophetiam
1405 715 1676 772 dicentem
1731 718 1799 772 de
1852 719 2046 774 nobis:

475 801 758 857 Vocabitur
803 805 1014 857 nomine
1064 821 1224 871 novo,
1279 807 1420 874 quod
1457 807 1717 862 Dominus
1751 811 2045 863 nominabit

456 893 642 959 illum;
671 907 719 950 et
740 897 839 950 erit
855 896 1078 965 populus
1102 909 1318 952 sanctus
1339 899 1403 952 ⁶⁰.
1428 898 1582 967 Quod
1607 901 1784 971 primo
1810 904 1863 956 in
1887 904 2044 973 Syria

457 987 741 1058 impletum
770 998 887 1054 est;
928 988 1234 1044 Antiochiae
1281 991 1426 1044 enim
1475 993 1736 1062 primum,
1787 995 2041 1064 discipuli

454 1081 708 1152 appellati
753 1091 884 1138 sunt
916 1082 1216 1136 Christiani
1254 1083 1319 1147 ει,
1367 1100 1490 1138 cum
1525 1084 1729 1140 Paulus
1764 1095 1818 1140 et
1847 1085 2042 1143 Petrus

455 1172 754 1228 fundarent
783 1172 1105 1228 Ecclesiatn.
1139 1172 1372 1242 Abjicite
1404 1174 1569 1244 igitur
1596 1176 1822 1243 malum,
1859 1186 2037 1244 vetus,

449 1277 505 1323 et
547 1269 830 1340 putridum
881 1268 1208 1324 fermentum
1259 1269 1342 1330 ⁸³,
1390 1277 1446 1322 et
1489 1271 1929 1324 transmutamini
1982 1272 2036 1326 in

451 1377 649 1416 novum
695 1361 1025 1416 fermentum
1074 1363 1280 1433 gratiae.
1328 1362 1582 1416 I-Iahitate
1616 1364 1668 1415 in
1697 1363 1942 1427 Christo,
1970 1377 2037 1417 ne

447 1455 662 1508 alienus
712 1453 1026 1508 dominetur
1086 1456 1260 1510 vobis.
1336 1456 1647 1510 Absurdum
1704 1465 1788 1510 est
1845 1455 2031 1511 Jesum

446 1545 726 1601 Christum
761 1561 956 1600 sonare
993 1547 1198 1617 lingua,
1227 1557 1280 1601 ct
1311 1548 1514 1603 habere
1547 1550 1602 1602 in
1639 1560 1817 1603 mente
1854 1549 2031 1603 aboli-

445 1647 561 1692 tum
593 1636 960 1692 Judaismum.
991 1637 1093 1694 Ubi
1124 1641 1269 1694 enim
1301 1641 1885 1708 cstChristianismus,
1921 1658 2029 1696 non

442 1729 907 1796 estJudaismus;
961 1747 1086 1785 nam
1136 1748 1282 1787 unus
1319 1742 1403 1786 est
1440 1731 1721 1799 Christus,
1767 1735 1820 1787 in
1863 1750 2028 1804 quem

443 1836 576 1891 gens
608 1823 791 1877 omnis
820 1823 1073 1889 credens,
1107 1833 1162 1876 et
1193 1824 1377 1879 omnis
1418 1825 1600 1894 lingua
1633 1827 1924 1891 conlitens,
1958 1827 2026 1880 ad

2151 635 2297 706 ἄλλῳ
2351 637 2576 707 ὀνόματι
2631 640 2875 694 καλεῖται
2929 642 3112 696 πλεῖον
3161 645 3352 698 τούτου
3377 687 3392 711 ,
3443 639 3600 712 οὗτος
3650 650 3753 704 οὐκ

2149 727 2265 781 ἔστι
2299 727 2392 780 τοῦ
2426 729 2584 782 Θεοῦ·
2618 732 2691 783 Of)
2723 733 2832 804 γὰρ
2869 734 3114 788 δέδεκται
3147 737 3246 808 τὴν
3280 740 3619 811 προφητείαν
3649 742 3751 813 τὴν

2147 817 2411 887 λέγουσαν
2464 822 2593 893 περὶ
2661 821 2842 891 ήμώνο
2908 823 3034 877 Ὅτι
3087 826 3454 893 κληθήσεται
3503 831 3750 901 ὀνόματι

2145 909 2348 977 καινῷ,
2393 911 2424 964 ὃ
2465 913 2510 944 ⁵⁸
2540 916 2572 966 ὁ
2603 914 2820 980 Κύριος
2866 915 3150 984 orandam
3193 919 3402 983 αὐτὸν,
3437 922 3535 975 καὶ
3575 924 3749 978 ἔσται

2143 1001 2297 1068 λαὸς
2359 1003 2546 1072 ἅγιος,
2609 1005 2786 1077 Ὅπερ
2833 1005 2926 1058 καὶ
2991 1007 3349 1079 πεπλήρωται
3405 1011 3639 1082 πρώτως
3686 1017 3747 1069 ἐν

2142 1094 2333 1165 Συρίᾳ·
2371 1097 2431 1148 ὲν
2479 1095 2773 1169 Ἀντιοχείᾳ
2820 1098 2930 1172 γὰρ
2981 1102 3360 1172 ἐχρημάτισαν
3407 1107 3456 1156 οἰ
3503 1106 3744 1178 μαθηταὶ

2141 1185 2478 1256 Χριστιανοὶ,
2512 1187 2728 1240 Παύλου
2780 1191 2876 1243 καὶ
2928 1192 3139 1263 Πέτρου
3189 1193 3586 1264 θεμελιούντων
3625 1199 3740 1268 (84)

2139 1279 2242 1348 τὴν
2286 1278 2633 1350 Ἐκκλησίαν.
2714 1282 2990 1336 Απόθεσθε
3036 1285 3080 1314 ⁶¹
3122 1284 3235 1355 (85)
3271 1282 3365 1340 οὖν
3417 1288 3514 1359 τὴν
3563 1291 3740 1362 κακὴν

2139 1368 2336 1440 ζύμην,
2372 1370 2468 1442 τὴν
2502 1373 2924 1440 παλαιωθεῖσαν,
2981 1375 3080 1446 τὴν
3129 1382 3434 1448 σεσηπυῖαν
3459 1397 3472 1410 °
3511 1383 3606 1435 καὶ
3641 1401 3740 1454 με..

2136 1461 2463 1515 ταϐάλλεσθε
2517 1466 2600 1527 είς
2647 1465 2773 1519 νέαν
2823 1466 3002 1538 ζύμην
3033 1469 3274 1538 χάριτος.
3331 1472 3631 1545 Αὑλίσθητε
3677 1478 3738 1529 ὲν

2134 1553 2358 1625 Χριστῷ
2383 1595 2399 1618 ,
2453 1555 2541 1608 ἵνα
2593 1556 2666 1627 μὴ
2699 1559 2728 1610 ὁ
2760 1557 3044 1630 ἀλλότριος
3094 1560 3249 1631 ὑμῶν
3296 1565 3560 1636 κυριεύσῃ
3594 1567 3730 1636 (86).

2138 1647 2371 1700 Ἀτοπόν
2417 1651 2565 1701 ἐστιν
2609 1649 2816 1720 Ἰησοῦν
2848 1653 3086 1722 Χριστὸν
3120 1653 3300 1707 λαλεῖν
3330 1657 3423 1709 ἐπὶ
3456 1657 3727 1729 γλώσσης,

2131 1739 2225 1791 καὶ
2243 1739 2335 1791 τὸν
2356 1756 2463 1793 παυ
2472 1741 2668 1796 σθέντα
2701 1744 3035 1815 Ἰουδαῖσμὸν
3051 1747 3144 1799 ἐπὶ
3161 1747 3398 1813 διανοίας
3424 1750 3568 1822 ἔχειν
3593 1752 3726 1822 (87).

2131 1824 2206 1884 0⁵5
2259 1832 2367 1905 γὰρ
2402 1835 2848 1908 Χριστιανισμὸς,
2901 1839 3002 1891 οὐκ
3033 1837 3180 1892 ἐστιν
3217 1840 3552 1912 Ἰουδαϊσμός
3587 1844 3722 1913 (88)·

443 1911 611 1966 Deum
629 1923 930 1983 aggregataa
958 1922 1116 1978 sunt;
1148 1925 1202 1968 et
1232 1915 1267 1967 ii
1297 1916 1389 1984 qui
1420 1915 1632 1984 lapideo
1659 1926 1814 1971 erant
1843 1917 2026 1982 corde,

2134 1919 2214 1989 εἷς
2239 1927 2347 1998 γάρ
2374 1929 2522 1981 ἐστιν
2549 1931 2577 1982 ό
2603 1897 2859 2000 Χριστὸς,
2889 1932 2968 1994 εἰς
2997 1930 3056 1984 ὃν
3086 1935 3194 1986 πᾶν
3224 1933 3374 1997 ἔθνος
3399 1897 3723 2003 πίστεῦὶσαύ,

441 2001 572 2058 facti
612 2014 741 2060 sunt
781 2006 876 2059 lilii
910 2007 1072 2061 amici
1105 2006 1198 2060 Dei
1228 2007 1460 2061 Abrahae
1484 2007 1558 2072 ⁶⁵;
1608 2022 1673 2061 ac
1719 2009 1773 2060 in
1821 2009 2026 2062 semine

2128 2016 2222 2070 καὶ
2269 2019 2419 2070 πᾶσα
2468 2018 2690 2086 γλῶσσα
2740 2020 3276 2094 ἐξομολογησαμένη,
3312 2027 3391 2090 εἰς
3425 2025 3558 2080 Θεὸν
3597 2001 3725 2082 συν-ὲ

435 2096 556 2166 ejus
581 2096 847 2152 benedicti
882 2109 1012 2152 sunt
1038 2114 1232 2154 omnes
1266 2099 1523 2154 destinati
1554 2099 1624 2154 ad
1653 2100 1825 2154 vitam
1866 2111 2026 2156 aeter-

2125 2109 2301 2180 ήχθη·
2385 2112 2479 2164 καὶ
2530 2113 2818 2181 γεγόνασιν
2849 2114 2960 2183 (89)
2993 2117 3041 2168 οἱ
3098 2115 3342 2180 λιθώδεις
3393 2120 3458 2189 τῇ
3497 2120 3716 2193 καρδίᾳ,

438 2205 562 2246 nam
596 2190 648 2246 in
676 2188 895 2246 Christo
917 2189 980 2245 “.

501 2473 594 2529 XI.
621 2473 746 2531 11ωο
770 2483 974 2542 autem,
991 2475 1175 2530 dilecti
1204 2475 1334 2541 mei,
1360 2489 1467 2528 non
1495 2472 1640 2545 quod
1667 2474 2018 2546 cognoverim

431 2567 649 2637 aliquos
677 2576 921 2622 vestrum
964 2567 1036 2620 ita
1081 2565 1322 2619 habere:
1367 2566 1482 2632 sed,
1523 2579 1583 2621 ut
1621 2567 1804 2620 minor
1835 2565 2012 2630 vobis,

430 2658 592 2728 cupio
623 2657 776 2712 vobis
814 2665 1060 2722 cautum,
1089 2674 1156 2712 ne
1208 2657 1462 2712 incidatis
1515 2659 1569 2711 in
1607 2657 1800 2712 hamos
1834 2657 2016 2712 inanis

427 2750 738 2817 doctrinae;
809 2750 903 2804 sed
975 2749 1193 2818 plenam
1255 2759 1574 2820 certamque
1639 2750 2012 2820 cognitionem

429 2841 677 2896 habeatis
708 2841 763 2895 in
793 2841 1041 2908 Christo;
1068 2842 1112 2872 ⁶⁹
1146 2841 1241 2910 qui
1282 2851 1409 2896 ante
1455 2841 1638 2894 omnia
1684 2841 1882 2895 sarcula
1916 2857 2012 2910 geo-

429 2933 578 2986 nitus
617 2943 700 2988 est
735 2949 763 2988 a
796 2932 993 2997 Patre,
1038 2943 1161 3003 post
1201 2948 1330 2987 vero
1382 2941 1544 2988 natus
1595 2941 1680 2987 est
1726 2949 1790 2986 ex
1835 2931 2006 2987 Maria

2123 2199 2290 2252 τέκνα
2335 2199 2426 2252 τοῦ
2451 2200 2586 2254 Θεοῦ
2628 2203 2772 2272 φίλοι
2800 2204 2844 2235 ³⁸
2884 2204 3135 2278 Ἀϐραάμ
3161 2223 3174 2235 ·
3211 2208 3305 2260 καὶ
3350 2211 3408 2262 ἐν
3435 2208 3511 2280 τῷ
3560 2213 3729 2283 σπέρ.

2126 2306 2256 2359 ματι
2291 2288 2458 2343 αὑτοῦ
2493 2291 2924 2365 ένευλογήθησαν
2965 2296 3165 2359 πάντες
3199 2299 3247 2350 οἱ
3282 2296 3603 2369 τεταγμένοι
3636 2305 3717 2366 εἰς

2121 2379 2268 2452 ζωὴν
2296 2379 2515 2435 αἰώνιον
2546 2385 2604 2436 ὲν
2637 2385 2875 2456 Χριστῷ.

2197 2471 2290 2528 XI.
2308 2473 2492 2528 Ταῦτα
2513 2475 2590 2540 δὲ,
2611 2478 2886 2550 ἀγαπητοί
2922 2497 3045 2550 μου,
3077 2482 3178 2536 οὐκ
3207 2483 3452 2554 ἐπέγνων
3485 2485 3529 2518 δ’
3557 2483 3711 2550 τινὰς

2121 2566 2181 2631 ἐξ
2197 2565 2352 2637 ὑμῶν
2377 2566 2549 2632 οὕτως
2566 2568 2784 2640 ἔχοντας
2801 2571 2890 2641 (90
2895 2587 2933 2642 )’
2953 2573 3066 2626 ἀλλ’
3082 2574 3158 2639 ὡς
3177 2579 3500 2651 μικρότερος
3535 2579 3708 2650 ὑμῶν,

2118 2657 2258 2711 θέλω
2303 2658 2783 2730 προφυλάσσεσθαι
2837 2663 3015 2733 ὑμᾶς,
3076 2665 3150 2736 μὴ
3203 2669 3463 2739 ἐμπεσεῖν
3509 2673 3589 2734 είς
3641 2671 3708 2724 τὰ

2115 2746 2386 2820 ἄγκιστρα
2433 2749 2534 2818 τῆς
2575 2749 2899 2816 κενοδοξίας,
2929 2753 3064 2807 ἀλλὰ
3097 2755 3560 2832 πληροφορεῖσθαι
3583 2761 3627 2792 ⁸⁸
3648 2763 3706 2814 ὲν

2112 2840 2334 2911 Χριστῷ
2356 2841 2491 2911 (91),
2519 2840 2597 2912 τῷ
2625 2843 2733 2914 πρὸ
2766 2845 2984 2897 πάντων
3017 2847 3114 2916 μὲν
3148 2846 3358 2903 αἰώνων
3391 2851 3702 2922 γεννηθέντι

2110 2933 2260 3002 παρὰ
2275 2932 2367 2986 τοῦ
2381 2932 2614 3005 Πατρὺς,
2632 2937 2955 3006 γεννωμένῳ
2966 2936 3022 2990 δὲ
3042 2937 3166 2990 ὕστε
3173 2958 3266 3010 ρον
3279 2941 3391 3010 (92)
3411 2945 3474 2997 ὲκ
3487 2943 3704 3016 Μαρίας

425 3023 636 3092 virgine
679 3023 797 3078 sine
826 3023 931 3077 viri
977 3023 1340 3090 commercio;
1390 3022 1596 3094 quique
1631 3031 1819 3078 sancte
1848 3023 2004 3089 vixit,

2110 3023 2209 3093 τῆς
2257 3022 2526 3093 παρθένου
2575 3023 2698 3094 δίχα
2743 3024 2961 3095 ὁμιλίας
3008 3027 3238 3099 ἀνδρόςο
3299 3031 3393 3084 καὶ
3452 3035 3700 3089 πολιτευ-

493 3209 542 3280 'f
568 3227 672 3267 ms.
703 3206 768 3280 ᾧ.
845 3213 890 3244 ⁸⁸
922 3214 1021 3268 lsa.
1063 3229 1197 3277 an,
1235 3214 1292 3278 2,
1326 3213 1415 3266 l2.
1521 3215 1563 3249 σί
1613 3215 1733 3268 Act.
1787 3229 1840 3265 xl
1864 3257 1877 3277 ,
1911 3213 2004 3268 26.

423 3279 469 3310 ⁸⁵
492 3279 682 3336 Matth.
710 3279 794 3349 111,
825 3285 891 3347 9;
950 3287 1056 3339 lsa.
1083 3301 1194 3347 xu,
1219 3285 1285 3348 ὃς
1322 3283 1438 3338 Jac.
1484 3299 1545 3342 ll,
1580 3284 1672 3337 '23.

423 3353 973 3426 πεπληροφορεῑσθαι.

490 3517 604 3586 (85)
645 3517 960 3588 Γενώμεθα
997 3514 1113 3574 οὖν
1165 3518 1321 3583 ἄξιοι
1369 3518 1480 3587 τῆς
1533 3517 1876 3587 ἐπωνυμίας
1923 3513 2000 3586 ἧς

415 3588 767 3658 aurigabat
813 3588 1151 3658 Anglicanm
1180 3589 1408 3657 Propter
1444 3593 1564 3652 hoc,
1596 3589 1850 3657 discipuli
1881 3589 2000 3658 ejus

417 3659 618 3726 effecti,
672 3659 970 3725 discamus,
1024 3659 1324 3714 secundum
1375 3659 1862 3722 Christianismum
1917 3660 1998 3713 vi—

418 3744 565 3784 vere.
605 3749 624 3780 1
673 3727 870 3783 Ussen.

489 3800 602 3869 (84)
644 3799 1102 3869 Θεμελιούιντων.
1149 3797 1231 3852 Ita
1276 3799 1444 3854 codex
1501 3796 1987 3869 Nydpruccianus:

416 3884 549 3934 non,
585 3867 1019 3990 Oscpiwoovmv,
1050 3879 1109 3923 ut
1136 3885 1420 3940 perperam
1465 3867 1744 3939 legebatur
1783 3869 1839 3922 in
1875 3870 1992 3923 Au-

416 3947 670 3990 austano.
732 3948 783 3987 11.

455 3947 670 3993 ustano.
711 3947 783 3990 ID.

413 3955 670 4009 gusrano.
711 3955 783 3990 ID.

489 4008 603 4078 (85)
656 4008 993 4078 Ἀπόθεσθεξ.
1021 4005 1130 4078 Alta
1172 4008 1342 4061 codex
1368 4005 1817 4078 Nydpruccianus
1849 4024 1864 4060 :
1899 4009 1992 4062 ubi

413 4076 804 4148 Augustanus,
869 4076 1194 4148 ὑπέρθεσθε,
1256 4076 1646 4146 (ιιιοιιηιιειθι-
1700 4081 1992 4148 interpres,

413 4150 742 4272 ἰυιιεροηιιε,
771 4166 790 4198 1
836 4147 1110 4215 reddidit;
1145 4158 1300 4202 vetus
1335 4148 1604 4216 vulgatus,
1636 4167 1655 4199 ι
1689 4147 1931 4219 abjicite.
1967 4170 1986 4200 1

440 4222 489 4264 D.

486 4285 596 4357 (86)
635 4285 1286 4357 Xdprto¢._At".110’0nts
1335 4286 1405 4357 ἐν
1453 4286 1704 4354 Χριστῷ,
1750 4289 1852 4341 ἵνα
1896 4287 1982 4357 μὴ

412 4359 446 4410 ὀ
473 4355 785 4424 ἀλλότριος
807 4355 972 4425 ὑμῶν
994 4359 1302 4424 κυριεύσῃ.
1339 4356 1442 4411 Pro
1470 4359 1573 4423 his,
1603 4369 1786 4414 noster
1819 4355 1986 4412 inter;

411 4441 536 4506 pres
564 4427 766 4506 habet:
803 4445 821 4477 1
851 4426 954 4492 Qui
988 4437 1074 4480 est
1098 4425 1260 4481 Jesus
1288 4426 1560 4506 Christus.
1589 4426 1981 4506 _Salvil_i_cemini

411 4497 466 4568 in
495 4497 652 4568 ipso:
683 4505 742 4550 ut
783 4513 895 4568 non
926 4507 1308 4568 corrumpatur
1349 4497 1546 4568 aliquis
1587 4498 1641 4551 in
1677 4500 1856 4563 vobis,
1878 4499 1981 4568 qui

409 4566 482 4619 ab
505 4567 671 4620 odore
705 4567 1135 4636 rcdarguemini;
1165 4585 1183 4616 1
1237 4566 1654 4637 νθιθιὶέυιίιιιιο
1687 4569 1833 4622 illius
1868 4566 1979 4621 fer-

409 4637 576 4706 mcnti
626 4647 682 4690 et
720 4637 891 4702 acidi,
943 4637 1011 4690 de
1046 4652 1156 4706 quo
1204 4637 1407 4691 dictum
1454 4637 1650 4695 fuerat.
1699 4638 1803 4692 Pro
1833 4637 1982 4691 αύλί-

409 4704 572 4778 σθητε
607 4722 736 4778 vero
763 4707 1013 4778 vulgatus
1047 4704 1312 4778 interpres
1354 4727 1370 4759 1
1397 4709 1667 4764 exsultatc
1700 4726 1718 4758 1
1755 4723 1982 4778 expres-

405 4777 478 4830 sit
495 4814 520 4846 ,ί
541 4791 625 4846 iac
651 4777 694 4830 si
723 4777 958 4845 legisset,
992 4777 1338 4846 ἀγαλλιᾶσθε.
1377 4777 1451 4829 In.

479 4845 590 4917 (87)
627 4847 886 4917 Χριστὸν
936 4847 1150 4900 λαλεῖν
1199 4847 1296 4917 ἐπὶ
1348 4848 1668 4916 γλώσσης,
1718 4846 1981 4917 nabth

404 4915 751 4987 παυσθέντα
785 4917 1178 4987 ςΙουδαῖσμὸν
1199 4916 1297 4970 ἐπὶ
1315 4915 1581 4983 διανοίας
1604 4919 1783 4987 ἔχειν.
1814 4916 1981 4971 Vetus

405 4986 657 5056 vulgatus
687 5005 699 5038 :
731 5005 748 5036 1
773 4984 1068 5040 Christum
1105 4988 1287 5056 lingua
1342 4997 1552 5041 tantum
1608 4984 1872 5056 proferre.
1925 4997 1978 5041 et

402 5051 742 5125 Judalsmum
773 5057 827 5108 in
859 5058 1042 5110 animo
1064 5051 1283 5110 habére.
1322 5077 1339 5107 1
1394 5051 1672 5125 Anglican.
1725 5058 1972 5111 brevius:

408 5139 430 5173 ι
461 5123 736 5196 Christum
786 5126 1012 5194 profari,
1042 5137 1096 5179 et
1133 5128 1433 5196 judaizare.
1470 5123 1501 5177 1’
1528 5126 1604 5186 In.

477 5194 590 5265 (88)
647 5192 750 5265 Οὔ,
781 5192 890 5264 γὰρ
937 5192 1420 5264 Χριστῐανισμός,
1453 5199 1564 5250 οὐκ
1607 5196 1779 5250 ἐστιν
1831 5196 1977 5248 Ἰου-

401 5261 676 5334 δαϊσμός.
705 5261 955 5319 Nondum
982 5261 1086 5320 hac
1115 5267 1166 5319 in
1201 5261 1351 5334 parte
1378 5261 1510 5321 adeo
1539 5268 1812 5320 maculata
1858 5267 1976 5319 fue—

403 5342 489 5387 rat
528 5333 718 5404 Ignatii
762 5336 1128 5404 interpolatio,
1163 5333 1225 5390 ac
1263 5351 1408 5406 nunc
1436 5345 1537 5400 est,
1570 5337 1790 5406 quando
1823 5337 1973 5389 illam

401 5409 653 5476 versabat
702 5411 958 5476 antiquus
1005 5405 1295 5474 interpres.
1347 5405 1452 5460 Sed
1485 5418 1539 5462 et
1565 5405 1660 5475 per
1696 5409 1801 5460 alia
1843 5407 1975 5460 satis

400 5473 573 5544 multa
611 5473 851 5544 suspicio
890 5473 1163 5544 injicitur,
1197 5492 1302 5530 non
1351 5478 1419 5530 ab
1458 5473 1578 5529 uno
1607 5479 1826 5530 homine
1860 5478 1975 5528 vio-

402 5541 576 5669 lﬁntas
603 5556 678 5668 et
695 5541 1060 5616 corruptrices
1100 5547 1250 5600 hisce
1291 5548 1540 5617 epistolis
1568 5563 1764 5603 manus
1804 5544 1975 5600 fuisse

402 5624 596 5668 latas.
663 5615 774 5668 ‘o'r.

396 5615 596 5668 illatas.
636 5615 774 5668 Cor.

470 5681 690 5755 Ibidem.
722 5679 813 5755 ρῦ
832 5684 940 5753 γὰρ
966 5686 1449 5755 Χριστιανισμὸς,
1484 5688 1596 5739 οὐκ
1619 5687 1790 5741 ἔστιν
1826 5686 1971 5740 Ἰου-

396 5749 957 5826 δαζσμόςηυιειίψιθ
990 5749 1143 5809 vetus
1193 5749 1460 5826 interpres
1508 5759 1684 5812 aliter.
1722 5757 1964 5824 Vulgat.:

403 5839 424 5872 1
454 5820 569 5894 Non
619 5824 762 5894 enim
787 5820 1175 5879 Christianitas
1225 5827 1277 5878 in
1321 5820 1665 5882 Judaismum
1715 5820 1966 5894 credidit,

396 5893 490 5949 sed
528 5891 842 5952 Judaismus
894 5897 949 5952 in
985 5896 1452 5954 Christianitatcm
1481 5915 1494 5966 ;
1529 5918 1546 5950 1
1582 5905 1635 5953 et
1677 5891 1962 5971 Anglican.

1781 3285 1828 3314 °°
1853 3283 1989 3337 Gen.
2033 3300 2238 3349 xxvnt,
2285 3285 2384 3346 I4;

1075 3354 1122 3386 ⁸⁸
1146 3354 1328 3408 Const.
1357 3372 1445 3424 ap.
1475 3370 1552 3420 νι,
1594 3355 1660 3410 19
1684 3367 1737 3409 et
1772 3369 1870 3418 vn,
1901 3355 1993 3418 56,
2035 3356 2098 3408 41
2139 3364 2193 3410 et
2229 3370 2350 3419 vni,
2389 3355 2440 3419 1,
2478 3353 2567 3407 12.

2110 3215 2154 3247 ⁸³
2198 3214 2270 3268 al.
2334 3212 2659 3323 ὑπέρθεσθε.
2771 3212 2817 3242 ³³
2866 3215 2887 3265 l
2937 3214 3064 3267 Cor.
3106 3230 3158 3278 v,
3190 3214 3241 3268 7.
3349 3219 3457 3275 εδ..
3502 3224 3686 3323 (iam,

2110 3300 2202 3323 mn
2285 3285 2381 3323 ιι-
2465 3284 2536 3323 ,αι
2613 3297 2672 3323 ιιι
2768 3282 2852 3323 ιιι
2935 3285 2978 3314 ετ
3012 3283 3033 3323 1*
3075 3285 3394 3323 ὶρς1ενυωυ
3533 3293 3555 3323 ο
3587 3310 3664 3323 ...ο

2489 3284 2560 3356 al.
2611 3297 2695 3348 ιιι,
2768 3282 2856 3336 19.
2935 3285 2978 3314 ⁸⁷
3011 3283 3048 3338 f.
3074 3285 3195 3337 ἐπεὶ
3223 3285 3414 3356 ἔγνων.
3510 3282 3555 3325 ⁸⁸
3585 3310 3690 3348 ins.

2103 3519 2387 3574 similiter:
2415 3537 2434 3568 1
2458 3514 2915 3571 Christianismus
2944 3516 3090 3570 enim
3124 3531 3230 3570 non
3260 3517 3315 3570 in
3341 3515 3685 3574 Judaismum

2101 3591 2354 3650 credidit,
2388 3589 2482 3642 sed
2513 3584 2832 3641 Judaismus
2868 3587 2921 3639 in
2951 3585 3460 3644 Christianismum.
3497 3609 3516 3640 1
3559 3589 3680 3646 Vid.

2101 3659 2481 3730 Prolegomen.
2516 3673 2635 3725 cap.
2667 3657 2755 3730 Li».
2790 3655 2984 3730 Ussan.

2173 3725 2288 3801 (89)
2327 3728 2684 3801 Γεγόγασιν.
2737 3726 2813 3780 Ita
2844 3727 3013 3801 codex
3038 3725 3486 3797 Nydpruccianus
3511 3744 3524 3780 :
3552 3745 3683 3796 non,

2098 3795 2351 3870 γέῨονάνο
2387 3795 2448 3852 ιιἸι
2476 3797 2850 3870 Augustanns.
2881 3795 2958 3870 111.

2171 3865 2284 3941 (90)
2327 3872 2448 3941 oex
2488 3865 2755 3941 ὲπέγιρων
2787 3867 2956 3932 τινὰς
2991 3867 3060 3930 ἐξ
3091 3865 3260 3941 ὐμῶξτ
3294 3867 3483 3934 οὕτως
3511 3869 3684 3938 ἔχον-

2096 3937 2225 4007 τας.
2258 3937 2567 4009 Anglican.:
2598 3937 2751 4009 (μου
2772 3941 2900 4009 quia
2931 3937 3160 4004 cognovi
3187 3937 3402 4007 aliquos
3431 3953 3498 3992 ex
3529 3937 3683 3995 vobis

2097 4006 2186 4065 sic
2208 4006 2492 4065 habentes.
2527 4027 2544 4058 1
2603 4006 2773 4061 Vetus
2810 4008 3099 4076 vulgatus:
3132 4025 3150 4057 ι
3192 4006 3372 4061 taliter
3407 4009 3678 4074 scribens,

2097 4097 2208 4134 non
2261 4079 2456 4148 agnovi
2503 4079 2727 4148 aliquos,
2760 4079 3011 4148 cavebis
3047 4077 3142 4148 sic
3185 4077 3384 4148 habere
3408 4096 3426 4128 1
3455 4078 3538 4141 (ιιι
3570 4095 3675 4135 ms.

2101 4145 2534 4220 Magdal‘enensis
2590 4145 2738 4220 legit)
2771 4147 2850 4199 vel
2898 4149 2979 4214 (ut
3009 4147 3124 4209 alii)
3158 4165 3176 4196 1
3208 4147 3416 4220 haberi,
3448 4149 3546 4220 1111
3594 4160 3680 4205 est

2093 4215 2437 4277 Judaismum
2471 4215 2667 4273 sectari
2712 4215 2727 4268 :
2782 4227 2842 4270 ut
2870 4229 3015 4270 recte
3061 4217 3285 4284 exponit
3311 4215 3672 4287 Stapulensis.

2095 4291 2167 4344 111.

2165 4362 2278 4432 (9t)
2329 4357 2432 4411 Ἐν
2457 4353 2722 4432 Χριστῷ,
2757 4366 2888 4421 etc.,
2948 4370 3124 4432 usque
3167 4356 3231 4432 ad
3274 4355 3675 4432 τῆς-ἐλπίδος

2091 4425 2280 4500 ἡμῶν,
2319 4432 2421 4485 sub
2456 4428 2672 4481 initium
2727 4426 3006 4500 sequentis
3058 4425 3340 4500 sectionis.
3396 4426 3501 4500 Pro
3551 4429 3671 4483 istis

2092 4494 2278 4557 noster
2308 4502 2574 4566 interpres
2613 4494 2822 4550 tantum
2876 4497 3077 4566 habet:
3126 4514 3144 4545 1
3175 4494 3232 4548 111
3295 4499 3578 4552 nativitate
3616 4512 3672 4553 et

2126 4573 2345 4626 assione
2374 4576 2428 4622 et
2453 4564 2877 4628 resurrectione,
2908 4564 3049 4619 facta
3074 4566 3129 4618 in
3161 4574 3408 4634 tempore
3433 4570 3668 4624 ducatus

2015 4629 2056 4683 ι)
2081 4586 2467 4696 ἰξοηιίιΡιὶιιιὴ
2496 4651 2617 4696 qua:
2645 4634 2785 4691 facta
2817 4645 2944 4690 sunt
2969 4651 3095 4688 vere
3145 4644 3199 4689 et
3229 4637 3453 4691 firmiter
3485 4653 3514 4691 a
3535 4636 3665 4694 Jesu

2127 4638 2467 4703 ontiiPilati;
2496 4651 2617 4704 qua:
2645 4634 2785 4691 facta
2817 4645 2944 4690 sunt
2969 4651 3095 4688 vere
3145 4644 3199 4689 et
3229 4637 3453 4691 firmiter
3485 4653 3514 4691 a
3535 4636 3665 4694 Jesu

2081 4712 2303 4765 Christo
2335 4723 2430 4777 spe
2460 4715 2670 4777 nostra,
2704 4727 2720 4757 1
2780 4721 2921 4776 quin,
2951 4721 3016 4777 ex
3043 4705 3399 4777 Clementinis
3447 4709 3668 4776 potissi—

2083 4798 2232 4834 mum
2291 4775 2809 4842 Constitutionibus,
2845 4775 3198 4846 amplificavit
3257 4775 3462 4846 lgnatii
3501 4779 3666 4832 inter-

2082 4851 2296 4921 polator
2321 4865 2334 4899 :
2363 4859 2420 4900 ut
2451 4863 2518 4900 ex
2548 4847 2838 4921 collatione
2872 4845 3115 4921 liquebit.
3143 4845 3232 4921 _l_n.

2157 4921 2270 4988 (οε)
2296 4916 2656 4985 Γεννωμένῳ
2682 4917 2748 4969 δὲ
2782 4913 3034 4988 ὕστερον
3053 4916 3119 4967 ἐκ
3135 4919 3364 4988 Μαρίας
3380 4913 3490 4982 τῆς
3511 4929 3661 4984 παρ-

2081 4986 2261 5044 θένοι)
2278 5030 2294 5054 ,
2326 4989 2466 5056 δίχα
2505 4989 2741 5056 ὁμιλίας
2777 4986 2997 5053 ἀνδρός
3022 5003 3034 5014 ·
3057 4987 3152 5038 καὶ
3173 4987 3664 5056 πολιτευσαμένῳ

2080 5061 2283 5126 ὁσίως,
2309 5055 2413 5113 etc.
2445 5055 2737 5128 Participia
2766 5058 2934 5110 dativi
2962 5071 3124 5111 casus
3154 5073 3221 5110 ex
3244 5055 3660 5128 Nydprucciano

2081 5130 2271 5184 codice
2302 5131 2389 5183 hic
2417 5136 2471 5183 et
2501 5129 2554 5180 in
2587 5127 2942 5197 sequentibus
2969 5127 3485 5197 repraesentavimus
3515 5145 3526 5178 :
3564 5130 3657 5182 ubi

2077 5201 2429 5268 Augustanus
2477 5196 2786 5252 accusa’tiva
2834 5197 3112 5268 habebat:
3163 5196 3523 5267 Γεννώμενον,
3559 5215 3658 5253 m-

2077 5267 2482 5340 λιτέυσὰμενον,
2519 5268 2954 5340 θεραπεύσαντα,
2992 5267 3338 5340 ποιήσαντας
3364 5270 3658 5336 καταγγεί-

2078 5339 2265 5402 λαντα,
2303 5337 2630 5402 ὑποστάντα,
2668 5337 3070 5408 ὑπομείναντα,
3106 5337 3477 5400 ἀποθανόντα,
3526 5340 3656 5392 ἀνα-

2079 5409 2300 5473 στάντα,
2336 5410 2646 5472 ἁνελθόντα,
2686 5407 3040 5469 καθεσθέντα,
3071 5419 3123 5462 et
3153 5409 3467 5478 ἐρχόμενον.
3504 5409 3652 5461 Duo—

2076 5480 2179 5534 bus
2232 5493 2415 5535 autem
2471 5481 2729 5533 membris
2775 5480 2865 5531 hic
2911 5478 3102 5547 positis
3156 5479 3485 5546 respondent
3534 5479 3648 5540 illa,

2077 5550 2304 5604 Constit.
2334 5550 2561 5620 apostol.
2612 5550 2706 5602 lib.
2737 5565 2833 5609 vn,
2885 5565 3005 5620 cap.
3037 5547 3106 5620 δ’(
3131 5565 3144 5598 :
3174 5549 3276 5620 Τὸν
3323 5549 3388 5600 ἐκ
3431 5549 3651 5620 Μαρίας

2075 5617 2399 5691 γεννηθέντα
2442 5619 2765 5691 μόνον-δίχα
2813 5619 3025 5690 ἀνδρὸς,
3061 5618 3149 5691 τὴν
3195 5617 3651 5691 πολιτευσάμενον

2074 5689 2260 5756 ὁσίως,
2290 5699 2417 5744 etc.:
2447 5709 2463 5740 1
2496 5689 2571 5742 Ex
2611 5689 2779 5742 Maria
2808 5689 2998 5742 natum
3046 5689 3221 5742 solum
3262 5690 3468 5757 absque
3509 5691 3648 5752 viro,

2075 5771 2261 5814 sancte
2293 5761 2347 5812 in
2377 5761 2486 5813 vita
2514 5769 2811 5822 versatum,
2847 5777 2865 5810 1
2901 5759 3002 5824 vel,
3032 5759 3486 5828 πολιτευσάμενον
3519 5758 3647 5812 ἄνευ

2075 5830 2367 5901 ἁμαρτίας,
2433 5831 2600 5901 (sine
2643 5837 2864 5897 peccato
2914 5829 2969 5881 in
3023 5829 3142 5901 vita
3166 5843 3475 5898 versatum;
3509 5847 3528 5880 1
3587 5840 3646 5884 ιιι

2075 5898 2307 5956 habetur
2343 5900 2564 5969 ibidem,
2585 5901 2735 5955 libro
2761 5914 2840 5968 v1,
2870 5914 2989 5969 cap.
3016 5900 3099 5954 11.
3128 5898 3203 5954 111.
