4076 6406
307 393 413 448 τιν
1051 357 1409 452 enisa-oms
1439 393 1970 456 ιΝτΕιιΡοιΑτΑς.
1992 431 2060 444 -
2097 400 2188 455 AD
2221 397 2674 456 TRALLIANOS.
3435 399 3540 457 ττι

309 514 593 586 λυκάρπῳ·
638 513 736 569 καὶ
779 514 838 570 αἱ
878 516 1064 571 λοιπαὶ
1087 517 1143 570 δὲ
1179 518 1493 589 Ἐκκλησίαν.
1521 521 1578 573 ὲν
1609 523 1740 592 τιμῇ
1768 521 1874 592 (16)

1981 523 2255 578 omnibus.
2294 523 2514 579 Caeterae
2550 523 2713 578 etiam
2752 519 3037 587 Ecclesiae,
3081 519 3136 575 in
3170 520 3379 578 honore
3410 521 3539 577 Jesu

320 607 500 678 Ἰησοῦ
540 607 777 677 Χριστοῦ
809 609 1141 674 ἀσπάζονται
1187 611 1359 681 ὑμᾶς·
1393 607 1633 682 ἔρρωσθε
1668 613 1727 665 ὲν
1761 615 1874 682 ὀμο-

1983 612 2189 668 Christi
2226 615 2463 669 salutant
2495 629 2614 669 vos.
2644 612 2829 668 Valete
2858 614 2911 668 in
2935 615 3257 682 concordia,
3288 615 3540 686 spiritum

308 698 429 771 νοῑᾳ
463 699 607 770 (17),
643 701 858 772 πνεῦμα
890 702 1214 773 κεκτημένοι
1254 702 1563 775 ἀδιάκριτον
1585 742 1603 770 ,
1648 705 1706 757 ὲν
1748 706 1874 775 Χρι-

1983 704 2321 773 possidentes
2349 703 2787 774 inseparabilem,
2817 704 2871 758 in
2900 703 3120 761 Christo
3141 703 3291 773 Jesu,
3315 722 3411 777 per
3440 722 3538 761 vo-

309 789 424 860 στῷ
459 791 658 862 Ἰησοῦ,
691 791 780 845 διὰ
813 791 1117 864 θελήματος
1149 792 1306 846 Θεοῦ.

316 1007 724 1028 *ἐ

560 1183 849 1293 mo:
903 1206 1689 1295 ΤΡΑΑΑΗΣΙΟΥΣ.

319 1419 615 1491 Ἰγνάτιος
637 1462 652 1487 ,
688 1425 722 1478 ό
751 1421 852 1476 καὶ
884 1422 1196 1492 Θεοφόρος,
1229 1421 1303 1492 τῇ
1338 1422 1692 1493 ἠγαπημένη
1723 1422 1882 1490 παρὰ

381 1514 534 1568 Θεοῦ
565 1514 797 1582 Πατρὸς
819 1554 834 1579 ,
880 1515 977 1568 καὶ
1013 1513 1216 1582 Ἰησοῦ
1261 1514 1517 1583 Χριστοῦ
1558 1514 1884 1580 Ἐκκλησία

382 1608 543 1677 ἁγίᾳ,
578 1602 652 1676 τῇ
684 1608 838 1676 οὔσῃ
869 1607 939 1660 ἐν
963 1607 1294 1675 Τράλλεσιν
1314 1603 1572 1672 ἐκλεκτῇ
1600 1603 1697 1657 καὶ
1720 1602 1883 1667 ἀξιο-

382 1697 525 1764 θέφ,
558 1695 950 1765 εἰρηνευούσῃ
983 1698 1052 1750 ἐν
1081 1697 1258 1764 σαρκὶ
1303 1695 1400 1749 καὶ
1447 1696 1734 1763 πνεύματι
1771 1691 1883 1761 Ἰη-

388 1791 508 1846 σσῦ
551 1788 810 1858 Χριστοῦ
857 1785 966 1857 τῆς
1014 1788 1260 1853 ἐλπίδος
1291 1785 1471 1856 ἡμῶν,
1503 1785 1573 1839 ἐν
1603 1783 1775 1838 πάθει
1805 1784 1885 1850 τῷ

384 1879 487 1935 διὰ
517 1878 782 1946 σταυροῦ
814 1879 911 1931 καὶ
958 1877 1236 1942 θανάτου,
1285 1878 1383 1931 καὶ
1416 1873 1768 1930 ἀναστάσει·
1805 1872 1886 1940 ἦν

389 1971 491 2024 καὶ
524 1966 854 2036 ἀσπάζομαι
884 1967 954 2020 ἐν
980 1966 1063 2032 τῷ
1108 1965 1468 2036 πληρώματι,
1519 1966 1590 2019 ἐν
1633 1967 1886 2020 ἀποστο-

394 2059 536 2126 λικῷ
567 2056 897 2130 χαρακτῆρι
919 2058 1052 2130 (18),
1086 2057 1185 2112 καὶ
1215 2057 1460 2126 εὔχομαι
1485 2057 1742 2112 πλεῖστα
1763 2059 1885 2127 χαί-

384 2167 541 2220 ρειν.

381 2265 430 2317 ι.
459 2263 721 2332 Ἀμωμον
741 2258 976 2312 διάνοιαν
1006 2257 1102 2312 κα).
1133 2257 1489 2328 ἀνυπόκριτον
1529 2259 1586 2311 ὲν
1614 2258 1880 2331 ὑπομονῇ’

309 2353 486 2424 ἔγνων
532 2353 676 2423 ὑμᾶς
729 2351 968 2421 ἔχοντας,
1017 2348 1078 2403 οὐ
1113 2350 1252 2404 κατὰ
1298 2351 1528 2422 χρῆσιν,
1574 2351 1709 2405 ἀλλὰ
1741 2353 1883 2406 κατὰ

309 2446 508 2516 κτῆσιν
541 2443 672 2514 (Ι9)’
707 2441 886 2504 καθὼς
917 2433 1151 2512 ἐδήλωσε
1184 2439 1439 2503 Πολύϐιος
1464 2441 1572 2512 (20)
1606 2443 1634 2494 ὁ
1665 2442 1883 2495 ἐπίσκο-

309 2555 414 2603 πος
447 2538 621 2608 ὑμῶν,
648 2537 706 2600 ὃς
741 2531 1067 2606 παρεγένετο
1100 2534 1362 2604 θελήματι
1383 2533 1516 2585 Θεοῦ
1548 2530 1760 2606 Πατρὸς
1786 2535 1881 2589 καὶ

309 2629 524 2701 Κυρίου
567 2627 740 2698 Ἰησοῦ
783 2624 1018 2696 Χριστοῦ
1064 2624 1156 2678 τοῦ
1194 2623 1325 2677 Υἱοῦ
1370 2623 1556 2690 αὐτοῦ,
1593 2625 1881 2697 συνεργείᾳ

309 2717 453 2770 Πνεῦ
463 2734 650 2787 ματος,
672 2717 728 2768 ὲν
759 2713 872 2784 Σμύ
884 2728 1001 2786 ρνῃ,
1030 2713 1124 2766 κα)¹
1160 2707 1330 2774 οὕτως
1349 2711 1458 2781 (21)
1495 2727 1583 2781 μοι
1613 2713 1878 2783 συνεχάρη

310 2809 582 2880 δεδεμένῳ
619 2809 676 2860 ὲν
709 2805 928 2875 Χριστῷ
978 2803 1186 2876 Ἰησοῦ,
1221 2802 1360 2856 ὥστε
1397 2819 1463 2873 με
1499 2803 1560 2856 τὸ
1597 2805 1704 2856 πᾶν
1742 2801 1879 2874 πλῆ-

313 2903 406 2968 θος
441 2903 596 2973 ὑμῶν
620 2898 679 2954 ἐν
713 2899 862 2970 αὐτῷ
888 2900 1177 2972 θεωρῆσαι.
1204 2894 1623 2968 Ἀποδεξάμενος
1651 2893 1742 2951 οὖν
1781 2898 1880 2969 τὴν

313 2993 457 3048 κατὰ
505 2992 638 3045 Θεὸν
687 2990 841 3063 ὑμῶν
891 2987 1100 3042 εὔνοιαν
1137 2989 1202 3041 δι’
1240 2987 1440 3053 αὑτοῦ,
1484 2987 1671 3052 ἔδοξα,
1705 2987 1880 3058 εὑρὼν

313 3085 460 3154 ὑμᾶς
484 3082 724 3154 μιμητὰς
757 3082 916 3144 ὄντας
944 3078 1118 3150 Ἰησοῦ
1147 3080 1382 3151 Χριστοῦ
1402 3079 1493 3133 τοῦ
1520 3081 1790 3151 Σωτῆρος.

383 3266 450 3319 ιι.
469 3261 850 3334 Τῷὲπισκὸπῳ
862 3259 1226 3315 ὑποτάσσεσθε
1237 3257 1312 3324 ὡς
1324 3260 1400 3330 τῷ
1423 3261 1748 3334 Κυρίῳ(22).
1767 3265 1884 3318 Αὐ-

312 3357 418 3423 τὸς
432 3357 540 3426 γὰρ
563 3353 855 3424 ἀγρυπνεῖ
870 3353 1019 3421 ὑπὲρ
1038 3349 1154 3406 τῶν
1168 3352 1382 3422 ψυχῶν
1400 3352 1584 3421 ὑμῶν,
1605 3353 1684 3420 ὡς
1697 3355 1883 3425 λόγον

313 3447 642 3502 ἀποδώσων
706 3442 844 3508 Θεῷ.
899 3443 988 3496 Διὸ
1055 3442 1152 3496 καὶ
1209 3441 1462 3511 φαίνεσθέ
1523 3461 1611 3513 μοι
1631 3444 1692 3497 οὐ
1737 3448 1878 3500 κατὰ

314 3538 600 3609 ἄνθρωπον
646 3535 864 3600 ζῶντες,
911 3534 1046 3587 ἀλλὰ
1091 3533 1234 3588 κατὰ
1260 3532 1465 3603 Ἰησοῦν
1497 3533 1750 3606 Χριστὸν,
1785 3534 1876 3589 τὸν

311 3629 380 3681 δι’
407 3629 555 3698 ἡμᾶς
577 3627 623 3660 ’³
649 3625 1008 3688 ἀποθανόντα,
1043 3624 1130 3677 ἵνα
1168 3623 1516 3687 πιστεύοντες
1549 3626 1631 3688 εἰς
1659 3623 1748 3678 τὸν
1782 3625 1873 3679 0di-

311 3736 473 3772 νατον
524 3715 724 3780 αὐτοῦ,
759 3716 848 3769 διὰ
892 3713 986 3767 τοῦ
1049 3715 1424 3785 βαπτίσματος
1486 3715 1728 3768 κοινωνοὶ
1779 3716 1878 3786 τῆς

311 3807 664 3870 ἀναστάσεως
713 3805 876 3860 αὑτοῦ
927 3803 1157 3875 γένησθε
1213 3804 1345 3874 (25).
1407 3803 1725 3872 Ἀναγκαῖον
1785 3800 1877 3859 οὖν

412 3973 456 4004 ⁹¹
487 3973 507 4025 ι
537 3967 679 4024 Tim.
707 3984 746 4033 ι,
780 3969 831 4022 l.
907 3968 951 3999 θ’
973 3966 1137 4023 Hebr.
1163 3983 1265 4022 xm
1287 4009 1301 4034 ,
1334 3967 1421 4023 l7.
1496 3968 1542 4000 ”
1564 3968 1602 4023 l‘.
1633 3970 1797 4040 ὑμᾶς.

383 4207 500 4278 (l6)
538 4207 710 4278 ’Ἅμα
721 4204 1110 4278 Πολυκάρπῳ·
1135 4205 1316 4278 καὶκαὶ
1335 4207 1536 4278 λοιπαὶ
1556 4207 1875 4278 etiamm.

309 4275 441 4335 σίαι
473 4278 543 4330 ὲν
573 4275 729 4346 τιμῇ.
768 4277 885 4346 Vet.
918 4277 1119 4346 vulgat.
1155 4297 1174 4327 ί
1209 4277 1518 4346 simulcum
1555 4275 1872 4346 Polycarpo.

312 4349 380 4402 Et
419 4344 634 4402 caeteraé
675 4345 928 4400 Ecclesiae
968 4344 1032 4398 in'
1059 4347 1265 4401 honore
1303 4344 1351 4415 J.
1384 4346 1445 4400 C.
1491 4366 1510 4397 ›
1553 4344 1874 4415 Anglicaim

315 4438 336 4471 ι
373 4419 540 4473 simul
570 4432 692 4471 cum
719 4415 1016 4485 Polycarpo
1043 4416 1297 4485 episcopo
1328 4414 1750 4485 varnteorum.
1769 4415 1877 4471 Sed

310 4498 367 4544 et
393 4489 617 4556 reliqua:
646 4482 904 4539 Ecclesia:
931 4482 1295 4556 inhonore'J.
1327 4485 1389 4539 C.
1427 4502 1442 4531 ι
1486 4482 1677 4538 Usssn.

1981 794 2245 849 luutatem
2271 794 2385 849 Dei.

693 1005 3527 1037 ,ΜΨ-³*

2293 1198 2444 1287 AD
2482 1201 3248 1294 TRALLESIOS.

1981 1415 2247 1492 Ignatius,
2275 1423 2369 1492 qui
2396 1429 2446 1476 et
2475 1419 2831 1492 Theophorus,
2863 1423 3069 1477 dilecta:
3106 1441 3139 1476 ιι
3171 1423 3277 1478 Deo
3309 1424 3469 1481 Patre
3491 1433 3542 1482 et

2047 1511 2180 1568 Iesu
2207 1511 2420 1569 Christo
2447 1513 2700 1568 Ecclesia:
2733 1523 2948 1579 sanctae,
2979 1532 3096 1584 qua:
3131 1527 3208 1571 est
3255 1516 3541 1583 Trallibus,

2050 1604 2230 1659 electae
2272 1614 2322 1658 et
2353 1604 2461 1660 Deo
2511 1606 2702 1676 dignae,
2751 1621 2931 1674 pacem
2974 1607 3183 1661 habenti
3215 1609 3271 1661 in
3311 1625 3468 1664 carne
3492 1618 3545 1664 et

2051 1695 2241 1762 spiritu
2267 1694 2397 1749 Iesu
2426 1694 2621 1750 Christi
2649 1699 2760 1766 spei
2785 1710 2977 1752 nostra:
3000 1699 3067 1766 ",
3089 1699 3142 1752 in
3171 1701 3413 1768 passione
3428 1716 3545 1772 qua:

2051 1798 2142 1850 per
2168 1800 2374 1838 crucem
2407 1802 2469 1838 ac
2503 1796 2741 1852 mortem,
2772 1797 2821 1841 et
2851 1790 3227 1844 resurrectione
3250 1806 3268 1842 .'
3295 1807 3454 1861 quam
3491 1802 3544 1846 et

2055 1875 2232 1929 saluto
2270 1877 2326 1929 in
2373 1877 2715 1946 plenitudine,
2747 1879 2803 1932 in
2832 1880 3118 1948 apostolico
3142 1881 3463 1950 charactere,
3493 1889 3544 1936 et

2057 1983 2176 2041 opto
2195 1972 2482 2042 plurimum
2499 1974 2719 2028 salvere.

2051 2257 2091 2312 l.
2123 2257 2456 2329 lnculpatam
2487 2268 2541 2314 et
2563 2260 2681 2313 sine
2709 2258 3058 2314 simulatione
3084 2265 3322 2314 mentem
3364 2255 3419 2312 in
3444 2271 3543 2328 pa-

1981 2350 2194 2414 tientia,
2225 2349 2456 2420 cognovi
2482 2350 2681 2405 habere
2707 2365 2828 2417 vos,
2858 2365 2969 2405 non
3012 2365 3138 2416 usu,
3188 2350 3282 2406 sed
3324 2365 3542 2420 posses-

1980 2444 2134 2499 sione
2166 2459 2180 2497 :
2217 2443 2674 2513 quemadmodum
2705 2443 3029 2513 signiﬁcavit
3051 2445 3337 2513 episcopus
3365 2451 3544 2498 vester

1979 2535 2263 2608 Polybius,
2309 2535 2402 2606 qui
2439 2533 2683 2606 Smyrnae
2709 2535 2880 2589 adfuit
2903 2574 2919 2602 ,
2951 2550 3046 2604 per
3068 2536 3402 2589 voluntatem
3448 2534 3542 2588 Dei

1978 2624 2178 2695 Patris,
2207 2634 2262 2681 et
2297 2625 2512 2680 Domini
2541 2624 2669 2682 Jesu
2697 2625 2901 2681 Christi
2927 2623 3049 2679 Filii
3079 2627 3197 2696 ejus
3216 2663 3232 2692 ,
3263 2633 3317 2680 et
3342 2640 3544 2694 coope-

1979 2719 2189 2772 ratione
2213 2715 2469 2787 Spiritus,
2493 2716 2697 2786 quique
2727 2716 2860 2769 mihi
2884 2716 3066 2770 vincto
3095 2718 3148 2769 in
3175 2716 3396 2770 Christo
3415 2715 3543 2771 Jesu

1981 2807 2062 2863 sic
2089 2807 2501 2879 congratulatus
2543 2817 2646 2871 est,
2693 2815 2755 2861 ut
2779 2808 3091 2861 universam
3142 2807 3544 2861 multitudinem

1979 2909 2218 2954 vestram
2259 2900 2312 2953 in
2352 2914 2419 2954 eo
2449 2899 2845 2968 contemplatus
2875 2899 2998 2953 sim.
3043 2897 3331 2967 Excipiens
3361 2899 3548 2968 igitur

1979 3006 2075 3060 per
2098 2991 2275 3060 ipsum
2311 2997 2546 3045 vestram
2578 2989 2876 3045 secundum
2899 2988 3068 3044 Deum
3091 2989 3543 3055 benevolentiam,

1907 3087 1949 3146 C
1983 3083 2244 3152 gloriatus
2290 3097 2433 3148 sum,
2480 3082 2762 3137 inveniens
2800 3097 2898 3136 vos
2926 3081 3228 3137 imitatores
3256 3096 3376 3136 esse
3414 3079 3546 3136 Jesu

1987 3172 2191 3229 Christi
2217 3172 2538 3228 Salvatoris.

2057 3264 2120 3320 ll.
2152 3264 2421 3335 Episcopo
2453 3263 2682 3334 subjecti
2728 3272 2901 3319 estote
2938 3264 3086 3319 velut
3128 3262 3377 3319 Domino.
3426 3262 3547 3332 Ipse

1986 3358 2125 3409 enim
2152 3355 2433 3425 pervigilat
2459 3371 2554 3424 pro
2576 3357 2852 3409 animabus
2875 3356 3079 3421 vestris,
3111 3356 3268 3426 quasi
3289 3355 3545 3410 rationem

1985 3443 2286 3496 redditurus
2314 3443 2423 3497 Deo
2447 3444 2514 3497 ".
2544 3442 2724 3508 Quare
2749 3443 3006 3498 videmini
3040 3444 3172 3497 mihi
3205 3459 3314 3498 non
3351 3459 3546 3500 secun-

1985 3533 2114 3587 dum
2148 3535 2445 3599 hominem,
2473 3535 2566 3589 sed
2591 3534 2892 3589 secundum
2935 3532 3122 3588 Jesum
3153 3534 3430 3589 Christum
3459 3536 3547 3590 vi-

1983 3638 2130 3690 vere,
2185 3625 2279 3694 qui
2307 3635 2527 3695 propter
2548 3641 2644 3680 vos
2668 3635 2916 3680 mortuus
2938 3635 3043 3693 est,
3087 3635 3145 3680 ut
3175 3628 3455 3684 credentes
3491 3629 3547 3682 in

1983 3723 2212 3769 mortem
2248 3716 2389 3786 ejus,
2412 3731 2510 3786 per
2532 3717 2863 3785 baptismum
2891 3727 3174 3773 consortes
3203 3717 3324 3774 sitis
3358 3734 3548 3774 resur-

1982 3805 2240 3862 rectionis
2281 3807 2422 3878 ejus.
2467 3807 2701 3864 Necesse
2745 3809 2930 3880 itaque
2957 3820 3062 3877 est,
3085 3812 3548 3882 quemadmodum

2048 4208 2160 4279 (‘21)
2197 4209 2411 4284 ρῦτως.
2458 4209 3006 4284 ΙλίὺκΑιιειιειοιιιιε,
3033 4203 3187 4284 οὗτος
3211 4253 3228 4278 ,
3260 4210 3550 4284 Nydpruc-

1977 4277 2168 4333 cianus
2195 4279 2362 4342 ὅντως
2387 4299 2402 4335 :
2430 4296 2534 4336 nos
2557 4277 2750 4348 οὒτωξ,
2783 4297 2850 4336 ex
2873 4292 3106 4351 utroque
3137 4277 3280 4337 inter
3301 4277 3363 4340 se
3379 4277 3544 4338 "com-

1977 4357 2207 4424 parato2
2244 4351 2654 4424 espressimus;
2717 4351 3050 4424 suﬂ'ragante
3097 4353 3260 4407 etiam
3313 4362 3547 4424 utroque

1978 4426 2161 4490 vetere
2187 4417 2380 4490 Latino
2404 4420 2714 4490 interprete.
2746 4423 2826 4476 In.

2049 4487 2161 4564 (22)
2191 4487 2275 4564 Τῷ
2305 4487 2612 4564 ἐπισκόιζῳ
2653 4488 3076 4564 ὑποτάσσεσθε
3113 4492 3193 4557 ὡς
3223 4491 3302 4564 τῷ
3329 4491 3544 4564 Κυρίῳ,

383 4547 643 4631 (l_'l)"Er
673 4556 935 4631 ομονοίᾳ.
972 4554 1089 4631 Yet.
1104 4557 1312 4631 vulgat.
1331 4575 1350 4607 ι
1377 4556 1430 4609 in
1449 4555 1823 4609 unanimitate.
1851 4573 1870 4606 ι
1901 4547 1954 4607 D
1978 4547 2091 4631 etc‘._
2116 4547 2400 4631 Anglican.
2431 4576 2443 4611 :
2475 4577 2494 4610 ι
2527 4547 2837 4631 β-ίιιιιᾉειιίιιι
2866 4562 3125 4630 episcopo
3153 4547 3385 4631 subjecti
3410 4547 3542 4616 estis

307 4623 599 4696 Anglican.
635 4645 652 4676 ‹
685 4623 745 4696 in
776 4625 1068 4696 concordia
1104 4623 1224 4680 Dei:
1245 4645 1263 4676 ι
1297 4625 1370 4696 lp.

381 4691 498 4765 (18)
534 4697 634 4750 Ἐν
663 4693 1042 4765 ἀποστολικῷ
1077 4693 1420 4763 χαρακτῆρι.
1457 4691 1561 4765 Per
1598 4693 1744 4765 hunc
1772 4708 1868 4763 χα-

344 4763 585 4837 ακτῆρα,
617 4766 792 4837 inquit
817 4765 906 4837 hic
929 4764 1239 4837 hlwstraetls,
1268 4763 1521 4837 salutatio
1543 4777 1648 4832 qua
1673 4763 1746 4837 uti
1774 4778 1868 4817 so-

344 4787 585 4837 ακτηρα,
617 4787 792 4833 lnqult
821 4787 906 4819 [HC
930 4787 1239 4829 NIEBSU'EBIIS,
1268 4787 1521 4817 salutatur
1543 4787 1648 4832 qua
1673 4787 1746 4815 υιι
1774 4787 1868 4817 δυ’

307 4787 497 4892 rebant
527 4836 777 4905 apostoli,
814 4834 1131 4903 intelligitur
1159 4852 1171 4888 :
1204 4832 1361 4905 cujus
1392 4834 1506 4905 haec
1534 4832 1869 4905 eratl‘ormw

307 4909 394 4962 la:
441 4926 460 4958 ι
499 4903 685 4960 Gratia
727 4913 781 4958 et
822 4919 956 4972 pax,
988 4906 1102 4958 sive
1142 4904 1545 4968 misericordia;
1593 4921 1612 4954 ι
1656 4903 1724 4956 de
1760 4917 1868 4972 qua

304 4977 510 5054 Baron.
534 4977 601 5054 ad
629 4974 875 5054 aun._45,
896 4972 930 5054 ᾖ
955 4974 1044 5026 ‘27.
1073 4973 1148 5054 ιο..

381 5047 496 5115 (l9)
529 5047 611 5098 Οὐ
639 5044 788 5115 uaga
808 5039 1225 5115 χρῆσιν,ᾼάλλὰ
1251 5043 1399 5095 κατὰ
1413 5039 1647 5115 κτῆσιν.
1666 5039 1868 5115 Noster

304 5111 582 5184 interpres
617 5133 691 5184 λε
722 5111 840 5166 Non
872 5113 1172 5184 secundum
1200 5127 1380 5184 usum,
1428 5111 1522 5184 sed
1544 5112 1868 5184 secundum

305 5179 586 5241 naturam.
610 5182 765 5238 ινα.
801 5184 1035 5252 vulgat.:
1073 5201 1090 5232 ι
1128 5179 1248 5235 Νοιι
1285 5182 1342 5252 in
1375 5181 1747 5244 usitationem,
1770 5181 1868 5252 sed

305 5257 362 5311 in
397 5255 839 5324 possessionem;
881 5251 1004 5324 {sic
1029 5253 1176 5324 enim
1209 5251 1409 5324 habent
1435 5265 1567 5305 mss.
1599 5252 1698 5324 ubi
1745 5251 1868 5324 libri

302 5321 440 5380 editi
471 5326 658 5405 legunt
685 5343 696 5376 :
737 5342 756 5374 ι
790 5321 908 5405 lion
939 5322 994 5375 in
1045 5323 1436 5405 haesitationem
1458 5363 1471 5384 ,
1519 5321 1612 5405 sed
1633 5321 1868 5405 ,ιιι-Ιίέοὶ

301 5388 735 5466 possessionem.
765 5413 783 5443 ι
806 5391 1010 5466 Sensus
1033 5407 1164 5445 vero
1189 5400 1290 5452 est,
1321 5405 1482 5466 quem
1519 5391 1751 5466 reddidit
1768 5388 1871 5443 Ve-

302 5460 526 5521 delius:
555 5463 865 5518 Trallenses
911 5463 1110 5515 habere
1145 5471 1380 5514 mentem
1423 5460 1756 5528 inculpatam
1805 5474 1871 5514 ac

301 5537 589 5606 pietatem,
620 5549 730 5587 non
774 5533 936 5606 talem
980 5547 1102 5606 qua:
1137 5530 1195 5591 in
1227 5530 1558 5606 temporaria
1585 5530 1866 5596 exercitio,

301 5599 402 5662 sed
439 5607 492 5658 in
518 5605 786 5657 constanti
816 5599 1474 5670 posses’sioneéconsistat.
1511 5599 1582 5651 lo.

381 5673 496 5743 (20)
529 5665 836 5743 Πολύϐιοςῖ
894 5670 1100 5740 Polybii
1158 5665 1584 5743 Tralliangruin
1627 5668 1867 5743 episcopi

302 5737 626 5800 meminisse
652 5743 737 5795 hic
758 5737 1046 5809 lguatiuiu,
1079 5741 1367 5796 conlirmat
1392 5737 1681 5803 Eusebius,
1726 5737 1867 5794 libro

325 5833 365 5872 ιι
395 5813 602 5867 Hister.
633 5829 756 5880 κεφ.
780 5811 871 5865 λε’.
911 5811 980 5861 lo.

625 5912 892 5968 ΡΑτιιοι..
940 5907 1056 5966 Gn.
1109 5907 1172 5965 ι’.

1969 4635 2030 4679 ιιι
2062 4624 2192 4680 Jesu
2209 4624 2461 4689 Christo,
2493 4629 2752 4682 videmini
2790 4624 2925 4683 mihi
2968 4624 3078 4684 non
3107 4624 3405 4686 secundum
3436 4632 3542 4685 ho-

1968 4696 2143 4750 mines
2200 4696 2465 4762 viventes,
2521 4697 2620 4752 sed
2667 4701 2968 4754 secundum
3017 4698 3202 4754 Jesum
3231 4700 3537 4765 Christum,

1968 4775 2194 4838 propter
2238 4781 2334 4821 vos
2394 4776 2689 4838 mortuum.
2745 4787 2792 4838 ιη
2820 4769 2901 4821 Ad
2955 4770 3100 4837 quod
3157 4770 3434 4838 exemplar
3493 4771 3542 4824 si

1968 4833 2155 4909 Graeca
2183 4835 2255 4888 ita
2279 4836 2692 4909 restituerentur
2722 4856 2746 4909 :_
2773 4837 2936 4890 Ὅταν
2971 4833 3092 4909 ῂὰρ
3133 4838 3209 4909 τῷ
3258 4833 3496 4909 ἐπεισκόπ

1970 4903 2352 4977 ῦποτὰσσεσθε
2388 4906 2463 4968 ὡς
2496 4905 2794 4977 τῷλΚυρίῳ
2815 4945 2850 4977 ,_
2881 4903 3133 4974 φαίνεσθέ
3180 4903 3270 4977 μοι
3309 4908 3368 4960 οὐ
3401 4903 3542 4964 κατᾶ

1967 4973 2252 5048 ᾀνθρωτεον
2285 4972 2866 5048 ζῶντες,μ’ἁλλὰ’κατὰ
2895 4972 3114 5048 Ἰησοῦν
3157 4972 3410 5048 Χριστὸν,
3449 4979 3541 5032 τὸν

1967 5042 2034 5095 δι’
2072 5042 2230 5113 ὑμᾶς
2291 5044 2629 5097 ἀποθανόντα
2668 5062 2681 5097 :
2729 5042 3048 5113 trajectio'ne
3106 5042 3537 5113 sententiarum,

1968 5127 2158 5184 quam‘
2187 5113 2275 5184 hic
2325 5114 2774 5184 animadvertisse
2821 5115 2974 5170 visus
3015 5116 3120 5171 sibi
3147 5126 3232 5171 est
3261 5115 3537 5184 Vedelius,

1972 5179 2107 5234 nihil
2135 5179 2299 5236 fuerit
2327 5197 2485 5250 Opus.
2519 5183 2595 5235 In.

2043 5251 2155 5323 (25)
2197 5252 2302 5305 Διὰ
2343 5252 2453 5323 τοῦ
2488 5252 2905 5323 ,βαπτίσματος
2937 5253 3211 5308 κοινωνοὶ
3240 5253 3350 5323 τῆς
3391 5254 3542 5308 ἀνα-τ

1969 5319 2242 5385 στάσεως
2271 5321 2455 5374 αὑτοῦ
2487 5321 2760 5390 γένησθε.
2797 5321 2904 5377 Pro
2956 5324 3076 5385 his,
3127 5319 3310 5378 uoster
3367 5324 3540 5378 inter-

1969 5405 2093 5458 pres
2137 5391 2456 5462 simpliciter
2493 5391 2664 5462 legit:
2710 5410 2746 5462 «_
2773 5393 2912 5446 mori
2953 5393 3314 5462 eli‘ugiatis.s
3366 5391 3536 5448 Vetus

1971 5474 2100 5513 vero
2131 5461 2411 5531 vulgatus,
2429 5475 2555 5514 cum
2578 5461 2632 5531 in
2669 5460 2850 5530 priore
2889 5460 3134 5517 membro
3175 5461 3427 5531 legisset,
3476 5473 3539 5517 ut

1970 5530 2142 5602 nostri
2163 5530 2545 5602 libriihabeut,
2573 5530 2662 5582 τὸν
2694 5531 2760 5583 δι’
2792 5532 2940 5602 ἡμᾶς
2973 5530 3330 5597 ἀποθανόντα,
3355 5531 3410 5584 in
3433 5533 3538 5588 hac

1969 5599 2212 5653 clausula
2240 5601 2468 5669 primam
2507 5615 2723 5669 quoque
2754 5599 3044 5669 personam
3084 5610 3228 5658 recte
3269 5602 3494 5657 retinuit
3518 5641 3534 5668 ,

1971 5678 2046 5722 ita
2087 5667 2255 5740 verba:
2295 5667 2565 5740 reddens:
2604 5667 3140 5740 «ZCOmmunicantes
3191 5670 3287 5740 (ut
3335 5667 3538 5734 habent

1969 5738 2129 5811 mss.)
2155 5739 2259 5811 _ye_l
2308 5739 2597 5811 participes
2629 5733 2726 5806 (ut
2770 5740 2895 5795 libri
2929 5741 3082 5811 editi)
3116 5733 3538 5800 resurrectionis

1969 5809 2088 5879 ejus
2113 5807 2431 5865 elllciamur.
2461 5827 2479 5859 ι
2518 5809 2592 5861 In.
