4076 6430
486 353 599 408 779

1274 350 1364 405 AD
1390 348 1773 407 EPISTOLAS
1813 348 1872 405 S.
1904 346 2158 405 ICNATII
2200 345 2549 405 GENUINAS
2583 347 2947 406 APPENDIX.

3650 359 3756 413 780

450 467 454 482 '
485 472 691 539 facitis,
722 480 779 525 ut
806 472 922 527 sine
950 471 1205 542 episcopo
1233 472 1368 526 nihil
1393 472 1583 543 agatis.
1621 471 1725 527 Sed
1759 480 1811 526 et
1843 474 2064 541 presby—

2171 473 2353 535 ἐστιν,
2391 473 2600 546 ὅσαπερ
2636 476 2860 537 ποιεῖτε,
2916 475 3042 529 ἄνευ
3092 476 3184 530 τοῦ
3222 476 3533 541 ἐπισκόπου
3588 482 3759 552 μηδὲν

450 566 625 620 εισι-ιο
679 565 905 634 subjecti
957 573 1169 629 estote,
1221 575 1279 620 ut
1339 566 1602 634 apostolis
1645 563 1773 620 Jesu
1830 564 2061 630 Christi,

487 658 602 726 spei
639 666 865 723 nostrae;
901 657 956 711 in
983 672 1097 726 quo
1126 657 1390 718 viventes,
1436 658 1489 710 in
1538 657 1657 727 ipso
1697 657 2059 712 inveniemur.

483 748 709 819 Oportet
744 759 923 803 autem
956 758 1011 803 et
1037 749 1298 803 diaconos
1342 748 1734 819 ministrosque
1777 750 2062 820 mysterio-

484 856 608 895 rum
641 839 769 895 Jesu
816 840 1017 896 Christi
1066 841 1215 896 omni
1258 840 1421 894 modo
1460 841 1704 910 placere;
1750 855 1860 895 non
1915 841 2060 895 enim

485 937 733 991 ciborum
758 945 812 991 et
838 945 1065 1006 potuum
1099 934 1333 990 ministri
1363 943 1513 999 sunt,
1543 936 1636 989 sed
1683 933 1935 991 Ecclesiae
1965 935 2059 991 Dei

484 1029 743 1084 ministri.
795 1027 1022 1098 Oportet
1061 1028 1225 1097 igitur
1264 1036 1323 1081 ut
1364 1027 1468 1081 sibi
1496 1038 1725 1082 caveant
1752 1043 1782 1081 a
1812 1028 2057 1082 crimini.

481 1120 620 1177 bus.
659 1130 920 1191 tanquam
976 1121 1045 1175 ab
1101 1121 1222 1190 igne
1270 1128 1482 1174 urente.
1533 1119 1644 1188 Ipsi
1691 1119 1873 1189 itaque
1926 1120 2060 1175 tales

485 1213 619 1268 sint.

508 1420 516 1428 -
556 1387 643 1441 ΙΙΙ.
674 1388 744 1442 At
789 1403 883 1443 vos
930 1388 1254 1443 reveremini
1296 1388 1441 1453 illos,
1485 1386 2054 1457 tanquameristum

481 1483 692 1547 Jesum,
740 1482 897 1551 cujus
930 1480 1121 1535 vicarii
1171 1490 1329 1544 sunt;
1378 1488 1439 1532 ut
1487 1490 1541 1533 et
1583 1480 1873 1549 episcopus
1898 1486 2061 1549 typus

491 1574 581 1637 Dei
616 1574 792 1628 Patris
824 1572 1072 1639 omnium
1101 1581 1220 1633 est;
1254 1571 1553 1641 presbyteri
1582 1585 1731 1634 vero,
1757 1570 1899 1626 sicut
1926 1584 2060 1624 con-

486 1681 670 1720 sessus
699 1665 812 1732 Dei,
841 1674 894 1720 et
922 1664 1234 1734 coniunctio
1269 1663 1637 1733 apostolorum
1670 1662 1893 1718 Christi.
1928 1660 2059 1717 Sine

487 1757 575 1811 his
596 1756 839 1812 Ecclesia
872 1756 1042 1810 electa
1074 1770 1179 1808 non
1212 1763 1315 1819 est,
1353 1769 1460 1807 non
1489 1760 1803 1807 sanctorum
1832 1766 2058 1823 congre-

484 1851 665 1921 gatio,
700 1864 805 1903 non
840 1857 1155 1903 sanctorum
1203 1845 1469 1900 collectio.
1514 1842 1843 1899 Persuasum
1875 1851 2055 1897 autem

488 1944 682 2007 habeo,
730 1950 785 1996 et
829 1956 926 1995 vos
973 1954 1039 1994 eo
1079 1939 1266 1993 animo
1311 1936 1535 1993 allectos
1576 1951 1717 1992 esse.
1768 1934 2058 2006 Exemplar

483 2038 631 2092 enim
661 2032 945 2090 charitatis
980 2042 1171 2087 vestrae
1198 2030 1419 2100 accepi,
1448 2038 1504 2084 et
1531 2042 1743 2083 mecum
1776 2027 1970 2094 habeo,
2001 2029 2057 2081 in

482 2131 739 2198 episcopo
778 2135 994 2189 vestro;
1046 2123 1207 2193 cujus
1258 2124 1373 2193 ipse
1403 2122 1621 2178 habitus
1658 2135 1856 2191 magna
1885 2119 2053 2175 disci-

482 2219 630 2287 plina
651 2224 754 2282 est,
781 2214 1142 2269 mansuetudo
1171 2221 1350 2267 autem
1382 2212 1554 2282 ipsius
1587 2210 1863 2281 potentia;
1894 2225 2055 2279 quem

480 2320 535 2365 et
565 2308 760 2378 impios
791 2306 1024 2360 revereri
1055 2304 1332 2359 existimo.
1364 2303 1499 2370 Quia
1534 2302 1698 2372 diligo
1743 2316 1863 2367 vos,
1895 2316 2059 2371 parco

481 2399 794 2457 contentius
818 2397 971 2452 vobis
1012 2395 1273 2461 scribere,
1308 2410 1377 2449 ne
1419 2393 1694 2464 aliquibus
1721 2393 1906 2447 videar
1936 2408 2059 2448 esse

482 2507 663 2563 asper,
699 2500 795 2546 aut
830 2487 1187 2545 insuﬂlciens.
1221 2486 1450 2543 Vinctus
1505 2502 1629 2543 sum
1658 2485 1879 2556 quidem
1923 2500 2055 2555 pro—

480 2596 601 2658 pter
625 2584 926 2650 Christum,
955 2581 1050 2638 sed
1105 2581 1335 2635 necdum
1385 2580 1607 2635 Christo
1650 2579 1848 2649 dignus
1885 2594 2005 2633 sum
2040 2594 2054 2631 :

484 2681 531 2735 si
561 2693 689 2735 vero
719 2690 1092 2744 consummer,
1132 2675 1378 2731 fortassis
1418 2674 1616 2745 dignus
1646 2670 1822 2729 fuero.
1849 2670 1967 2727 Non
1997 2682 2058 2727 ut

481 2769 763 2841 apostolus
796 2767 1068 2837 praecipio.

554 2884 601 2916 “
630 2884 702 2939 al.
734 2881 1163 2937 ὑποτάσσεσθαι.
1243 2883 1288 2913 ⁸⁵
1311 2880 1384 2935 al.
1415 2880 1630 2944 αὐτούς.

555 3000 669 3071 (2-4)
707 2999 1180 3054 Tnario-asotia.
1226 2998 1304 3054 Ita
1358 3015 1424 3054 ex
1467 2997 1766 3071 Mcreliana
1812 2998 2056 3071 editione

481 3069 864 3141 reposuimus,
903 3086 1027 3125 cum
1060 3071 1180 3125 alia:
1211 3071 1464 3136 habeant,
1497 3069 1919 3141 ὑποτάσσεσθαι.
1946 3069 2056 3123 Νο⁴

482 3138 695 3197 hiscum
725 3142 1001 3197 consentit
1040 3150 1268 3210 uterque
1310 3150 1466 3210 vetus
1494 3138 1719 3195 Latinus
1760 3140 2052 3208 interpres.

480 3213 786 3267 Antiochus
824 3221 1006 3266 tamen
1054 3209 1244 3265 homil.
1280 3209 1401 3278 124,
1440 3210 1609 3279 priori
1653 3210 1815 3264 modo
1861 3210 2056 3279 legisse

480 3283 724 3345 videtur,
754 3284 828 3336 ita
861 3282 1038 3337 locum
1064 3284 1225 3335 istum
1256 3282 1494 3335 recitatis
1522 3298 1534 3334 :
1569 3280 1889 3348 Ἀναγκαῖὸν
1908 3282 2055 3334 ἐστιν

482 3352 880 3433 ὑποτάσσεσθαι
899 3352 1021 3433 ’καὶ
1047 3350 1135 3433 τῷ.
1156 3350 1532 3433 πρεσϐυτερίῳ
1553 3389 1597 3433 ε’
1619 3350 1697 3413 ὡς
1738 3350 2057 3416 ἀποστόλοις

482 3369 880 3406 ὑποτάσσεσθαι
899 3369 1021 3433 ’καὶ
1047 3369 1123 3422 τῳ
1156 3369 1532 3474 πρεσουτεριῳ
1556 3389 1569 3414 ,
1619 3369 1697 3413 ως
1738 3370 1747 3404 t

479 3422 658 3496 ’1ηςφῦ
690 3422 928 3496 Χρεσῑεφυ
962 3439 1061 3496 της
1088 3422 1193 3496 ὲλπ
1216 3422 1303 3496 6.94
1337 3423 1513 3496 ἡμων·
1553 3419 1747 3496 υξεεη-

549 3440 658 3495 ισου
690 3439 928 3494 Αριστου
962 3439 1061 3491 της
1088 3439 1303 3496 ελπιοος
1337 3439 1513 3545 ηέιων.
1557 3439 1747 3476 υδεειι.

549 3492 663 3565 (25)
699 3491 799 3547 Δεῖ
824 3492 1021 3565 δὲμκᾳί
1049 3492 1191 3565 τοὺς
1221 3492 1366 3565 διακ-
1392 3509 1535 3565 νοῦς
1586 3491 1767 3565 ὄντας
1820 3508 2052 3565 μυστη-

472 3560 621 3636 ρίων
645 3560 919 3636 ’Χριστοῦ
964 3562 1185 3636 Ἰησοῦ,
1232 3562 1381 3615 κατὰ
1403 3560 1621 3636 Δπάντα
1662 3560 1882 3630 τρόπον
1924 3562 2056 3636 ἀρέ-

477 3629 672 3690 σκειν.
701 3629 983 3704 Anglican.
1014 3629 1267 3689 similiter
1293 3652 1305 3687 :
1338 3651 1355 3682 ι
1394 3629 1622 3704 Oportet
1646 3642 1825 3704 autem
1857 3642 1912 3688 et
1938 3629 2056 3686 dia-

478 3720 671 3771 conos,
698 3700 976 3759 ministros
1005 3704 1329 3760 exsistentes
1352 3703 1733 3773 mysteriorum
1752 3700 1880 3773 Jesu
1897 3704 2055 3757 Chri-

480 3777 570 3840 sti,
606 3776 905 3829 secundum
952 3789 1169 3828 omnem
1215 3772 1436 3827 modum
1472 3773 1727 3827 omnibus
1757 3772 1997 3841 placere;
2029 3792 2048 3824 ι

480 3846 671 3900 eodem
699 3845 857 3913 plane
886 3843 1051 3898 modo
1093 3859 1203 3913 quo
1246 3843 1387 3913 apud
1436 3843 1798 3906 Antiochum,
1832 3844 1887 3897 in
1932 3842 2053 3898 loco

480 3915 670 3979 citato,
696 3913 897 3985 legitur,
922 3933 936 3968 :
967 3913 1106 3985 κατά
1123 3915 1298 3968 πάντα
1327 3913 1542 3985 τρόπον
1561 3914 1726 3985 πᾶσιν
1773 3913 2049 3985 ἀρέσκειν,

481 4000 605 4039 cum
630 3981 785 4039 vetus
814 3984 1065 4053 vulgatus
1094 3981 1384 4053 interpres,
1411 3998 1474 4036 ac
1500 3984 1549 4053 si
1575 3981 1929 4053 6raxévozi;_in
1952 3985 2054 4037 da-

479 4056 594 4109 tivo
621 4070 752 4110 casu
780 4050 1018 4125 legisset,
1051 4050 1255 4125 locum'
1282 4054 1356 4125 ita
1401 4050 1697 4125 reddiderit
1727 4070 1742 4106 :
1774 4071 1793 4125 ι
1829 4051 2055 4125 Oportet

481 4139 612 4194 ergo
646 4134 700 4179 et
727 4122 996 4188 diaconis,
1024 4123 1117 4193 qui
1146 4133 1273 4194 sunt
1302 4124 1362 4194 in
1385 4122 1745 4194 ministerium
1776 4124 1880 4194 (vel
1906 4123 2054 4194 «mi-

484 4191 665 4259 nistri,
699 4212 718 4245 ›
748 4204 810 4249 ιιι
842 4195 1003 4249 habet
1025 4191 1128 4247 ms.
1160 4192 1611 4263 Magdalenensis)
1652 4191 1781 4263 Jesu
1822 4193 2050 4259 Christi,

482 4266 633 4319 omni
662 4264 789 4335 (vel,
823 4283 841 4314 ι
881 4264 933 4316 in
981 4263 1151 4329 omni,
1173 4283 1209 4335 Δι
1244 4273 1304 4318 ut
1332 4263 1531 4317 habent

481 4335 644 4459 ωεεὲ
669 4332 829 4389 modo
857 4335 1088 4412 placere.
1122 4352 1141 4384 ι
1171 4332 1249 4412 In,

553 4405 609 4459 (2
648 4404 666 4459 )
713 4405 959 4459 Βοωτων
990 4402 1249 4457 καὶποτα

553 4401 666 4475 (26)
713 4401 959 4475 Βρωὲὦγ
990 4402 1088 4456 καὶ
1108 4403 1326 4457 ποτῶν.
1372 4401 1708 4459 Antiochus:
1743 4401 2048 4474 βρωμάτων

481 4472 577 4529 ml.
610 4472 886 4546 πομάτων.
918 4472 990 4546 I_0.

554 4546 667 4615 (27)
686 4540 849 4615 Ὰέονγ
876 4540 991 4599 οὖν
1027 4542 1326 4615 αὑτῶν-τὰ
1367 4542 1710 4613 ἐγκλήματα
1755 4542 2047 4615 φυλάττε-

477 4612 753 4680 σθαι,’ὠς
784 4614 903 4682 πῦρ
934 4615 1180 4684 eleg-or.
1226 4612 1302 4667 ita
1344 4612 1513 4685 codex
1556 4612 1945 4685 ’Augustanus,
1995 4623 2049 4668 et

480 4696 636 4741 vetus
688 4686 942 4755 vulgatus
990 4686 1278 4753 interpres,
1321 4684 1414 4754 qui
1446 4688 1525 4739 sic
1553 4688 1713 4740 vertit
1740 4703 1753 4739 :
1781 4705 1799 4737 ι
1823 4684 2051 4753 Oportet

478 4772 610 4827 ergo
637 4763 904 4827 praecepta
934 4770 1121 4827 eorum
1148 4757 1457 4827 observare,
1482 4755 1625 4809 sicut
1653 4757 1831 4827 ignem
1852 4755 2050 4827 arden-

480 4824 612 4881 tem.
640 4824 670 4877 3
698 4826 766 4881 At
795 4824 964 4896 codex
990 4824 1439 4896 Nydpruccianus
1470 4839 1567 4896 pro
1618 4824 1819 4896 αὐτῶν,
1846 4825 2049 4880 rectius

481 4896 645 4965 habet
673 4895 871 4960 αὐτούς
905 4914 919 4949 :
956 4893 1125 4965 ριιίιιέ
1140 4896 1463 4950 sententiam
1492 4893 1731 4950 Joannes
1770 4895 2048 4950 Brunerus

477 4964 675 5022 Latine
727 4968 801 5020 ita
855 4964 1211 5035 expressit”
1266 4964 1415 5031 Quos
1465 4965 1685 5034 quidem
1737 4966 1873 5020 tales
1926 4980 2050 5020 esse

478 5045 718 5106 oportet,
746 5038 838 5107 qui
866 5052 896 5090 a
926 5036 1346 5107 reprehensione
1369 5035 1474 5107 sibi
1504 5044 1765 5105 tanquam
1794 5036 2051 5107 incendio

481 5105 728 5161 caveant.
763 5105 781 5158 Β
811 5107 893 5161 Ab
920 5106 1189 5160 Antiocho
1218 5120 1346 5161 vero
1375 5106 1553 5158 locum
1585 5107 1798 5160 huncin
1826 5105 2049 5159 modum

521 5179 807 5232 roductum
844 5178 1150 5230 invenimus
1180 5175 1346 5229 εΔέον
1390 5171 1485 5227 οὖν
1522 5176 1670 5229 ἐστιν
1707 5176 1905 5237 αὐτοὺς
1950 5192 2051 5244 φυ-

476 5244 774 5317 λάσσεσθαι
806 5246 874 5300 τά
905 5245 1226 5316 ἐγκλήματα
1256 5246 1332 5317 ὡς
1365 5244 1507 5317 πῦρ;
1549 5247 1823 5315 quomodo
1849 5255 1902 5299 et
1944 5261 2048 5317 no-

481 5331 658 5372 strum
680 5316 872 5387 lgnAatii
900 5315 1248 5385 interpretem
1274 5315 1468 5386 legisse
1491 5324 1735 5385 apparet,
1768 5330 1892 5369 cum
1921 5315 2048 5369 red-

482 5387 621 5441 didit
645 5406 660 5442 :
698 5384 729 5439 ἱ
755 5384 1136 5456 Opportunum
1167 5384 1472 5457 igitur,vos
1500 5384 2050 5457 observareaccusa-

485 5458 682 5524 tiones,
732 5453 1056 5527 utnignem;
1121 5475 1139 5508 ι
1190 5453 1281 5510 ubi
1322 5456 1644 5527 glossator:
1690 5475 1709 5507 ι
1749 5453 2051 5527 Observare

482 5526 891 5593 accusationes,
917 5545 935 5578 ι
969 5526 1419 5596 interpretaturlu
1455 5528 1747 5596 observare
1774 5540 1833 5581 se
1861 5526 1929 5579 ab
1959 5541 2051 5580 ac-

472 5597 877 5722 Ιἓξιςιῖιιξςοιιὶῐιιιε,
918 5605 980 5652 ιιι
1007 5598 1077 5653 ab
1106 5595 1249 5668 igne.
1292 5616 1310 5649 ι
1342 5595 1477 5651 Vide
1505 5595 1884 5666 Prolegomen.
1924 5610 2047 5666 cap.

556 5708 569 5721 .
602 5675 678 5721 ID.

537 5741 649 5807 (28)
671 5746 989 5821 (semifer
1013 5744 1127 5821 οὖν
1140 5749 1428 5821 ἔστωσαν
1454 5751 1735 5821 τοιοῦτοι,
1770 5766 1943 5821 usque
1965 5752 2031 5806 ad

466 5806 824 5867 ἀποστόλων
843 5806 1117 5880 Χριστοῦ.
1139 5818 1242 5877 Pro
1270 5819 1374 5884 his,
1392 5806 1689 5878 Antiochus
1710 5806 1918 5877 tantu'm
1943 5822 2033 5879 ha-

1722 2880 1769 2912 "
1804 2880 1874 2935 al.
1907 2880 2079 2949 ἅγιον.

2171 564 2431 632 πράττειν
2492 565 2658 635 ὑμᾶς.
2718 565 2849 618 Ἀλλ’
2906 567 3277 622 ὑποτάσσεσθε
3308 569 3352 601 ’δ
3386 570 3498 641 (24)
3546 572 3641 626 καὶ
3676 572 3759 643 τῷ

2167 654 2565 725 πρεσϐυτερίῳ,
2596 657 2671 719 ὡς
2699 656 3015 721 ἀποστόλοις
3054 660 3227 730 Ἰησοῦ
3257 662 3496 733 Χριστοῦ
3532 664 3630 733 τῆς
3668 664 3760 717 ὲλ-

2166 745 2318 808 πίδος
2344 740 2520 816 ἡμῶν,
2545 747 2603 800 ὲν
2637 741 2682 815 ᾧ
2707 748 3004 816 διάγοντες,
3038 750 3096 803 ὲν
3131 750 3281 821 αὑτῷ
3313 753 3752 826 εὑρεθησόμεθα.

2163 836 2254 887 Δεῖ
2287 836 2343 888 δὲ
2365 837 2461 890 καὶ
2487 837 2613 901 τοὺς
2644 837 2928 902 διακόνους
2959 839 3122 904 ὄντας
3161 845 3475 915 μυστηρίων
3509 846 3754 920 Χριστοῦ

2178 927 2373 997 Ἰησοῦ,
2408 930 2548 984 κατά
2598 932 2779 984 πάντα
2824 932 3025 1001 τρόπον
3066 934 3320 1005 ἀρέσκειν
3368 936 3500 1006 (25)*
3545 940 3606 992 οὑ
3639 940 3756 1011 γὰρ

2164 1017 2389 1088 βρωτῶν
2422 1021 2518 1075 καὶ¹
2549 1020 2734 1074 ποτῶν
2770 1020 2878 1092 (26)
2920 1024 3028 1076 είσι
3066 1023 3303 1079 διάκονοι
3326 1066 3340 1091 ,
3370 1026 3485 1080 ἀλλ’
3522 1029 3753 1103 Ἐκκλη-

2165 1111 2286 1176 σίας
2327 1109 2464 1163 Θεοῦ
2510 1110 2805 1181 ὑπηρέται.
2838 1111 2965 1164 Δέον
3001 1108 3094 1166 οῦν
3138 1114 3319 1168 αὑτῶν
3354 1116 3398 1147 ⁸⁸
3441 1116 3509 1171 τά
3554 1118 3754 1189 ἐγκλή-

2165 1221 2310 1275 ματα
2342 1201 2740 1272 φυλάττεσθαι,
2774 1203 2849 1267 ὡς
2883 1204 2993 1275 πῦρ
3038 1205 3235 1275 φλέγον
3277 1206 3409 1281 (27)·
3460 1209 3613 1263 αὐτοὶ
3647 1210 3753 1281 μὲν

2161 1293 2253 1351 οῦν
2285 1297 2529 1350 ἔστωσαν
2558 1295 2789 1349 τοιοῦτοι
2824 1298 2955 1369 (28).

2234 1390 2326 1442 Ill.
2370 1389 2556 1459 Ὑμεῖς
2582 1388 2639 1441 δὲ
2665 1390 2992 1460 ὲντρέπεσθε
3023 1392 3218 1457 αὑτοὺς
3248 1392 3335 1458 ὡς-
3360 1395 3591 1467 Χριστὸν
3632 1395 3745 1470 Ἰη-

2167 1480 2314 1542 σοῦν,
2349 1474 2409 1533 οὑ
2441 1480 2681 1549 φύλακές
2704 1484 2810 1535 εἱσι
2830 1482 2922 1536 τοῦ
2950 1484 3134 1538 τόπου·
3158 1485 3233 1550 ὡς
3257 1487 3351 1539 καὶ
3371 1488 3399 1539 ό
3423 1488 3743 1555 ἐπίσκοπος,

2160 1573 2252 1625 τοῦ
2285 1573 2498 1642 Πατρὸς
2531 1573 2640 1625 τῶν
2666 1572 2804 1626 ὅλων
2824 1575 2993 1640 τύπος
3028 1577 3282 1649 ὑπάρχει·
3318 1580 3367 1632 οἱ
3405 1580 3461 1634 δὲ
3503 1584 3746 1654 πρεσϐύ-

2157 1680 2323 1735 τεροι,
2354 1663 2431 1727 ὠς
2474 1664 2748 1736 συνέδριον
2779 1664 2936 1731 Θεοῦ,
2976 1668 3070 1720 καὶ
3100 1668 3393 1741 σύνδεσμος
3426 1672 3742 1730 ἀποστόλων

2160 1756 2418 1828 Χριστοῦ.
2482 1759 2665 1828 Χωρὶς
2738 1758 2944 1813 τούτων
2996 1760 3290 1832 Ἐκκλησία
3350 1763 3579 1837 ὲκλεκτὴ
3638 1768 3743 1820 οὐκ

2159 1849 2306 1902 ἔστιν
2342 1848 2474 1920 (29),
2508 1851 2569 1903 οὑ
2606 1850 2976 1923 συνάθροισμα
3022 1855 3193 1922 ἁγίων
3232 1855 3299 1919 ⁸⁸,
3341 1858 3401 1909 οὐ
3452 1860 3743 1932 συναγωγὴ

2156 1940 2336 1995 ὁσίων.
2370 1940 2680 2013 Πέπεισμαι
2708 1943 2766 1997 δὲ
2798 1945 2891 1997 καὶ
2936 1946 3080 2016 ὑμᾶς
3112 1945 3254 1999 οὕτω
3296 1946 3617 2005 διακεῖσθαι.
3665 1951 3745 2004 Τὸ

2159 2032 2268 2103 γὰρ
2288 2032 2651 2105 ὲξεμπλάριον
2675 2035 2773 2105 τῆς
2798 2035 3017 2105 ἀγάπης
3044 2036 3153 2108 (50)
3176 2038 3221 2069 θ’
3259 2036 3471 2103 ἔλαϐον,
3499 2042 3592 2094 καὶ
3631 2040 3747 2112 ἔχω

2164 2123 2279 2192 μετ’
2303 2121 2562 2193 ἐμαυτοῦ,
2588 2124 2645 2175 ἐν
2676 2122 2754 2194 τῷ
2772 2124 3057 2195 ἐπισκόπῳ
3087 2123 3260 2195 ὑμῶνη
3289 2117 3349 2178 οῦ
3374 2126 3504 2179 αὐτὸ
3535 2126 3596 2178 τὸ
3634 2145 3741 2180 κα-

2158 2212 2413 2282 τάστημα
2446 2212 2655 2283 μεγάλη
2682 2212 2967 2285 μαθητεία,
3006 2216 3039 2285 ἡ
3069 2214 3127 2267 δὲ
3164 2215 3407 2286 πραότης
3440 2216 3604 2269 αὑτοῦ
3648 2216 3744 2270 δύο

2161 2323 2324 2375 ναμις
2364 2304 2480 2375 (51)
2524 2304 2581 2357 ὃν
2613 2305 2658 2336 ⁸⁸
2686 2304 2969 2376 λογίζομαι
3004 2305 3115 2377 (52)
3146 2308 3239 2359 καὶ
3278 2307 3405 2371 τοὺς
3431 2308 3625 2372 ἀθέους
3654 2311 3747 2363 ὲν-

2156 2398 2475 2471 τρέπεσθαι.
2533 2398 2788 2467 Ἀγαπῶν
2822 2398 3000 2468 ὑμᾶς,
3045 2397 3295 2469 φείδομαι
3346 2398 3747 2470 συντονώτερον

2157 2490 2476 2553 ἐπιστεῖλαι,
2524 2491 2609 2544 ἵνα
2658 2491 2731 2561 μὴ
2781 2489 2919 2555 δόξω
2967 2489 3107 2542 τισὶν
3154 2484 3292 2543 εἶναι
3337 2492 3674 2562 προσάντης,
3704 2490 3745 2562 ἢ

2155 2581 2396 2651 ἐπιδεής.
2433 2580 2663 2651 Δέδεμαι
2693 2580 2790 2650 μὲν
2816 2578 2904 2632 διὰ
2937 2578 3191 2650 Χριστὸν,
3230 2578 3343 2632 ἀλλ’
3366 2580 3576 2633 οὐδέπω
3602 2581 3742 2652 Χρι-

2158 2672 2282 2726 στοῦ
2309 2673 2455 2739 ἄξιός
2490 2675 2623 2744 εἰμι·
2666 2672 2761 2725 ἐὰν
2801 2672 2857 2725 δὲ
2896 2671 3188 2738 τελειωθῶ,
3231 2673 3370 2743 τάχα
3414 2673 3740 2745 γενήσομαι.

2086 2769 2129 2827 C
2161 2766 2272 2834 Οὐχ
2291 2764 2366 2829 ὡς
2390 2764 2683 2829 ἀπόστολος
2705 2765 3081 2835 διατάσσομαι.

2160 2884 2203 2913 ⁹⁷
2228 2885 2393 2938 inser.
2434 2882 2606 2953 ὑμῶν.
2682 2883 2728 2916 ’⁸
2752 2884 2826 2939 al.‘
2851 2884 2938 2955 ἦν.

2159 3003 2245 3073 bet
2275 3021 2286 3055 :
2328 3001 2558 3073 Ὁμοίως
2585 3002 2783 3066 πάντες
2816 3002 3263 3073 ἐντρεπέσθωσαν
3297 3003 3423 3066 τοὺς
3456 3002 3739 3070 διακόνους

2155 3072 2230 3144 ὡς
2262 3071 2467 3144 Ἰησοῦν
2489 3073 2755 3144 Χριστὸν,
2789 3072 2883 3144 καὶ
2914 3071 3004 3125 τὸν
3039 3074 3341 3144 ἐπίσκοπον
3376 3074 3452 3137 ὡς
3498 3075 3589 3128 τὸν
3623 3078 3739 3130 Παο

2156 3141 2456 3215 τέρα-τοῦς
2483 3141 2975 3215 δέ’πρεσβυτέρους
3020 3143 3095 3205 ὡς
3140 3145 3414 3215 συνέδριον
3447 3146 3603 3209 Θεοῦ,
3638 3146 3737 3201 καὶ

2155 3212 2460 3285 ὼςᾲδεσμὸν
2509 3212 2822 3285 ἀποστόλων
2841 3212 2860 3285 ;;
2904 3222 2957 3266 et
2993 3225 3183 3285 noster
3214 3212 3403 3283 lgn'atii
3441 3217 3733 3285 interpres,

2155 3283 2345 3358 eodem
2381 3283 2492 3358 fere
2520 3282 2683 3358 modo
2713 3300 2725 3334 :
2759 3282 2863 3336 nisi
2901 3282 3046 3358 quod
3075 3282 3381 3358 νοιιιοιίιψι
3393 3282 3604 3358 aliquot
3628 3288 3732 3341 ad-

2150 3352 2386 3422 jectione
2411 3351 2565 3406 locus
2594 3352 2842 3405 videatur
2874 3352 3097 3407 vitiatus
3129 3371 3142 3407 :
3175 3373 3193 3403 ι
3229 3351 3503 3408 Similiter
3529 3366 3583 3408 et
3608 3371 3732 3408 orn-

2156 3421 2252 3478 nes
2283 3431 2631 3477 revereantur
2665 3421 2925 3476 diaconos
2966 3433 3025 3476 ut
3049 3425 3363 3477 mandatum
3412 3422 3538 3479 Jesu
3569 3424 3733 3478 Chri-

2155 3493 2254 3558 sti;
2283 3502 2337 3546 et
2360 3492 2675 3561 episcopum
2695 3533 2709 3557 ,
2739 3502 2795 3545 ut
2823 3490 3009 3546 Jesum
3044 3493 3320 3547 Christum
3351 3496 3725 3560 (exsistentem

2154 3562 2351 3633 Filium
2406 3561 2641 3633 Patris);
2696 3564 3041 3633 presbyteros
3098 3572 3303 3629 autem,
3342 3572 3401 3617 ut
3427 3564 3729 3619 concilium

2158 3632 2247 3687 Dei
2283 3642 2337 3687 et
2372 3632 2814 3698 conjunctionem
2841 3632 2969 3703 (vel,
3011 3642 3069 3686 ut
3098 3633 3235 3688 liber
3262 3633 3730 3703 Cantabrigiensis

2156 3703 2336 3768 habet,
2361 3704 2826 3772 communionem)
2865 3705 3270 3772 apostolorum;
3312 3722 3331 3753 ι
3364 3705 3509 3773 quod
3547 3705 3727 3772 ipsum

2154 3776 2221 3845 de
2253 3774 2500 3845 diaconis
2543 3774 2683 3845 idem
2731 3774 2893 3827 etiam
2941 3775 2993 3827 in
3034 3773 3276 3845 Epistola
3318 3772 3396 3826 adi
3424 3772 3728 3845 Smyrnq'os

2154 3843 2227 3897 ita
2266 3844 2508 3912 repetit:
2541 3863 2557 3893 ι
2596 3842 2867 3897 Diaconos
2919 3842 3100 3899 autem
3149 3845 3471 3899 reveremini
3524 3842 3585 3898 ut
3630 3844 3725 3899 Dei

2154 3915 2493 3985 mandatum.
2527 3932 2544 3964 ι
2584 3912 2721 3985 Vid.
2749 3914 2911 3985 infra,
2944 3923 2997 3968 et
3034 3914 3089 3985 in
3131 3914 3304 3985 Epist.
3338 3921 3404 3968 ad
3434 3914 3648 3985 Smyrn.
3673 3928 3729 3971 et

2153 3981 2531 4054 Prolegomen.
2561 3999 2679 4052 cap.
2708 3983 2774 4037 18
2805 3994 2858 4038 et
2885 4000 3006 4052 cap.
3036 3984 3123 4039 10.
3149 3981 3223 4038 lo.

2225 4054 2335 4124 (29)
2388 4054 2573 4125 Χωρὶς
2621 4056 2847 4107 τούτων
2911 4056 3231 4125 Ἐκκλησία
3300 4054 3551 4125 ἐκλεκτὴ
3613 4055 3727 4108 οὐκ

2152 4123 2341 4204 ξσίτιν.
2370 4124 2671 4204 Antiochus
2690 4142 2714 4204 _:
2750 4124 2934 4204 Χωρὶς
2955 4123 3156 4180 τούτων
3198 4123 3581 4204 Ἐκκλησία-οὐ
3620 4142 3727 4204 ἕα-

2154 4193 2345 4265 λεῖται,
2393 4203 2448 4248 et
2473 4202 2660 4249 noster
2690 4193 2882 4264 lgnatii
2921 4194 3188 4265 interpres
3221 4214 3235 4250 :
3269 4214 3287 4245 ι
3329 4193 3460 4249 Sine
3501 4197 3586 4249 his
3620 4194 3725 4249 Ec-

1612 4278 1681 4317 uo
1709 4261 2048 4319 Oxonienses
2078 4267 2125 4323 D
2152 4264 2319 4336 clesia
2353 4280 2461 4317 non
2505 4261 2759 4336 vocatur,
2781 4283 2816 4336 ν)
2856 4261 3082 4320 omissis
3112 4266 3467 4336 sequentibus
3518 4266 3624 4320 illis
3654 4281 3667 4317 :
3696 4268 3730 4320 ὁ

2154 4333 2525 4406 συνάθροισμα
2575 4333 2721 4406 ἀγών
2770 4335 2874 4406 (sie
2917 4337 3063 4388 enim
3098 4333 3227 4405 legit
3274 4335 3729 4406 Nydpruccianus

2148 4403 2515 4527 ἓὲὥξδηὲιοη
2572 4404 2699 4471 ἆγι,
2744 4414 2805 4458 ιιι
2848 4403 3260 4476 Augustanus),
3309 4403 3726 4477 οὑ“συναγωγὴ

2182 4473 2327 4528 σίων.
2375 4473 2430 4520 ΙΙ)

2221 4543 2332 4615 (50)
2377 4542 2804 4615 Ἐξεμπλάριον
2836 4543 2945 4613 τῆς
2984 4545 3241 4613 ἀγάπης.
3280 4544 3395 4601 Hoc
3433 4547 3725 4612 vocabulo,

2149 4629 2178 4666 a
2214 4613 2695 4687 Latinisaccepto,
2727 4630 2859 4669 usus
2892 4616 3248 4687 estlgnatius
3284 4632 3471 4687 supra,
3492 4619 3560 4687 in
3590 4618 3728 4687 Epi—

2149 4684 2292 4757 stolg
2316 4685 2385 4736 ad
2414 4682 2699 4757 Ephesios;
2734 4694 2793 4737 ut
2816 4694 2869 4739 et
2916 4682 3056 4739 infra
3108 4682 3369 4755 quoque,—
3391 4682 3728 4757 in'Epist'ola

2150 4756 2218 4830 ᾳςι
2254 4752 2573 4822 Smyrnwos.
2587 4754 3087 4830 _Ex_utroque_ve_ro
3114 4752 3407 4830 interprete
3434 4752 3728 4830 legendum

2152 4824 2521 4896 hiciappanet:
2553 4825 2649 4895 τῆς
2678 4824 3097 4896 ἀγάπςνὺμῶν.
3133 4825 3208 4878 lo.

2221 4838 2521 4963 :Sippgr'et:
2544 4842 2649 4946 ,τηὸς
2678 4838 3097 4947 Ἑγαπηςυμων.
3133 4838 3208 4878 to.

2221 4893 2304 5016 (δὲ
2351 4911 2613 5020 ετρίδῖίίτί
2659 4898 3725 5020 ἔὺτῖἓτέἷὶῗῗρθεῖέῖᾝεᾜέῗίέἷέ

2150 4964 2190 5035 ῄ
2233 4963 2613 5035 δέμπραότης
2659 4966 2845 5019 αὐτοῦ
2890 4963 3163 5035 δύναμις.
3217 4963 3302 5021 Jo.
3352 4963 3726 5025 Damascenus

2152 5033 2410 5106 Perallel.
2456 5036 2549 5088 lib.
2599 5049 2695 5097 ιιι,
2749 5052 2869 5105 cap.
2911 5036 2980 5088 '50
3005 5033 3134 5101 {ex
3168 5037 3375 5106 lgnatio
3407 5041 3540 5094 citat
3567 5040 3672 5094 ista
3710 5060 3725 5094 :

2157 5122 2176 5154 ‹
2210 5103 2434 5160 Juvenis
2466 5115 2785 5161 mansuetus
2817 5103 2986 5160 inulta
3012 5103 3222 5161 suﬂert.
3255 5108 3498 5164 Canities
3529 5124 3726 5164 senum

2149 5174 2437 5249 clementia
2472 5191 2489 5249 :_
2516 5176 2622 5229 vita
2636 5186 2835 5249 _autem
2869 5192 3057 5249 eorum
3080 5178 3321 5249 cognitio
3351 5195 3514 5245 vera;
3547 5198 3566 5230 ι
3600 5196 3727 5249 qua:

2150 5245 2206 5298 in
2231 5247 2432 5299 nostris
2472 5239 2770 5305 lgnatlanis
2799 5262 2905 5301 non
2958 5239 3262 5302 invenimus
3294 5265 3308 5300 :
3338 5248 3441 5304 nisi
3469 5239 3725 5305 fortassis

2150 5314 2203 5390 in
2237 5315 2341 5370 hoc
2389 5314 2792 5390 Trallianorum
2840 5315 3088 5390 episcopi
3123 5320 3375 5373 encomio
3400 5322 3623 5390 aliquod
3658 5322 3726 5373 il-

2149 5384 2327 5438 lorum
2364 5388 2723 5441 animadverti
2751 5384 2927 5452 possit
2957 5384 3243 5457 vestigium
3266 5428 3281 5453 ,
3315 5392 3403 5443 cui
3437 5384 3723 5445 addendus

2157 5467 2210 5509 et
2236 5458 2386 5543 locus
2405 5460 2536 5543 iste,
2568 5459 2967 5543 Sapientiaa‘tv,’
2990 5462 3044 5526 8,
3178 5464 3344 5543 Πολιά
3372 5465 3427 5543 δέ
3457 5470 3572 5543 ἐπι
3602 5472 3729 5543 φρό-

2158 5545 2308 5608 νησις
2332 5528 2659 5608 ἀνθρώποις,
2698 5531 2790 5582 καὶ
2818 5529 3003 5608 ἡλικία
3029 5534 3214 5608 γήρως
3244 5533 3355 5608 βίος
3375 5528 3722 5608 ἀκηλίδωτὸς.

2164 5616 2182 5649 ι
2213 5599 2453 5653 Canities
2481 5608 2661 5653 autem
2695 5608 2779 5653 est
2819 5599 3115 5669 prudentia
3150 5599 3482 5663 hominibus.
3504 5618 3559 5664 et
3589 5599 3722 5669 aetas

2158 5668 2469 5733 senectutis,
2506 5670 2612 5723 vita
2638 5668 3005 5725 immaculata.
3037 5690 3056 5722 ι
3094 5671 3168 5725 In.

2249 5738 2342 5817 ζῆ)
2367 5741 2472 5793 Ἦν
2491 5738 2809 5817 νεογζζομαέ.
2833 5741 3058 5817 graecus
3082 5745 3249 5799 codex
3276 5744 3725 5817 Nydpruccianue

2154 5808 2212 5861 ὃν
2243 5808 2391 5879 legit,
2420 5819 2475 5865 et
2503 5808 2731 5866 Latinus
2755 5809 3092 5879 Baliolensis,
3125 5833 3143 5866 ι
3179 5808 3361 5886 quem.
3394 5808 3413 5869 ἱ
3442 5819 3518 5875 In.
