4076 6416
480 368 588 427 783
1294 375 1384 430 AD
1417 372 1797 430 EPISTOLAS
1831 374 1888 430 S.
1931 372 2191 431 [GNATII
2229 373 2579 433 GENUINAS
2612 375 2975 434 APPENDIX.
3634 377 3742 433 ’784

480 484 781 551 cellentias,
796 482 1035 556 Spiritus
1058 485 1448 544 sublimitatem
1474 498 1531 544 et
1549 487 1767 543 Domini
1798 502 2035 558 regnum

2153 489 2262 543 τῶν
2281 506 2339 542 τε
2366 490 2660 561 χερουᾶὶμ
2687 491 2781 546 καὶ
2811 491 3082 564 σεραφεὶμ
3100 490 3201 556 τὰς
3229 492 3525 564 ὑπεροχὰς,
3556 492 3651 549 τοῦ
3680 512 3744 549 τε

476 584 536 633 et
559 591 723 648 super
766 577 951 633 omnia
1000 578 1485 650 incomparabilem
1535 579 1630 635 Dei
1659 579 2035 650 omnipotenti:

2154 582 2470 652 Πνεύματος
2501 582 2600 654 τὴν
2632 583 2963 655 ὑψηλότητα,
2991 584 3086 638 καὶ
3123 583 3219 637 τοῦ
3265 583 3471 654 Κυρίου
3513 585 3613 655 τὴν
3644 585 3743 657 βα-

479 667 854 738 majestatem;
889 668 1008 724 haec
1054 684 1183 724 cum
1238 670 1505 735 noverim,
1555 684 1665 724 non
1716 678 1899 725 tamen
1932 670 2035 726 idet

2156 671 2377 736 σιλείαν,
2428 674 2523 728 καὶ
2563 673 2657 727 ἐπὶ
2696 676 2831 728 πᾶσι
2871 674 2933 728 τὸ
2981 674 3078 727 τοῦ
3124 674 3564 746 παντοκράτορος
3602 676 3739 731 Θεοῦ

476 759 750 830 perfectus
782 777 925 829 sum,
957 771 1051 818 aut
1085 763 1411 834 discipulus,
1438 759 1609 828 qualis
1639 761 1843 818 Paulus
1870 770 1926 817 et
1952 762 2053 819 Pe-

478 861 595 909 trus
629 870 642 906 :
676 854 847 912 multa
885 854 1031 910 enim
1080 855 1215 910 mihi
1250 856 1465 922 desunt,
1498 871 1565 911 ne
1598 871 1628 910 a
1665 855 1777 911 Deo
1800 855 1975 911 absim
2005 856 2048 911 ⁸.

554 1027 637 1083 γι.
672 1028 898 1084 Obsecro
917 1029 1102 1100 itaque
1126 1047 1236 1099 vos,
1261 1047 1369 1086 non
1395 1047 1518 1101 ego,
1538 1031 1634 1088 sed
1657 1033 1898 1089 cbaritas
1919 1032 2050 1089 Jesu

472 1118 699 1187 Christi,
722 1128 785 1175 ut
811 1121 1039 1191 idipsum
1072 1121 1267 1177 dicatis
1297 1139 1494 1187 omnes,
1528 1132 1578 1178 et
1609 1140 1713 1177 non
1739 1124 1845 1177 sint
1870 1125 1923 1178 in
1954 1141 2049 1178 vo-

474 1212 553 1268 bis
582 1213 871 1268 schismata
900 1230 920 1269 :
950 1216 1070 1270 sitis
1101 1225 1276 1271 autem
1304 1217 1523 1287 perfecti
1561 1217 1741 1271 eadem
1767 1219 2048 1286 sententia,

472 1306 724 1361 eteadem
752 1317 921 1362 mente
949 1308 989 1360 ⁸.
1022 1306 1163 1363 Sunt
1202 1309 1346 1364 enim
1393 1310 1642 1365 nonnulli
1686 1312 1964 1380 vaniloqui
1994 1321 2048 1367 et

472 1399 744 1454 mentium
794 1400 1144 1468 seductores,
1188 1417 1297 1457 non
1330 1402 1650 1471 Christiani,
1700 1406 1793 1461 sed
1842 1406 2047 1463 Christi

472 1489 779 1556 institores,
812 1490 1003 1548 fraude
1041 1492 1489 1551 circumferentes
1513 1495 1717 1551 Christi
1741 1513 1961 1563 nomen,
1994 1506 2050 1553 et

471 1582 828 1639 adulterantes
854 1585 1065 1639 verbum
1088 1586 1108 1619 ⁷
1130 1584 1427 1657 Evangelii,
1452 1603 1519 1643 ac
1545 1589 1747 1644 erroris
1778 1604 2045 1644 venenum

471 1675 869 1744 permiscentes
901 1676 1048 1732 dulci
1081 1676 1470 1746 appellationi;
1505 1678 1652 1734 velut
1694 1680 1875 1736 mulso
1913 1695 2046 1735 aco-

470 1766 647 1822 nitum
676 1775 1037 1838 temperantes
1071 1786 1084 1823 :
1119 1769 1299 1839 utqui
1340 1768 1569 1836 biberit,
1613 1771 1924 1826 suavissimi
1957 1787 2045 1827 sa-

2152 762 2498 835 ἀπαράθετον
2516 780 2529 794 ·
2575 764 2751 818 ταῦτα
2786 764 3070 833 γινώσκων
3102 764 3214 833 ἐγὼ
3233 804 3248 829 ,
3291 764 3354 817 οὐ
3384 766 3601 829 πάντως
3633 766 3738 837 ἤδη

2149 853 2522 926 τετελείωμαι,
2544 855 2578 926 ἢ
2602 855 2851 927 μαθητής
2875 858 2991 926 εἰμι
3019 852 3129 920 οἷος
3155 854 3367 925 Παῦλος
3390 856 3483 910 καὶ
3509 857 3734 930 Πέτροςο

2151 946 2322 1000 πολλὰ
2350 948 2459 1019 γάρ
2494 965 2585 1019 μοι
2612 947 2812 1013 λείπει,
2852 948 2940 1002 ἵνα
2960 948 3096 1001 Θεοῦ
3130 947 3205 1019 μὴ
3227 947 3538 1017 ἀπολειφθῶ
3563 950 3696 1022 (41).

2229 1038 2317 1096 Vl.
2348 1038 2683 1107 Παρακαλῶ
2711 1035 2804 1093 οὖν
2825 1038 3004 1108 ὑμᾶς,
3029 1039 3129 1093 οὐκ
3161 1038 3292 1108 ἐγὼ,
3327 1039 3441 1093 ἀλλ’
3470 1042 3505 1111 ή
3543 1041 3735 1115 ἀγάπη

2167 1128 2337 1199 Ἰησοῦ
2380 1128 2638 1199 Χριστοῦ,
2680 1129 2768 1182 ἵνα
2804 1130 2871 1183 τὸ
2911 1128 3056 1183 αὐτὸ
3101 1128 3316 1199 λέγητε
3349 1130 3460 1203 (42)
3487 1130 3732 1201 πάντες,

2149 1221 2248 1275 καὶ
2274 1220 2361 1291 μὴ
2396 1214 2438 1292 ᾖ
2465 1220 2535 1273 ἐν
2561 1220 2703 1291 ὑμῖν
2733 1221 3058 1290 σχίσματω
3092 1215 3197 1291 ἦτε
3232 1221 3301 1274 δὲ
3340 1224 3732 1294 κατηρτισμέ-

2147 1329 2239 1366 rat
2269 1311 2343 1381 τῇ
2374 1309 2530 1379 αὐτῇ
2570 1310 2795 1381 γνώμῃ,
2830 1312 2926 1365 καὶ
2968 1310 3049 1377 τῷ
3093 1310 3253 1378 αὐτῷ
3296 1315 3411 1367 νοΐ.
3471 1315 3592 1369 Εἰσὶ
3621 1317 3732 1389 γάρ

2147 1421 2292 1468 τινες
2347 1402 2691 1473 ματαιολόγοι
2739 1403 2834 1457 καὶ
2889 1404 3264 1474 φρεναπάται,
3310 1405 3370 1458 οὐ
3414 1406 3731 1478 Χριστιανοὶ

2147 1492 2285 1548 ἀλλά
2320 1492 2726 1565 Χριστὲμποροι
2765 1492 2927 1563 (45),
2982 1494 3166 1568 ἀπάτῃ
3221 1494 3611 1565 περιφέροντες
3665 1499 3730 1554 τὸ

2146 1584 2320 1657 ὄνομα
2347 1583 2442 1637 τοῦ
2481 1584 2751 1656 Χριστοῦ,
2794 1584 2887 1638 καὶ
2919 1586 3366 1653 καπηλεύοντες
3407 1588 3513 1641 τὸν
3540 1590 3730 1659 λόγον

2145 1677 2239 1732 τοῦ
2255 1675 2601 1763 Εὰξγγελίου,
2633 1676 2726 1730 καὶ
2756 1676 2848 1730 τὸν
2880 1676 2959 1729 ἰὸν
2982 1676 3422 1748 προσπλέκοντες
3458 1680 3559 1751 τῆς
3590 1679 3729 1735 πλά-

2147 1781 2247 1836 νης
2277 1765 2345 1835 τῇ
2383 1763 2613 1836 γλυκείᾳ
2643 1764 3004 1837 προσηγορίᾳ·
3051 1763 3241 1837 ὥσπερ
3277 1767 3569 1839 οἰνομέλιτι
3611 1768 3726 1841 (44)

470 1858 617 1928 poris
665 1866 823 1928 gustu
860 1860 1155 1931 deceptus,
1208 1860 1429 1917 incaute
1476 1870 1647 1917 morte
1696 1863 2035 1919 conficiatur.

2146 1852 2368 1911 κώνειον
2398 1855 2772 1926 κεραννύντες,
2802 1855 2891 1910 ἵνα
2913 1855 2941 1906 ὁ
2965 1856 3159 1921 πίνων,
3181 1859 3249 1928 τῇ
3274 1856 3583 1931 γλυκυτάτη
3611 1860 3725 1932 (45)

469 1949 652 2007 Monet
675 1951 896 2022 quidam
932 1960 1176 2007 veterum
1212 1970 1225 2006 :
1261 1951 1429 2007 Nemo
1464 1953 1628 2008 bonus
1675 1954 1910 2017 dicatur,
1951 1956 2043 2026 qui

467 2040 673 2097 malum
708 2041 843 2098 bona
886 2044 1162 2099 admiscet.
1190 2044 1213 2077 ⁸
1244 2042 1570 2115 Loquuntur
1611 2061 1849 2116 namque
1877 2046 2041 2102 Chri-

468 2144 637 2203 stum,
662 2150 771 2192 non
797 2144 857 2192 ut
876 2136 1154 2192 Christum
1186 2138 1529 2205 annuntient,
1554 2138 1648 2194 sed
1677 2149 1736 2194 ut
1762 2138 2041 2195 Christum

465 2229 748 2295 damnent,
786 2245 851 2285 ac
893 2231 1145 2301 rejiciant
1176 2248 1189 2283 :
1222 2241 1276 2287 et
1318 2231 1511 2304 [legem
1561 2230 1892 2304 proferunt],
1932 2247 2042 2287 non

466 2320 574 2395 [ut]
614 2322 789 2395 legem
819 2331 1093 2391 statuant,
1134 2323 1229 2380 sed
1259 2332 1320 2379 ut
1363 2325 1467 2395 legi
1517 2325 1795 2380 contraria
1828 2340 2044 2379 annun-

460 2414 621 2470 tient.
648 2412 781 2472 Nam
802 2414 1079 2471 Christum
1108 2431 1139 2471 a
1162 2416 1325 2472 Patre
1352 2416 1622 2484 alienant,
1647 2416 1820 2489 legem
1851 2430 1980 2471 vero
2008 2429 2038 2469 a

463 2502 717 2572 Christo;
743 2506 1080 2562 nativitatem
1106 2521 1173 2562 ex
1206 2504 1426 2579 Virgine
1448 2508 1887 2574 calumniantur;
1912 2522 2042 2561 eru-

464 2593 743 2653 bescentes
774 2612 1017 2665 crucem,
1044 2598 1355 2668 passionem
1392 2606 1622 2669 negant;
1654 2614 1755 2654 nec
1797 2612 2044 2653 resurre-

461 2688 703 2745 ctionem
769 2690 1036 2758 credunt;
1104 2689 1353 2763 ignotum
1412 2689 1583 2746 Deum
1648 2691 2042 2757 introducunt;

463 2772 743 2830 Christum
789 2775 1089 2847 ingenitum
1133 2792 1259 2834 esse
1305 2787 1569 2840 censent;
1606 2777 1870 2849 Spiritum
1911 2793 2044 2835 vero

462 2873 715 2922 sanctum
750 2882 852 2924 nec
877 2882 1001 2925 esse
1026 2869 1358 2925 conﬁtentur
1381 2870 1446 2925 ¹⁰.
1480 2868 1716 2937 Quidam
1742 2880 1923 2926 autem
1955 2884 2045 2925 eo-

2144 1947 2372 2011 κλαπεὶς
2401 1946 2645 2017 ποιότητι
2669 1946 2767 2017 τὴν
2787 1946 3078 2019 γευστικὴν
3100 1946 3371 2019 αἴσθησιν,
3399 1949 3725 2019 ἀφυλάκτως

2142 2039 2221 2111 τῷ
2271 2039 2489 2111 Θανάτῳ
2537 2040 2836 2110 περιπαρῇ.
2888 2039 3148 2110 Παραινεῖ
3192 2056 3274 2104 τις
3316 2039 3425 2094 τῶν
3456 2040 3719 2096 παλαιῶν

2142 2132 2368 2201 Μηδεὶς
2420 2132 2643 2202 ἀγαθὸς
2691 2129 2959 2201 λεγέσθω
3007 2130 3141 2202 (46),
3186 2130 3349 2198 κακῷ
3396 2131 3461 2185 τὸ
3494 2133 3724 2203 ἀγαθὸν

2141 2225 2459 2293 κεραννύς.
2509 2225 2741 2293 Λέγουσι
2772 2222 2881 2293 γὰρ
2910 2223 3178 2295 Χριστὸν,
3210 2223 3311 2295 οὐχ
3351 2224 3437 2278 ἵνα
3484 2226 3722 2297 Χριστὸν

2140 2314 2470 2389 κηρύξωσιν,
2506 2315 2621 2368 ἀλλ’
2667 2316 2755 2368 ἴνα
2803 2314 3039 2386 Χριστὸν
3082 2314 3405 2387 ἀθετήσωσιο
3449 2319 3471 2350 ⁸
3515 2320 3609 2372 καὶ
3656 2318 3718 2372 οὐ

2144 2405 2307 2476 νόμον
2371 2407 2762 2477 συστήσουσιν,
2818 2404 2934 2458 ἀλλ’
2994 2405 3079 2459 ἵνα
3137 2405 3366 2477 ἀνομίαν
3424 2408 3721 2479 καταγγεί-

2141 2497 2276 2552 λωσι
2324 2498 2457 2571 (47).
2512 2497 2615 2553 Τὸν
2667 2498 2764 2569 μὲν
2809 2497 2918 2569 γὰρ
2968 2498 3201 2570 Χριστὸν
3247 2498 3585 2572 ἀλλοτριοῦσι
3622 2501 3719 2556 τοῦ

2143 2589 2356 2662 Πατρὸς
2399 2590 2545 2661 (48),
2580 2589 2671 2643 τὸν
2721 2588 2778 2643 δὲ
2836 2588 2998 2659 νόμον
3044 2589 3138 2642 τοῦ
3183 2591 3443 2662 Χριστοῦ·
3480 2592 3574 2646 καὶ
3619 2593 3720 2665 τὴν

2143 2682 2209 2736 ὲκ
2242 2681 2351 2753 (49)
2383 2681 2660 2753 Παρθένου
2690 2680 2941 2752 γέννησιν
2972 2680 3363 2737 διαϐάλλουσιν·
3400 2684 3722 2755 ἐπαισχυνό-

2145 2791 2297 2847 μενοι
2319 2775 2411 2829 τὸν
2434 2774 2684 2847 σταυρὸν,
2711 2773 2772 2827 τὸ
2804 2774 2975 2838 πάθος
3008 2773 3317 2846 ἀρνοῦνται,
3348 2778 3443 2830 καὶ
3463 2777 3562 2849 τὴν
3593 2777 3721 2831 ἀνά-

2145 2884 2334 2921 στασιν
2358 2867 2418 2920 οὐ
2463 2866 2799 2921 πιστεύουσι·
2834 2863 2925 2919 τὸν
2966 2864 3099 2920 Θεὸν
3126 2866 3402 2936 ἄγνωστον
3435 2868 3720 2940 εἰσηγοῦν-

536 3010 560 3042 ⁸
587 3007 773 3067 Const.
808 3009 971 3081 apql.
1013 3026 1133 3075 vui,
1169 3009 1257 3065 l2.
1320 3010 1390 3081 fl
1418 3007 1725 3081 Cor.r,10.
1776 3008 1800 3042 ν
1828 3004 2015 3065 llCor.
2063 3024 2127 3077 ιι,
2178 3008 2265 3064 l7.
2342 3008 2366 3040 ⁸
2389 3007 2571 3064 Const.
2592 3024 2680 3077 ap.
2730 3024 2805 3076 vi,
2838 3008 2906 3063 l5
3003 3009 3024 3040 ³
3048 3008 3229 3063 locum
3278 3010 3471 3081 supple
3501 3026 3569 3067 ex
3602 3026 3710 3071 vet.

464 3081 748 3152 interpret.
828 3081 870 3112 ¹⁰
888 3079 1069 3136 Const.
1105 3096 1192 3150 ap.
1224 3096 1274 3136 c.
1310 3079 1382 3136 26
1413 3090 1467 3137 et
1493 3079 1582 3136 10.

464 3206 555 3254 tus
579 3197 845 3280 interpres
871 3196 1079 3280 θρόνων
1103 3195 1263 3266 legit:
1274 3196 1506 3280 rectius,
1534 3198 1765 3280 opinor;
1799 3195 2036 3280 videnta-
2061 3205 2104 3265 ο

466 3284 588 3324 men
612 3265 976 3340 ηυηὶᾼάρχῶν,
1002 3265 1237 3340 quarum
1274 3267 1475 3322 Paulus
1510 3265 1799 3340 meminit,
1832 3265 2035 3340 ad__Co-

460 3340 594 3395 loss.
627 3355 668 3393 ι.
697 3357 717 3392 ι
745 3336 824 3393 [ta
849 3336 917 3393 ad
950 3339 1097 3392 hunc
1126 3337 1304 3393 locum
1326 3339 1552 3393 adnotat
1574 3337 1719 3393 Guil.
1750 3336 2032 3402 Morelius,

463 3411 559 3479 qui
581 3419 769 3480 tamen
805 3408 888 3480 (ut
928 3419 985 3480 et
1010 3423 1135 3463 eum
1181 3418 1400 3480 secutus
1432 3406 1593 3462 Mart.
1633 3407 1954 3480 Magstrasus)
1978 3408 2033 3480 in

464 3476 991 3563 eo.fallitur.,"quod
1026 3487 1261 3563 veterem
1313 3477 1663 3560 interpretem
1707 3476 2033 3563 Gpdymvbic

460 3550 661 3612 legisse
708 3548 1008 3605 existimat.
1057 3548 1405 3603 Thronorum
1457 3549 1606 3604 enim
1660 3549 1868 3603 mentio
1915 3548 2031 3617 jam

462 3629 847 3690 praecesserat,
897 3634 1036 3689 quos
1086 3618 1435 3690 illesedium
1466 3619 1737 3688 expressit
1775 3621 2031 3685 nomine;

462 3689 789 3746 aeternorum
820 3698 998 3745 autem
1032 3689 1462 3760 magniﬁcentias
1495 3690 1583 3744 hic
1613 3696 2032 3760 commemorat,

462 3775 528 3815 ac
558 3761 603 3816 si
652 3760 886 3815 altovle
916 3757 1170 3830 legisset,
1206 3774 1308 3828 pro
1340 3758 1569 3814 αἰώνων.
1615 3757 1856 3830 ΛΕοηυιῃ
1904 3773 2033 3814 vero

461 3831 695 3887 istorum
734 3844 921 3901 _neque
963 3828 1018 3883 in
1052 3828 1333 3901 Scriptura
1357 3844 1536 3896 sacra,
1568 3844 1744 3899 neque
1770 3829 2031 3901 invete-

460 3917 583 3955 rum
618 3901 700 3956 vel
731 3898 1079 3956 Hebraeorum
1104 3900 1188 3954 vel
1212 3898 1896 3967 Cbristianorunt’scriptis
1919 3898 2031 3954 ulla

461 3974 702 4026 occurrit
732 3972 966 4037 mentio,
999 3970 1107 4024 nisi
1145 3970 1200 4023 in
1242 3969 1507 4025 Valentini
1552 3967 1689 4023 forte
1727 3977 1781 4021 et
1810 3967 2034 4023 Gnosti-

460 4055 654 4096 corum
700 4041 915 4108 schola;
964 4040 1308 4110 quorum_de
1338 4040 1560 4110 triginta
1592 4037 1831 4092 Bonum
1858 4038 2031 4110 subli-

460 4111 765 4177 mitatibus,
797 4125 865 4166 ex
902 4106 1106 4164 Irenaeo
1134 4118 1189 4164 et
1212 4106 1569 4175 Tertulliano,
1599 4118 1743 4163 notae
1786 4117 1915 4162 sunt
1945 4106 2031 4163 fa-

459 4181 622 4237 bulze.
657 4200 677 4234 ι
713 4180 834 4236 Non
864 4191 996 4250 puto
1022 4189 1400 4250 corruptorem
1441 4180 1588 4250 hunc
1614 4178 1723 4250 (ait
1751 4178 1844 4250 hic
1864 4177 2033 4233 Vede-

460 4252 569 4307 lius
601 4251 807 4322 noster)
828 4247 923 4322 qui
944 4251 1059 4304 haec
1087 4247 1335 4322 inseruit,
1359 4247 1796 4322 Valentinianum
1819 4247 1990 4322 fuisse
2010 4267 2026 4322 ξ

460 4322 717 4378 credibile
768 4318 948 4389 tamen
998 4327 1083 4375 est
1132 4320 1441 4389 imperitum
1494 4318 1791 4389 hominem,
1837 4320 1926 4374 cui
1975 4318 2027 4374 id

461 4390 656 4448 Eonis
689 4406 886 4446 nomen
911 4388 1051 4444 forte
1081 4388 1327 4444 auditum
1360 4390 1558 4455 fuerat,
1593 4388 1838 4443 nescium
1873 4390 1925 4443 in
1962 4404 2028 4445 eo

460 4463 777 4518 haereticum
821 4475 1090 4515 venenum
1133 4461 1298 4514 latere
1319 4501 1333 4525 ,
1368 4461 1419 4513 id
1462 4460 1605 4513 inter
1637 4467 1831 4514 caetera
1862 4461 2026 4515 coele-

461 4535 725 4597 stia,quze
756 4533 846 4585 hic
868 4540 1263 4596 memorantur,
1298 4530 1529 4597 locasse.
1565 4548 1583 4580 ι
1616 4526 1813 4583 Usssn.

536 4548 589 4597 a,
640 4548 725 4587 uae
756 4548 846 4585 mc
868 4548 1263 4596 memorantur,
1298 4548 1529 4585 locasse.
1565 4548 1583 4580 ι
1618 4548 1813 4583 usssn.

534 4548 645 4676 (Mc)
680 4601 900 4676 _Taiiz'a‘
932 4601 1239 4676 γιγώσκωγ
1268 4596 1442 4676 sp»,
1484 4600 1557 4653 οὐ
1592 4598 1854 4676 -.πάντως
1908 4599 2025 4676 ﬁda;

458 4669 857 4743 τετελείωμαι,Δ
882 4669 1001 4743 (vel
1033 4679 1093 4725 ut
1140 4670 1247 4743 alii
1267 4669 1496 4735 habent,
1517 4670 1615 4743 ,οὐ
1654 4669 1880 4743 adrade
1908 4669 2025 4743 ἤδη

458 4735 911 4813 τετελείωξιιαι),Δ
940 4739 980 4809 ἣ
1011 4738 1287 4813 μαθητής
1304 4743 1441 4813 Ᾱεὶμι
1469 4735 1625 4813 οἷοςΔ
1644 4735 1887 4813 Παῦλρζι
1904 4811 1912 4813 Α
1929 4735 2028 4793 καὶ

458 4814 700 4882 Πέτρος
728 4809 928 4866 πολλὰ
950 4809 1058 4882 γάρ
1082 4828 1186 4882 μρι
1214 4809 1409 4865 λείπει
1426 4851 1440 4876 ,
1466 4811 1567 4882 ἵνα
1592 4810 1751 4882 Θεοῦλ
1764 4809 1852 4878 μὴ
1884 4811 2028 4882 ἀπο-

459 4880 700 4954 λειφθῶ.
734 4880 1020 4954 Anglican.
1056 4898 1112 4954 ιι
1140 4880 1342 4954 Ρηειει·
1372 4882 1476 4935 hoc
1499 4880 1613 4954 jam
1638 4889 1698 4954 et
1714 4880 2027 4954 discipulus

461 4950 606 5012 sum.
640 4952 805 5008 Multa
827 4950 996 5023 'enim
1028 4951 1246 5023 vobis_g(
1264 4952 1368 5022 leg.
1420 4952 1596 5023 _nobis)
1621 4950 1918 5023 delicium,
1967 4959 2028 5005 ut

460 5024 575 5081 Deo
606 5039 717 5079 non
754 5022 1093 5077 deﬁciamus.
1132 5040 1151 5073 ι
1190 5019 1544 5093 vetfvulgat.
1578 5019 1648 5075 ἰιι
1689 5021 1743 5075 in
1783 5020 1970 5093 Graeco
2008 5037 2022 5074 :

466 5115 487 5147 ι
532 5094 658 5151 Haec
688 5094 851 5164 igitur
879 5106 1395 5164 egocognoscens,
1441 5089 1548 5146 non
1595 5089 2026 5164 omnino_perfe-

461 5177 583 5222 ctus
608 5159 735 5221 sum
748 5159 1183 5232 ;autdiscipulus
1210 5177 1331 5217 esse
1355 5159 2025 5233 possum,qualis_Paulus

461 5247 517 5292 et
546 5228 761 5291 Petrus.
794 5228 1039 5288 Multum‘
1054 5233 1199 5287 enim
1232 5228 1374 5286 mihi
1396 5241 1594 5297 restat,
1627 5228 1693 5284 ne
1728 5246 1758 5284 a
1787 5228 1896 5284 Deo
1926 5232 2024 5285 de-

2232 3193 2320 3275 42)
2367 3194 2516 3275 *τινα
2667 3190 2813 3275 αὐτὸ
2862 3192 3099 3275 λέγητε.
3142 3190 3272 3275 _Pro_
3305 3193 3409 3249 hoc
3453 3191 3593 3262 loco,
3641 3214 3711 3256 ex

2137 3264 2158 3319 l
2190 3263 2439 3320 Corinth.
2475 3279 2515 3329 ι,
2543 3263 2631 3334 10,
2662 3264 2969 3334 desumpto,
2994 3273 3051 3317 et
3082 3264 3305 3333 reliquis
3328 3279 3451 3334 quae
3471 3282 3714 3334 sequun-

2136 3344 2227 3390 tur
2256 3350 2432 3403 usque
2462 3335 2529 3389 ad
2549 3333 2711 3387 finem
2741 3333 2905 3403 hujus
2935 3334 3212 3397 sectionis,
3238 3335 3293 3388 in
3325 3333 3511 3390 nostro
3544 3333 3711 3393 inter-

2133 3414 2301 3477 prete,
2335 3403 2749 3477 habentur_ista
2794 3419 2808 3455 :
2845 3422 2865 3455 ι
2914 3403 3043 3477 Solo
3082 3404 3356 3477 alimento
3393 3404 3708 3464 Christiano

2135 3474 2366 3531 ittamini
2403 3493 2416 3530 :
2450 3475 2520 3529 ab
2556 3474 2735 3545 aliena
2766 3482 2947 3545 autem
2984 3474 3438 3545 herbarecedite,
3470 3492 3592 3545 quae
3620 3488 3708 3534 est

2132 3546 2390 3610 haeresis,
2423 3560 2565 3616 quas
2599 3552 2654 3598 et
2684 3544 3016 3616 _inquinatis_
3038 3543 3277 3613 implicat
3322 3543 3509 3600 .Iesurn
3543 3548 3704 3602 Chri-

2133 3626 2301 3679 stum,
2334 3613 2795 3684 quemadmodum
2828 3613 3168 3669 mortiferum
3195 3615 3549 3682 pharmacum
3576 3618 3709 3673 dan-

2132 3695 2214 3770 tes
2237 3701 2361 3740 cum
2392 3686 2522 3770 _vino
2547 3684 2790 3770 mellito;
2821 3685 2966 3770 quod
3000 3685 3095 3754 qui
3135 3684 3708 3770 ignorat,_delect_abi-

2133 3756 2489 3831 liter_acc_ipit
2512 3762 2567 3831 et
2592 3756 2644 3807 in
2673 3755 3032 3831 delectatione
3064 3755 3205 3831 rnaia
3240 3756 3494 3831 moritur.
3524 3774 3543 3808 ι
3572 3757 3650 3814 In.

2204 3826 2317 3897 (45)
2348 3823 2796 3898 Χρισεέμποροι.
2844 3824 2923 3898 Ita
2960 3834 3022 3898 et
3057 3823 3395 3898 iudaizantes
3423 3826 3706 3898 Χριστεμ-

2132 3892 2333 3969 πόρους
2352 3892 2491 3950 idem
2519 3892 2872 3969 interpolator
2893 3895 2947 3948 in
2978 3892 3219 3969 Epistula
3241 3895 3311 3948 ad
3338 3892 3707 3969 Magnesianos

2132 3910 2333 3969 πόρους
2352 3910 2491 3950 idem
2519 3910 2872 4018 tntegorator
2893 3910 2947 3948 In
2978 3910 3219 3963 Εριδιοια
3241 3910 3309 3948 αα
3338 3910 3469 3966 mag.

2132 3968 2527 4031 nominaverat,
2557 3974 2611 4019 et
2699 3982 2723 4018 ν
2745 3965 2805 4018 λό
2844 3980 2901 4016 ον
2933 3981 3048 4017 καπ
3086 3963 3358 4029 λεύοντας.
3385 3963 3469 4021 lo.

2204 4037 2315 4087 (44)
2353 4035 2703 4087 Οἱνοιιέλιτι.
2743 4053 2761 4086 ι
2798 3980 3100 4087 ὥιιοιηείίί
3135 4051 3149 4087 :
3184 4054 3204 4087 ι
3241 4047 3300 4087 ut
3329 4044 3469 4087 vetus

2204 4037 2315 4108 (44)
2353 4035 2703 4105 Οἰνομέλιτι.
2743 4035 3100 4108 «_(Enomelli
3135 4051 3149 4087 :
3184 4054 3209 4108 ξ
3241 4047 3300 4108 u_t
3329 4044 3488 4108 vetus
3514 4037 3707 4108 vulga-

2130 4103 2222 4163 tus
2254 4103 2520 4176 interpres
2549 4105 2839 4200 e'ttpressit.
3005 4105 3154 4200 enim
3197 4106 3401 4200 habent
3442 4106 3571 4200 libril
3597 4103 3702 4163 nis.

2131 4193 2263 4243 non,
2288 4196 2306 4227 ι
2329 4174 2465 4246 puro
2489 4174 2655 4242 melii,
2686 4194 2704 4227 ι
2733 4184 2794 4229 ut
2821 4175 2973 4230 editi.
3004 4174 3256 4245 Οἰνόμελι
3288 4190 3439 4230 en.m
3463 4179 3700 4233 mulsum

2130 4247 2403 4327 denotat,_
2425 4247 2540 4327 sive
2572 4248 2761 4327 vinum
2792 4245 3076 4311 mellitum,
3119 4257 3178 4300 ut
3220 4261 3288 4300 ex
3320 4246 3493 4301 altero
3532 4248 3704 4303 inter.

2129 4327 2286 4389 prete
2298 4388 2301 4389 ν
2314 4316 2669 4389 reddidimus.
2704 4315 2782 4389 ln_.

2201 4386 2311 4458 (45)
2344 4385 2720 4458 nimam-dm.
2753 4384 2831 4458 Ita
2862 4385 3035 4458 codex
3061 4384 3508 4457 Nydpruccianus
3548 4403 3562 4440 :
3606 4388 3701 4443 ubi

2129 4455 2513 4529 Au'guSIanus,
2569 4455 2930 4529 γλυκυτάτου.
2991 4455 3456 4529 Interpungendus
3516 4470 3701 4513 autem

2129 4525 2430 4599 locusest,
2467 4537 2528 4599 ut
2573 4528 2629 4581 in
2659 4525 2954 4599 Moreliana
2992 4525 3358 4599 editioneiTﬁ
3391 4526 3702 4599 γλυκυτάτη

2130 4597 2358 4660 κλαπεὶς
2397 4587 2643 4668 ποιότητι
2672 4595 2785 4669 ἑτὴν
2821 4596 3115 4669 γευστικὴν
3156 4587 3459 4669 αἴσθησιν,
3489 4587 3703 4668 ἁφυλάῗ

2128 4684 2292 4731 κτως,
2310 4676 2441 4731 etc.,
2467 4668 2559 4721 ubi
2576 4664 2641 4720 'in
2670 4664 2861 4720 Latina
2891 4664 3147 4731 editione,
3179 4686 3198 4718 ι
3229 4664 3552 4737 ευὲιειιὶιεηὶ
3581 4683 3706 4723 sen-

2129 4754 2275 4799 sum,
2318 4755 2338 4788 ›
2386 4751 2453 4791 ει
2485 4752 2618 4807 m_ss.
2664 4738 3027 4807 restituimus;
3061 4752 3162 4806 pro
3199 4752 3310 4807 quo
3362 4738 3703 4807 «sensuales

2126 4808 2432 4872 illecebras,
2468 4825 2487 4857 ι
2517 4805 2754 4862 Jacobus
2784 4806 2959 4861 Faber
2980 4805 3352 4861 substituerat.
3386 4805 3468 4860 lo.

2198 4876 2308 4948 (46)
2341 4877 2632 4946 Λεγέσθω.
2679 4875 2755 4948 Ita
2802 4878 2967 4931 etiam
3013 4877 3182 4931 codex
3226 4875 3698 4948 Nydpruccianus,

2128 4946 2235 5002 una
2274 4946 2615 5016 cumﬂvetere
2643 4946 2862 5016 vulgato
2900 4950 3190 5015 interprete
3222 4963 3235 4998 :
3274 4946 3382 5001 non
3428 4947 3696 5016 λογέσθω,

2128 5028 2189 5073 ut
2217 5017 2379 5072 habet
2400 5014 2668 5071 Valentini
2695 5014 2869 5072 Pacaai
2889 5014 3077 5081 editio,
3104 5018 3183 5069 vel
3209 5014 3525 5084 λογιζέσθω,
3552 5019 3699 5087 quod

2124 5088 2324 5212 elxuilia
2368 5098 2625 5158 corrupta
2669 5088 2899 5142 lectione
2947 5088 3158 5142 restitui
3203 5101 3367 5157 posse
3395 5088 3699 5159 conjiciunt

2124 5174 2156 5212 a
2178 5174 2235 5212 ιι.
2296 5169 2349 5210 o.

2124 5169 2235 5212 alii.
2271 5169 2349 5211 ID.

2195 5228 2308 5301 (47)
2338 5220 2450 5282 Kal
2474 5229 2547 5282 οὐ
2563 5228 2763 5301 νόμον
2790 5227 3238 5301 συστήσουσιν,
3268 5227 3405 5282 ἀλλ’
3427 5227 3530 5281 ἵνα
3557 5227 3701 5282 ἀνο-

461 5307 759 5377 relinquar.
798 5323 817 5356 ι
844 5303 1028 5377 Prima
1058 5302 1543 5377 autemillavcrba
1572 5304 1713 5370 (qua:
1738 5300 2025 5377 ab_Angli-

2138 5298 2267 5377 μίαν
2288 5298 2781 5377 ’κατᾳττειλωοςιπ
2807 5298 2883 5353 lta
2910 5298 3128 5377 Graecus
3151 5300 3321 5377 code;
3350 5308 3613 5377 uterque,
3643 5307 3699 5352 et

462 5391 601 5431 cano
620 5364 839 5431 'absunt
884 5373 1194 5443 interprete)
1240 5374 1340 5443 ita!
1367 5364 1749 5443 interpretatur
1793 5370 1869 5439 (in
1903 5364 2025 5425 loco
2118 5364 2573 5443 Nglpruccia'nus
2598 5364 2655 5443 et
2675 5369 3051 5440 Augustanus.
3082 5367 3202 5443 Yet.
3230 5371 3435 5439 vulgat.

459 5447 573 5518 jam
605 5447 789 5516 citato)
816 5443 878 5499 P.
913 5441 1229 5518 Hall—oixius.
1252 5462 1271 5494 ι
1305 5441 1428 5518 [late
1457 5456 1565 5518 ego
1582 5442 1705 5495 licet
1730 5455 2025 5509 cognosce-

464 5513 602 5582 rem,
628 5513 808 5571 tamen
842 5530 949 5568 non
972 5514 1153 5569 statim
1182 5514 1407 5582 omnino
1443 5513 1712 5582 perfectus
1743 5526 1955 5577 essem;
1978 5530 2017 5582 γ»

466 5588 743 5658 quomodo
774 5585 1014 5658 solemus
1038 5586 1216 5658 dicere
1244 5598 1257 5635 :
1298 5601 1316 5633 ι
1346 5581 1561 5648 Nescio,
1589 5597 1710 5651 qua:
1740 5596 1771 5635 a
1797 5595 1884 5658 me
1912 5581 2023 5636 sci-

465 5651 739 5712 icitamini
776 5675 790 5711 :
824 5665 878 5710 et
901 5657 1099 5720 sciens,
1123 5654 1301 5708 dicere
1338 5669 1445 5706 non
1493 5666 1735 5721 possum,
1772 5669 1791 5703 ι
1825 5651 1875 5704 id
1905 5660 2022 5718 est;

463 5727 567 5782 etsi
598 5728 817 5791 scirem,
839 5726 1018 5779 dicere
1056 5724 1191 5778 mihi
1229 5739 1335 5777 non
1370 5724 1553 5778 liceret
1583 5739 1596 5775 :
1630 5740 1649 5772 ι
1677 5721 1793 5775 Non
1827 5721 2020 5788 habeo,

466 5813 587 5867 quas
618 5813 647 5851 σι
681 5812 765 5851 me
796 5795 977 5867 petitis
1008 5811 1021 5846 :
1066 5806 1133 5867 et
1164 5795 1389 5867 habens,
1434 5795 1563 5867 dare
1603 5808 1717 5867 _non
1760 5807 2020 5867 possum;

463 5861 592 5938 quia
629 5882 739 5924 non
763 5861 1000 5938 eipedit,
1029 5883 1049 5917 ›
1082 5865 1139 5921 id
1165 5874 1267 5934 est,
1283 5865 1497 5919 etiamsi
1527 5864 1804 5921 haberem.
1837 5861 1919 5923 lo.
2008 5931 2017 5939 ,

3546 5368 3645 5421 tin.
3676 5384 3692 5420 :

2131 5458 2152 5491 ι
2180 5438 2262 5495 Et
2293 5442 2464 5510 legem
2510 5438 2832 5509 proferunt,
2864 5456 2978 5493 non
3010 5440 3269 5510 ut_legem
3309 5438 3569 5502 statuant,
3599 5438 3696 5493 sed

2124 5518 2185 5563 ut
2217 5513 2315 5565 leni
2346 5508 2616 5565 contraria
2642 5510 2980 5564 annuntient.
3022 5529 3042 5561 ι
3068 5508 3146 5562 lu.

2196 5578 2308 5651 (48)
2345 5581 2602 5648 Χριστὸν
2625 5580 3042 5651 Δἀλλοτριοῦσι
3086 5579 3203 5651 τοῦ
3236 5580 3485 5651 Πατρᾴς.
3533 5578 3697 5635 Chri-

2123 5648 2269 5705 stum
2290 5648 2537 5705 alienant
2565 5668 2595 5704 a
2624 5648 2821 5717 Patre;
2854 5652 2958 5704 hoc
2989 5660 3106 5713 est,
3138 5650 3301 5704 aliam
3334 5666 3366 5704 a
3407 5648 3569 5706 Patre
3599 5666 3693 5706 es-

2124 5723 2354 5776 sentiam
2393 5723 2590 5776 habere
2616 5722 2824 5775 dicunt.
2856 5718 3038 5775 Vedel.
3071 5719 3152 5774 In.
3608 5769 3620 5780 .

2196 5792 2306 5863 (49)
2340 5792 2448 5845 Καὶ
2482 5789 2596 5859 τὴν
2637 5791 2726 5843 ἐκ.
2762 5790 3235 5863 (_lonjunctionem,
3272 5805 3394 5860 qua:
3426 5806 3455 5844 a
3505 5790 3696 5847 codice

2124 5859 2442 5935 Augustano
2463 5865 2670 5932 aberat,
2690 5877 2757 5918 ex
2776 5859 3187 5932 Nydprucciano
3202 5859 3449 5931 etvetere
3476 5863 3695 5933 vulgato
