4076 6438
353 415 464 470 789

1105 414 1464 473 EPISTOLIE
1502 415 2033 473 INTERPOLATAE.
2076 448 2143 459 -—
2176 415 2267 471 AD
2299 414 2758 472 TRALLIANOS.

3513 420 3616 475 790

343 532 491 588 Θεοῦ
527 532 619 587 καὶ
645 535 711 587 ὲκ
740 534 1040 607 Παρθένου,
1063 535 1179 589 ἀλλ’
1211 537 1311 608 οὐχ
1338 536 1598 601 ὡσαύτως
1623 554 1635 567 ο
1677 537 1797 591 οὐδὲ
1830 537 1937 608 γάρ

2040 546 2123 592 est
2153 552 2215 591 ex
2251 535 2364 591 Deo
2408 544 2463 590 et
2484 552 2547 591 ex
2582 534 2830 605 Virgine;
2859 550 3048 589 verum
3081 550 3189 590 non
3220 534 3383 590 simili
3414 536 3611 590 mdo;

343 623 542 687 ταύτὺ,
570 624 705 688 Θεὸς
738 625 831 679 καὶ
860 624 1147 696 ἄνθρωπος
1170 643 1183 656 θ
1221 626 1437 697 ἀληθῶς
1483 627 1711 681 ἀνέλαϐε
1747 628 1905 699 σῶμα
1924 645 1935 656 ⁸

344 715 611 786 ὉΛόνος
637 718 743 790 γὰρ
771 716 927 784 σὰρξ
961 716 1218 786 ἐγένετο,
1254 718 1348 771 καὶ
1395 717 1776 771 ἐπολιτεύσατο
1812 719 1939 771 ἄνευ

341 806 649 877 ἀμαρτᾶις.
680 807 776 875 Τίς
795 807 924 879 γὰρ,
948 808 1134 878 φησὶν,
1164 808 1233 873 ἐξ
1252 809 1419 879 ὑμῶν
1444 808 1679 878 ἐλέγχει
1698 826 1776 877 με
1808 808 1941 877 περὶ

341 898 682 967 ἀμαρτίας;
711 898 883 968 ἔφαγε
914 900 1008 953 καὶ
1041 899 1193 953 ἔπιεν
1226 900 1441 970 ἀληθῶς
1460 917 1473 929 ·
1504 899 1819 972 ἐσταυρώθη
1846 901 1939 955 καὶ

342 987 624 1047 ἀπέθανεν
646 988 758 1060 (71)
780 990 874 1042 ἐπὶ
894 990 1119 1043 Ποντίου
1136 990 1368 1044 Πιλάτου
1386 1007 1397 1019 ·
1423 990 1639 1061 ἀληθῶς
1672 991 1748 1055 δὲ,
1767 992 1859 1044 καὶ
1877 993 1935 1045 ού

340 1080 571 1152 δοκήσει
587 1080 928 1154 ἐσταυρώθη,
945 1082 1039 1136 καὶ
1056 1082 1315 1147 ἀπέθανε,
1330 1082 1636 1153 βλεπόντων
1652 1084 1934 1157 οὐρανίων,

344 1171 444 1224 καὶ
507 1172 764 1242 ἐπιγείων
790 1172 923 1244 (72),
953 1172 1047 1226 καὶ
1090 1172 1463 1243 καταχθονίων
1484 1190 1497 1202 ·
1523 1173 1786 1245 οὐρανίων
1817 1173 1935 1244 μὲν,

340 1263 424 1328 ὡς
466 1264 577 1318 τῶν
602 1265 911 1335 ἀσωμάτων
942 1266 1156 1335 φύσεων
1175 1283 1188 1296 °
1216 1264 1472 1333 ἐπιγείων
1497 1264 1553 1317 δὲ
1574 1266 1640 1329 ’⁸,
1672 1264 1937 1319 Ἰουδαίων

342 1357 765 1429 κσὶῬωμαίων,
788 1358 883 1411 καὶ
917 1357 1026 1413 τῶν
1052 1358 1339 1429 παρόντων
1362 1356 1482 1410 κατ’
1514 1356 1722 1410 ἐκείνου
1745 1356 1934 1429 καιροῦ

338 1448 654 1521 ἀνθρώπων
715 1450 1118 1523 σταυρουμένου
1163 1448 1257 1504 τοῦ
1303 1448 1508 1519 Κυρίου
1532 1465 1543 1477 ·
1571 1448 1935 1518 καταχθονίων

339 1541 423 1604 δὲ,
446 1541 524 1604 ὡς
577 1540 672 1594 τοῦ
712 1540 951 1611 πλήθους
983 1540 1077 1594 τοῦ
1124 1539 1552 1603 συναναστάντος
1604 1539 1681 1610 τῷ
1723 1538 1932 1612 Κυρίῳ.

337 1633 555 1687 Πολλὰ
572 1632 702 1704 γάρ,
719 1633 874 1703 φησὶ,
898 1632 1141 1702 σώματα
1156 1631 1273 1686 τῶν
1291 1632 1733 1701 κεκοιμημένων
1752 1633 1936 1699 ἁγίων

342 1725 596 1793 ἠγέρθη,
644 1724 752 1778 τῶν
785 1725 1063 1796 μνημείων
1092 1725 1470 1796 ἀνεῳχθέντων
1493 1743 1505 1755 ·
1537 1726 1630 1779 καὶ
1672 1724 1934 1796 κατῆλθεν

333 1819 421 1880 εἰς
460 1816 598 1887 ᾅδην
649 1817 830 1887 μόνος,
880 1817 1076 1888 ἀνῆλθε
1114 1818 1170 1870 δὲ
1215 1818 1353 1888 μετὰ
1382 1818 1617 1889 πλήθους
1664 1819 1805 1889 (75)’
1840 1818 1932 1871 καὶ

332 1907 525 1977 ἔσχισε
558 1907 650 1960 τὸν
678 1908 774 1961 ἀπ’
800 1906 997 1971 αἰῶνος
1023 1908 1275 1981 φραγμὸν
1308 1908 1441 1979 (74),
1474 1910 1566 1961 καὶ
1602 1908 1661 1962 τὸ
1686 1910 1927 1980 μεσότοι-

335 2014 433 2068 χον
477 1998 646 2052 αύτοῢ
700 1998 889 2053 ἔλυσε·
941 1998 1033 2052 κα)⁵
1073 2000 1272 2069 ἀνέστη
1330 1999 1417 2053 διά
1462 1998 1626 2071 τριῶν
1682 1999 1926 2071 ἡμερῶν,

332 2089 653 2162 ἐγείραντος
684 2090 847 2145 αὐτὸν
870 2090 964 2144 τοῦ
991 2091 1207 2163 Πατρός
1224 2108 1238 2121 ο
1267 2091 1361 2144 καὶ
1392 2090 1796 2162 τεσσαράκοντα
1818 2091 1927 2165 (75)

333 2181 444 2250 me
454 2198 554 2250 ρας
574 2181 959 2256 συνδιατρίψας
990 2183 1100 2246 τοῖς
1123 2181 1465 2247 ἀποστόλοις,
1490 2181 1771 2254 ἀνελήφθη
1794 2182 1928 2254 πρὸς

330 2272 428 2325 τὸν
458 2273 681 2344 Πατέρα
702 2290 716 2304 ·
749 2274 843 2327 καὶ
870 2274 1152 2328 ἐκάθισεν
1172 2274 1241 2328 ἐκ
1280 2274 1495 2340 δεξιῶν
1529 2275 1737 2337 αὑτοῦ,
1766 2291 1927 2343 περι-

322 2363 533 2432 μένων
569 2366 683 2432 ἕως
721 2365 800 2420 ἂν
831 2366 1082 2420 τεθῶσιν
1111 2368 1166 2419 οἱ
1198 2367 1399 2436 ἐχθροὶ
1432 2366 1617 2420 αὑτοῦ
1646 2368 1761 2422 ὑπὸ
1787 2366 1928 2432 τοὺς

328 2457 528 2524 πόδας
571 2459 780 2512 αὑτοῦ.
829 2460 908 2531 Τῇ
948 2455 1042 2513 οὖν
1070 2460 1402 2532 Παρασκευῇ
1436 2459 1569 2530 (76),
1621 2459 1779 2533 τρίτῃ
1812 2458 1927 2531 ὥρᾳ

343 2548 625 2616 ἀπόφασιν
655 2547 875 2614 ἐδέξατο
898 2550 1047 2622 παρά
1083 2550 1177 2602 τοῦ
1220 2548 1451 2603 Πιλάτου
1474 2550 1606 2621 (77),
1641 2550 1925 2620 συγχωρή-

331 2658 528 2704 σαντος
546 2640 639 2695 τοῦ
658 2642 897 2713 Πατρός··
922 2642 1057 2715 ἕκτῃ
1070 2641 1188 2715 ὥρᾳ
1204 2641 1521 2714 ἐσταυρώθη
1541 2660 1553 2672 ·
1577 2643 1773 2716 ἐννάτῃ
1794 2644 1928 2696 ἀπέ-

329 2747 551 2786 πνευσε·
569 2732 674 2804 πρὸ
696 2731 846 2802 ἡλίου
861 2731 1061 2795 δύσεως
1086 2732 1259 2803 ἐτάφη
1277 2731 1390 2804 (78)
1409 2749 1422 2761 ⁸
1445 2731 1504 2785 τὸ
1517 2730 1794 2786 Σάϐϐατόν
1822 2732 1925 2786 ὑπὸ

330 2822 437 2892 γῆν
475 2820 626 2891 μένει
672 2822 731 2873 ἐν
778 2820 857 2891 τῷ
906 2820 1178 2892 μνημείῳ,
1206 2813 1250 2887 ᾧ
1273 2819 1507 2873 ἀπέθετο
1538 2819 1701 2881 αὐτὸν
1726 2818 1923 2891 Ἰωσὴφ

326 2914 357 2965 ὁ
381 2912 493 2966 ἀπὸ
520 2910 841 2984 Ἀριμαθίας
865 2910 910 2942 ³³
930 2927 942 2939 ·
981 2907 1696 2979 ἐπιφωσκούσηςκυριακῆς
1724 2906 1924 2976 ἀνέστη

328 3004 397 3057 ἐκ
451 3002 563 3056 τῶν
614 3000 846 3074 νεκρῶν,
914 2999 1058 3054 κατά
1103 2999 1165 3053 τὸ
1223 2998 1511 3071 εἰρημένον
1577 2998 1667 3051 ὑπ’
1724 2996 1919 3052 αὑτοῦ·

317 3090 544 3162 Ὥσπερ
576 3090 655 3164 ἦν
691 3090 897 3159 Ἰωνᾶς
939 3091 1011 3145 ἑν
1041 3090 1116 3160 τῇ
1146 3092 1343 3158 κοιλίᾳ
1370 3090 1474 3143 τοῦ
1509 3089 1731 3157 κήτους
1769 3090 1924 3158 τρεῖς

326 3186 562 3255 ἡμέρας
630 3184 727 3239 καὶ
793 3183 948 3253 τρεῖς
1001 3184 1247 3248 νύκτας,
1290 3182 1478 3248 οὕτως
1516 3183 1689 3236 ἔσται
1738 3182 1835 3236 καὶ
1891 3183 1923 3234 ὀ

2043 643 2143 683 nec
2163 629 2306 682 enim
2331 627 2517 683 eadem
2552 642 2638 682 res
2661 637 2744 682 est
2775 626 2917 682 Deus
2947 635 3003 681 et
3027 628 3362 692 liomo;vere
3399 641 3606 682 assum-

2042 720 2114 775 sit
2146 735 2378 790 corpus:
2414 718 2637 773 Verbum
2661 720 2806 774 enim
2843 735 2967 772 caro
2995 719 3195 786 factum
3218 720 3344 773 est'7
3368 736 3385 772 :
3407 727 3461 774 et
3481 719 3613 773 vixit

2042 812 2181 867 inter
2208 813 2457 869 homines
2502 815 2619 868 sine
2653 821 2875 883 peccato
2906 832 2917 866 :
2958 812 3089 878 Quis
3118 813 3285 881 enim,
3317 815 3515 885 inquit,
3547 831 3611 869 ea:

2039 904 2180 959 vobis
2219 913 2400 974 arguet
2449 921 2528 958 me
2577 906 2639 958 de
2667 914 2878 974 peccato
2910 907 2989 958 ’3?
3018 920 3141 959 vere
3170 904 3282 959 edit
3328 920 3391 961 ac
3443 905 3609 971 bibit;

2037 997 2337 1052 crucilixus
2375 1005 2431 1051 et
2473 1008 2725 1053 mortuus
2759 1007 2844 1054 est
2876 997 2978 1053 sub
3016 995 3213 1051 Pontio
3246 996 3450 1063 Pilato;
3485 1012 3612 1053 vere

2038 1097 2221 1144 autem
2254 1097 2309 1142 et
2339 1104 2446 1143 non
2494 1088 2609 1143 sola
2640 1089 2930 1158 opinione,
2953 1088 3248 1143 cruciﬁxus
3277 1101 3339 1142 ac
3364 1096 3612 1142 mortuus

2035 1190 2149 1245 est,
2191 1180 2505 1235 videntibus
2539 1180 2875 1245 coelestibus,
2912 1180 3278 1245 terrestribus,
3304 1188 3358 1234 et
3400 1179 3612 1235 subter-

2040 1270 2248 1337 raneis;
2291 1271 2606 1326 coelestibus
2646 1270 2889 1341 quidem,
2937 1272 3221 1339 nimirum,
3270 1271 3609 1342 incorporeis

2038 1361 2286 1424 naturis;
2346 1359 2696 1414 terrestribus
2744 1374 2893 1424 vero,
2946 1357 3145 1413 Judaeis
3192 1367 3248 1412 et
3311 1356 3607 1419 Romanis,

2038 1449 2357 1518 caeterisque
2386 1448 2700 1504 hominibus
2736 1451 2828 1520 qui
2870 1461 3001 1505 tunc
3040 1447 3298 1516 temporis
3328 1463 3451 1502 cum
3484 1463 3610 1501 cru-

2036 1540 2346 1610 ciﬁgeretur
2389 1539 2656 1596 Dominus
2691 1540 2950 1607 aderant;
2998 1539 3372 1595 subterraneis
3402 1547 3606 1601 autem,

2037 1641 2096 1687 ut
2118 1633 2184 1687 iis
2208 1632 2298 1701 qui
2330 1632 2549 1702 plurimi
2575 1648 2697 1687 cum
2727 1632 2957 1687 Domino
2980 1640 3413 1685 resurrexerunt.
3439 1628 3609 1682 Multa

2034 1723 2202 1788 enim,
2255 1724 2452 1793 inquit,
2505 1740 2728 1793 corpora
2783 1735 3109 1787 sanctorum,
3138 1724 3228 1793 qui
3261 1723 3606 1787 dormierunt,

2035 1825 2378 1869 surrexerunt
2400 1816 2466 1881 ³⁰,
2512 1816 2887 1871 monumentis
2932 1816 3167 1885 apertis;
3212 1813 3492 1870 descendit
3541 1814 3606 1867 ad

1961 1897 2001 1951 Β
2032 1907 2303 1963 infernum
2334 1908 2506 1975 solus,
2546 1924 2830 1977 regressus
2864 1918 3044 1963 autem
3073 1918 3156 1963 est
3194 1924 3318 1963 cum
3360 1907 3607 1962 multitu-

2028 1998 2190 2067 dine;
2244 2006 2299 2053 et
2346 2008 2560 2068 septum
2596 1999 2730 2053 illud
2761 2000 2909 2067 quod
2964 2014 2995 2053 a
3040 1999 3241 2054 saeculo
3268 2008 3407 2065 erat,
3436 1998 3604 2068 rupit,

2032 2088 2379 2158 mediumque
2405 2090 2665 2160 parietem
2699 2089 2845 2147 illius
2896 2089 3198 2155 destruxit;
3247 2106 3311 2145 ac
3342 2092 3483 2148 intra
3510 2092 3609 2145 tri-

2029 2182 2199 2237 duum
2243 2182 2564 2249 resurrexit,
2596 2182 2899 2238 suscitante
2928 2181 3080 2236 illum
3114 2181 3303 2249 Patre;
3331 2190 3443 2236 tum
3469 2198 3604 2251 qua-

2028 2272 2272 2345 draginta
2323 2275 2441 2330 dies
2490 2284 2849 2330 conversatus
2878 2290 2999 2329 cum
3039 2274 3319 2345 apostolis,
3388 2289 3604 2329 assum-

2029 2378 2153 2439 ptus
2193 2376 2278 2424 est
2306 2368 2372 2423 ad
2406 2367 2653 2434 Patrem;
2680 2374 2735 2421 et
2784 2364 2918 2420 sedit
2951 2382 2983 2418 a
3030 2365 3233 2418 dextris
3273 2365 3471 2432 ipsius,
3513 2380 3603 2418 ea:-

2027 2464 2288 2526 spectans,
2338 2455 2499 2509 donec
2559 2464 2824 2524 ponantur
2856 2454 3059 2508 inimici
3090 2454 3203 2523 ejus
3246 2454 3339 2507 sub
3387 2454 3601 2522 pedibus

2027 2548 2270 2618 ipsius”.
2302 2548 2346 2580 δ’
2372 2547 2429 2601 1η
2472 2546 2777 2602 Parasceve
2828 2547 3032 2616 itaque,
3087 2547 3219 2601 hora
3273 2547 3429 2601 tertia
3477 2562 3604 2601 sen-

1968 2654 1969 2657 η
2029 2638 2253 2693 tentiam
2300 2640 2511 2708 accepit
2563 2654 2593 2692 a
2638 2635 2835 2703 Pilato,
2880 2638 3228 2707 permittente
3280 2638 3329 2691 id
3390 2636 3600 2701 Patre;

2029 2737 2182 2784 sexta
2229 2729 2363 2783 hora
2422 2728 2721 2784 cruciﬁxus
2756 2736 2874 2795 est;
2909 2742 3051 2782 nona
3107 2728 3437 2798 exspiravit;
3480 2739 3604 2783 ante

2028 2821 2161 2877 solis
2204 2837 2461 2877 occasum
2517 2823 2766 2893 sepultus
2793 2829 2905 2885 est;
2942 2819 3201 2887 Sabbalo,
3238 2822 3339 2876 sub
3366 2830 3508 2877 terra
3545 2824 3597 2877 in

2028 2921 2378 2968 monumento
2411 2912 2697 2979 remansit,
2723 2912 2778 2966 in
2807 2924 2916 2981 quo
2943 2911 3127 2980 posuit
3151 2926 3276 2965 eum
3305 2910 3506 2983 Josepi.
3535 2913 3603 2966 ab

2025 3007 2327 3064 Arimatbia
2359 3027 2373 3064 :
2408 3010 2755 3067 illucescente
2784 3012 3066 3067 Dominico
3092 3012 3180 3067 die
3205 3012 3503 3067 resurrexit
3532 3026 3599 3065 ex

2028 3099 2444 3169 mortuis,juxta
2481 3102 2535 3157 id
2566 3103 2712 3172 quod
2749 3104 2961 3160 dixerat
2995 3124 3005 3158 :
3042 3103 3190 3159 Sicut
3214 3104 3314 3173 fuit
3347 3103 3515 3156 Jonas
3547 3104 3598 3156 in

2024 3200 2198 3246 ventre
2235 3194 2334 3247 ceti
2368 3194 2535 3248 tribus
2568 3195 2750 3251 diebus
2790 3205 2840 3250 et
2875 3197 3041 3250 tribus
3076 3196 3332 3260 noctibus,
3368 3197 3444 3249 sic
3499 3197 3602 3251 erit

331 3283 465 3344 Υἱὸς
506 3276 613 3330 τοῦ
650 3272 964 3342 ἀνθρώπου
1005 3273 1077 3325 ἐν
1112 3271 1185 3341 τῇ
1218 3271 1431 3340 καρδίᾳ
1478 3270 1589 3340 τῆς
1624 3270 1737 3341 γῆς
1763 3270 1919 3339 τρεῖς

2026 3280 2187 3338 Filius
2207 3282 2432 3337 hominis
2466 3285 2522 3337 in
2552 3286 2705 3339 corde
2740 3296 2895 3341 terra:
2936 3287 3103 3341 tribus
3140 3287 3322 3340 diebus
3353 3294 3403 3339 et
3430 3284 3601 3341 tribus

326 3370 559 3440 ἡμέρας
597 3369 697 3424 καὶ
731 3367 889 3435 τρεῖς
919 3367 1142 3433 νύκτας
1168 3366 1298 3436 (79)’
1333 3366 1574 3439 περιέχει
1605 3361 1717 3431 οὖν,
1752 3374 1782 3442 ἡ
1814 3366 1914 3436 μὲν

2023 3372 2258 3426 noctibus
2272 3374 2336 3427 ":
2363 3375 2740 3445 complectitur
2752 3377 2934 3448 itaque
2949 3377 3246 3433 Parasceve
3261 3378 3564 3447 passionem
3583 3396 3597 3431 :

325 3463 673 3537 παρασκευή,
718 3462 779 3517 τὸ
825 3460 1024 3524 πάθος·
1059 3460 1119 3513 τὸ
1154 3461 1446 3525 Σάϐϐατον,
1502 3460 1594 3513 τὴν
1640 3461 1841 3531 ταφήν·
1879 3461 1911 3531 ή

325 3555 606 3630 Κυριαγὴ,
637 3556 736 3626 τὴν
765 3554 1084 3610 ἀνάστασιν.

394 3668 469 3725 Χ.
494 3670 556 3723 Ei
581 3671 625 3703 ³³
682 3670 741 3725 δὲ
767 3672 900 3742 (80),
928 3671 1112 3742 ὥσπερ
1159 3670 1300 3733 τινὲς
1341 3668 1489 3723 ἄθεοι
1527 3668 1698 3733 ὄντες,
1730 3667 1917 3722 τουτέ-

2022 3460 2339 3530 Sabbatum,
2390 3467 2758 3536 sepulturam;
2790 3468 3092 3533 Dominica,
3118 3469 3596 3524 resurrectionem.

2098 3666 2163 3722 Χ.
2202 3665 2259 3721 Si
2293 3682 2443 3734 vero,
2479 3677 2536 3722 ut
2563 3670 2786 3738 quidam
2820 3670 2984 3736 atbei,
3017 3671 3121 3725 hoc
3163 3680 3266 3735 est,
3307 3671 3593 3735 increduli,

395 3790 441 3821 "
473 3788 633 3844 Joan.
668 3804 706 3853 l,
745 3788 843 3853 M;
875 3788 912 3841 l.
940 3786 1121 3842 Const.
1158 3803 1245 3853 ap.
1269 3802 1345 3853 v1,
1367 3787 1452 3840 11.
1495 3786 1541 3816 ⁸⁸
1567 3784 1726 3841 Joan.
1752 3802 1869 3851 Vlll,
1902 3786 1940 3840 4η

2037 3786 2082 3817 ’θ
2110 3786 2180 3839 al.
2204 3801 2283 3837 τε.
2326 3784 2371 3816 ³ο
2402 3783 2592 3839 Matth.
2622 3800 2793 3847 xxvu,
2820 3785 2918 3851 52;
2950 3787 2983 3839 Ι.
3014 3785 3211 3853 Euseb,
3242 3785 3385 3840 Hist.
3423 3802 3461 3851 ι,
3494 3787 3593 3849 i3;

320 3859 519 3931 Cyrill.
558 3857 1135 3931 Hieros_._ca_tecb_.‘M;
1162 3854 1346 3931 Gela_s._
1373 3855 1557 3931 Cyg._ic.
1585 3856 1706 3931 Ac_t_.
1739 3856 1901 3931 Cone.
1926 3855 2056 3931 _Nie.
2085 3856 2286 3931 l._u_,_c.
2318 3856 2425 3931 g4;
2464 3854 2662 3931 Euseb.
2704 3856 2836 3931 ibid.
2896 3857 2955 3931 A"
2985 3856 3148 3914 Hebr.
3177 3874 3232 3923 x,
3260 3858 3345 3922 12,
3382 3858 3469 3912 15.
3548 3857 3594 3888 ³²

322 3926 512 3987 Cbnst.
539 3947 626 3999 ap.
657 3945 708 3995 v,
736 3928 826 3993 14,
857 3928 945 3995 15,
972 3928 1041 3983 19
1062 3937 1116 3982 et
1142 3944 1259 3995 vm,
1284 3927 1375 3981 54.
1422 3926 1495 3957 ή³³
1518 3941 1622 3981 ms.
1655 3926 2025 3998 Ἀριμαθείας.

395 4049 513 4122 (71)
579 4049 954 4117 Ἐσταυρὼθη
1031 4050 1126 4103 καὶ
1210 4048 1527 4122 ἀπέθανεν.
1584 4047 1913 4105 Theodoret.

319 4120 585 4192 ἐδιώχθη,
618 4129 673 4175 et
706 4132 895 4175 noster
921 4120 1309 4192 etiamlgnatii
1340 4120 1630 4189 interpres,
1668 4140 1686 4171 ι
1722 4136 1912 4190 perse-

319 4188 604 4247 cutionem
642 4205 839 4259 passus
867 4198 971 4245 est.
1006 4210 1024 4242 ι
1068 4188 1277 4245 Ussen.

396 4261 511 4333 (72)
556 4257 860 4333 Οὐρανίων
912 4261 1012 4333 καί
1056 4260 1351 4333 ἐπιγείων.
1410 4257 1738 4325 Theodoret.
1792 4260 1913 4315 Τῶν

317 4330 587 4399 ἐπιγείων
618 4330 713 4401 καὶ
748 4330 1105 4401 ἐπουρανίων.
1138 4332 1221 4385 ID.

394 4402 511 4473 (75)
544 4399 856 4473 Κατῇλθεν
882 4399 968 4467 εὶς
996 4401 1160 4473 ᾅδηνΔ
1171 4401 1379 4469 μόνος,
1408 4400 1653 4473 ἀνῇλθε
1673 4401 1743 4455 δὲ
1763 4401 1916 4471 μετὰ

317 4470 621 4539 πλήθους.
664 4470 773 4525 Pro
818 4472 979 4541 μετά,
1020 4472 1075 4524 in
1114 4470 1360 4541 Μαιδιῐωὶ
1390 4480 1446 4525 et
1476 4470 1679 4527 Vedelii
1713 4470 1913 4527 editio-

2106 3926 2151 3958 “
2180 3924 2370 3980 Matth.
2404 3941 2503 3993 xu,
2533 3926 2625 3980 40.
2702 3927 2744 3958 ³⁸
2767 3927 2836 3982 al.
2860 3929 2928 3981 oi.

2090 4048 2203 4120 (75)
2246 4046 2738 4120 Τεσσαράκοντα.
2800 4047 3099 4105 Numerum
3155 4048 3300 4104 hunc
3356 4048 3591 4105 dierum:

2023 4117 2141 4174 Act.
2180 4117 2218 4183 i,
2244 4118 2369 4191 3,a
2388 4117 2595 4191 Spiritu
2625 4129 2813 4175 sancto
2844 4134 3189 4190 expressum,
3217 4128 3368 4174 vetus
3399 4120 3595 4189 lgnatii

2024 4190 2164 4244 inter
2205 4190 2301 4244 res
2323 4190 2409 4244 hic
2439 4190 2644 4243 omisit.
2680 4192 2758 4243 lo.

2091 4205 2202 4312 (76R
2245 4258 2325 4312 Τῆ
2354 4254 2468 4312 οὖν
2510 4273 2758 4312 acroama

2091 4254 2202 4331 (76)
2245 4258 2325 4331 Τῇ
2354 4254 2468 4314 οὖν
2510 4258 2865 4331 παρασκευῇ
2893 4300 2906 4314 .
2943 4259 3019 4315 De
3050 4269 3162 4317 tota
3208 4261 3311 4316 bac
3351 4263 3593 4318 sectione

2023 4328 2349 4384 sententiam
2381 4331 2526 4387 hanc
2556 4329 2659 4384 fert
2692 4328 2974 4385 Vedelius:
3001 4350 3019 4382 ι
3059 4331 3184 4387 Haec
3210 4333 3376 4387 verba
3408 4334 3593 4387 omnia

2020 4401 2286 4473 irreptitia
2309 4400 2427 4473 sine
2444 4400 2610 4473 dubio
2646 4411 2792 4473 sunt.
2819 4400 3021 4473 Primo,
3038 4403 3167 4472 quia
3197 4403 3340 4473 apud
3360 4404 3596 4472 pseudo-

2016 4470 2352 4543 Clementem
2395 4471 2449 4524 in
2476 4470 2974 4543 _Constitutionibus
3006 4470 3377 4543 reperiuntur,
3405 4473 3500 4529 lib.
3535 4490 3590 4539 v,

319 4545 515 4608 nibus,
557 4542 699 4597 male
738 4542 934 4612 legitur
973 4542 1135 4596 κατά.
1168 4540 1248 4594 Ex
1286 4543 1615 4612 apocrypbis
1647 4558 1778 4597 vero
1806 4543 1915 4599 illis
2016 4557 2135 4610 cap.
2164 4541 2250 4595 15.
2278 4540 2530 4595 Secundo
2562 4550 2709 4611 patet
2740 4544 2853 4596 haec
2883 4543 3047 4599 verba
3069 4540 3277 4598 hiatum
3300 4543 3511 4611 facere,
3536 4556 3593 4599 et

318 4613 584 4684 Tbaddgi
638 4612 897 4684 sumpsit_
932 4612 1036 4668 ista
1082 4612 1604 4684 interpolator,qua3
1645 4613 1913 4667 habentur
1946 4613 1992 4670 Ι)
2018 4612 2416 4684 interrumpere
2457 4612 2654 4666 seriem
2690 4613 2974 4684 orationis
3026 4614 3341 4684 lgnatianae,
3388 4615 3440 4668 in
3481 4631 3589 4683 qua

319 4684 471 4751 apud
516 4682 839 4747 Eusebium,
884 4682 975 4736 lib.
1004 4698 1038 4753 γι
1086 4682 1299 4753 Hister.
1346 4683 1687 4737 ecclesiastic.
1736 4685 1913 4753 capite

316 4755 539 4827 ultimo.
572 4753 794 4827 uersa,
820 4753 924 4827 [εἰς
968 4752 1058 4806 τὸν
1277 4753 1454 4827 μόνος,
1481 4754 1648 4823 ἀνέϐη
1672 4754 1735 4827 δὲ
1777 4752 1913 4827 μετά

316 4823 524 4895 πολλοῦ
570 4823 751 4895 ὄχλου.
785 4822 839 4875 ῖ
882 4822 1192 4895 Βεεοεηόὶιλ
1222 4822 1339 4895 [ad
1366 4822 1686 4895 infernum]
1735 4822 1909 4895 solus,

317 4893 593 4963 ascendit
625 4893 806 4948 autem
853 4909 977 4948 cum
1006 4894 1197 4963 grandi
1226 4893 1597 4948 multitudine.
1636 4913 1652 4944 ι
1692 4896 1769 4948 lta
1798 4894 1913 4949 Ma-

318 4962 1088 5049 carii:suiiicrosolymita‘n’us
1132 4964 1449 5049 episcopus,
1483 4965 1537 5019 in
1580 4965 1911 5049 Actisncon-

317 5036 443 5091 cilii
499 5034 734 5099 Nicami,
778 5032 919 5105 apud
963 5032 1241 5087 Gelasium
1294 5033 1650 5103 Cyzicenum.
1689 5035 1809 5101 (lib.
1868 5052 1905 5102 ι,

317 5105 580 5189 ςερεῆἓῦ,
620 5107 723 5189 al.“
918 5104 1097 5189 Μόνος
1128 5102 1447 5189 λιατελθῲν,
1475 5105 1630 5189 ,μετά
1673 5104 1910 5188 πλήθους

316 5173 548 5256 ἀνῆλθε,
574 5186 636 5256 _ct
681 5173 1091 5256 Cyrillustitem
1128 5173 1677 5256 Hierosolymitanus,
1719 5173 1776 5229 in
1812 5192 1908 5256 ca-

316 5195 387 5231 αν
432 5195 548 5238 Αυε,
582 5195 636 5230 et
681 5195 919 5246 bynuus
964 5195 1091 5229 Item
1129 5195 1375 5230 ψει-οδω
1419 5195 1677 5238 "manus,
1719 5195 1772 5229 Ill
1812 5195 1908 5231 ca-

316 5195 531 5328 ξςέίιεεὶ
710 5246 961 5328 meminit
996 5244 1096 5328 rei
1125 5246 1284 5314 μόνου
1341 5195 1438 5328 μέν
1470 5245 1910 5328 καταϐάντοςιεές

358 5316 473 5387 δην,
511 5316 809 5370 πολλοστοῦ
837 5316 893 5369 δὲ
929 5315 1246 5379 ἀναϐάντος.
1282 5314 1351 5369 cx
1378 5314 1569 5371 Matth.
1613 5331 1782 5380 xxvu,
1817 5317 1906 5383 52,

358 5387 450 5441 icti
477 5386 841 5458 explicatione
874 5386 1078 5458 addita.
1106 5384 1355 5458 κατῆλθε
1377 5386 1486 5457 γὰρ
1512 5388 1592 5458 εἰς
1623 5385 1714 5438 τὸν
1745 5385 1908 5458 θάνα-

317 5475 430 5546 ΙξτονΙ,
462 5455 590 5546 Λκαὶθ
615 5456 831 5546 ,πολλὰη
850 5455 1079 5546 amitam
1124 5456 1232 5509 τῶν
1250 5455 1257 5458 ⁷
1275 5455 1688 5527 κεκοιμημένων
1736 5457 1907 5526 άγίων

319 5525 628 5649 ἠγέιρθηνδΰ
667 5526 855 5581 αὑτοῦ.
890 5530 966 5582 In.
1027 5598 1039 5617 ’
1130 5595 1153 5605 _
1439 5525 1443 5526 ⁷
1498 5525 1524 5527 ⁷⁷
1712 5597 1744 5609 υ
1788 5525 1792 5526 ⁷

319 5618 410 5680 ἢ(
550 5600 780 5677 ῌσχισε
810 5599 917 5680 te}:
939 5596 1024 5649 ἀπ
1055 5600 1268 5680 alme-oc
1289 5598 1576 5680 φραγμόν.
1604 5596 1682 5651 Ex
1711 5598 1903 5680 iisdem

318 5666 578 5758 Tlraddzei
618 5668 949 5758 apocrvplii‘s
998 5666 1493 5758 apudvEusebium
1540 5668 1663 5758 loco
1692 5668 1900 5758 citato:

318 5737 569 5810 Διέσχισε
595 5739 857 5810 φραγμὸν
882 5738 971 5791 τὸν
997 5737 1055 5802 ἐξ
1086 5737 1278 5801 αἰῶνος
1315 5738 1388 5808 μὴ
1414 5738 1719 5808 σχισθέντα.
1757 5759 1772 5789 ι
1814 5740 1903 5794 Di-

317 5808 472 5932 rupitt
533 5808 762 5932 septum
806 5808 957 5877 illud,
1024 5810 1169 5879 quod
1221 5825 1249 5864 a
1297 5810 1497 5867 sacculo
1538 5825 1696 5867 nemo
1752 5812 1899 5869 diru-

318 5892 448 5932 nera
481 5918 491 5932 .
530 5897 549 5930 ι
637 5920 649 5932 .
1177 5917 1185 5924 .
1442 5922 1449 5927 .

318 5885 491 5948 perat.
530 5897 549 5930 ι
576 5885 649 5936 ID.
1177 5917 1185 5924 .
1442 5922 1449 5927 .

2017 4683 2181 4737 verba
2209 4698 2332 4752 qua:
2359 4690 2664 4749 sequuntur
2690 4682 2837 4736 hunc
2877 4682 3086 4737 hiatum
3114 4685 3388 4739 cohaerere
3416 4686 3591 4739 mani-

2015 4752 2217 4807 festum
2245 4761 2331 4807 est
2362 4766 2487 4806 cum
2522 4752 2591 4808 iis
2616 4767 2738 4811 qua:
2764 4767 2889 4806 eum
2918 4754 3267 4808 antecedunt.
3299 4774 3317 4805 ι
3344 4756 3422 4811 In.

2081 4822 2193 4893 (77)
2237 4819 2566 4893 Tplgné'ipa
2617 4819 2927 4891 ἀπόφασιν
2982 4822 3226 4887 ἐδέξατο
3288 4826 3445 4891 παρὰ
3480 4825 3588 4879 τοῦ

2013 4892 2299 5017 gummi).
2343 4892 2587 4947 Videuda
2638 4893 3026 4963 Prolegomeua
3070 4900 3279 4960 nostra,
3319 4910 3438 4964 cap.
3494 4897 3583 4950 11.

2040 4974 2089 5010 D.

2083 5034 2193 5105 (78)
2239 5034 2483 5103 Ἐτάφη.
2531 5035 2651 5089 Vet.
2684 5034 2887 5104 vulgat.
2936 5052 2953 5084 ι
2992 5034 3059 5089 de
3108 5050 3270 5089 cruce
3306 5035 3585 5105 depositus

2010 5115 2205 5192 est._‘e\t
2233 5106 2558 5192 sepultus'in
2588 5114 2957 5192 mouuniento‘
2976 5120 3137 5186 novo.
3178 5125 3204 5192 ι’
3231 5108 3310 5192 lu.

2058 5175 2193 5257 ~(79)
2230 5172 2428 5267 ρῇτως
2467 5177 2639 5255 ἐσται
2678 5175 2775 5257 καὶ
2805 5172 2847 5267 όι
2868 5174 2999 5267 υίὸς
3027 5176 3147 5267 τοῦι
3173 5176 3486 5267 ἀνίζρώατου
3514 5180 3585 5232 ἐν

2010 5246 2083 5315 τῇ
2112 5245 2322 5313 καρδίᾳ
2348 5245 2458 5315 τῆς
2490 5245 2603 5316 γῆς
2633 5247 2786 5315 τρεῖς
2814 5248 3036 5372 Mein;
3171 5247 3327 5314 τρεῖς
3339 5251 3580 5330 νύκτας.

2010 5316 2146 5397 T_ota
2179 5318 2321 5397 base“
2342 5317 2595 5397 ἀπόδοσις
2640 5332 2671 5370 a
2708 5325 2885 5397 vetere
2956 5331 3103 5397 atina
3136 5328 3583 5397 interpretatione

2010 5390 2164 5442 abest
2196 5386 2249 5439 in
2283 5384 2601 5452 Petaviano,
2631 5396 2684 5443 et
2732 5390 2943 5446 duobus
2993 5384 3396 5446 Oxontensibus
3442 5406 3579 5445 mss.

2007 5467 2063 5511 et
2094 5457 2334 5511 editione
2370 5473 2492 5526 quae
2522 5456 2750 5514 Parisiis
2774 5461 2974 5528 prodiit
3015 5474 3161 5514 anno
3194 5459 3353 5526 M98,
3387 5469 3441 5515 et
3474 5461 3579 5513 Ar-

2008 5530 2241 5597 gentiua:
2287 5543 2433 5582 anno
2483 5528 2654 5594 1502;
2721 5530 2815 5584 sed
2863 5548 2928 5585 ex
2991 5529 3284 5584 Parisieusi
3340 5530 3580 5586 editione

2008 5596 2137 5671 anni
2164 5596 2309 5671 15157
2323 5613 2444 5653 eam
2475 5600 2837 5671 reposuimus.
2859 5604 2917 5655 lu
2945 5600 3133 5655 Graeco
3156 5615 3283 5671 vero
3304 5599 3580 5671 Nydpruc—

2008 5670 2167 5791 fiano
2196 5670 2403 5735 codice,
2457 5684 2555 5737 pro
2587 5670 2803 5740 καρδίᾳ,
2840 5672 2980 5725 male
3010 5672 3099 5727 hic
3132 5670 3575 5742 legitur-,uotkigt.

2040 5752 2090 5789 υ.

2040 5752 2090 5789 D.

2077 5809 2191 5879 (80)
2226 5813 2295 5865 Et
2347 5810 2431 5866 δέ.
2476 5813 2579 5883 _l_ta
2627 5812 2792 5868 habet
2823 5822 3050 5883 uterque
3100 5813 3267 5868 codex
3318 5812 3575 5875 Graccus,

2005 5882 2356 5953 Augustanus
2387 5881 2926 5957 etNydpruccianus
2962 5881 2976 5941 Ξ
3011 5884 3385 5960 consentiente
3408 5885 3572 5941 etiam
