4076 6390
309 390 417 445 ’197
436 384 441 389 ’

1123 385 1487 444 ΕΡΙΒΤΟΗΕ
1516 386 2046 444 ΙΝΤΕΒΡΟΙλΑΉΕ.
2087 419 2157 429 -
2184 388 2274 443 ΔΙ)
2305 386 2761 445 TRALLIANOS.

3445 381 3546 436 ’208

306 510 406 562 καὶ
427 506 756 562 Κλεόϐουλον
776 504 872 577 (4),
892 503 957 559 τὰ
978 503 1247 573 γεννῶντα
1266 504 1474 576 καρπὸν
1496 504 1883 577 θανατηφόρον,

1997 520 2149 575 quem
2182 506 2227 560 si
2260 506 2384 575 quis
2412 504 2664 572 gustarit,
2696 502 2956 557 continuo
2987 499 3239 565 moritur,
3272 512 3378 553 non
3412 506 3549 551 tem-

305 590 373 650 οὗ
413 599 509 653 ἐὰν
546 614 629 662 τις
682 594 963 667 γεύσηται,
995 594 1308 666 παραυτίκα
1339 594 1687 664 ἀποθνήσκει,
1711 596 1772 648 οὑ
1796 595 1884 649 τὸν

307 688 647 760 πρόσκαιρον
669 687 916 750 θάνατον,
931 684 1068 740 ἀλλὰ
1098 684 1188 738 τὸν
1215 684 1451 739 αἰώνιον.
1479 679 1636 740 Οὗτοι
1659 687 1758 740 οὐκ
1777 689 1883 741 elei

308 780 512 851 φυτεία
558 779 794 851 Πατρός,
834 776 948 831 ἀλλ’
990 775 1188 845 ἔγγονα
1225 777 1580 848 κατηραμένα
1614 778 1679 831 ⁸⁸.
1712 778 1885 833 Πᾶσα

305 875 391 936 δὲ,
429 874 593 944 φησὶν
648 873 677 924 ὁ
719 870 944 943 Κύριος,
980 870 1193 938 φυτεία
1233 866 1313 935 ἣν
1352 871 1463 921 οὐκ
1492 868 1823 937 ἐφύτευσεν
1849 872 1884 924 ὁ

307 966 515 1032 Πατήρ
539 982 658 1033 μου
691 966 723 1016 ὀ
748 959 1098 1029 ἐπουράνιος
1112 961 1178 1023 δ’.
1203 959 1553 1029 ἐκριζωΘήτω
1580 961 1675 1032 (5).
1694 963 1754 1015 Et
1777 963 1883 1034 γὰρ

303 1052 455 1133 ἦσαν
504 1056 597 1109 τοῦ
648 1052 862 1126 Πατρδς
902 1052 1103 1125 κλάδοι,
1132 1053 1232 1106 οὑκ
1274 1051 1340 1106 ἂν
1374 1049 1512 1123 ἦσαν
1548 1053 1745 1123 ἐχθροὶ
1778 1054 1883 1108 τσῦ

308 1145 579 1215 σταυροῦ
616 1144 689 1215 (6)
733 1143 838 1197 τοῦ
869 1141 1146 1211 Χριστοῦ,
1180 1141 1316 1195 ἀλλὰ
1338 1141 1444 1194 τῶν
1458 1142 1890 1198 ἀποκτεινάντων

306 1239 423 1294 τὸν
453 1236 565 1306 τῆς
607 1234 792 1302 δόξης
820 1234 1056 1302 Κύριον.
1091 1233 1206 1285 Νῦν
1228 1232 1283 1285 δὲ
1316 1234 1406 1285 τὸν
1434 1232 1661 1304 σταυρὸν
1694 1233 1889 1305 ἀρνού-

312 1345 494 1399 μενοι,
544 1324 639 1378 καὶ
681 1323 740 1377 τὸ
786 1322 955 1385 πάθος
1017 1321 1489 1390 ὲπαισχυνόμενοι,
1560 1318 1891 1373 καλύπτουσι

307 1420 475 1492 τὴνδδ
524 1416 791 1471 Ἰουδαίων
838 1413 1205 1485 παρανομίαν,
1259 1411 1366 1465 τῶν
1417 1412 1722 1482 θεομάχων,
1780 1411 1889 1465 τῶν

310 1510 680 1584 κυριοκτόνων
702 1507 776 1578 (Ἰ)
795 1524 809 1536 ·
844 1504 1037 1577 μικρὸν
1064 1504 1171 1575 γὰρ
1200 1505 1392 1566 εἰπεῖν,
1416 1504 1885 1576 προφητοκτόνων·

1012 1678 1121 1715 νου.
1178 1660 1239 1730 7A”
1261 1674 1363 1730 ms.
1388 1658 1654 1730 οὐρᾴνιος.

424 1668 468 1699 ⁸⁸
490 1667 687 1734 interp.
730 1661 1008 1734 κατερημέ

1732 1658 1780 1690 ⁸⁰
1808 1657 1995 1713 Matth.
2016 1677 2105 1726 xv,
2133 1662 2220 1716 15.

1989 611 2247 666 poranea,
2277 610 2463 650 verum
2487 603 2687 649 aeterna
2713 603 2905 647 morte.
2923 590 2990 646 Hi
3007 607 3114 646 non
3137 599 3264 645 sunt
3288 588 3548 659 plantatio

1986 686 2183 753 Patris,
2236 686 2329 741 sed
2388 685 2674 756 progenies
2723 684 3007 738 maledicta
3065 701 3078 737 :
3130 681 3315 737 Omnis
3366 689 3546 735 autem

1984 778 2284 841 Plantatio,
2325 778 2501 847 inquit
2565 776 2848 839 Dominus,
2910 791 3067 845 quam
3127 791 3228 829 non
3286 772 3547 843 plantavit

1988 869 2152 924 Pater
2206 887 2349 924 meus
2404 870 2645 932 caelestis,
2689 868 3065 923 eradicetur”.
3095 868 3150 921 Si
3188 868 3330 921 enim
3366 875 3551 922 essent

1986 961 2125 1014 rami
2177 960 2374 1027 Patris,
2448 978 2554 1015 non
2617 961 2802 1030 utique
2860 969 3041 1016 essent
3120 961 3322 1013 inimici
3380 960 3550 1013 crucis

1989 1049 2188 1105 Christi
2201 1053 2267 1118 ",
2302 1053 2612 1110 sed'eorum
2646 1054 2739 1122 qui
2772 1054 3085 1109 occiderunt
3112 1052 3391 1105 Dominum
3433 1052 3550 1121 glo-

1992 1145 2171 1199 riae".
2212 1145 2259 1177 ⁸³
2296 1144 2450 1200 Nunc
2479 1162 2608 1202 vero
2640 1162 2762 1201 cum
2810 1161 3027 1201 crucem
3081 1153 3295 1214 negent,
3328 1152 3382 1198 et
3428 1143 3551 1196 illos

1991 1236 2264 1304 passionis
2322 1240 2553 1308 pudeat,
2607 1247 2796 1310 tegunt
2845 1236 3154 1292 Judaeorum
3214 1238 3411 1301 scelus,
3456 1238 3550 1305 qui

1992 1326 2161 1381 Deum
2196 1340 2578 1399 oppugnarunt
2622 1340 2677 1386 et
2705 1330 2995 1384 Dominum
3038 1330 3388 1396 occiderunt;
3426 1345 3552 1383 nam

1989 1431 2181 1485 parum
2241 1426 2347 1472 est
2378 1419 2765 1487 prophetarum
2825 1417 3205 1473 interfectores
3281 1418 3555 1487 appellare

1991 1508 2161 1562 eos”.
2193 1506 2300 1564 Vos
2355 1520 2534 1564 autem
2591 1509 2841 1566 Christus
2886 1508 3077 1563 invitat
3134 1510 3200 1563 ad
3234 1508 3556 1562 immortali-
3656 1542 3659 1543 ν

2323 1662 2365 1695 ⁸¹
2396 1661 2626 1733 Philipp.
2657 1679 2738 1725 Ill,
2773 1664 2885 1733 18,
2953 1664 2998 1699 ⁵’
3026 1666 3047 1718 Ι
3071 1663 3200 1720 Cor.
3227 1680 3289 1729 ιι,
3322 1664 3375 1719 8.
3445 1664 3492 1697 ⁸⁸
3517 1668 3552 1721 Ι.

314 1737 505 1794 Const.
526 1752 614 1806 ap.
636 1728 719 1802 'vi,
744 1734 834 1789 26.
867 1728 878 1734 ⁷
913 1728 958 1767 ⁸⁵
995 1747 1099 1787 ms.
1131 1728 1260 1785 τῶν.
1338 1729 1381 1760 ⁸⁸
1406 1728 1662 1785 1.’(Ῐοιιεε.
1686 1745 1770 1799 ap.
1800 1744 1859 1796 ιι,
1884 1730 1907 1783 6

2013 1746 2088 1797 vi,
2128 1732 2182 1798 5,
2207 1731 2278 1787 ‘25
2302 1742 2353 1788 et
2377 1748 2475 1799 vn,
2502 1728 2648 1789 5F'et
2675 1750 2791 1801 Vlll,
2827 1732 2915 1788 46.
2986 1749 2995 1758 ·

319 1947 674 2025 quibusdam
696 1944 820 1999 aliis
851 1962 869 1995 ι
910 1943 1266 2025 Byzantinum
1306 1960 1326 1995 ι
1358 1942 1400 2025 )_,
1432 1950 1492 2025 et
1516 1940 1896 2025 Valentinum,
1925 1959 1969 2017 Β
1999 1957 2081 2025 se,
2111 1958 2175 1997 ex
2210 1943 2430 2025 iisquae
2460 1942 2515 1998 in
2532 1943 2723 2025 primo
2745 1941 3171 2025 P‘rol'egomeuon
3197 1944 3371 2014 capite
3404 1961 3433 1999 a
3462 1961 3559 2000 no-

322 2010 546 2087 (abesse
572 2016 774 2087 dicitur
802 2030 833 2067 a
872 2010 1150 2087 nonnullis
1169 2012 1601 2087 exemplaribus.
1631 2010 1688 2065 In
1726 2011 1894 2082 Regio
1926 2010 1964 2017 ⁷
1996 2013 2083 2087 bis
2103 2022 2237 2087 _sunt
2266 2010 2431 2087 dicta,
2462 2010 2596 2068 satis
2615 2014 2819 2087 _liquet.
2838 2010 3029 2087 Usssn.

321 2081 509 2153 autem
546 2093 607 2139 ut
644 2085 864 2138 varians
922 2084 1082 2137 lectio
1119 2082 1186 2137 ad
1238 2101 1257 2134 ί
1290 2081 1647 2153 Byzantinum
1683 2101 1701 2133 ι
1734 2081 1895 2153 nota-

328 2159 445 2215 tur)
472 2157 587 2210 hare
608 2155 796 2209 eadem
831 2154 1127 2222 sentientes
1158 2153 1318 2222 plena
1356 2152 1638 2220 sapientim
1663 2152 1896 2205 volumi--

319 2244 395 2282 na
434 2225 914 2293 conscripserunt?
946 2221 1116 2293 [Non
1145 2221 1412 2277 debebant
1452 2222 1627 2275 virum
1675 2237 1894 2293 gravem

321 2309 438 2352 tam
459 2295 596 2351 nihil
624 2291 863 2355 movere,
890 2303 948 2347 ut
978 2291 1311 2362 Hieronymo
1337 2306 1557 2362 quoque
1586 2291 1893 2362 convicium

328 2368 557 2421 faceret.
590 2363 741 2418 Vidit
766 2363 949 2432 itaque
978 2360 1351 2432 Hieronymus,
1376 2360 1686 2431 lguatianas
1728 2361 1895 2432 inter-

365 2437 657 2500 olationes,
680 2448 826 2502 quas
851 2430 1083 2487 Dallaeus
1119 2430 1274 2502 sexto
1321 2430 1552 2502 demum
1581 2432 1782 2486 saeculo
1816 2430 1896 2485 fa-

365 2454 657 2500 otattones,
680 2454 819 2502 quas
851 2454 1083 2487 uallatus
1119 2454 1274 2486 διεχιο
1324 2454 1544 2485 UCIIIUIII
1581 2454 1782 2486 δωυυιυ
1816 2454 1896 2485 la-

323 2454 570 2561 Krieatas
624 2519 750 2558 cum
786 2500 1014 2557 Usserio
1066 2501 1456 2557 existimabat?
1513 2499 1580 2553 Et
1630 2515 1780 2566 vero,
1838 2510 1898 2555 ut

324 2592 521 2631 omnes
551 2590 580 2628 a
614 2573 940 2639 Hieronymo
991 2570 1313 2629 nominatim
1345 2571 1631 2624 memorati
1654 2571 1895 2639 scripse-

329 2655 463 2700 runt
495 2645 760 2699 adversus
790 2639 1073 2706 Ebionem,
1102 2640 1295 2711 quidni
1324 2649 1514 2695 contra
1555 2639 1893 2711 Theodotum

329 2716 535 2769 σκυτέα
582 2711 1044 2784 stylum__acuerit
1095 2710 1475 2784 Ireuagus,__qui
1528 2711 1718 2784 eodem
1761 2710 1899 2763 vixit

336 2797 606 2855 tempore,
632 2780 725 2837 aut
755 2782 954 2855 aliquis
982 2781 1297 2855 ex_reli_qu_is
1331 2780 1437 2835 illis
1467 2780 1653 2855 multis
1674 2791 1895 2855 aposto-

331 2850 534 2911 licis'et
555 2852 936 2922 eloquentibus
964 2851 1135 2922 viris?
1155 2850 1320 2918 Caius
1358 2850 1603 2922 profecto
1626 2857 1681 2904 et
1715 2850 1898 2922 Victor

331 2921 765 2988 Romanusniri
813 2921 1095 2991 apostolici
1128 2922 1303 2991 (puto)
1349 2921 1589 2985 fuerunt,
1638 2921 1898 2989 quemad-

332 2996 560 3050 modum
593 2989 862 3062 Justinus
888 3001 1096 3062 martyr
1143 2989 1197 3045 ét
1250 2989 1486 3062 lrenzeus
1527 3008 1540 3043 :
1588 3005 1620 3062 a
1661 3006 1895 3062 quorum

333 3067 642 3136 posteriore
661 3061 877 3136 Victore
892 3058 1050 3136 papa,
1068 3061 1572 3136 excommunicatus
1595 3059 1699 3113 fuit
1723 3058 1898 3136 Theo-

331 3129 530 3200 dotus;
557 3150 585 3187 a
614 3129 987 3202 primo,Cajo,
1020 3146 1128 3185 una
1163 3146 1286 3185 eum
1313 3131 1607 3185 Artemone
1649 3129 1899 3202 confuta-

330 3217 444 3260 tus.
479 3204 582 3258 Sed
616 3200 807 3256 relicto
852 3200 1071 3265 Dallzeo,
1099 3208 1481 3255 convertamus
1530 3215 1630 3255 nos
1668 3200 1735 3255 ad
1768 3216 1897 3255 eru-

330 3276 667 3330 ditissimum
728 3280 933 3341 patrem
989 3270 1417 3335 Theodoritum,
1477 3279 1641 3339 atque
1687 3278 1895 3324 textum

330 3346 483 3400 illius
509 3343 703 3397 menda
735 3356 1045 3413 purgemus.
1080 3341 1629 3413 Αίρέσεωςίάρχηγοί,
1666 3342 1899 3413 Κοσῖἒα-

328 3416 442 3479 νὸς,
469 3409 746 3474 Θεόδοτος,
770 3409 875 3465 etc.
905 3409 1314 3465 Restitueiidum
1338 3409 1667 3473 Κασσιανός,
1696 3425 1761 3464 ex
1778 3409 1899 3463 Cle-

329 3495 539 3549 mente,
570 3482 903 3537 Stromateon
932 3498 971 3544 ι,
1011 3480 1150 3546 520;
1189 3497 1281 3546 ιιι,
1332 3481 1457 3545 465,
1489 3480 1626 3545 466ς
1664 3479 1899 3549 Eusebio

331 3548 639 3623 Praeparat.
668 3568 939 3623 evang},
968 3550 1074 3623 12ς⁸
1120 3549 1263 3604 Hist.
1296 3549 1424 3623 eget.
1458 3566 1532 3613 νι,
1555 3550 1625 3603 13
1644 3567 1683 3623 ;_
1708 3548 1900 3623 Hiero-

329 3618 509 3705 nymo
535 3622 614 3704 pe
664 3620 1429 3705 virisnillustribus'cap..58,
1456 3630 1619 3705 atque
1651 3618 1897 3703 Sophro-

328 3688 429 3747 nio
458 3693 549 3747 ubi
576 3706 761 3760 supra.
796 3689 1105 3760 Eu_sebiana
1128 3688 1426 3760 Historia”:
1457 3689 1805 3760 Μνημονεόει
1839 3706 1897 3742 τε

328 3764 595 3835 (Κλήμης
726 3763 839 3824 τοῖς
858 3757 1275 3835 Στροματεῦσι)
1309 3759 1401 3835 τοῦ
1447 3757 1899 3835 πρὸξ-’Έλληνας

326 3828 598 3888 Τατιανοῦ
627 3832 806 3899 λόγου,
842 3832 938 3884 καὶ
960 3832 1291 3900 Κασσιανου,
1316 3828 1411 3900 ὼςί
1431 3828 1526 3882 καὶ
1568 3829 1733 3881 αὐτοῦ
1776 3847 1901 3900 χρο-

326 3903 631 3974 νογραφίαν
664 3898 1050 3974 πεποιημένου.
1080 3898 1310 3974 Ruﬁnu_s
1339 3899 1613 3974 :_Me_mini_t
1642 3898 1899 3974 praeterea

326 3968 757 4043 et'scriptorum
813 3968 1164 4043 antiquorum
1193 4010 1209 4036 ,
1255 3968 1806 4043 Tatiani‘cujusdam
1845 3978 1899 4023 et

324 4037 605 4107 Cassiani,
634 4042 779 4096 velut
808 4042 900 4110 qui
938 4037 1207 4095 Chronica
1242 4039 1581 4110 scripserint.
1614 4037 1894 4110 Nicepho-

326 4130 448 4175 rus,
471 4130 542 4179 Iv,
568 4113 637 4167 55
672 4130 684 4167 :
709 4108 997 4180 Μέμνηται
1012 4110 1054 4161 δ’
1085 4112 1142 4163 ὲν
1169 4108 1379 4180 τούτοις
1409 4109 1502 4163 τοῦ
1532 4109 1668 4179 πρὸς
1701 4108 1898 4179 Ἔλλη-

326 4201 431 4247 νας
465 4181 730 4236 Τατιανοῦ
754 4179 933 4249 λόγου,
968 4182 1061 4233 καὶ
1086 4179 1416 4249 Κασσιανοῦ,
1468 4180 1542 4241 ὡς
1570 4180 1774 4249 χρόνων
1806 4180 1901 4249 καὶ

325 4254 499 4308 αὑτοῦ
526 4252 847 4313 ἐπιστασίας
874 4250 1282 4317 καταλέγοντος.
1312 4248 1677 4318 Hieronymus
1704 4267 1716 4301 :
1744 4269 1761 4300 ι
1797 4248 1903 4305 Me-

328 4324 696 4379 minitautem
729 4323 782 4375 in
815 4318 1167 4375 Stromatibus
1209 4321 1323 4375 suis
1356 4320 1651 4373 voluminis
1683 4318 1899 4373 Tatiaui

325 4397 597 4449 adversus
621 4393 839 4457 Gentes,
865 4393 931 4445 de
958 4408 1070 4461 quo
1097 4407 1260 4459 supra
1282 4391 1542 4461 diximus,
1570 4399 1625 4443 et
1648 4388 1898 4444 Cassiani

324 4464 617 4534 cujusdam
648 4460 1067 4534 χρονογραφίας,
1095 4462 1250 4534 quod
1295 4460 1902 4534 epusculum__invenire

329 4530 442 4587 non
466 4530 788 4602 potuiﬁi’Ab
811 4530 1457 4602 omnibusindiligenter,
1485 4546 1582 4602 pro
1602 4530 1898 4602 Clementis

326 4603 687 4657 Alexandrini
736 4603 857 4655 loco
914 4618 967 4671 p.
1030 4601 1135 4672 εξρο
1168 4617 1181 4651 :
1220 4602 1451 4672 Εἴρηται

329 4621 687 4657 Alexandrini
737 4621 857 4655 IOCO
914 4621 967 4671 p.
1030 4621 1181 4653 ozu:
1222 4621 1451 4672 ιιρηται
1535 4621 1591 4653 εν
1642 4621 1736 4653 ουν
1773 4621 1900 4669 περι

329 4673 541 4752 ratier
562 4672 803 4752 ἀκριϐῶς
826 4670 1075 4752 Ταῖιανῷ
1096 4673 1154 4752 εν
1178 4621 1731 4752 τῷπρὸςςὲῗλλῃναςο
1754 4669 1903 4752 εἴρη-

328 4760 425 4797 ται
454 4744 511 4795 δὲ
538 4740 951 4812 καὶΚασσιανῷ
978 4740 1139 4811 ὲντῷ
1170 4740 1367 4812 πρώτῳ
1380 4740 1485 4812 τῷν
1512 4740 1899 4811 Ean-mmet).

334 4794 546 4868 (aede
573 4794 640 4867 iis
660 4794 889 4882 quidem
916 4794 1001 4880 (de
1031 4794 1370 4879 temporibus
1386 4810 1431 4862 Μ
1439 4794 1633 4882 0γεὶέῇ
1646 4794 1901 4881 quodque

334 4882 693 4937 Hebrazorum
729 4881 1083 4951 philosophia
1101 4882 1345 4935 omnium
1383 4882 1761 4950 antiquissima
1803 4882 1895 4948 sit,

329 4961 590 5009 accurate
619 4950 822 5006 dictum
872 4950 955 5007 est
986 4968 1015 5004 a
1047 4950 1275 5004 Tatiano
1323 4953 1375 5004 in
1404 4953 1653 5005 oratione
1706 4961 1895 5006 contra

370 5022 777 5078 entes.Dictum
802 5030 886 5077 est
906 5034 1086 5074 autem
1116 5022 1279 5074 etiam
1312 5020 1616 5075 aCassiano
1646 5021 1698 5075 in
1713 5022 1889 5089 primo

382 5091 848 5162 xegetieonaiPer
884 5106 1067 5162 quem,
1093 5091 1359 5162 videlicet,
1392 5091 1569 5162 locum
1597 5092 1891 5145 aﬂirmetur

329 5160 598 5218 duntaxat
620 5164 686 5216 de
712 5161 856 5216 Julio
879 5160 1144 5216 Cassiano
1174 5160 1435 5214 Docetica:
1458 5161 1724 5215 haereseos
1746 5163 1893 5230 priu-

332 5234 476 5303 cipe,
502 5233 570 5285 ab
592 5247 656 5303 eo
689 5233 741 5303 in
774 5232 1218 5303 Emegeticis,_seu
1252 5233 1334 5297 (ut
1358 5230 1891 5303 videturtExplanao

335 5300 579 5357 tionibus
606 5301 1036 5371 Scripturarum,
1073 5300 1553 5371 Chronographica
1588 5300 1761 5357 fuisse
1806 5302 1889 5355 in-

334 5382 505 5438 serta,
524 5369 979 5441 quemadmodum
1002 5388 1040 5441 il
1072 5369 1374 5425 Tatiano’in
1402 5370 1597 5441 celebri
1620 5371 1886 5427 oratione.

333 5443 484 5506 C01,
511 5439 568 5481 -ζ
605 5441 911 5495 Θεόδοτον.
943 5460 960 5490 ι
999 5440 1351 5494 Theododum
1390 5459 1411 5490 ι
1448 5439 1608 5494 habet
1659 5441 1747 5496 hic
1794 5457 1891 5495 co-

334 5512 443 5566 dex
469 5511 790 5566 Baliolensis
835 5527 847 5562 :
874 5512 1019 5579 quod
1051 5525 1341 5565 commune
1365 5510 1569 5577 aliquid
1597 5526 1719 5564 cum
1750 5511 1883 5563 Θεο-

332 5582 453 5635 δάδι
481 5582 574 5636 illo
598 5582 776 5646 habet,
804 5597 834 5635 a
860 5581 1137 5635 Clemente
1167 5579 1534 5633 Alexandrino
1564 5579 1617 5632 in
1642 5581 1781 5635 libro
1812 5598 1884 5635 vit

338 5650 672 5705 Stromatum
728 5658 1185 5715 commemorato;
1239 5665 1398 5718 quem
1443 5647 1593 5719 Pauli
1656 5652 1885 5719 apostoli

336 5721 687 5789 discipulum,
714 5719 982 5773 Valentini
1012 5719 1248 5772 lueretici
1268 5720 1463 5789 dicunt
1492 5718 1661 5775 fuisse
1692 5718 1884 5789 imagi-

338 5786 535 5847 strum.
568 5788 702 5843 Nam
749 5789 1086 5843 Theodotum
1112 5790 1226 5842 sive
1254 5786 1581 5853 Coriarium,
1611 5792 1723 5843 sive
1753 5786 1886 5843 Tra—

339 5862 573 5935 pezitam
592 5860 763 5931 ipsius
784 5859 1134 5934 discipulum,
1159 5858 1365 5929 lgnatio
1380 5861 1732 5935 posteriorem
1751 5860 1885 5918 tuis-

1535 4600 1591 4688 ξν
1642 4596 1736 4688 οὖν
1765 4600 1900 4688 περὶ
1933 4633 1978 4688 D

2067 2083 2145 2206 καί)
2174 2084 2572 2165 Κλεόϐουλογ.
2612 2084 2683 2137 De
2698 2083 2984 2167 ‘Cleohul‘o,
3015 2085 3317 2165 eodemque
3335 2083 3559 2169 Cleobio

2067 2179 2071 2206 ι
2098 2154 2252 2206 laeum
2283 2153 2494 2206 fugerat
2522 2154 2651 2206 Illud
2672 2152 2957 2206 Emohanu
2990 2154 3178 2206 lueresu
3218 2155 3307 2206 5L
3335 2170 3454 2206 can.
3484 2157 3550 2206 (ιε

1996 2152 2252 2207 Βοιιεῑιιιιη
2283 2153 2494 2223 fugerat
2522 2154 2651 2207 illud
2672 2152 2957 2275 Epiphanii
2990 2154 3178 2234 haeresi
3218 2155 3307 2235 $1,
3335 2170 3454 2275 (Ἧι.
3484 2157 3550 2207 6:

1996 2224 2252 2275 Κλεόὸιον
2276 2223 2451 2275 εῖτουν
2473 2224 2711 2275 Κλεόϐου
2745 2241 2803 2275 ον
2824 2240 2837 2275 :
2861 2233 2914 2275 et
2942 2239 3090 2275 varia
3119 2224 3278 2275 lectio
3296 2242 3347 2275 in
3425 2234 3550 2275 iceta

1995 2224 2252 2277 Κλεόὸιον
2276 2223 2451 2277 εῖτουν
2473 2223 2803 2277 Κλεόϐουλον
2824 2240 2837 2285 ;
2861 2233 2914 2277 et
2942 2224 3090 2277 varia
3119 2224 3278 2278 lectio
3296 2225 3347 2278 in
3376 2223 3557 2279 Niceta

1994 2292 2279 2348 Pectorato
2305 2295 2442 2362 apud
2472 2294 2787 2357 Baronium,
2810 2292 3146 2362 «Cleobium,
3172 2294 3505 2349 Cleobolum.
3534 2314 3555 2347 ι

1995 2362 2131 2419 Cor.
2174 2395 2243 2405 ——
2274 2361 2669 2418 Κλεόϐουλον.
2725 2363 2786 2420 P.
2823 2361 3144 2429 Halloixius,
3197 2364 3250 2417 in
3305 2364 3561 2420 Ecclesiae

1996 2434 2159 2557 primi
2187 2434 2369 2488 saeculi
2398 2433 2655 2514 imagine,
2691 2448 2854 2503 quam
2897 2442 3044 2488 tomo
3100 2432 3276 2503 primo
3305 2432 3557 2488 Orienta-

2020 2519 2129 2556 Ium
2158 2518 2384 2557 suorum
2433 2512 2758 2557 scriptorum
2792 2504 3052 2557 praeﬁxit.
3102 2505 3242 2557 inter
3278 2506 3557 2557 han-elices

2020 2503 2129 2574 ium
2158 2518 2384 2558 suorum
2433 2503 2758 2573 scriptorum
2790 2504 3052 2572 praeﬁxit,
3102 2505 3242 2574 in_ter
3278 2506 3559 2574 hazreticos

1997 2574 2065 2627 ab
2095 2572 2303 2642 lguatio
2346 2572 2761 2627 commemorari
2795 2574 3017 2628 adnotat
3073 2591 3091 2623 ι
3134 2572 3473 2628 Theodotum
3507 2585 3561 2628 et

1999 2642 2341 2697 Theobulum
2395 2643 2497 2710 (sic
2531 2643 2675 2697 enim
2711 2644 2781 2697 ibi
2813 2645 3074 2713 scriptum
3103 2651 3185 2696 est
3219 2660 3230 2693 :
3268 2647 3284 2712 )
3324 2659 3557 2712 quorum

1998 2713 2271 2783 proprios,
2301 2713 2497 2781 inquit,
2530 2728 2746 2767 errores
2774 2730 2872 2768 nec
2899 2715 3031 2783 ipse,
3071 2728 3168 2767 nec
3198 2714 3358 2772 alius.
3394 2729 3557 2783 quem

1997 2784 2215 2853 quidem
2250 2783 2492 2836 nancisci
2524 2783 2812 2851 potuerim,
2868 2784 3083 2851 attingit
3113 2784 3430 2853 speciatim;
3464 2784 3560 2838 sed

1999 2853 2294 2923 generatim
2320 2853 2585 2906 duntaxat
2604 2863 2657 2906 et
2686 2854 2914 2907 strictim
2948 2853 3149 2907 Christi
3181 2852 3560 2923 Dominicru-

1998 2922 2184 2991 eisque
2203 2937 2390 2977 osores
2414 2923 2774 2977 subindicat.»
2814 2923 2887 2976 Dc
2912 2925 3211 2984 Theodoto,
3243 2923 3355 2977 sive
3382 2922 3562 2977 Theo-

2000 2992 2176 3046 dodus
2202 3003 2296 3047 aut
2326 2992 2652 3046 Theodadus
2685 2994 2772 3045 ille
2825 2994 3006 3057 fuerit,
3053 2993 3255 3047 dictum
3301 2993 3413 3061 jam
3474 3002 3559 3046 est

2000 3063 2227 3131 aliquid.
2246 3062 2318 3117 De
2346 3064 2435 3116 illo
2466 3078 2592 3116 vero
2617 3063 2804 3127 altero,
2823 3063 3179 3118 succurrebat
3203 3064 3289 3115 ille
3322 3062 3558 3132 Epipha-

2001 3132 2077 3186 nii
2109 3135 2280 3198 locus,
2310 3133 2362 3185 in
2396 3133 2587 3186 hmresi
2617 3133 2676 3185 51
2704 3134 2996 3202 Alogorum
3021 3151 3034 3198 ;
3062 3134 3151 3186 ubi
3183 3133 3322 3186 inter
3336 3134 3558 3201 eosqui,

2002 3219 2124 3258 cum
2175 3203 2383 3257 Ebione
2416 3211 2469 3255 et
2493 3202 2771 3267 Cerintho,
2816 3205 3019 3256 nudum
3076 3203 3346 3256 hominem
3390 3204 3560 3256 fuisse

1926 3285 1969 3343 ς,
2000 3274 2277 3343 Christum
2318 3282 2709 3343 asserueruntﬁ,
2766 3272 3021 3325 Κλεόϐιον
3048 3313 3063 3337 ,
3091 3273 3267 3325 εἷτουν
3295 3272 3561 3343 Κλεόϐου-

2002 3342 2091 3394 λον
2142 3343 2453 3413 (Cleobium
2509 3343 2627 3413 sive
2646 3342 3351 3413 Cleobuluminiunxerat,
3401 3342 3559 3410 cujus

2001 3410 2162 3466 etiam
2193 3412 2418 3478 Cleobii,
2454 3413 2567 3466 sive
2596 3410 2861 3478 Cleobuli,
2887 3412 3211 3465 mentionem
3250 3412 3447 3465 factam
3478 3414 3561 3465 iu-

2000 3483 2182 3547 venio,
2218 3491 2272 3537 et
2325 3481 2467 3550 apud
2524 3480 2883 3550 Hegesippum
2910 3482 3153 3551 (citatum
3200 3482 3269 3535 ab
3295 3482 3557 3547 Eusebio,

2000 3552 2140 3607 libro
2176 3568 2229 3605 tv
2286 3551 2491 3605 Hister.
2523 3568 2646 3620 κεφ.
2672 3554 2871 3620 x6’),et
2904 3552 3043 3620 apud
3079 3553 3559 3619 pseudo-Clemen-

2002 3630 2107 3675 tem
2132 3624 2234 3691 (vel
2266 3623 2512 3675 eumdem
2544 3622 2719 3690 ipsum
2762 3623 2959 3690 potius,
2980 3630 3061 3691 Aet
3090 3622 3246 3674 istius
3278 3629 3332 3673 et
3367 3620 3557 3689 Ignatii

2000 3689 2196 3755 nostri,
2238 3689 2697 3761 interpolatorem)
2726 3689 2864 3745 libro
2886 3707 2937 3744 vt
2961 3689 3246 3761 Constituit.
3285 3691 3556 3759 apostolic.

2000 3776 2118 3829 cap.
2150 3763 2183 3816 8
2206 3773 2257 3815 et
2291 3762 2373 3822 lli,
2400 3770 2454 3814 et
2480 3762 2532 3814 in
2563 3762 2789 3829 epistola
2820 3778 2941 3830 quae
2971 3760 3111 3829 apud
3138 3762 3423 3815 Armenios
3452 3762 3560 3813 l'er-

2003 3842 2090 3884 tur
2140 3834 2205 3886 ad
2249 3830 2476 3885 Paulum
2511 3832 2838 3899 apostolum,
2886 3831 3297 3885 Corinthiorum
3353 3832 3557 3900 scripta

2001 3903 2240 3957 nomine.
2270 3903 2325 3955 In
2348 3916 2410 3955 ea
2435 3902 2578 3954 enim
2611 3919 2627 3949 ι
2662 3901 2992 3969 Stephanus,
3020 3910 3073 3953 et
3097 3916 3219 3954 cum
3243 3918 3306 3956 eo
3332 3903 3557 3969 presby-

2003 3973 2102 4026 teri
2131 3971 2392 4027 Neminus
2422 3978 2475 4024 et
2510 3970 2731 4034 Bulvus,
2765 3970 3100 4040 Theophilus
3182 3984 3236 4027 et
3290 3973 3562 4025 Nomesou

2002 4043 2209 4113 (nescio
2233 4042 2348 4111 qui)
2372 4040 2432 4092 Β.
2456 4040 2625 4113 Paulo
2648 4042 2953 4111 signiﬁcant
2970 4083 2984 4107 ,
3011 4041 3287 4113 Simonem
3316 4052 3373 4113 et
3400 4040 3559 4113 Cleo-

2000 4111 2149 4169 bium
2178 4112 2509 4167 exsecranda
2551 4126 2649 4165 sua
2706 4113 2955 4181 dogmata
3008 4112 3255 4165 Corinthi
3295 4111 3553 4165 dissemi~

2002 4198 2163 4238 nasse
2192 4201 2205 4236 :
2237 4198 2357 4252 quae
2377 4181 2681 4252 cujusmodi
2713 4180 2933 4244 fuerint,
2960 4182 3033 4235 ita
3055 4181 3365 4252 singillatim
3392 4196 3558 4252 enar-

1999 4262 2143 4307 rant.
2178 4249 2370 4307 Dicunt
2401 4269 2415 4305 :
2447 4270 2464 4301 ‹
2500 4249 2799 4320 Prophetas
2818 4268 2924 4304 non
2949 4267 3067 4307 esse
3092 4249 3364 4321 legendos,
3390 4250 3557 4303 Deum

2002 4338 2110 4377 non
2136 4339 2255 4377 esse
2282 4323 2731 4390 omnipotentem,
2770 4337 2875 4374 non
2905 4338 3025 4376 esse
3054 4322 3290 4375 iuturam
3315 4322 3560 4390 corporis

2002 4394 2478 4447 resurrectionem.
2526 4390 2812 4444 Hominem
2856 4406 2884 4444 a
2939 4391 3050 4447 Deo
3101 4392 3270 4445 fuisse
3314 4400 3557 4444 creatum

2036 4479 2225 4517 rorsus
2251 4473 2464 4532 negant,
2486 4460 2670 4515 Jesum
2700 4461 2974 4515 Christum
3017 4478 3083 4514 ex
3110 4477 3337 4529 corpore
3379 4461 3559 4513 Maria:

1998 4479 2242 4587 gireinis
2283 4542 2469 4585 natum
2494 4532 2663 4585 fuisse
2697 4548 2804 4587 non
2832 4540 3159 4587 agnoscunt:
3194 4545 3367 4587 neque
3389 4548 3416 4583 a
3446 4530 3559 4583 Deo

2053 4534 2242 4602 irginis
2283 4530 2469 4585 natum
2494 4532 2663 4585 fuisse
2697 4548 2804 4588 non
2832 4540 3159 4601 agnoscunt;
3194 4545 3367 4600 neque
3389 4548 3416 4583 a
3446 4530 3559 4583 Deo
3652 4564 3657 4568 ι

2007 4605 2268 4657 mundum
2295 4611 2536 4656 creatum
2567 4602 2737 4656 fuisse
2764 4603 2974 4665 volunt,
3023 4603 3119 4656 sed
3156 4618 3185 4654 a
3230 4603 3555 4669 quibusdam

2006 4674 2232 4743 angelis.
2274 4693 2291 4725 ι
2326 4673 2675 4725 Armenicum
2708 4671 2871 4738 hujus
2902 4672 3143 4743 epistola;
3165 4673 3555 4743 apograpbum,

2003 4740 2251 4814 Sniyrute
2271 4744 2566 4814 scriptum,
2602 4756 2706 4795 una
2734 4757 2856 4814 cum
2884 4742 3189 4814 apocrypha
3221 4740 3283 4793 Β,
3308 4740 3457 4814 Pauli
3490 4741 3557 4814 ad

2001 4811 2246 4868 eamdem
2264 4813 2617 4880 responsione
2648 4811 2844 4877 (tertia:
2884 4813 2949 4864 ad
2974 4811 3290 4880 Corinthios
3318 4811 3559 4879 epistola:

2005 4884 2218 4938 titulum
2257 4879 2595 4952 praiferente)
2626 4896 2790 4952 penes
2816 4880 3124 4952 Gilbertum
3154 4879 3556 4952 Northumrex-

1999 4962 2127 5020 stat,
2152 4950 2329 5007 virum
2375 4962 2430 5006 et
2458 4950 2670 5021 generis
2702 4951 2981 5005 nobilitate
3028 4960 3082 5004 et
3115 4950 3313 5020 ingenti
3338 4951 3557 5005 dotibus

1998 5025 2140 5094 apud
2176 5040 2277 5078 nos
2299 5024 2665 5077 notissimum.
2699 5023 2779 5081 lo.
2872 5064 2873 5067 η

2074 5117 2154 5187 (5)
2200 5113 2762 5187 Ἐκριζωθήτιωτνοίρ
2797 5113 3001 5187 vulgat.
3057 5111 3552 5187 c__era_dicabitur,_i

1993 5182 2270 5257 quomodo
2299 5182 2571 5257 etiamiest
2607 5185 2665 5240 in
2717 5182 3031 5254 Evangelia,
3082 5182 3273 5236 Matth.
3330 5199 3419 5249 xv,
3463 5184 3552 5250 15,

1993 5255 2443 5329 ἔκριζωθήσεται.
2469 5256 2544 5309 lo-

2063 5347 2141 5416 (6)
2187 5349 2257 5399 Ει
2302 5345 2412 5416 γὰρ
2462 5340 2624 5414 ἦσαν
2659 5342 2765 5397 τοῦ
2796 5338 3438 5416 ῌατρὸς-κλάδοιηοὺκ
3480 5336 3557 5416 {ir

1989 5408 2154 5487 ἥσὶιῶρ
2183 5408 2389 5485 ἐχθροῐ
2422 5408 2529 5469 τοῦ
2580 5412 2864 5487 σταυροῦ.
2891 5408 3175 5487 Anglican.
3204 5427 3218 5463 :
3252 5427 3269 5459 ι
3309 5408 3365 5460 Si
3411 5408 3553 5487 enim

1991 5481 2177 5541 essent
2196 5481 2562 5555 ,Vapparerent
2590 5485 2777 5552 utique
2797 5481 3158 5555 ramicrucis,
3176 5489 3238 5555 _et
3268 5491 3412 5533 esset
3444 5481 3553 5530 uti-

1988 5572 2097 5626 que
2119 5548 2332 5611 nucis;
2360 5555 2584 5623 illorum
2625 5548 3077 5621 incorruptibilis.
3113 5567 3133 5601 ι
3176 5548 3255 5604 lo.

2061 5648 2139 5718 (7)
2175 5647 2591 5718 Kaxoxtovau
2608 5644 2721 5713 τὴν
2784 5643 3086 5718 Ἰουδαίων
3159 5640 3552 5718 παρανομίαν,

1991 5710 2470 5789 τῶῖθεομάχῳν,
2521 5715 2639 5789 τῷν
2668 5710 3098 5789 αιφιοκτόνωγ.
3127 5782 3135 5789 _
3166 5711 3283 5765 Vet.
3348 5710 3549 5789 vulgat.

1999 5809 2016 5839 ι
2052 5779 2468 5857 Operiiitit,'(ita
2498 5787 2643 5841 enim
2670 5801 2735 5840 ex
2760 5779 2895 5840 inss.
2930 5782 3287 5857 restituimus,
3327 5779 3429 5857 _ubi
3495 5780 3547 5831 in

1991 5850 2152 5919 editis
2202 5850 2459 5931 corrupte
2504 5857 2719 5928 legitur,
2767 5875 2785 5908 ι
2840 5853 3187 5927 operantur»)
3236 5850 3546 5907 Judworutu
