4076 6392
411 366 520 422 819

1243 361 1335 415 ΑΒ
1370 360 1752 416 EPISTOLAS
1788 362 1846 417 S.
1887 359 2143 417 IGNATII
2182 355 2535 414 GENUINAS
2574 352 2940 409 APPENDIX.

3583 347 3692 402 220

481 496 690 542 cateant
720 502 952 556 unquam
977 485 1285 554 spiritualia
1322 487 1594 556 nequitiw,
1631 502 1807 540 verum
1836 485 1992 554 inﬁr-

2163 479 2316 550 δομῇ
2349 476 2721 548 πνευματικῇ
2744 478 2788 509 ³³
2820 476 2952 547 (‘27),
2983 471 3436 544 ἀχειροποιήτῳ,
3468 466 3510 544 ᾖ
3537 486 3689 540 συγσ

478 593 690 634 mentur
712 581 904 632 virtute
941 577 1154 630 Domini
1191 579 1359 630 nostri
1398 575 1527 630 Iesu
1559 576 1779 632 Christi.

2172 577 2515 639 κλύσιιντες
2535 573 2580 604 ³³
2611 571 2722 643 (28)
2755 573 2808 624 οὶ
2838 569 3042 638 ἄνεμοι
3079 566 3177 620 καὶ
3207 569 3260 620 οἱ
3293 566 3546 635 ποταμοὶ
3576 567 3691 618 οὐκ

479 671 754 741 Ζσχυσαν
786 671 980 740 αὐτὴν
1025 672 1386 740 ἀνατρέψαι,
1462 673 1625 727 ἀλλὰ
1662 672 1818 743 μηδὲ
1868 671 2189 741 ἰσχύσειάν
2241 685 2387 723 ποτε
2457 669 2528 722 τὰ
2577 664 2950 736 πνευματικὰ
3020 663 3134 732 τῆς
3198 664 3513 731 πονηρίας,
3549 660 3690 716 ἀλλ’

476 767 955 835 ἑξασθενήονειαν
1017 767 1267 836 δυνάμει
1327 769 1530 837 Ἰησοῦ
1578 769 1838 837 Χριστοῦ
1895 768 2002 822 τοῦ
2063 767 2286 836 Κυρίου
2316 763 2503 835 ἡμῶν.

478 884 519 940 1.
543 885 852 956 Conspecto
884 895 1066 942 vestro
1092 887 1368 956 episcopo,
1392 887 1624 956 cognovi
1653 887 1800 957 quod
1819 902 1928 941 non
1959 903 1990 941 a

407 979 588 1050 seipso
632 996 812 1052 neque
862 997 960 1052 per
1009 982 1262 1035 homines
1309 979 1509 1050 dignus
1543 980 1764 1035 habitus
1793 979 1896 1032 fuit
1935 987 1993 1032 ut

410 1069 713 1140 susciperet
759 1069 1126 1125 ministerium
1181 1069 1250 1124 ad
1298 1085 1646 1124 communem
1703 1069 1988 1123 utilitatem

409 1162 719 1228 pertinens:
755 1177 856 1216 nec
879 1177 976 1232 per
999 1160 1218 1216 inanem
1242 1161 1495 1232 gloriam,
1525 1161 1619 1217 sed
1648 1161 1700 1214 in
1725 1161 1992 1215 charitate

407 1249 536 1307 Iesu
596 1252 837 1319 Christi,
893 1262 948 1308 et
995 1253 1086 1308 Dei
1148 1252 1328 1310 Patris
1375 1253 1470 1323 qui
1532 1253 1816 1308 suscitavit
1864 1267 1990 1307 eum

407 1360 475 1398 ex
505 1343 740 1398 mortuis
763 1343 847 1409 3",
887 1344 1046 1415 cujus
1075 1345 1336 1415 obstupui
1380 1346 1688 1413 modestia;
1725 1345 1820 1414 qui
1852 1345 1990 1398 taci-

410 1448 498 1494 tus
526 1438 649 1508 plus
682 1433 862 1508 potest
895 1453 1060 1507 quam
1090 1437 1184 1507 qui
1215 1438 1374 1508 plura
1407 1437 1731 1507 loquuntur.
1758 1435 1992 1504 Coapta-

407 1538 498 1584 tus
524 1531 672 1584 enim
703 1538 790 1584 est
818 1527 1035 1582 Domini
1067 1529 1366 1594 mandatis,
1398 1539 1452 1583 et
1482 1529 1989 1598 justiﬁcationibus,

411 1626 472 1675 ut
499 1621 718 1675 chordae
749 1621 1011 1688 citharae;
1053 1631 1245 1690 estque
1284 1620 1630 1689 inculpalus,
1666 1636 1774 1674 non
1809 1621 1992 1674 minus

407 1730 573 1784 quam
612 1713 909 1773 Zacharias
964 1716 1226 1771 sacerdos
1256 1715 1322 1770 ³⁸.
1379 1714 1723 1784 Quapropter
1773 1716 1989 1770 beatum

409 1817 603 1865 censet
635 1811 818 1864 anima
851 1825 973 1866 mea
1019 1810 1170 1866 illius
1217 1808 1270 1863 in
1314 1807 1427 1864 Deo
1462 1809 1804 1879 propositum
1828 1851 1844 1873 ,
1898 1808 1990 1878 qui

406 1916 685 1972 cognosco
723 1902 855 1957 illud
905 1902 1206 1957 virtutibus
1258 1910 1515 1957 ornatum
1565 1917 1726 1966 esse,
1779 1917 1844 1956 ac
1872 1917 1994 1971 per-

407 1991 612 2048 fectu
661 2011 675 2048 :
745 1993 893 2049 illius
947 1994 1426 2060 immobilitatem,
1495 2002 1659 2063 atque
1713 1994 1991 2048 lenitatem

407 2083 616 2152 ineque
673 2084 1044 2152 vacuitatem,
1095 2085 1160 2138 in
1209 2085 1360 2139 omni
1411 2085 1833 2140 mansuetudine
1897 2084 1991 2140 Dei

403 2173 661 2229 viventis.

476 2266 544 2320 ll.
596 2266 795 2339 Fugite
846 2268 1062 2340 itaque,
1087 2279 1148 2324 ut
1182 2270 1277 2325 ﬁlii
1312 2270 1453 2327 lucis
1494 2281 1548 2327 et
1585 2272 1874 2337 veritatis,
1904 2288 1994 2326 se-

405 2357 641 2413 ctionem
667 2359 912 2424 unitatis,
935 2370 990 2416 et
1011 2377 1237 2432 pravam
1257 2363 1565 2418 doctrinam
1590 2364 1992 2428 haereticorum,

405 2465 442 2504 a
466 2451 668 2520 quibus
709 2453 934 2523 pollutio
966 2470 1177 2524 egressa
1228 2465 1304 2509 est
1354 2455 1411 2510 in
1455 2471 1663 2509 omnem
1699 2465 1891 2510 terram
1928 2456 1994 2510 ³⁷.

405 2541 512 2598 Ubi
545 2559 676 2599 vero
722 2553 910 2614 pastor
962 2555 1082 2613 est,
1141 2547 1335 2601 eodem
1380 2556 1441 2600 ut
1489 2563 1619 2602 oves
1664 2548 1992 2618 sequamini.

403 2632 561 2688 Multi
589 2634 736 2689 enim
771 2634 886 2705 lupi
918 2635 1214 2692 velleribus
1246 2637 1421 2691 induti
1449 2638 1514 2704 ³⁸,
1554 2653 1649 2694 eos
1677 2639 1772 2708 qui
1803 2639 1856 2693 in
1901 2639 1996 2695 Dei

406 2723 586 2778 stadio
611 2735 861 2791 currunt,
880 2740 977 2794 per
1000 2725 1200 2781 malam
1228 2725 1562 2795 voluptatem
1586 2727 1832 2795 captivos
1853 2743 1999 2782 com-

405 2816 787 2886 prehendunt;
816 2832 1005 2872 verum
1031 2816 1088 2873 in
1115 2827 1300 2874 vestra
1333 2818 1542 2873 unitate
1569 2834 1678 2873 non
1714 2820 1998 2875 habebunt

405 2906 614 2963 locum.

478 2996 566 3052 lll.
599 2999 888 3054 Abstinete
927 3000 1109 3070 itaque
1132 3001 1200 3055 ab
1229 3001 1416 3058 herbis
1445 3002 1648 3070 noxiis,
1679 3019 1817 3074 quas
1837 3003 1996 3060 Jesus

404 3106 517 3146 non
541 3091 791 3156 excolit,
825 3091 920 3146 sed
972 3090 1088 3147 fera
1141 3093 1428 3149 hominum
1473 3095 1850 3152 interfectrix:
1886 3114 1994 3152 non

403 3183 553 3237 enim
609 3192 740 3237 sunt
791 3183 1060 3253 plantatio
1097 3181 1308 3250 Patris,
1359 3186 1456 3241 sed
1510 3203 1697 3243 semen
1747 3190 1990 3259 maligni.

403 3275 525 3331 Non
555 3277 673 3332 baro
698 3277 900 3344 scribo,
934 3277 1082 3348 quod
1113 3279 1256 3348 apud
1289 3295 1387 3334 vos
1427 3280 1728 3336 invenerim
1760 3283 1980 3338 divisio-

329 3353 342 3360 -
403 3385 566 3436 nem;
618 3369 713 3425 sed
747 3370 1052 3440 prmmunio
1084 3379 1317 3437 vos,‘ut
1373 3372 1514 3427 ﬁlios
1560 3372 1676 3427 Dei.
1711 3373 1994 3446 Quotquot

405 3460 552 3514 enim
589 3458 794 3515 Christi
826 3461 1052 3526 sunt,-hi
1084 3469 1213 3515 sunt
1248 3477 1372 3516 cum
1403 3462 1664 3533 episc0po
1694 3482 1706 3517 :
1742 3467 1835 3535 qui
1861 3482 1991 3521 vero

2166 887 2208 938 1.
2239 885 2584 955 Θεασάμενος
2607 881 2760 951 ὑμῶν
2797 880 2887 933 τὸν
2921 879 3236 939 ἐπίσκοπον,
3265 874 3434 942 ἔγνων
3468 872 3576 940 (‘29)
3606 873 3689 923 ὅτι

2094 976 2194 1028 οῦκ
2222 974 2315 1045 ἀφ’
2351 973 2566 1036 ἑαυτοῦ,
2610 972 2731 1024 οὐδὲ
2763 971 2831 1023 δι’
2868 967 3170 1040 ἀνθρώπων
3201 963 3407 1035 ἠξιώοη
3438 963 3534 1034 τὴν
3571 962 3690 1015 δια-

2094 1066 2274 1121 κονίαν
2290 1067 2388 1137 τὴν
2406 1067 2485 1128 εἰς
2505 1064 2565 1117 τὸ
2593 1061 2768 1117 κοινὸν
2786 1063 3089 1133 ἀνήκουσαν
3108 1055 3513 1128 ἐγχειρισθῆναι
3533 1093 3547 1116 ,
3569 1051 3692 1106 ούδὲ

2093 1160 2236 1214 κατὰ
2265 1157 2570 1222 κενοδοξίαν
2590 1196 2604 1219 ,
2636 1156 2750 1210 ἀλλ’
2772 1157 2828 1209 ἐν
2876 1155 3065 1225 ἀγάπῃ
3105 1150 3280 1223 Ἰησοῦ
3307 1146 3563 1220 Χριστοῦ,
3594 1147 3694 1201 καῖ

2089 1249 2227 1306 Θεοῦ
2263 1251 2474 1322 Πατρὸς
2493 1247 2602 1318 (50)
2620 1248 2714 1302 τοῦ
2749 1247 3061 1318 ἐγείραντος
3084 1244 3243 1298 αὑτὸν
3281 1245 3344 1295 ὲκ
3366 1240 3593 1311 νεκρῶν.
3615 1227 3695 1291 0³5

2092 1341 2555 1414 καταπέπληγμαι
2580 1340 2675 1411 τὴν
2692 1339 3009 1392 ἐπιείκειανε
3029 1337 3086 1400 ὃς
3104 1336 3270 1405 σιγῶν
3290 1334 3448 1387 πλέον
3471 1333 3696 1385 δύναται

2091 1431 2198 1486 τῶν
2227 1431 2387 1485 πλέον
2408 1431 2710 1485 λαλούντων
2729 1430 3253 1502 (51).Συνήρμοσται
3270 1425 3378 1497 γὰρ
3409 1427 3524 1487 ταῖς
3542 1425 3690 1476 ἐντο-

2091 1524 2208 1588 λαῖς
2222 1524 2446 1596 Κυρίου,
2460 1524 2553 1577 καὶ
2569 1527 2678 1587 τοῖς
2693 1520 3071 1592 δικαιώμασιν,
3091 1521 3166 1582 ὡς
3181 1518 3368 1592 χορδαὶ
3385 1519 3448 1587 τῇ
3468 1516 3688 1586 κιθάρᾳ·

2092 1618 2185 1670 κα)¹
2215 1617 2362 1670 ἐστιν
2386 1618 2692 1688 ἄμεμπτος,
2717 1616 2817 1685 οὐχ
2837 1609 2999 1686 ἦττον
3036 1611 3306 1683 Ζαχαρίου
3349 1608 3441 1662 τοῦ
3475 1608 3691 1680 ἱερέως.

2091 1710 2183 1762 Διὸ
2213 1708 2504 1782 μακαρίζει
2551 1727 2651 1780 μου
2684 1709 2717 1778 ἡ
2756 1707 2903 1778 ψυχὴ
2937 1705 3034 1776 τὴν
3072 1707 3151 1767 εἰς
3185 1702 3316 1756 Θεὸν
3354 1701 3520 1754 αὐτοῦ
3552 1698 3695 1769 γνώ-

2096 1821 2201 1874 μην
2241 1804 2320 1866 ³⁸,
2379 1803 2636 1871 ἐπιγνοὺς
2695 1801 2946 1873 ἐνάρετον
2995 1799 3089 1852 καὶ
3134 1796 3343 1850 τελείαν
3390 1791 3587 1848 οὖσανο
3633 1791 3694 1844 τῦ

2092 1894 2348 1965 ἀκίνητον
2378 1893 2567 1958 αὐτοῦ,
2601 1893 2697 1946 καὶ
2724 1893 2784 1946 τὸ
2814 1893 3083 1964 ἀόργητον
3133 1891 3190 1943 ὲν
3228 1887 3380 1960 πάσῃ
3421 1883 3697 1956 ἐπιεικείᾳ

2093 1985 2230 2039 Θεοῦ
2261 1986 2482 2050 ζῶντος.

2167 2281 2238 2334 Il.
2281 2281 2368 2344 Ὡς
2410 2280 2576 2334 τέκνα
2615 2269 2708 2334 οῦι
2756 2281 2967 2352 φωτὸς,
2998 2278 3291 2350 ἀληθείας,
3336 2276 3568 2346 φεύγετε
3604 2272 3696 2326 τὸν

2099 2372 2367 2443 μερισμὸν
2411 2373 2510 2444 τῆς
2541 2373 2796 2443 ἑνότητος
2839 2373 2975 2444 (5⁸2),
3021 2372 3115 2425 καὶ
3159 2370 3256 2441 τὴν
3296 2366 3696 2423 κακοδιδασκα-

2096 2461 2217 2517 λίαν
2260 2462 2371 2534 (55)
2421 2462 2530 2517 τῶν
2582 2461 2920 2534 αἱρεσιωτῶν
2952 2461 3097 2532 (54),
3143 2459 3202 2526 ἐξ
3253 2452 3328 2512 ὧν
3375 2453 3696 2527 μολυσμὸς

2095 2554 2356 2623 ἐξῆλθεν
2385 2557 2474 2620 εὶς
2520 2553 2728 2608 πᾶσαν
2778 2553 2893 2622 τὴν
2922 2552 3058 2622 γῆν.
3096 2552 3270 2605 Ὅπου
3315 2549 3371 2601 δὲ
3413 2549 3444 2600 ὅ
3486 2547 3693 2615 ποιμήν

2097 2649 2266 2712 ἐστιν,
2285 2646 2499 2710 ἐκείὡς
2531 2646 2779 2717 πρόϐατα
2800 2645 3162 2700 ἀκολουθεῖτε.
3186 2641 3382 2696 Πολλοὶ
3404 2640 3513 2711 γὰρ
3541 2638 3697 2691 λύκοι

2096 2737 2312 2800 κωδίοις
2354 2739 2760 2809 ἠμφιεσμένοι,
2821 2738 2980 2808 ἡδονῇ
3041 2739 3183 2808 κακῇ
3235 2729 3696 2804 αἰχμαλωτίζουσι

2097 2827 2224 2890 τοὺς
2262 2826 2594 2897 θεοδρόμους
2614 2845 2626 2856 ·
2661 2827 2776 2881 ἀλλ’
2801 2829 2858 2881 ὲν
2885 2829 2950 2898 τῇ
2976 2826 3188 2896 ἐνότητι
3205 2821 3360 2894 ὑμῶν
3384 2821 3483 2891 οὐχ
3513 2818 3697 2883 ἕξουσι

2098 2919 2157 2972 τό
2165 2937 2287 2974 πον.

2167 3012 2258 3066 IlI.
2299 3005 2594 3083 Ἀπέχεσθε
2620 3005 2712 3065 οῦν
2741 3011 2850 3066 τῶν
2878 3009 3064 3064 κακῶν
3103 3006 3341 3080 βοτανῶν
3365 3005 3498 3075 (55),
3542 3004 3698 3057 ἄστι-

2095 3124 2192 3170 νας
2250 3107 2456 3178 Ἰησοῦς
2504 3107 2740 3179 Χριστὸς
2784 3107 2844 3158 ού
2906 3106 3174 3175 γεωργεῖ,
3233 3100 3345 3153 ἁλλ’
3393 3100 3420 3151 ὁ
3479 3097 3695 3167 ἀνθρω-

2097 3200 2358 3262 ποκτόνος
2390 3198 2514 3271 θὴρ,
2542 3199 2633 3253 διὰ
2665 3199 2725 3252 τὸ
2771 3198 2846 3269 μὴ
2889 3192 3028 3250 εἶναι
3069 3193 3299 3256 αὑτὰςδθ
3331 3189 3555 3262 φυτείαν
3585 3189 3699 3240 Πα-

2097 3289 2244 3361 τρὸς,
2273 3289 2410 3343 ἀλλὰ
2451 3290 2675 3362 σπέρμα
2716 3288 2811 3342 τοῦ
2852 3286 3114 3359 πονηροῦ.
3150 3285 3262 3355 Οὐχ
3289 3285 3371 3336 ὅτι
3407 3282 3535 3352 παρ’
3566 3281 3698 3350 ὑμῖν

2099 3383 2366 3455 μερισμὸν
2404 3375 2651 3453 εῦρονθο,
2695 3381 2868 3436 ταῦτα
2902 3379 3130 3449 γράφω·
3177 3376 3314 3430 ἀλλὰ
3357 3371 3699 3446 προασιραλί-

2095 3475 2258 3545 ζομαι
2291 3475 2435 3544 ὑμᾶς
2458 3473 2534 3536 ὡς
2561 3473 2724 3526 τέκνα
2752 3471 2886 3525 Θεοῦ
2914 3470 3044 3541 (56).
3075 3470 3233 3521 Ὅσοι
3256 3467 3363 3537 γὰρ
3391 3463 3627 3535 Χριστοῦ
3649 3463 3694 3495 δι

405 3553 476 3608 ab
499 3553 593 3608 illo
619 3552 917 3616 declinant,
953 3561 1008 3606 et
1037 3567 1164 3606 cum
1196 3553 1507 3609 maledictis
1538 3558 1985 3614 communionem

2104 3568 2230 3619 εἰσιν
2251 3566 2384 3639 (57),
2413 3559 2561 3618 οῦτοι
2596 3565 2734 3635 μετὰ
2757 3562 2850 3616 τοῦ
2880 3561 3184 3614 ἐπισκόπου
3215 3559 3351 3612 εἰσίν
3372 3575 3385 3587 ·
3414 3559 3528 3610 ὅσοι
3554 3556 3598 3607 δ’
3629 3553 3700 3608 ἂν

406 3644 847 3714 amplectuntur,
884 3643 940 3696 hi
979 3658 1106 3698 cum
1155 3643 1266 3700 illis
1309 3645 1665 3716 excidentur;
1700 3666 1804 3707 nec
1845 3654 1993 3709 enim

404 3735 612 3792 Christi
661 3735 995 3805 agricultura
1028 3744 1196 3800 sunt,
1233 3737 1329 3791 sed
1375 3737 1580 3792 diaboli
1628 3746 1926 3814 sementis;
1961 3765 1993 3803 a

406 3843 518 3900 quo
544 3829 816 3883 eruamini
845 3842 1063 3897 semper
1105 3821 1364 3898 precibus
1410 3831 1715 3888 ﬁdelissimi
1752 3847 1805 3890 et
1837 3855 1992 3893 man-

409 3919 711 3976 suetissimi
762 3921 1001 3990 pastoris
1038 3919 1130 3990 qui
1162 3920 1322 3975 vobis
1362 3923 1618 3990 praesidet
1646 3925 1712 3978 “.
1760 3924 2001 3985 Obsecro

2102 3656 2422 3710 ὲκκλίνωσιν
2447 3656 2633 3722 αὐτοῦ,
2651 3648 2751 3708 καῖ’
2769 3655 2864 3726 τὴν
2880 3653 3167 3706 κοινωνίαν
3185 3651 3538 3705 ἀσπάσωνται
3560 3647 3702 3717 μετὰ

2102 3747 2209 3802 τῶν
2235 3748 2655 3821 κατηραμένων,
2678 3740 2823 3802 οῦτοι
2847 3749 2944 3800 σὺν
2972 3747 3152 3808 αὐτοῖς
3179 3747 3575 3816 ἐκκοπήσονται
3597 3761 3608 3772 ·
3637 3743 3700 3795 ού

2101 3842 2208 3913 γάρ
2230 3845 2335 3895 εἰσι
2364 3841 2632 3914 γεώργιον
2649 3839 2910 3912 Χριστοῦ,
2928 3839 3042 3892 ἀλλ’
3063 3837 3172 3909 (58)
3190 3837 3384 3908 ἐχθροῦ
3406 3837 3584 3906 σπορὰ
3602 3851 3614 3864 '
3637 3827 3700 3887 οὗ

2114 3931 2401 4003 ῥυσοείητε
2431 3932 2663 3984 πάντοτε
2694 3930 2882 4000 εὐχαῖς
2915 3927 3008 3981 τοῦ
3041 3924 3513 4000 προκαθεζομένου
3544 3923 3703 3995 ὑμῶν

477 4109 522 4186 ξ’
549 4125 662 4164 ms.
702 4109 1063 4186 οίκοδομήσας
1121 4108 1408 4186 πνεύματιἶ
1481 4111 1524 4142 ³⁸
1549 4109 1620 4163 al.
1674 4110 1998 4186 συγκλήσανί

2176 4116 2221 4147 ⁸⁵
2253 4116 2368 4170 Gal.
2418 4117 2538 4181 1,1.
2611 4116 2655 4154 ³⁵
2687 4115 2820 4170 Luc.
2878 4131 2918 4186 ι,
2971 4114 3146 4186 6.Π³⁶
3183 4131 3286 4170 ms.
3331 4113 3552 4186 ἀγάπην
3605 4114 3703 4168 καὶ

405 4178 653 4304 amb-pm.
731 4178 996 4260 πέει-θῶ.
1030 4193 1188 4240 xxnl,
1233 4178 1333 4238 t5:
1369 4179 1550 4233 Const.
1584 4196 1671 4248 ap.
1717 4197 1790 4248 vi,
1819 4178 1879 4236 5.
1949 4185 1992 4215 ³⁸

451 4267 543 4304 εου
571 4251 830 4304 Χοιστου.
907 4247 951 4280 ’⁵³
985 4249 1022 4302 l.
1049 4249 1230 4304 Const.
1273 4265 1359 4304 av.
1385 4266 1462 4304 vi.
1495 4251 1583 4304 18.

2108 4186 2206 4242 tth.
2249 4204 2346 4256 vn,
2376 4178 2462 4243 i5.

451 4247 543 4304 εοῦ
571 4247 830 4321 Χριστοῦ.
907 4247 951 4280 ’⁵³
985 4249 1022 4302 l.
1049 4249 1230 4304 Const.
1273 4265 1359 4317 ap.
1385 4266 1462 4316 vl,
1495 4251 1583 4305 18.

481 4415 599 4493 (27)
641 4415 1368 4493 οἰκοδομῇσινιειξμιιτιφιῇἷ
1413 4415 1488 4471 Ita
1529 4433 1594 4471 ex
1625 4421 1814 4475 codice
1848 4419 2000 4493 Nyil-

410 4487 715 4571 pruceiano
772 4489 1157 4588 reddidimus:
1209 4487 1694 4588 nihiRAugustanus
1743 4487 2000 4564 οἰκοδομῇ
2041 4534 2084 4588 D

410 4574 679 4588 ..ιρι-..ηρι
765 4568 813 4588 Α.
916 4575 986 4588 nn:-
1021 4573 1157 4588 Iun-In
1205 4575 1232 4588 Α
1259 4575 1320 4588 ut.
1355 4560 1492 4588 an}...
1538 4561 1804 4588 —..-.'....._.
1855 4565 1976 4588 ,ιυιιέ

410 4557 720 4630 πνεύματι,
765 4568 818 4612 et
860 4559 1160 4612 Maestraeus
1205 4559 1808 4630 οἰκοδομὴννπνεύματι
1852 4557 2008 4617 exiti;

411 4627 592 4682 bebat.
628 4627 825 4700 Noster
843 4645 971 4684 vero
1004 4630 1292 4700 interpres,
1317 4627 1520 4683 «sancti
1543 4627 1780 4700 Spiritus
1801 4634 2002 4700 ipsius»

435 4707 596 4772 uteist
624 4699 678 4772 i_n
703 4698 1169 4772 Cantabrigiensi)
1195 4699 1299 4763 vel,
1331 4711 1551 4772 «sancto
1575 4698 1746 4770 ipsius
1765 4698 2003 4772 Spiritui

412 4703 596 4836 futest
625 4703 678 4752 in
703 4703 1169 4769 Cantabrigiensi)
1195 4703 1299 4763 vel,
1331 4711 1551 4753 «sancto
1575 4704 1746 4770 ipsius
1765 4703 2003 4772 Spiritm

439 4778 501 4842 ut
536 4771 590 4822 in
621 4769 682 4823 D.
717 4769 1041 4825 Montacutii
1075 4780 1160 4842 est
1179 4769 1520 4839 exemplari)
1557 4773 1643 4826 hic
1669 4774 1794 4842 legit
1822 4791 1834 4825 :
1879 4774 2010 4827 reli-

412 4840 539 4908 quis
574 4841 866 4911 superﬂuis
897 4841 1142 4907 omissis,
1182 4855 1306 4910 quae
1330 4852 1639 4911 sequuntur
1671 4840 1742 4897 in_
1763 4843 1864 4897 hac
1887 4845 2011 4896 ἐπι-

411 4913 619 4981 γραφῇ.
643 4913 839 4966 Ussnn.

484 4982 1118 5055 ζῖψΣυγνιλύσαντι-ςςι
1133 4982 1226 5037 Sic
1241 4982 1686 5055 -Nydpruccian.,
1707 4994 1876 5049 recte,
1908 5001 2009 5055 pro

414 5052 845 5125 συγκλῄσαντες,
879 5053 1024 5122 quod
1054 5054 1180 5107 alibi
1231 5052 1447 5125 legitur.
1484 5055 1641 5107 EDIT.
1671 5055 1912 5110 ΡΑτιιοι.

487 5123 894 5195 (2ξ))⁷“ξΕγγων-.
930 5127 1232 5195 Augustali.
1263 5123 1540 5195 corrupte,
1573 5126 1756 5193 ἄγνον.
1809 5125 2008 5180 Ussnn.

487 5193 604 5264 (50)
649 5193 852 5266 Ἱησρῦ
881 5193 1169 5266 Χριστοῦ,
1196 5196 1313 5266 και
1346 5193 1494 5248 Θεοῦ
1539 5198 1792 5266 Πατρός·1
1818 5196 2009 5266 Angli-

415 5277 564 5328 can.,
586 5263 622 5315 ι
655 5263 746 5316 Dei
771 5263 953 5318 Patris
975 5273 1028 5317 et
1049 5263 1264 5317 Domini
1293 5265 1420 5320 Jesu
1448 5265 1675 5321 Christi.
1710 5286 1728 5318 ι
1774 5265 1852 5317 Ιο-

489 5334 605 5458 (511)
649 5334 996 5458 Τῶνιότιλέον
1021 5337 1399 5390 λαλούντων.
1436 5337 1488 5389 In
1522 5377 1537 5402 ,
1577 5356 1595 5386 ι
1624 5337 1730 5402 Qui
1760 5352 1900 5390 vana
1931 5337 2013 5390 10-

497 5421 565 5458 un
599 5421 683 5458 ur.
718 5424 736 5456 ›
825 5440 842 5458 .

415 5415 683 5474 quuntur.
718 5424 736 5456 ι
766 5415 842 5458 In.

488 5475 603 5546 (52)
647 5475 981 5548 ξᾼληθείας,
1011 5478 1260 5548 φεύγετε
1289 5477 1398 5531 τὸν
1421 5477 1718 5547 μερισμὸν
1741 5477 1852 5546 τῆς
1882 5478 2015 5531 ἑνό-

416 5559 616 5620 εητοςμ.
634 5545 792 5620 idem
819 5545 1082 5620 ἀληθείας
1104 5545 1157 5601 et
1186 5545 1450 5620 μερισμόν
1470 5545 1780 5620 reonjiungit,
1807 5549 2011 5603 omissa

420 5614 511 5688 illa
543 5617 823 5671 additione
855 5614 954 5688 τῆς
999 5614 1271 5688 ἐνότητόςζ
1308 5639 1326 5668 ι
1354 5614 1614 5673 Veritatis
1646 5614 1814 5688 fugite
1844 5620 2013 5687 parti,-

421 5687 681 5758 tionem,»
703 5688 795 5742 ubi
825 5697 879 5741 et
912 5687 1108 5742 Clossa
1145 5687 1258 5743 haec
1279 5691 1570 5758 apponitur
1598 5705 1610 5740 ς
1645 5707 1662 5737 ι
1701 5687 1850 5742 Licet
1872 5690 2012 5742 veri-

423 5762 519 5810 tas
544 5757 618 5810 sit
653 5757 1028 5826 impartibilis,
1056 5766 1238 5812 tamen
1256 5757 1376 5812 eam
1406 5760 1658 5814 videntur
1681 5759 1892 5828 partiri,
1915 5760 2009 5828 qui

427 5835 608 5884 sectas
663 5827 843 5885 varias
877 5829 1277 5886 adinvenerunt
1308 5830 1392 5886 vet
1442 5827 1826 5900 sequuntur.)
1870 5827 1951 5889 to;
2005 5865 2010 5879 .

2542 4188 2584 4220 ³³
2617 4189 2688 4242 al.
2727 4185 2941 4250 αὐτούς.
2981 4185 2984 4186 ⁷
3039 4185 3085 4217 ⁸⁸
3119 4186 3190 4241 al.
3229 4185 3424 4258 εὑρών.
3511 4185 3552 4216 ’⁵⁸
3589 4201 3698 4239 ms.

2184 4423 2299 4492 (55)
2329 4419 3047 4492 Τὴνγκακοδιδοισκαλιάν.
3076 4419 3163 4492 Ita
3178 4418 3394 4492 codices
3414 4416 3701 4492 Nydpr‘uc-

2109 4488 2404 4559 cia'n.,'non
2423 4491 2521 4560 τῆς
2549 4489 3056 4552 κακοδιδασκαλίας,
3079 4500 3136 4543 ιιι
3154 4490 3205 4542 in
3226 4488 3700 4558 Angnslano.An.~

2113 4565 2336 4633 glican.,
2364 4560 3114 4633 «malasidoctrinasJVetus
3143 4560 3427 4633 vulgatus:
3465 4561 3697 4633 «malam

2113 4629 2440 4694 doctrinam,
2482 4649 2503 4683 ι
2559 4632 2684 4684 licet
2730 4632 2783 4684 in
2836 4631 3240 4699 Magdalenensi
3291 4641 3344 4684 et
3397 4629 3698 4684 l’etaviano

2114 4719 2219 4758 ms.
2255 4705 2470 4772 legatur
2499 4702 2663 4754 etiam
2695 4719 2709 4754 :
2741 4720 2758 4750 ‹
2782 4703 2946 4772 mala;
2972 4702 3254 4772 doctrinae.
3293 4720 3310 4752 ι
3346 4700 3423 4760 Ιι),

2184 4769 2461 4896 (SigiTciir
2488 4770 2869 4840 αἱρεσιωτῶν.
2903 4769 3028 4824 Vid.
3055 4771 3471 4841 Prolegomena,
3496 4771 3551 4824 in
3579 4769 3696 4827 tino

2184 4861 2238 4896 ι).
2344 4882 2356 4894 .
2411 4855 2466 4894 ι).

2115 4860 2238 4899 031).
2269 4855 2294 4893 1
2307 4855 2330 4896 1
2344 4882 2356 4894 .
2388 4855 2466 4894 ID.

2184 4861 2630 4983 ῗ5ὕῖιίῖῦέλνῶν.
2675 4913 2986 4976 Anglican.,
3039 4931 3056 4963 ι
3086 4912 3294 4975 herbis,
3327 4930 3344 4962 ι
3382 4926 3489 4966 non
3521 4913 3694 4981 (utin

2111 4992 2219 5104 fet.
2269 4985 2474 5052 vulgat.
2515 4999 2610 5052 per
2645 4997 2886 5039 errorem
2930 4984 3196 5052 scriptum
3227 4992 3342 5052 est)
3386 5001 3404 5033 ι
3432 4985 3632 5038 verbis.
3673 5003 3695 5034 ι

2137 5068 2188 5104 ι)-.

2137 5068 2188 5106 ι)-.

2185 5125 2300 5192 (56)
2346 5125 2555 5194 κ’Ᾱλλὰ
2607 5122 3120 5194 προησφαλίζομαι
3179 5122 3337 5193 ὑμᾶς
3392 5124 3473 5189 ὡς
3519 5121 3704 5178 τέκνα

2116 5196 2285 5249 Θεοῦ.
2315 5193 2429 5249 Vet.
2458 5196 2686 5264 vulgat.,
2709 5213 2726 5244 ι
2747 5199 2837 5248 sed
2866 5193 3116 5250 muniens
3139 5211 3237 5248 vos
3267 5206 3324 5248 nt
3350 5195 3489 5249 lilios
3522 5194 3635 5248 Dei.
3671 5215 3691 5246 ι

2113 5266 2422 5336 Anglican.,
2458 5284 2476 5314 ‹
2509 5267 2603 5320 sed
2636 5265 3086 5336 abstractiouem,
3116 5287 3133 5316 ι
3161 5265 3584 5336 ουιιεὶνγιιιοιτιθι(
3612 5266 3701 5316 in-

2113 5334 2234 5406 quit
2263 5338 2350 5390 hic
2365 5335 2582 5405 Glossa)
2610 5355 2632 5390 :r
2654 5356 2670 5386 ι
2691 5334 2809 5388 Non
2835 5336 2954 5388 ideo
2973 5352 3167 5389 moneo
3185 5352 3283 5388 vos
3315 5335 3501 5403 fugere
3526 5336 3702 5406 parti-

2115 5405 2344 5472 tionem,
2378 5408 2538 5476 quasi
2566 5407 2867 5460 invenerim
2901 5421 3021 5460 eam
3055 5409 3196 5475 apud
3229 5421 3360 5469 vos;
3394 5407 3484 5458 sed
3517 5405 3703 5474 potius

2116 5478 2296 5532 inveni
2325 5477 2470 5547 apud
2503 5493 2600 5547 vos
2635 5492 2667 5530 a
2694 5478 3069 5532 materialibus
3103 5486 3157 5530 et
3189 5476 3535 5546 partibilibus
3573 5476 3704 5528 abs-

2115 5546 2463 5602 tractionem.
2501 5566 2519 5598 ι
2553 5546 2626 5600 Ιι).

2187 5619 2300 5688 (57)
2327 5619 2498 5671 Ὅσοι
2527 5618 2638 5687 γὰρ
2655 5619 2915 5686 Χριστοῦ
2932 5621 3110 5671 εἰσιν.
3134 5617 3448 5687 Anglican.,
3485 5635 3502 5668 ι
3529 5614 3702 5681 Quot-

2115 5701 2248 5759 quot
2281 5689 2425 5759 enim
2463 5688 2552 5742 Dei
2583 5701 2716 5759 smit
2739 5698 2792 5743 et
2818 5688 2946 5743 Jesu
2969 5688 3197 5742 Christi.
3235 5706 3257 5759 ξ
3289 5697 3362 5739 ιο.

2191 5760 2304 5832 (58)
2348 5758 2532 5816 Ἀλλ’.
2565 5757 2872 5831 Augustan.
2901 5760 3018 5828 ἀπ’,
3052 5759 3211 5815 male.
3243 5757 3318 5811 ln-
