4076 6412
449 349 556 404 8'37

1191 365 1194 368 ’
1230 367 1323 421 AD
1371 367 1756 424 EPISTOLAS
1793 371 1850 424 S.
1892 369 2153 426 IGNATII
2191 371 2546 427 CENUINAS
2581 371 2947 428 APPENDEX.

3621 377 3730 434 εεε

447 498 680 555 scores,
710 485 961 552 Christo,
997 486 1140 542 sicut
1184 489 1442 544 Christus
1495 489 1670 556 Patri;
1714 501 1768 545 et
1809 492 1913 546 hac
1944 509 2016 545 ra-

2135 511 2316 547 τωσαν
2355 493 2432 564 τῷ
2478 493 2719 566 Καίσαρι
2741 512 2754 525 ·
2784 497 2834 547 οἱ
2867 494 3230 566 στρατιῶται,
3276 496 3388 560 τοῖς
3429 495 3692 568 ἄρχουσιν
3720 523 3728 530 ·

450 577 597 630 tione
619 594 714 646 per
736 579 920 633 omnia
947 591 1306 634 conservatur
1329 582 1512 637 unitas
1530 583 1596 637 ⁷ο.
1629 581 1749 636 Sint
1774 585 1816 614 ⁷¹
1848 593 2031 638 autem

451 667 627 722 viduae
669 685 777 722 non
816 687 996 739 vagae,
1031 687 1140 725 non
1188 673 1392 742 gulosa:
1417 715 1430 737 ,
1470 689 1580 727 non
1624 673 2034 729 circumcursa-

445 760 650 823 trices;
687 762 780 815 sed
816 773 873 815 ut
902 762 1128 817 Juditha
1159 765 1248 818 illa
1274 764 1669 820 honestissima
1693 767 1760 829 ⁷⁵,
1795 775 1854 819 ιιι
1875 767 2030 822 Anna

445 847 536 902 illa
577 853 1076 919 temperantissima
1100 855 1167 907 ⁷⁵.
1207 853 1330 909 Haec
1360 871 1466 908 non
1498 865 1558 909 ut
1583 857 1868 926 apostolus
1892 872 2030 926 pra:-

444 943 618 1013 cipio;
663 945 778 1014 quis
830 947 976 999 enim
1012 964 1129 1000 sum
1175 964 1298 1017 ego,
1341 957 1436 1000 aut
1475 965 1592 1019 qum
1631 949 1820 1004 domus
1861 950 2030 1018 patris

444 1038 654 1099 mei",
709 1045 768 1091 ut
809 1053 994 1106 parem
1048 1054 1135 1092 me
1195 1040 1302 1094 illis
1346 1041 1562 1094 dicam?
1612 1043 1705 1094 sed
1765 1050 2029 1107 tanquam

442 1128 733 1181 commilito
763 1137 940 1182 vester
959 1130 1024 1192 ⁷⁸,
1061 1129 1238 1184 olﬁcio
1269 1133 1692 1186 succlamatoris
1722 1133 1976 1203 fungens.

2139 585 2187 635 οἱ
2216 583 2473 648 διάκονοι,
2508 586 2619 645 τοῖς
2646 583 3035 653 πρεσϐυτέροις
3063 585 3410 655 ἀρχιερεῦσιν
3433 587 3475 617 ⁸⁸³
3501 585 3612 661 (66)
3631 605 3642 616 ·
3675 589 3725 641 οε

2140 673 2526 746 πρεσϐύτεροι,
2558 677 2653 728 καὶ
2683 677 2731 727 οἱ
2760 675 3034 738 διάκονοι,
3083 678 3179 728 καὶ
3209 679 3237 728 6
3266 676 3452 740 λοιπὸς
3500 678 3722 749 κλῆρος,

2140 766 2254 835 ἄμα
2306 767 2469 818 παντὶ
2513 765 2589 835 τῷ
2637 765 2750 835 λαῷ
2781 767 2874 818 καὶ
2917 770 3028 829 τοῖς
3068 766 3428 836 στρατιώταις
3469 769 3563 820 καὶ
3610 771 3724 832 τοῖς

2136 858 2363 929 ἄρχουσι
2392 858 2487 909 καὶ
2515 857 2591 926 τῷ
2621 856 2882 928 Καίσαρι,
2909 856 2985 926 τῷ
3015 858 3332 928 ἐπισκόπῳ·
3355 860 3384 910 6
3407 855 3721 921 ἐπίσκοπος.

2136 949 2213 1020 τῷ
2242 949 2492 1020 Χριστῷ,
2524 949 2600 1012 ὡς
2631 949 2658 1001 ὁ
2691 949 2925 1020 Χριστὸς
2955 948 3032 1018 τῷ
3082 950 3276 1020 Πατρί.
3310 949 3421 1002 Καὶ
3461 948 3632 1012 οὕτως
3685 950 3720 1018 ὴ

2135 1041 2323 1110 ἑνότης
2381 1040 2469 1095 διὰ
2516 1040 2734 1093 πάντων
2787 1039 3041 1102 σώζεται.
3080 1040 3365 1091 Ἔστωσαν
3409 1039 3465 1091 δὲ
3514 1039 3609 1092 καὶ
3661 1040 3720 1090 αἱ

2137 1132 2302 1204 χῆραι
2339 1131 2462 1202 (67)
2521 1131 2592 1202 μὴ
2637 1130 2872 1201 ῥεμϐαὶ,
2934 1130 3006 1200 μὴ
3046 1130 3312 1200 λίχναι⁷²,
3349 1131 3422 1200 μὴ
3468 1147 3726 1202 περιτρο-

439 1222 604 1291 χάδες
623 1239 636 1252 ·
672 1223 787 1277 ἀλλ’
815 1224 890 1287 ὡς
930 1224 1118 1278 Ἰουδὶθ
1143 1226 1188 1256 ⁷³
1221 1227 1254 1296 ἡ
1286 1227 1615 1298 σεμνοτάτη,
1647 1228 1723 1290 ὡς
1750 1230 1782 1297 ή
1813 1229 1983 1280 Ἀννα
2027 1237 2058 1306 ἡ
2114 1225 2554 1298 σωφρονεστάτη.
2586 1225 2770 1278 Ταῦτα
2796 1225 2902 1295 οὐχ·
2918 1224 2994 1287 ὡς
3024 1223 3318 1286 ἀπόστολος
3367 1222 3477 1294 (68)
3503 1223 3727 1294 διατάσ-

441 1331 640 1387 σομαι·
694 1319 786 1384 τίς
833 1319 942 1391 γάρ
984 1322 1101 1389 εἰμι
1151 1321 1300 1390 ἐγώ;
1335 1322 1374 1390 ἢ
1412 1324 1504 1389 τίς
1544 1326 1578 1377 ό
1635 1321 1800 1390 οἶκος
1858 1325 1964 1378 τοῦ
2024 1325 2248 1392 πατρός
2306 1341 2460 1393 μου,
2517 1324 2604 1376 ἵνα
2655 1323 2895 1392 ἰσότιμον
2938 1320 3173 1391 ἐμαυτὸν
3193 1321 3234 1350 ⁷⁷
3277 1319 3499 1372 ἐκείνων
3541 1319 3716 1386 sine);

438 1409 554 1462 ἀλλ’
579 1411 655 1474 ὡς
684 1413 1134 1482 συστρατιώτης
1157 1415 1332 1486 ὑμῶν,
1357 1418 1717 1488 ὑποφωνητοῦ
1749 1419 1857 1489 (69)
1878 1418 2033 1483 τάξιν
2070 1420 2300 1490 ἐπέχων.

510 1503 577 1560 ν.
607 1505 826 1562 Fratres
869 1510 1016 1574 mei,
1059 1511 1216 1566 valde
1251 1512 1458 1568 eﬂ'usus
1521 1530 1643 1569 sum
1688 1515 1740 1568 in
1783 1531 2016 1569 amorem

2204 1514 2263 1568 V.
2314 1513 2554 1583 Ἀδελφοί
2591 1531 2690 1585 μου
2715 1554 2729 1577 ,
2766 1512 2884 1564 λίαν
2918 1511 3222 1581 ἐκκέχυμαι
3271 1506 3500 1576 ἀγαπῶν
3545 1505 3714 1577 ὑμᾶς,

439 1601 640 1665 vestri;
673 1610 727 1654 et
760 1617 926 1671 supra
957 1607 1181 1657 modum
1210 1608 1514 1672 exsultans,
1552 1615 1700 1661 tutos
1727 1616 2031 1677 cautosque

437 1707 539 1748 vos
569 1693 758 1749 reddo.
790 1693 908 1749 Non
953 1712 1055 1766 ego
1094 1705 1314 1763 autem;
1363 1699 1456 1752 sed
1493 1713 1590 1767 per
1637 1716 1725 1752 me
1760 1699 2028 1753 Dominus

436 1784 633 1852 Jesus,
665 1787 719 1841 in
751 1805 860 1857 quo
889 1789 1125 1852 vinctus,
1155 1791 1279 1858 plus
1304 1790 1496 1844 timeo.
1526 1789 1722 1844 Adhuc
1752 1791 1896 1845 enim
1922 1791 2025 1845 im-

435 1878 710 1947 perfectus
746 1895 866 1933 sum
893 1900 904 1933 :
951 1882 1044 1934 sed
1079 1883 1321 1950 precatio
1349 1891 1528 1936 vestra
1559 1883 1703 1951 apud
1735 1881 1905 1937 Deum
1938 1896 2025 1937 me

434 1973 711 2041 perticiet,
751 1982 810 2028 ut
851 1975 902 2028 id
939 1975 1217 2030 obtineam
1275 1978 1343 2032 ad
1388 1977 1538 2047 quod
1590 1987 1817 2034 vocatus
1863 1995 2019 2046 sum;

433 2063 756 2134 confugiens
800 2068 868 2121 ad
924 2066 1312 2137 Evangelium,
1371 2077 1631 2139 tanquam
1681 2071 1749 2125 ad
1796 2087 2018 2126 carnem

430 2154 560 2211 Iesu
614 2157 857 2225 Christi;
895 2168 948 2214 et
991 2161 1059 2214 ad
1108 2161 1419 2230 apostolos,
1447 2162 1598 2216 velut
1641 2162 1711 2217 ad
1762 2162 2020 2219 Ecclesia:

430 2249 855 2320 presbyterium.
883 2251 1186 2322 Prophetas
1206 2254 1379 2329 “etiam
1406 2255 1595 2324 diligo,
1629 2263 1691 2308 ut
1723 2256 1816 2326 qui
1853 2256 2019 2310 Chri~

431 2347 576 2393 stum
607 2343 1028 2410 annuntiarint,
1069 2351 1129 2397 ut
1155 2344 1249 2413 qui
1283 2344 1531 2413 ejusdem
1570 2344 1811 2415 Spiritus
1848 2349 2020 2416 parti-

428 2430 579 2500 cipes
599 2432 818 2495 fuerint,
839 2434 1001 2498 cujus
1024 2443 1078 2488 et
1103 2435 1355 2504 apostoli.
1372 2435 1848 2501 Quemadmodum
1867 2439 2015 2493 enim

426 2524 918 2594 pseudOprophetze
968 2535 1022 2582 et
1052 2528 1518 2596 pseudoapostoli,
1557 2545 1726 2583 unum
1776 2539 1829 2584 et
1859 2546 2017 2584 eum—

427 2615 550 2668 dem
579 2616 834 2686 spiritum
860 2618 1086 2684 malum,
1109 2618 1358 2672 fallacem
1377 2628 1430 2672 et
1459 2620 1643 2690 populi
1669 2621 2014 2676 seductorem

496 2733 547 2807 "_
574 2730 744 2807 Loca).
777 2735 859 2788 vel
882 2735 958 2807 ὡς
982 2736 1238 2807 ἱερεῦσιν.

432 2803 482 2836 ⁷⁸
519 2801 704 2858 Judith
767 2821 889 2866 vm,
923 2806 978 2866 4,
1016 2801 1068 2860 6.

429 2889 493 2941 ιι,
530 2873 622 2928 25.
699 2877 743 2907 ⁷⁹
771 2876 844 2929 al.
879 2875 1196 2947 εἰλήφεσαν.

428 3028 619 3068 eorum
649 3013 1046 3086 ctelibatuinet
1073 3015 1468 3083 virginitatem.
1504 3015 1710 3071 Prteter
1733 3017 1845 3086 jam
1873 3015 2016 3071 dicta

428 3093 593 3152 atque
629 3084 858 3154 allega‘ta
883 3127 895 3148 ,
940 3084 1281 3154 Hegesippus
1309 3088 1451 3154 apud
1487 3084 1786 3141 Eusebium
1825 3088 1920 3141 lib.
1956 3105 2015 3151 ιι,

428 3151 549 3226 cap.
576 3153 666 3226 ‘25,
695 3151 1158 3226 et’Hieronymuni
1181 3151 1429 3226 Catalogi
1452 3174 1572 3226 cap.
1603 3157 2012 3226 ζΞ;Ει)ἰρ1ηιιιίιιε

430 3223 625 3276 haeresi
662 3224 775 3298 ει),
802 3241 952 3298 num.
978 3223 1061 3288 ’2;
1099 3229 1290 3282 luercsi
1326 3223 1411 3288 78,
1447 3223 1634 3291 ιι.’13;
1664 3223 2012 3298 ριἨιιξιδοιιγ-

429 3310 556 3348 mus
576 3325 590 3349 ν
622 3310 638 3346 ι
664 3296 716 3348 in
745 3294 1090 3349 Jovinimmm
1113 3298 1206 3359 24,
1239 3308 1507 3351 testantur
1529 3300 1594 3352 de
1619 3299 1825 3353 Jacobo
1855 3294 2023 3352 fratre

430 3363 647 3437 Domini
667 3382 679 3428 ;
701 3366 766 3418 de
795 3364 1002 3420 Jacobo
1027 3376 1208 3420 autem
1241 3370 1416 3421 altero
1439 3369 1667 3422 Joannis
1701 3370 1868 3422 l‘ratrc
1897 3369 2022 3437 Epi-

427 3435 663 3503 phanius
695 3452 855 3499 Lvm,
878 3437 932 3500 Ii,
955 3440 1291 3504 Lxxvnl,15;
1323 3440 1387 3491 de
1406 3439 1620 3493 Andrca
1637 3435 2024 3506 Metapbrastes

429 3506 572 3572 apud
608 3507 830 3579 Surium
867 3508 938 3579 ‘29
967 3507 1114 3562 Junii
1141 3526 1153 3571 ;
1177 3515 1243 3562 de
1272 3510 1408 3562 Juda
1444 3511 1718 3577 proditore
1756 3511 2023 3579 Hierony-

428 3591 551 3630 mus
583 3592 646 3630 ac
676 3576 999 3646 Euthymius
1031 3580 1082 3632 in
1115 3579 1204 3634 Ps.
1239 3596 1390 3643 cvrn;
1414 3576 1479 3633 de
1509 3576 2022 3647 omnilms,dempto

426 3646 610 3770 ἵξῃ-ἓ,
651 3648 794 3701 idem
839 3647 1208 3721 Hieronymus
1238 3651 1276 3705 l.
1305 3667 1358 3716 1,
1394 3649 1596 3704 Contra
1645 3650 1858 3714 Jovin.,
1897 3646 2017 3719 cap.

505 3756 516 3768 .
596 3734 686 3770 o'r.

505 3756 516 3768 .
552 3734 686 3772 LOT.

502 3785 726 3842 Ibidem.
750 3789 861 3843 Καὶ
876 3792 1142 3854 Παύλου,
1161 3792 1258 3844 καὶ
1282 3791 1401 3844 τῶν
1415 3793 1621 3846 ἄλλων
1637 3792 2015 3846 ἀποστόλων.

429 3856 506 3930 De
537 3859 782 3914 hocloco
800 3861 1057 3922 videnda,
1075 3878 1196 3930 quae
1216 3862 1390 3917 fusius
1414 3863 1780 3917 disseruimus
1808 3863 1858 3913 in
1884 3859 2021 3912 Pro-

427 3928 750 3996 legomcnon
795 3933 970 4000 capite
1004 3928 1108 3985 17(
1147 3933 1397 3999 Sequens
1451 3950 1582 3987 vero
1630 3932 1901 3986 sententia
1949 3947 2017 3983 ex

428 4007 664 4071 utroque
694 4001 883 4055 codice
913 4001 1104 4055 Graeco
1141 4011 1195 4055 et
1222 4004 1437 4071 vulgata
1464 4002 1658 4056 Latma
1694 4004 2020 4069 interpreta-

427 4070 598 4132 tione,
631 4071 770 4123 inter
805 4088 862 4126 se
894 4073 1130 4133 collatis,
1156 4081 1240 4124 est
1264 4070 1537 4126 restituta.
1575 4075 1667 4125 Sic
1709 4072 1858 4125 enim
1889 4072 2018 4135 legit

427 4138 600 4216 codex
623 4139 1082 4216 _Nydpruccian_us
1109 4161 1129 4216 :7
1348 4143 1452 4216 ῦπὸ
1487 4143 1793 4216 προρυμίας
1826 4141 1884 4216 δέ
1916 4141 2016 4210 τῆς

427 4210 556 4298 ’.περὶ
587 4210 647 4263 τὸ
680 4212 1080 4298 πρᾶγμαηὰλλΰ
1117 4213 1201 4265 ἐπ’
1228 4213 1437 4276 ἐννοίας
1457 4210 1675 4294 ὲαῆτῶν
1699 4211 2015 4298 τρῦ.νιουέ

328 4302 333 4305 -
427 4279 584 4348 ἔσχον
618 4279 882 4344 ἐκείνους.
920 4281 1276 4350 Augustanus
1301 4285 1677 4338 contractius:
1732 4279 1871 4335 Ἀλλ’
1909 4282 2012 4334 ὑπὸ

427 4350 737 4424 ⁸προθυμίας·
770 4353 867 4422 τῆς
900 4353 1028 4424 περ).
1148 4355 1380 4424 πρᾶγμα
1402 4395 1416 4418 ,
1473 4355 1558 4406 ἐπ’
1592 4354 1800 4416 ἐννοίας
1852 4351 2014 4424 αὐτὸς

427 4419 592 4492 ἔσχον
612 4419 860 4484 ἐκείνους
884 4439 895 4450 ·
927 4419 1072 4491 quod
1104 4419 1572 4479 Latineblorelius
1600 4429 1671 4478 ita
1703 4423 2007 4492 expressit:

435 4509 454 4540 ς
492 4490 596 4544 Sed
644 4493 826 4546 studio
863 4490 1341 4562 ac’propensimie
1376 4496 1544 4548 animi
1595 4496 1660 4549 ad
1697 4490 1844 4556 rem,
1889 4494 2010 4546 illos

426 4575 528 4627 ego
551 4577 670 4614 sum
707 4563 1028 4618 recordatus
1054 4605 1068 4628 ,
1111 4583 1128 4613 ι
1165 4574 1218 4617 et
1251 4563 1597 4619 Vairlcnius:
1646 4585 1664 4616 ‹
1693 4565 1797 4618 Sed
1831 4564 2011 4618 studio

427 4631 782 4699 virginitatis,
808 4634 873 4687 de
898 4651 1006 4700 qua
1039 4635 1255 4704 loquor,
1283 4637 1360 4689 illi
1395 4637 1447 4689 in
1482 4647 1718 4690 mentem
1757 4635 1890 4687 mihi
1916 4650 2010 4704 ve-

429 4713 649 4767 nerunt,
690 4722 708 4754 ›
748 4720 871 4757 cum
929 4714 1085 4758 vetus
1114 4703 1439 4774 interpres,
1478 4709 1545 4760 ad
1603 4703 2009 4774 interpolatoris

430 4783 665 4828 mentem
697 4776 1190 4838 accommodatius,
1217 4773 1298 4830 ita,
1319 4780 1492 4831 locum
1526 4773 1840 4832 reddiderit:
1863 4793 1879 4824 ι
1907 4773 2009 4838 Qui

429 4858 536 4896 non
573 4844 752 4914 (unde
776 4846 875 4914 οὐχ
930 4861 1028 4914 pro
1061 4846 1180 4899 ἀλλ’
1205 4848 1257 4899 in
1283 4856 1475 4902 nostro
1501 4847 1689 4901 Grzeco
1723 4845 2012 4898 substitui-

430 4912 589 4986 mus)
643 4912 887 4970 libidinis
913 4912 1100 4979 causa,
1130 4919 1220 4971 sed
1257 4919 1595 4986 posteritatis
1646 4915 2012 4985 subrogandw

430 4984 626 5055 gratia,
661 4986 926 5055 conjuges
959 4984 1284 5040 habwrunt.
1324 5007 1341 5038 ›
1376 4987 1588 5042 Usssn.

502 5053 614 5127 (66)
662 5055 790 5121 Τοῖς
813 5053 1257 5125 πρεσϐυτέροις,
1291 5058 1691 5127 ἀρχιερεῦσιν.
1725 5055 1802 5108 Ex
1831 5063 2014 5127 vetere

429 5125 652 5192 vulgato
695 5127 988 5198 interprete
1030 5125 1415 5197 corrigendum
1446 5137 1566 5194 est,
1619 5128 1710 5198 καὶ
1748 5125 2010 5198 ἱερεῦσιν,

438 5213 456 5246 ι
484 5205 538 5245 et
568 5195 944 5250 sacerdotibus
978 5216 994 5247 ι
1030 5198 1142 5263 (sic
1179 5195 1325 5250 cnim
1361 5200 1412 5251 in
1456 5215 1558 5253 ms.
1610 5195 2014 5258 Magdalenensi

431 5264 629 5339 legitur
650 5267 689 5333 ).
709 5268 792 5339 vel
822 5267 1026 5335 potius.
1056 5268 1131 5339 ὡς
1166 5268 1422 5339 ἱερεῦσιν,
1451 5289 1468 5319 ι
1501 5278 1558 5322 ιιι
1579 5268 2006 5322 sacerdotibus.»

433 5333 510 5388 lla
535 5336 677 5388 enim
709 5333 910 5390 habent
938 5352 1073 5390 mss.
1105 5333 1423 5393 Baliblensis
1445 5349 1497 5393 et
1523 5339 1882 5392 Petavianus:
1913 5351 2012 5405 pro

433 5421 541 5474 quo
565 5405 800 5478 Jacobus
824 5407 999 5478 Faber
1033 5408 1106 5475 (et
1137 5425 1260 5460 (mm
1290 5425 1354 5461 eo
1383 5411 1618 5463 editores
1647 5409 1874 5478 reliqui.)
1907 5427 1922 5456 ι
1956 5417 2014 5460 ut

434 5491 716 5529 sacrorum
737 5477 1295 5540 administratoribus,
1320 5499 1338 5530 ι
1368 5480 1666 5534 substituit.
1699 5477 1773 5531 De
1793 5495 1858 5532 eo
1883 5494 2012 5532 vero

432 5547 578 5620 quod
611 5548 792 5620 statim
827 5547 1205 5620 subiungitur;
1251 5557 1309 5602 nt
1341 5566 1448 5602 non
1490 5549 1789 5620 presbyteri
1830 5549 2011 5602 solam

433 5624 488 5668 et
513 5616 729 5686 diaconi
758 5657 772 5682 ,
807 5627 861 5670 et
889 5619 1130 5686 reliquus
1156 5619 1354 5681 clerus,
1387 5616 1684 5674 sed-ctiam
1720 5620 1922 5672 milites
1959 5627 2014 5672 ct

435 5685 790 5760 magistratus
819 5696 874 5760 et
905 5685 1252 5760 ipseCaesar,
1299 5690 1560 5744 obediant
1599 5690 1896 5760 episcopo:
1937 5689 2016 5742 vi-

426 5757 612 5879 itlenda
655 5773 778 5828 quae
816 5756 871 5812 in
899 5757 1284 5829 Prolcgomcn.
1323 5776 1444 5831 cap.
1489 5761 1588 5830 lli,
1633 5756 1761 5817 sunt
1789 5756 2009 5816 notata.

1320 2737 1416 2790 "°l.
1451 2753 1573 2804 sup.
1597 2738 1665 2790 ad
1699 2738 1868 2792 Trall.
1945 2741 1989 2770 τί
2018 2739 2198 2794 Const.
2231 2755 2318 2809 ap.
2344 2733 2486 2809 “uti
2509 2745 2566 2809 et
2592 2748 2692 2797 vn,
2730 2729 2899 2809 Lm"
2936 2729 3006 2809 a_l_.
3039 2729 3228 2809 λίχνοι.
3264 2729 3315 2809 7³
3345 2739 3451 2809 ms;
3474 2729 3608 2809 ἔρος

1162 2807 1209 2838 ⁷⁵
1244 2805 1376 2862 Luc.
1415 2824 1477 2872 ιι,
1513 2795 1602 2862 36.
1630 2809 1720 2862 57.
1797 2809 1886 2863 "1
1913 2809 2016 2881 Reg

2121 2825 2233 2874 vui,
2260 2795 2326 2862 l8
2353 2795 2482 2861 etll
2505 2803 2636 2874 Reg.
2661 2795 2761 2869 vn,
2789 2800 2876 2855 18.
2952 2800 2996 2830 ⁷⁷
3019 2795 3330 2854 ιιῑζέαυτόν.
3403 2797 3452 2829 ⁷⁸
3474 2795 3716 2866 Philipp.

2123 1609 2216 1662 καὶ
2249 1606 2757 1679 ὑπεραγαλλόμενος
2790 1603 3156 1673 ἀσφαλίζομαι
3177 1603 3337 1671 ὑμᾶς.
3363 1601 3477 1652 Οὐκ
3498 1598 3607 1666 ἐγὼ
3630 1599 3720 1655 δὲ.

2122 1701 2259 1755 ἀλλὰ
2284 1700 2349 1752 δι’
2385 1698 2520 1769 ἐμοῦ
2553 1701 2583 1752 ὁ
2617 1697 2818 1769 Κύριος
2865 1694 3093 1765 Ἰησοῦς,
3132 1697 3189 1747 ἐν
3231 1687 3275 1760 ᾧ
3306 1691 3586 1762 δεδεμένος
3621 1707 3720 1766 φο-

2122 1793 2323 1862 ϐοῦμαι
2372 1791 2592 1861 μᾶλλον.
2648 1790 2767 1841 Ἔτι
2802 1788 2907 1860 γάρ
2941 1789 3058 1857 εἰμι
3107 1785 3542 1856 ἁναπὰρτιστοςο
3596 1781 3716 1835 ἀλλ’

2121 1886 2154 1955 ἡ
2191 1883 2466 1956 προσευχὴ
2519 1879 2674 1951 ὑμῶν
2709 1882 2789 1942 εἰς
2820 1879 2952 1932 Θεόν
2990 1895 3056 1948 με
3091 1876 3385 1946 ἁπαρτίσει
3409 1915 3422 1937 ,
3459 1875 3547 1926 ἵνα
3579 1877 3638 1927 ἐν
3669 1868 3717 1941 ᾧ

2120 1974 2355 2046 ἐκλήθην
2407 1973 2648 2042 ἐπιτύχω
2701 1969 2851 2039 (70),
2904 1966 3235 2042 προσφυγὼν
3287 1966 3362 2036 τῷ
3397 1964 3717 2034 Εὑαγγελίῳ

2127 2063 2203 2128 ὡς
2238 2062 2400 2136 σαρκὶ
2447 2060 2618 2132 Ἰησοῦ
2655 2059 2764 2129 (71)
2799 2057 3035 2131 Χριστοῦ
3059 2099 3074 2122 ,
3110 2057 3204 2110 καὶ
3234 2059 3346 2119 τοῖς
3395 2055 3717 2119 ἀποστόλοις

2127 2157 2204 2221 ὡς
2237 2155 2614 2228 πρεσϐυτερίῳ
2659 2151 2982 2223 Ἐκκλησίας
3018 2149 3151 2220 (7‘2).
3190 2149 3298 2201 Kal.
3332 2149 3457 2212 τοὺς
3503 2149 3716 2219 προφή-

2125 2267 2224 2312 τας
2256 2249 2314 2301 δέ
2349 2245 2571 2315 ἀγαπῶ,
2605 2245 2680 2308 ὡς
2715 2244 2949 2316 Χριστὸν
2986 2241 3450 2309 καταγγείλαντας
3487 2240 3616 2308 (75),
3637 2240 3715 2304 ὡς

2123 2341 2217 2395 τοῦ
2252 2340 2417 2402 αὑτοῦ
2467 2337 2784 2407 Πνεύματος
2822 2335 3222 2406 μετασχόντας,
3257 2327 3317 2386 οὗ
3351 2333 3444 2385 καὶ
3493 2334 3542 2386 οἱ
3575 2333 3714 2386 ἀπό-

2123 2435 2320 2488 στολοι.
2370 2433 2458 2496 Ὠς
2491 2431 2599 2503 γὰρ
2633 2431 2681 2482 οἱ
2715 2427 3159 2499 ψευδοπροφῆται
3212 2425 3304 2478 καὶ
3338 2427 3386 2478 οἱ
3437 2423 3714 2494 ψευδαπό-

2122 2527 2318 2590 στολοι,
2355 2524 2414 2579 ἓν
2447 2524 2540 2578 κα).
2573 2523 2632 2576 τὸ
2666 2521 2799 2575 αὐτὸ
2833 2521 3088 2572 εἵλκυσαν
3125 2518 3172 2548 τ’
3209 2516 3317 2586 (74)
3351 2515 3584 2586 πονηρὸν
3619 2516 3714 2568 καὶ

2120 2619 2398 2691 ἀπατηλὸν
2450 2617 2542 2670 καὶ
2574 2613 2874 2669 λαοπλάνον
2925 2611 3167 2682 πνεῦμα·
3203 2608 3346 2662 οὕτω
3392 2608 3486 2660 καὶ
3519 2607 3628 2678 (75)
3660 2610 3714 2663 οι

2855 2731 2899 2760 ⁷⁸
2936 2729 3006 2782 al.
3039 2727 3228 2798 λίχνοι.
3268 2725 3315 2798 7³
3345 2739 3449 2798 ms.
3474 2725 3711 2798 _’lou6f,0.

2188 3017 2301 3087 (67)
2334 3017 2649 3087 Ἔστωσαν
2675 3010 2743 3065 δὲ
2760 3011 2858 3065 καὶ
2882 3013 2943 3064 αἱ
2965 3009 3298 3078 χῆραιΝΜ.
3323 3011 3710 3084 Prolegomen.

2117 3085 2239 3157 cap.
2276 3088 2360 3140 tl.
2397 3085 2468 3157 lo.

2188 3152 2298 3225 (68)
2339 3156 2528 3210 Ταῦτα
2553 3157 2667 3222 οὐχ
2710 3155 2791 3217 ὠς
2811 3153 3171 3225 ἀπόστολος.
3207 3152 3330 3207 Vid.
3362 3155 3492 3208 ibid.
3514 3155 3712 3225 Ἐμαυ-

2126 3223 2216 3282 τόν
2251 3237 2454 3288 autem,
2500 3241 2598 3294 pro
2636 3226 2848 3288 ἑαυτόν,
2870 3240 2935 3277 ex
2969 3223 3384 3294 Nydprucciano
3403 3223 3590 3280 codice
3621 3227 3710 3281 hic

2127 3311 2210 3353 est
2239 3297 2497 3366 positum.
2519 3295 2600 3348 ιυ.

2199 3363 2310 3430 (69)
2359 3365 2792 3432 Ὑποφωνητοῦ.
2835 3363 2956 3417 Yet.
3002 3367 3206 3436 vulgat.
3255 3366 3642 3429 «obedientiaz,
3681 3385 3708 3418 ι

2125 3455 2189 3492 ac
2213 3441 2256 3493 si
2299 3437 2547 3506 ὑπακοῆς
2582 3436 2822 3503 legisset.
2881 3436 3178 3490 Morclius:
3235 3455 3252 3487 ι
3277 3447 3648 3491 succentores.
3684 3457 3703 3488 ι

2125 3509 2459 3572 Vairlenins,
2492 3527 2510 3557 ‹
2533 3509 2863 3570 monitores;
2890 3526 2907 3555 ι
2945 3508 3036 3574 qui
3085 3508 3370 3578 υποφήτην
3399 3507 3487 3578 hic
3524 3507 3711 3576 legen-

2123 3581 2252 3634 dum
2285 3579 2538 3646 conjicit:
2573 3594 2694 3646 quze
2711 3593 2836 3638 vox,
2863 3577 3059 3644 inquit,
3089 3577 3275 3631 Graece
3300 3577 3572 3647 signiticet
3598 3591 3715 3630 non

2124 3651 2341 3719 proprie
2357 3657 2532 3702 vatem
2559 3655 2652 3700 aut
2671 3647 3012 3719 prophetam,
3036 3649 3127 3701 sed
3153 3663 3276 3701 eum
3301 3649 3394 3716 qui
3422 3656 3707 3715 acceptum

2123 3718 2192 3772 ab
2223 3718 2330 3774 alio
2362 3720 2646 3771 oraculum
2691 3718 2892 3786 promit
2922 3727 2974 3770 et
3024 3719 3414 3786 interpretatur
3469 3719 3706 3773 caeteris.

2124 3789 2277 3844 Unde
2309 3798 2361 3843 et
2392 3805 2421 3842 a
2455 3789 2716 3858 Dionysio
2739 3829 2753 3852 ,
2798 3787 2852 3839 in
2887 3787 2980 3840 lib.
3024 3788 3098 3841 De
3131 3789 3326 3841 cwlesti
3379 3788 3706 3851 hierarchia,

2121 3863 2436 3930 angelorum
2484 3860 2706 3911 ordines
2749 3858 3088 3930 appellantur
3127 3858 3310 3923 τάξεις
3345 3859 3708 3926 ὑποφητικαί,

2120 3927 2264 4000 quod
2293 3948 2354 3984 ea
2403 3945 2522 3998 qua:
2551 3927 2986 4000 asuperioribus
3031 3929 3320 3984 ordinibus
3377 3940 3711 4000 acceperunt

2123 3999 2479 4054 inferioribus
2511 3999 2797 4052 ordinilms
2831 3999 2986 4066 quasi
3016 4014 3113 4067 per
3143 4015 3341 4054 manus
3382 3999 3618 4065 tradant,
3650 4010 3710 4053 et

2121 4072 2195 4124 illi
2223 4087 2418 4124 rursus
2453 4070 2586 4123 viris
2618 4069 2826 4123 sanctis
2859 4069 3150 4123 enuntient
3178 4081 3232 4124 et
3261 4069 3704 4125 communicent.

2119 4141 2244 4195 11th
2265 4142 2370 4193 ille.
2409 4140 2482 4193 lD-

2187 4211 2299 4280 (70)
2328 4212 2453 4264 Ἵνα
2479 4209 2549 4261 ἐν
2588 4199 2636 4273 ᾧ
2665 4207 2933 4274 ἐκλήθην
2969 4209 3250 4279 ἐπιτύχω.
3298 4207 3701 4280 νρῑ.ηνιι1ςειι.;

2121 4301 2139 4332 ‹
2183 4279 2254 4335 Ut
2288 4282 2441 4338 illum
2472 4281 2524 4331 in
2562 4294 2671 4347 quo
2700 4289 2929 4333 vocatus
2981 4296 3101 4334 sum
3134 4295 3347 4333 merear
3383 4279 3628 4347 adipisci.
3677 4297 3696 4329 ι

2114 4351 2402 4421 Anglican.
2451 4369 2488 4421 _¢
2523 4347 2595 4421 Ut
2638 4350 2691 4421 in
2752 4365 2861 4418 qua
2906 4351 3221 4421 limreditate
3248 4351 3702 4421 propitiationem

2115 4419 2646 4499 lial.i_u_ero_(él_t_5r',0nv
2667 4419 2912 4499 )_poti:_1r.
2949 4439 2967 4470 ι
3001 4419 3074 4472 lo.

2185 4491 2315 4562 (71)
2335 4487 2418 4554 Τῷ
2440 4487 2788 4562 Εὐαγγὲλίεμ
2807 4491 2910 4562 -ὠς
2925 4490 3101 4557 σαρκὶ
3140 4490 3354 4560 Ἰησοῦ.
3380 4487 3700 4562 Hieronym.

2045 4551 2088 4604 Ι)
2116 4551 2200 4616 vel
2229 4551 2482 4631 quisq-uis
2508 4551 2702 4613 auctor
2724 4559 2844 4631 _fuit
2873 4551 3411 4631 Commentariorum
3453 4551 3706 4626 illorum,

2113 4633 2170 4686 in
2199 4629 2402 4686 Psalm.
2433 4647 2645 4701 exuti:
2683 4648 2700 4678 ‹
2723 4629 2835 4700 Ego
2862 4645 3064 4699 corpus
3088 4630 3292 4685 Christi
3344 4631 3706 4701 Evangelium

2115 4713 2269 4772 puto,
2325 4713 2548 4772 sanctas
2593 4699 2936 4772 scripturas,
2985 4702 3295 4755 doctrinam
3323 4703 3464 4770 ejus.
3502 4699 3520 4753 ἱ
3570 4699 3699 4772 Υἰιι.

2114 4769 2383 4842 Clement.
2424 4771 2777 4842 Alexandrin.
2805 4770 3105 4842 Paedagog.
3131 4772 3224 4825 lib.
3263 4789 3307 4842 ι,
3343 4769 3463 4842 cap.
3491 4772 3542 4842 6.
3579 4769 3707 4825 Ori-

2115 4861 2238 4914 gen.
2272 4843 2324 4896 in
2347 4841 2748 4914 -Levitic._cap.
2780 4858 2836 4914 ξ,
2870 4842 3060 4914 bomil.
3099 4841 3162 4914 7,
3187 4852 3240 4896 et
3270 4841 3471 4896 Euseb.
3515 4841 3704 4914 Caesa-

2114 4910 2284 4968 riens.
2325 4910 2419 4983 lib.
2461 4927 2522 4965 ιιι
2583 4910 2979 4983 Ecclesiasticw
3008 4911 3304 4983 tlteologiaz,
3334 4922 3528 4967 contra
3555 4911 3706 4966 Mar-

2115 4985 2314 5040 cellum
2350 4982 2719 5052 Ancyranum.
2754 4981 2823 5034 In.

2185 5053 2461 5124 (7Ξ)Τοῐς
2485 5053 2852 5124 ἀποστόλοις
2883 5054 2966 5118 ὡς
3003 5052 3425 5124 πρεσϐ-υγτερέῳγ
3457 5054 3706 5124 Ἐκκλη-

2115 5123 2273 5190 σίτις.
2305 5123 2564 5178 Ecclesia:
2579 5123 2834 5178 videlicet
2861 5123 3348 5177 universalis.Vid.
3383 5123 3558 5179 Nicol.
3594 5123 3707 5179 Ve-

2115 5195 2223 5249 dcl.
2265 5195 2319 5248 in
2350 5195 2494 5248 hanc
2523 5194 2741 5263 epistol.
2777 5193 3075 5247 Exercitat.
3114 5209 3233 5262 cap.
3257 5194 3343 5246 H.
3372 5194 3442 5248 lo.

2187 5267 2299 5336 (77))
2343 5263 2585 5334 Ἀγαπῶ,
2618 5264 2700 5329 ὡς
2726 5263 2987 5331 Χριστὸν
3016 5265 3548 5336 καταγγείλαντας.
3587 5263 3706 5317 An-

2115 5333 2318 5405 glican.
2351 5356 2369 5387 ι
2399 5336 2728 5406 Diligamus;
2760 5345 2814 5389 et
2843 5336 2992 5404 ipsos
3013 5335 3066 5388 in
3097 5333 3453 5403 Evangelium
3482 5351 3705 5389 annun-

2115 5407 2301 5461 tiasse.
2338 5429 2355 5459 ι
2385 5406 2460 5458 lo.

2188 5478 2659 5548 (7.4)Εἵλκυσαν.
2714 5475 2788 5530 Ita
2831 5475 3009 5548 codex
3065 5473 3552 5548 Nydpruccianus;
3605 5476 3704 5529 ubi

2116 5547 2370 5617 corrupte
2403 5548 2454 5601 in
2479 5549 2802 5617 Augustano
2829 5547 3129 5613 legebatur,
3150 5547 3429 5617 εἴληνσαν·
3462 5562 3558 5615 pro
3590 5561 3704 5614 quo

2116 5617 2427 5673 Vairlcnius
2458 5618 2760 5682 substituit,
2807 5618 3211 5688 εἰλήφεσαν,γοι
3244 5626 3400 5688 vetus
3433 5618 3707 5685 interpres

2121 5690 2399 5758 vulgatus.
2435 5707 2453 5739 ι
2474 5685 2919 5758 assumpserunt,
2943 5685 2965 5738 ⁷»
3000 5685 3252 5742 reddidit.
3285 5687 3360 5738 ιι).

2189 5759 2302 5828 (75)
2341 5759 2503 5811 Οὕτω
2533 5760 2652 5811 καί.
2688 5757 2806 5813 Vct.
2856 5760 3060 5828 vulgat.
3098 5775 3116 5808 ι
3148 5759 3228 5812 sic
3273 5759 3468 5811 iterum
3494 5800 3508 5824 ,
3545 5777 3562 5808 ι
3603 5770 3703 5827 pro

2118 5846 2227 5902 quo
2253 5827 2493 5888 Jacobus
2527 5828 2724 5899 Faber,
2758 5848 2776 5884 ι
2808 5829 2886 5886 sic
2924 5827 3088 5898 certe,
3128 5849 3146 5882 ι
3175 5828 3366 5885 edidit.
3393 5829 3470 5892 lo,
