4076 6434
439 407 537 464 831

1235 403 1324 458 ΔΙ)
1352 398 1735 457 EPISTOLAS
1770 400 1832 454 S.
1874 396 2132 453 IGNATII
2156 392 2510 452 GENUINAS
2541 390 2887 448 APPENDIX

3624 386 3733 442 852

443 528 551 583 lam
584 537 639 583 et
676 526 1033 597 pollutionem
1073 524 1329 594 appellet,
1378 532 1472 579 aut
1510 524 1664 579 cibos
1691 522 1909 592 aliquos
1934 522 2030 576 de-
2062 573 2065 581 .

2151 520 2232 574 καὶ
2265 518 2365 589 τὴν
2401 517 2510 571 τῶν
2544 516 2750 570 παίδων
2781 515 3019 585 γένεσιν,
3053 513 3087 584 ἦ
3116 529 3237 566 τινα
3270 510 3377 565 τῶν
3424 509 3733 583 βρωμάτων

444 617 727 673 testandos
761 625 961 687 putet:
1016 617 1141 672 talis
1182 624 1485 685 apostatam
1540 616 1693 670 illum
1736 616 2030 669 draconem

445 710 500 763 in
533 724 591 764 se
618 709 953 763 habitantem
996 707 1161 762 fovet.
1217 707 1275 762 Si
1306 709 1431 778 quis
1478 708 1695 764 Patrem
1734 716 1790 763 et
1831 706 2032 762 Filium

445 811 499 856 et
553 801 820 869 Spiritum
874 808 1126 855 sanctum
1181 803 1548 867 contiteatur,
1616 809 1670 854 et
1720 808 2031 855 creaturam

445 892 660 953 laudet;
698 893 792 947 sed
842 892 1159 963 opinionem
1203 894 1486 963 solamque
1524 893 1874 962 phantasiam
1913 906 2035 947 esse

447 986 597 1039 dicat
653 983 1142 1045 incarnationem,
1209 985 1635 1053 passionemque
1704 983 2032 1038 erubescat:

450 1076 575 1129 talis
617 1076 776 1129 (idem
828 1076 1065 1146 negavit,
1114 1090 1220 1129 non
1263 1076 1449 1129 minus
1490 1092 1655 1145 quam
1702 1076 2038 1131 christicida:

447 1166 623 1222 ειυόωί
658 1168 724 1221 ⁸⁷.
756 1167 814 1221 Si
854 1168 979 1237 quis
1011 1169 1125 1221 haec
1164 1167 1383 1236 quidem
1416 1168 1765 1234 conﬁteatur,
1800 1175 1855 1223 et
1888 1168 2037 1238 quod

452 1258 599 1313 Deus
647 1257 890 1313 Verbum
956 1258 1013 1311 in
1079 1259 1323 1312 humano
1379 1273 1613 1328 corpore
1658 1258 2035 1325 habitaverit,

455 1349 694 1404 Verbum
734 1351 1007 1405 exsistens
1056 1349 1111 1403 in
1157 1349 1299 1419 ipso,
1339 1351 1484 1406 sicut
1521 1359 1575 1405 et
1611 1352 1796 1406 anima
1828 1352 1882 1406 in
1913 1368 2041 1407 cor-

453 1456 620 1510 pore;
655 1452 942 1512 propterea
979 1442 1125 1511 quod
1170 1441 1312 1497 Deus
1356 1444 1663 1510 inhabitet,
1712 1461 1818 1498 non
1856 1454 2039 1499 autem

453 1535 638 1587 anima
695 1535 970 1600 humana;
1022 1551 1214 1590 verum
1266 1536 1417 1591 dicat
1471 1535 1787 1605 illegitinms
1836 1551 2042 1591 concu-

457 1624 605 1679 bitus
636 1625 840 1679 bonum
877 1626 1153 1696 quoddam
1199 1641 1342 1694 esse,
1370 1626 1642 1696 ﬁnemque
1688 1626 2042 1683 beatitudinis

456 1717 755 1770 constituat
783 1717 1152 1786 voluptatem;
1194 1728 1254 1774 ut
1294 1719 1343 1774 is
1376 1720 1471 1791 qui
1514 1718 1652 1773 falso
1694 1718 1915 1773 nomine
1945 1717 2042 1772 Ni-

458 1805 656 1859 colaita
684 1807 884 1862 dicitur
905 1808 986 1862 3°:
1031 1808 1118 1864 hic
1155 1824 1256 1864 nec
1293 1809 1409 1879 Dei,
1454 1825 1558 1866 nec
1593 1809 1797 1866 Christi
1828 1821 2044 1866 amator

457 1914 579 1954 esse
618 1908 828 1968 potest,
882 1902 975 1956 sed
1024 1904 1257 1972 propriae
1310 1903 1494 1959 carnis
1538 1913 1847 1973 corruptor,
1881 1912 2047 1974 atque

457 1990 529 2044 ob
578 1992 685 2046 hoc
734 1991 941 2062 Spiritu
991 2005 1183 2049 sancto
1231 2009 1461 2062 vacuus,
1512 2004 1566 2050 et
1614 2012 1645 2050 a
1692 1995 1915 2051 Christo
1964 2007 2050 2051 est

459 2082 692 2138 alienus.
744 2083 948 2140 Omnes
999 2086 1349 2156 hujusmodi,
1398 2086 1672 2141 columna:
1713 2086 2048 2156 sepulcrales

458 2186 511 2230 et
536 2184 881 2231 mortuorum
910 2188 1037 2233 sunt
1058 2190 1435 2244 monumenta,
1465 2179 1670 2249 quibus
1702 2190 2047 2235 mortuorum

461 2266 744 2322 hominum
794 2270 1016 2323 nomina
1052 2269 1320 2325 duntaxat
1365 2272 1627 2341 inscripta
1668 2283 1819 2326 sunt.
1857 2272 2048 2342 Fugite

460 2360 626 2430 igitur
672 2363 847 2417 malas
899 2372 1066 2427 artes,
1118 2372 1172 2419 et
1226 2363 1454 2420 insidias
1508 2366 1729 2433 spiritus
1775 2367 1866 2436 qui
1910 2382 2048 2419 nunc

458 2465 709 2523 operatur
760 2456 815 2509 in
861 2456 992 2525 ﬁliis
1042 2456 1087 2488 ⁸⁹
1128 2456 1291 2526 hujus
1340 2457 1566 2525 saeculi,
1622 2460 1917 2529 nequando
1965 2459 2051 2514 af-

458 2547 591 2602 ﬂicti
624 2549 678 2601 in
720 2549 985 2603 charitate
1029 2549 1366 2618 langueatis;
1416 2550 1510 2605 sed
1543 2564 1738 2605 omnes
1770 2551 1827 2604 in
1876 2566 2049 2605 unum

461 2641 583 2693 sitis
623 2641 787 2693 corde
832 2640 1127 2708 indivulso,
1169 2650 1223 2696 et
1262 2644 1449 2696 animo
1490 2644 1827 2711 voluntario,
1860 2645 2052 2697 unani-

462 2748 591 2795 mes,
624 2733 855 2801 idipsum
896 2734 1178 2788 sentientes
1205 2734 1273 2800 ⁹¹,
1306 2750 1522 2805 semper
1550 2736 1739 2791 eadem
1764 2736 1832 2790 de
1855 2737 2048 2791 iisdem

462 2826 769 2893 opinantes,
812 2826 864 2879 in
905 2827 1119 2896 quiete,
1168 2829 1222 2882 in
1263 2828 1553 2898 periculis,
1599 2831 1652 2883 in
1696 2830 2048 2898 maeroribus,

463 2916 520 2970 in
558 2917 790 2986 gaudiis.
840 2916 1058 2974 Gratias
1086 2935 1188 2989 ago
1232 2920 1343 2975 Deo
1388 2937 1485 2991 per
1528 2920 1717 2976 Jesum
1748 2923 2047 2991 Christum,

464 3009 611 3078 quod
650 3019 898 3079 pacatam
938 3011 1112 3066 habeo
1155 3013 1221 3067 de
1263 3014 1420 3068 vobis
1465 3017 1893 3083 conscientiam,
1954 3035 2053 3074 nec

464 3110 647 3170 potest
676 3102 949 3172 quispiam
980 3104 1226 3173 gloriari.
1263 3106 1347 3159 vel
1384 3116 1618 3172 secreto,
1662 3109 1747 3163 vel
1794 3109 1995 3179 palam,
2021 3129 2051 3165 a

2139 614 2405 687 βδελυκτά
2426 630 2439 644 ⁸
2498 613 2527 664 ὁ
2559 611 2798 675 τοιοῦτος
2831 611 3036 664 ἔνοικον
3070 608 3183 680 ἔχει
3214 606 3307 661 τὸν
3337 605 3605 680 δράκοντα
3636 611 3731 661 τὸν

2138 705 2474 776 ἀποστάτην.
2543 702 2669 758 Ἐάν
2720 720 2805 766 τις
2850 702 3073 774 Πατέρα
3123 700 3217 754 καί¹
3267 698 3397 752 Υίὺν
3448 697 3543 753 καὶ
3576 697 3734 765 ἅγιον

2138 801 2364 872 Πνεῦμα
2395 798 2652 871 ὁμολογῇ,
2689 797 2782 851 καὶ
2813 795 2912 865 τὴν
2946 793 3123 847 κτίσιν
3158 793 3385 861 ἐπαινῇ,
3419 790 3640 861 δόκησιν
3673 788 3733 843 δὲ

2137 893 2274 967 λέγῃ
2307 891 2405 963 τὴν
2475 888 2882 961 ὲνσωμάτωσιν,
2905 885 3074 939 καὶτὸ
3107 882 3279 946 πάθος
3313 880 3728 952 ἐπαισχύνηται·

2136 989 2166 1041 ὁ
2197 984 2439 1048 τοιοῦτος
2472 984 2707 1055 ἤρνηται
2741 980 2837 1052 τὴν
2872 977 3053 1032 πίστιν
3075 1018 3089 1042 ,
3124 976 3223 1046 οὑχ
3271 971 3435 1047 ἦττον
3467 972 3575 1027 τῶν
3607 989 3731 1044 χρι-

2141 1079 2415 1147 στοφόνων
2450 1075 2737 1129 Ἰουδαίων.
2794 1072 2922 1125 Ἐάν
2972 1088 3056 1134 τις
3106 1069 3278 1123 ταῦτα
3327 1068 3425 1139 μὲν
3470 1066 3731 1137 ὁμολογῇ,

2142 1172 2237 1225 καὶ
2271 1172 2354 1224 ὅτι
2388 1169 2523 1232 Θεὸς
2557 1168 2731 1236 Λόγος
2766 1169 2825 1219 ὲν
2860 1164 3189 1238 ἀνθρωπίνῳ
3224 1159 3437 1232 σώματι
3470 1157 3733 1228 κατῴκει,

2140 1262 2217 1317 ὢν
2250 1265 2307 1316 ὲν
2341 1260 2491 1331 αὑτῷ
2521 1262 2549 1314 ὁ
2582 1260 2773 1328 Λόγος,
2809 1258 2995 1329 ὥσπερ
3046 1256 3141 1311 καὶ
3187 1253 3333 1324 ψυχὴ
3384 1256 3443 1306 ὲν
3496 1250 3732 1321 σώματι,

2140 1354 2228 1409 διά
2260 1354 2320 1407 τὸ
2371 1352 2578 1406 ἓνοικον
2640 1346 2779 1403 εἶναι
2842 1348 2995 1410 Θεὸν,
3044 1346 3161 1401 ἀλλ’
3215 1344 3336 1414 οὐχ).
3386 1341 3736 1406 ἀνθρωπείαν

2141 1442 2321 1513 ψυχήν
2348 1440 2581 1512 (84-85)⁶
2599 1439 2734 1511 λέγῃ
2756 1438 2813 1491 δὲ
2830 1438 2928 1502 τάς
2947 1436 3299 1509 παρανόμους
3324 1433 3497 1503 μίξεις
3529 1430 3736 1499 ἀγαθόν

2143 1553 2195 1589 τι
2229 1531 2390 1597 εἶναι,
2427 1533 2519 1587 καὶ
2552 1532 2704 1595 τέλος
2738 1529 3083 1603 εὐδαιμονίας
3115 1528 3307 1599 ἡδονὴν
3341 1526 3554 1595 τίθηται
3574 1540 3587 1554 ⁸
3623 1518 3737 1587 οἷος

2144 1630 2172 1682 ὁ
2202 1627 2553 1699 ψευδώνυμος
2585 1625 2917 1696 Νικολαῖτης
2941 1622 3047 1695 (86)
3073 1638 3087 1653 ο
3124 1615 3277 1683 οὗτος
3310 1618 3432 1673 οὔτε
3466 1616 3737 1687 φιλόθεος,

2144 1720 2269 1775 οὔτε
2304 1720 2649 1793 φιλόχριστος
2699 1713 2835 1771 εἶναι
2884 1716 3146 1778 δύναται,
3183 1713 3319 1769 ἀλλὰ
3363 1712 3597 1785 φθορεὺς
3636 1710 3739 1782 τῆς

2146 1816 2354 1878 οἰκείας
2387 1813 2611 1888 σαρκὸς,
2651 1812 2742 1867 καὶ
2774 1811 2861 1865 διὰ
2893 1810 3050 1865 τοῦτο
3082 1808 3176 1863 τοῦ
3210 1809 3366 1877 ἁγίου
3418 1806 3740 1877 Πνεῦματος

2149 1908 2324 1971 κενὸς,
2363 1906 2458 1960 καὶ
2492 1904 2585 1958 τοῦ
2619 1902 2856 1977 Χριστοῦ
2892 1900 3193 1973 ἀλλότριος.
3231 1901 3293 1953 Oi
3338 1897 3567 1952 τοιοῦτοι
3601 1897 3741 1951 πάν-

2148 2013 2258 2060 τες,
2291 1994 2483 2066 στῆλαί
2505 1996 2610 2047 εἰσι
2634 1993 2728 2047 καὶ
2756 1992 2917 2061 τάφοι
2946 1990 3189 2063 νεκρῶν·
3214 1983 3398 2059 ὲφόῖς
3426 1988 3739 2061 γέγραπται

2152 2092 2312 2162 μόνον
2344 2090 2582 2160 ὀνόματα
2614 2085 2824 2160 νεκρῶν
2858 2083 3161 2156 ἀνθρώπων
3196 2081 3328 2153 (87).
3374 2079 3611 2149 Φεύγετε
3642 2074 3741 2131 οῦν

2148 2186 2246 2247 τὰς
2280 2180 2654 2252 κακοτεχνίας,
2690 2179 2784 2234 καὶ
2815 2177 3034 2249 ἐνέδρας
3060 2175 3153 2229 τοῦ
3187 2173 3497 2245 πνεύματος
3529 2171 3624 2225 τοῦ
3642 2170 3742 2225 νῦν

2150 2273 2497 2345 ἐνεργοῦντος
2518 2274 2577 2324 ὲν
2596 2272 2709 2333 τοῖς
2725 2270 2861 2331 υἱοῖς
2878 2265 2970 2320 τοῦ
2991 2266 3186 2329 αἰῶνος
3206 2263 3415 2327 τούτου,
3444 2262 3517 2333 μή
3539 2277 3670 2313 ποτε
3691 2261 3741 2292 ’⁸³

2148 2368 2198 2419 οἱ
2238 2364 2514 2426 θλιόἐντες
2554 2360 2954 2429 ὲξασθενήσητε
2985 2356 3099 2429 (88)
3135 2358 3193 2410 ὲν
3229 2357 3293 2425 τῇ
3334 2353 3525 2423 ἀγάπῃ
3548 2370 3562 2381 ·
3598 2350 3743 2404 ἀλλὰ

2152 2456 2352 2519 πάντες
2383 2455 2475 2507 ἐπὶ
2502 2453 2561 2505 τὸ
2594 2451 2725 2503 αὐτὸ
2743 2449 2961 2517 γίνεσθε
2995 2450 3053 2501 ὲν
3082 2446 3365 2518 ἀμερίστῳ
3398 2442 3613 2517 καρδίᾳ,
3643 2441 3743 2495 καὶ

2148 2548 2294 2619 ψυχῇ
2325 2544 2574 2615 θελούσῃ,
2610 2543 2946 2611 σύμψυχοι,
2983 2539 3049 2592 τὸ
3075 2537 3145 2591 ἐν
3172 2535 3562 2605 φρονοῦντες,
3604 2532 3747 2585 πάνι

2150 2658 2270 2695 τοτε
2300 2641 2367 2693 τὰ
2396 2637 2533 2691 αὐτὰ
2566 2634 2693 2707 περὶ
2723 2633 2832 2686 τῶν
2852 2630 3032 2686 αὐτῶν
3064 2627 3407 2696 δοξάζοντες,
3443 2625 3500 2679 ἔν
3533 2643 3592 2680 τε
3614 2624 3714 2679 άνὲ
3734 2654 3748 2666 -

2153 2753 2255 2797 σει,
2284 2732 2378 2787 καὶ
2414 2729 2701 2790 κινδύνοις,
2743 2725 2838 2780 καλ¹
2877 2728 2934 2778 ὲν
2962 2722 3182 2785 λύπαις,
3210 2721 3303 2774 καὶ
3326 2722 3382 2773 ὲν
3417 2718 3742 2792 χαρμοναῑς.

2152 2823 2472 2898 Εὑχαριστῶ
2498 2820 2577 2891 τῷ
2608 2817 2746 2889 Θεῷ,
2781 2817 2871 2871 διὰ
2906 2814 3083 2887 Ἰησοῦ
3102 2812 3361 2886 Χριστοῦ,
3393 2813 3474 2866 ὅτι
3499 2808 3747 2864 εὑσυνεί-

2151 2919 2309 2991 δητός
2343 2919 2458 2987 είμι
2497 2917 2553 2967 ὲν
2589 2915 2751 2983 ὑμῖν,
2802 2911 2895 2964 καὶ
2925 2910 3026 2963 οὐκ
3061 2909 3173 2979 ἔχει
3208 2924 3293 2971 τις
3335 2903 3745 2976 καυχήσασθαι,

2153 3011 2276 3065 οὔτε
2309 3010 2504 3081 λάθρα,
2542 3004 2666 3059 οὔτε
2690 3003 2940 3077 φανερῶς
2963 3044 2978 3068 ,
3016 3004 3101 3055 ὅτι
3140 2999 3388 3073 ὲϐάρησά
3419 3014 3574 3062 τινα,
3611 2997 3645 3068 ἢ
3682 2997 3749 3049 ὲν

2160 3101 2377 3176 μικρῷ,
2408 3101 2442 3171 ἢ
2495 3102 2553 3152 ὲν
2600 3096 2841 3168 μεγάλῳ.
2896 3093 3007 3147 Καὶ
3042 3094 3211 3146 πᾶσιν
3258 3093 3315 3145 ὲν
3347 3085 3429 3155 οἷς
3481 3088 3745 3160 ἐλάλησα,

467 3208 555 3246 me
577 3209 909 3265 quemquam
950 3208 1233 3267 gravatum
1266 3214 1389 3255 esse
1430 3201 1514 3254 vel
1548 3202 1601 3254 in
1636 3216 1823 3271 parvo,
1865 3204 1951 3257 vel
1992 3205 2045 3257 in

2153 3194 2403 3267 εὔχομαι,
2444 3192 2531 3245 ἵνα
2554 3191 2630 3262 μὴ
2665 3191 2743 3253 εἰς
2780 3186 3084 3260 μαρτυρίαν
3123 3183 3254 3239 αὐτὸ
3287 3184 3619 3255 κτήσωνται.

466 3300 685 3354 magno.
726 3287 793 3341 Et
839 3303 1029 3345 omnes
1072 3290 1215 3346 inter
1248 3307 1386 3361 quos
1418 3291 1633 3348 locutus
1664 3309 1789 3349 sum
1835 3309 1956 3360 oro,
1987 3311 2054 3351 ne

467 3377 599 3432 illud
636 3380 688 3432 in
719 3380 1092 3435 testimonium
1122 3391 1467 3439 conservent.

539 3471 651 3529 VII.
686 3472 1011 3544 Quanquam
1064 3477 1209 3531 enim
1262 3480 1565 3534 secundum
1610 3496 1831 3536 carnem
1866 3483 2055 3538 voluc-

466 3573 596 3618 runt
639 3566 859 3635 quidam
894 3583 979 3621 me
1010 3569 1310 3625 seducere:
1366 3580 1423 3625 at
1477 3572 1706 3641 spiritus
1751 3589 1908 3629 meus
1942 3590 2049 3629 non

468 3658 767 3714 seducitur.
823 3660 870 3713 A
900 3659 1011 3715 Deo
1037 3677 1272 3731 namque
1300 3663 1451 3717 illum
1493 3667 1701 3735 accepi.
1749 3664 1865 3720 Scit
1904 3668 2053 3720 enim

467 3752 605 3804 unde
635 3754 831 3817 veniat,
876 3765 923 3806 et
962 3770 1065 3824 quo
1114 3756 1275 3809 vadat
1311 3757 1381 3823 ",
1422 3766 1478 3811 et
1522 3768 1734 3813 secreta
1783 3759 2053 3829 coarguit.

468 3842 710 3897 Clamavi
741 3860 864 3899 cum
896 3844 1235 3913 interessem,
1262 3848 1479 3904 locutus
1510 3865 1632 3903 sum
1662 3866 1860 3921 magna
1888 3867 2051 3906 voce:

470 3952 579 3989 non
614 3951 767 3991 meus
800 3946 883 3992 est
912 3954 1114 4006 sermo,
1165 3941 1259 3995 sed
1296 3940 1426 3998 Dei:
1469 3941 1732 4013 Episcopo
1773 3944 2049 4009 attendite,

472 4208 554 4251 ιιι.
587 4194 643 4246 8.

476 4359 709 4415 trahere.
752 4358 1075 4428 Quanquam
1121 4359 1300 4429 potuit
1346 4358 1660 4429 lgnatianus
1690 4360 1883 4416 oculus
1912 4360 2051 4416 sim-

473 4430 685 4500 pliciter
725 4430 995 4499 respicere
1041 4431 1107 4484 ad
1145 4429 1465 4499 Apostolum
1504 4433 1525 4483 ι
1575 4430 1716 4486 Tim.
1757 4448 1832 4495 tv,
1876 4432 1940 4498 l,
1998 4432 2052 4499 5,

473 4502 566 4555 ubi
600 4502 911 4568 nuptiarum
944 4511 997 4553 et
1024 4500 1273 4553 ciborum
1318 4501 1614 4569 prohibitio
1653 4502 1905 4557 doctrina
1940 4501 2051 4556 (lae-

2227 3482 2342 3537 Vll.
2379 3484 2443 3537 Ei
2476 3484 2583 3557 γάρ
2619 3482 2760 3536 κατά
2800 3480 2981 3553 σάρκα
3018 3497 3085 3553 με
3126 3478 3401 3550 ἠθέλησάν
3432 3495 3577 3542 τινες
3610 3478 3754 3532 πλα-

2157 3577 2341 3648 νῆσαι,
2376 3575 2513 3629 ἀλλά
2544 3574 2603 3628 τὸ
2639 3573 2859 3645 πνεῦμά
2891 3590 2990 3644 μου
3016 3572 3077 3626 οὺ
3122 3571 3408 3625 πλανᾶται.
3445 3571 3604 3643 Παρά
3636 3572 3751 3644 γὰρ

2156 3668 2293 3721 Θεοῦ
2316 3668 2448 3721 αὐτὸ
2479 3666 2682 3737 εἴληφα
2711 3666 2841 3737 (89).
2867 3660 2991 3717 Οἵδε
3028 3663 3135 3735 γὰρ
3170 3663 3752 3733 πόθενέρχεται,καὶ

2157 3760 2274 3813 ποῦ
2310 3759 2563 3827 ὑπάγει,
2620 3758 2710 3811 καὶ
2759 3758 2828 3811 τά
2868 3755 3086 3829 κρυπτά
3121 3756 3350 3826 ἐλέγχει.
3396 3756 3754 3828 Ἐκραύγασα

2156 3852 2264 3925 γάρ
2302 3850 2504 3922 μεταξὺ
2522 3850 2617 3915 ὢν,
2638 3849 2861 3904 ἐλάλουν
2896 3849 3006 3920 (90)
3032 3848 3242 3922 μεγάλῃ
3277 3852 3428 3920 φωνῇ
3450 3866 3461 3879 ·
3492 3851 3594 3903 οὐκ
3613 3848 3753 3919 ἐμὸς

2158 3946 2187 3996 ὁ
2211 3942 2388 4010 λόγος,
2406 3941 2545 3996 ἀλλά
2577 3940 2737 3993 Θεοῦ·
2766 3939 2856 4011 Τῷ
2879 3939 3165 4009 ὲπισκόπῳ
3194 3938 3510 4011 προσέχετε,
3546 3938 3638 3991 καὶ
3669 3935 3756 4007 τῷ

542 4121 648 4202 "Al.
668 4122 851 4177 Const.
881 4140 968 4193 ap.
996 4140 1067 4191 τι,
1094 4125 1185 4189 25,
1216 4126 1308 4181 26.
1386 4128 1484 4181 ⁸⁸1.
1510 4128 1693 4183 Const.
1728 4145 1815 4199 ap.
1840 4145 1918 4198 γι,
1946 4128 2001 4185 8.

2152 4129 2351 4202 Ephes.
2381 4145 2441 4197 ιι,
2466 4128 2522 4183 2.
2598 4128 2645 4161 ⁹⁰
2676 4125 2717 4181 ι.
2743 4134 2919 4181 vacat.
2994 4127 3037 4158 ⁹¹
3057 4123 3290 4196 Philipp.
3312 4121 3443 4192 11,2.
3520 4123 3565 4155 ⁹²
3586 4121 3751 4179 Joan.

2159 4360 2383 4427 divino;
2439 4369 2533 4415 aut
2582 4360 2636 4414 in
2687 4376 2917 4431 corpore
2966 4361 3171 4417 Christi
3208 4358 3753 4431 exstitisseuquidem

2157 4433 2421 4514 animam,
2452 4448 2560 4514 non
2597 4428 3023 4514 tamen—proprie
3050 4432 3327 4514 habitasse
3352 4431 3455 4512 nisi
3484 4428 3752 4514 Yerbutn,

2164 4502 2235 4556 ob
2283 4502 2417 4555 illud
2464 4500 2703 4573 Joannis
2744 4500 3021 4573 eloquium
3060 4521 3073 4556 :
3112 4501 3179 4573 Et
3209 4502 3467 4573 habitavit
3493 4501 3549 4553 in
3574 4501 3751 4567 nobis,

474 4570 783 4625 monimum
810 4570 1130 4641 appellatur.
1164 4570 1474 4625 Saturnilus
1502 4580 1683 4626 autem
1714 4582 1767 4626 et
1793 4571 2056 4627 Basilides
2086 4572 2131 4627 Ι)
2161 4575 2305 4641 quod
2338 4582 2657 4629 sanctorum
2680 4570 2901 4628 Patrum
2936 4572 3182 4626 nonnulli
3207 4572 3289 4627 sic
3317 4572 3613 4641 explicant,
3644 4573 3756 4628 hoc

472 4643 727 4695 videntur
752 4641 855 4693 sub
880 4640 1019 4696 idem
1052 4650 1265 4710 tempus
1290 4657 1491 4695 venena
1517 4642 1796 4697 hrereseon
1832 4657 2056 4696 suarum

473 4710 801 4783 profundere
825 4712 1088 4780 cmpisse;
1116 4713 1378 4783 adeoque
1418 4710 1603 4783 forsan
1636 4711 1845 4779 lgnatio
1877 4712 2059 4766 adhuc

473 4780 640 4836 vitam
675 4791 897 4851 agente,
930 4783 1071 4852 utiin
1104 4780 1401 4848 Epistulam
1430 4782 1498 4834 ad
1538 4780 1840 4835 Trallianos
1871 4783 2060 4852 diSpu-

475 4854 751 4907 tabamus.
785 4853 941 4906 Certe
973 4851 1311 4921 Epiphanius
1353 4854 1403 4905 in
1456 4853 1649 4907 haeresi
1687 4851 2057 4908 Basilidiano-

444 4939 596 4979 .rum
638 4932 879 4976 extrema
905 4965 919 4986 ,
958 4924 1131 4975 nescit
1167 4923 1292 4991 quis
1330 4923 1563 4977 duorum
1603 4926 1753 4993 prior
1797 4924 2058 4992 eruperit,

474 5010 538 5047 ac
561 4994 713 5046 alteri
744 4994 1105 5063 suppeditarit
1130 4993 1298 5048 virus.
1327 4994 1459 5059 Quae
1480 4992 1836 5063 objiCiuntur,
1865 5008 2059 5061 parum

477 5072 689 5133 urgent.
741 5062 784 5113 Α
832 5061 1170 5116 Tertulliano
1214 5065 1361 5117 enim
1405 5061 1867 5133 nonIadmodum
1924 5064 2059 5119 ordo

475 5132 652 5187 tetatis
682 5144 931 5187 servatur
952 5175 965 5198 ,
1001 5144 1058 5192 tu
1080 5133 1266 5187 videre
1296 5147 1379 5187 est
1407 5135 1460 5186 in
1490 5132 1738 5198 Nieolao,
1772 5134 2056 5197 Cerintho,

478 5202 708 5264 Ebione,
734 5211 787 5255 et
815 5214 1058 5270 «postea:
1087 5204 1191 5257 diei
1220 5206 1477 5272 potestde
1502 5210 1689 5259 eodem
1716 5204 1826 5259 fere
1854 5214 2061 5271 tempo-

480 5290 556 5327 re.
587 5273 926 5344 Epiphanius
944 5290 1075 5327 vero
1095 5290 1200 5344 non
1222 5275 1324 5328 sibi
1345 5276 1673 5329 contradicit
1695 5293 1707 5327 :
1733 5277 1934 5344 quippe
1950 5289 2061 5342 quo

478 5354 702 5398 auctore
736 5343 998 5399 Basilides
1024 5361 1052 5397 a
1086 5342 1365 5399 Satin-nilo
1391 5353 1711 5415 argumenta
1744 5342 2066 5399 sictnutua-

480 5424 568 5469 tus
592 5418 682 5471 sit.
712 5424 769 5465 ut
796 5416 959 5467 ambo
989 5415 1290 5483 nequitiam
1321 5431 1350 5467 a
1376 5432 1435 5470 se
1470 5427 1661 5469 mutuo
1690 5416 2057 5485 eorrogarint.

480 5485 683 5539 [Ian-esi
716 5485 806 5543 ‘25,
834 5502 954 5553 cap.
985 5487 1118 5551 ull.;
1147 5485 1338 5539 haeresi
1360 5486 1453 5550 24,
1487 5501 1609 5554 cap.
1640 5486 1688 5538 l.
1725 5486 1864 5540 Cor.

552 5556 758 5621 (84-85)
804 5556 1109 5624 Ἁ.1λόὺχὶ
1132 5556 1507 5623 ἀνθρωπείαν
1534 5555 1764 5625 ψυχήν.
1802 5554 2065 5611 [heretica

479 5627 647 5693 pestis
677 5636 1055 5695 suppostorem
1075 5625 1372 5695 infestavit,
1392 5628 1437 5680 si
1462 5626 1742 5681 Christum
1762 5627 1940 5681 anima
1962 5626 2065 5681 hu-

480 5712 643 5749 mana
684 5694 930 5751 caruisse
971 5697 1205 5751 censuit.
1238 5694 1396 5760 Quod
1448 5698 1495 5751 si
1528 5712 1636 5750 non
1671 5698 1909 5751 Arianus
1944 5695 2065 5750 fue~

486 5770 572 5829 rit,
601 5767 693 5820 sed
726 5767 1063 5825 catholicus.
1092 5765 1270 5820 voluit
1315 5774 1411 5819 aut
1458 5766 1738 5821 Christum
1783 5776 2067 5821 constasse

481 5848 593 5891 non
622 5851 849 5907 corpore
872 5845 925 5892 et
949 5836 1132 5892 anima
1158 5844 1392 5902 tantum,
1409 5851 1598 5893 verum
1621 5837 1784 5894 etiam
1816 5847 1869 5895 ct
1888 5835 2066 5894 Verbo

2160 4652 2265 4706 est,
2294 4642 2345 4693 in
2378 4658 2543 4695 carne
2578 4654 2766 4697 nostra
2798 4652 2851 4699 et
2885 4644 3145 4697 humana.
3178 4642 3315 4697 Cor.

2235 4713 2348 4780 (86)
2390 4713 2441 4783 '0
2462 4712 2859 4783 gsvddwvaoc
2889 4715 3268 4781 Νικολαττης.
3304 4710 3428 4766 Vid.
3472 4727 3641 4783 supra
3693 4713 3752 4767 in

2163 4781 2336 4851 Epist.
2368 4782 2436 4834 ad
2470 4781 2839 4851 Τι’(ιζίὶαιιζιιν.

2235 4853 2348 4939 (n87)
2396 4853 2512 4939 Ἐφ’
2537 4849 2629 4939 ρῖς
2652 4853 2978 4939 germanam
3000 4854 3192 4939 adros-
3222 4854 3482 4939 όνςόματα
3520 4851 3759 4939 γεκρῶγ

2161 4924 2505 4990 ἀνθρώπων.
2531 4924 2935 4994 Αιιειίείιιιηιὶιι
2962 4926 3163 4993 quibus
3184 4926 3386 4993 scripta
3411 4932 3539 4977 sunt
3569 4924 3753 4978 solum

2164 4994 2387 5048 nomina
2429 4993 2736 5048 heminam.
2762 5014 2779 5045 ι
2833 4993 3037 5049 Eodem
3078 5011 3206 5049 vero
3245 4995 3408 5048 modo
3462 4994 3755 5048 haereticos

2164 5064 2339 5131 cippis
2371 5073 2425 5118 et
2454 5063 2630 5118 titulis
2660 5074 3006 5118 mortuorum
3035 5074 3321 5133 comparat
3350 5064 3514 5118 etiam
3557 5062 3757 5118 Hiero-

2165 5148 2383 5203 nymus,
2436 5134 2531 5188 lib.
2590 5150 2629 5187 ιι
2662 5134 3018 5190 Commentar.
3065 5138 3120 5189 in
3171 5135 3485 5204 0sew,cap.
3533 5150 3587 5201 χ,
3630 5143 3694 5188 ιιι
3723 5151 3755 5188 a

2166 5204 2430 5259 Maesti-am
2456 5215 2538 5258 est
2566 5206 2654 5259 hic
2686 5216 2955 5259 notatum.
2990 5207 3063 5262 In.

2236 5275 2349 5343 (88)
2396 5274 2640 5340 Μήποτε
2683 5279 2737 5329 οι
2779 5277 3082 5342 θλιϐέντες
3112 5273 3757 5343 ἐξασθενήσητεᾼιίἰ-

2166 5346 2349 5399 culum
2379 5350 2432 5399 οἱ
2465 5346 2753 5399 delendum
2783 5356 2933 5400 notat
2963 5348 3235 5401 Vedelius.
3267 5345 3341 5398 ΙΙ).

2239 5416 2353 5484 (89)
2415 5417 2489 5469 Τό
2531 5415 2766 5485 πνεῦμά
2806 5434 2925 5485 μου
2971 5421 3043 5471 οὐ
3089 5414 3404 5471 πλανᾶται.
3442 5415 3609 5483 Παρὰ
3640 5414 3759 5483 γὰρ

2168 5487 2314 5567 Θεσῦ
2347 5485 2492 5567 ab?!)
2524 5487 2764 5567 εἴληφα.
2789 5487 3055 5567 Anglican
3082 5507 3128 5542 ιι
3171 5487 3410 5556 Spiritus
3442 5502 3552 5539 non
3582 5487 3757 5541 sedu-

2167 5558 2328 5621 citur,
2366 5573 2397 5611 a
2434 5556 2543 5611 Deo
2567 5556 2861 5613 exsistens.
2886 5556 2919 5609 5
2958 5558 3033 5617 In.

2239 5627 2352 5697 (90)
2370 5629 2743 5697 Ἑκραύγασα
2772 5634 2881 5696 γὰρ
2907 5627 3135 5697 μεταξὺ
3167 5627 3270 5691 ὢν,
3296 5626 3583 5682 ἐλάλουν.
3609 5627 3759 5697 Con-

2162 5697 2519 5771 junctioxap
2548 5696 2602 5751 in
2625 5698 2829 5771 _Gr_aeco
2857 5696 3273 5771 Nytlprucciano
3300 5712 3356 5751 et
3386 5698 3606 5771 vulgato
3638 5696 3754 5750 La-

2169 5766 2287 5822 tino
2323 5766 2588 5822 habetur:
2622 5769 2677 5823 in
2704 5766 3246 5839 Grieco'Aiigustaiio
3275 5780 3329 5823 et
3357 5766 3548 5839 nostro
3583 5770 3757 5839 inter:

2168 5849 2319 5911 prete
2365 5839 2666 5907 omittitur;
2704 5839 2796 5912 qui
2845 5840 2918 5896 ita
2969 5837 3150 5897 locum
3183 5849 3422 5910 vertens,
3461 5858 3477 5891 ι
3506 5837 3751 5895 Clamavi
