4076 6384
289 359 379 416 8W
968 347 1329 405 EPISTOIJE
1370 346 1904 404 INTERPOLATAZ.
1947 378 2012 389 -—-
2046 345 2132 400 AD
2157 345 2848 403 .PHlLADELPl-IENSES.

3456 344 3561 400 858

285 475 638 550 χειροτονῆσαι
672 471 968 526 ἐπίσκοπον
1005 472 1136 542 (l7),
1170 474 1250 534 εἰς
1281 471 1340 524 τὸ
1368 470 1705 542 πρεσϐεῦσαι
1750 472 1854 522 ἐκεῖ

1970 469 2310 539 episcopum,
2344 470 2438 538 qui
2465 470 2626 523 obeat
2683 469 2757 522 ibi
2801 467 3130 538 legationem
3165 466 3292 533 Dei;
3325 476 3382 522 ut
3429 482 3564 523 eon-

289 577 413 630 Θεοῦ
457 563 770 634 πρεσὸεἰαν,
822 564 901 624 εἰς
949 560 1008 614 τὸ
1061 559 1478 632 συγχωρηθῆναι
1535 560 1864 629 (18)αὑτοίς

285 656 369 710 ἐπὶ
396 654 454 707 τὸ
484 651 610 706 αὐτὸ
641 652 952 721 γενομένοις
971 689 986 713 ,
1024 651 1070 717 ¹⁰ι
1098 651 1191 702 καὶ
1223 649 1444 714 δοξάσαι
1473 650 1533 701 τὸ
1559 649 1730 719 ὄνομα
1770 650 1862 702 τοῦ

285 748 407 802 Θεοῦ
421 747 528 817 (19)
549 748 610 797 “.
631 744 915 815 Μακάριος
936 746 993 796 ὲν
1011 743 1233 814 Χριστῷ
1264 741 1457 812 Ἰησοῦ,
1476 743 1534 806 ὃς
1552 743 1861 813 κατηξιώθη

291 841 392 912 (διο)
431 839 528 908 τῆς
567 835 823 908 τοιαύτης
861 835 1159 898 διακονίας,
1201 836 1291 888 καὶ
1330 837 1486 904 ὑμεῖς
1530 835 1586 887 δὲ
1632 835 1865 888 σπουδά-

290 947 488 994 σαντες,
523 932 578 982 ἐν
616 926 836 999 Χριστῷ
885 927 1301 996 δοξασθήσεσθε.
1347 926 1572 978 Θέλουσι
1615 926 1672 978 δὲ
1712 927 1862 995 ὑμῖν,

281 1025 334 1075 οὐ
368 1023 524 1073 πᾶσιν
549 1020 809 1076 ἀδύνατον
847 1019 978 1088 (21),
1015 1020 1153 1090 ὑπὲρ
1182 1019 1443 1089 ὀνόματος
1479 1018 1633 1081 Θεοῦ,
1666 1017 1742 1081 ὼς
1773 1018 1866 1070 καὶ

280 1113 360 1165 ἀεὶ
393 1112 502 1184 (22)
533 1116 588 1167 αἱ
617 1113 844 1182 ἔγγιστα
883 1113 1196 1182 Ἐκκλησίαι
1224 1111 1475 1182 ἔπεμψαν
1507 1111 1616 1181 (25)
1645 1111 1868 1164 ἐπισκό-

282 1221 424 1266 πους,
454 1206 507 1256 αἱ
536 1205 593 1257 δὲ
615 1204 1017 1276 πρεσϐυτέρους
1053 1204 1146 1256 καὶ
1177 1203 1475 1266 διακόνους.

345 1296 434 1348 ΧΙ.
460 1295 596 1364 Περὶ
620 1294 677 1347 δὲ
699 1294 930 1356 Φίλωνος
947 1292 1039 1345 τοῦ
1067 1293 1332 1354 διακόνου,
1356 1293 1548 1364 ἀνδρὸς
1574 1292 1681 1346 ἀπὸ
1712 1292 1864 1344 Κιλι-

283 1386 414 1450 κίας,
441 1387 938 1457 μεμαρτυρημένου
978 1383 1089 1454 (24)
1113 1424 1126 1447 ,
1158 1384 1216 1447 ὃς
1256 1385 1348 1438 καὶ
1392 1384 1488 1434 νῦν
1529 1385 1588 1436 ὲν
1634 1383 1776 1452 λόγῳ
1817 1384 1858 1414 ¹¹

280 1480 536 1548 ὑπηρεττεῖ
565 1493 671 1546 μοι,
712 1476 828 1546 ἅμα
866 1476 1010 1545 Γαΐῳ
1041 1475 1083 1506 ¹³
1115 1475 1208 1527 καὶ
1247 1474 1566 1542 Ἀγαθόποδι
1605 1474 1736 1543 (25).
1767 1475 1860 1526 ἁν-

279 1571 356 1641 δρὶ
379 1568 642 1639 ὲκλεκτῷ,
679 1569 738 1632 ὃς
771 1567 881 1620 ἀπὸ
914 1567 1114 1638 Συρίας
1145 1584 1233 1637 μοι
1261 1566 1560 1628 ἀκολουθεῖ,
1585 1566 1860 1630 ἀποταξά-

282 1677 418 1731 μενοι
446 1659 488 1690 ³⁸
513 1657 594 1728 τῷ
638 1657 738 1729 βίῳ
769 1658 901 1729 (26)·
939 1658 988 1709 οἳ
1029 1657 1122 1711 καὶ
1159 1656 1527 1728 μαρτυροῦσιν
1566 1658 1694 1728 ὑμῖν
1723 1658 1854 1728 (27).

342 1803 384 1834 ·⁰
412 1801 568 1855 deest
595 1800 648 1852 in
685 1799 756 1853 al.
834 1799 874 1829 ¹¹
910 1813 1013 1852 ms.
1038 1795 1296 1870 Χριστοῦ.

1379 1798 1421 1828 ¹²
1455 1795 1495 1849 f.
1523 1796 1688 1851 inser.
1717 1797 1873 1852 Θεοῦ.
1955 1799 1999 1831 ³⁸
2026 1800 2097 1856 al.
2127 1800 2318 1870 Γαυῒᾳ.

1971 562 2197 615 cedatur
2238 561 2345 615 illis
2386 562 2438 614 in
2488 562 2738 615 eumdem
2789 561 2966 614 locum
3000 559 3365 630 congregatis,
3391 560 3560 614 etiam

1969 655 2275 724 glorificare
2305 669 2504 708 nomen
2537 653 2652 707 Dei.
2698 653 2894 707 Beatus
2935 655 3022 706 ille
3069 654 3122 707 in
3149 654 3369 708 Christo
3406 653 3561 721 Jesu,

1971 745 2064 813 qui
2091 745 2288 815 dignus
2329 746 2548 798 habitus
2578 745 2740 798 fuerit
2777 744 3045 814 ejusmodi
3091 746 3431 811 ministerio;
3465 761 3564 800 vos

1970 851 2189 905 quoque
2219 837 2460 889 studium
2495 836 2836 899 adhibentes,
2872 836 2926 890 in
2964 836 3186 890 Christo
3230 837 3563 908 glorificabi-

1973 927 2126 979 mini.
2155 925 2476 981 Volentibus
2518 937 2698 981 autem
2737 927 2892 980 vobis
2923 942 3031 980 non
3061 929 3166 982 erit
3196 944 3421 998 prorsus
3453 928 3561 983 im-

1970 1018 2249 1086 possibile,
2285 1033 2381 1086 pro
2415 1019 2635 1072 nomine
2665 1017 2795 1083 Dei;
2835 1025 2894 1071 ut
2936 1028 2991 1071 et
3032 1034 3245 1086 semper
3296 1021 3562 1087 proximae

1972 1106 2251 1169 Ecclesiae,
2279 1108 2398 1161 aliae
2441 1109 2711 1161 miserunt
2756 1109 3062 1177 episcopos.
3108 1109 3384 1164 nonnullae
3427 1123 3560 1164 vero

1966 1199 2315 1268 presbyteros
2346 1208 2397 1252 et
2436 1199 2718 1253 diaconos.

2037 1287 2130 1342 Xl.
2164 1288 2241 1342 De
2268 1288 2495 1343 Philone
2530 1300 2710 1344 autem
2740 1290 2995 1355 diacono,
3020 1291 3138 1346 viro
3169 1291 3340 1346 Cilice
3371 1293 3564 1348 lauda-

1970 1381 2206 1447 tissimo,
2241 1382 2335 1450 qui
2385 1391 2438 1440 et
2481 1397 2627 1436 nunc
2662 1383 2792 1435 mihi
2836 1383 2887 1436 in
2921 1384 3088 1437 verbo
3131 1384 3221 1438 Dei
3262 1386 3558 1452 ministrat,

1968 1489 2078 1527 una
2130 1489 2255 1527 cum
2299 1474 2434 1527 Caio
2482 1483 2534 1526 et
2583 1472 2958 1544 Agathopode,
3007 1475 3126 1529 viro
3165 1476 3356 1542 electo,
3393 1477 3485 1545 qui
3529 1493 3560 1532 a

1970 1564 2127 1637 Syria
2155 1581 2242 1621 me
2273 1566 2588 1629 comitatur,
2622 1568 2809 1621 relicto
2842 1567 3041 1621 saeculo
3070 1585 3083 1620 :
3115 1569 3206 1636 qui
3230 1578 3282 1622 et
3310 1569 3377 1623 de
3406 1569 3561 1624 vobis

1969 1659 2349 1713 testificantur.
2383 1658 2447 1712 Et
2472 1673 2572 1729 ego
2609 1658 2719 1713 Deo
2742 1675 2844 1728 ago
2876 1659 3078 1730 gratias
3114 1659 3181 1714 de
3210 1661 3390 1725 vobis,
3411 1660 3562 1731 quod

2400 1801 2443 1831 ”
2479 1799 2515 1853 f.
2541 1800 2972 1871 ἀποταξάμενος.

278 1941 354 1986 at;
403 1922 578 1993 μικρὰ
635 1921 1169 1993 τοῖςῌΧριστιοινοῖς.
1217 1917 1546 1993 {Praecepit
1596 1918 1671 1972 illi
1717 1920 1854 1993 idem

1967 1921 2281 1993 thopodem,
2324 1939 2342 1972 ι
2377 1921 2429 1974 in
2457 1919 2702 1993 Epistula
2735 1937 2862 1993 vero
2902 1919 3295 1993 adSmyrawos
3328 1941 3346 1971 ‹
3385 1919 3560 1976 Reum

276 1987 558 2059 Trajanus,
585 2001 643 2044 ut
679 2006 706 2043 a
739 1987 1070 2042 Christianis
1120 1987 1434 2059 occidendis
1479 1999 1738 2046 cessaret.
1776 1989 1863 2043 Si-

274 2057 464 2117 militer
497 2075 680 2115 autem
732 2068 788 2113 et.
832 2060 953 2112 aliis
993 2060 1231 2127 undique
1277 2057 1548 2129 prtefectis
1580 2062 1857 2129 praecepit,

274 2147 329 2188 ut
365 2136 414 2186 in
447 2141 727 2201 posterum
763 2145 792 2182 a
822 2130 1062 2183 caedibus
1101 2144 1290 2201 eorum
1321 2129 1414 2201 qui
1441 2128 1862 2201 Christianidi-

275 2199 524 2257 cebautur
559 2203 911 2255 abstinerent.
946 2201 1122 2268 Atque
1151 2200 1222 2252 ita
1247 2199 1584 2268 indulgentia
1609 2199 1862 2268 aliquan-

275 2274 377 2327 tula
429 2273 756 2325 fruebantur
805 2267 1124 2324 Christiani.
1172 2288 1188 2318 ι
1243 2267 1387 2322 Idem
1439 2270 1583 2337 apud
1631 2267 1858 2324 Suidam

274 2360 479 2413 quoque
511 2343 734 2411 legitur,
762 2341 816 2413 in
849 2340 1133 2413 Τραϊανός.
1162 2338 1356 2413 lissea.

340 2408 446 2482 (Π)
468 2408 1278 2482 Χεῴοτον-ῆσαιἐπίσκοπον.
1300 2408 1585 2482 Anglican.
1612 2411 1813 2465 rectius
1841 2426 1856 2465 :

280 2501 297 2534 ι
334 2479 586 2538 erdinare
617 2482 933 2544 diaconum,
971 2501 989 2531 ι
1028 2481 1078 2532 id
1106 2489 1186 2534 est
1218 2479 1503 2547 designare
1537 2481 1854 2543 diaconum,

275 2554 358 2622 qui
402 2553 731 2622 legationem
789 2553 967 2622 obeat.
1001 2550 1534 2622 ΔΧειροειτονεγῖν-οιιίιη
1585 2549 1857 2620 llesychio

269 2618 592 2694 generaliter
623 2621 895 2694 significat
921 2618 1202 2690 καθιστᾷν,
1219 2618 1495 2689 ψηφίζειν,
1520 2639 1538 2670 ι
1562 2618 1858 2677 constitue-

276 2690 347 2756 re,
375 2690 697 2748 decet-nerei
734 2710 753 2743 ι
781 2690 853 2743 In.

341 2761 972 2833 (18)Συγ·χῳρηθῆναι.
1024 2759 1309 2833 Anglican.
1366 2780 1384 2813 ι
1429 2761 1794 2832 congaudere,
1831 2781 1850 2816 ι

279 2831 736 2906 συγχάρῆνοίιηη.

339 2900 760 2975 (ἱῦγίΔοξὰσαι
811 2901 880 2954 τὸ
936 2901 1124 2975 ὄνομα
1179 2902 1287 2956 τοῦ
1342 2901 1509 2975 Θεοῦ.
1568 2901 1853 2972 Anglican.

274 2994 296 3026 ι
327 2973 630 3044 glorificare
659 2988 892 3044 nomen;
914 2991 952 3044 _g
975 2973 1243 3037 absolute,
1271 2973 1734 3044 quemadmodum
1763 2989 1858 3028 su—

272 3041 382 3114 pra,
408 3046 458 3099 in
503 3042 755 3112 Epistula
795 3041 862 3095 ad
905 3041 1191 3114 Ephesios,
1237 3043 1296 3095 τὸ
1336 3043 1507 3113 ὄνομα
1541 3043 1856 3113 περιφέρειν

273 3113 474 3170 dixerat
497 3115 747 3184 Ignatius
775 3131 789 3178 ;
823 3115 968 3181 quod
993 3113 1245 3182 vulgatus
1275 3115 1544 3184 interpres
1576 3114 1811 3184 reddidit
1839 3132 1852 3167 :

274 3203 298 3234 -ο
325 3201 514 3241 nomen
535 3183 755 3238 Christi
786 3184 1270 3252 eireumportare.»
1299 3183 1501 3237 Eodem
1526 3183 1688 3238 modo
1719 3199 1854 3236 cno-

1965 2001 2019 2045 et
2071 1992 2416 2059 Agathopum
2480 2010 2497 2041 ι
2560 1991 2739 2044 habet.
2790 1991 3120 2045 Franciscus
3173 1991 3424 2045 Bivarius
3470 1994 3558 2060 (in

1964 2061 2148 2114 Dextri
2173 2062 2506 2125 Chronicon,
2527 2077 2653 2114 ann.
2685 2060 2887 2115 Christi
2910 2061 2995 2125 70,
3025 2072 3380 2116 commentar.
3401 2078 3554 2116 num.

1963 2131 2016 2196 5)
2044 2132 2336 2204 utrobique
2373 2151 2390 2181 ι
2426 2131 2696 2204 Caio,_qui
2742 2141 2793 2185 et
2832 2132 3207 2204 ‘AgalhOppiQ,
3241 2151 3259 2182 ›
3289 2133 3504 2204 reponit
3539 2150 3554 2186 :
3621 2183 3627 2190 .

1963 2203 2056 2255 sed
2104 2201 2432 2270 quibusdam
2478 2201 2762 2254 codicibus
2813 2202 3003 2254 deesse
3052 2203 3203 2255 addit
3258 2201 3552 2256 relativum
3626 2219 3632 2226 '

1970 2290 1988 2321 ι
2014 2273 2173 2340 ρυίς»
2207 2272 2349 2338 quod
2381 2272 2434 2324 in
2467 2272 2630 2323 nullis
2660 2281 2837 2324 tamen
2863 2272 3143 2325 codicibus
3167 2273 3455 2340 cgoadhuc
3475 2289 3557 2326 re-

1961 2343 2097 2409 peri,
2125 2358 2300 2411 neque
2319 2342 2494 2411 alium
2527 2351 2866 2408 reperturum
2899 2357 3018 2394 esse
3043 2343 3314 2395 existimo.
3343 2341 3554 2395 Simili-

1965 2420 2153 2480 terque
2204 2410 2256 2464 in
2305 2410 2559 2480 Epistolis
2609 2412 2812 2479 lgnatio
2857 2411 3078 2466 tributis
3123 2412 3191 2463 ad
3232 2412 3554 2477 Tarscttses,

1959 2482 2314 2535 Antioclteuos
2376 2491 2429 2535 et
2474 2481 2879 2549 Philippeuses;
2935 2497 3031 2549 pro
3063 2550 3068 2551 ν
3096 2500 3114 2531 ι
3155 2481 3491 2551 Agathopus,
3532 2503 3551 2534 ι

1961 2562 2150 2605 contra
2193 2552 2444 2606 codicum
2494 2551 2674 2614 fidem,
2711 2570 2727 2602 ι
2770 2550 3144 2620 Agathoppius
3173 2550 3554 2606 {substituitz

1961 2621 2105 2690 quod
2139 2623 2572 2676 animadvertere
2595 2621 2710 2674 vult
2734 2636 2827 2675 eos
2847 2622 2941 2690 qui
2966 2622 3230 2676 hactenus
3258 2622 3312 2674 in
3337 2621 3560 2690 Episto-

1959 2689 2028 2746 lis
2085 2689 2140 2746 S.
2197 2692 2390 2761 lgnatii
2437 2711 2455 2744 (
2503 2689 2907 2761 Agathoppium
2959 2709 2978 2742 ι
3034 2689 3397 2746 crediderunt
3435 2708 3559 2747 esse

1960 2777 2158 2816 nomen
2200 2762 2432 2831 simplex
2462 2762 2745 2830 cujusdam
2791 2762 2925 2815 socii
2977 2761 3160 2831 illius;
3198 2777 3322 2816 eum
3370 2771 3556 2817 tamen

1960 2830 2325 2900 compositum
2347 2833 2436 2896 sit,
2465 2844 2516 2886 et
2536 2833 2675 2885 idem
2706 2841 2868 2900 atque
2891 2833 3094 2885 «bonus
3119 2830 3324 2900 Oppius
3344 2850 3391 2898 ;›
3429 2847 3554 2886 nam

1965 2903 2348 2974 «agatlios)(ut
2366 2903 2456 2957 ille
2469 2917 2561 2974 eos
2581 2902 2788 2974 docet):
2802 2902 2975 2974 bonus
2989 2920 3006 2952 ι
3033 2902 3554 2974 sonat.thuoniam

1966 2991 1985 3022 «
2022 2971 2346 3041 Agathoppii
2379 2993 2397 3024 ι
2429 2973 2513 3026 sui
2545 2972 2844 3025 luminibus
2879 2971 3093 3026 ofﬁcere
3122 2971 3334 3026 videbat
3367 2991 3386 3023 ‹
3422 2989 3556 3027 san-

1958 3040 2172 3096 ctorum
2225 3041 2470 3096 Pbilonis
2522 3052 2574 3096 et
2621 3040 2994 3110 Agathopodis
3049 3041 3406 3097 diaconorum
3441 3062 3460 3094 ι
3500 3044 3555 3097 in

1959 3111 2347 3183 Martyrologio
2378 3112 2650 3176 Romano,
2686 3113 2753 3165 ad
2782 3112 2851 3183 ‘25
2883 3113 3025 3166 diem
3057 3111 3281 3183 Aprilis,
3310 3113 3558 3167 celebra-

1960 3190 2068 3235 tam
2103 3182 2421 3237 memoriam
2444 3201 2457 3236 :
2485 3202 2502 3232 ι
2529 3198 2555 3235 a
2578 3183 2750 3236 sciolo
2784 3182 2968 3250 aliquo
2994 3201 3012 3232 ι
3033 3183 3216 3236 addita
3249 3182 3416 3237 fuisse
3452 3184 3555 3237 ista

271 3257 454 3309 minis»
492 3271 629 3308 voce
661 3255 832 3308 utitur
858 3255 1022 3306 etiam
1069 3253 1407 3324 Cyprianus:
1443 3261 1540 3310 Div
1559 3255 1701 3322 apud
1751 3253 1856 3309 He-
1884 3285 1926 3341 ε
1961 3253 2232 3318 allii-mat;
2269 3262 2323 3306 et
2383 3253 2449 3306 ad
2497 3252 2899 3373 Agathoppium
2955 3263 3230 3319 spectare,
3278 3269 3400 3322 quae
3452 3255 3556 3308 sub

274 3322 435 3373 bram:
470 3345 489 3373 ι
531 3325 704 3373 Deum
743 3342 761 3373 ι
805 3325 1007 3373 nassim
1034 3323 1274 3373 denotat.
1310 3323 1385 3373 ID.
1960 3323 2182 3373 nomine
2220 3322 2366 3373 Caii.
2416 3322 2483 3373 ad
2577 3322 2606 3372 7
2658 3323 2801 3373 diem
2850 3320 3220 3373 Septembris.
3268 3323 3321 3373 in
3364 3323 3556 3373 eodem

274 3322 435 3379 breeos
470 3345 489 3377 ι
531 3325 704 3377 Deum
743 3342 761 3373 ι
805 3325 1007 3391 passim
1034 3322 1274 3377 denotat.
1310 3323 1385 3376 In.

472 3393 944 3468 Ιιίιέῑηφξιώθη.λλ.Δ
968 3391 1313 3468 Καταξιῳβ-ῇ.
1328 3394 1478 3468 _C0'r_.

337 3463 440 3533 (2i)
476 3469 564 3518 Οὐ
602 3463 792 3518 πᾶσιν
837 3463 1154 3517 ἀδύνατον.
1207 3463 1340 3517 Illud
1387 3465 1554 3516 πᾶσιν
1611 3465 1861 3529 agnoscit

271 3533 711 3603 vetus'vulgatus
755 3535 1061 3603 interpres;
1096 3534 1188 3587 sed
1236 3549 1343 3586 non
1386 3533 1722 3603 Anglicanus
1762 3552 1860 3590 no-

273 3615 391 3658 ster.
441 3605 604 3671 Quod
657 3605 702 3658 si
725 3671 733 3672 η
755 3607 1074 3668 retineatur,
1115 3605 1168 3656 in
1221 3603 1567 3657 παντάπασιν
1611 3607 1856 3672 omnino,

271 3689 385 3754 cum
423 3676 672 3799 llJ’atricio
703 3671 870 3728 Junio
900 3683 1110 3740 nostro,
1143 3675 1466 3728 mutandum
1510 3675 1858 3729 existimave-

271 3759 388 3798 rim.
473 3761 626 3799 ssen.

271 3759 388 3798 1⁸1111.
426 3759 626 3800 USSEB.

337 3816 442 3885 (2‘2)
472 3816 606 3870 Ἀεί.
649 3812 836 3882 Neque
887 3815 987 3886 hoc
1035 3823 1222 3886 noster
1260 3815 1507 3886 agnoscit
1538 3815 1804 3886 interpres
1839 3835 1853 3871 :

272 3899 362 3953 pro
390 3902 453 3939 eo
497 3906 514 3936 ε
554 3886 808 3954 quaedam
849 3904 867 3935 ι
901 3885 1256 3940 substituens.
1295 3885 1370 3938 ID.

335 3955 444 4024 (‘25)
479 3957 820 4022 Ἔπεμψαν.
875 3955 954 4008 lta
999 3966 1052 4008 et
1105 3963 1290 4008 noster
1338 3956 1506 4024 legit;
1562 3954 1653 4009 ubi
1701 3965 1858 4010 vetus

269 4029 508 4094 vulgatus
546 4043 567 4076 ‹
599 4027 832 4089 mittere,
856 4043 900 4096 7i
924 4024 1161 4096 πέμψαι,
1199 4027 1346 4093 quod
1387 4025 1661 4078 Vairlenio
1686 4027 1858 4096 magis

271 4096 480 4163 placuit.
517 4097 632 4148 Aut
660 4096 711 4148 id
758 4095 928 4159 verbi,
964 4095 1161 4163 inquit,
1188 4096 1621 4149 subaudiendum
1655 4098 1758 4150 erit
1785 4095 1856 4150 in

272 4167 426 4232 priori
452 4165 725 4220 orationis
756 4175 926 4233 parte,
961 4173 1021 4217 ut
1051 4165 1140 4218 hic
1165 4166 1233 4218 sit
1258 4181 1452 4220 sensus
1487 4182 1500 4218 :
1528 4185 1546 4216 ι
1574 4163 1740 4220 Vobis
1771 4182 1860 4219 vo-

270 4238 498 4290 lentibus
555 4250 664 4288 non
713 4237 817 4288 erit
867 4250 1122 4304 prorsum
1175 4235 1545 4305 impossibile,
1584 4255 1601 4285 »
1644 4237 1854 4305 supple,

273 4307 477 4386 mittere
521 4305 848 4426 epislcopos,
879 4324 897 4356 ι
937 4314 997 4358 ut
1043 4305 1306 4374 proximae
1347 4305 1604 4360 Ecclesia:
1644 4322 1858 4376 semper

273 4386 552 4426 Ituserunt.
587 4394 603 4425 ι
658 4383 709 4426 υ.

272 4377 552 4430 miserunt.
587 4394 603 4425 ι
636 4377 709 4429 ID.

338 4447 442 4516 (“24)
470 4445 614 4513 Περὶ
639 4444 706 4497 δὲ
727 4445 1003 4516 φίλιιννος·Δ
1020 4444 1126 4498 τοῦ
1153 4444 1454 4510 διακόνου,
1486 4444 1706 4513 ἀνδρὸς
1738 4445 1857 4498 ἀπὸ

269 4513 558 4587 ξςιληέίας,
585 4513 1328 4587 μεμαρτυρημένουλὶοαοχ
1361 4516 1812 4587 Nydpruccianus
1840 4535 1854 4568 :

270 4584 397 4656 nep".
420 4588 513 4658 καὶ
537 4586 791 4658 Φίλωνος,
817 4595 946 4649 etc.,
972 4586 1078 4638 ἀπὸ
1106 4585 1310 4658 κοιλίας
1335 4584 1658 4658 μεμαρτυρη
1669 4586 1852 4656 μένου,

270 4654 407 4722 quod
433 4657 677 4710 Joannes
707 4654 1024 4709 Brunnerus
1056 4657 1284 4709 reddidit
1311 4654 1366 4709 ;⁷‹
1404 4654 1728 4710 ῡεΡὴῖιόιιο
1755 4671 1853 4709 au-

271 4734 370 4778 tem
402 4728 658 4790 diacono,
686 4726 803 4777 viro
835 4726 904 4777 ab
942 4726 1160 4779 ineunte
1195 4737 1353 4780 aetate
1389 4727 1784 4781 laudatissimo.
1825 4745 1843 4776 ›

393 4797 861 4867 Augustalius,_et
876 4795 1083 4864 antiqui
1115 4797 1276 4867 ambo
1300 4795 1476 4851 Latini
1505 4798 1846 4867 interpretes,

269 4863 514 4930 Κιλικίας
549 4866 748 4919 rectius
779 4865 978 4918 habent
1007 4863 1018 4916 ἑ
1048 4881 1144 4934 pro
1165 4866 1364 4934 quibus
1389 4877 1443 4920 et
1473 4867 1600 4920 illud
1631 4863 1684 4918 in
1718 4864 1850 4935 Epi-

270 4935 401 5008 slqla
450 4938 519 4989 ad
576 4935 888 5008 Tarsenses‘
906 4935 1075 5008 facit:
1113 4935 1438 5008 Ἀσπᾲζεται
1489 4938 1632 5008 ὑμᾶς
1675 4935 1848 4988 Φίλων

269 5003 296 5053 ὁ
320 5003 561 5069 διάκονος
599 5005 772 5075 ὑμῷν.
805 5025 822 5055 ‹
857 5003 1069 5058 Salutat
1108 5021 1206 5075 vos
1249 5005 1406 5060 Philo
1449 5003 1714 5062 diaconus
1755 5021 1848 5060 ve-

272 5083 407 5146 ster;
453 5096 472 5127 ι
501 5092 614 5146 quo
641 5074 1016 5146 ’cTarseusem
1067 5076 1118 5128 in
1143 5074 1333 5146 Cilicia
1362 5096 1379 5128 ι
1403 5076 1694 5133 diaconum
1719 5091 1845 5130 eum

271 5143 453 5210 fuisse,
484 5143 676 5200 auctor
714 5145 1023 5214 significare
1051 5147 1239 5199 voluit.
1266 5145 1334 5197 in.

338 5214 447 5288 (25)
482 5218 628 5285 Ἅμα
658 5218 817 5288 fuitp
844 5215 943 5288 καὶ
977 5215 1344 5288 Ἀγαθόποδι.
1375 5215 1449 5270 Ita
1483 5217 1662 5288 codex
1699 5214 1846 5286 Nyd-

269 5287 621 5356 praccianus,
661 5287 831 5356 Γαυῒᾳ
874 5287 1226 5356 Augustanus
1278 5287 1368 5340 hic
1409 5287 1601 5356 habet;
1646 5289 1742 5340 sed
1791 5289 1845 5339 in

274 5351 506 5419 Epistola
543 5357 610 5409 ad
641 5351 1151 5426 Smyrnwosfl‘a'tiov
1182 5358 1275 5408 mi.
1309 5355 1676 5424 Ἀγαθόποδα;
1709 5371 1848 5425 quo-

274 5428 426 5497 modo
473 5437 627 5483 vetus
673 5431 924 5497 vulgatus
968 5429 1132 5480 etiam
1173 5427 1258 5480 hic
1305 5428 1432 5495 legit
1470 5444 1482 5478 :
1515 5444 1532 5476 ι
1571 5443 1674 5479 una
1720 5441 1844 5480 cum

273 5491 402 5567 Caio
423 5508 472 5549 et
501 5491 829 5567 Agathopd:
871 5516 889 5547 ι
926 5498 1086 5551 sicuti
1135 5512 1199 5550 ex
1243 5491 1398 5550 libris
1439 5497 1597 5551 editis
1636 5505 1692 5549 et
1738 5513 1843 5549 ms.

273 5559 662 5640 liagdalenéusi
689 5559 1123 5640 ii'nprimendutrr
1151 5568 1483 5640 curavimus,
1511 5577 1565 5620 et
1589 5567 1715 5640 licet
1745 5567 1848 5619 Ba-

274 5631 512 5711 lioleiisis
541 5655 642 5711 ms.
669 5631 849 5711 hocin
881 5639 1002 5691 loco
1033 5655 1050 5686 ι
1085 5637 1253 5711 Gavia
1285 5631 1592 5707 AgathOpo,
1629 5655 1647 5686 ι
1683 5636 1846 5690 Peta-

273 5707 460 5776 vianus
488 5725 506 5757 ι
539 5708 672 5762 Gaio
707 5718 761 5762 et
785 5709 1033 5774 ChatOpo
1063 5727 1082 5760 ι
1119 5707 1312 5762 habeat
1341 5727 1353 5760 :
1402 5718 1628 5776 uterque
1667 5716 1846 5760 tamen

273 5771 594 5847 in_l€pistola
625 5780 692 5831 ad
730 5771 1052 5847 Smyruw'os,
1084 5798 1102 5828 ‹
1142 5779 1330 5832 Caium
1365 5790 1419 5831 et
1448 5771 1789 5846 Agalhopum
1824 5795 1841 5826 ι

272 5844 496 5901 exhibet.
532 5847 726 5905 Noster
766 5844 1053 5917 inierpres,
1087 5850 1172 5904 hic
1207 5851 1426 5918 quidem
1458 5869 1474 5899 ι
1506 5844 1678 5904 Reum
1702 5848 1849 5918 Aga~

1960 3323 2182 3376 nomine
2220 3322 2366 3387 Caii,
2416 3322 2483 3376 ad
2536 3320 2606 3373 27
2658 3320 2801 3375 diem
2850 3320 3220 3389 Septembris,
3268 3320 3321 3376 in
3364 3323 3557 3378 eodem

1957 3402 2143 3461 postea
2191 3401 2318 3446 sunt
2364 3393 2620 3458 ascripta.
2658 3409 2677 3442 ι
2715 3391 3004 3444 Mediolani
3051 3391 3255 3461 S.7Caii
3287 3392 3553 3461 episc0pi,

1957 3460 2212 3530 discipuli
2251 3461 2312 3515 Β.
2347 3461 2607 3515 Barnaba:
2657 3461 2926 3529 apostoli;
2974 3463 3065 3528 qui
3101 3460 3200 3515 SS.
3228 3460 3551 3516 Cervasium

1958 3541 2013 3585 et
2059 3531 2369 3586 Protasium
2413 3531 2727 3599 baptizavit,
2757 3539 2811 3584 et
2842 3532 3011 3583 multa
3067 3533 3119 3600 in
3171 3533 3555 3600 persecutione

1957 3600 2190 3656 Neronis
2225 3617 2443 3670 passus,
2474 3603 2529 3670 in
2571 3616 2703 3668 pace
2731 3601 2958 3669 quievit.
2995 3620 3014 3650 ι
3049 3599 3187 3670 ριιὲ
3218 3603 3400 3655 omnia
3442 3617 3553 3658 non

1958 3673 2068 3725 alio
2099 3669 2332 3726 subnixa
2359 3679 2486 3725 sunt
2509 3669 2889 3733 fundamento,
2915 3686 3080 3738 quam
3109 3669 3553 3727 Pseudo-Dextri

1959 3743 2189 3796 somniis
2216 3755 2231 3793 :
2263 3742 2357 3810 qui
2393 3741 2460 3794 ad
2485 3757 2614 3794 ann.
2648 3740 2853 3794 Christi
2883 3741 2952 3794 54
2991 3742 3366 3796 centurionem
3393 3743 3550 3796 illum

1957 3812 2051 3880 qui
2089 3829 2107 3862 ι
2145 3811 2366 3864 Christo
2409 3811 2665 3880 morienti
2713 3813 2768 3863 in
2815 3825 2979 3864 cruce
3028 3829 3047 3863 ι
3082 3812 3356 3880 egregium
3397 3814 3553 3866 testi-

1958 3828 2051 3880 qur
2089 3829 2107 3862 ι
2145 3828 2366 3864 ωιτιδιυ
2409 3828 2662 3864 ηιοιηθηιι
2713 3828 2768 3863 ιη
2815 3828 2979 3864 cruce
3028 3829 3047 3863 ι
3082 3828 3111 3865 e
3151 3828 3206 3863 re
3245 3828 3356 3864 tum
3397 3828 3550 3866 tesu-

1958 3881 2203 3951 inonium
2259 3881 2570 3949 perhibuit,
2616 3879 2808 3933 Matth.
2863 3897 3034 3946 xxvu,
3079 3828 3168 3946 δῖ,
3314 3881 3550 3951 Oppium

1960 3949 2264 4020 Hispanum
2295 3951 2467 4005 fuisse
2498 3951 2802 4014 fabulatus;
2831 3951 2900 4004 ad
2923 3967 3125 4020 animm
3155 3951 3220 4004 70
3247 3949 3547 4018 inter'alia,

1957 4021 2026 4075 de
2064 4019 2254 4075 eodem
2292 4021 2479 4090 adjicit
2510 4037 2525 4075 :
2557 4039 2576 4071 ι
2607 4021 2913 4075 Comitatur
2945 4019 3210 4075 Joannem
3237 4031 3290 4074 et
3317 4020 3550 4076 Romam

1957 4107 2149 4162 usque,
2175 4090 2461 4160 lgnatium.
2501 4090 2629 4162 Inde
2658 4092 2806 4162 venit
2851 4090 3244 4162 Mediolanum,
3276 4102 3329 4145 et
3362 4092 3547 4162 ponti-

1957 4159 2054 4216 fex’
2084 4161 2175 4232 ibi,
2197 4159 2373 4216 factus
2420 4162 2474 4214 in
2528 4161 2763 4214 Domino
2812 4162 3067 4216 moritur.
3101 4181 3120 4212 ι
3154 4159 3341 4230 Neque
3363 4159 3548 4232 ’ejius-

1958 4232 2104 4286 modi
2144 4231 2336 4285 Caium
2367 4232 2682 4300 episcopum
2730 4232 2871 4285 inter
2921 4247 3048 4285 suos
3085 4242 3392 4299 agnoscunt
3427 4231 3549 4287 Me-

1957 4302 2323 4357 diolanenscs.
2373 4302 2544 4355 Suum
2574 4303 2720 4355 enim
2762 4301 2957 4355 Caiqu
2997 4302 3172 4370 patria
3213 4300 3547 4369 Romanum,

1959 4381 2322 4441 cognomento
2377 4370 2649 4441 Sergium,
2684 4380 2739 4425 et
2780 4371 3044 4426 Barnabas
3089 4372 3324 4440 apostoli
3369 4373 3549 4426 alum-

1963 4457 2094 4495 num
2123 4442 2294 4496 fuisse
2322 4441 2529 4505 dicunt,
2563 4451 2621 4495 ut
2667 4441 2723 4494 in
2761 4441 3121 4494 Historiarum
3153 4441 3407 4495 Ecclesiw
3435 4443 3549 4496 Me-

1959 4512 2284 4634 iliolanensis
2331 4514 2471 4566 libro
2522 4527 2538 4564 ι
2595 4513 2761 4566 refert
2810 4510 3082 4581 Josephus
3125 4509 3544 4582 .Bipamontius.

1988 4596 2039 4633 ο.

1988 4596 2039 4633 D.

1889 4635 1933 4689 D
2030 4652 2136 4722 (26)
2177 4651 2361 4720 Ἀνὸρὶ
2392 4650 2670 4716 ἐκλεκτῷ,
2696 4651 2764 4716 ὃς
2783 4651 2899 4722 ἀπῤ
2923 4653 3143 4719 Συρίας
3162 4669 3266 4719 μοι
3289 4653 3547 4722 ἀκολου-

1957 4721 2064 4784 θεῖ,
2088 4721 2523 4790 ἀποταξάμενοι
2568 4722 2647 4785 τῷ
2679 4722 2830 4786 βίῳ.
2861 4721 3076 4774 Plurale
3107 4722 3237 4775 illud
3281 4721 3549 4788 ἀποταξά-

1960 4809 2108 4862 μενοι
2139 4809 2262 4846 cum
2299 4793 2730 4861 praecedentibus
2764 4807 2870 4844 non
2903 4792 3179 4857 cohaeret;
3213 4801 3267 4845 et
3295 4793 3540 4860 singula-

1955 4861 2086 4917 riter
2119 4863 2245 4928 legit
2277 4872 2462 4916 noster
2505 4863 2770 4929 interpres
2795 4901 2808 4924 ,
2853 4876 2975 4915 cum
3022 4861 3254 4914 reddidit
3281 4880 3294 4914 :
3327 4880 3346 4912 ι
3379 4862 3542 4916 abre-

1955 4934 2214 4986 nuntiaus
2239 4932 2458 4986 saeculo.
2498 4950 2517 4982 ι
2553 4929 2719 4984 Vetus
2747 4946 2880 4985 vero
2911 4930 3181 4998 vulgatus,
3209 4932 3405 5000 plurali
3439 4947 3544 4984 nu-

1954 5019 2106 5057 mero
2139 5011 2369 5061 retento,
2396 5009 2615 5055 coactus
2646 5001 2748 5053 fuit
2779 5001 3214 5070 supplementum
3249 5003 3353 5056 hoc
3378 5004 3544 5054 inter-

1953 5087 2154 5140 ponere
2199 5091 2211 5125 :
2260 5090 2278 5121 ‹
2327 5070 2613 5125 Testilicor
2658 5072 2846 5134 vobis,
2901 5071 3030 5139 quia
3087 5073 3542 5125 renuntiaverunt

1953 5144 2174 5206 saeculo,
2212 5161 2230 5192 ι
2261 5143 2381 5196 sine
2410 5157 2517 5210 qua
2549 5151 2726 5194 tamen
2759 5141 3190 5210 interpositione,
3220 5141 3295 5195 ila
3325 5140 3541 5195 facilius

1952 5213 2228 5266 emendari
2262 5213 2525 5281 potuisset
2572 5222 2795 5281 textus:
2841 5211 3121 5281 Ἀνδράσιν
3156 5211 3453 5275 ἐκλεκτοῖς,
3488 5210 3538 5263 οἳ

1953 5283 2060 5346 ἀπὸ
2104 5280 2301 5352 Συρίας
2335 5300 2422 5352 μοι
2449 5280 2848 5347 ἀκολουθοῦσιν,
2863 5280 3261 5351 ἀποταξάμενοι
3296 5281 3374 5352 τῷ
3415 5282 3536 5351 βίῳ,

1953 5353 2394 5421 quandoquidem
2452 5367 2560 5405 non
2608 5352 2946 5420 Agathopodi
2998 5355 3126 5421 soli,
3171 5355 3262 5406 sed
3321 5354 3538 5406 duobus

1953 5420 2115 5476 etiam
2142 5423 2388 5492 reliquis,
2412 5421 2625 5476 Philoni
2651 5431 2704 5476 et
2727 5423 2882 5486 Caio,
2909 5422 2962 5473 in
2987 5420 3228 5490 Epistula
3257 5427 3324 5474 αα
3352 5421 3535 5490 Smyr-

1956 5509 2095 5546 nwos
2129 5494 2440 5563 cornutunis
2468 5493 2582 5545 D360
2625 5494 2746 5547 laus
2795 5493 3067 5563 tribuitur
3093 5494 3162 5546 ab
3197 5492 3404 5563 lguatio
3429 5510 3442 5546 :
3472 5492 3536 5545 Οἳ

1953 5562 2398 5634 ὲπηκολούθησάν
2434 5579 2522 5632 μοι
2561 5564 2640 5625 εἰς
2672 5563 2833 5634 λόγον·
2865 5561 3020 5634 Θεοῦ.
3053 5561 3129 5634 ιη.

2026 5630 2136 5704 (‘27)
2191 5630 2397 5686 οῖ’λιαὶ
2437 5630 2851 5702 μαρτυροῦσιν·
2897 5631 3056 5700 ὑμῖν.
3107 5630 3273 5687 Vetus
3327 5633 3534 5703 vulgat.

1962 5725 1979 5756 ι
2011 5716 2064 5758 et
2123 5708 2479 5774 martyrium_
2506 5720 2910 5774 consummare
2945 5704 3242 5773 elegerunt.
3287 5723 3305 5754 ι
3341 5704 3536 5758 Noster

1957 5789 2083 5828 vero
2126 5772 2412 5843 interpres.
2443 5772 2630 5827 Graeco
2689 5772 3098 5829 convenientids
3129 5791 3140 5826 :
3175 5793 3191 5826 ι
3229 5774 3333 5842 Qui
3375 5783 3428 5830 et
3455 5787 3536 5831 te-

1957 5847 2260 5901 stificantur
2284 5847 2458 5901 vobis.
2490 5865 2508 5895 )
2539 5844 2610 5900 ID.
2653 5897 2684 5908 ,,
