4076 6396
477 337 577 394 847

1243 330 1336 385 AD
1374 329 1756 387 EPISTOLAS
1798 328 1855 385 S.
1891 327 2144 385 lCNATll
2183 327 2535 387 GENUINAS
2568 326 2929 384 APPENDIX.

3611 326 3715 382 343

474 452 679 520 laudet,
695 451 982 506 Dominum
1004 461 1132 503 vero
1150 461 1331 502 meum
1354 447 1691 517 blasphemet
1706 488 1721 512 ,
1749 462 1854 500 non
1882 444 2045 502 conli-

2151 463 2255 509 τις,
2290 446 2381 500 τὸν
2410 446 2467 500 δὲ
2505 444 2709 516 Κύριόν
2738 461 2837 515 μου
2873 443 3202 514 βλασφημεῖ,
3228 443 3306 515 μὴ
3333 441 3608 514 ὁμολογῶν
3627 446 3720 498 αδ-

474 556 596 602 tens
619 545 793 616 ipsum
811 541 979 596 Deum
1001 555 1122 595 esse
1143 538 1509 595 carniferum?
1528 537 1631 604 Qui
1658 548 1837 592 autem
1866 537 1916 591 id
1938 553 2045 591 non

2148 538 2239 590 τὸν
2282 536 2617 608 σαρκοφόρον
2655 534 2820 599 Θεόν;
2864 534 2922 587 'U
2966 533 3023 587 δὲ
3076 532 3234 587 τοῦτο
3276 532 3351 604 μὴ
3386 532 3591 602 λέγων,
3637 550 3722 586 τε-

473 638 626 704 dicit,
657 651 881 707 prorsus
917 634 1094 703 ipsum
1124 631 1360 702 negavit.
1384 640 1437 686 et
1458 632 1689 685 cadaver
1715 639 1906 700 gestat.
1940 628 2047 683 No-

2146 628 2303 691 λείως
2347 626 2508 681 αὑτὸν
2550 624 2880 694 ἀπήρνηται,
2922 622 2998 676 ὢν
3024 622 3351 694 νεκροφόρος
3375 621 3505 692 (75).
3549 621 3631 675 Td
3658 621 3719 675 δὲ

471 732 621 786 mina
643 743 776 783 vero
799 740 1013 791 eorum,
1031 740 1155 778 eum
1188 725 1302 779 sint
1339 723 1595 789 inﬁdelia,
1621 737 1726 776 non
1754 722 1929 775 visum
1962 730 2045 775 est

2145 720 2381 790 ὀνόματα
2409 720 2612 783 αὐτῶν,
2645 719 2777 774 ὄντα
2809 718 3034 779 ἄπιστα,
3073 716 3168 769 νῦν
3200 714 3299 767 ούκ
3324 713 3467 778 ἔδοξέ
3502 730 3591 784 μοι
3620 714 3716 781 ἐγ.

470 820 603 874 mihi
642 818 879 874 scribere
910 833 924 869 :
959 824 1013 869 et
1038 829 1164 868 vero
1196 813 1337 868 absit
1375 828 1409 867 a
1459 828 1546 867 me
1579 820 1639 866 ut
1662 827 1852 867 eorum
1892 826 2045 866 men-

2143 812 2369 882 γράψαι·
2409 812 2540 883 μηδὲ
2567 813 2772 880 γένοιτό
2800 828 2866 884 με
2885 809 3064 865 αὐτῶν
3100 806 3455 879 μνημονεύειν
3474 846 3488 870 ,
3520 806 3715 879 μέχρις

469 912 669 967 tionem
703 908 921 972 faciam,
952 906 1127 961 donec
1154 905 1466 975 pcenitentia
1495 906 1786 960 ducantur.

538 1000 627 1056 Vl.
660 999 830 1055 Nemo
862 1009 1006 1055 erret
1038 1016 1051 1052 :
1088 999 1194 1052 nisi
1226 997 1515 1053 crediderit
1541 997 1817 1052 Christum
1852 994 2037 1050 Jesum

466 1095 520 1149 in
550 1109 716 1151 carne
758 1110 880 1149 esse
918 1102 1298 1149 conversatum
1321 1131 1336 1157 ,
1379 1099 1435 1145 et
1474 1106 1690 1145 crucem
1728 1090 1873 1145 illius
1902 1104 2038 1144 con-

2142 896 2203 956 οῦ
2241 905 2472 975 μετανοή
2481 921 2644 956 σωσιν
2665 904 2795 975 (76).

2212 996 2303 1052 Vl.
2337 998 2543 1069 Μηδεὶς
2572 999 2861 1053 πλανάσθω
2882 1016 2895 1029 ·
2932 1000 3031 1053 ἐὰν
3062 999 3135 1069 μὴ
3177 997 3444 1071 πιστεύσῃ
3475 997 3712 1069 Χριστὸν

2152 1089 2357 1161 Ἰησοῦν
2370 1091 2428 1143 ὲν
2442 1090 2604 1162 σαρκὶ
2619 1090 3031 1144 πεπολιτεῦσθαι
3045 1091 3153 1162 (77)
3163 1132 3177 1154 ,
3191 1092 3283 1144 καὶ
3294 1091 3602 1163 ὁμολογήσῃ
3619 1090 3710 1145 τὸν

464 1185 644 1241 fessus
672 1184 857 1249 fuerit,
882 1198 936 1241 et
977 1186 1308 1255 passionem,
1339 1192 1501 1253 atque
1531 1183 1851 1253 sanguinem
1873 1196 2036 1251 quem

2138 1181 2369 1253 σταυρὸν
2410 1181 2575 1235 αὑτοῦ
2594 1220 2607 1244 ,
2634 1182 2729 1236 καὶ
2754 1181 2815 1234 τὸ
2846 1182 3034 1246 πάθος,
3068 1182 3162 1253 καὶ
3188 1182 3247 1235 τὸ
3268 1177 3406 1252 αἷμα
3432 1182 3460 1234 ὃ
3496 1180 3709 1253 ἐξέχεεν

462 1277 652 1331 effudit
681 1291 780 1346 pro
828 1277 1015 1331 mundi
1068 1276 1275 1341 salute;
1313 1290 1421 1328 non
1464 1284 1830 1345 consequetur
1869 1274 2034 1327 vitam

463 1380 746 1433 aeternam,
801 1368 920 1424 sive
959 1384 1051 1423 rex
1097 1367 1280 1433 fuerit,
1308 1367 1422 1421 sive
1446 1365 1721 1432 sacerdos,
1747 1367 1862 1420 sive
1887 1365 2037 1435 prin~

462 1476 612 1530 ccps,
646 1461 759 1516 sive
782 1462 1027 1529 privatus
1058 1459 1247 1524 homo,
1277 1459 1392 1513 sive
1414 1457 1671 1512 dominus
1698 1464 1794 1511 aut
1819 1472 2031 1524 servus,

462 1552 580 1606 sive
609 1553 693 1605 vir
728 1561 824 1606 aut
857 1550 1081 1606 femina.
1122 1550 1228 1616 Qui
1270 1552 1432 1620 capit,
1471 1550 1688 1619 capiat:
1719 1549 1810 1618 qui
1858 1548 2028 1613 audit,

461 1645 650 1698 audiat
682 1644 745 1698 δ’.
798 1644 997 1710 Locus,
1046 1645 1305 1716 dignitas,
1354 1643 1554 1699 divitiae
1586 1644 1856 1698 neminem
1902 1641 2031 1698 elle-

462 1747 615 1802 rant;
662 1736 973 1808 ignobilitas
1015 1745 1069 1789 et
1111 1742 1404 1804 paupertas
1435 1733 1706 1787 neminem
1744 1731 2023 1802 dcjiciant.

461 1826 657 1881 Totum
687 1803 926 1895 namque
952 1835 1055 1891 est,
1082 1803 1293 1880 lidesin
1316 1824 1510 1888 Deum,
1538 1833 1588 1879 et
1621 1839 1745 1894 spes
1782 1823 1836 1877 in
1868 1822 2026 1878 Chri-
2057 1803 2099 1858 Β

459 1930 638 1985 stum,
678 1918 864 1973 l'ruitio
898 1933 1085 1973 eorum
1132 1932 1253 1987 quae
1292 1924 1675 1986 exspectamus
1712 1915 1981 1969 bonorum
2009 1953 2025 1979 ,

456 2022 623 2081 atque
660 2010 902 2065 charitas
942 2010 995 2063 in
1037 2008 1205 2063 Deum
1243 2018 1297 2062 et
1320 2017 1569 2062 nostrum
1595 2022 1788 2079 genus.
1828 2004 2025 2075 Diliges

454 2104 601 2156 enim
652 2100 939 2155 Dominum
994 2099 1160 2154 Deum
1205 2110 1353 2153 tuum
1389 2114 1453 2153 ea:
1496 2108 1603 2151 toto
1637 2098 1790 2152 corde
1820 2106 1942 2161 tuo;
1977 2106 2027 2150 et

452 2192 754 2263 proximum
801 2201 949 2245 tuum
989 2193 1125 2245 sicut
1160 2192 1382 2261 teipsum
1408 2190 1473 2243 ".
1520 2188 1587 2243 Et
1626 2188 1891 2243 Dominus
1937 2187 2025 2241 in-

453 2284 609 2353 quit:
640 2282 767 2338 Ηωο
798 2292 873 2337 est
915 2282 1026 2335 vita
1054 2290 1272 2346 (eterna,
1302 2296 1608 2350 cognoscere
1634 2279 1805 2332 solum
1848 2293 2026 2332 verum

453 2375 643 2437 Deum.
664 2384 711 2428 et
743 2391 897 2445 quem
930 2374 1073 2428 misit
1097 2372 1281 2427 Iesum
1300 2372 1650 2427 Christum“.
1680 2368 2026 2425 ldeszan-

452 2467 635 2520 datum
661 2480 846 2518 novum
876 2465 944 2518 do
972 2463 1136 2531 vobis,
1162 2474 1217 2517 ut
1239 2463 1477 2533 diligatis
1504 2462 1722 2516 invicem
1744 2463 1811 2514 ⁸².
1846 2459 1911 2515 In
1942 2462 2024 2515 his

453 2557 656 2611 duobus
690 2554 960 2610 mandatis
986 2556 1227 2608 universa
1254 2553 1339 2607 lex
1367 2553 1555 2621 pendet
1580 2561 1631 2606 et
1656 2552 1924 2622 propheta:
1953 2552 2022 2606 ⁸³.

452 2646 808 2701 Considerate
838 2645 1004 2717 igitur
1024 2659 1120 2700 eos
1142 2644 1232 2715 qui
1268 2642 1445 2699 aliena
1488 2651 1767 2698 sectantur
1799 2642 2026 2712 dogma-

451 2747 529 2801 ta,
562 2752 672 2808 quo
712 2736 875 2790 modo
901 2743 1148 2791 statuunt
1179 2735 1424 2805 ignotum
1458 2749 1579 2790 esse
1611 2732 1828 2788 Patrem
1866 2726 2027 2788 Chri-

452 2831 566 2886 sti:
597 2845 709 2900 quo
752 2829 914 2885 modo
957 2829 1179 2883 inﬁdam
1230 2828 1561 2884 simultatem
1597 2828 1737 2882 inter
1784 2844 1843 2883 se
1870 2842 2026 2883 exer-

452 2922 660 2977 cent“.
692 2922 988 2977 Charitatis
1018 2937 1127 2975 non
1160 2921 1359 2975 habent
1385 2934 1609 2987 curam;
1639 2918 1822 2975 futura
1850 2919 2024 2990 negli-

450 3020 606 3083 gunt,
630 3012 915 3082 praesentia
945 3021 1203 3080 tanquam
1236 3009 1453 3065 stabilia
1498 3018 1783 3080 reputant;
1824 3025 2027 3080 praece-

2137 1274 2275 1345 ύπὲρ
2299 1273 2399 1344 τῆς
2422 1272 2514 1326 τοῦ
2545 1274 2748 1345 κόσμου
2772 1275 3042 1347 σωτηρίας
3068 1274 3285 1343 (78),.οὐ
3306 1274 3403 1343 τῆς
3429 1274 3537 1345 (79)
3561 1274 3704 1345 ζωῆς

2134 1364 2348 1417 αἰωνίου
2390 1364 2667 1430 τεύξεται,
2697 1366 2797 1420 κᾶν
2831 1364 3080 1434 βασιλεὺς
3174 1406 3188 1430 ,
3231 1364 3332 1418 κᾶν
3367 1366 3566 1437 ἱερεὺς,
3600 1365 3705 1420 κάν

2133 1454 2333 1525 ἄρχων,
2351 1454 2452 1508 κᾶν
2467 1453 2697 1525 ίδιὼτης,
2713 1456 2815 1509 κᾶν
2837 1456 3150 1529 δεσπότηςῆ
3182 1457 3456 1522 δοῦλος,⁸⁷”
3478 1459 3574 1531 ⁸δῆ
3616 1476 3705 1528 γυ-

2131 1548 2194 1617 νή
2230 1546 2360 1617 (80).
2401 1548 2463 1600 '0
2493 1548 2700 1617 χωρῶν
2729 1549 3005 1618 χωρείτω,
3056 1552 3090 1603 ὁ
3136 1549 3372 1604 ἀκούων
3416 1550 3697 1607 ἀκουέτω.

2130 1638 2325 1701 Τόπος,
2371 1639 2465 1692 καὶ
2506 1638 2743 1710 ἀξίωμα,
2784 1641 2880 1693 καὶ
2928 1640 3187 1705 πλοῦτος,
3235 1642 3436 1712 μηδένα
3476 1640 3699 1711 φυσιού-

2129 1745 2205 1780 τω
2239 1728 2371 1798 (81)·
2403 1728 2606 1793 ἀδοξία,
2633 1729 2727 1783 καὶ
2759 1730 2922 1784 πενία
2941 1769 2955 1793 ,
3001 1730 3205 1801 μηδένα
3236 1731 3589 1784 ταπεινούτω.
3626 1731 3701 1786 Τὸ

2128 1818 2236 1889 γὰρ
2263 1819 2383 1872 ὅλον
2415 1821 2553 1885 ἐστὶ,
2585 1821 2824 1892 πίστιςή
2857 1823 2935 1885 είς
2974 1822 3125 1886 Θεὸν,
3164 1823 3258 1876 καὶ
3288 1824 3322 1895 ἡ
3355 1825 3433 1886 είς
3466 1824 3699 1894 Χριστὸν

2127 1910 2300 1974 ἐλπὶς,
2358 1912 2391 1982 ή
2451 1911 2558 1965 τῶν
2599 1912 3061 1984 προσδοκωμένων
3117 1913 3337 1983 ἀγαθῶν
3382 1915 3697 1979 ἀπόλαυσις,

2126 2003 2315 2073 ἀγάπη
2343 2004 2454 2075 (82)
2484 2022 2543 2057 τε
2567 2004 2697 2075 περ).
2728 2004 2819 2059 τὸν
2843 2004 2974 2058 Θεὸν
3007 2004 3103 2059 καὶ
3125 2004 3185 2058 τὸ
3205 2005 3495 2076 ὁμόφυλον.
3529 2006 3698 2076 Ἀτα-

2127 2093 2343 2160 πήσεις
2396 2095 2506 2167 γὰρ
2542 2097 2761 2164 Κύριον
2809 2096 2918 2150 τὸν
2961 2098 3108 2151 Θεόν
3147 2114 3264 2152 σου
3294 2098 3365 2163 ἐξ
3411 2098 3560 2166 ὅλης
3589 2098 3701 2167 τῆς

2127 2188 2372 2256 καρδίας
2402 2203 2552 2252 σου,
2598 2190 2695 2243 καὶ
2727 2188 2834 2244 τὸν
2864 2192 3129 2257 πλησίον
3159 2206 3275 2245 σου
3304 2192 3385 2258 ὠς
3414 2192 3694 2246 σεαυτόν.

2126 2280 2236 2333 Καὶ
2265 2281 2295 2332 ὁ
2327 2278 2532 2351 Κύριός
2568 2298 2734 2352 φησιν
2763 2296 2777 2311 ⁸
2816 2282 2977 2349 Αὕτη
3008 2282 3181 2336 ἐστὶν
3213 2284 3253 2351 ἡ
3284 2282 3518 2352 αἰώνιος
3560 2281 3696 2351 ζωὴ,

2124 2369 2191 2423 τὸ
2223 2370 2539 2439 γινώσκειν
2568 2370 2674 2425 τὸν
2697 2373 2889 2442 μόνον
2918 2373 3209 2441 ἀληθινὸν
3262 2374 3438 2440 Θεὸν,
3484 2374 3582 2429 καὶ
3625 2376 3701 2429 ὃν

2124 2459 2483 2515 ἀπέστειλεν
2549 2460 2791 2529 Ἰησοῦν
2859 2463 3139 2531 Χριστόν.
3198 2465 3343 2519 Καί·
3405 2466 3700 2535 Ἐντολὴν

2126 2550 2343 2619 καινὴν
2372 2551 2581 2622 δίδωμι
2608 2552 2772 2623 ὑμῖν,
2807 2554 2908 2607 ἵνα
2932 2553 3199 2624 ἀγαπᾶτε
3226 2557 3566 2625 ἀλλήλους.
3594 2558 3701 2613 Ἐν

2123 2644 2364 2707 ταύταις
2408 2644 2538 2711 ταῖς
2580 2644 2764 2699 δυσὶν
2796 2647 3089 2716 ἐντολαῖς,
3121 2650 3263 2717 ὅλος
3294 2654 3328 2706 ό
3361 2653 3564 2723 νόμος,
3597 2655 3697 2709 καὶ

2124 2736 2178 2787 οι
2212 2733 2505 2803 προφῆται
2537 2736 2872 2805 κρέμανται.
2901 2741 3262 2811 Καταμάθετε
3297 2739 3389 2797 οὖν
3428 2747 3552 2809 τοὺς
3584 2747 3700 2799 ἐτε-

2126 2821 2475 2893 ροδοξοῦντας
2511 2825 2642 2895 (85),
2680 2824 2796 2889 πῶς
2832 2827 3209 2898 νομοθετοῦσιν
3249 2831 3523 2900 ἄγνωστον
3557 2828 3698 2888 εἶναι

2125 2915 2216 2968 τὸν
2249 2916 2468 2989 Πατέρα
2501 2917 2595 2970 τοῦ
2635 2919 2871 2990 Χριστοῦ
2915 2920 3027 2991 (84)
3050 2939 3063 2952 '
3099 2922 3217 2986 πῶς
3241 2924 3467 2979 ἄπιστον
3498 2925 3698 3000 ἔχθραν

2128 3009 2246 3079 μετ’
2277 3007 2522 3079 ἀλλήλων
2568 3008 2797 3080 ἔχουσιν.
2832 3012 3073 3085 ’Δγάπης
3099 3014 3279 3079 αὐτοῖς
3305 3016 3365 3069 ού
3398 3016 3566 3087 μέλει·
3588 3018 3697 3072 τῶν

451 3113 544 3171 pta
565 3110 956 3167 contemnunt;
1001 3102 1219 3156 viduam
1250 3100 1648 3171 etorphanum
1694 3102 2023 3172 despiciunt,

2126 3098 2592 3170 προσδοκωμένων
2623 3099 2897 3168 ἀλογοῦσι,
2928 3102 2995 3156 τὰ
3027 3103 3270 3174 παρόντα
3295 3104 3371 3169 ὡς
3405 3106 3617 3159 ἑστῶτα
3647 3106 3697 3138 ⁸⁸

448 3209 770 3267 oppressum
809 3196 1102 3265 despuunt,
1132 3196 1370 3249 vinctum
1397 3195 1590 3250 rident.

520 3493 640 3529 "'°“
665 3494 833 3551 inser.
863 3493 966 3565 κᾶν
994 3494 1153 3565 ἀνήρ.

1229 3493 1275 3525 δ’
1298 3490 1487 3546 Matth.
1519 3505 1634 3556 XIX,
1663 3490 1732 3545 l2
1761 3499 1811 3546 et
1839 3505 1961 3549 xui.
1985 3492 2086 3551 45.

2121 3189 2425 3258 λογίζονται
2460 3190 2591 3261 (85)·
2627 3190 2727 3255 τὰς
2770 3191 2991 3256 ἐντολὰς
3033 3193 3313 3267 παρορῶσι
3338 3213 3350 3225 ·
3391 3195 3567 3267 χήραν
3598 3199 3696 3252 καὶ

2116 3281 2350 3353 ὀρφανὸν
2383 3281 2698 3355 περιορῶσι,
2750 3281 3063 3355 θλιϐόμενον
3106 3286 3453 3354 διαπτύουσι,
3486 3289 3695 3362 δεδεμέ-

2115 3388 2205 3426 νον
2230 3371 2430 3441 γελῶσι
2455 3371 2586 3444 (86).

2176 3492 2221 3563 ν
2248 3492 2380 3548 Luc.
2416 3509 2473 3561 ι,
2501 3490 2593 3546 27.
2664 3492 2710 3526 ⁸⁸
2734 3491 2893 3549 Joan.
2924 3509 3060 3563 ml,
3080 3494 3133 3550 ὅ.
3221 3494 3269 3527 ⁸³
3286 3491 3571 3562 Joanam,
3599 3495 3689 3551 54.

448 3562 495 3596 ⁸³
524 3565 713 3620 Matth.
749 3582 879 3631 χχιι,
909 3564 997 3619 40.
1073 3560 1119 3597 ⁸⁵
1154 3563 1191 3618 l.
1228 3560 1412 3618 Const.
1443 3577 1530 3630 ap.
1569 3577 1645 3629 vr,
1678 3560 1765 3615 10.
1840 3562 1887 3594 ⁸⁸
1915 3563 1986 3618 al.
2018 3564 2045 3616 ὲ

2121 3562 2306 3618 πτῶτα.

449 3684 783 3739 Salvator-em
831 3684 885 3737 in
929 3700 1055 3738 vera
1090 3698 1255 3739 carne
1290 3681 1555 3738 veraciter
1595 3695 1815 3751 passum
1867 3698 2010 3739 esse.

447 3754 549 3821 Qui
578 3754 737 3823 enim!
756 3755 1060 3809 sanctificat
1097 3763 1152 3807 et
1197 3751 1292 3823 qui
1338 3752 1767 3815 sanctilicantur,
1800 3765 1865 3806 ex
1900 3768 2013 3808 uno

446 3839 658 3879 omnes.
696 3821 848 3878 Unde
870 3825 915 3877 si
946 3825 1060 3890 ipse
1090 3823 1143 3876 in
1172 3821 1297 3877 vera
1322 3837 1490 3876 carne
1523 3836 1647 3875 vere
1678 3836 1873 3891 passus
1904 3840 2010 3877 non

445 3904 564 3956 est,
595 3894 692 3949 sed
730 3895 1069 3962 phantastica
1110 3893 1452 3962 phantastice
1482 3908 1495 3945 :
1538 3906 1714 4016 mue
1744 3902 2013 3965 martyres

447 3965 503 4016 in
535 3979 661 4016 vera
704 3980 867 4016 carne
914 3964 1178 4016 veraciter
1205 3964 1507 4016 patiuntur.
1678 3961 1732 4014 in
1778 3963 1991 4016 nhanta

447 3965 503 4017 in
535 3979 661 4017 vera
704 3980 867 4017 carne
914 3964 1178 4016 veraciter
1205 3964 1507 4031 patiuntur,
1553 3963 1646 4016 sed
1678 3963 1732 4014 in
1778 3963 1991 4031 phanta~

446 4034 583 4088 stica
616 4034 971 4114 phantasticc.
1000 4031 1226 4114 Propter
1262 4033 1441 4101 quod,

446 4101 745 4173 quentiam,
774 4104 913 4158 idem
942 4102 1162 4172 sapiunt
1190 4101 1410 4173 h_i_uusm

446 4171 659 4244 t‘yribus
687 4185 742 4227 et
770 4176 837 4227 de
875 4171 1124 4244 Domino.
1156 4191 1175 4223 ι
1215 4171 1410 4244 essen,

447 4240 637 4368 lJ75)
674 4245 781 4297 Ὧν
814 4242 1192 4310 νεκροφόρος.
1224 4242 1347 4297 Vid.
1391 4240 1766 4312 Prolegomen.
1803 4257 1922 4313 cap.
1956 4242 2011 4298 4.

1541 4046 1567 4083 1⁵
1602 4046 1785 4084 veram
1814 4048 2011 4088 CONSE-

1488 4100 1505 4153 i
1534 4101 1772 4155 haeretici
1789 4104 1855 4157 de
1872 4120 1956 4158 ma
1965 4120 2016 4158 r-

517 4380 633 4453 (76)
662 4381 883 4451 Μέχρις
913 4376 985 4436 οὗ
1013 4379 1489 4451 μετανοήσωσιν.
1524 4382 1687 4437 Addit
1716 4392 1903 4437 noster
1926 4383 2012 4437 in-

447 4461 659 4524 terpres
688 4469 703 4506 ε
745 4471 763 4503 ι
795 4454 851 4506 in
877 4453 1186 4524 passionem
1212 4467 1358 4524 qua},
1392 4472 1411 4503 ι
1434 4454 1537 4519 vel,
1566 4471 1585 4504 ι
1610 4453 1665 4507 in
1693 4468 1886 4522 panem
1912 4453 2006 4524 qui

446 4521 738 4577 estnostra
774 4523 1124 4576 resurrectio.
1158 4540 1177 4572 ι
1210 4523 1286 4575 In.

516 4591 630 4715 (77)
669 4592 808 4645 Ἐὰν
854 4588 975 4671 an-
1002 4592 1299 4659 πιστεύσῃ
1326 4591 1620 4677 ,Χριστὸν
1664 4591 1905 4659 Ἰησοῦν
1941 4593 2011 4647 ἐν

516 4679 603 4715 ιοκ
656 4664 1137 4715 πεπολιτευσθαι.
1184 4660 1467 4715 Analtcan.
1517 4681 1537 4714 ι
1580 4661 1647 4714 lat
1680 4663 2009 4715 suuerccele-

444 4659 625 4730 σαρκὶ
656 4659 1137 4715 πεπολιτεῦσθαι.
1184 4659 1467 4731 Anglican.
1517 4681 1537 4714 ι
1580 4661 1647 4714 Et
1680 4663 2009 4731 superemic-

447 4733 572 4795 stia,
604 4732 857 4801 etgloria
897 4731 1212 4799 angelorum
1232 4772 1263 4801 ,ν
1289 4740 1343 4785 et
1378 4732 1651 4801 principes
1683 4732 1923 4801 visibiles
1955 4740 2010 4786 et

446 4799 771 4872 invisibiles,
801 4801 849 4855 si
874 4814 983 4853 non
1006 4801 1230 4872 credant
1253 4800 1308 4853 in
1332 4799 1656 4872 sanguinem
1691 4799 1931 4870 Christi;
1958 4811 2013 4856 et

445 4870 555 4925 illis
594 4870 854 4925 iudicium
885 4879 987 4923 est.
1034 4888 1052 4921 ι
1084 4869 1162 4925 In.

518 4888 555 4925 is
618 4887 854 4925 uutcium
885 4887 987 4923 esu
1034 4888 1052 4921 ι
1084 4887 1162 4925 ιι).

518 4887 632 5011 (Ἱέ)
654 4939 773 5011 ΚαὶΔ
785 4938 1131 5011 ὁμολογήσῃ
1146 4939 1269 5011 ’τον
1296 4940 1562 5011 σταυρρν
1584 4942 1793 5006 αὑτοῦ,
1820 4940 1918 4995 καὶ
1943 4940 2008 4993 τὸ

442 5003 651 5076 πάθος,
683 5008 781 5062 καὶ
811 5003 877 5061 τὸ
907 5003 1049 5130 agn
1070 5003 1372 5079 δ’ἐξέχεεν
1399 5003 1551 5079 ὑπὲρ
1580 5011 1691 5080 τῆς
1721 5003 1826 5064 τοῦ
1870 5011 2013 5064 κόσδ

443 5096 557 5130 μου
588 5079 900 5130 amotae.
985 5094 1140 5130 orum
1171 5081 1309 5130 nihil
1330 5081 1472 5130 aliud
1503 5082 1556 5130 in
1589 5093 1775 5130 nostro
1800 5079 2011 5130 inveni-

437 5096 557 5149 μου
588 5079 900 5146 σωτηρίας.
936 5079 1140 5149 Horum
1171 5081 1309 5132 nihil
1330 5081 1472 5134 aliud
1503 5082 1556 5134 in
1588 5079 1775 5135 nestro
1800 5079 2011 5133 inveni-

445 5148 536 5203 tur
568 5150 897 5218 interprete,
944 5148 1051 5202 nisi
1094 5150 1239 5217 quod
1284 5149 1338 5203 in
1381 5159 1507 5203 nota
1547 5152 1884 5218 praecedente
1927 5158 2011 5203 est

445 5218 724 5332 pgsitum:
762 5237 782 5270 ι
821 5219 866 5272 si
898 5230 1008 5272 non
1040 5220 1265 5274 credant
1299 5219 1355 5273 in
1384 5223 1704 5291 sanguinem
1732 5220 1958 5275 Christi.
1984 5237 2004 5271 ι

469 5297 497 5334 ο

516 5358 629 5427 (79)
661 5359 745 5411 Οὐ
780 5355 910 5425 τῆς.
946 5355 1025 5411 Ex
1068 5357 1288 5427 vulgato
1322 5358 1633 5429 interprete
1669 5360 1744 5414 ita
1774 5358 2011 5412 restituit

442 5427 699 5485 Morelius
729 5444 742 5480 :
778 5443 903 5481 cum
953 5429 1007 5481 in
1050 5438 1280 5497 utroque
1307 5427 1499 5483 Graeco
1539 5430 1760 5495 codice,
1802 5438 1857 5483 et
1891 5429 2009 5482 Au-

443 5509 750 5583 gustapoe't
767 5497 1208 5583 Nydprucciano,
1230 5499 1312 5550 ὅτι
1333 5500 1620 5569 legeretur.
1638 5500 1723 5583 ιιι».

510 5569 628 5642 (80)
658 5572 735 5642 ’ᾘ
969 5566 1079 5642 vet.
1122 5566 1508 5642 vulgat.,(seu
1551 5570 1682 5642 (vel_,
1725 5568 1861 5637 sive)
1903 5568 2004 5634 vir,

443 5637 559 5693 sive
590 5637 805 5693 mulier.
846 5657 865 5690 ι
898 5637 1051 5692 Unde
1074 5637 1238 5690 etiam
1264 5638 1519 5695 Morclius
1545 5637 1600 5694 in
1632 5639 1821 5695 Graeco
1859 5650 2004 5693 textu

444 5708 853 5832 ηιῐὲἷυίιιαᾶν
881 5706 1019 5777 ἀνὴρ
1047 5708 1085 5832 3
1114 5710 1269 5793 γυνή.
1296 5707 1372 5762 ln.

615 5790 628 5832 ι
672 5782 891 5832 Τοπορ.
924 5778 1020 5831 καὶ
1092 5777 1297 5832 ξιωιια.
1327 5796 1372 5832 ιιι

514 5777 628 5851 (81)
672 5779 891 5845 Τόπος,
924 5778 1020 5831 καὶ
1049 5777 1297 5846 ἀξίωμα,
1327 5778 1425 5832 καὶ
1457 5780 1748 5846 πλοῦτος,
1777 5780 2007 5850 μηδένα

2115 3684 2441 3809 ἥυσιούτω.
2498 3683 2854 3755 Anglican.”
2917 3683 3152 3755 qualiter
3184 3682 3366 3739 nullus
3399 3682 3638 3739 inﬂetur.
3663 3703 3687 3738 ι

2187 3824 2301 3895 (82)
2346 3824 2591 3895 Ἀγαπη.
2620 3823 2727 3880 Pro
2761 3824 3114 3896 sequentibus
3143 3824 3197 3877 in
3228 3822 3532 3896 Anglicani}
3557 3834 3691 3896 Atan-

2115 3886 2229 3950 tum
2256 3886 2486 3950 habetur
2516 3914 2529 3949 :
2556 3886 2586 3945 ἰ
2622 3886 2986 3964 ηιιίιιιιεήἰιιίι
3015 3886 3366 3964 praepositum
3394 3902 3529 3948 est.»
3552 3886 3625 3948 ln.

2205 3966 2294 4036 85)
2322 3961 2693 4036 Καταμάθετε
2715 3961 2834 4036 οὖν,
2857 3964 2999 4031 τοὺς
3015 3961 3542 4036 ’ἑτεροδοξοῦνταᾳ
3563 3964 3685 4023 Vet.

2114 4034 2319 4115 vulgat.
2344 4055 2363 4086 ‹
2399 4034 2602 4090 Discite
2632 4037 2728 4105 (ita
2753 4035 2897 4090 enim
2924 4049 3151 4115 ex'mss.
3179 4035 3541 4115 restituimus,
3563 4052 3687 4105 pro,

2123 4124 2141 4157 ι
2180 4105 2432 4175 υιοίιθ.›)
2473 4121 2604 4175 ergo
2646 4120 2743 4161 eos
2783 4105 2875 4174 qui
2922 4106 3100 4160 taliter
3141 4104 3300 4175 (fort.
3339 4105 3533 4174 aliter)
3584 4108 3687 4162 do--

2118 4185 2260 4231 cent.
2297 4193 2316 4226 ι
2359 4174 2644 4246 Angliam.
2691 4193 2709 4227 ι
2737 4174 3099 4246 Considerate
3145 4174 3327 4229 autem
3376 4176 3533 4229 aliter
3562 4177 3685 4245 opi-

2116 4256 2309 4327 nantes
2356 4244 2409 4366 ἱρ
2457 4243 2684 4315 ςγδιιιιιιι
2729 4243 2856 4300 Jesu
2896 4245 3135 4309 Christi,
3176 4260 3297 4300 eam
3337 4260 3459 4315 quae
3488 4245 3541 4298 in
3580 4243 3686 4301 nos

2116 4325 2279 4366 Venit.
2321 4332 2339 4366 ι
2400 4324 2450 4363 D.

2115 4317 2279 4369 venit.
2321 4332 2339 4366 ι
2377 4317 2450 4366 In.

2186 4385 2294 4457 (84)
2325 4383 2456 4457 Πῶς
2484 4386 2909 4457 νομοθετοῦσιν
2929 4384 3247 4457 ἄγνωστον
3260 4379 3421 4457 εῖναι
3444 4384 3551 4438 τὸν
3570 4388 3685 4439 Πα-

2112 4454 2253 4523 τέρα
2277 4454 2388 4510 ’τοῦ
2423 4456 2697 4526 Χριστοῦ.
2742 4455 3023 4526 Anglican.
3070 4473 3089 4505 ι
3124 4455 3356 4526 qualiter
3390 4458 3683 4512 contraria:

2115 4535 2242 4579 sunt
2273 4526 2555 4580 sententia:
2580 4524 2691 4579 Dei.
2726 4544 2744 4576 ι
2778 4524 2849 4584 lo.

2180 4594 2291 4665 (85)
2328 4595 2405 4647 Τὰ
2451 4596 2715 4663 παρόντα
2761 4596 2841 4661 ὡς
2890 4592 3117 4649 ἑστῶτα
3162 4592 3516 4665 λογίζονται.
3553 4594 3677 4653 ιιι).

2110 4662 2416 4734 Nyiiprnce.
2449 4662 2786 4736 proco-167a
2829 4667 2957 4736 legit
2990 4662 3281 4720 ἐνεστῶτα.
3314 4663 3434 4719 Vet.
3469 4666 3675 4736 vulgat.

2117 4753 2135 4785 ι
2160 4736 2442 4805 praesentia
2476 4735 2836 4805 dissimulant,
2865 4735 2986 4805 qua;
3002 4745 3231 4805 ventura
3270 4743 3403 4805 sunt
3417 4735 3675 4804 tanquam

2110 4804 2395 4873 praesentia
2430 4804 2569 4872 (vel,
2605 4814 2661 4857 ut
2693 4807 2746 4858 in
2789 4803 2922 4859 mss.
2966 4804 3264 4874 Magdalen.
3302 4814 3356 4859 et
3378 4803 3678 4861 Petaviano

2114 4874 2373 4937 trahetur,
2409 4891 2428 4924 ι
2463 4889 2617 4946 nunc
2664 4876 2920 4946 instantia
2962 4894 2981 4925 ι
3020 4877 3037 4944 )
3068 4889 3189 4946 esse
3221 4883 3431 4946 putant,
3463 4885 3519 4930 et
3553 4885 3677 4930 tan-

2111 4957 2274 5010 quam
2300 4944 2570 4997 somnium
2604 4954 2656 4997 et
2698 4944 3039 5012 phantasiam
3078 4944 3425 5012 existimant;
3469 4964 3486 4996 ι
3532 4961 3596 5000 ac
3625 4948 3674 5000 si

2111 5012 2331 5086 legisset
2361 5030 2375 5067 :
2402 5012 2483 5086 Τὰ
2508 5014 2752 5086 παρόντα
2782 5016 3180 5086 ὑποκρίνονται,
3213 5015 3280 5067 τὰ
3311 5015 3570 5084 μέλλοντα
3596 5015 3675 5078 ὡς

2110 5081 2730 5156 ἐνεστῶτα-λογίζονται,
2759 5085 2852 5137 καὶ
2870 5081 3068 5156 *ὥσπερ
3100 5084 3232 5156 δναρ
3251 5081 3346 5138 καὶ
3373 5085 3675 5156 φαντασίαν

2112 5149 2308 5225 [ταῦτα
2331 5153 2529 5225 πάντα]
2559 5153 2833 5225 ἡγοῦνται.
2868 5153 2942 5207 Ιι).

2183 5219 2293 5292 (se)
2331 5219 2617 5292 Θλιϐόλιεν

2110 5305 2191 5364 (τι.
2241 5294 2359 5364 Yet.
2403 5294 2605 5364 vulgat.
2650 5312 2669 5344 ι
2718 5295 3031 5349 tribulatnm
3087 5294 3382 5364 respuunt,
3424 5294 3669 5351 vinctum

2108 5362 2374 5436 derident.
2406 5381 2424 5413 ι
2454 5362 2519 5436 In:
2533 5364 2713 5436 priore
2742 5365 2986 5436 membro
3018 5362 3192 5436 (quod
3222 5383 3253 5420 a
3298 5362 3508 5423 Latinis
3552 5366 3671 5418 vul-

2108 5432 2245 5552 gatis
2272 5433 2444 5513 abest)
2473 5432 2905 5513 Magdalenensis
2921 5432 3277 5518 code'xbabet
3304 5456 3322 5488 ι
3349 5443 3666 5507 respuunt.-

2151 5501 2429 5552 almlensrs
2455 5512 2509 5552 et
2535 5503 2884 5552 Petavnanus.
2915 5507 3286 5552 r-rlesmmunl-
3331 5526 3348 5552 ι
3382 5523 3478 5552 nm
3508 5526 3527 5552 ι
3578 5508 3666 5552 de-

2151 5501 2432 5557 aliolensis
2455 5512 2509 5557 et
2535 5501 2884 5569 P'etavianus,
2914 5507 3288 5576 g-despiciunt,
3329 5526 3348 5557 ι
3382 5501 3478 5576 ριῖο
3508 5526 3527 5556 ι
3578 5508 3669 5561 de-

2109 5581 2332 5640 spuunt,
2370 5591 2389 5623 ι
2420 5577 2778 5644 respondente
2802 5576 2876 5629 illi
2899 5574 3087 5631 Graeco
3117 5574 3449 5631 διαπτύουσι.
3476 5576 3669 5646 Angli-

2107 5656 2229 5695 can.
2270 5661 2287 5717 ι
2326 5658 2433 5696 non
2462 5648 2530 5717 de
2560 5645 2849 5717 tribulato,
2891 5661 3000 5700 non
3047 5649 3113 5700 de
3154 5649 3318 5717 ligato
3340 5651 3422 5702 vel
3464 5645 3667 5711 soluto,

2109 5727 2215 5788 non
2253 5715 2319 5765 de
2346 5715 2735 5788 esurientevel
2772 5716 3007 5769 sitiente.
3050 5736 3084 5788 »γ
3118 5715 3319 5788 Deinde
3361 5728 3665 5788 sequuntur

2110 5780 2198 5837 illa
2220 5824 2234 5848 ,
2266 5798 2386 5851 qua:
2427 5784 2480 5838 in
2519 5782 2892 5856 Prolegomeu.
2924 5801 3043 5857 cap.
3075 5787 3126 5848 5,
3160 5803 3191 5843 a
3224 5780 3565 5848 Theodoreti)
3594 5802 3661 5840 ex

2618 5241 2690 5276 ον
2718 5223 3076 5296 διαπτύουσι
3093 5266 3109 5290 ,
3140 5224 3460 5296 δεδεμένον
3485 5224 3672 5295 γελῶ-
