4076 6420
396 391 506 447 855

1219 385 1577 443 EPISTOLE
1620 385 2145 443 lNTERPOLAT/E.
2184 413 2250 425 --
2293 384 2381 436 AD
2421 377 2830 437 SMYRNIEOS.

3527 351 3633 404 8356

394 508 606 564 αὑτοῦ.
651 508 798 578 Τίμα
829 505 963 578 (10),
1002 507 1185 578 φησὶν,
1217 507 1330 573 υἱὲ,
1364 509 1470 562 τὸν
1498 509 1646 562 Θεὸν
1680 510 1774 562 καὶ
1793 509 1971 573 ,ϐασι-

2076 505 2219 559 illius
2246 507 2311 560 δ’.
2346 503 2582 568 Honora,
2617 502 2816 569 inquit,
2848 501 2950 568 ﬁli,
2983 499 3148 552 Deun.
3176 507 3224 551 et
3254 515 3421 566 regem
3444 498 3508 552 ⁷³.
3536 499 3647 569 Ego

395 602 531 654 λέα.
562 598 702 668 Ἐγὼ
732 598 790 652 δέ
811 615 972 668 φημι·
994 599 1139 668 Τίμα
1159 600 1254 669 μὲν
1280 599 1368 652 τὸν
1393 598 1545 664 Θεὸν,
1572 599 1647 663 ὡς
1676 599 1844 653 αἴτιον
1869 599 1975 650 τῶν

394 690 536 743 ὅλων
568 689 666 742 κα).
704 687 928 757 Κύριον·
966 688 1261 742 ἐπίσκοπον
1300 689 1378 751 δὲ,
1411 690 1488 752 ὼς
1525 688 1807 760 ἀρχιερέα,
1839 687 1974 741 Θεοῦ

394 782 584 836 είκόνα
615 779 902 851 φοροῦντα·
932 781 1073 834 κατά
1099 781 1196 850 μὲν
1228 781 1287 834 τὸ
1317 781 1526 851 ἄρχειν,
1558 779 1714 844 Θεοῦ,
1749 780 1889 833 κατά
1919 779 1975 832 δὲ

394 871 456 925 τὺ
484 869 807 942 ἱερατεύειν,
841 869 1077 941 Χριστοῦ
1100 869 1233 941 (11).
1268 871 1376 923 Καὶ
1403 870 1540 941 μετά
1571 869 1777 935 τοῦτον,
1811 870 1976 942 τιμᾷν

393 963 504 1034 χρὴ
552 961 648 1014 κα)¹
695 960 920 1030 βασιλέα
969 960 1102 1030 (12).
1145 959 1282 1014 Οὐτε
1326 961 1434 1032 γὰρ
1473 961 1608 1014 Θεοῦ
1653 979 1735 1024 τις
1789 961 1973 1030 κρείτ-

393 1072 504 1108 των
534 1054 667 1123 (15),
700 1053 732 1124 ἢ
769 1053 1148 1124 παραπλήσιος
1181 1057 1238 1107 ὲν
1270 1056 1404 1107 πᾶσι
1435 1057 1545 1118 τοῖς
1569 1050 1735 1107 οὖσιν·
1771 1054 1894 1107 οὐτε
1917 1053 1974 1106 δὲ

393 1146 454 1198 ὲν
501 1143 800 1214 Ἐκκλησία
850 1145 1146 1197 ὲπισκόπου
1198 1162 1251 1197 τι
1289 1145 1492 1215 μεῖζον,
1529 1145 1824 1216 ἱερωμένου
1857 1143 1974 1213 Θεῷ

393 1237 538 1307 ὑπὲρ
570 1237 670 1305 τῆς
706 1235 800 1288 τοῦ
848 1235 1054 1307 κόσμου
1099 1236 1300 1300 παντὸς
1334 1238 1626 1307 σωτηρίας·
1661 1235 1783 1290 οὐτε
1818 1237 1972 1307 βασι-

392 1327 532 1390 λέως
563 1345 647 1390 τις
679 1328 1056 1400 παραπλήσιος
1088 1332 1145 1382 ἐν
1193 1327 1470 1400 ἄρχουσιν,
1502 1331 1723 1400 εἰρήνην
1760 1330 1853 1381 καὶ
1888 1330 1976 1382 εὐ-

392 1420 590 1490 νομίαν
637 1422 750 1482 τοῖς
808 1422 1131 1491 ἀρχομένοις
1190 1421 1635 1492 πρυτανεύοντος.
1701 1424 1758 1474 Ὀ
1803 1422 1974 1492 τιμῶν

389 1513 695 1566 ἐπίσκοπον
728 1509 865 1581 (14),
903 1511 1004 1565 ὑπὸ
1035 1510 1169 1564 Θεοῦ
1214 1512 1611 1583 τιμηθήσεται·
1652 1511 1839 1584 ὥσπερ
1883 1510 1975 1566 οὖν

388 1606 419 1656 6
450 1603 736 1674 ἀτιμάζων
761 1604 944 1668 αὐτὸν,
979 1604 1082 1657 ὐπὸ
1106 1602 1240 1657 Θεοῦ
1265 1603 1680 1676 κολασθήσεται.
1715 1606 1777 1658 Εἰ
1808 1607 1916 1675 γὰρ
1948 1606 1976 1656 6

391 1694 618 1765 βασιλεῦ
628 1712 708 1748 σιν
730 1696 983 1765 ἐπεγειρό
990 1712 1146 1766 μενος
1164 1695 1296 1766 (15),
1313 1695 1584 1759 κολάσεως
1598 1695 1743 1760 ἄξιος
1754 1696 1974 1761 δικαίως

388 1789 703 1858 γενήσεται,
751 1787 826 1851 ὥς
868 1805 932 1856 γε
978 1787 1269 1858 παραλύων
1313 1787 1409 1859 τὴν
1458 1789 1641 1860 κοινὴν
1687 1790 1969 1861 εὐνομίαν·

388 1880 548 1950 πόσῳ
577 1879 786 1932 δοκεῖτε
811 1879 1054 1949 χείρονος
1084 1878 1448 1950 ἀξιωθήσεται
1473 1881 1758 1951 τιμωρίας,
1791 1884 1819 1934 6
1849 1883 1976 1936 ἄνευ

390 1972 697 2025 ἐπισκόπου
721 1989 774 2024 τι
805 1973 976 2023 ποιεῖν
1001 1969 1450 2041 προαιρούμενος,
1482 1971 1576 2023 καὶ
1601 1970 1696 2041 τὴν
1728 1972 1977 2041 ὁμόνοιαν

387 2063 662 2129 διασπῶν,
692 2063 796 2129 καὶΔ
818 2063 915 2133 τὴν
947 2061 1196 2128 εὐταξίαν
1223 2063 1467 2132 συγχέων
1501 2062 1648 2132 (16);
1689 2061 1974 2134 Ἱερωσύνη

387 2156 504 2226 γάρ
536 2156 674 2218 ἐστι,
707 2154 767 2207 τὸ
797 2139 1014 2208 πάντων
1045 2151 1266 2220 ἀγαθῶν
1292 2155 1349 2206 ὲν
1373 2151 1681 2224 ἀνθρώποις
1712 2153 1978 2225 ἀναϐεϐη-

389 2248 512 2310 κός·
539 2241 608 2318 ἦς
631 2249 660 2299 6
689 2247 1048 2317 καταμανεὶς,
1081 2247 1183 2300 οὐκ
1215 2245 1499 2317 ἄνθρωπον
1524 2247 1799 2316 ἀτιμάζει,
1842 2247 1978 2300 ἀλλά

386 2341 550 2400 Θεὸν,
577 2340 670 2392 καὶ
690 2339 924 2410 Χριστὸν
958 2338 1188 2408 Ἰησοῦν,
1206 2339 1297 2392 τὸν
1315 2338 1679 2408 πρωτότοκον,
1707 2340 1799 2391 καὶ
1818 2341 1978 2410 μόνον

389 2435 463 2502 τῇ
491 2432 652 2500 φύσει
681 2429 778 2485 τοῦ
810 2432 1023 2502 Πατρὸς
1047 2432 1311 2503 ἀρχιερέα
1344 2430 1475 2501 (1⁸7).
1509 2431 1694 2484 Πάντα
1723 2427 1815 2485 οῦν
1849 2433 1976 2503 ὑμῖν

393 2526 521 2594 μετ’
547 2523 799 2589 εὐταξίας
835 2522 1192 2577 ὲπιτελείσθω
1239 2526 1296 2576 ὲν
1334 2522 1553 2593 Χριστῷ
1599 2523 1732 2594 (18).
1769 2525 1832 2576 Oi
1863 2525 1977 2577 λαῖ-

389 2613 486 2666 ato).
504 2612 634 2683 (19),
653 2617 763 2676 τοῖς
786 2613 1053 2677 διακόνοις
1085 2613 1593 2667 ὑποτασσέσθωσαν.
1627 2616 1689 2666 Οἱ
1720 2614 1974 2676 διάκονοι,

389 2707 512 2768 ταῖς
529 2705 932 2778 πρεσϐυτέροις·
953 2709 1000 2759 οἱ
1018 2705 1395 2778 πρεσϐύτεροι,
1410 2705 1484 2776 τῷ
1501 2707 1693 2760 ὲπισκό
1702 2724 1800 2777 πῳ·
1819 2709 1847 2759 6
1863 2708 1978 2760 ἐπί-

391 2814 623 2860 σκοπος,
649 2797 725 2868 τῷ
749 2797 1081 2869 Χριστῷ,ὡς
1107 2798 1271 2861 αὐτὸς
1291 2796 1369 2867 τῷ
1397 2798 1590 2868 Πατρί.
1618 2797 1768 2851 Καθό
1797 2799 1843 2830 ⁷⁸
1864 2798 1974 2869 (ΞΟ)

393 2905 470 2958 με
522 2887 890 2951 ἀνεπαύσατε,
937 2886 1179 2954 ἀδελφοὶ,
1211 2887 1304 2938 καὶ
1351 2887 1495 2956 ὑμᾶς
1540 2886 1746 2957 Ἰησοῦς
1776 2888 1806 2940 ὁ
1850 2890 1977 2959 Χρι-

389 2979 544 3040 στός.
581 2978 812 3031 ’Δπόντα
832 2995 898 3049 με
931 2978 1024 3031 καὶ
1055 2979 1296 3047 παρόντα
1316 2977 1658 3048 ἡγαπήσατε·
1686 2979 1974 3049 ἀμείψεται

391 3070 546 3139 ὑμᾶς
575 3071 604 3123 6
634 3067 786 3132 Θεὸς,
819 3068 886 3122 δι’
914 3067 973 3120 ὃν
1004 3067 1177 3120 ταῦτα
1206 3069 1286 3130 εἰς
1317 3067 1407 3119 τὸν
1431 3067 1652 3138 δέσμιον
1681 3068 1844 3122 αὐτοῦ
1899 3071 1979 3122 ἐν·

383 3163 660 3233 εδείξεσθε
683 3160 816 3231 (21).
863 3160 926 3212 Εἰ
971 3159 1080 3229 γὰρ
1121 3159 1216 3212 καὶ
1255 3159 1328 3229 μή
1368 3162 1482 3229 εἰμι
1521 3159 1726 3226 ἱκανὸς,
1758 3160 1892 3216 ἀλλὰ
1915 3163 1974 3216 τὸ

2078 614 2206 654 vero
2230 598 2352 651 dico
2388 616 2401 652 :
2433 597 2648 652 Honora
2672 596 2890 666 quidem
2910 592 3104 660 Deum,
3122 592 3440 646 utomnium
3460 601 3648 646 aucto-

2079 708 2190 747 rem
2217 701 2270 747 et
2306 691 2592 745 Dominum
2613 689 2959 758 :episcopum
2995 701 3146 748 vero,
3168 693 3225 738 ut
3241 683 3538 753 principem
3553 699 3645 739 sa-

2077 782 2378 844 cerdotum,
2402 777 2806 849 quiimaginem
2836 774 2930 829 Dei
2965 773 3100 837 fert;
3128 771 3221 826 Dei
3248 771 3496 841 quidem,
3516 784 3645 839 pro-

2077 885 2194 944 pter
2210 872 2596 942 principatum;
2620 867 2823 923 Christi
2840 882 2991 929 vero,
3014 873 3234 934 prepter
3256 862 3643 918 sacerdotium.

2079 965 2144 1020 Et
2159 973 2279 1035 post
2295 965 2439 1018 hunc
2451 963 2722 1018 honorare
2738 966 2952 1029 oportet
2967 959 3130 1012 etiam
3149 972 3348 1026 regem.
3364 953 3474 1010 Nec
3497 955 3643 1009 enim

2079 1059 2188 1112 Deo
2219 1056 2511 1126 quisquam
2539 1053 2884 1122 praestantior
2907 1058 3010 1114 est,
3042 1058 3135 1104 aut
3171 1049 3368 1103 similis
3400 1047 3452 1101 in
3484 1046 3646 1101 rebus

2079 1149 2367 1214 omnibus;
2423 1162 2522 1201 nec
2570 1145 2850 1214 episcopo,
2895 1142 2988 1212 qui
3028 1140 3137 1196 Deo
3171 1148 3528 1195 consecratus
3563 1146 3648 1191 est

2078 1258 2175 1311 pro
2191 1241 2359 1294 totius
2377 1237 2564 1293 mundi
2583 1238 2778 1301 salute,
2791 1235 3089 1304 quidquam
3111 1232 3288 1301 majus
3309 1231 3364 1284 in
3381 1230 3644 1296 Ecclesia;

2079 1332 2336 1387 necinter
2368 1330 2644 1401 principes
2673 1327 2947 1397 quispiam
2979 1324 3176 1379 similis
3209 1323 3545 1393 regi,pacem
3584 1338 3649 1377 ac

2078 1425 2180 1481 sub
2207 1424 2379 1494 aequis
2433 1423 2643 1492 legibus
2675 1419 3120 1488 tranquillitatem
3155 1416 3418 1485 subjectis
3449 1431 3647 1484 procu—

2080 1518 2238 1570 ranti.
2282 1515 2386 1582 Qui
2413 1517 2646 1568 honorat
2673 1513 3016 1582 episcopum,
3053 1524 3083 1562 a
3115 1507 3227 1562 Deo
3254 1508 3647 1572 honorabitur;

2078 1609 2221 1664 sicut
2244 1609 2337 1678 qui
2375 1607 2670 1678 ignominia
2704 1605 2867 1659 allicit
2898 1605 3073 1669 illum,
3102 1618 3132 1656 a
3166 1601 3272 1656 Deo
3299 1603 3551 1671 punietur
3580 1599 3646 1656 7*.

2080 1700 2137 1755 Si
2166 1701 2312 1756 enim
2334 1700 2461 1770 jure
2485 1699 2589 1754 erit
2630 1714 2790 1768 pmna
2815 1699 3037 1768 dignus,
3063 1700 3156 1766 qui
3190 1696 3454 1750 adversus
3497 1709 3652 1764 reges

2078 1794 2331 1863 insurgit,
2347 1802 2406 1847 ut
2422 1793 2516 1862 qui
2537 1793 2773 1847 resolvat
2795 1805 3141 1846 communem
3155 1789 3390 1860 quietem
3414 1805 3428 1852 ;
3445 1797 3652 1857 quanto

2079 1885 2282 1954 putatis
2303 1884 2522 1954 gravius
2550 1883 2848 1936 merebitur
2875 1882 3228 1952 supplicium,
3269 1880 3363 1950 qui
3396 1880 3515 1934 sine
3538 1879 3652 1948 epi-

2080 1992 2246 2047 scopo
2289 1977 2418 2048 quid
2453 1976 2598 2030 volet
2644 1990 2825 2045 agere,
2877 1974 3224 2029 concordiam
3270 1987 3551 2041 rumpens,
3597 1979 3653 2026 et

2081 2068 2282 2122 bonum
2314 2067 2560 2121 ordinem
2583 2064 2957 2120 confundens?
2985 2062 3366 2119 Sacerdotium
3392 2063 3536 2117 enim
3568 2071 3653 2115 est

2077 2161 2323 2215 omnium
2369 2160 2662 2223 bonorum,
2688 2171 2810 2226 qua:
2840 2157 2893 2209 in
2930 2157 3244 2210 hominibus
3289 2163 3437 2217 sunt,
3489 2169 3648 2225 apex,

2079 2252 2338 2307 adversus
2375 2251 2521 2321 quod
2556 2251 2649 2319 qui
2691 2248 2841 2313 furit,
2889 2265 2996 2303 non
3040 2251 3315 2304 hominem
3348 2246 3648 2328 ignominia

2078 2343 2258 2408 allicit,
2295 2343 2392 2398 sed
2427 2341 2622 2408 Deum,
2655 2352 2710 2397 et
2743 2343 3021 2397 Christum
3055 2339 3262 2413 Iesum,
3311 2339 3650 2409 primogeni~

2079 2444 2216 2500 tum,
2253 2436 2458 2505 quique
2497 2435 2648 2491 solus
2688 2444 2773 2490 est
2826 2443 3017 2488 natura
3081 2432 3322 2506 pontifex
3373 2431 3550 2486 Patris
3580 2431 3644 2483 ⁷⁸.

2077 2527 2272 2582 Omnia
2293 2529 2458 2598 igitur
2481 2529 2638 2584 vobis
2704 2528 2916 2584 decenti
2963 2526 3156 2581 ordine
3197 2525 3550 2594 perficiantur
3596 2525 3650 2576 in

2077 2621 2316 2678 Christo.
2367 2619 2514 2676 Laiei
2545 2621 2794 2676 diaconis
2823 2621 3186 2690 subjiciantur
3213 2638 3228 2684 ;
3266 2618 3504 2682 diaconi,
3527 2632 3652 2686 pre-

2078 2713 2342 2783 sbyteris;
2365 2713 2688 2784 presbyteri,
2716 2715 3005 2782 episcopo;
3036 2711 3348 2780 episcopus.
3388 2710 3608 2764 Christo
3633 2735 3648 2770 ,

2079 2814 2140 2860 ut
2165 2806 2286 2873 ipse
2330 2803 2500 2860 Patri.
2545 2805 3018 2872 Quemadmodum
3053 2819 3142 2859 me
3185 2804 3499 2868 recreastis,
3541 2803 3651 2856 fras

2080 2904 2212 2960 tres,
2257 2904 2314 2951 et
2365 2911 2462 2950 vos
2505 2904 2711 2951 recreet
2742 2895 2903 2949 Jesus
2929 2893 3202 2948 Christus.
3238 2891 3530 2944 Absentem
3563 2905 3652 2945 me

2078 3001 2142 3040 ac
2164 2996 2484 3056 praesentem
2517 2986 2820 3052 dilexistis;
2854 2986 3120 3041 retribuet
3144 2984 3301 3039 vobis
3327 2983 3488 3048 Deus,
3524 2997 3650 3051 pro-

2080 3089 2200 3148 pter
2229 3093 2392 3148 quem
2426 3079 2543 3133 haac
2588 3079 2642 3132 in
2675 3079 2918 3132 vinctum
2953 3076 3105 3132 illius
3135 3075 3464 3131 contulistis.
3512 3071 3648 3128 Nam

2079 3171 2181 3225 etsi
2207 3185 2315 3224 non
2350 3186 2470 3225 sum
2495 3171 2715 3240 dignus,
2747 3180 2804 3224 at
2827 3185 3020 3238 magna
3043 3177 3124 3223 est
3145 3167 3311 3222 animi
3343 3167 3505 3222 vestri
3525 3182 3655 3237 pro-

389 3254 499 3324 τῖις
529 3253 838 3326 προθυμίας
869 3252 1024 3323 ὑμῶν
1059 3252 1216 3322 μέγα.
1259 3250 1312 3302 Ὁ
1337 3251 1516 3320 τιμῶν
1530 3252 1639 3323 γὰρ
1666 3252 1978 3321 προφήτην

2081 3261 2290 3329 pensio.
2318 3261 2423 3326 Qui
2448 3263 2592 3316 enim
2617 3263 2840 3315 hmwrat
2869 3262 3176 3330 prophetam
3205 3261 3260 3312 in
3287 3261 3494 3312 nomine
3523 3275 3649 3328 pro-

388 3349 486 3412 εις
529 3346 715 3415 ὄνομα
746 3343 1076 3414 προφήτου,
1111 3344 1334 3413 μισθὸν
1356 3343 1664 3413 προφήτου
1693 3343 1969 3413 λήψεται.

2076 3350 2276 3417 phette,
2333 3351 2617 3405 mercedem
2652 3350 2916 3420 prop/tene
2957 3350 3176 3417 accipiet
3199 3349 3266 3402 ⁷⁷.
3301 3346 3649 3402 Manifestum

463 3488 522 3561 "7
545 3489 818 3561 lsa._L_xn,
848 3489 972 3561 _il_;_
1008 3486 1190 3561 Const.
1220 3503 1306 3561 np.
1350 3501 1408 3550 ιι,
1457 3486 1542 3540 14.
1623 3486 1669 3518 ⁷³
1697 3484 1854 3542 Prov.
1886 3504 1988 3543 χχι·

2090 3491 2176 3544 21.
2254 3493 2300 3524 ⁷⁸
2333 3490 2516 3548 Const.
2543 3509 2628 3561 ap.
2673 3508 2748 3558 Vl,
2786 3492 2839 3545 2.
2917 3492 2964 3524 ⁷⁵
2995 3492 3028 3544 l.
3059 3491 3240 3546 Const.
3274 3507 3360 3559 ap.
3401 3507 3520 3558 νιιι,
3553 3493 3644 3548 46.

385 3557 440 3591 ’⁸
473 3558 546 3613 al.
580 3559 740 3616 καθά.
847 3558 885 3590 ⁷⁷
928 3557 1115 3612 Matth.
1145 3573 1174 3610 x
1197 3598 1213 3623 ,
1241 3557 1329 3610 41.

463 3675 602 3748 (10)
622 3677 782 3745 Τίμα.
804 3677 1030 3748 Adeum
1055 3677 1234 3734 locum
1255 3678 1414 3731 Prov.
1448 3692 1594 3748 χχιιι,
1619 3677 1680 3748 2]
1703 3713 1717 3736 ,
1747 3679 1835 3746 qui
1865 3694 1964 3748 pu-

387 3745 542 3802 tatur
559 3745 712 3818 '_Beda
747 3762 758 3798 :
794 3767 811 3797 ι
848 3745 1035 3818 Νριιιιο
1070 3750 1270 3818 aliquid
1307 3748 1515 3818 obstat,
1549 3747 1602 3800 in
1647 3745 1879 3803 Domino
1910 3758 1964 3801 et

386 3832 539 3888 rege,
562 3815 777 3870 Patrem
813 3817 920 3871 etF
928 3817 1080 3871 ilium
1111 3815 1382 3887 intelligas
1408 3817 1700 3886 designari,
1729 3818 1821 3885 qui
1854 3834 1963 3872 uno

386 3887 698 3956 eodemque
733 3897 862 3942 sunt
898 3887 1202 3943 divinitatis
1243 3890 1452 3942 honore
1503 3887 1753 3956 colendi;
1779 3907 1814 3956 77:7
1858 3889 1964 3942 hoc

383 3957 535 4012 enim
567 3929 731 4010 modo
765 3972 963 4012 censeo
986 3957 1296 4026 legendum,
1328 3957 1420 4011 ubi
1453 3965 1613 4026 tomo
1634 3929 1753 4010 νιιί
1775 3955 1966 4012 Hiero-

390 4028 544 4097 nymi
573 4042 838 4081 excusum
867 4025 1117 4093 habetur,
1158 4047 1176 4080 ι
1208 4037 1269 4082 ιιι
1300 4041 1504 4096 regem.
1542 4046 1563 4097 ι
1586 4025 1722 4082 Cor.

464 4095 712 4166 Ibidem.
733 4099 894 4166 Τίμα,
924 4099 1134 4166 φησιν,
1176 4097 1288 4162 υἱὲ,
1321 4097 1431 4150 τὸν
1466 4095 1632 4159 Θεὸν,
1681 4097 1971 4160 καὶβασι-

383 4166 519 4222 λέα·
555 4165 670 4235 ἐγὼ
691 4165 758 4220 δέ
781 4165 948 4238 φημι.
984 4165 1333 4238 salomonem
1374 4168 1442 4238 ab
1470 4166 1576 4238 isto
1600 4167 1802 4238 corrigi
1822 4167 1970 4221 hisce

386 4238 572 4292 verbis
595 4235 834 4301 notat,in
865 4235 1202 4292 ’Problemate
1233 4253 1356 4297 suo,
1382 4235 1702 4292 Perkinsius
1739 4235 1920 4291 noster
1952 4255 1964 4292 :

389 4308 553 4376 quasi
587 4307 768 4375 major
790 4306 1081 4362 Salomone
1108 4317 1255 4362 esset
1275 4308 1385 4361 hic.
1413 4307 1613 4376 Ussen.

461 4377 573 4448 (11)
617 4377 765 4431 Θεοῦ
781 4377 993 4448 εἰκόνα
1006 4378 1325 4446 φοροῦντα·
1352 4377 1500 4430 κατὰ
1515 4375 1706 4448 μίένίτό
1734 4376 1960 4445 ἄρχειν,

394 4446 566 4510 Θεοῦ,
591 4449 740 4500 κατὰ
767 4446 834 4499 δὲ
862 4447 928 4499 τὸ
955 4449 1297 4516 ἱερατεύειν,
1317 4447 1596 4514 Χριστοῦ.
1619 4447 1959 4502 Manifestam

2073 3678 2370 3734 indicatum
2395 3687 2497 3732 est.
2529 3675 2600 3729 In.

2139 3749 2251 3819 (15)
2289 3750 2358 3802 El
2384 3747 2491 3814 γὰρ
2523 3750 2554 3799 ὁ
2585 3746 2957 3819 βασιλεῦσιν
2991 3746 3466 3819 estsq-amonem;
3506 3745 3643 3819 Vide

2072 3816 2474 3890 Prelegomen._,
2505 3832 2626 3890 cap,
2662 3818 2727 3869 lt)
2756 3828 2810 3870 et
2836 3832 2963 3890 cap.
2984 3816 3072 3890 18,
3109 3824 3172 3890 et_
3201 3825 3328 3868 nota
3356 3817 3643 3890 vcrbailla

2070 3884 2258 3944 Graeci
2286 3887 2491 3943 codicis
2525 3904 2537 3940 :
2573 3884 2648 3949 ὥς
2699 3902 2762 3953 γε
2799 3885 3089 3957 παραλύων
3125 3884 3222 3955 τὴν
3267 3885 3451 3957 κοινὴν
3497 3889 3646 3938 εὐνο-

2075 3958 2222 4029 μίαν,
2251 3959 2305 4012 in
2334 3967 2516 4029 vetere
2545 3973 2765 4026 quoque
2789 3954 3004 4025 vulgata
3035 3954 3227 4009 Latina
3258 3954 3509 4010 versione
3534 3974 3644 4010 non

2076 4025 2413 4097 comparere.
2443 4025 2518 4079 In.
2565 4025 2578 4026 ί
2677 4025 2690 4026 ί
3072 4095 3096 4104 _

2083 4098 2254 4175 h_(lti)
2293 4098 2548 4175 Kal_tnr
2571 4095 3162 4175 ρμόνοιανδιασπων,
3197 4095 3292 4175 καί
3330 4095 3646 4175 conseru-

2072 4165 2212 4232 ξίαν
2236 4165 2539 4237 συγχέων.
2570 4165 2756 4234 Neque
2791 4167 2892 4237 ista
2929 4165 3092 4219 etiam
3137 4181 3167 4219 a
3202 4165 3420 4235 vulgato
3447 4165 3645 4219 Latino

2074 4236 2370 4307 interprete
2392 4247 2788 4307 agnoscunt)".
2824 4236 2896 4288 In.
3022 4305 3042 4307 77
3263 4306 3270 4307 7
3365 4305 3373 4307 7
3459 4257 3461 4260 ‹

2141 4304 2254 4379 (17)
2292 4307 2398 4379 Kal
2425 4304 2616 4374 μόνον
2641 4304 2715 4372 τῇ
2736 4307 2916 4379 seliget
2934 4305 3316 4379 _toﬁ_17arpdc
3344 4305 3640 4374 ἀρχιερέα.

2073 4374 2190 4432 Vid.
2226 4374 2632 4446 Prolegotiiem,
2657 4391 2778 4446 cap.
2811 4374 2899 4428 75.
2932 4375 3004 4446 In.
3121 4445 3124 4446 7
3271 4415 3275 4419 -

2139 4448 2249 4518 (18)
2288 4441 2491 4518 Hdie};
2521 4441 2634 4518 οὖν·
2653 4441 2795 4515 ὑμῖν
2816 4447 2942 4518 μετξ
2959 4441 3236 4518 εὐταξίας
3260 4446 3644 4518 ἐπιτελείᾳθω

384 4533 514 4573 esse
558 4518 648 4570 hic
690 4515 1092 4574 aﬂ‘ectationem
1122 4518 1442 4572 subtilitatis
1483 4517 1858 4585 ineptissimze,
1905 4518 1959 4571 in
1993 4577 2028 4586 _
2063 4519 2134 4572 ἐν
2149 4515 2412 4586 Χριστῷ.
2440 4515 2687 4586 Prohis.
2720 4524 2904 4569 noster
2927 4516 3193 4586 interpres
3223 4517 3419 4570 habet:
3459 4535 3478 4567 ι
3513 4515 3643 4570 0m-

387 4588 507 4643 suis
540 4587 604 4641 ad
622 4588 793 4656 Jtunc
836 4587 1015 4642 locum
1060 4589 1206 4642 notis
1239 4587 1446 4642 criticis
1491 4577 1747 4642 observat
1788 4577 1960 4642 Vede-
1993 4577 2036 4631 Ι)
2067 4589 2156 4642 nia
2186 4577 2525 4656 {gitur—vobis
2555 4585 2609 4640 in
2634 4586 2805 4656 gratia
2832 4577 3468 4656 superabundent;digni
3496 4588 3639 4642 enim

391 4659 524 4713 lius.
563 4675 588 4708 ι
617 4655 841 4728 Tribuit
877 4657 1023 4722 enim
1059 4656 1286 4728 (inquit)
1333 4656 1444 4710 Deo
1482 4656 1630 4728 Patri
1667 4657 1728 4710 τὸ
1773 4658 1962 4728 ἄρχειν

389 4729 683 4796 imperare,
719 4727 939 4782 Christo
970 4726 1248 4782 autem‘co
1269 4726 1623 4796 iaparsﬁaw;
1657 4726 1959 4782 secundum

393 4800 581 4867 prius,
624 4798 756 4852 dicit
801 4797 1116 4867 episcopum
1180 4797 1290 4852 Deo
1330 4797 1475 4867 Patri
1522 4798 1754 4852 similem
1800 4813 1960 4861 esse;

390 4865 696 4923 secundum
733 4865 1026 4936 posterius,
1059 4867 1200 4920 Filio
1235 4867 1352 4922 Dei.
1385 4865 1552 4932 Quasi
1583 4882 1713 4921 vero
1744 4867 1964 4921 Christo

389 4953 500 5008 non
523 4946 855 5006 competeret
883 4948 942 5008 ut
961 4938 1021 4990 τὸ
1047 4937 1364 5008 ἱερατεύειν,
1383 4941 1464 4991 sic
1484 4938 1649 4991 etiam
1669 4937 1730 4991 τὸ
1753 4937 1961 5008 ἄρχειν.

392 5005 677 5078 Scriptura
708 5015 856 5078 certe
877 5005 1312 5062 Christo'tribuit
1344 5017 1775 5074 utrumque.tum
1795 5005 1962 5078 alias,

389 5076 758 5146 tum‘qnando
785 5076 962 5150 ipsum
995 5079 1258 5150 ἀρχιερέα
1279 5086 1467 5150 vocat:
1491 5077 1582 5130 ubi
1606 5078 1826 5150 nomine
1847 5077 1966 5150 ipso

392 5145 688 5218 utrumque
710 5145 986 5218 exprimit,
1015 5145 1169 5218 quod
1181 5149 1286 5202 hoc
1307 5149 1432 5218 loco
1454 5156 1744 5216 corruptor
1772 5145 1964 5217 lgnatii

389 5215 629 5288 divertit,
663 5236 682 5267 ι
718 5215 800 5271 vel
833 5235 852 5269 ι
879 5215 1097 5288 divellit
1130 5238 1148 5269 ι
1185 5219 1388 5288 potius.
1415 5217 1491 5270 lt).

461 5287 574 5357 (12)
611 5289 720 5342 Kal
748 5287 902 5357 μετὰ
927 5287 1162 5347 τοῦτον,
1187 5284 1381 5357 τιμᾷν
1407 5287 1523 5355 χρὴ
1551 5286 1648 5339 καὶ
1675 5284 1959 5350 βασιλέα.

394 5355 527 5412 Vide
553 5355 932 5428 Prolegomen.
974 5373 1094 5428 cap.
1133 5357 1221 5412 10.
1251 5355 1327 5413 In.

464 5428 576 5499 (15)
618 5425 768 5482 Οὔτε
805 5428 916 5498 γὰρ
960 5425 1108 5482 Θεοῦ
1151 5445 1242 5493 τις
1276 5427 1574 5499 κρείττων.
1609 5444 1627 5477 ι
1667 5425 1777 5481 Nec
1809 5427 1962 5499 enim

391 5496 517 5568 rege
538 5496 828 5568 quisquam
855 5499 1194 5568 praestantior
1219 5516 1238 5548 ι
1268 5499 1322 5551 in
1345 5497 1590 5568 versione
1615 5512 1713 5552 sua
1731 5496 1964 5552 reddidit

393 5566 710 5623 vairlenius
731 5586 761 5638 ;7
784 5567 929 5638 regis
973 5569 1216 5634 nomine,
1259 5583 1359 5638 pro
1404 5567 1520 5631 Dei,
1565 5582 1658 5636 per
1691 5567 1960 5622 incuriam

395 5639 712 5692 substituto.
745 5637 820 5690 In.

463 5707 575 5777 (M)
620 5709 672 5760 '0
701 5706 884 5778 τιμῶν
904 5708 1260 5778 ἐπίσκοπον.
1286 5707 1366 5778 Ab
1384 5706 1670 5769 Antiocho,
1695 5706 1748 5761 in
1773 5707 1960 5778 homil.

392 5778 497 5831 124
550 5787 604 5852 et
626 5777 1065 5852 Damasceno,‘in
1099 5777 1357 5852 Parcite].
1388 5778 1480 5852 lib.
1516 5794 1576 5843 ιι,
1609 5793 1731 5852 cap.
1761 5777 1851 5842 25,
1884 5779 1965 5852 ci-

390 5857 537 5905 tatus
567 5848 795 5905 habetur
823 5849 910 5905 hic
931 5848 1083 5905 locus
1104 5866 1117 5917 ;
1138 5857 1192 5902 ιιι
1213 5849 1268 5903 in
1302 5846 1702 5920 Prolrgomen.}
1724 5864 1842 5920 cap.
1875 5849 1961 5908 18.

2071 4658 2223 4713 estis.
2250 4676 2269 4709 ι
2294 4656 2370 4710 lD-
3453 4683 3456 4686 ·
3631 4703 3638 4712 .

2142 4729 2255 4800 (19)
2294 4729 2363 4800 οι
2390 4727 2607 4800 ..ίαὶξκοίΓ
2635 4723 3120 4800 Hanc_\_'ocem_(ab
3146 4725 3556 4800 interpolatore,
3587 4737 3642 4782 ct

2072 4793 2164 4854 hic
2199 4793 2254 4852 et
2293 4797 2350 4851 in
2394 4795 2637 4866 Epistola
2675 4795 2744 4847 ad
2786 4793 3158 4866 Illognesianos
3190 4793 3527 4866 usurpatam)
3576 4814 3643 4851 ne

2077 4867 2267 4937 lgnatii
2303 4867 2504 4937 saeculo
2523 4865 2761 4937 ignotam
2791 4863 2960 4937 fuisse
2976 4866 3305 4937 e§istimem,
3327 4863 3469 4937 ’t'acit'
3490 4863 3642 4937 locus

2074 4933 2166 4994 ille
2197 4936 2491 4992 Clementis
2521 4933 2571 4987 in
2610 4933 2850 5005 Epistula
2897 4933 2962 5005 ad
2997 4933 3313 5005 Corinthios
3365 4936 3642 5005 (editionis

2072 5008 2344 5073 laniante,
2373 5021 2498 5075 pag.
2526 5006 2615 5071 55)
2645 5002 2667 5059 ε’
2705 5004 2770 5075 ’οΑ
2788 5002 2974 5066 λαῖκὸς
2989 5002 3272 5075 ἄνθρωπος
3301 5002 3411 5067 τοῖς
3434 5004 3641 5070 λαῖκοίς

2076 5073 2728 5150 προστάγμασίδέδῗεται.)
2754 5073 3148 5150 imicushomo
3173 5077 3458 5150 praeceptis
3485 5075 3640 5150 laich

2073 5143 2518 5215 constringitur.»
2552 5143 2619 5199 Ut
2642 5146 2706 5199 ad
2743 5144 3066 5213 Apostolicos
3106 5160 3328 5197 canones
3351 5154 3404 5198 et
3431 5144 3639 5197 Διιῑτιί⁴

2074 5217 2195 5284 ξεις
2224 5219 2310 5287 (in
2340 5217 2541 5286 quibus
2557 5215 2858 5287 sepissime
2884 5215 3204 5287 vocabulttm
3245 5218 3344 5287 hoc
3377 5215 3638 5287 occurrit)

2075 5289 2163 5343 hic
2187 5284 2478 5357 confugere
2495 5284 2988 5357 nihil’sitnecesse.
3019 5284 3074 5357 In
3103 5285 3436 5357 Tertulliano
3467 5284 3638 5347 enim,

2075 5359 2322 5427 proximo
2349 5354 2471 5426 post
2509 5355 2778 5426 lgnatium
2803 5355 3028 5427 saeculo,
3057 5354 3325 5427 laieorum
3350 5370 3641 5409 occurrere

2074 5424 2428 5491 mentionem,
2464 5424 2623 5482 nemo
2646 5432 2731 5480 est
2762 5425 2859 5495 qui
2889 5426 3119 5493 ignoret.
3152 5424 3225 5478 ln.

2081 5550 2084 5554 .
2144 5497 2258 5566 (20)
2295 5497 2472 5551 Καθό.
2509 5496 2587 5550 ita
2621 5493 2794 5551 codei
2816 5493 3300 5566 Nydpruccianus:
3335 5494 3636 5566 alii_._xa00‘t.

2079 5563 2339 5638 vulgatus
2389 5567 2678 5638 interpres,
2717 5563 3076 5638 (secundum
3120 5566 3281 5634 quod.
3354 5587 3372 5616 ι
3420 5563 3638 5630 Noster,

2079 5658 2095 5688 ι
2118 5635 2417 5694 secundum
2452 5637 2656 5691 omnia.
2698 5635 2807 5687 ιιι).

2141 5708 2256 5832 (21)
2295 5709 2374 5760 Δι’
2407 5705 2480 5759 ὃν·
2518 5707 2704 5759 ταῦτα
2734 5712 2821 5771 εὶς
2860 5707 2965 5759 τὸν
3004 5705 3250 5774 δέσμιον
3287 5705 3471 5760 αὑτοῦ
3508 5706 3640 5759 ers-

2165 5778 2369 5832 ξασθε.
2400 5775 2594 5831 Noster
2623 5777 2888 5832 interpres
2920 5795 2932 5829 :
2974 5795 2990 5826 ι
3026 5789 3240 5832 promer
3265 5793 3426 5832 uuem
3457 5780 3637 5832 omnia

2072 5775 2369 5841 δείξασθε.
2400 5775 2594 5831 Noster
2623 5777 2888 5844 interpres
2920 5795 2932 5829 :
2974 5795 2990 5826 ι
3026 5789 3240 5846 propter
3265 5793 3426 5846 quem
3457 5780 3637 5833 omnia

2075 5850 2426 5916 sustinentes,
2452 5846 2629 5920 ipsum
2654 5847 3046 5919 adipisccmini.
3084 5867 3101 5897 ι
3145 5845 3218 5898 Ιι).
