4076 6400
304 394 404 453 877

777 389 1140 450 ΕΡΙδΤΟΙηΕ
1197 387 1722 452 SUPPOSlTlTUE.
1761 421 1832 434 —
1866 383 2112 442 MANE
2150 382 2582 442 PROSELY'NE
2618 385 2711 440 AD
2749 382 3108 442 IGNATIUM.

3450 385 3557 439 878

299 512 400 566 τῶν
432 509 731 583 προφητῶν
786 510 1228 581 ὲγκαταλεχϐεὶς,
1264 511 1358 563 τὸν
1407 508 1718 581 πρεσϐύτην
1764 506 1876 576 (57)

1985 503 2242 573 pellatus;
2275 511 2438 572 atque
2472 503 2526 556 in
2557 517 2847 556 numerum
2883 503 3271 572 prophetarum
3307 498 3557 559 allectus,

309 602 450 658 Ἠλεὶ
483 602 831 674 παρανομίας
864 603 1133 674 ἐξελέγχει
1153 642 1168 666 ,
1206 604 1290 656 ὅτι
1326 602 1694 674 παραπλῆγας
1722 601 1877 663 υἱεῖς,

299 694 426 749 θεοῦ
446 694 541 748 τοῦ
571 694 788 748 πάντων
807 694 977 748 αίτίου
999 695 1440 768 προετετιμήκει,
1466 694 1560 746 καὶ
1588 694 1880 757 παίζοντας

301 787 373 850 είς
401 785 498 857 τὴν
525 785 846 859 ἱερωσύνην,
877 788 923 819 ²⁰
946 788 1025 851 είς
1052 787 1144 840 τὸν
1168 786 1295 842 λαὸν
1326 786 1744 855 ἀσελγαίνοντας
1767 785 1880 838 εἴα-

303 895 387 932 σεν
418 878 826 949 ἀτιμωρήτους.

365 973 457 1024 ΙΙΙ.
489 970 686 1041 Δανιὴλ
703 971 760 1024 δὲ
785 972 814 1023 ὁ
847 971 1027 1040 σοφὸς,
1063 971 1184 1034 νέος
1214 970 1289 1024 ὢν
1325 969 1460 1040 (58),
1490 968 1702 1040 ἔκρινεν
1733 967 1881 1040 ὠμο-

300 1061 555 1131 γέροντάς
579 1077 738 1123 τινας
771 1060 902 1132 (59)·
937 1061 1115 1126 δείξας
1149 1059 1369 1128 ἐξώλεις
1401 1061 1620 1125 αὐτοὺς,
1674 1059 1767 1113 καὶ
1817 1061 1878 1113 ού

301 1152 699 1224 πρεσϐυτέρους
730 1148 902 1219 εἶναι,
945 1155 1040 1208 καὶ¹
1089 1153 1169 1224 τῷ
1210 1155 1356 1223 γένει
1382 1153 1668 1216 Ἰουδαίους
1700 1152 1878 1217 ὄντας,

301 1245 374 1315 τῷ
404 1244 591 1316 τρόπῳ
611 1245 948 1310 Χαναναίους
982 1245 1250 1318 ὑπάρχειν
1285 1245 1416 1317 (40).
1441 1246 1553 1299 Καὶ
1589 1244 1879 1316 Ἱερεμίας,

299 1335 380 1389 διὰ
406 1335 466 1389 τὸ
499 1336 619 1389 νέον
654 1338 1091 1408 παραιτούμενος
1122 1336 1220 1408 τὴν
1250 1336 1698 1408 ὲγχειριζομένην
1731 1333 1884 1406 αύτῷ

301 1422 431 1492 πρὸς
463 1419 558 1476 τοῦ
592 1423 727 1476 Θεοῦ
763 1424 1123 1494 προφητείαν,
1160 1424 1367 1478 ἀκούει·
1398 1423 1496 1490 Μὴ
1537 1423 1712 1492 λέγε,
1733 1420 1884 1477 Νεώ-

301 1513 464 1579 τερός
486 1514 624 1581 εἶμι.
648 1514 800 1566 Διότι
821 1513 972 1581 πρὸς
991 1511 1222 1579 πάντας
1238 1513 1347 1580 οὓς
1365 1513 1474 1567 ἐὰν
1491 1513 1882 1577 ἐξαποστελῶ

300 1617 388 1666 σε,
417 1603 711 1672 πορεύσῃ·
753 1604 851 1657 καὶ
881 1604 1033 1658 κατὰ
1064 1604 1262 1657 πάντα
1277 1604 1396 1658 ὅσα
1431 1603 1508 1658 ἂν
1528 1604 1882 1672 ἐντείλωμαί

301 1703 413 1752 σοι,
435 1688 743 1758 λακήσῃς·
767 1690 858 1744 ὅτι
881 1691 1032 1761 μετὰ
1059 1692 1175 1746 σοῦ
1199 1691 1312 1762 ἐγώ
1337 1695 1474 1762 ειμι.
1501 1693 1752 1764 Σολομῶν
1771 1693 1825 1747 δὲ
1853 1695 1882 1746 ὁ

303 1777 481 1846 σοφὸς,
529 1778 858 1834 δυοκαίδεκα
901 1780 1183 1850 τυγχάνων
1235 1781 1372 1835 ἑτῶν
1405 1781 1552 1853 (41),
1589 1782 1788 1853 συνῆκε
1821 1781 1881 1835 τὸ

304 1868 440 1939 μέγα
462 1872 565 1943 τῆς
601 1872 875 1940 ἀγνωσίας
897 1872 1007 1925 τῶν
1031 1872 1303 1940 γυναικῶν
1334 1873 1428 1926 ἐπὶ
1457 1876 1567 1936 τοῖς
1602 1872 1885 1944 σφετέροις

299 1962 502 2026 τέκνοις
537 1962 781 2035 ζήτημα·
813 1964 889 2028 ὡς
913 1964 1090 2019 πάντα
1123 1964 1214 2019 τὸν
1247 1965 1374 2020 λαὸν
1407 1967 1668 2038 ἐκστῆναι
1701 1969 1793 2021 ἐπὶ
1814 1972 1880 2039 τῇ

300 2057 531 2130 τοσαύτῃ
584 2057 678 2111 τοῦ
728 2056 917 2121 παιδὸς
971 2059 1153 2131 σοφίᾳ,
1205 2058 1300 2112 καὶ
1333 2058 1633 2132 φοϐηθῆναι
1680 2061 1777 2131 οὐχ
1807 2061 1883 2124 ὡς

303 2151 583 2220 μειράκιον
603 2188 618 2212 ,
651 2149 766 2204 ἀλλ’
786 2150 863 2214 ὡς
903 2151 1108 2204 τέλειον
1153 2151 1342 2222 ἄνδρα.
1375 2151 1456 2205 Τὰ
1491 2151 1548 2204 δὲ
1588 2153 1884 2223 αἰνίγματα

299 2244 392 2314 τῆς
415 2244 693 2298 Αἰθιόπων
726 2244 1017 2312 βασιλίδος,
1045 2246 1218 2317 φορὰν
1244 2245 1438 2318 ἔχοντα
1469 2247 1659 2318 ὥσπερ
1692 2246 1758 2299 τὰ
1788 2247 1882 2300 τοῦ

297 2332 486 2388 Νείλου
523 2334 796 2405 ῥεύματα,
831 2333 1004 2399 οὕτως
1049 2335 1350 2390 ὲπελύσατο
1402 2337 1478 2401 ὡς
1528 2337 1634 2404 ἔξω
1684 2338 1882 2409 ἑαυτῆς

299 2426 546 2495 γενέσθαι
578 2427 677 2501 τὴν
710 2426 885 2491 οὕτως
919 2427 1114 2499 σοφήν.

368 2692 456 2748 IV.
475 2692 693 2756 Ἰωσίας
707 2693 765 2746 δὲ
779 2695 809 2746 ὸ
829 2688 1103 2764 θεοφιλὴς,
1121 2693 1364 2767 ἄναρθρα
1393 2696 1577 2766 σχεδὸν
1610 2696 1690 2750 ἔτι
1706 2697 1876 2767 φθεγ-

303 2785 530 2857 γόμενος
547 2785 685 2856 (42),
703 2786 916 2857 ἐλέγχει
943 2787 1072 2850 τοὺς
1103 2786 1180 2857 τῷ
1209 2785 1429 2859 πονηρῷ
1451 2787 1720 2860 πνεύματι
1745 2807 1880 2844 κατ-

1986 610 2171 649 senem
2203 593 2338 647 Elim
2377 594 2595 648 violatae
2625 594 2760 664 legis
2789 594 3002 658 arguit;
3034 592 3295 662 quoniam
3325 602 3563 646 vesanus

1983 685 2125 742 ﬁlios
2149 685 2259 740 Deo
2283 701 2465 741 rerum
2491 685 2736 738 omnium
2766 685 2976 738 auctori
3000 683 3327 752 praetulerat,
3355 697 3561 752 eosque

1985 775 2294 829 sacerdotio
2323 775 2613 829 illudentes
2638 789 2701 828 ac
2731 789 2857 844 erga
2887 774 3148 844 populum
3181 775 3478 831 insolenter
3499 792 3558 832 se

1983 875 2232 939 gerentes
2259 867 2540 921 dimiserat
2570 866 2868 935 impunitos
2896 865 2959 918 ⁸ο.

2053 953 2142 1011 lll.
2181 955 2412 1027 Sapiens
2437 971 2570 1012 vero
2605 955 2815 1021 Daniel,
2845 957 3066 1026 juvenis
3104 972 3230 1012 cum
3271 965 3435 1022 esset,
3468 957 3561 1026 ju-

1981 1048 2186 1103 dicium
2232 1049 2287 1102 in
2312 1048 2580 1118 quosdam
2631 1049 2832 1102 crudos
2863 1056 2914 1102 et
2946 1049 3195 1104 crudeles
3217 1065 3378 1106 senes
3403 1050 3560 1112 tulit;

1984 1140 2331 1209 ostenditque
2358 1154 2452 1194 eus
2475 1138 2722 1195 exitiales
2750 1154 2815 1194 ac
2843 1141 3106 1209 perditos,
3133 1156 3310 1210 neque
3335 1142 3562 1212 presby-

1982 1239 2130 1285 teros
2164 1245 2260 1285 seu
2283 1230 2526 1286 seniores
2557 1245 2711 1295 esse;
2749 1239 2802 1285 et
2830 1231 2925 1300 qui
2953 1246 3148 1302 genere
3179 1230 3350 1287 Judaei
3377 1239 3557 1296 erant,

1985 1323 2232 1377 moribus
2267 1337 2388 1377 esse
2419 1321 3126 1378 Chananaaos“..leremias
3159 1339 3398 1394 quoque,
3432 1327 3560 1394 quia

1981 1421 2203 1486 propter
2227 1412 2592 1482 iuventutem,
2617 1414 2764 1483 quod
2793 1415 2895 1484 ipsi
2925 1430 2954 1468 a
2983 1414 3094 1470 Deo
3118 1416 3562 1470 committebatur

1980 1505 2281 1576 prophetiae
2322 1505 2691 1559 ministerium
2740 1507 3054 1573 recusabat,
3106 1507 3222 1562 haec
3260 1509 3442 1563 audit:
3481 1508 3563 1563 Ne

1979 1598 2127 1650 dicas
2158 1615 2177 1656 :
2207 1595 2405 1652 Iunior
2436 1613 2574 1651 sum.
2609 1595 2872 1660 Quoniam
2901 1599 2969 1651 ad
2995 1615 3170 1652 omnes
3206 1600 3275 1653 ad
3303 1617 3432 1670 quos
3465 1602 3558 1654 mi-

1980 1705 2096 1744 sero
2144 1697 2213 1755 te,
2251 1689 2402 1753 ibis;
2451 1699 2499 1742 et
2519 1689 2684 1758 juxta
2736 1691 2914 1743 omnia
2947 1706 3062 1760 quae
3100 1693 3418 1746 mandavero
3446 1692 3564 1759 tibi,

1979 1781 2208 1850 loqueris
2231 1795 2248 1835 :
2271 1783 2401 1851 quia
2431 1790 2594 1836 tecum
2627 1797 2722 1850 ego
2750 1782 2952 1834 sum“.
2982 1781 3242 1838 Solomon
3266 1794 3450 1838 autem
3477 1784 3568 1838 ille

1916 1860 1958 1916 Β
1987 1877 2228 1944 sapiens,
2279 1888 2426 1927 anno
2458 1873 2637 1928 aetatis
2664 1871 3012 1939 duodecimo,
3062 1889 3318 1945 magnam
3347 1876 3415 1930 de
3444 1892 3569 1930 mu-

1989 1967 2238 2031 lieribus,
2260 1980 2492 2035 quarum
2518 1962 2678 2020 liberi
2707 1979 2813 2016 non
2840 1963 3322 2034 dignoscebantnr,
3350 1975 3570 2022 contro-

1987 2059 2222 2114 versiam
2270 2056 2621 2127 dijudicavit:
2671 2059 2750 2112 ita
2793 2065 2850 2110 ut
2894 2057 3075 2112 omnis
3119 2058 3355 2126 populus
3400 2074 3566 2128 super

1989 2160 2138 2206 tanta
2186 2149 2340 2219 pueri
2385 2147 2652 2218 sapientia
2706 2150 3052 2220 obstupere‘t;
3085 2151 3322 2220 cumque
3364 2165 3472 2205 non
3506 2159 3569 2206 ut

1989 2241 2476 2306 adolescentulum,
2515 2242 2614 2296 sed
2645 2251 2704 2295 ut
2729 2239 2910 2294 virum
2939 2249 3375 2294 consummatum
3407 2256 3566 2296 reve-

1988 2341 2220 2389 reretur.
2271 2332 2491 2404 Reginae
2523 2341 2708 2388 autem
2761 2330 3078 2402 Ethiopum
3119 2332 3432 2403 aanigmata,
3483 2333 3569 2387 in-

1991 2432 2104 2478 star
2137 2424 2242 2477 Nili
2274 2424 2600 2478 ﬂuentorum
2635 2423 2945 2493 reciprocus
2976 2433 3144 2478 aestus
3178 2423 3456 2488 habentia,
3489 2423 3568 2478 sic

1989 2517 2267 2582 dissolvit,
2297 2526 2355 2570 ut
2376 2519 2519 2571 adeo
2542 2516 2760 2585 sapiens
2787 2515 2984 2570 mulier
3006 2523 3162 2570 extra
3193 2507 3426 2587 seipsam
3455 2532 3568 2586 prae

1999 2606 2363 2661 admiratione
2389 2616 2533 2662 esset
2567 2607 2612 2638 ”
2639 2624 2651 2636 ο
2690 2606 2757 2661 ’⁸.

2058 2699 2146 2756 IV.
2188 2700 2369 2757 Josias
2399 2710 2580 2756 autem
2634 2700 3007 2768 Deofcliarus,
3047 2718 3171 2758 cum
3228 2703 3340 2759 fere
3392 2705 3572 2760 adhuc

1991 2791 2335 2846 inarticulate
2366 2793 2704 2863 loqueretur,
2731 2807 2826 2848 eos
2856 2793 2950 2863 qui
2989 2794 3133 2848 malo
3163 2796 3357 2864 spiritu
3401 2797 3574 2852 curri-

367 2951 457 3031 "_i
663 2951 846 3031 til,30
873 2960 1017 3016 etlx,
1044 2953 1098 3018 9,
1125 2952 1234 3031 19.;
1265 2953 1466 3031 Anton.
1499 2953 1882 3031 MAtili-Sﬁ.__l_l,_19

1985 2956 2093 3010 itat.
2172 2954 2216 2987 ’°
2243 2953 2281 3010 l'.
2307 2955 2472 3013 inscr.
2499 2956 2608 3009 καί.
2674 2958 2715 2988 ¹¹
2744 2957 2781 3011 l.
2811 2954 2984 3028 lgnat.
3017 2958 3266 3028 interpol.
3292 2959 3361 3012 ad
3387 2959 3569 3031 Magn.

301 3032 378 3076 In.
403 3022 534 3077 Ant.
567 3017 724 3084 ibid.;
760 3017 898 3076 Dan.
926 3036 1047 3078 ιιιιι.
1124 3024 1169 3055 ²²
1193 3021 1302 3078 Jer.
1338 3039 1379 3089 I,
1416 3023 1468 3078 7.
1541 3026 1663 3058 ”-"
1695 3026 1766 3078 ΠΙ
1788 3017 1921 3096 Reg.
1950 3041 2032 3091 ιιι,
2062 3041 2118 3081 x.

367 3187 884 3268 (37L'Hpe'06’dmr.
907 3186 1286 3260 Πρεσϐύτερον
1317 3197 1504 3243 noster
1534 3189 1694 3245 habet
1722 3192 1882 3246 inter-

1993 3190 2221 3268 auribns
2250 3197 2334 3243 est
2369 3188 2582 3268 vitium.
2618 3185 2775 3243 Voss.
2801 3217 2872 3227 —
2926 3187 3372 3268 ignorepowac._
3397 3189 3568 3258 Verti,

335 3273 437 3313 res.
467 3257 673 3313 Ussr-zn.

299 3270 437 3328 pres.
471 3270 673 3313 Usssn.

311 3398 336 3400 _
372 3329 483 3397 (38)
513 3327 740 3400 Δανιὴλ
755 3326 872 3400 (Sed
889 3327 1082 3396 σοφὸς
1100 3325 1241 3400 νέος
1255 3327 1372 3400 ᾣῶν.
1401 3327 1477 3400 De
1505 3328 1695 3400 eodem
1720 3346 1886 3400 agens

310 3398 568 3461 Basilius,
609 3399 664 3452 in
696 3397 946 3452 oratione
973 3398 1114 3466 Περὶ
1142 3396 1319 3468 τιμῆς
1341 3398 1578 3468 γονέων,
1609 3396 1884 3454 Danielem

299 3469 456 3541 nobis
489 3468 763 3541 proponit
795 3469 1084 3541 παιδάριον
1124 3467 1259 3541 δντα
1299 3467 1392 3541 καὶ
1434 3467 1697 3541 νεῴ-τερον
1743 3471 1885 3524 κατά

299 3540 394 3611 τὴν
419 3537 690 3612 αἰσθητὴν
718 3537 1088 3612 ἡλικίαν.’τὴν
1119 3537 1177 3592 δὲ
1207 3539 1404 3612 νοητὴν
1437 3537 1628 3592 πολιὰν
1660 3541 1753 3592 ἐπὶ
1785 3541 1886 3611 τῆς

301 3607 616 3681 φρονήσεως
646 3607 868 3681 ἄγοντα.
904 3607 982 3661 lu.

371 3676 483 3748 ('59)
517 3681 793 3745 Ἔκρινεν
817 3676 1228 3748 ἀψογέροντάς
1259 3695 1446 3746 τινας.
1481 3677 1728 3734 Ridicule
1759 3696 1881 3734 ver-

300 3750 365 3806 tit
394 3751 688 3818 interpres.
714 3768 732 3800 ι
755 3750 1002 3804 crudeles
1029 3764 1208 3814 senes,
1239 3767 1256 3800 ι
1279 3764 1376 3817 pro
1395 3767 1413 3800 ι
1433 3749 1652 3803 crudos.
1677 3768 1694 3800 ι
1733 3749 1885 3819 Ὠμο-

302 3822 803 3893 γέροντας-ειιιοιιι,
838 3821 954 3874 sive
981 3819 1182 3874 crudos
1212 3833 1390 3893 senes,
1423 3819 1598 3888 accipi
1643 3834 1740 3888 pro
1755 3821 1884 3893 _i_l_lis

301 3888 391 3960 qui
420 3889 598 3960 viridi
623 3897 856 3960 utuntur
887 3899 1107 3945 senecta
1127 3929 1141 3952 ,
1171 3889 1305 3960 satis
1344 3899 1532 3944 notum
1565 3904 1725 3960 versu
1755 3888 1884 3943 Vir-

303 3957 524 4028 gilianu.
557 3957 715 4030 Tales
741 3959 914 4030 Graeci
947 3967 1145 4030 vocant
1159 3957 1292 4030 τοὺς
1320 3961 1485 4030 μήπω
1511 3959 1884 4030 πεπανθέντας

405 4029 729 4102 γήραι-ἀλλ’
751 4029 877 4102 ἄρτι
925 4027 1392 4102 παραλλάξαντας
1421 4030 1521 4099 τὴν
1539 4099 1548 4102 Α
1569 4029 1885 4102 ἀκμάζοντα

304 4097 546 4171 ἡλικίαν.
575 4097 686 4154 Nec
715 4097 925 4154 tantum
959 4097 1032 4153 ita
1067 4099 1428 4171 appellantur,
1459 4097 1552 4168 qui
1590 4097 1761 4171 nuper
1786 4100 1883 4171 τὴν

303 4171 624 4242 ἀκμάζοντα
650 4171 992 4242 supergressi
1031 4177 1182 4233 sunt,
1208 4171 1301 4224 sed
1343 4170 1508 4224 etiam
1541 4170 1653 4233 isti,
1683 4170 1883 4242 qnihus

305 4239 359 4294 in
382 4239 649 4311 suprema
687 4240 815 4311 licet
833 4239 1122 4311 Senectute
1149 4249 1456 4311 versentur,
1489 4241 1770 4311 super-_sint
1799 4250 1882 4294 ta-

306 4326 424 4366 men
455 4307 614 4382 vigur
645 4325 710 4382 ac
742 4309 906 4364 vires.
926 4312 1011 4382 _lta
1035 4309 1445 4382 intelligendu_m
1477 4307 1608 4382 illud
1639 4307 1880 4375 Senecae,

312 4400 330 4431 ι
358 4379 540 4436 durus
580 4379 765 4450 senior
814 4380 999 4435 navita
1039 4379 1264 4450 crudus.
1295 4398 1314 4432 ι
1371 4380 1582 4450 Saepius
1615 4390 1794 4434 tamen
1827 4382 1882 4436 in

306 4453 472 4506 altera
525 4449 927 4520 signitlcatione
972 4448 1240 4520 accipitur
1285 4451 1351 4505 de
1382 4448 1638 4520 eo’quud
1691 4465 1880 4506 recens

305 4532 412 4585 est;
465 4523 547 4576 uti
585 4518 728 4575 “cum
756 4521 993 4574 dicimus
1029 4537 1047 4570 ι
1075 4518 1308 4588 crudum
1343 4518 1567 4586 vulnus,
1601 4538 1619 4571 ι
1660 4535 1760 4588 pro
1789 4535 1875 4588 eo,

344 4593 447 4645 nod
475 4593 690 4645 noviter
720 4590 984 4645 inlliclum
1008 4598 1111 4644 est.
1137 4587 1206 4641 Et
1238 4591 1292 4644 in
1325 4587 1879 4659 Anthulugia’inedita

347 4662 648 4740 almasiana
673 4661 920 4740 quidam,
950 4661 1110 4730 cujus
1132 4661 1314 4728 capilli
1339 4669 1586 4716 recenter
1617 4660 1880 4740 incanue-

304 4741 446 4797 rant,
478 4731 548 4785 ad
583 4731 817 4800 puellam
851 4731 962 4783 ait:
1658 4734 1669 4744 ‘

317 4869 330 4871 _
443 4803 796 4870 Βόστρυχον
826 4801 1200 4870 ὠμογέροντα
1232 4800 1289 4854 τι
1314 4799 1612 4871 μέμφεαις
1661 4842 1675 4856 .
1721 4842 1734 4856 .

306 4869 409 4943 Sed
423 4882 473 4925 et
487 4869 720 4943 Martiali
738 4887 839 4925 vox
859 4869 1236 4943 illa_i-eddenda
1253 4869 1357 4936 est;
1372 4869 1529 4939 cujus
1543 4874 1880 4943 epigramma

308 4942 422 5011 (an,
451 4943 544 5012 45)
571 4942 644 4994 ita
677 4957 748 4995 ex
777 4941 999 5009 uptimis
1034 4942 1321 4997 codicibus
1347 4941 1721 5014 relingendum
1757 4955 1876 5006 est,

515 5035 748 5091 Haedina
774 5035 870 5089 tibi
896 5034 1029 5101 pelle
1057 5035 1352 5103 contegenti

516 5105 566 5159 Ν
576 5107 695 5160 uda:
730 5116 965 5174 tempora
987 5105 1330 5173 verticemque
1359 5103 1520 5158 calva:
1547 5119 1567 5156 :

521 5175 732 5230 Festive
759 5173 875 5239 tibi,
904 5175 1116 5239 Phaebe,
1147 5175 1283 5228 dixit
1316 5173 1440 5239 ille,

515 5245 755 5302 Crudum
783 5247 874 5316 qui
901 5255 1060 5315 caput
1085 5261 1197 5298 esse
1217 5245 1532 5298 calceatum.

309 5356 365 5412 ld
397 5367 500 5414 est.
529 5359 748 5416 Festive
775 5359 917 5413 dixit
945 5359 1056 5424 ille,
1085 5358 1178 5428 qui
1211 5358 1368 5421 dixit,
1402 5367 1568 5428 caput
1611 5367 1764 5428 tuum
1793 5375 1884 5415 re-

309 5439 489 5484 center
530 5431 732 5485 factum
777 5431 1016 5494 calvum,
1057 5444 1181 5483 esse
1222 5427 1545 5484 calceatum.
1600 5427 1886 5484 Sexccntis

311 5497 366 5550 in
405 5500 537 5556 locis
561 5501 988 5569 subintelligitur
1020 5518 1038 5549 ι
1068 5499 1223 5565 dixit,
1254 5498 1456 5568 inquit;
1503 5519 1520 5550 ι
1557 5501 1632 5553 uti
1667 5514 1887 5569 quoque

311 5570 449 5635 apud
493 5571 713 5627 Graecus
765 5570 827 5624 τὸ
859 5570 1032 5639 φασί,
1063 5569 1228 5640 etiam
1271 5569 1412 5637 apud
1444 5570 1886 5640 elegantissimos

312 5649 577 5711 auctores.
621 5639 680 5695 Si
717 5640 811 5710 qui
839 5654 1040 5711 _tamen
1084 5639 1159 5711 ita
1203 5639 1461 5693 molliculi
1495 5641 1626 5711 sint,
1670 5640 1887 5711 et_t_leli-

312 5709 438 5774 t-ati,
469 5721 528 5766 ut
552 5713 682 5766 talia
718 5708 772 5764 in
806 5709 1052 5766 Martiale
1077 5709 1219 5763 ferre
1249 5724 1358 5763 non
1396 5710 1628 5779 possint,
1668 5710 1702 5764 ii
1738 5708 1882 5763 Mar-

313 5779 512 5846 tialem,
549 5798 658 5837 non
705 5797 792 5836 me
834 5781 1254 5849 reprehendant,
1289 5781 1382 5848 qui
1413 5790 1650 5833 veterem
1697 5781 1771 5833 illi
1812 5780 1887 5834 le-

314 5863 541 5908 ctionem
583 5852 834 5910 restituo.
877 5849 1081 5909 Verum
1123 5867 1231 5907 nun
1260 5851 1328 5926 _in
1359 5866 1444 5920 eo,
1489 5851 1584 5908 sed
1611 5849 1666 5905 in
1694 5866 1884 5907 eorum

1995 3280 2020 3312 ί
2050 3261 2250 3316 crudus
2268 3269 2322 3313 et
2347 3259 2597 3314 crudeles
2618 3273 2798 3322 senes,
2831 3277 2848 3308 ι
2887 3259 3014 3327 quia
3053 3259 3120 3312 ad
3150 3260 3569 3326 immanitatem,

1991 3331 2135 3386 sicut
2158 3331 2225 3384 ad
2261 3338 2472 3384 aetatem
2523 3327 2830 3397 respexisse
2858 3328 3098 3396 epistulae
3138 3338 3417 3397 parentem
3441 3346 3571 3386 vero

1988 3401 2169 3455 simile
2199 3408 2302 3454 est.
2346 3399 2404 3451 In
2438 3397 2642 3463 Regula
2695 3397 3313 3467 sunlitarioruni,oap.18
3357 3418 3370 3453 :
3414 3419 3433 3452 ι
3472 3398 3570 3456 Se-

1989 3470 2206 3525 nissimi
2227 3473 2324 3532 (ita
2347 3467 2611 3521 Holstenii
2638 3466 2826 3533 editio,
2854 3466 3316 3522 Acheriana’vero
3339 3488 3357 3520 ι
3383 3470 3570 3525 saevis-

1989 3541 2113 3609 simi
2140 3559 2158 3591 ι
2193 3539 2377 3592 minus
2411 3539 2566 3605 bene)
2604 3538 2768 3609 etiam
2805 3546 2961 3591 erant
3001 3537 3308 3609 sacerdotes
3339 3539 3438 3601 illi,
3473 3542 3568 3609 qui

1990 3608 2300 3664 Susannam
2351 3609 2558 3662 violare
2590 3607 2769 3660 conati
2816 3615 2978 3672 sunt;
3043 3615 3098 3660 et
3149 3605 3337 3661 Daniel
3387 3605 3570 3665 adhuc

1986 3680 2247 3750 puerulus
2276 3677 2682 3750 erat,_quiﬂeos
2728 3677 3378 3750 ore_suoneondemnavit.
3401 3698 3445 3750 _i_
3488 3678 3568 3734 Ex

1986 3745 2374 3803 Admonitiune
2412 3745 2596 3802 Basilii
2630 3761 2752 3814 cap.
2793 3745 2880 3811 l7,
2921 3747 3011 3800 ubi
3044 3746 3272 3800 habetur
3301 3765 3314 3801 :
3346 3767 3365 3800 ι
3401 3747 3538 3803 Vetu

1986 3820 2217 3874 stissimi
2240 3819 2352 3890 jam
2375 3824 2532 3872 erant
2558 3816 2854 3890 presbyteri
2878 3819 2980 3890 _qui
3014 3814 3320 3890 Susannam
3363 3819 3570 3890 violare

1987 3891 2168 3944 conati
2207 3885 2334 3944 sunt
2369 3907 2381 3942 :
2416 3885 2567 3956 quos
2595 3885 2785 3940 Daniel
2828 3885 3007 3941 adhuc
3045 3887 3306 3956 parvulus
3355 3888 3568 3944 detecto

1985 3975 2114 4014 eoru
2125 3976 2174 4013 ιιι
2207 3960 2413 4014 scelere
2435 3955 2838 4026 eundemnavit.
2863 3974 2882 4006 ι
2900 3955 3109 4012 ϐοτέ-
3126 3955 3564 4026 Ὠμογέροντας.

1985 4029 2252 4084 Antonius
2277 4029 2641 4100 ὁμο-γέροντας
2669 4025 2855 4100 habet,
2887 4027 3192 4100 (“crudeles
3230 4025 3388 4083 senes
3425 4048 3444 4078 ι
3477 4029 3566 4083 in—

1985 4109 2195 4168 terpres
2232 4095 2462 4163 nosne;
2497 4097 2565 4152 de
2604 4110 2716 4166 quo
2769 4095 2952 4153 Vossii
2997 4107 3141 4152 notae
3195 4106 3326 4151 sunt
3365 4113 3567 4154 consu-

1984 4168 2176 4224 lendaa.
2209 4168 2407 4224 lissen.

2058 4238 2170 4308 (40)
2209 4239 2294 4304 Τῷ
2333 4239 2490 4308 γένει
2538 4235 2870 4308 Ἰου-δαίους
2898 4238 3097 4304 ὄντας,
3122 4236 3202 4302 τῷ
3231 4237 3567 4308 τρόπωγΧα-

1983 4305 2270 4374 ναιιαίους
2295 4305 2607 4377 ὑπάρχειν.
2643 4305 2883 4376 Respicit
2940 4308 3008 4362 ad
3055 4308 3221 4362 verba
3263 4305 3372 4360 illa
3427 4307 3563 4362 Dan.

1987 4397 2106 4438 χιιι.
2169 4379 2238 4434 56
2286 4399 2299 4432 :
2366 4378 2408 4434 Ο
2452 4394 2625 4433 semen
2683 4377 2964 4444 Chanaan,
3023 4388 3072 4432 et
3122 4394 3226 4432 non
3254 4377 3420 4432 Juda.
3479 4378 3568 4448 Τῷ

1983 4451 2170 4522 τρόπῳ
2212 4458 2431 4522 _autem‘
2467 4448 2727 4522 intellige,
2781 4449 3122 4522 Chananaaus
3166 4468 3185 4499 ι
3241 4448 3503 4522 muribus,
3530 4469 3561 4522 _i

1985 4517 2262 4588 quomodo
2292 4519 2432 4589 apud
2469 4517 3041 4589 Clirysustumum,_in
3073 4533 3326 4589 sermone
3356 4517 3430 4570 De
3461 4519 3560 4571 uti-

1987 4587 2140 4644 litate
2154 4587 2389 4643 lectionis
2405 4587 2699 4658 Scriptu‘raz
2723 4590 2894 4657 (tumo
2908 4587 3045 4654 Vlll,
3073 4589 3206 4643 edit.
3227 4587 3420 4653 Savil.,
3440 4604 3564 4658 pag.

1989 4661 2137 4729 1H),
2183 4658 2619 4714 Britannicarum
2657 4669 2971 4713 nostrarum
2995 4660 3310 4729 insularum
3352 4659 3566 4729 incola},

1990 4727 2343 4793 σολοικίζουσι
2370 4731 2466 4798 μὲν
2480 4729 2558 4800 τῷ
2579 4729 2820 4799 φθόγγῳ,
2845 4728 3126 4800 εὐσεϐοῦσι
3155 4727 3210 4779 δὲ
3241 4727 3319 4797 τῷ
3358 4728 3565 4800 τρύπῳ,

1995 4820 2013 4851 ι
2050 4797 2388 4854 δυιωυὶεηιοε
2431 4797 2639 4854 faciunt
2681 4797 2838 4864 sono,
2885 4799 2980 4852 sed
3017 4799 3274 4868 pietatem
3321 4797 3566 4852 muribus

1990 4872 2197 4924 colunt.
2235 4889 2252 4920 ι
2286 4870 2358 4922 lu.

2061 4939 2173 5018 (41)
2192 4938 2486 5018 Eulogii)?
2505 4939 2572 4992 δὲ
2589 4943 2621 4994 ὁ
2645 4939 2837 5008 σοφὸς
2849 4935 3206 5018 δυωεαίδεξια
3256 4937 3564 5018 τυγχάνων

2061 4956 2173 5018 ψει)
2204 4956 2486 5063 Latagi-tv
2505 4956 2572 4992 οε
2589 4956 2620 4994 ο
2645 4956 3206 5017 σοφοςουωιαιοεξῑα
3256 4956 3562 5006 τυγχανων

1989 5010 2157 5132 ἕξων.
2192 5006 2326 5064 Vide
2395 5011 2740 5080 rolegomena
2769 5018 2955 5063 nostra
2982 5006 3282 5077 lgnattana,
3315 5024 3434 5078 cap.
3472 5009 3562 5064 11.

2013 5091 2062 5130 D.

2060 5148 2173 5214 (42)
2215 5148 2437 5216 Ἰωσίας
2461 5151 2528 5203 δὲ
2553 5154 2585 5204 ό
2612 5147 2900 5218 Gangen/tiu
2935 5145 3197 5214 ἄναρθρα
3225 5147 3452 5217 σχεδὸν
3479 5148 3564 5202 ἔτι

1987 5220 2403 5288 φθεγγλμενος.
2431 5221 2571 5274 Bene
2598 5223 2835 5287 adJIune
2860 5221 3037 5271 locum
3075 5219 3280 5288 nutavit
3306 5220 3388 5272 vir
3417 5235 3563 5272 sum-

1989 5287 2116 5344 mus
2147 5287 2570 5356 DQBlundellns,
2601 5305 2777 5344 annos
2823 5297 3008 5341 natum
3067 5287 3236 5341 fuisse
3283 5289 3374 5353 26,
3417 5303 3565 5342 anno

1989 5361 2247 5430 nimirum
2279 5360 2426 5430 regni
2457 5361 2544 5424 18,
2587 5361 2681 5430 qui
2722 5373 2845 5413 cum
2885 5359 3060 5430 aetatis
3087 5358 3156 5411 26
3182 5359 3562 5430 concurrebat.

1989 5429 2158 5501 _Paulo
2189 5439 2308 5498 post
2343 5427 2486 5501 lege,
2527 5427 2741 5501 βωμούς
2773 5446 2830 5482 τε
2868 5427 3047 5501 αὐτῶν
3072 5429 3419 5501 ἀναστρέφει.
3459 5428 3564 5501 Sed

1989 5499 2105 5554 hate
2136 5501 2415 5554 hactenus.
2449 5499 2688 5555 Tzedium
2717 5501 2862 5555 enim
2903 5499 3206 5568 obreperet,
3255 5501 3300 5553 si
3339 5499 3567 5568 ulterius

1989 5570 2042 5622 in
2068 5570 2378 5638 quisquiliis
2405 5571 2522 5625 istis
2552 5568 2894 5626 excutiendis
2924 5567 3137 5638 tempus
3166 5569 3470 5638 perderem.
3499 5567 3566 5620 Et

1991 5650 2173 5694 tamen
2205 5641 2325 5694 illas
2353 5641 2798 5721 qualescunque
2820 5639 3004 5721 mtnltu
3039 5639 3292 5720 meliores
3326 5638 3564 5721 reddidi—

1990 5725 2112 5763 mus
2141 5724 2244 5777 upe
2267 5708 2474 5764 codicis
2505 5708 2824 5765 Florentiui.
2853 5708 3006 5776 Quod
3032 5709 3076 5764 si
3094 5709 3219 5777 quis
3248 5717 3563 5775 sequentem

1991 5779 2286 5847 Epistulam
2341 5781 2410 5833 ad
2455 5780 2683 5834 Mariam.
2732 5781 3148 5842 Catubulenscm,
3190 5788 3244 5833 et
3295 5779 3443 5831 illam
3495 5779 3564 5829 ad

1994 5849 2296 5921 Tarscnscs,
2332 5865 2454 5907 cum
2484 5853 2714 5921 vulgatis
2747 5851 3057 5917 contulerit,
3099 5866 3289 5906 verum
3327 5863 3451 5904 esse
3483 5847 3562 5906 ta-
