4076 6466
493 416 599 472 879

1265 413 1354 466 AD
1389 411 1770 467 EPISTOLAS
1809 412 1866 467 S.
1910 411 2165 469 IGNATII
2204 411 2562 468 GENUINAS
2595 411 2955 468 APPENDIX.

3644 414 3751 471 880

491 535 777 606 piebantur
807 530 1004 602 arguit,
1058 529 1403 599 ostenditque
1446 544 1567 585 esse
1618 529 1941 599 falsiloquos
1986 547 2035 584 at

2118 572 2122 587 .
2156 530 2350 600 ὀχους,
2394 529 2470 593 ὡς
2525 529 2842 599 ψευδολόγοι
2887 529 2983 582 καὶ
3024 507 3336 582 λαοπλάνοι-
3369 529 3748 599 τυγχάνουσιν,

489 625 676 695 populi
711 624 1061 688 sednetores;
1092 621 1399 694 daemonum
1437 635 1656 690 quoque
1682 620 1881 690 detegit
1911 620 2062 673 frau-

487 720 648 780 dem,
680 723 732 770 et
769 714 937 770 falsos
980 713 1112 767 deos
1162 712 1431 778 traducit;
1493 721 1658 780 atque
1708 712 1761 764 in
1809 710 2059 777 infantia,

485 808 708 860 deorum
740 805 1052 860 sacerdotes
1077 802 1320 873 jugulat;
1363 817 1662 870 eorumque
1694 817 1818 856 aras
1846 802 2058 866 evertit,

483 897 680 951 altaria
737 895 970 950 mortuis
1020 893 1271 963 reliquiis
1310 893 1667 956 contaminat,
1720 893 1921 963 templa
1965 893 2059 947 de—

481 982 663 1047 struit,
696 982 850 1036 lucos
882 981 1173 1044 exscindit,
1207 979 1491 1035 columnas
1542 981 1803 1046 conterit;
1849 992 1902 1036 et
1956 982 2056 1035 im-

480 1073 702 1141 piorum
743 1070 992 1140 sepulcra
1042 1067 1264 1132 cﬁ‘odit,
1327 1077 1388 1123 ut
1430 1069 1639 1123 nullum
1676 1071 1910 1141 amplius
1949 1073 2052 1124 im--

477 1161 772 1231 proborum
802 1170 1215 1214 monumentum
1263 1159 1555 1214 exsisteret
1583 1160 1647 1213 ³³.
1691 1159 1900 1214 Tantus
1937 1171 2054 1215 erat

478 1252 696 1320 pictatis
731 1250 1037 1312 aemulator,
1083 1264 1147 1304 ac
1177 1249 1471 1319 impiorum
1518 1250 1763 1320 punitor,
1797 1251 1922 1304 dum
1951 1252 2050 1305 ad-

479 1346 585 1401 huc
612 1345 796 1416 lingua
828 1345 1122 1400 balbutiret
1147 1344 1217 1398 ".
1267 1345 1436 1400 David
1484 1361 1635 1406 vero,
1677 1348 1938 1417 prepheta
1970 1347 2047 1402 si-

476 1441 590 1494 mul
638 1449 694 1494 et
744 1454 862 1503 rex,
909 1439 1114 1509 quique
1146 1437 1447 1493 Salvatoris
1488 1439 1784 1494 secundum
1829 1457 2046 1496 carnem

476 1532 631 1586 radix
684 1541 740 1586 et
789 1531 941 1601 origo
983 1530 1119 1596 luit,
1172 1530 1613 1584 adolescentulus
1648 1546 1676 1584 a
1713 1529 1963 1585 Samuele
1991 1532 2044 1585 in

470 1640 654 1695 regem
691 1625 911 1692 ungitur
944 1624 1008 1678 ³³.
1052 1623 1172 1693 Ipse
1209 1624 1351 1678 enim
1400 1623 1598 1678 alicubi
1631 1624 1802 1679 dicit:
1839 1625 2042 1679 Parvus

469 1733 613 1770 eram
669 1718 724 1769 in
768 1717 1027 1786 fratribus
1070 1718 1196 1770 meis
1264 1726 1313 1769 et
1345 1716 1533 1786 junior
1569 1719 1624 1769 in
1675 1716 1830 1770 domo
1871 1717 2040 1786 patris

468 1809 571 1862 mei
602 1809 666 1862 ”.

2165 621 2436 692 δαιμόνων
2466 639 2523 674 τε
2552 621 2883 676 ἐκκαλύπτει
2914 621 3012 692 τὴν
3041 621 3278 692 ἀπάτην,
3333 623 3428 674 καὶ
3479 623 3605 686 τοὺς
3648 624 3750 676 οὐκ

2162 711 2320 774 ὄντας
2367 711 2523 775 θεοὺς
2562 712 3072 782 παραδειγματίζει·
3117 712 3213 764 καὶ
3251 713 3376 775 τοὺς
3415 714 3747 784 ίερωμένους

2160 803 2364 870 αὐτοῖς,
2405 805 2596 876 νήπιος
2637 804 2732 868 ὣν,
2783 803 3139 873 κατασφάζει,
3202 803 3420 876 βωμούς
3465 821 3523 858 τε
3565 806 3746 859 αὐτῶν

2157 895 2452 967 ἀνατρέπει
2487 893 2630 968 (45),
2684 895 2779 948 καὶ
2815 894 3174 966 θυσιαστήρια
3220 899 3432 966 νεκροῖς
3469 895 3746 965 λειψάνοις

2160 985 2382 1056 μιαίνει,
2411 987 2613 1060 τεμένη
2646 1004 2705 1040 τε
2738 984 3006 1058 καθαιρεῖ,
3051 987 3144 1039 καὶ
3173 988 3241 1041 τὰ
3284 987 3422 1058 ἀλση
3457 989 3737 1051 ἐκκόπτει,

2155 1077 2249 1131 καὶ
2277 1079 2376 1142 τὰς
2409 1078 2610 1150 στήλας
2643 1079 2934 1152 συντρίϐει,
2967 1079 3060 1133 καὶ
3088 1080 3214 1143 τοὺς
3256 1080 3364 1132 τῶν
3398 1080 3611 1133 ἀσεϐῶν
3646 1081 3745 1134 τά-

2153 1186 2286 1238 φους
2311 1170 2614 1240 άνορύττει,
2650 1171 2737 1224 ἴνα
2776 1171 2910 1243 μηδὲ
2947 1172 3172 1242 σημεῖον
3215 1170 3295 1223 ἔτι
3329 1170 3437 1224 τῶν
3485 1173 3740 1243 πονηρῶν

2151 1260 2390 1334 ὑπάρχῃ.
2433 1260 2591 1315 Οὕτω
2634 1280 2718 1326 τις
2764 1263 3008 1334 ζηλωτὴς
3043 1258 3111 1334 ἦν
3164 1263 3263 1332 τῆς
3297 1263 3599 1327 εὐσεϐείας,
3643 1265 3739 1317 καὶ

2149 1349 2256 1403 τῶν
2301 1350 2513 1404 ἀσεϐῶν
2554 1351 2813 1422 τιμωρὸς,
2853 1351 2932 1404 ἔτι
2963 1350 3226 1420 ψελλίζων
3260 1354 3326 1422 τῇ
3359 1350 3594 1425 γλώττῃ.
3641 1356 3740 1404 Δα-

2148 1442 2234 1495 εῆδ
2266 1443 2333 1506 ’⁷,
2367 1444 2396 1494 ὁ
2439 1444 2726 1515 προφήτης
2761 1441 2896 1512 ὁμοῦ
2941 1443 3034 1496 καὶ
3070 1443 3343 1513 βασιλεὺς,
3365 1443 3399 1513 ἡ
3432 1443 3526 1496 τοῦ
3549 1443 3737 1514 Σωτη-

2149 1533 2264 1602 ρίου
2326 1533 2466 1587 κατὰ
2512 1533 2692 1605 σάρκα
2735 1533 2878 1603 ῥίζα,
2924 1534 3206 1606 μειράκιον
3238 1533 3454 1605 χρίεται
3486 1534 3592 1587 ὑπὸ
3630 1535 3736 1586 Σα-

2146 1624 2317 1695 μουὴλ
2361 1626 2441 1688 είς
2484 1623 2723 1694 βασιλέα.
2756 1624 2895 1695 Φησὶ
2928 1624 3037 1696 γάρ
3073 1641 3177 1677 που
3223 1624 3388 1688 αὐτὸς
3445 1625 3556 1694 (44)
3585 1666 3598 1689 ,
3643 1629 3728 1679 ὅτι

2143 1713 2367 1782 Μικρὸς
2394 1714 2555 1783 ἤμην
2583 1713 2693 1784 (45)
2721 1713 2789 1766 ἐν
2813 1712 2936 1779 τοῖς
2965 1713 3250 1781 ἀδελφοῖς
3271 1729 3411 1782 μου,
3442 1714 3540 1767 καὶ
3581 1715 3730 1768 νεώ-

2139 1823 2308 1873 τερος
2336 1806 2406 1857 ἐν
2432 1803 2510 1869 τῷ
2532 1805 2674 1869 οἴκῳ
2705 1803 2812 1857 τοῦ
2846 1805 3068 1872 πατρός
3085 1821 3224 1872 μου.

541 1899 602 1954 ν.
645 1901 724 1955 Ac
750 1900 966 1955 deﬁciet
993 1914 1079 1954 me
1106 1909 1339 1968 tempus,
1375 1900 1422 1953 si
1453 1914 1549 1954 eos
1572 1915 1761 1954 omnes
1783 1898 2032 1969 persequi

2199 1871 2391 1951 VV.Kai.
2407 1897 2671 1966 ἐπιλείψει
2687 1915 2751 1968 με
2765 1897 2793 1948 ὁ
2809 1895 3184 1968 χρόνος(46),εί
3200 1896 3407 1960 πάντας
3422 1897 3600 1968 άνιχνε
3611 1897 3727 1951 ύειν

467 1990 712 2054 voluero,
756 1989 848 2059 qui
896 1989 950 2042 in
996 1989 1282 2057 juventute
1317 1985 1428 2042 Deo
1468 1988 1936 2057 complacuerunt,
1983 1996 2037 2042 et

456 2081 766 2151 prophetia,
791 2079 1123 2143 sacerdotio,
1164 2094 1440 2150 regnoque
1466 2093 1496 2132 a
1523 2077 1632 2133 Deo
1667 2079 1849 2131 donati
1882 2086 2029 2133 sunt.

459 2171 734 2225 Memoria:
761 2180 939 2225 autem
983 2184 1150 2224 causa
1191 2169 1463 2223 snﬁiciunt
1491 2183 1611 2238 quae
1639 2167 1897 2221 diximus.
1929 2166 2034 2221 Ve-

457 2279 581 2318 rum
612 2271 662 2316 te
693 2278 899 2332 quaeso,
928 2277 996 2314 ne
1026 2261 1122 2316 tibi
1163 2276 1302 2314 vana
1341 2259 1588 2330 quaedam
1634 2269 1797 2328 atque
1843 2268 2031 2312 osten-

457 2353 624 2410 tatrix
669 2367 791 2407 esse
833 2351 1042 2406 videar.
1097 2350 1215 2405 Non
1259 2351 1406 2406 enim
1452 2357 1505 2404 te
1533 2350 1758 2414 docens,
1800 2351 1893 2406 sed
1920 2368 2030 2420 quo

456 2458 614 2500 meus
659 2443 714 2496 in
772 2441 885 2498 Deo
926 2452 1080 2511 pater
1118 2441 1458 2507 recordetur,
1504 2441 1606 2497 hos
1650 2443 1878 2512 apposui
1913 2459 2029 2498 ser-

456 2549 668 2589 mones.
696 2534 981 2605 Cognosco
1021 2535 1221 2604 quippe
1267 2549 1450 2590 meum
1493 2534 1808 2601 modulum;
1850 2550 2027 2604 neque

449 2645 578 2687 cum
609 2631 741 2686 viris
764 2629 928 2686 tantis
954 2630 1109 2684 vobis
1133 2643 1218 2683 me
1243 2642 1521 2699 comparo.
1555 2627 1744 2685 Saluto
1776 2639 2025 2685 sanctum

452 2733 610 2778 tuum
641 2723 872 2787 clerum,
905 2733 1169 2796 tuumque
1199 2723 1397 2777 Christi
1427 2731 1698 2776 amantem
1726 2725 1980 2793 populum
2006 2744 2020 2789 ;

451 2815 547 2885 qui
599 2816 702 2869 sub
737 2823 826 2868 tua
855 2830 988 2869 cura
1039 2815 1305 2884 pascitur.
1346 2813 1548 2868 Omnes
1603 2815 1695 2883 qui
1733 2815 1876 2883 apud
1920 2831 2021 2872 nos

451 2917 582 2964 sunt
639 2909 822 2964 ﬁdeles
872 2918 922 2963 te
990 2908 1247 2963 salutant.
1311 2904 1532 2960 Salvere
1589 2921 1676 2961 me
1719 2907 2018 2963 secundum

442 3003 646 3067 .Deum,
675 3013 793 3067 ora,
829 2999 981 3053 beate
1007 3007 1209 3068 pastor.

527 3272 572 3303 υ
610 3267 676 3322 IV
711 3265 841 3339 Reg.
862 3275 1041 3323 nitet
1071 3281 1226 3320 χχιιι.
1304 3264 1349 3294 ’⁸
1372 3265 1568 3317 Anton.
1627 3262 1826 3321 Mliess.
1857 3275 1894 3316 η
1915 3303 1929 3328 ,
1964 3263 2051 3319 19.

435 3339 610 3395 ιιι-ς.

2140 1989 2429 2060 βουλοίμην
2455 1991 2580 2053 τοὺς
2605 1991 2662 2042 ἐν
2681 1989 2895 2058 νεότητι
2922 1986 3389 2060 εὐαρεστήσαντας
3423 1989 3542 2059 Θεῷ
3585 1991 3721 2058 (47),

2138 2080 2473 2151 προφητείαν
2524 2095 2584 2132 τε
2635 2078 2730 2132 καὶ
2787 2077 3088 2151 ἱερωσύνην
3137 2079 3233 2130 καὶ
3280 2077 3557 2148 βασιλείαν
3616 2080 3724 2133 ὑπὸ

2135 2168 2270 2222 Θεοῦ
2331 2167 2785 2241 ἐγχειρισθέντας.
2852 2167 3240 2237 Ὑπομνήσεως
3291 2165 3349 2219 δὲ
3376 2166 3537 2219 ἕνεκα
3584 2167 3719 2220 αύτ-

2134 2260 2278 2332 άρκη
2320 2259 2418 2312 καὶ
2458 2259 2526 2313 τά
2560 2252 2842 2332 εἰρημένα.
2901 2258 3062 2312 Ἀλλά
3092 2249 3152 2311 σε
3190 2258 3472 2324 ἀντιϐολῶ,
3518 2261 3590 2330 μή
3636 2260 3721 2314 σοί

2133 2367 2217 2412 τις
2250 2348 2501 2422 περιττὸς
2527 2345 2664 2404 εἶναι
2689 2349 2824 2418 δόξω
2851 2350 2946 2404 καὶ
2981 2349 3300 2421 φανητιῶσα
3334 2349 3468 2419 (48).
3499 2351 3576 2403 Οὐ
3607 2352 3718 2423 γάρ

2127 2442 2454 2496 διδάσκουσα
2473 2459 2554 2504 σε,
2583 2441 2698 2496 ἀλλ’
2721 2441 3210 2513 ὑπομιμνήσκουσα
3225 2441 3316 2495 τὸν
3344 2439 3476 2512 ἐμὸν
3505 2443 3562 2495 ἐν
3594 2441 3718 2512 Θεῷ

2132 2534 2358 2605 πατέρα,
2413 2532 2635 2596 τούτους
2685 2533 3000 2605 παρεθέμην
3039 2533 3164 2596 τοὺς
3199 2532 3408 2601 λόγους.
3455 2532 3718 2586 Γινώσκω

2127 2626 2235 2697 γὰρ
2263 2625 2331 2679 τὰ
2354 2625 2598 2696 ἐμαυτῆς
2626 2625 2819 2697 μέτρα,
2843 2626 2938 2680 καὶ
2966 2627 3026 2679 οὐ
3061 2627 3512 2698 συμπαρεκτείνω
3541 2629 3716 2698 ἐμαυ-

2126 2715 2223 2786 τὴν
2250 2718 2360 2778 τοῖς
2388 2715 2722 2786 τηλικούτοις
2755 2716 2904 2788 ὑμῖν.
2955 2717 3294 2789 Ἀσπάζομαί
3317 2735 3410 2770 σου
3441 2717 3532 2771 τὸν
3554 2720 3716 2786 ἅγιον

2127 2803 2346 2876 κλῆρον,
2383 2803 2596 2858 καὶτὸν
2627 2805 2965 2877 φιλόχριστόν
3009 2823 3103 2859 σου
3145 2805 3292 2871 λαὸν,
3335 2805 3427 2860 τὸν
3466 2806 3570 2859 ὑπὸ
3615 2808 3717 2878 τὴν

2129 2894 2228 2966 σὴν
2270 2895 2594 2966 κηδεμονίαν
2634 2897 3070 2968 ποιμαινόμενον.
3113 2897 3319 2960 Πάντες
3344 2899 3392 2950 oi.
3416 2899 3542 2970 παρ’
3575 2900 3713 2968 ἡμῖν

2127 2986 2310 3039 πιστοὶ
2337 2986 2802 3058 προσαγορεύουσί
2837 3005 2918 3043 σε.
2964 2990 3256 3058 Ὑγιαίνειν
3296 3007 3364 3060 με
3400 2990 3541 3044 κατά
3574 2990 3712 3045 Θεὸν

2128 3079 2448 3152 προσεύχου,
2477 3081 2712 3153 μακάριε
2738 3083 2960 3154 ποιμήν.

2121 3263 2170 3346 ’³⁷
2197 3260 2236 3316 f.
2267 3261 2418 3316 deest
2441 3262 2520 3316 δέ.
2598 3263 2644 3294 ³⁸
2679 3263 2701 3316 1
2729 3261 2864 3334 Reg.
2899 3280 3011 3320 xw.
3087 3265 3133 3298 ²⁹
3162 3264 3307 3322 Psal.
3339 3281 3416 3332 cr,
3453 3267 3476 3320 1
3505 3304 3523 3322 .
3557 3264 3706 3336 apud

434 3503 660 3558 Iebitur.
686 3501 846 3556 Voss.
874 3529 943 3539 —
978 3500 1200 3564 Ἰωσίας
1225 3494 1720 3569 ὀξύ-Θεοφιλὴς,
1754 3495 2016 3564 ἄναρθρα

2118 3497 2445 3569 ᾶίεριιιι8ᾼ59
2473 3517 2488 3569 _:
2516 3498 2591 3551 Οὐ
2620 3497 2702 3551 δεῖ
2730 3497 3028 3569 ἰδιωτικοὺς
3049 3561 3052 3563 _
3073 3496 3322 3569 ψαλμοὺς
3355 3497 3620 3569 λέγεσθαι
3639 3498 3700 3552 ἐν

429 3571 663 3640 ’σχεδὸν
695 3573 784 3626 ἔτι
821 3571 1236 3640 φθεγγόμενος.
1282 3567 1326 3620 II
1372 3565 1772 3640 Paralipomeu.
1822 3583 2008 3633 xxxrv,

553 3641 750 3697 Octavo
778 3637 914 3694 anno
943 3637 1089 3710 regni
1115 3639 1220 3710 sui,
1247 3654 1376 3710 cunt
1389 3637 1559 3710 adhuc
1584 3646 1889 3710 esset‘puer,
1912 3654 2012 3710 caa-

436 3711 513 3780 pit
543 3727 774 3782 querere
812 3711 975 3764 Deum
1004 3706 1180 3778 patris
1219 3708 1302 3761 sui
1339 3706 1512 3760 David
1557 3721 1583 3782 :_
1609 3716 1672 3782 et
1700 3707 2009 3782 duodecimo

438 3775 576 3850 anno
608 3791 883 3850 postquam
908 3775 1122 3849 reguare
1151 3786 1397 3850 coeperat,
1421 3777 1694 3850 mandavit
1726 3775 1927 3829 Iudam
1958 3786 2007 3850 et

428 3845 824 3904 Jerusalem'ab
854 3845 1071 3904 excelsis
1099 3857 1148 3901 et
1179 3845 1740 3915 lucis,simulacrisque
1773 3856 1821 3899 et
1862 3847 2008 3899 scul-

436 3921 674 3988 ptilibus.
721 3920 1091 3990 Destruxitque
1131 3933 1307 3970 coram
1340 3932 1398 3969 eo
1437 3932 1561 3968 aras
1607 3915 1843 3990 Baalim,
1897 3925 2001 3970 etc.

436 3987 574 4045 Octo
603 4005 731 4045 vero
774 4000 892 4044 erat
931 3987 1223 4053 annorum,
1267 4001 1392 4040 cum
1439 4000 1669 4055 regnare
1708 3987 2003 4055 cmpissct:

435 4062 668 4127 ideoque
696 4060 782 4126 l6,
806 4075 930 4114 eum
959 4059 1138 4111 adhuc
1164 4071 1295 4124 puer
1325 4057 1401 4124 (et
1428 4054 1582 4127 pater
1604 4057 1807 4127 tamen)
1835 4054 2004 4109 Deum

428 4125 599 4199 εωρῘί
627 4125 902 4198 quaerere;
928 4128 998 4181 20
1025 4141 1148 4180 eum
1174 4140 1319 4179 anno
1357 4125 1509 4199 regni
1549 4125 1875 4180 duodecimo
1913 4140 2004 4199 re-_-

431 4193 818 4254 formationem
857 4207 942 4252 est
980 4210 1290 4266 aggressus,
1323 4202 1378 4249 et
1405 4193 1494 4266 2t},
1528 4210 1650 4249 cum
1679 4209 1822 4266 anno
1851 4195 2003 4266 regni

435 4269 646 4324 :lecimo
669 4276 862 4323 octavo
893 4262 1140 4321 eamdem
1173 4265 1416 4333 perfecit.
1451 4262 1521 4318 Ut
1555 4264 1698 4334 quod
1721 4264 1786 4318 de
1810 4262 2005 4318 inarti-

432 4339 789 4461 (nlatanlIius
824 4337 1100 4391 locutione
1132 4335 1350 4399 dicitur,
1381 4335 1540 4405 plane
1583 4336 1653 4389 sit
1695 4335 2007 4405 hyperboli-

433 4424 579 4461 cum.
661 4424 804 4461 SSER.

433 4424 579 4462 cum.
614 4424 804 4463 USSER.

503 4480 615 4548 (43)
655 4479 897 4546 Βωμούς
923 4473 1210 4548 tenerior
1253 4473 1585 4548 ἀνατρέπει.
1636 4473 1891 4548 Vossius,
1946 4491 2003 4530 re

427 4543 540 4602 non
575 4543 709 4604 satis
747 4543 954 4602 attente
999 4546 1365 4611 considerata,
1415 4543 1764 4615 ἀναστρέφει,
1818 4544 2000 4616 legen-

429 4619 558 4673 dum
593 4627 766 4672 notat.
801 4617 871 4676 In.

502 4689 616 4757 (44)
656 4687 939 4758 φησὶπγψ
963 4701 1080 4738 που
1123 4685 1322 4758 αῄτός.
1375 4683 1430 4738 In
1467 4683 1831 4758 Psalmo_cr_.l,
1870 4699 2002 4754 apo-

425 4752 637 4832 cripho
663 4752 797 4832 ,_eu_i
831 4752 1019 4832 titulus
1050 4774 1063 4832 ξ
1105 4752 1294 4832 Οὖτοῌς
1326 4758 1360 4832 d
1394 4755 1638 4832 ’ψίαλρὸς
1665 4752 2003 4832 lemma-eaq

428 4824 543 4882 to}?
563 4827 739 4881 Δαϐὶδ
769 4828 884 4896 (καί
916 4826 1150 4896 ιεὲίῖιιιθεν·Δ
1169 4825 1273 4879 τοῦ
1314 4824 1560 4896 ἀριθμοῦ
1593 4824 1726 4896 ἐστι
1756 4824 1876 4896 τῶν
1895 4830 2000 4896 ,ρκ’

427 4898 704 4969 ψαλμῶν)
751 4892 849 4950 ὅτε
895 4893 1314 4969 ἐμονομάχῃσε
1342 4892 1521 4969 ’πρὸς
1547 4965 1559 4969 _
1580 4892 1688 4946 τὸν
1753 4894 1994 4969 Pallad.

427 4965 694 5021 Psalmus
712 4969 796 5021 hic
820 4967 1155 5036 peculiariter
1179 4965 1373 5018 Davidi
1397 4965 1680 5036 inscriptus
1707 4971 1784 5036 est
1813 4967 1884 5031 (et
1902 4979 2000 5036 exe

430 5047 515 5090 tra
543 5032 828 5100 numerant
850 5037 953 5090 I50
985 5035 1317 5089 Psalmorum
1345 5037 1466 5103 est),
1492 5032 1700 5103 quando
1733 5032 1998 5102 singulari

422 5109 712 5161 certamine
732 5123 846 5160 cum
876 5105 1088 5170 Goliam
1120 5101 1431 5172 congressus
1455 5101 1551 5156 est.
1585 5101 1662 5156 In.

497 5178 612 5241 (45)
650 5177 873 5244 Μικρὸς
905 5169 1098 5244 ίῆμην.
1140 5169 1585 5244 (ᾀιιήῖεοειοιιιιιε,
1623 5169 1886 5244 ΙΙΟΙΠἎΪἹ,
1926 5173 1995 5244 ad

463 5244 679 5311 epulum
713 5240 1124 5309 Aulide/aeuum,
1161 5240 1324 5311 paulo
1356 5251 1482 5296 ante
1517 5244 1678 5296 linem
1729 5260 1741 5294 :
1783 5240 1996 5311 Μικρὸς

463 5257 679 5311 oputum
713 5257 1124 5309 Antiochenam,
1161 5257 1324 5310 pauto
1356 5257 1482 5296 ante
1517 5257 1678 5296 tinem
1729 5260 1741 5294 :
1783 5257 1991 5311 Mtxpo;

421 5257 490 5386 ἐν
513 5317 541 5368 ὁ
568 5315 750 5386 Δαὸὶδ,
786 5315 877 5386 καὶ
912 5315 1114 5386 βραχύς
1145 5310 1230 5386 τῷ.
1255 5310 1484 5386 σώματι.
1521 5312 1593 5386 De
1626 5311 1729 5386 hoc
1757 5311 1991 5386 psalmo,

423 5332 490 5386 ην
513 5332 541 5368 ο
568 5332 750 5376 Δαοιο,
786 5332 877 5367 και
912 5332 1032 5384 Ρρω
1054 5332 1114 5375 υς
1145 5332 1222 5382 τῳ
1255 5332 1484 5382 σωματι.
1523 5332 1593 5365 U8
1627 5332 1729 5364 HOC
1758 5332 1991 5379 [)S'JIIIIO,

423 5395 620 5454 prieter
665 5385 993 5454 Apollinaris
1019 5332 1822 5454 ﬁlletaphrasirn,pAthanasiAana
1852 5378 1992 5450 Syn-

425 5450 564 5523 bpsis
597 5471 651 5524 p.
689 5450 779 5524 57,
806 5455 869 5508 A.
895 5452 984 5514 87,
1015 5453 1077 5505 C.
1113 5450 1420 5524 89,__§._90_,
1442 5451 1478 5503 Ι)
1504 5451 1868 5524 ct__Conﬂictus
1889 5454 1993 5503 Ar-

420 5521 565 5577 ubbii
599 5521 667 5578 ac
704 5523 1006 5592 Serapionis
1034 5537 1155 5590 pag.
1205 5521 1330 5585 557,
1371 5521 1671 5592 illustribus
1705 5531 1866 5588 atque
1890 5537 1989 5592 no-

421 5595 680 5650 tabilibus
710 5589 892 5648 verbis
930 5612 942 5646 :
983 5611 1001 5641 ι
1036 5589 1223 5645 David
1261 5606 1481 5660 quoque
1523 5589 1576 5642 in
1617 5605 1717 5643 suo
1768 5591 1988 5658 proprio

425 5665 636 5724 psalmo
690 5665 770 5718 sic
836 5662 1073 5717 dicitde
1125 5662 1231 5714 Deo
1281 5659 1298 5715 Ξ
1361 5659 1481 5730 Ipse
1543 5661 1686 5712 misit
1742 5660 1988 5728 angelum

417 5751 594 5796 suum,
635 5743 684 5786 et
717 5732 835 5785 tulit
877 5749 954 5785 me
985 5732 1046 5783 de
1086 5731 1265 5784 ovibus
1293 5734 1463 5798 patris
1507 5730 1631 5793 mei,
1663 5730 1873 5781 iuuuxit
1907 5745 1988 5782 me

419 5805 661 5856 unctione
679 5802 1052 5855 misericordia:
1075 5817 1204 5870 sum,
1231 5820 1248 5852 ι
1281 5801 1548 5868 inquibus
1571 5800 1822 5870 agnoscis
1841 5799 1985 5870 ψαλ-

421 5872 520 5939 μὸν
555 5872 862 5942 ίδιὸγραερον
889 5870 981 5923 τοῦ
1015 5864 1178 5922 Δαυῖδ
1221 5864 1555 5938 (alio—sensu
1609 5864 1782 5924 canon
1840 5864 1984 5924 Lao-

2115 3570 2189 3640 τῇ
2226 3567 2540 3640 Ἐκκλησία)
2564 3577 2678 3640 ,ct
2717 3569 2820 3640 ista
2859 3586 2872 3622 :
2908 3567 3449 3640 Αὑτρςὲξαπέστειλε
3470 3567 3561 3640 τον
3592 3568 3698 3640 ἄγ-

2114 3633 2268 3706 γελον
2303 3633 2504 3709 αὐτοῦ(
2523 3633 2620 3709 καὶ
2647 3633 2748 3709 ἧρέ
2788 3655 2854 3708 με
2891 3640 2955 3690 ἐκ
2980 3637 3088 3709 τῶν
3121 3638 3408 3709 προϐάτων
3448 3637 3555 3709 τοῦ,
3592 3633 3702 3692 πά-

2113 3709 2396 3795 τρόςυμου,
2427 3708 2522 3761 καὶ
2553 3706 2735 3788 ἔχρισέ
2777 3706 2842 3778 με
2889 3709 2948 3760 ἐν
2994 3707 3073 3778 τῷ
3105 3706 3271 3786 ἐλαίῳ
3324 3709 3422 3778 τῆς
3463 3706 3699 3779 χρίσεως

2112 3793 2458 3850 αυτουηεοιι
2497 3779 2771 3850 potiusév
2817 3780 2882 3848 τῇ
2929 3777 3236 3850 χρί-σειλτου
3269 3777 3458 3850 ἐλαίου
3504 3778 3692 3850 αὐτοῦ.

2116 3846 2192 3901 De
2219 3833 2449 3902 Psalmis
2474 3833 2656 3901 alutem
2685 3847 2738 3900 in
2766 3833 2982 3916 genere;
3013 3847 3205 3902 Latina
3234 3849 3478 3902 clausula
3512 3849 3697 3902 citata;

2115 3916 2407 3988 Synopseos
2444 3917 2774 3988 conferatur
2825 3931 2950 3971 eum
2993 3917 3617 3988 amamcparltpquod
3661 3934 3696 3972 e

2112 3985 2300 4042 codice
2325 3985 2492 4056 Regio
2524 3987 2870 4057 desumptum
2905 3988 3062 4056 posui
3091 3985 3276 4056 supra.
3311 3985 3570 4057 quodque
3590 4003 3694 4056 po-

2112 4069 2226 4111 stea
2264 4055 2471 4111 editum
2504 4057 2687 4110 inveni
2719 4055 2772 4110 in
2805 4055 3233 4112 Commentariis
3257 4055 3360 4110 viri
3393 4055 3689 4111 clarissimi

2110 4124 2253 4180 Petri
2286 4126 2561 4180 Lambecii
2591 4125 2667 4178 De
2692 4125 3001 4179 bibliotheca
3031 4125 3274 4181 Cresarea
3303 4127 3395 4181 lib.
3443 4143 3526 4192 ιιι,
3560 4131 3688 4181 cod.

2111 4211 2215 4251 ms.
2247 4195 2328 4250 l9.
2365 4196 2568 4250 Locum
2604 4196 2874 4265 integrum
2918 4197 3066 4250 illius
3111 4196 3277 4251 vide:
3323 4212 3536 4251 necnon
3583 4195 3694 4248 No-

2106 4277 2190 4321 tas
2227 4265 2517 4320 l-Iaasclielii
2548 4266 2614 4319 ad
2641 4264 2920 4319 Phbtianze
2941 4265 3289 4321 Bibliotheca:
3316 4268 3558 4321 codicem
3591 4266 3688 4334 48,

2107 4336 2197 4390 ubi
2221 4337 2426 4406 profert
2457 4334 2820 4406 fragmentum
2849 4336 3071 4390 alterius
3091 4336 3214 4391 libri
3243 4335 3468 4406 Iosephi
3498 4338 3686 4404 istius,

2107 4406 2209 4461 nisi
2223 4404 2327 4459 ine
2360 4421 2477 4459 mea
2506 4404 2643 4458 fallit
2671 4405 2932 4474 suspicio.
2967 4405 3100 4460 Cor.

2179 4476 2290 4543 (46)
2350 4475 2777 4543 Ἐπιλείψειμε
2817 4478 2850 4528 ό
2884 4476 3124 4543 χρόνος.
3155 4474 3386 4531 Locutio
3415 4490 3483 4530 ex
3513 4475 3683 4533 Hebr.

2108 4541 2304 4609 “.51).,
2330 4541 2633 4612 desumpta.
2665 4541 2859 4600 Usseu.

2033 4593 2078 4652 υ
2336 4593 3398 4685 ᾑφίεδξῇἶίεύαρεστήσαντας
3431 4613 3571 4681 Θεῷ.
3603 4615 3684 4672 Ex

2102 4683 2416 4755 Griecorum
2458 4683 2958 4755 manuscriptorum
2983 4686 3323 4752 bibliotheca:
3347 4686 3684 4755 Augustarum

2099 4754 2366 4823 catalogo,
2416 4753 2522 4807 vol.
2578 4751 2767 4818 XXIII,
2821 4753 2998 4823 locum
3023 4751 3364 4810 restituimus
3399 4751 3593 4810 {unde
3624 4765 3685 4810 et

2099 4822 2443 4894 postremam
2469 4823 2712 4892 epistolae
2743 4822 2907 4894 hujus
2940 4833 3149 4894 partem
3181 4826 3448 4889 Graecam,
3483 4825 3537 4878 in
3569 4825 3683 4880 edi-

2097 4894 2248 5015 ltione
2274 4892 2572 4948 Oxoniensi
2612 4899 2757 4964 (pag.
2810 4892 2914 4948 129
2941 4892 3015 4949 ‘et
3053 4893 3178 4966 150)
3213 4896 3677 4965 deprompsimus.

2122 4975 2175 5013 ἰ).

2169 5031 2282 5101 (48)
2313 5031 2683 5100 Φαννητιῶσα.
2717 5031 2898 5088 Utitur
2928 5033 3034 5088 hoc
3073 5034 3243 5088 verbo
3277 5033 3514 5088 Basilius
3557 5033 3679 5102 epi-

2097 5103 2234 5173 stola
2266 5103 2355 5173 64,
2391 5111 2447 5157 et
2496 5102 2568 5156 De
2613 5103 2820 5172 Spiritu
2855 5113 3038 5156 sancto
3060 5119 3181 5173 cap.
3216 5105 3304 5158 50.
3341 5103 3394 5157 In
3427 5103 3676 5156 Historia

2095 5170 2315 5246 Eusebii
2362 5173 2455 5225 lib.
2508 5187 2560 5246 l,
2730 5173 2782 5246 _7
2810 5193 2840 5246 :_
2870 5173 2976 5226 Τοῦ
3011 5170 3145 5246 γοῦν
3173 5175 3420 5246 Σωτῆρος
3449 5176 3506 5246 οἰῄ
3531 5174 3678 5246 κατὰ

2095 5242 2270 5315 σάρκα
2313 5245 2610 5310 συγγενεῖς,
2631 5239 2742 5315 ,εἴτ’
2783 5239 2876 5315 οὖν
2911 5239 3441 5315 φανητιῶντες,”εἴθ’
3485 5241 3676 5315 ἁπλῶς

2093 5311 2530 5384 ἐκδιδάσκοντες,
2569 5313 2788 5376 πάντως
2836 5313 2894 5366 δὲ
2936 5311 3309 5384 ἀληθεύοντες,
3367 5313 3673 5384 παρέδοσαν

2092 5381 2186 5447 καὶ
2247 5381 2435 5435 ταῦτα.
2499 5382 2630 5447 Qua:
2669 5384 2748 5437 sic
2798 5381 3042 5438 imitatus
3095 5393 3179 5436 est
3233 5381 3558 5438 Ambroéius
3599 5383 3672 5437 ad

2092 5438 2252 5505 Luca:
2283 5467 2366 5516 ιιι,
2393 5451 2464 5504 27
2495 5438 2562 5505 Γ(
2599 5451 2794 5506 Fertur
2824 5454 2968 5507 enim
2998 5453 3068 5506 ab
3098 5453 3202 5514 his,
3239 5453 3331 5520 qui
3359 5455 3472 5507 sive
3505 5468 3674 5520 argu-

2093 5522 2336 5585 mentati,
2371 5523 2487 5576 sive
2524 5522 2844 5590 simpliciter
2878 5523 3158 5582 docentes,
3198 5531 3252 5576 et
3293 5524 3359 5591 (Ῑ.
3414 5524 3491 5591 at)
3539 5537 3671 5575 vere

2090 5600 2398 5645 astrueutes
2441 5593 2780 5646 tradiderunt
2819 5591 2999 5646 nobis.
3055 5611 3074 5644 ι
3131 5592 3272 5646 Ideni
3319 5601 3402 5646 est
3447 5611 3466 5642 ι
3503 5607 3674 5659 argu-

2088 5661 2334 5724 mentati,
2367 5679 2386 5711 ι
2421 5677 2486 5715 ae
2522 5679 2541 5712 ι
2577 5661 2644 5715 ad
2673 5661 3066 5715 ostendendam
3097 5663 3313 5729 generis
3355 5663 3440 5717 sui
3469 5659 3672 5715 nobili-

2089 5739 2252 5784 tatem
2310 5749 2328 5782 ι
2382 5746 2537 5784 nova:
2579 5732 3068 5800 interpretationis.
3119 5731 3350 5795 Ruﬁno,
3413 5750 3433 5783 ι
3483 5730 3670 5786 studio

2046 5803 2050 5806 ’
2089 5800 2224 5854 tanti
2253 5800 2478 5870 seminis
2513 5800 2943 5870 demonstrandi.
2997 5819 3016 5852 ι
3063 5800 3218 5870 Apud
3263 5801 3667 5870 Damascenum

2087 5877 2230 5924 orat.
2261 5868 2296 5922 2
2330 5868 2437 5924 Pro
2463 5869 2811 5940 imaginibus,
2842 5870 3000 5926 initio
3035 5889 3047 5924 :
3085 5868 3160 5924 σύ
3193 5871 3299 5943 γὰρ
3347 5871 3504 5944 δόξης
3539 5869 3662 5922 ἐνε-
