4076 6416
425 387 532 442 883

1201 381 1292 436 AD
1327 379 1711 437 EPISTOLAS
1741 382 1797 438 S.
1835 377 2088 437 [GNATII
2126 375 2476 435 GENUINAS
2514 373 2870 430 APPEN'DIX.

3581 369 3690 426 884

424 505 586 571 sima,
635 504 841 560 Similes
891 509 1020 558 sunt
1071 499 1386 567 purissimis
1436 499 1698 555 fontibus.
1748 498 1814 552 Ili
1857 499 2035 555 enim.

2120 495 2267 565 Ῑνῶσι,
2300 497 2377 568 τῷ
2403 497 2531 550 εῖδει
2555 495 2869 566 ἐφέλκονται
2899 491 3093 555 αὐτοὺς
3131 489 3240 562 (55)
3269 489 3572 562 ἀρύσασθαι
3591 489 3690 546 τοῦ

424 593 572 662 ipsos
619 603 984 656 transeuntes,
1044 590 1258 646 etiamsi
1340 605 1452 646 non
1505 590 1712 656 sitiant,
1755 590 2000 660 pulchri-

427 686 611 739 tudine
659 685 726 740 ad
768 694 954 753 potum
1001 684 1365 738 hauriendum
1404 683 1748 752 pertrahunt.
1796 681 1862 736 Et
1911 690 2006 736 tua

424 776 712 846 prudentia
747 776 943 830 invitat
980 776 1268 845 jubetque,
1306 784 1366 830 ut
1412 774 1726 828 divinorum
1779 774 2002 829 laticum

425 868 482 921 in
510 867 694 921 anima
722 874 812 921 tua
842 866 1255 921 scaturientium
1295 867 1590 935 participes
1625 866 1842 921 ﬁamus.

496 959 562 1014 Il.
607 959 720 1029 Ego
753 975 903 1022 vero,
928 975 960 1014 ο
985 961 1164 1019 beata,
1197 974 1303 1013 non
1329 967 1438 1014 tam
1468 974 1644 1025 meus,
1667 975 1831 1030 quam
1868 957 2005 1012 alio-

423 1067 545 1105 rum
577 1067 724 1107 nunc
753 1051 948 1117 factus,
983 1052 1282 1105 multorum
1309 1051 1746 1106 adversariorum
1777 1051 2004 1106 arbitrio

422 1142 670 1212 exagi—tor
693 1161 706 1197 :
729 1143 934 1212 partim
973 1143 1203 1208 exsiliis,
1238 1143 1436 1212 partim
1485 1143 1773 1209 custodiis,
1806 1143 2003 1212 partim

421 1233 676 1288 vinculis.
727 1232 799 1286 At
844 1233 980 1286 nihil
1011 1247 1202 1287 eorum
1239 1248 1395 1287 curo.
1438 1231 1634 1288 Verum
1671 1233 1892 1287 illorum
1921 1232 2005 1286 in-

418 1326 581 1395 ju-riis
612 1326 785 1396 magis
813 1320 1116 1393 discipulus
1146 1327 1238 1390 lio,
1259 1334 1318 1379 ut
1345 1324 1530 1380 Jesum
1555 1325 1833 1380 Christum
1865 1340 2002 1378 nan-

421 1419 619 1473 ciscar.
657 1415 878 1472 Utinam
914 1415 1064 1469 fruar
1094 1416 1379 1485 suppliciis
1409 1416 1540 1469 mihi
1572 1417 1776 1485 paratis
1797 1434 1810 1467 :
1831 1429 2006 1484 quan-

421 1509 714 1580 doquidem
757 1525 865 1562 non
900 1518 1022 1562 sunt
1064 1508 1337 1578 condignae
1373 1509 1643 1577 passiones
1682 1508 1837 1576 hujus
1874 1515 2008 1559 tem-

421 1604 601 1673 poris,
646 1602 719 1655 ad—
754 1602 992 1671 futuram
1032 1602 1264 1672 gloriam
1300 1618 1418 1671 quae
1460 1601 1778 1656 revelabitur
1812 1601 1868 1654 in
1912 1615 2006 1653 no-

424 1698 503 1750 bis
531 1696 598 1748 “.

494 1788 584 1843 ill.
627 1787 760 1855 Quae
785 1801 915 1842 vero
949 1803 978 1841 a
1011 1795 1062 1841 te
1095 1801 1192 1856 per
1235 1785 1524 1856 epistolam
1555 1785 1711 1855 iussa
1755 1794 1905 1852 sunt,
1934 1785 2004 1840 Ii-

2107 596 2292 647 πότου.
2329 593 2403 645 ’Ἥ
2436 609 2494 645 τε
2535 590 2603 662 σὴ
2658 589 2872 652 σύνεσις
2900 585 3008 660 (56)
3046 587 3354 657 παρεγγυᾷ,
3399 588 3692 657 μετασχεῖν

2107 685 2255 755 ἡμᾶς
2291 683 2774 755 παρακελευομένη
2809 681 2920 734 τῶν
2949 683 3008 737 ὲν
3039 683 3103 752 τῇ
3135 679 3284 750 ψυχῇ
3329 695 3422 732 σου
3473 678 3690 749 βλυζόν-

2105 795 2211 830 των
2250 777 2409 832 θείων
2444 778 2704 848 πομάτων
2737 775 2783 807 ³⁵
2808 773 2940 846 (57).

2177 959 2245 1013 II.
2267 956 2411 1026 Ἐγὼ
2429 957 2506 1022 δὲ,
2533 951 2578 1009 ὧ
2600 956 2850 1029 μακαρία
2864 955 2996 1027 (58),
3014 955 3114 1008 οὐκ
3129 955 3367 1026 ἐμαυτοῦ
3394 955 3491 1009 νῦν
3509 953 3698 1010 τοσοῦ-

2104 1068 2217 1114 τον,
2250 1051 2374 1104 ὅσον
2415 1049 2589 1104 ἄλλων
2627 1050 2940 1119 γενόμενος,
2980 1051 3100 1111 ταῖς
3121 1047 3342 1111 πολλαῖς
3367 1049 3410 1079 ³⁵
3441 1047 3555 1118 (59)
3583 1049 3697 1107 τῶν

2105 1143 2366 1197 ἐναντίων
2410 1139 2659 1212 γνώμαις
2686 1140 3002 1211 ὲλαύνομαι’
3043 1139 3110 1193 τὰ
3145 1139 3245 1212 μὲν
3277 1142 3497 1209 φυγαῖς,
3523 1139 3592 1194 τὰ
3633 1140 3694 1194 δὲ

2107 1237 2390 1308 φρουραῖς,
2424 1233 2492 1287 τὰ
2529 1233 2587 1287 δὲ
2634 1233 2872 1303 δεσμοῖς.
2908 1231 3049 1284 Ἀλλ’
3069 1231 3284 1294 οὐδενὸς
3330 1231 3535 1284 τούτων
3572 1234 3696 1284 ἐπι-

2108 1327 2411 1399 στρέφομαι
2435 1325 2565 1397 (60).
2595 1325 2685 1378 Ἐν
2707 1323 2764 1376 δὲ
2789 1327 2902 1386 τοῖς
2927 1322 3260 1394 ἀδικήμασιν
3284 1322 3462 1376 αὐτῶν
3494 1322 3696 1394 μᾶλλον

2109 1419 2520 1490 μαθητεύομαι,
2554 1417 2641 1470 ἵνα
2691 1415 2870 1487 Ἰησοῦ
2921 1415 3158 1487 Χριστοῦ
3205 1414 3464 1486 ἐπιτύχω.
3514 1417 3696 1469 Ὀναία

2109 1530 2217 1584 μην
2251 1512 2357 1582 (61)
2390 1510 2496 1564 τῶν
2527 1509 2715 1563 δεινῶν
2747 1508 2854 1562 τῶν
2879 1510 3001 1579 ἐμοὶ
3032 1509 3468 1579 ἡτοιμασμένων·
3503 1510 3698 1582 ἐπειδὴ

2106 1607 2216 1658 οὐκ
2247 1604 2388 1668 ἄξια
2418 1604 2488 1657 τὰ
2516 1602 2835 1672 παθήματα
2862 1601 2970 1655 τοῦ
2999 1602 3116 1655 νῦν
3150 1602 3377 1668 καιροῦ,
3401 1603 3550 1669 πρὸς
3579 1602 3701 1669 τὴν

2102 1697 2461 1766 μέλλουσαν
2497 1695 2686 1760 δόξαν
2713 1696 3244 1750 ἀποκαλύπτεσθαι
3269 1693 3376 1763 (62)
3397 1696 3485 1760 εὶς
3515 1693 3696 1764 ἡμᾶς.

2178 1790 2268 1842 Ill.
2304 1789 2347 1840 Τ
2351 1789 2385 1842 ὰ
2407 1788 2464 1841 δὲ
2489 1787 2594 1841 ὑπὸ
2629 1787 2725 1841 σοῦ
2756 1788 2843 1842 διὰ
2867 1788 2964 1858 τῆς
2991 1786 3277 1858 ἐπιστολῆς
3303 1786 3660 1840 κελευσθέντα
3679 1828 3697 1851 ,

423 1879 614 1935 benter
637 1843 884 1950 ~perfeci;
922 1879 1056 1933 nihil
1086 1843 1367 1950 ambigens
1403 1879 1471 1933 de
1498 1843 1584 1944 iis,
1619 1894 1743 1946 quae
1774 1888 1830 1933 tu
1863 1843 2001 1934 bene

2120 1883 2362 1952 Ιισμένως
2390 1881 2702 1954 ἐπλήρωσα·
2731 1882 2789 1935 ὲν
2821 1843 2996 1934 οὐδενὶ
3032 1843 3417 1952 ἀμφιϐάλλων,
3453 1871 3529 1932 ὧν
3557 1843 3704 1952 αὒτὶῖι

423 1972 624 2029 habere
668 1973 1005 2042 probaveris.
1043 1972 1175 2028 Novi
1214 1982 1267 2026 te
1302 1973 1490 2027 divino
1523 1972 1731 2041 judicio
1759 1973 2002 2028 testimo-

2120 1974 2290 2038 καλῶς
2305 1973 2447 2044 ἔχειν
2461 1974 2841 2046 δεδοκίμακας.
2869 1975 3084 2042 Ἐγνων
3114 1972 3223 2046 γάρ
3258 1991 3317 2025 σε
3348 1972 3527 2045 κρίσει
3561 1971 3706 2026 Θεοῦ

424 2065 576 2119 nium
613 2065 747 2120 viris
778 2065 1146 2134 perhibuisse,
1178 2071 1236 2118 et
1273 2079 1382 2119 non
1415 2063 1602 2118 favore
1633 2063 1861 2118 carnali.
1893 2063 2005 2117 Ad-

2120 2065 2208 2137 τὴν
2248 2066 2554 2139 μαρτυρίαν
2585 2069 2697 2120 τοῖν
2731 2067 2947 2138 ἀνδροῖν
2972 2065 3015 2098 ³⁷
3044 2065 3153 2137 (65)
3186 2063 3539 2135 πεποιῆσθαι,
3583 2064 3703 2118 ἀλλ’

423 2153 646 2207 modum
681 2168 808 2207 vero
843 2169 928 2208 me
957 2153 1366 2208 delectaverunt
1393 2161 1448 2207 et
1475 2153 1680 2208 crebra:
1713 2166 1821 2208 tuae
1853 2153 2003 2208 loco-

2120 2160 2171 2212 οὐ
2205 2159 2386 2230 χάριτι
2411 2161 2671 2231 σαρκικῇ.
2707 2161 2858 2214 Πάνυ
2889 2159 2948 2211 δέ
2983 2175 3050 2228 με
3079 2153 3220 2229 ἦσαν
3246 2156 3340 2210 καὶ
3365 2158 3420 2211 αί
3454 2161 3706 2226 συνεχεῖς

423 2260 548 2298 rum
579 2242 876 2314 Scriptura:
909 2245 1500 2311 commemorationes;
1531 2247 1678 2316 jquas
1714 2245 1807 2300 ubi
1839 2246 2006 2317 legis-

2120 2265 2206 2301 σου
2239 2247 2348 2301 τῶν
2379 2247 2669 2321 γραφικῶν
2693 2249 2912 2320 χωρίων
2930 2247 3037 2318 (64)
3065 2249 3293 2318 μνῆμαι·
3322 2247 3388 2310 ἃς
3411 2247 3704 2315 ἀναγνοὺς,

422 2352 559 2401 βοτη,
591 2353 658 2392 ne
691 2338 1022 2407 cogitatione
1067 2337 1290 2406 quidem
1333 2336 1598 2396 tenuside
1639 2354 1696 2393 re
1737 2339 2004 2394 dubitavi.

422 2428 608 2500 Neque
656 2431 804 2484 enim
852 2444 916 2484 ea
966 2428 1100 2482 mihi
1145 2429 1322 2484 oculis
1363 2430 1734 2498 percurrenda
1789 2431 2007 2500 putavi,

423 2535 659 2591 quorum
707 2521 1076 2576 certissimam
1117 2536 1148 2575 a
1185 2529 1238 2575 te
1281 2520 1541 2575 haberem
1576 2522 2008 2578 demonstratio-

426 2629 572 2668 nem.
604 2612 826 2668 Utinam
851 2615 1048 2668 animae
1081 2622 1187 2669 tuae
1212 2613 1331 2668 vice
1359 2614 1462 2669 sim
1495 2629 1624 2684 ego;
1661 2614 1789 2684 quia
1820 2615 2007 2671 Jesum

424 2705 624 2761 Filium
661 2705 756 2761 Dei
789 2707 1024 2761 viventis
1056 2720 1233 2760 amas.
1267 2705 1448 2772 Quare
1476 2716 1530 2760 et
1563 2707 1676 2776 ipse
1707 2708 1802 2762 tibi
1834 2709 1965 2787 dicit
1993 2728 2006 2762 :

425 2799 540 2869 Ego
572 2817 653 2853 me
685 2809 922 2854 amantes
955 2799 1156 2868 diligo;
1193 2807 1242 2853 et
1283 2811 1576 2868 quwrentes
1616 2817 1717 2866 me,
1749 2783 2010 2859 invenient

423 2908 606 2962 pacem
637 2893 702 2945 ³⁸.

497 2987 587 3042 IV.
629 2985 762 3041 Mihi
803 2995 986 3041 autem
1027 2987 1081 3040 in
1119 2994 1353 3041 mentem
1389 2985 1574 3052 venit,
1611 2995 1672 3041 ut
1719 2987 1898 3042 dicam
1930 2994 2015 3042 vei

426 3096 549 3134 rum
576 3078 748 3133 fuisse
782 3093 1117 3143 sermonem,
1155 3093 1318 3148 quem
1349 3079 1415 3132 de
1445 3088 1496 3132 te
1522 3078 1729 3138 audivi.
1762 3094 1885 3132 cum
1917 3080 2012 3133 ad-

425 3173 536 3228 huc
575 3171 766 3226 Romae
795 3170 938 3240 apud
972 3170 1191 3224 beatum
1223 3186 1418 3241 papam
1458 3170 1657 3224 Linum
1712 3186 1890 3238 esses;
1922 3171 2010 3229 cui

2110 2339 2231 2392 οὐδὲ
2266 2339 2456 2411 μέχρις
2479 2340 2687 2404 ἑννοίας
2719 2340 2997 2393 ὲνεδοίασα
3031 2339 3138 2410 (65)
3173 2339 3300 2410 περ).
3341 2339 3402 2392 τὸ
3446 2340 3701 2410 πρᾶγμα.

2114 2430 2189 2483 Οὐ
2223 2431 2332 2500 γὰρ
2366 2426 2512 2502 εἶχόν
2557 2449 2700 2485 τισιν
2747 2431 3046 2503 ὀφθαλμοῖς
3077 2432 3406 2503 ἐκδραμεῖν,
3439 2428 3514 2485 ὧν
3559 2426 3709 2501 εἶχεν

2115 2525 2510 2597 ἀναντίρρητον
2549 2524 2655 2578 ὑπὸ
2687 2525 2782 2578 σοῦ
2815 2525 2916 2595 τὴν
2958 2524 3252 2590 ἀπόδειξιν.
3305 2523 3626 2594 Ἀντίψυχόν
3656 2521 3712 2557 ³⁸

2119 2637 2211 2671 σου
2245 2617 2352 2689 (66)
2391 2618 2653 2689 γενοίμην
2690 2616 2822 2686 ἐγὼ,
2851 2618 2934 2671 ὅτι
2977 2617 3153 2686 φιλεῖς
3195 2617 3405 2688 Ἰησοῦν
3446 2617 3540 2671 τὸν
3575 2616 3710 2671 Υἰδν

2116 2712 2210 2767 τοῦ
2252 2711 2389 2765 Θεοῦ
2420 2709 2516 2764 τοῦ
2551 2709 2771 2775 ζῶντος.
2817 2711 2908 2764 Διὸ
2941 2711 3037 2764 καὶ
3067 2710 3232 2774 αΰτδς
3269 2712 3385 2782 ὲρεῖ
3422 2727 3524 2764 σοι·
3560 2709 3708 2779 Ἐγὼ

2115 2805 2256 2871 τοὺς
2288 2803 2392 2873 ἐμὲ
2419 2803 2749 2872 φιλοῦντας
2782 2801 3008 2872 ἀγαπῶο
3045 2806 3100 2858 ol
3127 2802 3194 2856 δὲ
3227 2802 3331 2872 ἐμὲ
3368 2801 3704 2872 ζητοῦντες,

2119 2895 2492 2963 εὑρήσουσιν
2519 2893 2770 2962 εἰρήνην
2789 2894 2920 2965 (67).

2190 2985 2281 3040 IV.
2304 2987 2630 3058 Ἐπέρχεται
2660 2985 2718 3039 δέ
2755 3002 2845 3056 μοι
2868 2986 3067 3054 λέγειν,
3101 2986 3184 3038 ὅτι
3213 2985 3708 3057 ἅληθινὸςδλόγος,

2119 3077 2178 3131 ὃν
2209 3079 2406 3149 ἢκουον
2439 3077 2567 3148 περὶ
2601 3075 2717 3140 σοῦ,
2742 3076 3006 3146 ἐτιοῦσης
3040 3075 3131 3128 σοῦ
3165 3077 3225 3129 ὲν
3253 3079 3318 3146 τῇ
3348 3077 3532 3149 Ῥώμῃ
3554 3076 3709 3147 παρᾶ

2121 3169 2198 3240 τῷ
2227 3168 2482 3240 μακαρίῳ
2514 3168 2674 3239 πάπᾳ
2698 3167 2845 3239 Λίνῳ
2875 3166 2922 3200 ⁸⁸
2955 3166 3085 3239 (68)·
3111 3162 3172 3220 ὃν
3202 3165 3471 3234 διεδέξατο
3511 3167 3579 3221 τὰ
3609 3166 3715 3220 νῦν

495 3315 541 3347 ⁸⁵
572 3315 642 3370 al.
679 3315 950 3385 ναμάτων.
1026 3315 1070 3347 ³⁸
1096 3316 1165 3370 al.
1200 3315 1427 3369 πολλῶν.
1508 3317 1552 3348 ³⁸
1583 3315 1740 3372 Rom.
1812 3333 1933 3384 vm,
1959 3315 2027 3376 18

2127 3314 2169 3346 ³⁷
2201 3314 2277 3371 al.
2305 3315 2416 3377 τοῖς
2444 3312 2688 3384 ἀνδράσι.
2767 3313 2810 3344 ³⁸
2835 3312 2908 3368 al.
2943 3309 3254 3382 ἀντίψυχός.
3328 3309 3371 3342 ³⁸
3397 3308 3556 3365 Prov.
3585 3322 3708 3374 Vtu,

431 3386 518 3440 17.
610 3387 656 3418 "°
692 3388 764 3441 al.
801 3385 1164 3458 ’Λνεγκλήτῳ.

430 3521 641 3592 (contra
688 3519 1002 3575 Graecorum
1050 3523 1447 3592 exemplarium
1487 3521 1673 3588 ﬁdem)
1723 3523 2014 3592 legendum
2045 3529 2087 3588 ο
2120 3524 2181 3582 tii
2217 3521 2392 3591 Epist.
2426 3523 2494 3576 ad
2532 3521 2814 3576 Romanos.
2850 3521 2928 3575 In.

430 3600 649 3656 censet;
683 3603 742 3644 ut
781 3592 850 3646 ad
899 3593 1067 3662 ὅρμον
1101 3592 1406 3658 referatur;
1459 3593 1736 3662 quomodo
1764 3603 1818 3648 et
1857 3603 2016 3650 vetus

430 3663 686 3732 vulgatus
717 3661 986 3732 interpres
1028 3663 1268 3717 reddidit
1303 3682 1314 3717 :
1365 3682 1384 3715 ι
1420 3661 1825 3732 conspicientes
1855 3664 1909 3717 in
1951 3679 2017 3719 eo

431 3731 563 3786 illud
597 3730 744 3801 quod
795 3736 848 3785 in
883 3739 934 3785 te
965 3733 1087 3800 (has
1133 3733 1277 3787 enim
1325 3735 1464 3789 duas
1494 3730 1718 3788 voculas
1763 3748 1832 3788 ex
1880 3749 2015 3794 mss.

431 3802 797 3864 restituimus)
830 3810 912 3855 est
934 3802 1161 3856 bonum.
1215 3822 1233 3854 ι
1263 3801 1462 3859 Ussen.

505 3873 620 3942 (55)
643 3869 731 3933 Τῷ
747 3872 891 3927 εῖδει
923 3873 1281 3941 ἐφέλκονται
1306 3873 1550 3939 αὐτούς.
1583 3872 1698 3928 Nisi
1713 3875 1910 3930 veteris
1936 3874 2022 3930 in—

433 3943 686 4012 terpretis
719 3943 1048 3998 auctoritate
1087 3959 1360 4007 moverer,
1383 3943 1478 4013 qui
1521 3945 1651 3997 είδει
1681 3964 1700 3996 ι
1749 3946 1965 4000 visione
1995 3965 2014 3998 ι

432 4013 626 4085 vertit,
663 4014 915 4085 equidem
957 4015 1144 4085 διειδεί
1188 4014 1806 4085 Ιιὼεηιὶυεμνετιθνεω,
1846 4016 2023 4085 inquit

431 4083 672 4154 1Iacobus
716 4083 925 4151 Billius,
966 4083 1247 4154 Observat.
1280 4100 1420 4141 supr.
1472 4083 1594 4138 libri
1647 4101 1686 4139 II
1749 4101 1872 4154 cap.
1915 4083 2018 4141 an.

431 4153 631 4225 Noster
685 4170 814 4209 vero
862 4155 1145 4225 interpres
1183 4153 1258 4223 τῷ
1309 4155 1461 4218 εῖδει,
1518 4173 1535 4204 ι
1593 4155 1710 4224 ipsa
1758 4153 1957 4225 specie,
1996 4175 2015 4208 ι

433 4223 642 4279 rectius
685 4224 954 4289 reddidit,
1005 4240 1170 4294 quam
1212 4226 1485 4294 vulgatus,
1523 4242 1542 4274 ι
1586 4223 1802 4281 visione
1844 4242 1966 4293 sua,
1997 4246 2015 4278 ι

432 4294 519 4364 vel
555 4311 575 4344 ι
607 4295 713 4359 sui,
759 4315 777 4345 ι
814 4303 874 4347 ut
908 4296 997 4349 alii
1043 4295 1231 4364 legunt
1271 4294 1416 4348 libri.
1450 4295 1555 4348 Pro
1582 4296 1778 4360 αὐτούς
1817 4306 2023 4360 autem,

435 4363 721 4438 moreliurn
748 4365 928 4418 αὐτῶν
960 4363 1246 4438 legendum
1279 4367 1586 4433 censuisse,
1623 4375 1684 4438 ut
1712 4366 1904 4438 πηγῶν
1937 4368 2024 4423 hic

436 4433 899 4505 subintelligatur,
930 4433 1072 4489 male
1111 4451 1140 4488 a
1175 4434 1452 4505 Mrestraeo
1474 4444 1560 4490 est
1589 4433 1930 4492 adnotatum.
1967 4441 2024 4492 In

437 4503 662 4558 Morelio
684 4503 831 4558 enim
861 4505 999 4559 nihil
1027 4506 1132 4560 tale
1158 4506 1400 4560 invenio.
1434 4503 1510 4559 ID.

509 4574 623 4651 (56)
660 4576 739 4651 ’ᾙ
759 4590 825 4626 τε
842 4579 1114 4642 σύνεσις.
1159 4576 1604 4651 _llcctius_codex
1647 4575 1920 4634 Mediceus
1949 4581 2021 4651 τῆ

435 4661 498 4716 τε
533 4644 600 4716 σὴ
648 4645 881 4711 σύνεσις,
927 4647 1302 4716 consentiente
1354 4647 1520 4701 etiam
1573 4660 1808 4716 utroque
1841 4644 2025 4706 vetere

440 4714 634 4769 Latino
669 4716 980 4770 interprete.
1014 4715 1083 4764 ID.

510 4784 624 4854 (57)
652 4784 960 4854 Ναμάτων.
993 4784 1107 4840 Vet.
1139 4785 1393 4854 vnlgal.,|
1423 4784 1750 4855 liquoribus.
1779 4807 1798 4839 ι
1828 4791 2026 4847 Noster

2191 3587 2304 3663 (62)
2335 3593 2904 3663 Ἀποκαλύπτεσθαι.
2949 3592 3044 3654 Είς
3076 3589 3224 3661 ἡμᾶς
3254 3598 3339 3645 est
3375 3588 3465 3643 hic
3504 3587 3717 3663 adtlenc

2119 3657 2250 3719 dum
2284 3657 2348 3717 ex
2378 3662 2619 3717 Mediceo
2661 3662 2851 3717 Graeco
2884 3657 3355 3728 codicefutroque
3387 3668 3566 3714 vetere
3598 3657 3708 3712 La-

2119 3736 2236 3788 tino
2278 3735 2590 3804 interprete,
2621 3733 2852 3803 ipsoque
2896 3731 3145 3802 Apostoli
3178 3738 3350 3798 textu,
3388 3729 3548 3784 Rom.
3584 3745 3716 3798 vui,

2123 3806 2210 3859 18.
2241 3806 2317 3857 ID.

2194 3874 2306 3944 (65)
2346 3873 2476 3940 Τοῖς
2504 3871 2780 3944 ἀνδράσι.
2819 3872 2941 3944 Τοῖς
2975 3871 3189 3944 ανδροῖν
3213 3868 3716 3944 legiturﬁincodice

2121 3939 2464 4016 Au'gusmno,
2494 3943 2594 4016 τῂν
2614 3939 2854 4016 *ἀνδροῖν
2882 3939 3320 4016 Nydprhgcianb,
3349 3943 3462 4016 τοῖν
3493 3939 3715 4016 ᾁνδροῖν

2123 4016 2180 4069 in
2214 4011 2495 4070 'Mediceo.
2527 4011 2660 4078 Nos,
2684 4011 2753 4068 ei
2780 4011 3029 4076 Meistraei
3059 4013 3319 4079 editione,
3344 4013 3452 4076 τοῖς
3485 4011 3716 4082 ἀνδράσι

2124 4085 2479 4140 retinuimus.
2515 4085 2591 4138 In.

2195 4155 2307 4222 (6.4)
2348 4154 2472 4208 Τῶν
2522 4151 2824 4224 τριηρικῶν
2868 4153 3124 4224 χωρίων.
3180 4151 3236 4205 Id
3282 4159 3366 4206 est
3420 4151 3720 4224 g_locorum

2125 4221 2425 4294 Scriptura;
2452 4241 2464 4276 :
2493 4221 2606 4294 iiut
2638 4221 2802 4278 recte
2865 4221 3252 4294 interpretatus
3295 4231 3378 4294 est
3417 4221 3711 4294 .‘llorelius;

2123 4293 2471 4366 nam-{pacali
2505 4293 2825 4366 simpliciter
2857 4293 3019 4363 (utin
3069 4293 3399 4366 Adrersqtiis
3449 4293 3563 4366 suis
3607 4308 3714 4347 no-

2126 4367 2258 4420 tavit
2289 4362 2375 4419 hic
2415 4362 2797 4428 C‘asaubonus)
2831 4379 3000 4417 sacra:
3029 4363 3239 4432 paginae
3276 4363 3418 4415 libri.
3454 4362 3548 4432 Sic
3573 4379 3716 4432 γρα-

2125 4437 2260 4505 φικὰ
2308 4435 2634 4504 διδάγματα·
2688 4451 2808 4502 qua:
2856 4433 2908 4486 in
2965 4430 3166 4501 nupera
3212 4434 3463 4505 versione
3506 4430 3716 4505 Νισίβιιί

2126 4503 2342 4558 concilii
2380 4503 2520 4558 male
2550 4505 2800 4570 vertitur,
2835 4512 2886 4556 et
2925 4505 2976 4556 in
3039 4517 3251 4557 canone
3286 4503 3350 4556 l9
3381 4503 3597 4556 concilii
3650 4504 3716 4570 in,

2126 4576 2335 4639 Trullo,
2364 4576 2635 4646 γραφικὸς
2666 4573 3244 4646 ).6yo;,cst_tracta_tio
3272 4573 3719 4646 alicujussacra:

2128 4642 2459 4714 Scripturze;
2492 4642 2546 4699 et
2587 4647 2638 4698 in
2691 4643 2907 4699 concilii
2938 4642 3398 4714 Chalcedonensis
3429 4642 3642 4714 actione
3680 4659 3712 4696 γ

2127 4720 2203 4785 (et
2231 4713 2372 4785 apud
2407 4713 2720 4785 Evagrium,
2756 4714 2850 4768 lib.
2881 4729 2939 4785 ll,
2971 4713 3117 4785 (list.
3150 4713 3334 4785 ec_cles.
3368 4729 3489 4781 cap.
3517 4713 3598 4785 ﬁ),
3628 4713 3715 4766 in-

2125 4782 2302 4853 deque
2331 4787 2382 4838 in
2415 4782 2707 4839 Justiniani
2737 4785 2866 4853 imp.
2903 4784 3016 4852 lege
3049 4783 3080 4836 7
3107 4801 3153 4837 c.
3184 4783 3258 4836 De
3278 4801 3483 4836 summa
3515 4782 3711 4838 Trinit.

437 4853 752 4937 interpres,i
774 4858 996 4937 aquis._i
1039 4856 1113 4909 Ex
1135 4853 1324 4911 Graéco
1351 4853 1738 4912 vero‘Mediceo
1764 4857 2015 4930 Vossius,

2125 4868 2179 4937 et
2197 4857 2300 4925 [ide
2330 4857 2626 4937 catholica.
2663 4853 2929 4936 γραφικαὶ
2965 4853 3259 4937 μαρτυρίαι
3299 4865 3425 4909 sunt
3467 4855 3718 4909 testimo—

439 4927 698 4998 πομᾴτων
725 4929 909 4980 edidit.
949 4927 1021 4978 In.

512 4992 625 5069 (58)
660 4992 736 5048 ’Ὦ
753 4999 1036 5069 μακαρίαν.
1076 4997 1136 5049 In
1163 4996 1492 5066 quibusdam
1539 4999 1735 5069 veteris
1789 4998 2022 5069 vulgata;

439 5063 644 5139 Latina;
675 5063 938 5139 versionis
965 5063 1294 5122 editionibus
1323 5069 1552 5122 habetur
1581 5063 1690 5128 hic,
1719 5085 1736 5118 ι
1770 5063 1947 5139 υριεῖνί
1967 5087 2012 5138 ς.»

438 5138 494 5192 in
524 5137 667 5200 aliis,
706 5157 724 5187 ι
753 5138 933 5206 potavi
963 5157 975 5189 :
1016 5156 1034 5187 ι
1070 5152 1188 5206 pro,
1233 5158 1250 5188 ι
1280 5153 1312 5190 o
1346 5139 1523 5192 beata.
1551 5156 1569 5188 ι
1607 5139 1687 5188 In.

509 5207 624 5277 (59)
660 5207 934 5262 Πολλῶν.
959 5210 1037 5261 Ita
1071 5209 1231 5263 etiam
1262 5209 1422 5261 vertit
1451 5218 1677 5275 uterque
1708 5212 1973 5278 interpres
2003 5229 2014 5262 :

441 5289 554 5330 tum
584 5289 792 5342 noster,
824 5287 939 5333 tum
969 5279 1254 5347 vulgatus;
1295 5279 1420 5334 licet
1449 5281 1500 5331 in
1533 5278 1695 5332 editis
1733 5296 1750 5327 ι
1777 5279 2020 5347 publica-

442 5363 636 5401 norum
659 5366 677 5399 ι
717 5349 896 5418 inepte
927 5349 1139 5470 legatur
1161 5365 1268 5471 pro
1305 5369 1324 5400 ι
1357 5349 1741 5419 plurimorum.
1767 5367 1785 5400 ι
1817 5348 1892 5403 Ex
1927 5366 2022 5405 c0-

442 5419 561 5471 dice
590 5416 853 5471 Mediceo.
886 5419 986 5471 πολ
1026 5421 1132 5471 αῖς.
1211 5420 1393 5471 ossius
1419 5418 1606 5471 edidit.
1644 5419 1722 5471 In.

441 5419 561 5472 dice
590 5416 853 5483 Mediceo,
886 5416 1132 5482 πολλαῖς,
1161 5416 1393 5474 Vossius
1419 5418 1606 5473 edidit.
1644 5419 1722 5474 In.

514 5488 625 5558 (60)
661 5487 919 5556 Οὐδενὸς
960 5490 1187 5542 τούτων
1227 5489 1678 5558 ἐπιστρέφομαι.
1711 5487 1906 5544 Noster
1941 5489 2025 5542 in-

445 5566 582 5630 terp.
615 5577 634 5608 ι
663 5574 708 5630 a7
733 5559 884 5613 nullo
913 5561 1110 5613 horum
1142 5573 1376 5615 avertor.
1404 5579 1421 5612 ι
1462 5559 1583 5613 Vet.
1611 5559 1815 5630 vulgat.
1842 5577 1860 5609 ε
1887 5559 2023 5612 nihil

448 5629 640 5697 horum
681 5629 916 5694 declino,
940 5648 958 5680 ι
994 5638 1053 5684 ut
1085 5645 1244 5695 mss.,
1280 5632 1385 5697 vel,
1419 5639 1478 5685 ut
1507 5629 1658 5695 editi,
1702 5629 1725 5680 ἱ
1753 5646 1965 5686 recuso.
1999 5649 2015 5680 ι

448 5696 596 5772 iatn.
613 5697 885 5772 Legebant
912 5700 1343 5772 ἀποστρέφομαι.
1374 5696 1477 5772 CL.

516 5767 630 5837 (61)
677 5769 970 5840 Ὁναίμην.
1026 5767 1146 5824 γει.
1169 5767 1382 5840 vulgat.
1423 5792 1440 5822 ι
1467 5771 1675 5838 Lucror
1717 5771 1885 5829 enim.
1911 5791 1928 5822 ι
1966 5781 2026 5826 ιιι

450 5839 712 5903 mss.,vel
741 5857 760 5890 ι
790 5854 912 5910 ego,
937 5860 952 5891 ι
980 5852 1041 5896 ut
1073 5839 1444 5898 habent’editi.
1477 5841 1613 5898 Vide
1638 5851 1750 5898 not.
1784 5842 1838 5895 in
1867 5843 2024 5913 Ignar-

2129 4927 2218 4980 nia
2262 4943 2325 4980 ex
2365 4928 2537 4981 saCris
2565 4925 2866 4994 Scripturis
2898 4925 3085 4993 petita.
3113 4926 3187 4978 In.

2200 4996 2312 5066 (65)
2361 4993 2724 5050 Ἐνεδοίασα.
2765 4997 2840 5049 Ita
2872 5011 2996 5049 cum
3032 5011 3166 5051 mss.
3196 4993 3407 5049 Morelii
3441 4994 3568 5065 legit
3593 4993 3719 5066 edi-

2129 5065 2234 5132 tio;
2274 5065 2362 5121 ubi
2411 5067 2771 5121 Plantiniana:
2815 5066 3102 5129 editiones,
3129 5066 3319 5120 eodem
3368 5081 3556 5131 sensu,
3587 5065 3715 5118 sva--~

2125 5138 2298 5201 δύασα
2335 5139 2555 5192 habent.
2587 5139 2659 5191 Ιυ.

2200 5208 2312 5277 (66)
2363 5207 2716 5277 Ἀντίψυχός
2774 5221 2911 5260 σου.
2965 5203 3101 5277 qu.
3162 5202 3354 5266 Medic.
3395 5204 3718 5277 Ἀντίψυχὸν

2128 5275 2243 5332 σου.
2288 5277 2408 5332 Vid.
2447 5275 2827 5348 Prolcgomen.
2871 5291 2989 5345 cap.
3019 5275 3053 5331 5
3088 5275 3142 5328 in
3177 5277 3373 5346 Ignatii
3422 5277 3596 5346 Epist.
3623 5275 3713 5340 ad

2128 5348 2397 5402 Ephesios.
2421 5347 2495 5401 ID.

2161 5349 2397 5402 Ephesios.
2421 5349 2495 5401 ID.

2177 5367 2397 5418 pueszos.
2421 5367 2495 5408 to.

2201 5419 2314 5488 (67)
2369 5419 2653 5487 Εἰρήνην.
2691 5415 2748 5469 1η
2778 5414 3001 5488 rGraacis
3046 5414 3270 5480 Bibliis,
3303 5416 3562 5470 Provcrl).
3595 5431 3714 5482 vm,

2133 5485 2220 5553 I7,
2253 5485 2725 5561 xdptv'legimus;
2773 5487 2896 5539 licet
2946 5485 3192 5561 Rplllﬁlla
3239 5489 3408 5542 editio
3459 5499 3714 5541 neutrum

2129 5557 2534 5615 substantivuin
2565 5559 2636 5611 ibi
2668 5565 2948 5628 agnoscat.
2980 5557 3053 5608 In.

2203 5631 2315 5699 (68)
2381 5625 2761 5699 Ἀνεγκλήτῲ.
2808 5629 2912 5699 Ita,
2955 5637 3008 5681 et
3047 5627 3134 5681 hic
3171 5635 3226 5681 et
3257 5627 3312 5699 in
3350 5626 3592 5696 Epistola
3619 5625 3712 5699 an!

2135 5697 2458 5763 Trallianos,
2496 5697 2663 5754 Codex
2714 5697 3185 5766 Nydpiucrianus.
3247 5697 3338 5753 Sic
3370 5708 3424 5752 et
3454 5699 3562 5750 illic
3602 5697 3684 5766 ᾼιι

2131 5781 2416 5839 gustanus,
2456 5771 2548 5824 sed
2593 5769 2680 5822 hic
2710 5769 3078 5892 ’Λναγκλάζτῳ
3123 5768 3290 5822 Vetus
3325 5769 3576 5837 vulgatus
3607 5765 3712 5831 La-

2131 5843 2311 5892 tinus.
2357 5841 2643 5892 utrobique
2694 5839 2856 5892 habet
2907 5858 2924 5891 ι
2954 5879 2968 5892 .
3003 5838 3305 5892 naclclum:
3342 5859 3358 5892 ι
3413 5839 3542 5892 licet
3603 5853 3706 5892 ms.

2130 5838 2311 5910 tinus,
2357 5841 2643 5911 utrobique
2694 5839 2856 5893 habet
2907 5858 2924 5891 ι
2954 5838 3358 5902 Αιιειριειυιιιμ
3413 5839 3542 5893 licet
3603 5853 3706 5892 ms.
