4076 6434
398 384 511 440 839

1211 373 1566 432 ΕΡΙΞΤΟΗΕ
1608 369 2135 431 SUPPOSITITLE.
2170 401 2237 412 -—
2273 369 2365 424 AD
2411 367 2840 425 TARSENSES.

3554 365 3655 422 390

392 505 454 559 δὲ
486 505 538 538 ⁸⁷
571 499 676 575 (88)
709 499 1193 574 ἀνθρωπομόρφων
1236 498 1366 569 (89),
1398 493 1480 562 οἷς
1511 499 1540 551 ὁ
1568 497 1842 569 ἀνήμερος
1881 494 1984 566 θὴρ

2093 491 2221 547 leris
2254 492 2549 546 humanam
2583 491 2896 561 gerentibus
2930 487 3185 553 formam;
3230 487 3284 542 in
3319 486 3520 556 quibus
3555 489 3660 541 im-

395 592 733 666 ὲμςρωλεύων
756 593 802 626 ⁸⁸
825 594 1006 646 νύττει
1027 591 1133 662 (90)
1155 608 1220 661 με
1251 590 1524 662 ὁσημέραι
1543 589 1638 643 κα)⁸
1667 590 1978 661 τιτρώσκει-

392 688 542 740 ἀλλ’
558 682 806 750 οὐδενὸς
825 684 1011 754 λόγον
1041 683 1320 752 ποιοῦμαι
1340 681 1448 736 τῶν
1476 681 1664 735 δεινῶν
1690 681 1820 752 (91),
1837 681 1982 734 οὐδὲ

391 778 519 845 ἔχω
546 775 658 845 τὴν
686 775 902 844 ψυχὴν
934 775 1135 844 τιμίαν
1163 773 1419 844 ἐμαυτῷ,
1450 773 1526 838 ὡς
1557 773 1786 842 ἀγαπῶν
1803 774 1843 805 ⁶¹
1868 771 1980 844 (92)

392 867 574 938 αὐτὴν
624 867 824 937 μᾶλλον
853 865 886 937 ἢ
920 865 1010 919 τὸν
1056 865 1279 936 Κύριον.
1326 865 1417 917 Διὸ
1451 863 1667 934 ἕτοιμός
1697 865 1812 934 είμι
1843 862 1981 934 πρὸς

391 956 535 1029 πῦρ,
568 957 704 1029 πρὸς
735 955 922 1030 θηρία,
966 957 1102 1027 πρὸς
1135 955 1308 1026 ξίφος,
1341 955 1480 1026 πρὸς
1511 954 1762 1027 σταυρόν·
1798 955 1976 1026 μόνον,

391 1048 484 1101 ἵνα
535 1047 625 1102 τὸν
666 1047 900 1119 Χριστὸν
934 1047 1028 1101 ῐδω
1070 1046 1177 1118 (95)
1201 1047 1302 1100 -τὺν
1343 1046 1573 1119 Σωτῆρα
1603 1044 1714 1117 (94)
1752 1063 1851 1116 μου
1885 1045 1982 1098 καὶ

390 1139 570 1206 Θεὸν,
608 1139 699 1192 τὸν
751 1139 891 1213 ὑπὲρ
939 1138 1075 1212 ἐμοῦ
1117 1138 1479 1192 ἀποθανόντα.
1531 1137 1844 1209 Παρακαλῶ
1885 1131 1980 1190 οὖν

389 1231 543 1301 ὑμᾶς
573 1229 684 1299 ἐγὼ
713 1233 742 1285 ὁ
765 1231 984 1302 δέσμιος
1006 1231 1262 1304 Χριστοῦ,
1284 1233 1312 1284 ὁ
1340 1230 1428 1285 διά
1460 1229 1564 1299 γῆς
1587 1229 1678 1282 καὶ
1711 1228 1980 1299 θαλάττης

386 1320 772 1392 ἐλαυνόμενος·
795 1321 1050 1388 στήκετε
1079 1321 1148 1374 ἐν
1179 1319 1253 1389 τῇ
1273 1321 1492 1384 πίστει,
1517 1319 1717 1390 ἑδραῖοι
1740 1316 1977 1386 γίνεσθε,

387 1410 484 1464 ὅτι
519 1412 750 1478 δίκαιος
780 1412 849 1465 ἐκ
887 1413 1149 1477 πίστεως
1172 1410 1432 1477 ζήσεταιι
1467 1409 1684 1480 γίνεσθε
1715 1407 1975 1472 ἀκλινείς,

385 1502 470 1555 δτι
495 1503 713 1569 Κύριος
741 1501 1048 1563 κατοικίζει
1066 1502 1480 1569 μονοτρόπους
1515 1502 1559 1533 ⁸⁸
1593 1500 1702 1572 (95)
1723 1499 1971 1567 ἑνοῖκῳ.

461 1594 533 1646 ll.
557 1594 772 1661 Ἐγνων
787 1595 868 1646 ὅτι
895 1595 1040 1657 τινὲς
1056 1593 1165 1648 τῶν
1182 1593 1276 1646 τοῦ
1292 1594 1508 1646 Σατανᾶ
1521 1591 1810 1663 ὑπηρετῶν
1825 1589 1978 1643 E602:—

382 1681 634 1753 λήθησαν
667 1685 812 1755 ὑμᾶς
852 1683 1116 1750 ταράξαιο
1152 1685 1204 1738 οἱ
1237 1684 1354 1755 μὲν,
1389 1685 1470 1738 ὅτι
1507 1683 1712 1755 Ἰησοῦς
1756 1681 1976 1752 δοκήσει

381 1774 712 1846 ἐσταυρώθη
745 1777 789 1808 ⁸⁸
822 1776 967 1847 (96),
1008 1778 1104 1830 καὶ
1142 1778 1362 1849 δοκήσει
1403 1776 1674 1831 ἀπέθανεν
1702 1777 1765 1808 ⁸⁷·
1809 1777 1858 1829 οἱ
1893 1775 1970 1832 δὲ.

2083 587 2233 641 mltis
2264 587 2352 641 illa
2381 585 2493 640 fera
2530 585 2770 642 latitans.
2801 598 2888 637 me
2913 581 3156 650 quotidie
3177 579 3368 650 pungit
3396 589 3448 634 et
3471 579 3661 633 vulne-

2079 687 2167 732 rat
2193 679 2266 731 59:
2297 677 2387 731 sed
2427 675 2559 729 nihil
2593 676 2782 728 horum
2826 674 3092 726 malorum
3135 687 3349 736 vereor;
3381 687 3473 724 nec
3519 671 3660 740 facio

2080 769 2312 822 animum
2344 784 2511 822 meam
2545 767 2904 836 pretiosiorem
2927 781 3084 834 quam
3108 781 3187 818 me
3211 764 3256 796 ⁶⁰
3275 803 3290 828 ,
3313 774 3372 816 ιιι
3393 779 3511 816 eam
3538 763 3660 832 plus

2079 879 2258 918 amem
2313 879 2478 932 quam
2533 859 2846 914 Dominum.
2911 857 3091 924 Quare
3138 865 3362 927 paratus
3416 873 3535 911 sum
3591 857 3658 910 ad

2080 954 2282 1024 ignem,
2322 954 2389 1009 ad
2439 953 2662 1017 bestias,
2694 951 2760 1005 ad
2801 950 3064 1015 gladium,
3110 949 3177 1003 ad
3226 963 3464 1011 crucem,
3499 947 3660 1001 dum-

2080 1046 2245 1101 modo
2271 1046 2550 1102 Christum
2570 1045 2804 1104 videam,
2826 1041 3160 1097 Salvatorem
3182 1049 3242 1096 et
3259 1041 3428 1096 Deum
3453 1055 3656 1102 meum,

2079 1137 2175 1208 qui
2223 1147 2445 1207 propter
2492 1152 2579 1190 me
2614 1143 2863 1189 mortuus
2915 1143 3018 1188 est.
3060 1131 3301 1187 Obsecro
3343 1133 3528 1202 itaque
3561 1147 3660 1186 vos

2078 1243 2180 1298 ego
2226 1227 2444 1282 vinctus
2489 1226 2717 1291 Christi,
2751 1224 2846 1294 qui
2895 1232 3038 1278 terra
3093 1224 3340 1292 marique
3381 1222 3654 1292 exagitor;

2077 1331 2214 1376 state
2241 1321 2297 1374 in
2329 1320 2432 1390 ﬁde
2465 1321 2542 1386 ⁶²;
2578 1329 2692 1373 este
2723 1318 2776 1370 in
2814 1331 2877 1370 ea
2907 1314 3069 1379 ﬁrmi,
3097 1315 3225 1384 quia
3251 1316 3430 1383 justus
3461 1329 3524 1366 ea:
3553 1314 3661 1382 ﬁde

2077 1414 2201 1469 vivit
2225 1413 2300 1480 '3;
2336 1421 2511 1481 estote
2543 1409 2874 1473 immobiles,
2906 1409 3035 1478 quia
3066 1408 3323 1462 Dominus
3359 1405 3660 1460 inhabitare

2078 1507 2209 1576 facit
2243 1505 2402 1560 unius
2426 1505 2586 1558 moris
2614 1505 2667 1556 in
2697 1502 2850 1555 domo
2886 1502 2952 1556 ⁸⁸.

2149 1598 2215 1650 Il.
2248 1594 2384 1652 Novi
2415 1594 2564 1666 quod
2599 1592 2822 1664 quidam
2871 1592 3253 1646 ministrorum
3303 1587 3520 1643 Satana:
3568 1604 3658 1642 vo-

2077 1689 2280 1744 luerint
2330 1703 2424 1741 vos
2466 1686 2720 1750 turbare;
2757 1700 2999 1755 quorum
3044 1684 3137 1738 alii
3191 1691 3534 1746 asseverant,
3568 1681 3658 1736 Je-
3705 1713 3723 1736 ο

2076 1798 2199 1838 sum
2224 1781 2482 1850 opinione
2513 1788 2721 1834 tantum
2755 1788 2944 1834 natum
2980 1793 3134 1844 esse,
3173 1778 3430 1847 opinione
3478 1779 3659 1830 cruci-

380 1865 466 1918 ὖτι
487 1867 594 1919 οὐκ
621 1872 766 1919 ἐστιν
809 1867 938 1931 Υίὸς
979 1869 1072 1921 τοῦ
1101 1869 1468 1940 Δημιουργοῦ·
1500 1870 1549 1922 οἱ
1583 1869 1640 1922 δὲ
1660 1906 1675 1933 ,
1698 1869 1782 1922 ὅτι
1813 1868 1974 1930 αὑτός

2081 1874 2248 1928 ﬁxum
2275 1881 2331 1927 et
2359 1880 2666 1936 mortuum;
2701 1871 2793 1925 alii
2827 1887 2978 1935 vero,
3006 1885 3133 1926 eum
3167 1886 3273 1924 non
3302 1885 3426 1924 esse
3457 1867 3656 1924 Filiqu

380 1958 536 2010 ἐστιν
568 1959 598 2010 ὁ
631 1959 725 2010 ἐπὶ
773 1959 994 2013 πάντων
1035 1961 1168 2024 Θεός
1212 1960 1344 2034 (97)·
1391 1961 1539 2016 ἄλλοι
1571 1961 1662 2023 δὲ,
1701 1961 1785 2013 ὅτι
1818 1959 1974 2028 ψιλὸς

377 2048 677 2121 ἄνθρωπός
706 2052 872 2104 ἐστιν·
909 2051 1088 2122 ἕτεροι
1120 2052 1197 2116 δὲ,
1219 2054 1299 2105 ὅτι
1398 2053 1536 2124 σὰρξ
1564 2053 1702 2122 αὕτη
1722 2052 1820 2105 οὐκ
1836 2051 1977 2119 ἐγεί-

379 2157 536 2210 ρεται
565 2141 612 2172 ⁸⁵⁸
635 2141 768 2214 (98),
804 2143 901 2196 καὶ
929 2142 1011 2197 δεῖ
1041 2145 1131 2198 τὸν
1165 2145 1567 2199 ἀπολαυστικὸν
1597 2145 1707 2215 (99)
1742 2144 1854 2214 βίον
1871 2143 1971 2214 ζῇν

374 2236 474 2287 καὶ
503 2236 748 2306 μετιέναι
780 2239 824 2269 ⁸⁸
860 2237 956 2308 (1)’
985 2238 1143 2291 τοῦτο
1174 2239 1221 2270 ⁷⁰
1257 2238 1331 2308 (2)
1362 2237 1470 2310 γὰρ
1491 2233 1632 2290 εἶναι
1665 2236 1839 2308 πέρας
1861 2235 1970 2288 τῶν

372 2329 607 2397 ἀγαθῶν
636 2333 747 2395 τοῖς
789 2331 908 2402 μετ’
935 2331 995 2384 οὐ
1028 2331 1162 2401 πολὺ
1200 2330 1656 2403 φθαρησομένοις.
1689 2328 1971 2383 Τοσούτων

370 2422 567 2476 κακῶν
601 2422 765 2492 ἐσμὸς
785 2421 1161 2492 είσεκὼμασεν
1179 2422 1274 2494 (5).
1308 2421 1445 2474 Ἀλλ’
1463 2422 1621 2492 ὑμεῖς
1645 2420 1787 2474 οὐδὲ
1816 2421 1968 2490 πρὸς

369 2509 538 2579 ὥραν
572 2511 772 2576 εἴξατε
813 2512 888 2581 τῇ
931 2512 1205 2582 ὑποταγῇ
1244 2513 1425 2567 αὐτῶν
1467 2512 1562 2582 (4).
1601 2512 1812 2565 Παύλου
1858 2513 1966 2586 γάρ

370 2603 499 2657 ἔστε
536 2602 750 2656 πολῖται
791 2604 865 2674 (5)
912 2604 1004 2658 καὶ
1041 2604 1302 2676 μαθηταὶ,
1335 2604 1429 2656 τοῦ
1469 2605 1589 2658 ἀπὸ
1633 2605 1969 2672 Ἰεροσολύ-

369 2713 501 2764 μων
522 2697 623 2750 καὶ
649 2697 850 2763 κύκλῳ
872 2696 1049 2766 μέχρι
1081 2697 1185 2752 τοῦ
1207 2699 1544 2766 Ἰλλυρικοῦ
1579 2702 1966 2768 πεπληρωκό-

371 2801 476 2851 τος
498 2785 567 2839 τὸ
599 2785 995 2855 Εὐαγγέλιον,
1032 2787 1129 2840 καὶ
1153 2787 1226 2840 τὰ
1254 2789 1550 2857 στίγματα
1573 2787 1678 2842 τοῦ
1706 2789 1965 2856 Χριστοῦ

371 2875 442 2928 ἐν
464 2875 544 2945 τῇ
570 2877 747 2944 σαρκὶ
781 2876 1224 2946 περιφέροντος.

2079 1963 2354 2020 Creatoris
2388 1980 2402 2017 :
2443 1963 2694 2017 nonnulli
2720 1978 2873 2029 vero,
2913 1962 3089 2030 ipsum
3113 1977 3235 2016 esse
3273 1978 3439 2031 super
3469 1962 3655 2014 omnia

2070 2055 2278 2122 Deum;
2308 2055 2397 2109 alii
2431 2070 2643 2108 merum
2671 2055 2946 2108 hominem
2977 2069 3135 2119 esse;
3168 2054 3260 2107 alii
3285 2053 3655 2122 autem,quod

2066 2147 2184 2203 haec
2207 2163 2339 2202 caro
2362 2163 2468 2202 non
2503 2147 2762 2216 resurgit,
2789 2155 2843 2200 et
2873 2151 3020 2215 quod
3049 2146 3396 2214 voluptuaria
3425 2146 3534 2198 vita
3563 2145 3646 2197 vi-

2063 2240 2240 2294 venda
2289 2239 2402 2306 sit,
2458 2248 2622 2308 atque
2673 2238 3079 2306 amplectenda;
3121 2237 3264 2290 hanc
3320 2235 3466 2290 enim
3530 2251 3656 2290 esse

2062 2331 2225 2386 ﬁnem
2260 2331 2551 2393 bonorum,
2586 2329 2653 2384 iis
2675 2329 2766 2398 qui
2800 2327 2964 2397 paulo
2995 2336 3117 2398 post
3144 2327 3418 2381 interituri
3452 2324 3652 2380 sint"-

2065 2420 2169 2476 Tot
2207 2421 2480 2475 malorum
2525 2434 2756 2474 examen
2798 2419 3108 2488 petulanter
3157 2417 3378 2486 irrupit.
3432 2418 3501 2471 At
3552 2431 3654 2471 vos

2069 2530 2230 2584 neque
2269 2512 2340 2566 ad
2380 2512 2562 2566 horam
2611 2511 2842 2566 cessisti;
2877 2510 3200 2580 anbjectione
3236 2511 3280 2540 ⁷³
3323 2527 3454 2580 erga
3501 2509 3648 2564 illos.

2067 2605 2223 2658 Pauli
2250 2605 2396 2658 enim
2423 2604 2558 2658 estis
2587 2604 2734 2658 cives
2758 2614 2812 2658 et
2832 2603 3126 2672 discipuli;
3167 2604 3262 2672 qui
3299 2603 3363 2655 ab
3400 2600 3654 2655 Hieroso-

2067 2696 2224 2766 lymis
2253 2712 2346 2765 per
2371 2696 2659 2748 circuitum
2690 2711 2851 2764 usque
2875 2695 2943 2746 ad
2972 2692 3001 2746 1
3007 2695 3024 2746 ι
3034 2694 3258 2764 lyricum
3283 2692 3640 2761 evangelicum

2069 2786 2293 2855 explevit
2319 2785 2753 2854 prccdicationcm
2779 2785 2847 2850 ⁷³,
2871 2793 2922 2837 et
2955 2783 3210 2854 stigmata
3239 2783 3442 2838 Christi
3463 2783 3514 2836 in
3533 2800 3654 2836 car-

2069 2891 2134 2928 ne
2167 2890 2265 2927 sua
2293 2873 2622 2927 circumtulit
2647 2874 2716 2929 ⁷⁵.

443 2967 539 3019 lll.
563 2961 637 3020 Οὗ
678 2967 1037 3038 μεμνημένοι,
1055 2969 1274 3031 πάντως
1303 2967 1600 3036 γινώσκετε
1621 2967 1963 3040 ὃτιἸησοῦςό

2138 2967 2229 3019 Ill.
2261 2965 2434 3035 Cujus
2465 2980 2756 3027 memores.
2805 2979 3036 3034 prorsus
3105 2965 3438 3035 cognoscitis
3505 2967 3649 3036 quod

372 3057 642 3130 Κύριος’⁵
665 3058 738 3128 (6)
767 3057 984 3128 ἀληθῶς
1007 3058 1271 3130 ἐγεννήθη
1303 3061 1368 3112 ὲκ
1394 3058 1635 3129 Μαρίας,
1664 3059 1958 3130 γενόμενος

442 3222 489 3292 ff
519 3221 593 3292 al.
625 3219 781 3274 ἀλλά.
853 3221 899 3292 δξ
927 3221 999 3275 al.
1033 3219 1340 3291 ὲμφωλεύει
1375 3222 1454 3284 ὃς.
1530 3224 1575 3254 ⁵9
1612 3223 1695 3274 Ad
1723 3223 1937 3292 Smyrn.

373 3292 419 3363 ‘f
442 3290 653 3346 Habac.
679 3309 738 3355 ιι,
763 3292 826 3356 4;
860 3291 980 3346 Gal.
1013 3290 1095 3363 ιιι,
1297 3292 1343 3322 ³⁸
1371 3293 1439 3363 al.
1467 3293 1824 3363 ὁμοτρόπους.

372 3361 418 3392 ⁸³⁸
447 3363 522 3415 al.
559 3363 879 3432 ἐγήγερται.
959 3363 1002 3393 ‘9
1025 3362 1095 3414 al.
1124 3361 1236 3430 βίον

2037 3225 2082 3255 ⁸ο
2119 3223 2240 3278 Art.
2275 3240 2368 3286 xx.
2399 3223 2492 3280 24.

1933 3294 1977 3325 ⁸⁵
2008 3292 2152 3348 Psal.
2185 3309 2354 3358 van,
2392 3293 2442 3348 7.

1272 3362 1533 3431 μετιέναι.
1613 3365 1656 3394 ⁷⁰
1679 3364 1750 3416 al.
1785 3363 1991 3416 τοῦτον.

2063 3056 2224 3114 Jesus
2251 3058 2518 3115 Dominus
2546 3073 2674 3114 vere
2709 3067 2873 3113 natus
2900 3066 2985 3114 est
3025 3073 3093 3112 ex
3138 3057 3330 3124 Maria,
3368 3058 3548 3114 factus
3583 3061 3650 3113 de

2589 3224 2630 3253 ⁶¹
2665 3225 2735 3276 al.
2766 3225 3008 3293 ἀγαπᾷν.

2548 3295 2593 3324 ⁸⁸
2616 3295 2702 3364 al.)
2719 3293 3002 3364 ἐγεννήθη.

2068 3366 2111 3396 τι
2151 3363 2335 3418 Const.
2392 3380 2478 3432 ap.
2511 3379 2598 3429 vl,
2647 3363 2737 3416 26.
2816 3365 2861 3395 ⁷³
2900 3363 3023 3419 Gal.
3071 3378 3144 3430 ιι,
3187 3363 3242 3416 5.

3109 3225 3154 3254 ⁸·
3183 3224 3205 3275 Ι
3239 3222 3367 3274 Cor.
3406 3237 3516 3282 χιι,
3555 3221 3644 3275 t3.

3105 3292 3148 3324 ⁸⁷
3178 3292 3249 3345 al.
3304 3291 3643 3362 ἐσταυρώθη.

3318 3362 3362 3392 ⁷³
3397 3363 3516 3416 Act.
3553 3379 3604 3416 Ix
3629 3405 3646 3429 ,

370 3447 463 3485 xxt
496 3440 556 3486 et
586 3429 746 3498 χιιιιξ
783 3429 943 3488 Rom.
969 3447 1059 3497 xv,
1093 3429 1182 3488 l9.
1257 3429 1306 3463 ⁷⁸
1333 3431 1452 3486 Gal.
1480 3449 1558 3497 νι,
1589 3432 1677 3487 17.
1751 3434 1796 3465 ⁷⁸
1821 3434 1894 3489 al.
1915 3435 2172 3506 Χριστός.

446 3550 564 3620 (88)
596 3551 764 3604 Ἀλλ’
792 3551 932 3603 ὑπό.
958 3549 1169 3611 Medie.,
1190 3551 1289 3603 ὑπὸ
1313 3551 1391 3605 δέ.
1424 3552 1624 3606 USSER.

443 3621 1154 3692 (89)]Αιθθρωπομόρφων.
1185 3641 1202 3670 ι
1242 3622 1383 3686 Quid
1411 3623 1554 3692 enim
1593 3623 1822 3692 interest
1865 3629 1960 3692 (ait

372 3688 628 3758 in'Offic.
672 3691 706 3742 I.
745 3705 802 3742 ιιι
849 3689 1067 3759 Cicero)
1113 3700 1293 3745 utrum
1341 3706 1407 3744 ex
1455 3691 1676 3745 homine
1716 3709 1776 3746 se
1819 3688 1959 3748 con«

373 3770 557 3814 vertat
590 3760 717 3828 quis
767 3761 820 3812 in
861 3760 1096 3815 belluam
1121 3801 1134 3822 ,
1168 3777 1236 3813 an
1266 3763 1320 3830 in
1360 3761 1531 3830 ﬁgura
1564 3762 1801 3816 hominis
1850 3762 1959 3817 im-

374 3831 695 3902 manitatem
741 3839 896 3902 gerat
941 3831 1166 3902 bellum?
1207 3850 1225 3881 ι
1262 3829 1338 3884 De
1373 3829 1582 3902 θηρίοις
1615 3830 1958 3901 ἀνθρωποει-

370 3899 522 3960 δέσι,
578 3900 742 3953 etiam
790 3899 844 3952 in
905 3915 942 3952 ιι
993 3899 1458 3954 Clementinarmii
1508 3899 1961 3956 Constitutiounm

372 3969 492 4040 lib"
521 3986 649 4040 _cap.
682 3969 774 4040 2d,
824 3968 966 4040 facta
1011 3972 1279 4040 reperitur
1311 3971 1536 4028 mentio.
1581 3970 1704 4024 Vid.
1751 3982 1865 4027 not.
1898 3975 1956 4028 in

373 4037 550 4107 Epist.
579 4037 648 4094 ad
681 4038 895 4108 Smyrn.
926 4039 996 4095 In.

443 4109 558 4183 (90)
591 4107 974 4183 Ἐμεοωλεύει,
1009 4107 1076 4174 ὃς
1110 4110 1326 4183 νύττει.
1349 4109 1482 4163 Cod.
1519 4110 1791 4183 Mediceus
1819 4132 1830 4167 :
1857 4114 1957 4183 ἐμ-

372 4179 632 4299 φιιιλεύριν
665 4179 935 4241 νύττει,ρι
966 4191 1150 4234 noster
1177 4181 1443 4251 interpres
1471 4199 1484 4234 ι
1515 4200 1532 4233 ‹
1570 4182 1794 4238 latitans
1816 4179 1954 4253 pun-

374 4257 468 4299 tzlt-
502 4268 520 4299 ι
578 4262 629 4299 ιι.

411 4249 468 4304 it.
502 4268 520 4300 ι
558 4249 629 4300 In.

373 4263 751 4388 ῗιῗειῖίιίξιλχ
774 4319 1025 4386 οὐδενὸς
1046 4317 1232 4386 λόγον
1256 4319 1535 4387 ποιοῦμαι
1563 4318 1683 4388 τῶν
1717 4319 1949 4374 δεινῶν.

373 4383 608 4440 eum.
644 4405 740 4446 xx.
764 4389 856 4442 ‘24.
894 4383 1092 4443 Noster
1132 4383 1448 4454 interpres}
1501 4409 1518 4440 ι
1557 4387 1661 4442 Sed
1704 4389 1770 4443 de
1799 4393 1952 4445 nullo

373 4471 682 4512 sermonem
711 4457 849 4512 facio
881 4461 1163 4513 durorum.
1190 4478 1225 4528 ί»
1261 4458 1429 4512 Vetus
1465 4460 1717 4528 vulgatus
1746 4478 1759 4513 :
1791 4478 1810 4510 ι
1843 4459 1947 4514 Sed

375 4527 507 4580 nulli
533 4528 867 4608 uiniquorum
919 4529 1147 4608 istorum
1179 4527 1321 4583 facio
1356 4527 1698 4598 sermonem,
1732 4548 1754 4582 ι
1788 4530 1950 4602 longe

372 4609 400 4647 a
436 4601 727 4664 scriptoris
751 4609 949 4652 mente.
975 4601 1044 4651 in.

443 4667 557 4735 (9‘2)
593 4667 691 4734 Ὡς
721 4667 986 4736 ἀγαπῶν.
1021 4670 1113 4721 Ὢν
1143 4666 1372 4735 ἀγαπῶν
1397 4667 1568 4722 edidit
1607 4667 1903 4724 Mazstraaus
1933 4689 1947 4724 :

372 4748 481 4814 quo
507 4739 670 4790 modo
691 4747 764 4858 let
785 4739 956 4793 codex
992 4738 1266 4792 McdiCeus
1298 4739 1446 4808 legit,
1478 4749 1532 4792 et
1561 4748 1747 4794 noster
1793 4741 1953 4795 vertit

374 4818 655 4858 IlllCl'Dl‘GS.
713 4821 764 4857 Ι).

374 4818 655 4871 mlerpres.
691 4818 764 4858 ID.

442 4875 554 4945 (95)
600 4877 734 4948 ’ξΙνα
750 4877 1009 4948 Χριστὸν
1029 4877 1152 4932 ῑδω.
1185 4879 1469 4948 Anglican.
1510 4895 1528 4928 ι
1565 4875 1752 4934 Jesum
1783 4879 1950 4934 Citri-

373 4953 512 4997 stum
541 4945 741 4999 sciens.
780 4965 798 4998 ι
833 4946 915 5000 ID.

443 5013 552 5087 (9i)
580 5013 841 5082 Σωτῆρα.
873 5016 1008 5070 Cod.
1034 5013 1339 5087 Nydprucc.
1364 5015 1603 5087 Πατέρα.
1638 5018 1770 5072 Iam.

441 5085 553 5156 (ξῷ)
576 5087 1021 5156 Μονοτρόπους.
1045 5085 1120 5156 ld.
1149 5085 1523 5156 ὁμοτρόπους.⁷
1545 5087 1618 5140 In.

437 5153 564 5227 (96)_
576 5158 693 5227 5107;
703 5153 835 5219 ιῖσει
855 5155 1166 5227 ἐγεννήθη,
1183 5153 1278 5227 ita},
1290 5153 1554 5227 omniate
1579 5157 1943 5227 ἐσταυρώθη.

369 5219 822 5301 ῼυι);’1)1υιιίοριιε
862 5219 1141 5301 ε’δοκήσει
1183 5224 1525 5298 ἐσταυρώθη¹
1563 5227 1672 5301 Δκαὶ
1728 5219 1947 5300 δοκήσει

369 5292 660 5365 ᾁπέθανεν,
695 5305 754 5347 ιιι
789 5303 842 5347 et
883 5292 1068 5350 noster
1095 5292 1400 5365 interpres:
1431 5315 1449 5345 ι
1489 5292 1748 5365 opinione
1774 5292 1948 5354 cruci-

370 5363 504 5434 ﬁxus
541 5373 645 5434 est,
673 5373 727 5434 et
747 5365 1004 5434 opinione
1027 5363 1277 5422 mortuus
1301 5376 1400 5420 est.
1442 5385 1461 5416 ι
1500 5363 1576 5417 In.

375 5433 543 5553 mw]?
587 5433 649 5486 '0
679 5433 797 5487 ἐπι
811 5433 1054 5489 πάντων
1084 5439 1246 5503 Θεός.
1279 5435 1403 5490 Vid.
1432 5435 1941 5509 Prolegomen.eap.

403 5516 450 5553 Z.
479 5516 555 5553 ll'.

433 5571 543 5641 (98)
579 5572 708 5649 ’ξοτι
736 5574 775 5642 ἡ
805 5574 961 5642 σὰρξ
988 5575 1138 5642 αὕτη
1172 5576 1285 5649 οὐξι
1316 5575 1622 5649 ἐγείρεται.
1639 5574 1772 5631 Cod.
1805 5574 1945 5649 Nyd-

369 5644 904 5732 ριίιρρ..εγή¹γενρται,
1003 5655 1158 5726 vetus
1178 5644 1426 5732 vulgatus
1453 5647 1749 5729 interpres:
1771 5665 1790 5698 ι
1813 5644 1940 5732 qnuia

369 5723 492 5764 caro
521 5713 644 5779 ejus
672 5713 892 5782 (αὑτοῦ,
926 5713 1130 5769 Christi
1156 5717 1262 5783 sc.)
1287 5731 1392 5769 non
1420 5713 1733 5772 resurrexit.
1771 5738 1785 5770 I
1830 5713 1938 5773 sed

370 5794 431 5831 ex
472 5784 853 5861 sequentibus
880 5793 1124 5861 constat,
1161 5785 1427 5861 da_mnari_
1457 5789 1547 5843 hic
1579 5803 1693 5856 eos,
1727 5789 1820 5861 qui
1854 5805 1939 5845 rc-

372 5853 772 5909 surrectionem
806 5854 1055 5912 absolute
1085 5856 1376 5926 negabant.
1411 5856 1482 5910 In.

2141 3552 2252 3624 (99)
2285 3553 2784 3624 ’Λςτολαυστικόιπ
2818 3551 2939 3624 vet.
2970 3552 3180 3624 vulgat.
3229 3571 3247 3602 ι
3281 3550 3585 3624 l'ruibilem,
3621 3574 3640 3605 ι

2109 3621 2170 3676 ro
2203 3640 2314 3692 quo
2340 3622 2576 3677 Jacobus
2600 3621 2776 3676 Faber
2805 3623 3110 3687 substituit,
3135 3641 3153 3673 ι
3185 3622 3639 3678 ιενιιιίιιιιίιίίωιι.»

2060 3705 2215 3885 113-0)
2242 3760 2540 3816 Μετιέναι.
2572 3761 2710 3816 Cod.
2748 3759 3026 3816 Mediceus
3058 3779 3070 3815 :
3116 3759 3216 3832 ζῇν
3247 3759 3340 3814 καὶ
3376 3763 3639 3833 μετιέναι.

2086 3845 2116 3881 D

2060 3871 2213 4025 ἐν’(ἳ)
2250 3901 2450 3956 Τοῦτο.
2479 3899 2614 3956 Cod.
2645 3898 2956 3970 Nydprucc.
2992 3909 3047 3956 et
3069 3899 3371 3958 Florentin.
3433 3900 3640 3957 τοῦτον.

2083 3989 2138 4025 a.

2083 3989 2112 4025 ἔ)

2131 4041 2208 4107 (5)
2246 4040 2556 4112 Τοσᾳᾶτων
2598 4038 2798 4092 κακῶν
2827 4040 3027 4112 Ῠὲσμὸς
3059 4039 3487 4112 εἰσεκώμασεν.
3523 4043 3638 4098 An-

2061 4111 2261 4177 glican.
2311 4129 2329 4160 ι
2371 4109 2670 4163 Tantorum
2732 4111 3001 4163 malorum
3060 4109 3351 4167 multitudo
3399 4130 3494 4168 eos
3552 4115 3638 4167 in-

2058 4181 2306 4234 ebriavit.
2346 4199 2363 4230 ι
2405 4178 2524 4234 Ver.
2549 4182 2752 4249 vulgat.
2785 4200 2801 4230 ι
2839 4179 2940 4246 Qui
2965 4181 3179 4247 quidem
3211 4182 3317 4237 illis
3339 4185 3635 4240 multorun.

2060 4266 2222 4321 agger
2258 4251 2568 4321 cumulatus
2589 4261 2732 4321 est,»
2747 4266 2843 4318 pro
2871 4267 2980 4319 quo
3009 4250 3245 4308 Jacobus
3298 4253 3469 4308 Faber
3514 4256 3633 4310 edi-

2059 4318 2182 4374 dit':
2216 4338 2234 4369 ι
2271 4318 2482 4386 Quibus
2507 4320 2726 4391 quidem
2753 4318 3046 4391 multorum
3077 4323 3346 4377 malorum
3381 4339 3508 4391 ager
3539 4342 3638 4380 cu-

2061 4391 2299 4444 mulatus
2327 4398 2433 4444 est.
2498 4388 2539 4441 ιή
2607 4388 2866 4445 More-lius
2895 4408 2907 4444 :
2933 4411 2951 4441 ι
2991 4389 3093 4444 Tot
3114 4393 3382 4447 malorum
3401 4388 3631 4450 examen

2057 4460 2430 4528 petulantibus
2489 4461 2707 4527 irrupit.
2748 4479 2766 4510 ι
2818 4460 3137 4516 Brunnerus
3191 4480 3204 4515 :
3258 4481 3277 4514 ι
3329 4463 3638 4520 Tantumne

2058 4545 2272 4602 gregem
2300 4531 2566 4602 nudorum
2604 4537 2712 4582 tan:
2759 4531 3065 4598 petulanter
3096 4531 3391 4602 irrupisse!
3429 4554 3448 4586 ι
3478 4534 3635 4590 Vair-

2057 4599 2275 4675 lenius_:
2315 4619 2332 4650 ι
2367 4599 2666 4675 Tantorum
2696 4602 2962 4675 malorum
2992 4617 3183 4668 agmen
3216 4599 3559 4675 impudenter
3574 4623 3634 4661 se

2055 4669 2302 4744 ingessit.
2339 4689 2356 4720 ι
2388 4669 2724 4744 Maestra'qu
2756 4687 2776 4721 (
2811 4669 3111 4744 Tantorum
3144 4669 3414 4728 malorum
3438 4690 3632 4744 agmen

2054 4754 2112 4792 se
2144 4740 2466 4809 (petulanter
2511 4740 2756 4806 ingessit.
2795 4759 2811 4790 ι
2849 4741 3128 4809 Siquidem
3175 4745 3398 4797 verbum
3432 4740 3630 4798 εἴσκω-

2055 4807 2247 4878 μάζειν
2275 4809 2494 4878 (inquil)
2529 4824 2636 4878 quo
2660 4819 2852 4864 auctor
2879 4807 3068 4876 utitur,
3111 4829 3130 4861 ι
3177 4811 3458 4878 lascivire,
3503 4815 3632 4869 bac-

2051 4879 2203 4952 chari
2235 4890 2288 4934 et
2323 4879 2838 4952 protei'via,_qualis
2869 4889 2954 4935 est
2986 4885 3436 4950 comessantium,
3468 4885 3568 4952 uti,
3605 4905 3626 4937 ι

2052 4947 2253 5002 Budazo
2288 4947 2444 5015 teste,
2482 4947 2770 5048 signiﬁcat.
2805 4949 2876 5001 In.

2122 5017 2195 5048 ΙΙ)
2242 5019 2396 5048 Ληνηθιὶ
2441 5035 2584 5048 ..η-..η
2625 5015 2783 5048 ,Ἄρηα
2845 5036 2870 5048 ι-

2121 5017 2196 5090 (4)
2225 5015 2584 5092 ῌΟὺδὲ-πρὸς
2624 5015 2783 5092 ᾤραν
2840 5018 3040 5084 εἴξατε
3093 5018 3168 5088 τῇ
3212 5021 3485 5092 ὑποταγῇ
3529 5027 3630 5078 αὺ-

2047 5085 2186 5140 τῶδε
2217 5088 2294 5160 Ex
2324 5085 2502 5144 Galat.
2533 5103 2591 5152 ιι,
2613 5087 2786 5160 A5.Alta
2817 5097 2871 5160 et
2911 5102 3097 5145 noster
3129 5085 3485 5160 interpresi'i
3522 5093 3628 5149 Ne-

2047 5173 2153 5230 que
2184 5158 2250 5211 ad
2286 5160 2474 5230 horam
2505 5157 2736 5230 veniatis
2757 5159 2860 5213 sub
2887 5157 3285 5230 sulqectioneni
3309 5162 3572 5230 ipsorum,
3602 5185 3620 5216 ι

2040 5227 2142 5280 ubi
2176 5238 2329 5283 vetus
2354 5229 2607 5298 vulgatus
2639 5229 2800 5282 habet
2832 5247 2844 5282 :
2883 5249 2901 5280 ι
2949 5229 3054 5284 Sed
3086 5247 3181 5286 vos
3228 5227 3341 5285 non
3376 5234 3624 5287 intenda-

2046 5298 2132 5371 t_is_
2147 5312 2335 5352 eorum
2370 5317 2388 5349 ι
2431 5299 2558 5368 (hoc
2600 5299 2743 5371 enim
2777 5299 2953 5354 solum
2992 5303 3042 5353 in
3073 5301 3362 5356 Baliolensi
3391 5312 3446 5355 et
3476 5302 3624 5371 Mag-

2045 5365 2327 5438 dalenensi
2360 5365 2464 5422 ms.
2491 5368 2882 5438 reperio)._vel,
2917 5388 2936 5420 ι
2981 5372 3282 5428 mendaciis
3327 5389 3519 5428 eorum
3542 5365 3618 5437 ,⁷)

2045 5446 2104 5490 ιιι
2129 5437 2218 5489 alii
2253 5439 2451 5492 habent
2479 5436 2717 5492 codices.
2743 5436 2818 5491 lo.

2119 5507 2196 5576 (5)
2239 5511 2487 5563 Παύλου
2525 5507 2638 5576 τὰρ
2677 5509 2821 5562 ἐστε
2862 5511 3118 5567 πολῖται.
3163 5532 3182 5564 ι
3232 5513 3557 5568 Tarsensem
3597 5529 3616 5565 ι

2043 5577 2186 5649 enim
2219 5577 2392 5634 fuisse
2419 5578 2669 5649 Paulum,
2691 5594 2764 5649 εξ
2789 5579 2908 5634 Act.
2941 5600 3017 5647 ιιι,
3045 5585 3131 5642 ll,
3158 5584 3249 5649 21,
3275 5583 3364 5643 56,
3398 5591 3451 5634 et
3483 5599 3620 5648 nn,

2044 5647 2110 5721 ᾇ,
2169 5658 2508 5721 notnm_est.
2557 5646 2676 5702 Vid.
2724 5646 3010 5720 Epiphan.
3041 5646 3261 5708 Advers.
3316 5646 3618 5721 Ebiomcos,

2043 5715 2238 5772 literas.
2266 5719 2354 5772 50.
2377 5719 2450 5772 lo.

2115 5789 2191 5858 (6)
2233 5788 2294 5842 '0
2308 5791 2542 5863 Κύριος.
2560 5787 2637 5844 lta
2652 5789 2788 5845 Cod.
2813 5789 3145 5863 Nydprnec.,
3168 5793 3492 5850 Florentin..
3510 5793 3619 5848 Me-

2043 5859 2230 5916 diceus
2248 5869 2302 5915 et
2317 5869 2504 5917 noster
2521 5862 2808 5934 interpres.
2827 5859 3129 5934 Kugustau.
3147 5868 3175 5918 ὁ
3189 5867 3231 5918 Χ
3243 5868 3443 5937 ριστός.
3481 5863 3560 5918 ιυ.
