4076 6392
436 334 537 392 891

1174 333 1268 391 AD
1295 331 1674 390 EPISTULAS
1714 333 1772 389 S.
1804 331 2065 391 lGNATll
2098 332 2452 391 GENUINAS
2479 331 2840 390 APPENDIX.

3595 333 3702 395 893

437 453 666 508 muliere
699 467 804 508 :ac
832 467 1021 508 revera
1062 453 1364 510 cruciﬁxus
1397 461 1502 509 est.
1549 452 1682 508 Mihi
1710 455 1890 521 enim,
1931 456 2012 508 in-

2119 455 2186 509 ὲκ
2229 455 2513 523 γυναικός·
2559 455 2654 507 καὶ
2690 452 2916 524 ἀληθείᾳ
2957 452 3297 524 ἐσταυρώθη.
3345 451 3508 522 Ἐμοὶ
3550 452 3699 523 γὰρ,

434 546 576 616 quit,
609 545 746 599 absit
770 546 1014 616 gloriari,
1046 547 1148 600 nisi
1171 548 1228 600 in
1252 563 1406 600 cruce
1443 547 1659 601 Domini
1692 545 1822 602 Iesu
1846 549 1916 602 τ’.
1953 547 2018 602 Ει

434 652 564 693 vere
598 653 794 706 passus
833 646 938 700 est,
977 646 1032 692 et
1066 647 1319 693 mortuus
1347 647 1464 706 est,
1507 653 1574 694 ac
1602 640 1922 695 resurrexit.
1957 639 2019 694 Si

433 728 704 800 passibilis
732 729 899 791 enim,
935 729 1132 798 inquit,
1157 728 1434 796 Christus,
1461 731 1509 784 si
1538 732 1743 800 primus
1776 747 1842 786 ea:
1871 748 2018 785 mor-

437 827 650 874 tuorum
682 823 1063 876 resurrectione
1085 823 1152 874 ττ.
1183 820 1286 877 Et:
1316 820 1468 887 Quod
1499 832 1737 877 mortuus
1769 835 1872 888 est,
1901 839 2020 892 pec-

436 919 556 965 cato
611 922 852 966 mortuus
896 923 975 967 est
1024 913 1218 977 semel;
1267 915 1408 984 quod
1462 925 1642 969 autem
1686 917 1842 979 vivit,
1892 918 2018 971 vivit

437 1001 548 1056 Deo
569 1003 636 1055 "'.
683 1001 816 1068 Quae
859 1018 1095 1074 namque
1133 1003 1476 1058 vinculorum
1529 1005 1756 1071 utilitas,
1800 1006 2018 1062 Christo

438 1111 546 1150 non
587 1095 849 1150 mortuo?
876 1111 999 1165 qua:
1032 1095 1244 1149 utilitas
1279 1096 1623 1150 tolerantia)?
1650 1113 1773 1166 qua:
1816 1099 2020 1154 utilitas

439 1187 778 1257 ﬂagrorum?
821 1185 935 1241 Cur
961 1187 1200 1252 tandem,
1237 1186 1432 1242 Petrus
1472 1188 1692 1258 quidem
1723 1190 2020 1245 crucifixus

437 1288 552 1346 est;
573 1277 773 1335 Paulus
790 1294 919 1333 vero
935 1291 986 1332 et
1013 1279 1252 1334 Jacobus
1279 1280 1459 1350 gladio
1492 1283 1722 1335 truncati
1739 1283 1825 1334 ll°?
1853 1281 2022 1336 Joan-

440 1388 540 1428 nes
569 1381 754 1426 autem
809 1373 860 1426 in
916 1371 1108 1426 Patmo
1160 1373 1432 1442 relegatus
1481 1383 1564 1428 est
1591 1373 1676 1439 8';
1713 1375 2022 1444 Stephanus

440 1471 622 1518 autem
657 1465 930 1533 lapidibus
959 1466 1319 1534 interemptus
1352 1465 1455 1519 fuit
1479 1481 1508 1517 a
1543 1464 1766 1530 ludatis,
1797 1467 1889 1535 qui
1917 1465 2021 1520 Do-

441 1552 652 1606 minum
704 1555 1092 1608 trucidarunt?
1149 1553 1353 1608 Verum
1398 1556 1535 1609 nihil
1582 1557 1778 1610 borum
1820 1567 2022 1613 temere

361 1635 378 1654 '
441 1643 648 1699 factum
679 1645 744 1701 ”.
778 1645 986 1701 Revera
1017 1646 1164 1701 enim
1190 1648 1261 1700 ab
1285 1648 1468 1716 impiis
1492 1649 1786 1704 cruciﬁxus
1810 1658 1893 1704 est
1922 1649 2023 1705 Do-

442 1751 646 1791 minus.

2119 546 2274 617 φησι,
2299 545 2386 615 μὴ
2408 545 2637 614 γένοιτο
2659 543 3016 613 καυχᾶσθαι,
3039 545 3091 597 εὶ
3111 542 3198 613 μὴ
3238 544 3308 596 ἐν
3336 542 3415 608 τῷ
3461 543 3701 612 σταυρῷ

2118 637 2226 691 τοῦ
2263 637 2486 705 Κυρίου
2534 637 2641 691 τοῦ
2685 637 2908 704 Ἰησοῦ.
2962 637 3072 689 Kal
3115 634 3345 706 ἀληθείᾳ.
3378 634 3570 699 ἔπαθε,
3605 634 3701 688 καὶ

2119 728 2381 792 ἀπέθανε,
2430 729 2527 782 καὶ
2575 727 2796 797 ἀνέστη.
2847 730 2917 781 El
2961 727 3222 794 παθητὸς
3263 727 3391 797 γὰρ,
3437 727 3631 796 φησιν,
3665 729 3702 781 d

2119 822 2396 890 Χριστὸς,
2426 824 2480 875 ei
2504 820 2736 889 πρῶτος
2771 819 2840 884 ἐξ
2868 817 3259 884 ἀναστάσεως
3285 817 3531 886 νεκρῶν.
3556 816 3696 870 Καί·

2124 917 2186 968 Ὃ
2213 915 2494 978 ἀπέθανε,
2541 912 2616 981 τῇ
2645 912 2899 982 ἁμαρτίᾳ
2927 911 3224 964 ἀπέθανεν
3262 908 3500 978 ἐφάπαξ
3517 927 3530 939 ·
3571 908 3602 961 6
3631 907 3699 960 δὲ

2117 1005 2204 1076 ζῇ,
2236 1008 2318 1073 τῷ
2348 1006 2470 1073 Θεῷ
2491 1006 2579 1075 ζῇ.
2598 1007 2754 1059 Ἐπεὶ
2784 1005 2866 1068 τίς
2900 1004 3059 1076 χρεία
3081 1002 3294 1073 δεσμῶν
3335 1001 3430 1073 (7),
3460 999 3698 1073 Χριστοῦ

2121 1099 2196 1170 μὴ
2242 1099 2590 1162 ὲπιθανόντος
2617 1098 2696 1163 ⁷⁹;
2758 1097 2842 1160 τίς
2885 1095 3042 1167 χρεία
3069 1094 3374 1166 ὑπομονῆς;
3416 1093 3498 1156 τίς
3541 1091 3702 1165 χρεία

2123 1189 2436 1262 μαστίγων;
2466 1190 2530 1241 Τί
2567 1189 2790 1260 δήποτε,
2821 1187 3026 1258 Πέτρος
3058 1186 3156 1256 μὲν
3185 1184 3529 1257 ὲσταυροῦτο·
3557 1183 3702 1237 Παῦ-

2118 1281 2210 1345 λος
2251 1282 2308 1334 δὲ
2331 1282 2425 1335 καὶ
2457 1280 2714 1342 Ἰάκωϐος
2747 1279 2991 1350 μαχαίρᾳ
3023 1278 3325 1348 ὲτέμνοντο·
3362 1277 3610 1346 Ἰωάννης
3643 1275 3701 1328 δὲ

2121 1372 2485 1441 ἐφυγαδεύετο
2530 1374 2590 1425 ἐν
2642 1371 2871 1441 Πάτμῳ·
2906 1369 3174 1438 Στέφανος
3202 1369 3258 1421 δὲ
3295 1370 3353 1420 ὲν
3382 1367 3549 1431 λίθοις
3579 1369 3702 1437 ἀνη-

2124 1467 2267 1534 ρεῖτο
2299 1465 2452 1536 παρὰ
2479 1465 2524 1498 ⁸²
2574 1463 2680 1516 τῶν
2713 1463 3079 1534 κυριοκτόνων
3113 1460 3386 1514 Ἰουδαίων
3432 1460 3545 1529 (8);
3583 1459 3700 1512 ἀλλ’

2120 1559 2274 1612 οὐδὲν
2322 1557 2530 1610 τούτων
2575 1556 2697 1627 εἱκῆ
2741 1555 2838 1625 (9).
2874 1553 3126 1625 Ἀληθείᾳ
3167 1553 3274 1626 γὰρ
3321 1551 3638 1624 ἐσταυρώθη
3672 1553 3703 1605 6

2119 1651 2327 1724 Κύριος
2347 1650 2452 1704 ὑπὸ
2472 1649 2579 1702 τῶν
2607 1646 2904 1702 δυσσεϐὦν.

515 1825 602 1881 ιν.
648 1827 712 1884 Et
749 1830 893 1898 quod
943 1831 1031 1886 hic
1073 1831 1189 1900 ipse
1223 1831 1315 1894 qui
1355 1847 1420 1885 ex
1453 1831 1682 1887 muliere
1712 1841 1873 1887 natus
1898 1839 2017 1896 est,

2193 1825 2282 1880 IV.
2312 1826 2424 1880 Kal
2459 1826 2542 1879 ὅτι
2565 1817 3180 1894 οὗτοςὸγεννηθεὶςμο)
3200 1823 3264 1876 ὲκ
3277 1820 3554 1889 γυναικὸς,
3572 1819 3702 1884 Υἱός

439 1919 611 1976 Filius
639 1930 724 1977 est
765 1921 857 1977 Dei
889 1942 902 1977 :
933 1933 986 1978 et
1017 1923 1110 1993 qui
1142 1925 1443 1979 cruciﬁxus
1474 1933 1558 1980 est
1579 1966 1594 1990 ,
1622 1925 2020 1995 primogenitus

439 2022 524 2068 est
557 2013 740 2069 omnis
773 2024 1074 2080 creaturae,
1103 2031 1168 2070 ac
1211 2015 1353 2071 Deus
1385 2015 1624 2070 Verbum
1659 2026 1751 2072 :et
1779 2017 1895 2085 ipse
1936 2017 2019 2072 fe-

439 2105 515 2160 cit
535 2106 740 2161 omnia.
770 2105 910 2161 Dicit
933 2109 1078 2162 enim
1109 2109 1446 2178 Apostolus:
1483 2109 1631 2164 Unus
1667 2109 1806 2164 Deus
1836 2108 2016 2176 Pater,

437 2211 503 2250 ea:
529 2211 631 2266 quo
662 2197 878 2259 omnia;
913 2214 1046 2251 unus
1094 2197 1352 2253 Dominus
1394 2199 1551 2253 Iesus
1593 2200 1839 2254 Christus
1865 2240 1878 2262 ,
1929 2215 2021 2268 per

436 2303 587 2358 quem
621 2289 800 2342 omnia
825 2287 890 2344 ⁸⁸.
920 2271 987 2343 Εἰ
1010 2290 1208 2345 iterum
1240 2311 1250 2344 :
1283 2290 1430 2345 Unus
1461 2294 1602 2346 enim
1632 2293 1856 2356 Deus,et
1881 2309 2018 2347 unus

437 2382 702 2436 mediator
748 2380 847 2435 Dei
891 2391 942 2436 et
970 2384 1263 2448 hominum,
1297 2385 1451 2437 homo
1475 2383 1632 2438 Iesus
1660 2383 1903 2439 Christus
1928 2386 1974 2417 ⁸³
2001 2405 2014 2439 :

435 2473 570 2526 etin
607 2474 720 2543 ipso
756 2474 971 2527 condita
999 2485 1121 2528 sunt
1147 2475 1388 2528 universa
1425 2476 1476 2528 iu
1512 2475 1641 2529 caelo
1677 2485 1727 2529 et
1767 2477 1821 2529 in
1851 2486 2015 2542 terra,

437 2565 668 2620 visibilia
696 2576 746 2620 et
776 2565 1105 2620 invisibilia:
1131 2575 1180 2620 et
1207 2567 1319 2637 ipse
1345 2575 1424 2621 est
1449 2577 1570 2622 ante
1603 2584 1799 2635 omnes,
1831 2577 1881 2621 et
1904 2585 2018 2621 om-

438 2657 530 2713 nia
560 2659 617 2712 in
643 2659 755 2721 ipso
778 2667 1023 2714 constant
1048 2657 1118 2712 “.

510 2823 570 2880 ν.
609 2823 676 2880 Ει
705 2827 851 2896 quod
898 2829 1015 2898 ipse
1062 2845 1172 2885 non
1219 2839 1303 2886 est
1343 2845 1510 2902 super
1554 2834 1740 2888 omnia
1786 2835 1930 2891 Deus
1958 2845 2014 2894 et

433 2915 614 2984 Pater,
639 2919 733 2974 sed
770 2919 942 2975 Filius
973 2922 1168 2991 ipsius,
1195 2923 1365 2980 dicit:
1397 2925 1638 2979 Ascendo
1677 2927 1747 2980 ad
1795 2926 2012 2984 Patrem

435 3026 606 3066 meum
629 3023 678 3066 et
708 3012 923 3067 Patrem
949 3025 1210 3082 vestrum,-
1244 3016 1408 3071 Deum
1436 3034 1609 3072 meum
1644 3030 1694 3074 et
1724 3020 1890 3074 Deum
1923 3037 2010 3076 ve-

431 3113 606 3161 strum
635 3105 701 3158 ⁸⁷.
748 3103 881 3159 ltem
921 3125 935 3161 :
970 3106 1103 3160 Cum
1151 3108 1387 3178 subjecta
1435 3110 1636 3178 fuerint
1682 3111 1769 3165 illi
1809 3114 2008 3177 omnia,

434 3203 560 3250 tunc
582 3209 633 3250 et
663 3198 774 3268 ipse
799 3199 1064 3268 subjectus
1087 3202 1186 3253 erit
1209 3203 1282 3263 ei,
1309 3202 1398 3272 qui
1434 3202 1656 3271 subjecit
1703 3205 1750 3258 ei
1802 3207 2007 3271 omnia;

431 3302 489 3340 ut
515 3289 583 3342 sit
621 3289 758 3343 Deus
789 3292 967 3344 omnia
1011 3293 1065 3343 in
1097 3291 1339 3345 omnibus
1360 3293 1426 3346 ὀ.
1469 3292 1610 3365 Ergo
1635 3295 1771 3348 alter
1804 3305 1888 3349 est
1914 3297 2005 3364 qui

431 3380 684 3450 subjecit,
733 3388 788 3434 et
841 3382 934 3451 qui
985 3390 1070 3437 est
1109 3384 1294 3438 omnia
1344 3385 1400 3438 in
1447 3387 1733 3452 omnibus;
1773 3396 1828 3441 et
1873 3388 2013 3442 alter

430 3474 518 3530 cui
557 3473 802 3544 subjecta
833 3483 983 3540 sunt,
1009 3475 1101 3544 qui
1135 3477 1300 3530 etiam
1329 3493 1454 3531 cum
1486 3477 1747 3534 omnibus
1776 3479 2008 3549 subjici-

429 3574 537 3620 tur.

522 3655 606 3713 Vl.
642 3655 746 3710 Sed
788 3671 960 3726 neque
993 3656 1156 3708 homo
1185 3671 1370 3710 merus
1399 3664 1504 3720 est,
1547 3663 1592 3717 is
1626 3669 1720 3722 per
1743 3671 1938 3724 quetn,
1967 3663 2022 3710 et

443 3749 496 3803 in
530 3765 641 3820 quo
670 3749 811 3803 facta
847 3757 972 3802 sunt
1003 3753 1206 3802 omnia.
1234 3747 1424 3821 Omnia
1450 3746 1596 3801 enim
1622 3763 1712 3815 per
1737 3749 1909 3815 ipsum
1925 3749 2021 3816 τα-

441 3852 528 3895 cta
557 3853 681 3895 sunt
710 3842 776 3896 ".
816 3839 1042 3906 Quando
1079 3841 1306 3909 faciebat
1336 3839 1544 3905 caelum,
1575 3837 1795 3890 aderam
1828 3837 1940 3902 illi;
1968 3848 2017 3892 et

2124 1921 2241 1972 ἐστι
2273 1918 2367 1972 τοῦ
2396 1917 2554 1971 Θεοῦο
2585 1918 2680 1971 καὶ
2703 1918 2730 1969 6
2764 1915 3118 1988 σταυρωοεὶς,
3149 1915 3493 1987 πρωτότοκος
3522 1913 3702 1983 πάσης

2121 2011 2373 2074 κτίσεως,
2407 2011 2504 2064 καὶ
2535 2009 2666 2073 Θεὸς
2689 2010 2879 2078 Λόγοςο
2916 2007 3012 2061 καὶ
3040 2007 3201 2070 αὐτὸς
3235 2005 3457 2075 ἐποίησε
3488 2006 3555 2059 τὰ
3575 2005 3704 2058 πάν-

2119 2121 2188 2157 τα
2221 2103 2352 2172 (11).
2390 2101 2550 2170 Λέγει
2593 2106 2700 2173 γὰρ
2730 2101 2761 2156 6
2798 2099 3140 2162 Ἀπόστολοςο
3183 2093 3290 2163 Εἷς
3323 2097 3462 2163 Θεὸς
3505 2101 3538 2150 ό
3581 2099 3690 2149 Ha-

2119 2194 2252 2262 τὴρ,
2283 2195 2353 2257 ἐξ
2381 2190 2452 2249 οὗ
2483 2196 2555 2247 τὰ
2582 2191 2797 2247 πάντω
2826 2191 2922 2245 καὶ
2960 2186 3049 2257 εἷς
3069 2191 3284 2259 Κύριος
3315 2189 3555 2258 Ἰησοῦς
3573 2191 3705 2257 Χριν

2119 2287 2268 2352 στὸς
2296 2285 2444 2357 (12),
2483 2284 2558 2338 δι’
2589 2279 2661 2341 οὗ
2690 2283 2765 2337 τὰ
2804 2282 3019 2336 πάντα.
3064 2283 3176 2335 Kal
3216 2282 3410 2336 πάλινο
3447 2275 3552 2347 Εἷς
3592 2280 3705 2350 γὰρ

2122 2379 2287 2444 Θεὸς,
2336 2377 2435 2430 καὶ
2482 2371 2570 2441 εἷς
2602 2375 2858 2444 μεσίτης
2901 2366 3050 2427 Θεοῦ
3079 2373 3176 2426 καὶ
3205 2371 3550 2440 ἀνθρώπων,
3594 2372 3703 2425 ἆν-

2119 2473 2349 2537 θρωπος
2368 2467 2600 2536 Ἰησοῦς
2637 2466 2908 2534 Χριστός⁹
2940 2464 3037 2520 καὶ
3065 2465 3134 2517 ἐν
3161 2463 3321 2530 αὐτῷ
3351 2465 3594 2532 ἐκτίσθη
3630 2463 3706 2518 τὰ

2118 2560 2316 2616 πάντα
2345 2561 2416 2614 ἑν
2442 2559 2678 2628 οὐρανῷ
2707 2558 2804 2612 καὶ
2831 2558 2930 2610 ἐπὶ
2961 2556 3093 2627 γῆς,
3123 2556 3305 2625 ὁρατὰ
3332 2557 3429 2610 καὶ
3457 2557 3699 2625 ἀόρατα·

2118 2652 2216 2706 καὶ
2244 2652 2427 2717 αὑτός
2454 2651 2586 2704 ἐστι
2609 2651 2721 2718 πρὸ
2753 2649 3016 2713 πάντων,
3048 2649 3146 2703 καὶ
3177 2649 3250 2702 τὰ
3277 2647 3473 2703 πάντα
3497 2649 3568 2703 ἐν
3593 2650 3702 2706 αὐ-

2117 2744 2200 2810 τῷ
2236 2743 2599 2810 συνέστηκε.

2191 2837 2255 2892 ν.
2288 2836 2398 2890 Kal
2429 2837 2511 2889 ὅτι
2540 2835 2640 2888 οὐκ
2677 2834 3007 2904 αὐτόςξὲστιν
3027 2836 3056 2887 6
3083 2834 3176 2887 ἐπὶ
3205 2834 3422 2888 πάντων
3445 2833 3578 2898 Θεὸς
3607 2834 3704 2889 καὶ

2119 2927 2308 2998 Πατὴρ
2360 2927 2470 2995 (15)
2496 2965 2510 2987 ,
2554 2925 2670 2980 ἀλλ’
2708 2925 2834 2989 Υἱὸς
2877 2927 3107 2990 ἐκείνου,
3148 2925 3330 2994 λέγει’
3377 2927 3703 2980 Ἀναϐαίνω

2117 3018 2267 3086 πρὸς
2294 3017 2401 3072 τὸν
2430 3017 2663 3084 Πατέρα
2682 3035 2801 3086 μου
2831 3018 2925 3070 καὶ
2959 3017 3189 3086 Πατέρα
3216 3015 3403 3085 ὑμῶν,
3427 3016 3524 3071 καὶ
3555 3018 3711 3071 Θεόνς

2113 3128 2233 3180 μου
2271 3109 2371 3164 καὶ
2410 3109 2558 3163 Θεὸν
2578 3108 2763 3178 ὑμῶν.
2784 3109 2913 3162 Καί·
2939 3109 3124 3162 Ὅταν
3149 3107 3421 3176 ὑποταγῇ
3451 3107 3610 3173 αὑτῷ
3630 3110 3705 3162 τὰ

2118 3201 2334 3267 πάντα,
2373 3203 2507 3255 τότε
2538 3202 2635 3254 καὶ
2663 3201 2708 3233 ⁸⁸
2744 3199 2927 3265 αὐτὸς
2951 3201 2996 3232 ⁸⁸
3025 3200 3467 3270 ὑποταγήσεται
3489 3200 3597 3271 (14)
3620 3200 3704 3266 τῷ

2122 3294 2485 3359 ὑποτάξαντι
2547 3291 2707 3358 αὐτῷ
2758 3292 2829 3345 τὰ
2875 3291 3089 3356 πάντα,
3149 3294 3249 3345 ἵνα
3294 3288 3338 3364 ᾖ
3373 3296 3406 3347 ὁ
3451 3293 3594 3359 Θεὸς
3629 3297 3708 3364 τὰ

2120 3385 2316 3439 πάντα
2351 3385 2422 3438 ἐν
2449 3381 2660 3439 πᾶσιν.
2703 3381 2915 3436 Οὐκοῦν
2961 3382 3149 3456 ἕτερός
3171 3385 3316 3437 ἐστιν
3345 3385 3372 3436 6
3403 3384 3708 3458 ὑποτάξας..

2119 3477 2215 3531 καὶ
2259 3476 2334 3530 ὢν
2375 3476 2443 3529 τὰ
2477 3476 2655 3528 πάντα
2706 3477 2764 3527 ὲν
2798 3475 2950 3527 πᾶσιο
2999 3475 3094 3528 καὶ
3121 3475 3328 3545 ἔτερος,
3428 3476 3700 3548 ὑπετάγη,

2122 3559 2181 3631 ὃς
2217 3567 2261 3598 ’⁸
2297 3567 2391 3620 καὶ
2413 3565 2549 3636 μετὰ
2574 3565 2790 3618 πάντων
2823 3563 3340 3634 ὑποτάσσεται

2195 3656 2420 3729 ῊηΚαὶ
2451 3655 2573 3710 οὔτε
2605 3655 2759 3725 ψιλὸς
2793 3655 3098 3727 ἄνθρωπος,
3123 3658 3150 3709 ὁ
3175 3656 3241 3709 δι’
3265 3648 3326 3708 οὗ
3349 3655 3486 3726 (16),
3514 3657 3610 3711 καὶ
3637 3657 3702 3711 ὲν

2117 3741 2162 3818 ᾧ
2189 3750 2381 3819 γέγονε
2406 3749 2474 3802 τὰ
2511 3749 2708 3802 πάντα.
2749 3747 2952 3802 Πάντα
2983 3748 3095 3820 γὰρ
3119 3747 3194 3800 δι’
3221 3747 3409 3802 αὐτοῦ
3437 3747 3694 3817 ἐγένετο.

2131 3841 2338 3898 Ἦνίκα
2367 3840 2554 3895 ἐποίει
2585 3839 2695 3913 (17)
2717 3838 2826 3896 τὸν
2848 3839 3131 3908 οὐρανὸν,
3161 3837 3572 3910 συμπαρήμην
3601 3840 3704 3892 αὺ-

511 3977 564 4047 ",
589 3974 710 4031 Gal.
741 3992 819 4042 vt,
845 3976 932 4047 14.
1005 3977 1052 4008 ⁷⁷
1085 3975 1206 4030 Act.
1241 3991 1388 4042 xxw,
1411 3976 1510 4047 23.
1606 3974 1653 4047 7f
1884 3990 1958 4038 vr,
2005 3975 2037 4028 1⁴

2176 3979 2222 4008 ⁷¹³
2253 3978 2321 4030 al.
2359 3978 2740 4047 ἀποθανόντος.
2815 3977 2862 4009 ⁸⁸
2887 3977 3007 4047 Act.
3031 3992 3131 4038 ιιι,
3160 3974 3215 4030 2.
3242 3977 3336 4047 Af:
3364 3977 3532 4046 Apoc.
3572 3993 3609 4044 l,
3644 3980 3704 4047 9.

439 4045 488 4119 ff
518 4046 590 4119 al.
626 4049 793 4119 πρός.
828 4046 874 4077 ⁸⁸
904 4048 941 4100 l.
962 4047 1280 4119 iConst._ap.
1310 4062 1428 4103 vm.
1450 4045 1539 4100 46.
1604 4044 1856 4119 ειμι-μον.
1883 4061 2037 4119 vni,

2173 4048 2220 4078 ⁸⁸
2250 4047 2426 4119 l_Ti_gn.
2464 4045 2601 4119 ιιξὶ.
2678 4049 2724 4078 ⁸⁸
2745 4046 3033 4119 Gol.t,16,
3072 4047 3159 4102 17.
3235 4045 3282 4078 3'
3306 4044 3578 4115 Joan.xx,
3610 4050 3700 4105 17.

439 4115 487 4148 ⁸⁸
519 4117 590 4171 al.
623 4115 710 4170 ἵνα
737 4117 882 4171 τότε.
954 4118 998 4149 ⁸⁸
1022 4119 1092 4172 al.
1119 4115 1280 4180 αὐτὸς
1311 4125 1340 4177 ό
1365 4119 1509 4184 Υιὸς.

513 4252 595 4326 (ῃ
619 4253 722 4326 Τίς
750 4251 1203 4326 χρεία-δεσμῶν.
1238 4251 1470 4308 imitatio
1498 4262 1583 4309 est
1616 4253 1720 4310 loci
1759 4254 2017 4326 Epistola:

439 4321 533 4376 ad’
553 4321 878 4377 Trallianos.
914 4321 1110 4378 Ussen.

513 4414 592 4485 (8)
617 4415 774 4482 Πρὸς
804 4414 923 4468 τῶν
953 4415 1353 4483 κυριοκτόνων
1379 4415 1705 4472 Ἰουδαίων.
1739 4416 1859 4474 Vid.
1889 4417 2018 4472 Pro-

439 4484 714 4555 lcgomen.
745 4502 795 4539 c.
829 4486 915 4540 14.
948 4485 1018 4539 In.

514 4577 794 4650 (9)7311!
827 4577 1009 4631 οὐδὲν
1047 4577 1274 4650 τοὺτων
1317 4578 1469 4650 εἰκῆ.
1521 4579 1828 4650 Anglican;
1851 4601 1869 4634 ι
1903 4581 2010 4636 Sed

439 4647 575 4702 nihil
608 4649 802 4704 horum
837 4665 993 4702 vane.
1031 4668 1049 4699 ι
1087 4646 1203 4701 Vet.
1241 4649 1496 4718 vulgata:
1548 4646 1650 4704 Se'd
1683 4667 1782 4705 nec
1821 4653 1873 4706 in
1912 4654 2012 4706 hoc

437 4718 656 4789 quidem
683 4729 778 4789 est
814 4719 1043 4789 victoria
1064 4759 1080 4786 ,
1124 4737 1143 4770 ι
1179 4733 1243 4772 ac
1271 4720 1314 4774 si
1348 4719 1567 4789 legisset
1601 4738 1615 4775 :
1648 4722 1786 4776 Ἀλλ’
1817 4723 1924 4775 οὐδ’
1955 4723 2013 4776 ὲν

436 4786 612 4859 τούτῳ
639 4788 784 4861 νίκη.
811 4787 885 4842 lu.

508 4879 621 4949 (10)
654 4881 763 4934 Καὶ
803 4879 892 4954 ὅτι
929 4875 1106 4954 οὗτος
1138 4882 1170 4934 ὁ
1196 4882 1523 4954 γεννηθείς.
1555 4882 1865 4954 Anglican;
1899 4902 1918 4936 ι
1947 4883 2013 4939 Ει

435 4946 527 5021 sic
545 4946 734 5021 natus.
760 4970 778 5002 ι
814 4949 986 5021 οὕτως
1014 4946 1217 5020 legens,
1250 4968 1346 5021 pro
1366 4946 1551 5015 οὗτος.
1578 4946 1648 5012 Ιι),

511 5020 622 5091 (11)
660 5024 736 5074 Τὰ
767 5020 982 5074 πάντα.
1007 5021 1130 5074 Post
1163 5020 1377 5091 haece}:
1421 5022 1660 5076 Mcdicco
1691 5022 1877 5077 codice
1916 5023 2012 5077 ad-

433 5088 674 5161 dendum
727 5102 811 5146 est
851 5091 1015 5161 :Ka‘t
1047 5091 1229 5144 πάλιν.
1273 5089 1468 5146 Noster
1489 5108 1707 5160 quoque
1746 5095 2012 5161 interpres

435 5159 599 5215 habet
629 5161 717 5283 bile
748 5181 762 5215 :
798 5180 816 5212 ι
851 5160 917 5216 Ει
950 5177 1167 5225 rursus,
1205 5179 1224 5212 ι
1266 5172 1423 5218 vetus
1449 5159 1700 5231 vulgatus
1733 5181 1747 5218 :
1780 5182 1798 5214 ι
1826 5159 2015 5219 Etite-

435 5245 578 5283 rum.
619 5250 636 5282 ι
695 5243 748 5283 ι).

433 5245 578 5284 rum.
619 5250 636 5282 ι
675 5243 748 5283 ID.

504 5300 616 5371 (12)
640 5302 914 5373 Χριστός.
960 5300 1192 5373 Additur
1243 5301 1296 5373 in
1337 5312 1519 5373 vetere
1564 5303 1783 5373 vulgato
1838 5304 2010 5357 inter-

433 5379 605 5442 prete,
636 5386 701 5426 ex
728 5372 942 5427 Coloss.
983 5387 1022 5435 ι,
1057 5372 1156 5426 15:
1197 5390 1214 5422 ι
1259 5371 1362 5437 Qui
1395 5381 1480 5426 est
1509 5371 1687 5442 imago
1732 5372 1825 5427 Dei
1867 5374 2010 5428 invi-

433 5439 628 5512 sibilis,
656 5443 1054 5512 primogenitus
1093 5443 1362 5512 universa:
1385 5439 1665 5496 creauit-ie.
1710 5443 1850 5512 λιι).

503 5511 611 5581 (15)
651 5511 714 5564 '0
753 5511 859 5567 ἐπί
901 5511 1141 5566 πάντων
1185 5511 1329 5579 Θεὸς
1357 5513 1452 5565 καὶ
1483 5512 1704 5581 Πατήρ.
1737 5511 1793 5568 In
1817 5513 2008 5579 Angli-

431 5593 571 5634 cano
604 5583 898 5649 interprete
929 5581 1045 5643 καί.
1081 5581 1134 5634 in
1185 5581 1376 5637 Graeco
1431 5582 1671 5638 Mediceo
1707 5593 1760 5637 et
1813 5582 2010 5639 Latino

435 5659 614 5706 vetere
653 5653 874 5722 vulgato
910 5653 1002 5706 καὶ
1031 5652 1224 5724 Πατήρ
1267 5652 1556 5709 omittitur.
1593 5652 1710 5707 γῑιι.
1749 5652 2012 5725 Prolego-

435 5733 580 5775 meti.
606 5736 726 5775 cau.
757 5725 844 5775 12.
868 5723 944 5775 In.

398 5750 409 5766 ι
433 5733 580 5775 meti.
606 5736 726 5775 cau.
757 5725 844 5775 12.
868 5725 944 5775 lo.

528 5739 1128 5861 ῗλῗςξτέῗιᾶἴοαύτὸς
1167 5796 1199 5848 ό
1234 5794 1367 5861 Υἱὸς
1406 5793 1865 5866 ὑποταγήσεται.
1898 5793 2008 5852 Mc-

2047 4501 2092 4556 D
2119 4501 2255 4589 Coll:

1597 4115 1640 4149 δ’
1669 4114 1837 4168 lCor.
1873 4115 2077 4180 xv,28.
2151 4119 2193 4152 ⁹¹
2223 4117 2292 4172 al.
2329 4110 2392 4185 ᾧ.
2466 4118 2510 4148 θ’
2537 4116 2695 4172 Joan.
2725 4133 2762 4182 ι,
2797 4117 2850 4174 5.

2121 4254 2308 4308 diccus
2343 4271 2355 4308 :
2393 4253 2480 4306 ἵνα
2512 4253 2633 4306 τότε
2680 4252 2774 4306 καὶ
2812 4252 2975 4316 αὐτὸς
3014 4252 3446 4322 ὑποταγήσεται,
3482 4253 3574 4307 ubi
3611 4255 3710 4312 ἵνα

2123 4322 2456 4394 superﬂuum
2484 4332 2563 4377 est
2587 4342 2600 4376 :
2629 4325 2656 4376 6
2684 4323 2811 4386 Υἱός
2836 4338 2987 4376 vero.
3015 4324 3083 4377 ab
3107 4332 3341 4392 utroque
3376 4332 3556 4378 vetere
3588 4323 3700 4380 La-

2123 4393 2240 4448 tino
2273 4393 2566 4462 interprete
2591 4408 2745 4462 mque
2771 4395 2941 4447 abest.
2964 4394 3038 4445 In.

2192 4465 2325 4585 (15)Ἲ
2347 4461 2451 4528 ’ος
2500 4464 2596 4517 καὶ
2638 4461 2790 4532 μετὰ
2843 4461 3085 4515 πάντων
3133 4461 3561 4518 ὑποτάσσεται.
3617 4467 3714 4530 lta_

2192 4535 2255 4585 »(Ι.
2332 4533 2589 4585 vdnrucc.
2629 4542 2684 4585 et
2716 4531 3026 4585 Mediccus:
3059 4547 3166 4585 non
3191 4527 3236 4585 ὦ
3261 4533 3377 4585 καί.
3416 4543 3476 4585 ιιι
3504 4535 3557 4585 in
3584 4535 3702 4585 Αυ-

2332 4527 2589 4604 ydprucc.
2629 4527 3026 4604 étMediccus:
3059 4547 3166 4585 non
3191 4527 3236 4600 ᾧ
3261 4533 3377 4598 καί,
3416 4543 3476 4588 ιιι
3504 4535 3557 4587 in
3584 4535 3702 4589 Au-

2116 4603 2350 4672 gustauo
2381 4617 2663 4672 perperam
2693 4603 2907 4672 legitur.
2938 4604 3254 4671 Anglicum:
3295 4623 3314 4654 ι
3352 4605 3444 4672 qui
3483 4613 3538 4658 et
3567 4621 3696 4660 cum

2114 4666 2705 4741 omnibussubjicitur.
2739 4666 2773 4722 »⁷
2790 4671 2910 4725 Vet.
2939 4666 3185 4742 vulgatur
3215 4674 3308 4742 qui
3343 4666 3541 4742 etpost
3582 4677 3699 4730 ha-c

2114 4745 2298 4798 omnia
2336 4743 2618 4813 subjectus
2661 4744 2767 4797 erit
2804 4742 2880 4795 illi
2922 4743 3014 4813 qui
3045 4745 3095 4798 ei
3140 4743 3382 4798 subdidit
3426 4745 3632 4798 omnia.
3672 4765 3691 4796 ι

2114 4817 2191 4868 ID.

2212 4883 2296 4952 16)
2332 4877 2593 4936 Ὀδιόὖ.
2629 4877 2710 4946 Ὀ,
2747 4883 2800 4936 in
2832 4883 3153 4952 Auguslano
3190 4884 3381 4938 codice
3426 4883 3693 4949 omissus,

2114 4953 2168 5007 in
2195 4953 2456 5076 Miladiceo,
2492 4953 2806 5008 Florentino
2843 4961 2894 5006 et
2927 4953 3346 5022 Nydprucciano
3377 4964 3523 5008 recte
3553 4954 3690 5024 legi-

2114 5035 2222 5076 tur.
2274 5035 2326 5073 ι).

2112 5035 2222 5079 1111⁵.
2252 5035 2326 5076 ΙΙ).

2187 5095 2297 5174 (17)
2318 5093 2554 5174 ,Ἡνίκίι
2584 5091 3193 5174 enolst.JPrtemittitur
3221 5093 3347 5174 huic
3375 5093 3696 5174 testimonio

2113 5163 2167 5236 i_u
2193 5162 2440 5236 editione
2471 5162 2905 5236 vulgataALatina
2936 5183 3006 5236 ιζ(
3052 5165 3195 5236 sicut
3234 5165 3329 5236 (ita
3356 5164 3500 5218 enim
3531 5165 3697 5236 habet

2113 5233 2438 5304 Baliolensis
2463 5233 2591 5304 ms.)
2616 5243 2674 5304 et
2693 5234 2744 5286 in
2778 5235 2917 5287 libro
2948 5233 3252 5304 Sapientia!
3272 5235 3387 5304 ipse
3416 5236 3484 5287 de
3509 5235 3694 5303 seipse

2113 5303 2300 5366 refert,
2339 5303 2548 5358 dicens.
2577 5302 2600 5355 i
2635 5302 2734 5357 Ubi
2760 5313 2909 5364 nota,
2936 5302 3112 5359 locum
3147 5321 3214 5358 ex
3242 5319 3334 5358 vnt
3371 5302 3696 5358 Proverbia-

2113 5390 2233 5428 rmn
2258 5375 2432 5443 capite
2457 5374 2802 5444 productum,
2835 5375 2888 5428 in
2919 5376 3057 5430 libro
3094 5373 3386 5443 Sapientia:
3413 5384 3692 5444 repertum

2113 5444 2202 5498 hic
2241 5446 2345 5498 dici
2379 5463 2391 5498 :
2424 5446 2499 5498 uti
2532 5444 2694 5498 etiam
2746 5445 2888 5513 apud
2935 5445 3317 5509 Athanasium,
3361 5445 3416 5498 in
3460 5445 3694 5500 decretis

2113 5515 2304 5585 synodi
2343 5513 2590 5585 Nicmnte.
2625 5514 2715 5569 Sic
2743 5515 2866 5568 etin
2902 5514 3688 5585 Constitutionib.apostolicis,

2110 5583 2206 5638 lib.
2237 5602 2274 5648 ι,
2304 5601 2424 5654 cap.
2457 5585 2487 5636 7
2514 5583 2605 5652 (al.
2642 5585 2718 5654 8),
2741 5585 2983 5654 loquitur
3013 5585 3542 5654 pseudo-Clemens:
3571 5584 3694 5638 Μά-

2111 5654 2314 5726 θωμεν,
2344 5657 2492 5726 ἐνῖτῇ
2514 5655 2688 5726 ,Σοφία
2719 5654 2771 5708 τί
2798 5654 2948 5726 λέγει
2975 5658 3004 5708 6
3041 5655 3195 5723 ἅγιος
3220 5655 3406 5724 λόγος.
3444 5673 3462 5706 ι
3502 5655 3691 5726 Disca—

2113 5724 2259 5790 mus,
2298 5727 2351 5779 in
2397 5724 2676 5794 Sapientia
2717 5725 2847 5794 quid
2893 5727 3039 5780 dicat
3062 5733 3287 5794 sanctus
3329 5741 3534 5781 sermo.
3567 5724 3694 5794 [Et

2117 5797 2172 5851 in
2206 5795 2323 5867 ipso
2359 5792 2562 5853 Missali
2611 5792 2856 5852 Romano
2909 5795 3104 5869 (mens.
3133 5793 3267 5871 Jul.)
3313 5803 3549 5856 exstant
3588 5792 3692 5850 Lee
