4076 6400
454 417 558 472 915

1235 414 1325 468 AD
1353 411 1732 469 EPISTOLAS
1768 413 1825 469 S.
1856 414 2114 471 lCNATlI
2140 412 2492 471 GENUINAS
2518 412 2882 468 APPENDIX.

3588 422 3695 477 9l6

454 556 508 601 et
558 542 756 598 fratres
805 554 989 607 meos,
1032 544 1091 591 ut
1130 535 1393 591 uxoribus
1438 535 1553 589 suis
1601 535 1711 589 sint
1755 536 2016 590 contenti.

2123 536 2217 589 καὶ
2268 536 2427 606 μόνον
2466 535 2758 608 ἀρκεῖσθαι
2795 536 2907 597 τοῖς
2951 534 3100 597 ἰδίοις
3144 533 3417 606 ἀνδράσιν.
3464 537 3698 610 Ὁμοίως

460 634 705 706 Virgines
736 647 912 697 serva,
940 631 1082 686 sicut
1110 628 1349 698 pretiosa
1379 625 1584 681 Christi
1617 626 1861 681 monilia.
1887 625 2021 680 Lon-

452 729 677 800 ganimis
707 735 846 788 esto,
874 734 933 779 ut
953 723 1029 779 sis
1058 722 1255 775 multus
1283 721 1337 773 in
1365 719 1646 789 prudentia
1665 720 1727 773 ".
1747 717 2021 788 Pauperes

453 822 562 877 noli
598 820 900 890 negligere,
932 816 987 870 in
1034 814 1192 869 bonis
1221 828 1342 883 qua:
1387 811 1482 867 tibi
1522 820 1834 880 suppetunt.
1867 810 2022 866 Elec-

453 916 680 985 mosynis
714 912 860 969 enim
891 918 940 965 et
966 909 1069 978 ﬁde
1105 916 1401 978 purgantur
1420 914 1636 975 peccata
1666 904 1729 958 ⁸⁸.
1790 981 1795 988 _

523 1174 612 1231 Vl.
644 1174 902 1245 Teipsum
943 1182 1154 1230 castum
1197 1174 1445 1241 custodi,
1483 1184 1543 1229 ut
1575 1172 1778 1228 Christi
1807 1172 2015 1227 habita-

450 1266 666 1333 culum;
719 1265 979 1335 templum
1028 1262 1231 1317 Christi
1272 1279 1332 1319 es
1372 1262 1652 1332 :Spiritus
1701 1277 1759 1317 es
1807 1262 2015 1317 instru-

448 1368 712 1411 mentum.
745 1354 896 1411 Nosti
935 1354 1210 1424 quomodo
1241 1362 1293 1409 te
1335 1352 1711 1409 enutriverim.
1749 1351 1863 1406 Etsi
1908 1351 2013 1405 mi-

448 1450 629 1503 nimus
658 1464 802 1512 sum,
834 1446 1119 1501 azmulator
1149 1446 1255 1499 mei
1291 1454 1441 1510 esto;
1474 1442 1686 1497 imitare
1722 1456 2014 1497 conversa-

447 1541 649 1594 tionem
694 1554 893 1593 meam.
938 1536 1056 1593 Non
1104 1537 1310 1607 glorior
1346 1536 1400 1589 in
1443 1534 1669 1601 mundo,
1698 1536 1790 1589 sed
1819 1534 1872 1588 in
1910 1532 2015 1589 Do-

446 1634 619 1687 mino.
654 1630 920 1686 Heronem
959 1631 1129 1685 tilium
1174 1644 1355 1683 meum
1389 1628 1670 1682 adhortor.
1705 1626 1811 1691 Qui
1835 1636 2012 1680 autem

446 1724 723 1791 gloriatur,
763 1724 819 1776 in
852 1722 1073 1775 Domino
1110 1723 1365 1797 glorietur
1394 1724 1460 1777 ¹¹.
1493 1720 1710 1775 Utinam
1756 1719 1908 1773 fruar
1938 1729 2008 1784 te,

446 1815 519 1868 illi
552 1824 839 1884 exoptate;
871 1828 1029 1882 quem
1061 1812 1332 1867 custodiat
1363 1812 1511 1867 solus
1545 1811 1817 1880 ingenitus
1845 1808 2008 1875 Dens,

2121 628 2351 692 καὶτοῖς
2378 628 2625 696 ἀδελφοῖς
2663 644 2761 698 μου
2794 625 3050 698 παραίνει
3088 626 3376 699 ἀρκεῖσθαι
3421 632 3539 693 ταῖς
3565 634 3699 703 ὁμο-

2121 720 2304 789 ζύγοις
2329 720 2459 787 (26).
2494 719 2803 793 Παρθένους
2833 719 3088 789 φύλαττε,
3125 719 3200 783 ὡς
3232 720 3467 791 Χριστοῦ
3495 726 3694 795 κειμή-

2119 812 2229 866 λια.
2282 814 2673 882 Μακρόθυμος
2720 812 2831 876 ἔσο,
2880 813 2968 865 ἴνα
3013 808 3081 883 ᾖς
3109 812 3302 878 πολὺς
3350 812 3420 865 ἐν
3469 815 3694 883 seponi-

2119 921 2215 958 σει
2253 906 2384 976 (27).
2418 906 2538 960 Τῶν
2568 908 2815 979 πενήτων
2863 905 2937 976 μὴ
2978 906 3190 976 ἀμέλει,
3224 907 3282 959 ἐν
3312 900 3396 969 οἷς
3426 906 3492 960 ἂν
3533 909 3696 963 εὐποι-

2122 998 2220 1066 ρῇς
2251 998 2314 1049 ³⁷.
2358 998 2816 1067 Ἐλεημοσύναις
2856 997 2963 1068 γὰρ
3010 997 3105 1050 καὶ
3152 998 3433 1051 πίστεσιν
3471 998 3697 1054 ἀποκακ

2119 1088 2416 1155 θαίρονται
2444 1090 2738 1159 ἁμαρτίαι.

2189 1178 2275 1232 VI.
2321 1180 2552 1232 Σεαυτὸν
2606 1179 2769 1247 ἁγνὸν
2820 1180 3011 1251 τήρει,
3058 1178 3134 1241 ὡς
3174 1178 3308 1231 Θεοῦ
3358 1182 3692 1252 οἰκητήριον·

2118 1270 2241 1333 ναὸς
2272 1270 2507 1340 Χριστοῦ
2537 1270 2578 1303 ¹⁹
2619 1271 2904 1342 ὑπάρχεις·
2951 1270 3179 1343 ὄργανον
3220 1267 3273 1323 εἴ
3316 1271 3409 1325 τοῦ
3440 1274 3696 1345 Πνεῦμα-

2116 1380 2225 1425 τος.
2250 1357 2411 1426 Οἶδας
2442 1364 2588 1425 ὅπως
2616 1380 2674 1415 σε
2702 1362 2995 1433 ἀνέθρεψα.
3023 1361 3084 1414 ΕΞ
3114 1361 3211 1415 καὶ
3246 1361 3525 1432 ὲλάχιστός
3551 1367 3691 1435 είμτ,

2116 1454 2359 1527 ζηλωτής
2401 1473 2500 1526 μου
2543 1455 2719 1523 γενοῦ,
2757 1454 2990 1526 μίμησαί
3036 1472 3135 1524 μου
3182 1455 3283 1525 τὴν
3322 1457 3688 1527 ἀναστροφήν.

2116 1549 2189 1601 Οὐ
2214 1548 2505 1619 καυχῶμαι
2539 1550 2596 1601 ὲν
2625 1548 2814 1618 κόσμῳ
2833 1587 2847 1609 ,
2875 1546 2988 1600 ἀλλ’
3028 1549 3083 1600 ὲν
3114 1547 3321 1618 Κυρίῳ·
3361 1548 3570 1619 ’Ἥρωνι
3611 1548 3691 1619 τῷ

2116 1634 2232 1705 ἐμῷ
2258 1636 2431 1706 τέκνῳ
2463 1638 2507 1669 ²⁰
2530 1635 2780 1707 παραινῶ
2814 1635 2945 1705 (‘28).
2988 1635 3040 1687 Ὁ
3079 1634 3149 1688 δὲ
3178 1637 3560 1706 καυχώμενος
3579 1678 3593 1702 ,
3620 1639 3695 1691 ἐν

2114 1728 2308 1794 Kvplgo
2331 1726 2666 1795 καυχάσθω.
2707 1727 2966 1797 Ὀναίμην
3010 1743 3102 1779 σου
3123 1767 3138 1791 ,
3179 1728 3388 1780 παιδίον
3418 1727 3685 1781 ποθεινόν·

2114 1810 2173 1871 οὗ
2206 1817 2375 1887 φύλαξ
2398 1820 2617 1891 γένηται
2649 1821 2693 1850 ²¹
2713 1820 2741 1871 ὁ
2771 1820 2929 1889 μόνος
2956 1818 3063 1890 (29)
3094 1819 3385 1890 ἀγέννητος
3408 1820 3562 1885 Θεὸς,
3593 1821 3691 1873 καὶ

443 1915 498 1960 et
534 1904 793 1959 Dominus
820 1902 978 1958 Jesus
1011 1901 1281 1957 Christus.
1315 1901 1392 1956 Ne
1425 1902 1679 1956 omnibus
1704 1901 1913 1965 credas,
1949 1916 2015 1955 ne

2114 1911 2142 1962 ὁ
2188 1909 2392 1979 Κύριος
2432 1910 2637 1981 Ἰησοῦς
2682 1911 2932 1981 Χριστός.
2986 1909 3078 1979 Μὴ
3125 1910 3261 1961 πᾶσι
3307 1911 3564 1974 πίστευε,
3613 1910 3690 1981 μὴ

444 1995 703 2050 omnibus
749 1993 1020 2057 Conﬁdas,
1062 2008 1239 2062 neque
1286 1993 1332 2048 si
1374 1993 1499 2062 quis
1535 1992 1845 2045 blandiatur
1894 1992 2009 2045 tibi.

442 2087 596 2141 Multi
626 2087 772 2141 enim
805 2096 933 2141 sunt
960 2086 1197 2141 ministri
1222 2084 1467 2152 Satanae;
1500 2092 1555 2140 et
1576 2085 1667 2153 qui
1694 2085 1798 2138 cito
1824 2085 2011 2149 credit,

441 2180 565 2234 levis
595 2189 672 2233 est
702 2179 856 2232 corde
886 2180 952 2232 ³⁸.

511 2270 624 2327 Vll.
658 2271 929 2326 Memento
961 2271 1077 2336 Dei,
1110 2280 1164 2326 et
1208 2286 1489 2339 nunquam
1518 2271 1789 2340 peccabis.
1828 2268 1909 2323 Ne
1936 2270 2011 2323 sis

440 2364 633 2435 duplex
664 2366 841 2418 animo
872 2365 926 2419 in
958 2365 1254 2433 precatione
1297 2372 1388 2417 tua
1417 2363 1482 2418 ”.
1514 2362 1710 2418 Beatus
1742 2362 1886 2417 enim
1920 2362 2011 2430 qui

442 2470 550 2509 non
585 2455 811 2525 ambigit
840 2454 908 2507 ".
952 2453 1130 2509 Credo
1162 2467 1399 2523 namque
1441 2453 1494 2506 in
1530 2452 1743 2507 Patrem
1796 2452 2009 2507 Domini

439 2540 567 2597 Jesu
603 2543 843 2605 Christi,
873 2542 1023 2597 et-in
1054 2542 1391 2613 unigenitum
1433 2542 1553 2611 ejus
1594 2541 1830 2608 Filium;
1866 2542 2011 2612 quod

439 2635 690 2689 ostendet
716 2635 849 2689 mihi
871 2633 1015 2690 Deus
1039 2633 1309 2689 Heronem
1335 2649 1497 2704 super
1520 2635 1774 2690 thronum
1804 2650 2009 2690 meum.

442 2727 488 2758 "
518 2724 706 2796 Adjice
729 2740 859 2796 ergo
882 2724 950 2780 ad
977 2741 1197 2781 cursum
1221 2744 1235 2793 ;
1266 2726 1521 2795 praecipio
1550 2727 1649 2781 tibi
1682 2741 1869 2782 coram
1902 2726 2012 2783 Deo

442 2818 843 2882 universorum,
875 2826 929 2871 et
958 2832 1141 2871 coram
1167 2817 1409 2882 Christo,
1437 2827 1702 2886 przesente
1740 2827 1793 2871 et
1823 2828 2011 2873 sancto

442 2910 670 2981 Spiritu,
703 2919 758 2965 et
790 2926 973 2965 coram
1011 2911 1422 2966 ministratoriis
1453 2910 1768 2979 ordinibus;
1796 2910 2010 2965 custodi

440 3003 747 3073 depositum
780 3017 982 3069 meum,
1017 3002 1163 3073 quod
1204 3017 1306 3071 ego
1352 3011 1408 3057 et
1434 3001 1688 3057 Christus
1732 3002 1830 3056 tibi
1858 3015 2010 3056 com—

438 3096 854 3162 mendavimus;
895 3110 997 3150 nec
1041 3094 1325 3164 indignum
1355 3102 1409 3149 te
1437 3094 1653 3164 judices
1691 3094 1758 3149 iis
1788 3109 1909 3164 qua:
1942 3095 2010 3149 de

436 3196 489 3241 te
519 3195 738 3242 ostensa
786 3194 914 3240 sunt
965 3201 995 3239 a
1042 3184 1172 3239 Deo.
1206 3183 1544 3239 Commendo
1573 3186 1669 3240 tibi
1708 3184 2006 3241 Ecclesium

2114 2002 2249 2053 πᾶσι
2291 2000 2515 2072 θάρρει,
2552 2002 2683 2072 μηδέ
2715 2003 2780 2056 ἄν
2820 2020 2903 2066 τις
2947 2003 3338 2074 ὑποκορίζηταί
3374 2019 3455 2055 σε.
3495 2001 3691 2055 Πολλοὶ

2112 2092 2219 2164 γάρ
2246 2095 2383 2147 εἰσιν
2411 2094 2685 2166 ὑπηρέται
2706 2095 2799 2148 τοῦ
2830 2097 3063 2148 Σατανᾶ·
3106 2096 3202 2149 καὶ
3244 2099 3276 2149 ό
3320 2094 3472 2163 ταχὺ
3515 2094 3690 2162 ἐμπι-

2111 2184 2364 2248 στεύων,
2397 2186 2622 2254 κοῦφος
2650 2186 2724 2255 τῇ
2760 2188 2990 2255 καρδίᾳ.

2185 2273 2295 2329 VII.
2322 2276 2585 2347 Μέμνησο
2617 2277 2708 2329 τοῦ
2742 2276 2900 2341 Θεοῦ,
2930 2277 3027 2330 καὶ
3048 2278 3146 2348 οὐχ
3171 2280 3513 2350 άμαρτήσεις
3532 2277 3684 2331 ποτέ.

2110 2364 2207 2433 Μὴ
2258 2367 2427 2435 γίνου
2477 2366 2737 2436 δίψυχος
2765 2368 2835 2420 ἐν
2874 2367 3187 2437 προσευχῇ
3224 2383 3359 2422 σου.
3400 2370 3691 2441 Μακάριος

2112 2458 2223 2529 γὰρ
2268 2460 2297 2511 ὁ
2330 2457 2404 2529 μὴ
2447 2457 2723 2521 διστάσας.
2758 2458 3006 2511 Πιστεύω
3049 2458 3157 2529 γὰρ
3205 2461 3285 2522 εἰς
3326 2459 3416 2512 τὸν
3467 2460 3690 2530 Πατέρα

2110 2547 2204 2600 τοῦ
2233 2548 2436 2619 Κυρίου
2621 2549 2790 2618 Ἰησοῦ
2824 2549 3062 2621 Χριστοῦ
3082 2588 3097 2613 ,
3151 2550 3244 2602 καὶ
3288 2552 3368 2612 είς
3405 2550 3496 2601 τὸν
3527 2567 3689 2620 μονο-

2110 2639 2243 2709 γενῆ
2290 2638 2403 2709 (51)
2444 2640 2590 2703 Υἱὸν,
2629 2641 2711 2693 ὃτι
2756 2639 2919 2706 δείξει
2953 2658 3042 2711 μοι
3080 2641 3110 2692 ὁ
3146 2640 3280 2703 Θεὸς
3319 2640 3429 2710 (52)
3462 2641 3689 2711 Ἥρωνα

2111 2730 2202 2783 ἐπὶ
2228 2729 2331 2783 τοῦ-
2348 2729 2537 2801 θρόνου
2558 2748 2679 2799 μου.
2707 2731 2948 2802 Πρόσθες
2973 2727 3064 2784 οὖν
3092 2730 3183 2783 ἐπὶ
3204 2730 3282 2801 τῷ
3304 2730 3507 2802 δρόμῳο
3543 2749 3689 2802 παρ-

2110 2821 2355 2890 αγγέλλω
2403 2838 2483 2874 σοι
2530 2822 2623 2875 ἐπὶ
2663 2821 2759 2874 τοῦ
2806 2821 2942 2875 Θεοῦ
2986 2822 3094 2875 τῶν
3150 2822 3305 2886 ὅλων,
3343 2824 3439 2876 καὶ
3468 2823 3561 2875 ἐπὶ
3590 2822 3691 2876 τοῦ

2109 2912 2379 2984 Χριστοῦ,
2411 2914 2677 2985 παρόντος
2720 2914 2815 2966 καὶ
2849 2914 2943 2967 τοῦ
2987 2914 3145 2982 ἁγίου
3191 2914 3541 2985 Πνεύματος,
3589 2914 3689 2968 καὶ

2108 3003 2215 3058 τῶν
2244 3004 2630 3075 λειτουργικῶν
2668 3005 2996 3075 ταγμάτων,
3036 3004 3268 3074 φύλαξόν
3308 3023 3407 3076 μου
3439 3006 3539 3077 τὴν
3582 3024 3688 3059 πα-

2112 3094 2352 3167 ραθήκην
2379 3095 2422 3125 ⁸⁷
2452 3095 2586 3167 (55),
2622 3094 2690 3166 ἢν
2723 3095 2834 3163 ἐγὼ
2862 3096 2955 3148 καὶ
2996 3098 3024 3148 ὁ
3060 3096 3291 3167 Χριστὸς
3331 3096 3689 3167 παρεθέμεθά

2112 3202 2215 3248 σοι,
2238 3184 2333 3237 καὶ
2373 3184 2446 3255 μὴ
2478 3184 2667 3238 ἑαυτὸν
2696 3185 2913 3250 ἀνάξιον
2944 3185 3137 3259 κρίνῃς
3160 3186 3269 3239 τῶν
3297 3187 3617 3257 δειχθέντων
3639 3188 3686 3221 ⁸⁸

434 3275 829 3331 Antiochenam
854 3276 919 3329 ²⁹.
950 3274 1251 3345 Polycarpo
1283 3289 1380 3330 vos
1402 3274 1777 3342 commendavi
1808 3275 1861 3331 in
1894 3274 2005 3331 Do-

2113 3276 2243 3347 περὶ
2285 3275 2379 3329 σοῦ
2404 3274 2482 3345 τῷ
2513 3275 2632 3346 Θεῷ
2660 3275 2791 3347 (54).
2828 3277 3174 3348 Παρατίθημί
3204 3294 3283 3331 σοι
3312 3278 3410 3349 τὴν
3452 3278 3685 3351 Ἐκκλη-

436 3370 591 3425 mino
614 3366 743 3425 Jesu
777 3368 1016 3424 Christo.

507 3626 551 3657 ’θ
572 3622 731 3678 Prov.
760 3639 871 3689 xiv,
893 3623 993 3689 29;
1024 3622 1206 3681 Const.
1237 3635 1410 3694 apost.
1436 3640 1534 3691 vn,
1594 3624 1645 3681 7.
1696 3624 1947 3680 Damasc.
2008 3622 2032 3676 Ι

508 3710 611 3749 ms.
640 3694 798 3748 Θεοῦ.
868 3693 916 3725 ³⁸
951 3694 1025 3748 al.
1057 3695 1280 3749 Ἥρωνα
1311 3694 1371 3747 τὸ
1396 3695 1526 3749 ἐμὸν
1557 3695 1765 3749 τέκνον.
1859 3697 1901 3727 ἰ
1930 3697 1951 3748 ι
1981 3695 2032 3748 Ct

2113 3624 2212 3678 ull.
2262 3640 2347 3686 In,
2385 3624 2474 3678 50.
2589 3625 2630 3655 ¹⁷
2662 3624 2733 3678 al.

2132 3711 2171 3749 ι.
2206 3694 2268 3749 51
2298 3703 2351 3748 et
2386 3695 2433 3746 ll
2456 3692 2582 3749 Cor.
2609 3710 2664 3749 x.
2698 3694 2765 3747 17

2066 3712 2110 3749 Γ.
2132 3711 2171 3753 1.
2206 3711 2268 3749 οι
2298 3711 2351 3748 CI
2388 3711 2433 3746 ll
2456 3711 2582 3749 Cor.
2609 3711 2664 3761 Χ,
2698 3711 2787 3747 ‘ll.

1964 3766 2007 3796 ’⁸
2032 3765 2069 3819 l.
2102 3765 2170 3818 ad
2193 3764 2440 3819 Antioch.
2472 3764 2560 3818 12.
2654 3766 2700 3798 ⁸⁷
2730 3765 2803 3819 al.
2838 3763 3329 3835 παρακαταθήκην.
3408 3763 3451 3795 ³⁸
3478 3763 3550 3818 al.
3602 3763 3690 3817 δε·-

438 3693 481 3726 ¹⁹
508 3710 611 3766 ηις.
640 3694 809 3766 Θεοῦἒ
868 3693 916 3725 ³⁸
951 3694 1025 3766 al_.
1057 3695 1280 3766 ’ᾘρωνα
1311 3694 1379 3766 το
1396 3695 1526 3765 ἐμὸν
1557 3695 1765 3750 τέκνον.

437 3780 548 3826 χιχ,
575 3765 630 3819 4.
707 3764 755 3795 ³⁸
779 3762 895 3818 Jac.
922 3778 961 3826 ι,
987 3764 1041 3829 6,
1069 3762 1148 3820 8.’
1201 3766 1245 3797 ’⁸
1277 3766 1313 3819 l.
1339 3762 1523 3820 Const.
1557 3781 1642 3834 ap.
1679 3781 1775 3831 vn,
1802 3766 1887 3820 H.

433 3834 687 3907 χθέντων,
722 3850 826 3890 ms.
850 3834 1162 3905 δοχθέντων.
1240 3837 1284 3868 ²¹⁹
1317 3835 1360 3889 l.
1386 3834 1485 3889 inf.
1521 3835 1576 3889 in
1603 3836 1639 3888 2
1661 3837 1887 3905 interpr.

502 3976 932 4058 (ἳίὶλᾈγαπᾷνΔ
965 3978 1072 4058 τὸν
1116 3978 1303 4058 Θεὸν,
1336 3979 1433 4031 καὶ
1460 3979 1664 4058 “diem:
1693 3978 2001 4058 ἀρκεῖσθαι

431 4047 555 4113 τοῖς
600 4047 772 4113 ἰδίοις
818 4047 1129 4115 ἀνδράσιν.
1144 4047 1379 4117 Ὁμοίως
1419 4049 1515 4101 καὶ
1554 4048 1691 4117 τοῖς
1724 4048 2009 4117 ἀδελφοῖς

426 4135 548 4188 μου
600 4118 874 4187 παραίνει
919 4116 1228 4184 ἀρκεῖσθαι
1270 4121 1400 4184 ταῖς
1428 4116 1750 4187 όμοζύγοις.
1785 4116 1891 4173 Pro
1920 4119 2008 4171 his

433 4188 727 4257 omnibus,
766 4188 819 4241 in
867 4196 1056 4240 nostro
1106 4190 1397 4257 interprete
1449 4198 1659 4241 tantum
1711 4189 1941 4257 legimus
1990 4206 2002 4241 ε

440 4276 457 4308 ι
491 4256 749 4326 Sullicere
770 4256 1118 4326 coniugibus.
1152 4277 1171 4309 ι
1206 4256 1579 4322 Conferendus
1607 4256 2006 4326 locus’similis,

436 4327 528 4380 lib.
556 4342 654 4399 vm
682 4323 975 4399 constitui.
1010 4328 1390 4399 apostolacap.
1418 4328 1528 4399 '52;
1562 4328 1625 4379 El
1655 4328 1751 4399 μὲν
1779 4323 1871 4381 οὗν
1895 4328 2008 4399 ἔχει

431 4398 691 4479 γυναῖκα,
850 4394 987 4465 γυνὴ
1015 4394 1225 4479 ἄνδρακ
1246 4394 1677 4479 διδασκέσθωσαν
1722 4394 2008 4479 ἀρκεῖσθαι

432 4466 664 4530 ἑαυτοῖς.
706 4485 725 4517 ι
750 4464 823 4519 ἐἰ
866 4464 1335 4531 υιοτεηιῚιοὺει,
1369 4478 1464 4522 aut
1504 4468 1700 4521 mulier
1728 4464 1773 4522 si
1805 4469 2004 4534 virum,

432 4536 892 4623 doceantur‘suis
939 4538 1430 4623 maritisﬂuxores,
1484 4546 1537 4592 et
1585 4539 1701 4592 suis
1743 4539 2008 4594 uxoribus
2042 4570 2085 4623 ο

435 4605 615 4659 mariti
643 4608 882 4661 contenti
913 4620 1054 4664 esse.
1088 4626 1107 4658 ι
1140 4607 1340 4663 υεεειι.
1414 4605 1418 4606 “
1446 4628 1462 4637 ν

504 4675 615 4746 (27)
649 4678 1041 4751 Μακρόθυμος
1080 4678 1227 4751 ἔσο,
1264 4678 1364 4730 ἵνα
1409 4674 1504 4751 ᾗς-
1525 4679 1718 4751 πολὺς
1761 4680 1833 4734 ἐν
1873 4694 2013 4751 ςρρρ-

429 4746 720 4819 γήσειηΑ
768 4746 1124 4819 Damasceno,
1173 4748 1315 4819 libro
1360 4746 1440 4802 tu"
1469 4748 1765 4819 Parallel.,
1792 4746 1921 4819 cap.
1947 4750 2011 4813 5,

431 4816 754 4891 producitur
797 4816 991 4891 similis
1025 4817 1315 4891 sententia,
1356 4827 1616 4888 tanquam
1657 4835 1723 4873 ex
1759 4816 2007 4891 Ignatio:

438 4904 456 4957 ι
493 4885 650 4957 Nulla
683 4888 857 4957 virtus
902 4888 977 4957 ita
1024 4888 1345 4957 sapientiam
1379 4885 1570 4957 parere
1602 4885 1919 4953 consuevit,
1954 4897 2014 4942 ut

430 4955 648 5028 lenitas.
686 4956 846 5028 )Cui
864 4955 1024 5028 plane
1052 4955 1269 5028 gemina
1297 4955 1461 5012 etiam
1491 4960 1755 5026 occurrit,
1785 4961 1838 5012 in
1873 4959 2014 5013 (Jon-

431 5026 608 5102 stitnt.
639 5024 993 5102 apogtolilib.
1027 5024 1135 5102 vi},
1178 5028 1364 5102 cap._9
1403 5028 1596 5102 εΓίνου
1637 5024 2005 5102 μακρόθυμος·

429 5096 459 5146 ὁ
482 5093 591 5167 γὰρ
621 5093 856 5159 τοιοῦτος
878 5099 1045 5161 πολὺς
1070 5099 1127 5151 ὲν
1158 5093 1436 5219 Epp-avrai.
1467 5098 1601 5163 Quae
1626 5093 1817 5153 omnes
1846 5093 2012 5165 origi-

432 5181 554 5218 nem
585 5181 739 5219 suam
774 5167 970 5219 debent
1007 5171 1127 5219 loco
1161 5170 1197 5219 li
1225 5185 1261 5219 I.
1354 5170 1552 5219 roverb.
1582 5185 1695 5219 xiv.
1728 5170 1797 5219 ἓξ)
1832 5185 1843 5219 :
1882 5172 2009 5219 Ma—

432 5181 554 5218 nem
585 5181 739 5220 suam
774 5167 970 5223 debent
1007 5171 1127 5223 loco
1161 5167 1261 5231 illi,
1300 5167 1552 5222 Proverb.
1582 5185 1695 5230 xlv,
1728 5170 1797 5224 29
1832 5185 1843 5220 :
1882 5172 2009 5221 Ma-

430 5236 727 5309 κρόθυμος
754 5236 909 5305 ἀνὴρ
956 5237 1149 5304 πολὺς
1180 5239 1251 5290 ἐν
1277 5240 1587 5306 φρονήσει.
1642 5238 1730 5293 Vir
1764 5239 2008 5309 (origani-

431 5318 546 5378 ltus
567 5306 745 5378 Antulla
771 5309 1053 5374 prudentia
1075 5309 1330 5378 praeditus
1354 5321 1451 5361 est.
1488 5312 1622 5365 lum.

500 5374 613 5450 (28)
644 5376 966 5450 Ἢρωγιλτῷ
999 5374 1120 5447 ἐμῷ
1164 5378 1349 5441 τέκνῳ
1388 5379 1673 5450 παραινῶ.
1702 5377 2007 5450 Nydpruce.

430 5440 657 5515 Ἥρωνα
696 5440 756 5499 τὸ
784 5440 1132 5516 ὲμὸντέκνον
1176 5440 1446 5520 παραινῶ.
1467 5440 1715 5520 Priorem
1752 5440 2008 5520 syiitaxin

429 5526 616 5567 noster
665 5520 935 5585 expressit
977 5519 1281 5587 interpres,
1318 5528 1539 5575 vertens
1587 5538 1647 5572 ε(
1682 5519 1846 5574 Eroni
1896 5520 2009 5573 lilio

429 5598 551 5636 meo
588 5600 804 5640 moneo.
841 5604 859 5637 ι
898 5590 1029 5642 lem.

499 5652 611 5734 ($9)
642 5656 859 5721 Μόνος.
891 5656 1111 5734 Vocem,
1133 5678 1161 5734 _c
1195 5659 1368 5734 solus.
1402 5680 1421 5712 ι
1452 5661 1507 5715 in
1530 5661 1769 5716 editione
1791 5661 2005 5731 vulgata

426 5716 642 5787 Latina,
667 5740 733 5778 ex
764 5716 898 5780 mss.
932 5716 1295 5784 restituimus.
1322 5716 1454 5786 lam.

499 5791 609 5871 (ὅθ)
786 5799 1031 5875 Κυρίου.
1070 5818 1089 5851 ι
1132 5799 1343 5875 Domini
1374 5802 1744 5875 nostri,rvel,
1784 5820 1804 5851 ι
1843 5800 1950 5859 mei
1979 5818 1999 5853 ι

432 5861 665 5917 tvariant
712 5861 885 5919 enim'
909 5869 997 5922 hic
1033 5871 1205 5927 mss.)
1237 5870 1479 5927 'uteruuc
1530 5861 1659 5933 legit
1706 5861 2003 5935 interpres.

2114 3367 2234 3421 σίαν
2290 3367 2622 3436 Ἀντιοχέων.
2674 3366 3015 3439 Πολυκάρπῳ
3063 3367 3381 3440 παρεθέμην
3431 3368 3575 3439 ὑμᾶς
3626 3372 3686 3428 tu

2110 3457 2300 3529 Κυρίῳ
2338 3458 2508 3529 Ἰησοῦ
2529 3457 2766 3529 Χριστῷ.

3176 3623 3219 3654 ¹⁸
3240 3621 3403 3677 Prov.
3469 3638 3560 3687 xv,
3588 3622 3683 3675 2'7.

2589 3625 2630 3655 ¹⁷
2662 3624 2733 3678 al.
2790 3624 3062 3695 εὐπορεῖς.
3176 3624 3219 3654 ¹⁸
3240 3624 3403 3677 Prov.
3469 3638 3560 3687 xv,
3588 3624 3653 3675 27

2609 3710 2664 3747 x.
2698 3694 2787 3747 17.
2893 3696 2935 3725 ²²
2963 3710 3068 3747 ms.
3100 3692 3329 3747 γένοιτο.
3443 3694 3487 3724 ³³
3510 3692 3653 3747 Eccli

2893 3692 2941 3725 ’⁸⁷
2963 3710 3068 3748 ms.
3100 3692 3329 3761 γένοιτο.

2112 3978 2238 4104 acet
2282 3994 2312 4033 a
2354 3978 2499 4099 llibro
2541 3977 2942 4050 Magdalenensi
2988 3991 3288 4046 pronomen
3334 3975 3510 4042 absit,
3559 3985 3678 4031 uta

2162 4064 2323 4103 neco.
2375 4065 2483 4103 ein.

2162 4064 2323 4103 neco.
2356 4064 2483 4103 IBID.

2183 4119 2295 4190 (51)
2340 4118 2453 4172 Τὸν
2488 4116 3010 4190 μοιςογενῆ.-Αὐτοῦ
3052 4116 3295 4190 additum
3323 4114 3589 4185 reperitur
3624 4116 3677 4170 in

2112 4186 2344 4258 utroque
2375 4186 2555 4243 vetere
2582 4187 2775 4242 Latino
2810 4187 3122 4258 interprete.
3146 4186 3273 4258 lam.

2180 4252 2291 4329 (32')
2324 4258 2512 4323 Δείξει
2544 4274 2645 4329 μοι
2688 4257 2921 4329 epsit.
2948 4252 3068 4329 Yet.
3113 4256 3322 4326 vulgat.
3357 4273 3376 4305 ι
3403 4252 3641 4329 ostendit
3674 4273 3693 4305 ι

2112 4324 2215 4396 (sic
2241 4324 2387 4383 enim
2416 4336 2471 4383 et
2506 4324 2712 4396 vulgati
2738 4326 2863 4379 libri
2890 4325 3114 4396 habent,
3142 4336 3196 4380 et
3217 4324 3424 4396 noster
3443 4324 3688 4396 legithin-

2112 4393 2343 4467 terpres)
2372 4416 2391 4448 ι
2418 4397 2551 4451 mihi
2571 4393 2749 4460 Deus,
2771 4414 2790 4447 ι
2824 4396 2990 4467 quod
3022 4393 3117 4449 Dei
3154 4410 3383 4467 nomen,
3414 4395 3468 4449 in
3490 4393 3682 4467 editis

2112 4463 2503 4529 desideratum,
2527 4482 2593 4521 ex
2617 4481 2750 4519 mss.
2777 4464 3143 4533 reposuimus.
3170 4463 3288 4519 Huc
3316 4479 3447 4519 vero
3477 4464 3584 4532 (vel
3614 4466 3682 4518 ad

2114 4538 2521 4604 inscriptionem
2558 4536 2746 4589 saltem
2801 4534 2965 4603 hujus
3006 4535 3281 4604 epistolae,
3310 4549 3432 4602 qua:
3464 4533 3519 4587 in
3562 4534 3685 4587 vul-

2149 4609 2257 4662 atis
2283 4604 2467 4661 Latini
2516 4604 2828 4673 interpretis
2869 4604 3149 4661 codicibus
3193 4604 3412 4674 legitur)
3443 4604 3683 4674 respexit

2160 4678 2230 4732 do
2268 4695 2281 4731 :
2322 4678 2377 4731 in
2411 4674 2570 4745 cuius
2600 4672 3003 4745 Martyrologio,
3046 4676 3113 4729 ad
3167 4672 3401 4745 xyt'Kal.
3442 4672 3679 4745 Novem~

2112 4748 2245 4812 bris,
2282 4742 2572 4801 adnotatur
2603 4764 2616 4798 :
2649 4764 2667 4795 ‹
2707 4742 2915 4799 Natalis
2964 4745 3136 4798 sancti
3172 4742 3404 4798 Heronis
3425 4784 3439 4807 ,
3467 4743 3534 4797 de
3564 4758 3675 4811 quo

2112 4817 2428 4872 beatissimo
2457 4816 2663 4886 lgnatio
2686 4814 2927 4884 pergenti
2948 4815 3015 4869 ad
3042 4815 3352 4883 passionem
3378 4813 3674 4867 revelatum

2110 4894 2212 4957 est,
2264 4886 2408 4957 quod
2452 4886 2849 4957 Antiochenam
2898 4892 3022 4954 post
3070 4899 3196 4939 eum
3245 4892 3494 4938 recturus
3536 4889 3691 4937 esset

2111 4956 2432 5011 Ecclesiam.
2446 4956 2603 5010 ηοω.

2183 5027 2296 5099 (55)
2324 5026 2605 5089 Φύλαξόν
2638 5043 2757 5099 μου
2798 5025 2912 5094 τὴν
2944 5022 3313 5099 παραθήκην.
3337 5021 3522 5099 Codex
3556 5019 3682 5099 Flo-

2112 5091 2310 5151 rentin.
2349 5091 2867 5168 παρακαταθήκην(
2901 5106 2959 5149 ιιι
2999 5091 3052 5147 in
3098 5093 3119 5146 ι
3150 5092 3503 5168 _Timoth_._)'t
3528 5130 3542 5153 ,
3585 5091 3680 5168 ‘29.

2110 5160 2588 5240 Παρακαταθήκην
2638 5160 2933 5240 ’ᾼττίκῶς,
2965 5164 3323 5240 παραθήκην
3356 5160 3673 5240 ξβλληνικῶ.

2110 5231 2238 5301 dici,
2272 5248 2424 5293 notat
2452 5231 2507 5291 in
2539 5231 2838 5291 dictionum
2868 5231 3170 5290 Atticarum
3199 5231 3684 5287 'et'liellenicarutn

2110 5307 2311 5363 Lexico
2335 5308 2693 5361 Eummrides.
2722 5306 2853 5359 Vide
2883 5321 3004 5375 qua:
3034 5320 3197 5373 supra
3236 5312 3423 5357 notata
3468 5309 3595 5356 sunt
3624 5302 3684 5355 in

2111 5377 2286 5446 Epist.
2314 5380 2383 5432 ad
2420 5377 2702 5447 Polycarp.
2728 5376 2854 5430 lein.

2183 5449 2293 5521 (54)
2334 5447 2455 5502 Τῶν
2477 5440 2828 5515 δὲιχθέντων
2850 5445 2987 5521 περὶ,
2999 5442 3216 5521 σοῦ-τῷ
3241 5440 3536 5521 Θεᾶλλῖειτ
3562 5440 3653 5494 vul
3668 5468 3687 5480 -

2110 5511 2219 5588 gat.
2259 5511 2285 5570 ι’
2312 5535 2433 5587 qua:
2482 5511 2702 5573 ostensa
2750 5526 2878 5571 sunt
2918 5511 3053 5569 inihi
3102 5516 3169 5567 de
3215 5526 3264 5588 te
3309 5530 3340 5566 a
3382 5511 3677 5588 Domino.»

2112 5580 2261 5661 (licet
2290 5580 2653 5661 a_'Petaviano
2696 5588 2881 5641 codice
2909 5595 3197 5661 postrema:
3225 5584 3345 5661 dua;
3388 5596 3551 5636 voces
3580 5580 3683 5661 ab:

2109 5652 2266 5725 sint).
2305 5658 2587 5727 Anglican.
2632 5675 2649 5706 ι
2701 5652 3027 5727 exspectatis
3070 5656 3135 5709 de
3166 5652 3439 5727 t(_:_a_D_eo,
3473 5670 3490 5702 ι
3530 5666 3593 5703 ac

2108 5720 2513 5798 δεχθ’έντων’νει
2542 5720 2901 5796 ὲκδεχθέντων
2928 5725 3163 5798 legisset.
3191 5721 3443 5777 Vedelius
3472 5720 3683 5798 mavult

2108 5789 2425 5867 δοῇξθέντων,
2455 5818 2472 5847 ι
2511 5789 3024 5867 quze'placuerunt,
3057 5794 3273 5867 decreta
3302 5800 3447 5867 sunt.
3484 5809 3501 5843 ι
3535 5789 3679 5844 Cod.

2114 5862 2417 5924 Florentii].
2442 5862 2548 5921 τῶν
2577 5862 2834 5921 δοθέντων
2866 5866 2992 5937 περὶ
3018 5862 3110 5917 σοῦ
3144 5862 3279 5933 Θεῷ.
3316 5863 3445 5917 Ιυω.
