4076 6412
326 432 435 489 99.5

1114 423 1474 482 ENSTOLE
1515 409 2045 481 SUPPOSTTITIA‘J.
2081 453 2150 463 —
2176 423 2267 476 AD
2290 420 2801 477 PHILIPPENSES.

3494 419 3601 477 926
3622 396 3623 399 γ

319 546 396 603 ἰν
420 548 568 618 (85),
625 547 684 602 οὐ
717 547 893 601 πάντα
938 542 1006 618 ἧν
1043 545 1307 617 πονηρός
1355 546 1470 599 ἀλλ’
1503 544 1769 617 ὲπῄσθετο
1813 545 1911 615 τῆς

2017 544 2268 611 omnino;
2320 544 2414 599 sed
2448 543 2716 597 sentiebat
2756 557 2911 598 suam
2944 542 3119 612 ipsius
3148 542 3465 612 perniciem.
3493 542 3599 596 lni-

328 638 532 693 ἑαυτοῦ
566 638 866 703 ἀπωλείας.
902 637 1070 709 Ἀρχὴ
1102 637 1210 709 γὰρ
1242 636 1389 707 αὐτῷ
1419 637 1733 708 καταδίκης,
1767 637 1796 688 ὁ
1827 635 1920 689 τοῦ

327 731 580 804 Χριστοῦ
634 731 882 802 σταυρὸς,
932 729 1075 802 ἀρχὴ
1123 728 1373 793 θανάτου,
1426 728 1573 799 ἀρχὴ
1622 726 1919 791 ἀπωλείας.

327 824 419 877 Διὸ
448 822 552 875 καὶ
587 821 644 874 ἐν
687 838 827 875 τισιν
874 822 1090 891 ἐνεργεῖ
1118 818 1399 891 ἀρνεῖσθαι
1435 819 1525 871 τὸν
1576 817 1826 888 σταυρὸν,
1863 816 1923 869 τὸ

329 914 507 978 πάθος
562 912 1005 983 ἐπαισχύνεσθαι,
1039 912 1130 966 τὸν
1175 910 1401 965 θάνατον
1447 910 1665 981 δόκησιν
1714 908 1919 973 καλεῖν,

327 1006 427 1077 τὴν
475 1007 547 1059 ὲκ
585 1004 857 1076 Παρθένου
901 1004 1155 1077 γέννησιν
1198 1002 1570 1075 περικόπτειν,
1617 1001 1715 1073 τὴν
1763 999 1923 1068 φύσιν

327 1095 505 1166 αὐτὴν
534 1094 844 1149 διαϐάλλειν
876 1092 989 1164 (86)
1009 1092 1086 1159 ὡς
1109 1093 1378 1164 μυσαράν.
1396 1091 1671 1153 Ἰουδαίοις
1704 1106 1923 1160 συμμα-

328 1190 417 1257 χεῖ
450 1186 574 1257 (87)
604 1189 684 1249 είς
714 1187 941 1257 ἄρνησιν
963 1186 1056 1241 τοῦ
1087 1184 1344 1257 σταυροῦ,
1374 1184 1629 1254 Ἕλλησιν
1661 1185 1740 1246 εἰς
1765 1200 1923 1234 συκο-

331 1279 575 1349 φαντίαν
638 1278 869 1349 μαγείας
920 1278 1055 1350 (88),
1108 1279 1404 1350 αἱρετικοῖς
1455 1278 1535 1339 εἰς
1598 1276 1917 1344 φαντασίαν.

329 1371 592 1433 Ποικίλος
630 1369 739 1441 γάρ
770 1372 919 1422 ἐστιν
948 1372 976 1423 ό
1006 1369 1105 1441 τῆς
1137 1370 1337 1433 κακίας
1383 1369 1704 1440 στρατηγὸς,
1736 1367 1922 1437 κλεψί-

329 1478 476 1525 νους,
509 1460 766 1525 ἂστατος,
815 1460 992 1531 ἐαυτῷ
1023 1462 1291 1524 ἐναντίος·
1343 1461 1440 1514 καὶ
1484 1461 1619 1515 ἄλλα
1667 1462 1764 1531 μὲν
1797 1477 1925 1531 προ-

329 1553 675 1625 ὄαλλόμενος
709 1552 842 1624 (89),
892 1554 1053 1625 ἕτερα
1082 1553 1139 1606 δὲ
1180 1552 1411 1616 δεικνύς.
1451 1553 1619 1620 Σοφὸς
1663 1553 1770 1621 γάρ
1803 1555 1919 1604 ἐστι

328 1645 442 1714 (90)
475 1644 581 1699 τοῦ
624 1645 1007 1715 κακοποιῆσαι,
1059 1645 1117 1697 τὸ
1147 1646 1204 1698 δὲ
1244 1645 1407 1699 καλὸν
1451 1647 1480 1699 ὃ
1513 1645 1564 1698 τί
1613 1646 1741 1698 ποτέ
1774 1647 1921 1698 ἐστιν

328 1738 542 1804 ἀγνοεῖ.
580 1737 825 1807 Ἀγνοίας
856 1738 963 1809 γὰρ
1012 1737 1124 1808 (91)
1170 1738 1543 1808 πεπλήρωται,
1575 1737 1641 1791 δι’
1676 1738 1920 1792 ἑκούσιον

327 1829 672 1899 παράνοιαν*
708 1828 825 1892 πῶς
856 1830 967 1900 γὰρ
996 1830 1095 1881 οὐκ
1126 1828 1239 1881 ἐστι
1271 1829 1525 1894 τοιοῦτος,
1558 1829 1616 1892 ὃς
1652 1829 1784 1900 μηδὲ
1816 1830 1922 1900 πρὸ

326 1918 511 1973 ποδῶν
545 1919 658 1971 τῶν
687 1919 883 1972 ἑαυτοῦ
914 1919 1072 1985 λόγον
1105 1918 1292 1989 βλέπει
1327 1918 1474 1989 (92);

399 2008 468 2062 ν.
491 2011 561 2062 Ei
597 2010 705 2080 γὰρ
734 2008 888 2079 ψιλὸς
920 2008 1206 2080 ἄνθρωπος
1236 2010 1502 2081 ὁΚύριος,
1536 2011 1602 2062 ὲκ
1621 2008 1800 2079 ψυχῆς
1831 2009 1926 2062 καὶ

328 2098 593 2171 σώματος
612 2100 791 2171 μόνον,
826 2101 877 2154 τί
897 2100 1250 2172 περικόπτεις
1281 2101 1377 2171 τὴν
1408 2101 1659 2171 γέννησιν
1690 2100 1788 2170 τῆς
1810 2117 1925 2153 κοι-

326 2191 426 2261 νῆς
459 2192 578 2246 τῶν
608 2192 913 2263 ἀνθρώπων
957 2191 1207 2260 φύσεως;
1258 2191 1321 2244 Τί
1369 2192 1445 2257 δὲ,
1494 2192 1570 2256 ὡς
1622 2190 1927 2262 παράδοξόν

326 2298 378 2335 τι
409 2284 500 2336 ἐπ’
535 2282 827 2355 ἀνθρώπου
876 2285 1189 2355 γενόμενον,
1235 2284 1295 2335 τὸ
1336 2281 1527 2346 πάθος,
1576 2282 1798 2353 δόκησιν
1828 2299 1929 2335 κα-

326 2372 474 2440 Istc;
504 2376 607 2429 καὶ
621 2376 710 2428 τὸν
731 2374 957 2429 θάνατον
981 2375 1073 2428 τοῦ
1095 2372 1309 2446 θνητοῦ,
1330 2372 1485 2438 δόξαν
1508 2372 1747 2443 νομίζεις
1766 2373 1878 2443 (95)
1900 2390 1915 2435 ;

327 2464 391 2517 Ei
435 2465 495 2518 δὲ
544 2465 679 2529 Θεὸς
719 2467 815 2520 κα)⁸
846 2466 1131 2538 ἄνθρωπος
1163 2465 1297 2534 (94),
1348 2465 1400 2517 τί
1445 2465 1758 2534 παράνομον
1802 2463 1916 2533 (95)

326 2556 516 2620 καλεῖς
539 2556 648 2610 τὸν
661 2556 771 2625 τῆς
785 2556 969 2625 δόξης
986 2558 1223 2625 Κύριον,
1242 2556 1332 2609 τὸν
1350 2558 1414 2626 τῇ
1440 2554 1599 2624 φύσει
1619 2554 1883 2626 ἄτρεπτον
1899 2571 1915 2621 ;

326 2646 377 2698 τί
410 2647 732 2719 παράνομον
764 2648 941 2717 λέγεις
971 2649 1062 2701 τὸν
1093 2646 1409 2718 νομοθέτην,
1451 2646 1541 2699 τὸν
1572 2645 1918 2716 ἀνθρωπείαν

325 2738 506 2811 ψυχὴν
563 2740 755 2811 ἔχοντα
797 2740 950 2811 (96);
998 2741 1049 2792 Ὁ
1084 2740 1274 2809 Λόγος
1315 2736 1473 2808 σὰρξ
1518 2737 1775 2807 ἐγένετο,
1824 2738 1919 2790 καὶ

326 2832 535 2898 τέλειος
567 2833 870 2907 ἄνθρωπος,
903 2835 1001 2890 οὐκ
1030 2836 1089 2888 ὲν
1118 2832 1390 2905 ἀνθρώπῳ
1420 2834 1772 2906 κατοικήσας.
1794 2833 1919 2896 Πῶς

2023 636 2160 690 tium
2189 637 2389 706 quippe
2427 636 2795 691 damnationis
2824 636 2872 690 ei
2903 635 3026 702 fuit,
3060 652 3195 691 crux
3220 637 3453 702 Christi;
3494 637 3599 692 ini-

2023 727 2159 781 tium
2185 728 2402 791 mortis,
2434 727 2652 780 initium
2685 727 3026 796 perditionis.
3052 726 3179 781 ldeo
3213 737 3269 783 et
3298 729 3353 782 in
3375 729 3600 797 quibus-

2022 818 2145 872 dam
2169 817 2350 885 eﬂicit,
2381 827 2442 872 ut
2467 833 2686 874 crucem
2716 827 2934 888 negent,
2969 827 3026 872 ut
3049 819 3322 888 passionis
3346 820 3468 873 illos
3502 835 3601 888 pu-

1970 944 1980 951 -
2022 908 2167 973 deat,
2200 918 2259 963 ut
2289 918 2519 964 mortem
2547 909 2863 978 opinionem
2885 918 3102 975 vocent,
3123 918 3336 978 partum
3367 909 3602 980 Virginis

2022 998 2438 1065 circumcidant,
2478 1008 2729 1053 naturam
2777 998 2949 1067 ipsam
2992 1000 3393 1055 calumnientur
3442 1001 3601 1070 quasi

2022 1088 2417 1144 detestandam.
2456 1088 2657 1145 Judzeis
2681 1090 2979 1144 auxiliatur
3000 1090 3067 1145 ad
3094 1095 3443 1161 negationem
3476 1107 3605 1147 cru-

2021 1180 2121 1246 cis,
2166 1182 2419 1250 gentibus
2459 1183 2528 1236 ad
2578 1183 2774 1251 magiae
2825 1183 3177 1250 calumniam,
3232 1185 3502 1239 haereticis
3535 1184 3603 1239 ad

2020 1273 2323 1343 phantasia:
2348 1273 2809 1342 praedicationem.
2844 1273 3045 1330 Varius
3079 1277 3224 1331 enim
3255 1285 3309 1331 et
3330 1276 3604 1331 multifor-

2021 1367 2127 1421 mis
2150 1374 2235 1422 est
2261 1366 2372 1421 dux
2397 1367 2486 1422 ille
2516 1367 2759 1430 malitiae,
2780 1369 2944 1421 animi
2966 1369 3239 1433 seductor,
3258 1368 3602 1433 inconstans,

2021 1457 2126 1513 sibi
2162 1458 2279 1527 ipse
2314 1460 2657 1526 contrarius;
2690 1468 2743 1514 et
2780 1459 2886 1513 alia
2921 1460 3141 1529 quidem
3175 1460 3462 1529 objiciens,
3498 1461 3606 1515 alia

2020 1564 2151 1603 vero
2185 1547 2416 1605 faciens.
2444 1548 2674 1619 Sapiens
2703 1550 2849 1604 enim
2892 1558 2976 1604 est
3013 1550 3080 1605 ad
3113 1549 3602 1617 malefaciendum;

2020 1640 2224 1696 bonum
2256 1656 2388 1695 vero
2414 1643 2543 1711 quid
2575 1642 2647 1697 sit
2680 1642 2893 1713 ignorat
2919 1642 2984 1697 ⁸⁷.
3025 1641 3336 1713 Ignorantia
3368 1658 3607 1712 namque

2021 1730 2268 1799 oppletus
2297 1740 2401 1797 est,
2438 1738 2661 1801 propter
2688 1732 3055 1787 voluntariam
3096 1732 3459 1809 dementiam;
3494 1747 3606 1801 quo

2020 1822 2165 1874 enim
2200 1822 2363 1876 modo
2402 1838 2511 1876 non
2544 1831 2627 1877 est
2671 1822 2965 1892 ejusmodi,
3014 1824 3109 1893 qui
3141 1838 3241 1878 nec
3273 1831 3402 1878 ante
3443 1824 3606 1892 pedes

1954 1915 1997 1970 B
2026 1927 2156 1967 suos
2182 1914 2417 1982 positam
2449 1914 2717 1969 rationem
2751 1914 2892 1969 videt
2921 1914 3004 1967 ‘3?

2096 2000 2161 2055 ν.
2195 2000 2252 2055 Si
2284 2004 2430 2056 enim
2471 2004 2651 2058 nudus
2696 2004 2860 2060 homo
2889 2014 2971 2059 est
3009 2004 3296 2073 Dominus,
3325 2021 3392 2061 ex
3423 2007 3605 2061 anima

2026 2105 2080 2147 et
2103 2108 2330 2164 corpore
2355 2095 2571 2161 solum;
2596 2096 2727 2165 quid
2759 2096 3109 2152 circumcidis
3136 2105 3190 2151 et
3213 2098 3435 2152 mutilas
3458 2098 3604 2153 nati-

2026 2187 2248 2239 vitatem
2282 2187 2592 2242 communis
2630 2187 2915 2242 hominum
2948 2190 3200 2244 naturae?
3237 2187 3377 2255 Quid
3420 2197 3603 2244 autem

2026 2284 2287 2347 tanquam
2316 2279 2558 2334 insolens
2584 2279 2790 2348 aliquid
2811 2280 2864 2333 in
2887 2281 3107 2334 homine
3132 2280 3359 2347 factum,
3394 2280 3606 2350 passio-

2027 2386 2151 2425 nem
2182 2371 2423 2441 appellas
2455 2371 2834 2441 phantasiam?
2863 2384 2917 2426 et
2940 2382 3168 2426 mortem
3200 2372 3437 2426 hominis
3458 2387 3605 2426 mor-

2025 2464 2169 2529 talis,
2194 2479 2386 2519 censes
2408 2464 2718 2533 opinionem
2757 2480 2879 2519 esse
2908 2464 3121 2519 solam?
3145 2462 3203 2517 Si
3230 2479 3356 2519 vero
3388 2463 3533 2520 Deus
3549 2472 3604 2518 et

2024 2556 2212 2622 homo,
2248 2572 2347 2611 cur
2379 2556 2631 2625 iniquum
2661 2572 2827 2612 vocas
2868 2556 3148 2610 Dominum
3176 2556 3361 2626 gloria:
3399 2557 3465 2617 αθ,
3507 2556 3604 2625 qui

2022 2657 2219 2702 natura
2259 2648 2618 2703 immutabilis
2656 2650 2778 2704 est?
2824 2665 2922 2704 cur
2956 2648 3207 2718 iniquum
3253 2647 3493 2717 appellas
3524 2649 3604 2702 le-

2025 2740 2363 2811 gislatorem,
2391 2743 2484 2810 qui
2516 2741 2759 2795 animam
2798 2740 2961 2795 habet
3006 2740 3337 2805 humanam;
3381 2737 3604 2792 Verbum

2027 2852 2150 2890 caro
2174 2838 2377 2907 [actum
2401 2846 2480 2892 est
2509 2837 2579 2905 7°,
2599 2844 2653 2892 et
2669 2836 2944 2907 perfectus
2968 2836 3156 2901 homo,
3179 2851 3288 2890 non
3311 2836 3403 2905 qui
3425 2837 3481 2890 in
3508 2837 3602 2891 Ιιο·

397 3019 681 3096 ‘_'_Jerem.
709 3038 763 3079 ιν
784 3065 800 3091 ,
831 3022 922 3078 22.
996 3023 1114 3095 ".1.
1142 3023 1325 3081 Const.
1354 3042 1441 3096 ap.
1476 3041 1549 3093 vr,
1579 3026 1613 3081 6
1646 3034 1702 3082 et
1726 3042 1825 3080 vm
1844 3067 1857 3091 ,
1886 3024 1937 3089 2,

2017 3069 2018 3073 η
2051 3022 2202 3093 Orig.
2238 3023 2387 3078 hom.
2438 3022 2504 3076 15
2528 3023 2583 3076 in
2626 3020 2793 3076 Num.
2871 3020 2915 3053 ⁸³
2948 3019 3123 3076 lCor.
3153 3034 3216 3087 ιι,
3240 3019 3291 3075 8.
3369 3019 3415 3051 ⁷ο
3441 3017 3601 3074 Joan.

330 3103 367 3154 ι,
402 3090 488 3146 14.

398 3268 520 3339 (85)
550 3268 634 3351 ῖῷ
656 3262 1705 3351 τοσούτωριακῷ·ᾖτὰρᾶνλτιοιειιιῑιι.
1736 3269 1918 3325 τοσού-

2022 3267 2168 3336 gitur
2206 3284 2224 3316 ι
2264 3263 2595 3351 immortalis
2626 3263 2681 3351 ιι)
2716 3282 2734 3315 ι
2773 3262 3000 3344 gloriam
3030 3262 3355 3351 existimas?
3400 3282 3418 3315 ι
3453 3263 3600 3333 quod

326 3351 401 3409 τῳ
430 3341 626 3410 κακῷο
657 3343 708 3395 εί
738 3342 866 3413 γάρ.
902 3341 1103 3399 Usssn.

388 3430 506 3503 (86)
548 3431 660 3503 Τόν
683 3432 942 3488 θάνατον
968 3434 1225 3503 δόκησιν
1257 3436 1485 3502 καλεῖν,
1523 3435 1639 3503 τὴν
1666 3434 1735 3488 ἐκ
1766 3440 1920 3503 Παρ-

533 3501 847 3576 ger-rqth
887 3499 1291 3576 περικόπτειν,
1331 3506 1447 3574 τὴν
1473 3499 1679 3576 φύσιν
1724 3499 1920 3573 αὺτῆν

327 3567 851 3644 διαϐάέὶειιγοι.
886 3567 1070 3630 Latin.
1119 3594 1139 3627 ι
1178 3567 1286 3644 qui
1310 3567 1543 3630 mortem
1588 3583 1783 3644 putant
1821 3567 1920 3631 vo-

214 3647 221 3659 '
328 3654 451 3716 care
514 3640 754 3716 Virginis
797 3640 1252 3714 generationem)
1296 3645 1467 3716 (quod
1498 3640 1674 3698 Faber
1698 3646 1913 3716 edidit:

329 3711 420 3779 qui
454 3720 520 3785 ιιι
553 3711 835 3785 ιἰιιιοειιιιίι
861 3724 1056 3781 putant
1077 3716 1259 3770 vocari
1284 3711 1352 3770 de
1374 3716 1590 3785 Virgine
1613 3715 1918 3783 generatio-

327 3782 511 3854 nem),
538 3801 568 3854 _r
580 3782 974 3840 circumcidere
991 3786 1166 3854 ipsam
1198 3782 1543 3850 naturam,'et
1571 3782 1908 3841 diil‘amare.»

230 3918 235 3921 _
332 3846 464 3916 Ubi,
489 3846 1059 3925 qucw,_legenduin
1096 3856 1252 3923 (non,
1282 3863 1343 3910 ut
1364 3846 1563 3925 legisse
1592 3856 1806 3911 videtur
1833 3857 1918 3909 in-

330 3927 564 3997 terpres,
607 3922 875 3997 δοκοῦσιν)
932 3934 986 3979 et
1010 3922 1253 3997 verbum
1311 3922 1664 3997 περικόπτειν
1710 3926 1776 3979 ad
1818 3925 1917 3997 τὴν

328 3990 584 4065 γέννησιν
615 4008 741 4049 esse
775 3990 1119 4050 referendum
1142 4036 1157 4059 ,
1192 4012 1258 4050 ex
1290 3990 1641 4062 refutatione,
1672 4010 1794 4065 qua:
1825 3990 1915 4050 se-

329 4061 540 4137 quitur,
590 4066 941 4137 apparetrTi
988 4065 1478 4137 ﬁSQtXéﬁTElgr‘chv
1522 4061 1777 4137 γέννησιν
1817 4066 1915 4137 τῆς

329 4083 540 4143 quitur,
591 4083 834 4133 apparet.
878 4083 940 4117 ἰι
988 4083 1340 4137 περικοπτεις
1382 4083 1478 4188 ττὲν
1522 4083 1775 4136 γεννησιν
1817 4083 1914 4188 της

329 4145 526 4219 κοξνης⁹
548 4132 671 4219 τιςῦν,
687 4134 990 4219 ἀνθρώπων
1024 4136 1239 4219 φύσεως
1259 4136 1372 4219 uti
1403 4136 1430 4189 δ
1451 4137 1577 4219 Μὼς
1609 4134 1851 4219 παράδος
1886 4155 1914 4189 ν

328 4214 380 4251 τι
395 4202 483 4278 ἐπ’
500 4202 1095 4278 ἀνθρώπουγενόμενον
1134 4207 1193 4259 τὸ
1222 4206 1412 4269 πάθος,
1446 4207 1666 4278 δόκησιν
1693 4202 1912 4272 καλεῖς;

338 4288 357 4321 ι
403 4270 549 4336 Quid
593 4270 948 4331 circumcidis
986 4278 1322 4330 nativitatem
1363 4270 1672 4331 communis
1705 4270 1914 4331 naturae

335 4340 627 4427 {romanae}
661 4342 803 4427 Quid
849 4356 1273 4427 vero_tanquam
1315 4347 1558 4427 insolens
1602 4347 1911 4427 aliquidnin

331 4406 554 4535 ﬂamine
584 4406 812 4482 factum,
846 4406 1156 4486 passionem
1196 4418 1438 4487 appellas
1464 4406 1847 4487 phantasiam?
1886 4435 1906 4469 ι

399 4574 517 4645 (87)
548 4576 874 4645 Συμμαχεῖ.
906 4596 924 4628 ι
967 4576 1200 4634 Satanas
1231 4599 1250 4631 ι
1289 4595 1367 4635 sc.
1397 4590 1503 4634 vet.
1540 4578 1715 4633 Latin.
1756 4596 1776 4631 ι
1814 4594 1912 4634 au-

333 4642 554 4699 xiliator
585 4642 679 4712 es,
706 4665 724 4697 ι
762 4642 845 4701 vel
878 4666 896 4699 ι
935 4658 1036 4714 est,
1073 4669 1092 4701 ι
1128 4659 1189 4703 ιιι
1217 4649 1391 4704 Faber
1413 4651 1599 4705 edidit.
1638 4650 1768 4703 lem.

402 4738 519 4807 (88)
549 4740 832 4812 Μαγείας.
869 4759 887 4791 ι
928 4741 1112 4795 Marias
1148 4761 1168 4793 ι
1202 4758 1321 4811 pro,
1361 4760 1380 4793 ι
1432 4743 1644 4812 magiae,
1688 4761 1704 4794 ι
1731 4739 1914 4812 Faber

334 4820 617 4882 perperam
651 4811 739 4882 hic
770 4814 1080 4882 supposuit,
1120 4814 1265 4880 quod
1309 4821 1362 4866 et
1389 4811 1623 4882 sequens
1658 4811 1912 4882 refutatio

334 4876 683 4952 manifestum
718 4876 851 4935 facit
865 4876 890 4934 ί
908 4882 1034 4944 Πῶς
1064 4876 1246 4935 διε-καὶ
1283 4876 1674 4952 μάγοςόὗτοςς
1711 4902 1729 4934 ι
1767 4881 1914 4947 Quo-

334 4950 496 5003 modo
518 4958 573 5003 et
606 4967 800 5021 magus
830 4953 1046 5011 esthic?
1096 4970 1114 5003 ι
1149 4955 1280 5006 lam.

401 5038 516 5109 (89)
549 5042 1065 5113 Προϐαλλόμενος.
1090 5041 1211 5098 Vet.
1245 5042 1425 5097 Latin.
1468 5063 1487 5096 ι
1522 5044 1851 5113 immittens;
1886 5065 1905 5099 ι

336 5119 433 5174 pro
455 5124 565 5178 quo
588 5109 761 5164 Faber
795 5130 812 5162 ι
846 5127 1164 5182 suggerens,
1202 5132 1220 5163 ι
1248 5115 1551 5169 substituit.
1586 5114 1717 5169 lem.

336 5199 520 5325 Im(99.0)
549 5199 745 5272 Σοφὸς
772 5202 882 5275 γάρ
907 5206 1060 5262 ἐστι.
1091 5205 1213 5261 Vid.
1248 5206 1625 5266 Prolegomen.
1660 5224 1780 5280 cap.
1821 5209 1907 5264 1‘2.

404 5362 818 5444 (9i)_fA~rrolac
857 5367 988 5436 γάρ.
1017 5368 1131 5444 Γάρ
1170 5384 1238 5424 ex
1273 5369 1691 5444 Nydprucciano
1725 5372 1912 5427 codice

337 5444 417 5487 est
440 5435 705 5501 additum,
735 5445 790 5490 et
815 5435 993 5497 vetere
1016 5435 1307 5510 interprete
1324 5435 1536 5497 Latino.
1562 5443 1691 5497 luto.

404 5526 518 5597 (92)
533 5526 700 5605 Μηδὲ
720 5528 834 5605 πρὸ
867 5530 1209 5605 ποδῶν-τῷν
1235 5533 1451 5605 etzva
1475 5534 1908 5605 λόπονβλέπει.

679 5590 816 5670 μήτε
848 5600 954 5672 πρὸ
999 5603 1174 5657 ποδῶν
1204 5603 1312 5656 τῶν
1356 5590 1752 5674 saetosum
1785 5590 1907 5674 βλέέ

408 5759 818 5836 (95)--Καὶ-τύν
850 5763 1108 5818 θάνατον
1136 5766 1240 5819 τοῦ
1267 5766 1486 5834 θνητοῦ
1520 5766 1706 5831 δόξαν·
1744 5769 1907 5836 νομί-

342 5823 468 5893 ζεις.
500 5823 632 5886 νει.
676 5830 856 5886 Latin.
894 5854 913 5885 ι
946 5844 1000 5888 et
1028 5845 1255 5890 mortem
1287 5823 1532 5893 mortalis
1565 5857 1582 5888 ι
1608 5823 1717 5896 ’(ἱιίι
1757 5823 1901 5891 enim

345 5911 405 5951 ex
435 5898 833 5965 Magdalencnsi
864 5906 1049 5961 codice
1079 5907 1437 5969 restituimus.
1468 5908 1557 5964 ubi
1587 5908 1639 5963 in
1675 5908 1796 5964 aliis
1825 5910 1901 5963 lc-

2020 3334 2052 3391 ε
2083 3336 2482 3391 recentioribus
2529 3334 2699 3387 multo
2742 3334 2945 3388 rectius
2995 3343 3078 3387 est
3123 3334 3434 3388 redditum:
3478 3353 3497 3385 ι
3547 3343 3601 3388 et

2017 3415 2249 3525 mqrter’n
2301 3404 2545 3525 Ihominis
2594 3403 2844 3459 mortalis
2889 3418 3080 3458 censes
3123 3404 3435 3473 opinionem
3477 3418 3600 3458 esse

2018 3493 2080 3525 80
2102 3491 2217 3525 am.
2251 3494 2269 3525 ι
2321 3490 2430 3525 BID.

2018 3477 2224 3532 solam?
2251 3494 2269 3527 ›
2301 3477 2430 3528 Isin.

2089 3547 2201 3611 (94)
2224 3548 2294 3599 El
2319 3544 2387 3597 δὲ
2413 3544 2557 3610 Θεὸς
2590 3544 2687 3597 καὶ
2711 3543 3036 3612 ἄνθρωπος.
3073 3543 3164 3598 Sic
3192 3550 3245 3596 et
3271 3551 3377 3596 vet.
3416 3542 3595 3599 Latin.

2023 3635 2041 3667 ι
2080 3615 2136 3670 Si
2165 3614 2307 3669 Deus
2332 3623 2386 3669 et
2418 3616 2605 3677 homo,
2660 3633 2678 3665 ι
2717 3614 2809 3667 ubi
2855 3613 3323 3680 conjunctionem,
3369 3613 3421 3665 in
3473 3614 3596 3666 aliis

2016 3685 2612 3808 librisldcsideratam,
2656 3699 2723 3739 ex
2766 3682 3167 3754 Magdalcncnsi
3207 3699 3311 3738 ms.
3350 3684 3597 3752 reposui-

2014 3772 2158 3811 mus.
2213 3771 2320 3810 BlD.

2088 3846 2201 3916 (95)
2234 3846 2607 3916 Παράνομον.
2646 3842 2769 3899 Vet.
2813 3844 2991 3900 Latin.
3034 3864 3053 3897 ‹
3104 3845 3386 3915 iniquum;
3431 3865 3450 3898 ι
3487 3861 3594 3901 non

2022 3936 2041 3968 ι
2081 3918 2326 3983 unicum,
2366 3938 2384 3968 ι
2418 3927 2476 3971 ιιι
2515 3916 2814 3971 habebatur
2848 3917 2900 3968 in
2933 3917 3114 3971 editis.
3148 3919 3281 3970 Iam.

2085 4009 2197 4080 (96)
2230 4009 2342 4063 Τὸν
2380 4009 2751 4076 ἀνθρωπείαν
2784 4007 2997 4077 ψυχὴν
3044 4009 3285 4080 ἔχοντας
3325 4018 3450 4080 etc.
3476 4007 3593 4062 Non

2013 4079 2165 4135 tanta
2213 4094 2334 4134 esse
2395 4080 2553 4133 debet
2612 4080 2821 4147 antiqui
2880 4079 3187 4147 interpretis
3249 4079 3587 4144 auctoritas,

2013 4158 2075 4204 ut
2126 4150 2216 4205 hic
2270 4149 2744 4217 interpolationem
2792 4148 2992 4204 factam
3050 4148 3220 4202 fuisse
3272 4149 3593 4203 aﬂirmetur.

2013 4220 2129 4274 lmo
2147 4220 2486 4275 contrarium
2509 4219 2643 4273 mihi
2678 4220 2737 4272 iit
2756 4219 2915 4288 longe
2946 4219 3282 4275 credi-bilius.
3311 4218 3415 4273 Sed
3432 4220 3592 4288 quid-

2052 4290 2143 4344 uid
2173 4291 2264 4353 sit,
2296 4289 2433 4343 mira
2462 4297 2545 4343 est
2568 4289 2671 4343 viri
2708 4290 2854 4344 docti
2892 4291 3224 4350 observatio,
3264 4291 3318 4344 in
3361 4290 3593 4357 vulgatis

2052 4308 2143 4344 mu
2173 4308 2264 4353 ειι,
2296 4308 2433 4343 mira
2462 4308 2545 4343 εει
2568 4308 2671 4343 νιιι
2708 4308 2854 4344 uocu
2892 4308 3224 4350 ooservauo,
3264 4308 3318 4344 ιιι
3361 4308 3589 4357 νυικιιιιε

2012 4308 2223 4415 tLatinis
2245 4375 2314 4414 ne
2335 4360 2593 4414 lectorem
2624 4374 2845 4415 crassus
2870 4374 3023 4415 error
3047 4358 3363 4423 offenderet,
3392 4380 3410 4411 ι
3436 4359 3589 4415 Chri-

2013 4440 2158 4486 stum
2191 4431 2486 4484 humanam
2522 4429 2761 4483 animam
2797 4446 2905 4485 non
2929 4430 3205 4495 habuisse,
3240 4450 3258 4481 ι
3292 4432 3592 4498 repositum

2009 4498 2185 4557 fuisse
2220 4519 2239 4552 ι
2280 4509 2531 4554 naturam
2572 4519 2590 4550 ι
2630 4515 2727 4569 pro
2758 4520 2776 4551 ‹
2816 4501 3021 4554 anima.
3063 4519 3080 4551 ι
3118 4499 3285 4565 Quasi
3312 4517 3418 4555 non
3445 4516 3592 4555 cras-

2016 4571 2132 4626 sius
2161 4578 2216 4625 et
2245 4570 2487 4638 apertius
2519 4585 2703 4623 errare
2750 4571 2841 4636 sit,
2869 4570 3050 4625 dicere
3085 4571 3364 4625 Christum
3394 4570 3593 4623 huma-

1944 4621 1991 4681 ί)
2017 4656 2143 4695 nam
2172 4621 2423 4694 nattiram
2468 4654 2576 4693 non
2619 4621 2896 4705 habuisse,
2926 4654 3092 4709 quam
3131 4639 3312 4694 dicere
3341 4642 3591 4693 eumdem

2018 4712 2263 4767 caruisse
2291 4712 2473 4764 anima
2519 4710 2779 4775 humana,
2812 4710 3111 4779 praesertim
3142 4724 3265 4763 cum
3307 4719 3592 4777 sequatur,

2025 4800 2044 4833 ι
2082 4780 2321 4835 Verbum
2356 4781 2542 4836 homo.
2574 4799 2592 4831 ι
2638 4780 2773 4835 Cor.
2813 4778 2889 4819 l—
2935 4778 3047 4833 Τὸν
3076 4779 3448 4847 ἀνίῆοωπείαν
3476 4782 3585 4846 ψυ-

2058 4851 2138 4920 ὴν
2158 4850 2416 4919 Exortus;
2454 4854 2487 4904 ὁ
2509 4920 2515 4921 γ
2538 4850 2727 4919 Λόγος
2751 4849 2907 4921 σὰρξ
2940 4846 3198 4918 ἐγένετο,
3237 4846 3591 4921 καὶίτέλξιος

2056 4917 2340 4990 fama“,
2364 4924 2476 4975 οὐκ
2494 4920 2563 4973 ἐν
2581 4917 2866 4987 ἀνθρώπῳ
2895 4917 3277 4990 κατοικήσας.
3320 4919 3440 4974 Vid.
3464 4917 3590 4974 Pro-

2013 4988 2285 5063 legomen.
2339 5008 2457 5063 cap.
2495 4991 2561 5044 l2
2601 4997 2655 5045 et
2698 4991 2787 5055 15,
2828 4988 3348 5063 ubiApollinariani
3377 4990 3590 5063 erroris

2014 5058 2326 5132 suspectum
2363 5058 2508 5132 hunc
2529 5069 2805 5132 auctorem
2842 5060 3206 5132 reddidimus:
3236 5060 3309 5113 ita
3340 5058 3590 5132 videlicet

2013 5129 2292 5188 Christum
2322 5131 2477 5201 ψιλὸν
2520 5131 2807 5202 ἄνθρωπον
2853 5145 2976 5202 esse
3019 5129 3371 5202 inﬁciantem_,
3402 5138 3490 5202 _ut
3531 5129 3586 5183 in

2013 5218 2243 5272 corpore
2282 5199 2346 5257 ex
2381 5202 2547 5255 Maria
2589 5199 2891 5270 aesumpto,
2926 5200 3044 5255 loco
3080 5200 3297 5272 animae,
3330 5199 3586 5272 deitatem

2012 5270 2351 5327 inhabitasse
2397 5273 2673 5337 crederet,
2715 5274 2993 5340 quomodo
3037 5280 3091 5325 et
3123 5271 3221 5340 illa,
3259 5278 3476 5340 sonant,
3513 5270 3586 5340 (in

2011 5344 2343 5399 assumentis
2372 5342 2626 5411 Epistula:
2657 5338 3066 5411 att—Trallianos
3102 5355 3119 5392 .'
3153 5338 3587 5411 ’Alnmbgeyﬁy‘

2010 5430 2141 5491 νησε
2172 5413 2361 5491 Μαρία
2403 5408 2753 5491 σῶιμαπεξεὸν
2797 5412 2999 5491 ἕᾳνοικον
3044 5409 3218 5491 ἕζονολ
3235 5408 3329 5491 καὶ
3370 5408 3585 5491 ἀληθῶς

2010 5430 2141 5485 νησε
2173 5430 2361 5485 Μαρια
2403 5430 2581 5482 σωμα,
2623 5430 2753 5467 δεον
2797 5430 2999 5465 ενοικον
3044 5430 3191 5533 εῇον·
3235 5430 3329 5464 και
3370 5430 3584 5491 αληὲιως

2010 5480 2283 5553 ἐγεννήθη
2323 5485 2352 5534 ὁ
2400 5483 2531 5545 Θεὸς
2586 5483 2757 5550 Λόγος
2794 5484 2877 5553 ίὲκ
2928 5483 3071 5553 τῆςυ
3119 5480 3369 5552 αρθὲνου,
3412 5496 3584 5553 σωμα

2008 5549 2331 5625 ὁμοιοπαθὲς
2364 5549 2915 5625 ήμῖνὴμφιεσμένος.
2957 5549 3005 5625 ιί
3028 5549 3171 5606 Vere
3198 5554 3383 5621 genuit
3412 5549 3582 5619 Maria

2009 5623 2229 5692 curpus,
2263 5624 2469 5678 habens
2499 5624 2551 5692 in
2591 5640 2650 5677 se
2687 5624 2854 5692 Deum
2888 5623 3218 5677 habitantem
3255 5640 3267 5675 :
3299 5633 3354 5676 et
3392 5636 3578 5675 revera

2010 5691 2172 5748 natus
2204 5701 2286 5747 est
2309 5692 2451 5749 Deus
2479 5691 2712 5747 Verbum
2741 5710 2806 5747 cx
2828 5691 3068 5761 Virgine,
3106 5692 3333 5746 vestitus
3354 5707 3580 5761 corpore

2007 5762 2247 5818 obnoxio
2272 5763 2465 5818 iisdem
2500 5764 2845 5832 passionibus
2870 5763 3178 5826 nobiscum,
3222 5782 3240 5812 ι
3273 5762 3432 5832 nullo,
3456 5776 3579 5814 om-

2008 5836 2138 5956 ὓίιιυ
2189 5834 2385 5889 animae
2443 5831 2538 5890 aut
2588 5834 2707 5905 ejus
2747 5834 3034 5890 affectuum
3086 5832 3360 5888 mentione
3412 5831 3575 5887 facta.

2057 5916 2202 5955 ssen.

2057 5916 2202 5955 SSEli.
