4076 6434
448 426 556 486 997

1237 423 1326 478 AD
1354 422 1738 479 EPISTOLAS
1778 422 1837 478 S.
1883 422 2139 479 lGNATIl
2170 421 2529 482 GENUINAS
2568 422 2908 479 APPENDIX

3604 418 3717 479 923

451 544 601 601 mine
622 543 906 600 habitavit.
936 541 1056 608 Quo
1090 540 1255 596 modo
1280 552 1460 596 autem
1491 550 1546 596 et
1579 555 1773 612 magus
1796 540 1905 607 hic,
1935 540 2029 611 qui
2060 582 2069 605 λ

2155 542 2188 596 is
2219 541 2314 595 καὶ
2364 540 2537 613 μάγος
2608 532 2756 605 ὖτος,
2793 542 2822 594 6
2868 539 3035 594 πάλαι
3083 555 3184 612 μεν
3226 538 3719 610 πᾶσαναίσθόητὴν
3830 520 3833 523 Α

450 638 579 692 olim
638 639 857 708 quidem
916 650 1136 689 omnem
1195 642 1448 689 naturam
1509 644 1621 690 tam
1680 635 2028 701 sensibilem,

450 744 617 799 quam
658 728 1051 800 intelligibilem
1097 727 1342 783 condidit
1374 727 1655 783 voluntate
1686 725 1866 782 Patris
1904 745 1918 781 :
1950 727 2034 781 in—

449 828 711 877 carnatus
759 836 890 877 vero
934 835 1156 878 omnem
1198 820 1519 890 languorem
1559 828 1614 875 et
1660 818 2033 875 inﬁrmitatem

450 914 668 971 curavit
691 914 773 968 ⁷ιῖ

524 1003 618 1060 VI.
642 1004 814 1061 Porro
859 1008 1135 1078 quomodo
1170 1019 1277 1059 non
1307 1012 1392 1059 est
1425 1003 1590 1070 Deus,
1628 1003 1739 1069 ille,
1767 1004 1861 1074 qui
1884 1018 2036 1058 mor-

452 1113 578 1154 tuos
612 1098 872 1164 suscitat;
913 1099 1140 1153 claudos
1186 1098 1415 1152 dimittit
1439 1098 1694 1169 {integros
1721 1112 1788 1152 ac
1815 1095 2038 1166 expedi-

452 1199 569 1257 tos;
613 1191 862 1260 leprosos
908 1191 1153 1253 mundat,
1190 1189 1349 1245 caecis
1389 1190 1633 1244 restituit
1662 1190 1843 1245 visum
1877 1189 1945 1252 τ’,
1973 1202 2038 1242 ea

448 1297 575 1352 quae
600 1290 729 1337 sunt
758 1282 846 1337 vel
874 1290 1055 1353 auget,
1080 1282 1165 1336 vel
1195 1282 1475 1347 immutat;
1512 1290 1569 1336 ut
1596 1281 1841 1351 quinque
1867 1294 2039 1350 panes

451 1384 507 1431 et
544 1375 684 1430 duos
720 1376 931 1445 pisces;
973 1382 1027 1430 et
1057 1390 1257 1445 aquam
1293 1375 1348 1429 in
1391 1374 1579 1429 vinum
1609 1374 1691 1441 7‘;
1719 1382 1873 1428 tuum
1910 1386 2039 1426 vero

451 1467 754 1523 exercitum
784 1467 905 1544 solo
955 1466 1107 1537 fugat
1134 1466 1302 1522 verbo
1329 1466 1411 1522 7"?
1451 1465 1594 1533 Quid
1630 1480 1761 1520 vero
1800 1461 2039 1533 Virginis

455 1558 737 1628 improbas
776 1568 1061 1624 naturam,
1099 1568 1153 1615 et
1197 1559 1445 1615 membra
1488 1559 1670 1628 turpia
1716 1554 2041 1626 nuncupas?

453 1651 551 1720 qui
579 1650 708 1707 olim
748 1652 865 1707 haec
897 1651 1015 1721 ipsa
1054 1651 1297 1706 membra
1337 1651 1391 1705 in
1423 1651 1639 1721 pompis
1684 1650 2038 1717 ostentabas,

452 1753 511 1798 et
530 1744 723 1799 nudari
748 1744 1003 1815 iubebas,
1036 1745 1313 1799 masculos
1341 1745 1561 1815 quidem
1590 1744 1645 1799 in
1686 1751 2039 1813 conspectum

455 1836 809 1903 feminarum,
835 1836 1071 1893 feminas
1099 1853 1228 1893 vero
1266 1838 1323 1891 in
1352 1835 1613 1893 eﬂ'renem
1646 1836 1884 1891 marium
1912 1836 2041 1891 libi-

454 1930 659 1984 dinem.
691 1927 850 1985 Nunc
880 1930 995 1984 haec
1017 1930 1134 1998 ipsa
1164 1945 1196 1983 a
1224 1938 1274 1983 te
1296 1928 1613 1998 iudicantur
1648 1928 1929 1995 obscaena,
1954 1938 2040 1983 at-

453 2036 562 2091 que
590 2029 642 2076 te
670 2021 926 2092 pudicum
960 2021 1212 2087 simulas,
1258 2028 1317 2076 tu
1367 2020 1596 2090 spiritus
1619 2019 2036 2090 fornicationis;

456 2114 721 2185 ignorans
749 2123 879 2168 tunc
900 2114 1118 2168 demum
1145 2112 1351 2183 aliquid
1384 2127 1507 2169 esse
1537 2112 1885 2180 obscoenum,
1914 2129 2039 2169 cum

456 2206 661 2262 scelere
702 2207 969 2276 pollutum
990 2207 1184 2272 fuerit;
1213 2214 1269 2260 at
1289 2206 1510 2275 quando
1535 2206 1693 2262 abest
1716 2215 2002 2275 peccatum
2023 2249 2039 2275 ,

456 2299 593 2354 nihil
628 2306 785 2369 turpe
814 2308 919 2367 est,
944 2299 1081 2354 nihil
1104 2300 1335 2365 malum,
1354 2314 1545 2355 eorum
1578 2316 1701 2371 quae
1726 2300 1868 2356 facta
1892 2312 2041 2367 sunt,

452 2391 551 2446 sed
600 2392 786 2445 omnia
836 2391 981 2446 bona
1020 2391 1197 2446 valde.
1234 2388 1437 2446 Verum
1483 2399 1541 2446 tu
1571 2391 1668 2462 qui
1716 2407 1829 2447 non
1868 2393 2041 2460 vides,

455 2482 736 2553 improbas
757 2498 842 2539 ea.

528 2574 646 2628 V11.
678 2573 747 2628 Et
782 2590 893 2645 quo
947 2573 1113 2629 modo
1166 2589 1360 2631 rursus
1406 2575 1641 2631 necdum
1686 2574 1787 2630 tibi
1831 2575 2045 2631 videtur

457 2666 713 2722 Christus
738 2681 861 2722 esse
886 2682 953 2721 ex
982 2665 1228 2736 Virgine,
1250 2667 1342 2722 sed
1371 2682 1496 2723 esse
1521 2666 1613 2723 ille
1649 2666 1744 2737 qui
1769 2676 1855 2722 est
1881 2682 2046 2736 super

456 2760 645 2815 omnia
685 2760 850 2827 Deus,
882 2761 1088 2831 quique
1139 2762 1494 2831 omnipotens
1531 2761 1654 2817 est?
1687 2760 1821 2827 Quis
1855 2762 2043 2832 igitur,

458 2851 650 2917 dicito,
677 2853 824 2907 hunc
854 2853 1038 2908 misit?
1068 2853 1194 2922 quis
1242 2853 1408 2922 hujus
1441 2852 1701 2908 dominus
1732 2854 1855 2907 eat?
1885 2852 2046 2922 cujus

460 2960 592 3000 vero
618 2945 884 2999 voluntati
912 2944 1001 2999 hic
1027 2944 1307 2999 obedivit?
1332 2952 1387 2998 et
1420 2959 1560 3014 quas
1602 2944 1749 3013 leges
1780 2942 2044 3013 implevit,

458 3037 556 3106 qui
584 3052 685 3091 nec
711 3035 946 3106 alicujus
970 3035 1262 3100 voluntati,
1290 3050 1391 3090 nec
1414 3036 1673 3105 potestati
1707 3034 1885 3089 cedit?
1907 3033 2048 3088 Cum

460 3127 741 3183 Christum
782 3127 981 3183 eximis
1028 3143 1059 3182 a
1114 3127 1435 3193 nativitate;
1493 3126 1796 3196 ingenitum
1840 3125 2045 3190 sancis,

2131 634 2227 689 καὶ
2258 633 2453 706 νοητὴν
2483 641 2645 703 φύσιν
2688 632 3107 697 κατασκευάσας
3146 630 3338 703 γνώμῃ
3372 631 3593 704 Πατρός
3612 645 3628 661 ·
3660 630 3725 685 ἂν

2131 725 2190 781 δὲ
2221 728 2288 797 τῇ
2321 725 2752 798 ὲνανθρωτιήσει,
2792 724 2971 780 πᾶσαν
3002 724 3154 778 νόσον
3198 723 3294 778 καὶ
3326 722 3605 795 μαλακίαν
3634 719 3720 775 θε-

2137 815 2415 888 ραπεύσας
2448 815 2558 887 (97)
2576 831 2591 881 ;

2213 1013 2298 1069 Vl.
2312 1014 2437 1077 Πῶς
2451 1012 2509 1066 δὲ
2519 1012 2618 1084 οὐχ
2627 1003 2780 1077 οὗτος
2795 1011 2947 1076 Θεὸς,
2961 1012 2992 1065 6
3006 1009 3233 1082 νεκροὺς
3245 1009 3499 1076 ἀνιστῶν,
3515 1010 3721 1081 χωλοὺς

2137 1107 2360 1181 ἀρτίους
2406 1106 2774 1171 ἀποστέλλων,
2819 1104 3055 1175 λεπροὺς
3105 1103 3437 1176 καθαρίζων,
3489 1102 3727 1173 τυφλοὺς

2137 1200 2423 1273 ὀμματῶν,
2455 1200 2524 1256 τά
2556 1198 2687 1252 ὄντα
2718 1197 2752 1269 ἢ
2784 1194 2986 1263 αὔξων,
3019 1194 3053 1267 ἢ
3092 1195 3445 1266 μεταϐάλλων
3467 1196 3580 1267 (98)
3599 1213 3614 1226 °
3648 1196 3728 1260 ὡς

2135 1298 2262 1359 τοὺς
2293 1295 2455 1349 πέντε
2494 1295 2714 1366 ἄρτους,
2762 1291 2859 1345 καὶ
2900 1290 2948 1323 ⁷³
2989 1291 3115 1354 τοὺς
3155 1289 3247 1344 δύο
3280 1289 3492 1360 ίχθύας,
3533 1290 3630 1343 καὶ
3667 1289 3732 1344 τὸ

2139 1388 2284 1459 ὕδωρ
2316 1390 2395 1450 εἰς
2426 1382 2596 1440 οἶνονο
2631 1385 2722 1438 τὸν
2751 1383 2809 1438 δὲ
2841 1382 2936 1437 σὺν
2960 1383 3189 1456 στρατὸν
3207 1384 3413 1455 ῥήματι
3449 1382 3609 1453 μόνον
3630 1399 3733 1452 φυ-

2138 1477 2383 1547 γαδεύων
2416 1479 2564 1547 (99);
2598 1476 2664 1529 Τί
2692 1476 2751 1529 δὲ
2782 1473 3029 1539 κακίζεις
3045 1476 3122 1545 (1)
3143 1474 3242 1545 τὴν
3258 1474 3419 1543 φύσιν
3432 1474 3533 1545 τῆς
3573 1476 3725 1545 Παρ-

2138 1571 2314 1635 θένου,
2354 1571 2545 1625 καιτά
2592 1570 2760 1643 μόρια
2821 1571 3117 1634 ἀποκαλεῖς
3164 1569 3243 1638 (2)
3288 1568 3522 1640 αἰσχρά;
3564 1567 3734 1622 πάλαι

2138 1659 2314 1714 ταῦτα
2362 1659 2662 1733 πομπεύων
2692 1663 2795 1731 (5),
2828 1663 2924 1717 καὶ
2965 1659 3304 1733 γυμνοῦσθαι
3347 1659 3587 1714 κελεύων
3628 1659 3734 1731 (4),

2140 1750 2377 1823 ἄρρενας
2441 1751 2541 1822 μὲν
2599 1754 2681 1817 είς
2740 1752 2863 1822 ὄψιν
2926 1750 3194 1823 θηλειῶν,
3258 1749 3479 1821 θηλείας
3534 1749 3594 1803 δὲ
3652 1750 3738 1813 εις

2143 1841 2443 1897 ἀκόλαστον
2461 1842 2758 1915 ἐπιθυμίαν
2782 1842 3052 1915 ἀρρένων.
3074 1841 3190 1895 Νὖν
3221 1840 3425 1912 αἰσχρά
3456 1857 3539 1894 σοι
3560 1839 3741 1894 ταῦτα

2143 1931 2457 2002 νενόμισται
2501 1932 2600 2003 (5),
2646 1933 2744 1986 καὶ
2789 1932 2990 2004 σεμνὸς
3032 1926 3176 1988 εἶναι
3228 1933 3522 2001 προσποιῇ,
3565 1930 3631 1983 σὺ
3675 1928 3743 1983 τὸ

2140 2023 2241 2093 τῆς
2272 2024 2531 2095 πορνείας
2576 2025 2816 2096 πνεῦμα,
2859 2024 3074 2093 ἀγνοῶν
3105 2025 3191 2078 ὅτι
3221 2023 3344 2078 τότε
3375 2023 3591 2092 γίνεται
3622 2023 3744 2077 αῖσ-

2143 2113 2273 2184 χρόν
2292 2131 2365 2178 τι,
2386 2116 2515 2168 ὅταν
2542 2114 2858 2186 παρανομίᾳ
2884 2113 3133 2185 ῥυπανθῇ
3149 2131 3162 2144 ·
3197 2113 3476 2183 ἁμαρτίας
3495 2111 3554 2165 δὲ
3568 2109 3745 2166 ἀπού-

2143 2224 2264 2278 σης,
2286 2207 2438 2261 οὐδὲν
2462 2207 2568 2262 τῶν
2588 2207 3149 2279 γενομένωναίσχρὸν,
3174 2206 3328 2261 οὐδὲν
3348 2205 3575 2275 φαῦλον,
3604 2206 3747 2260 ἀλλά

2143 2298 2322 2352 πάντα
2361 2298 2504 2353 καλά
2534 2298 2675 2354 λίαν.
2710 2298 2822 2352 Καὶ
2852 2299 2917 2353 σὺ
2942 2298 3017 2369 μὴ
3044 2297 3278 2368 βλέπων,
3305 2295 3554 2361 κακίζεις
3576 2296 3744 2351 αὐτά.

2216 2587 2327 2643 νη.
2345 2587 2470 2652 Πῶς
2483 2588 2540 2642 δὲ
2558 2588 2718 2643 πάλιν
2730 2588 2831 2643 ούκ
2845 2586 2925 2642 ἔτι
2944 2605 3025 2643 σοι
3042 2589 3231 2642 δοκεῖὸ
3245 2587 3481 2661 Χριστὸς
3510 2583 3649 2641 εἶναι
3678 2586 3749 2643 lx

2143 2680 2246 2750 τῆς
2278 2680 2575 2751 Παρθένου,
2609 2680 2726 2735 ἀλλ’
2771 2682 2799 2734 6
2841 2680 2935 2732 ἐπὶ
2979 2681 3200 2734 πάντων
3243 2679 3378 2743 Θεὸς
3411 2679 3487 2750 (6)
3520 2679 3548 2733 6
3595 2676 3672 2732 ὣν
3715 2679 3747 2729 6

2148 2773 2580 2844 παντοκράτωρ;
2617 2774 2714 2837 Τίς
2748 2768 2844 2827 οὖν
2873 2776 2903 2826 6
2943 2771 3131 2826 τοῦτον
3185 2771 3531 2837 ἀποστείλας,
3585 2768 3744 2824 εἰπέ·

2142 2863 2230 2927 τίς
2259 2864 2288 2917 6
2318 2864 2508 2918 τούτου
2564 2863 2869 2937 κυριεύων;
2894 2863 3089 2938 γνώμῃ
3118 2866 3177 2919 δὲ
3206 2866 3352 2928 τίνος
3382 2856 3539 2926 οὗτος
3556 2860 3748 2915 ἐπειθ-

2147 2956 2389 3028 άρχησε;
2437 2957 2618 3027 νόμων
2661 2959 2718 3013 δὲ
2758 2959 2926 3013 ποίων
2970 2958 3046 3033 (7)
3096 2957 3387 3031 πληρωτὴς
3430 2957 3672 3027 γέγονεν,
3720 2956 3754 3009 6

2151 3047 2290 3117 μήτε
2320 3046 2516 3121 γνώμῃ
2552 3048 2698 3113 τινὸς
2731 3050 2868 3122 μήτε
2900 3047 3121 3121 ἐξουσίᾳ
3156 3047 3321 3102 εἴκων
3355 3046 3461 3119 (8);
3512 3045 3607 3099 καὶ¹
3656 3043 3753 3098 τὸν

2150 3139 2383 3211 Χριστὸν
2431 3138 2668 3213 ἐξαιρῶν
2712 3142 2811 3213 τῆς
2853 3143 3184 3213 γεννήσεως,
3218 3141 3266 3173 ⁷⁸
3309 3139 3402 3193 τὸν
3453 3138 3753 3209 ἀγέννητον

460 3220 705 3293 genitum
744 3235 898 3285 esse;
937 3229 991 3276 et
1034 3221 1129 3291 qui
1164 3219 1436 3289 principio
1481 3226 1654 3285 caret,
1708 3218 1857 3273 hunc
1906 3217 2045 3272 dicis

2155 3232 2465 3304 νομοθετεῖς
2488 3235 2533 3267 ⁷⁷
2557 3234 2940 3307 γεγεννῆσθαι,
2974 3234 3069 3288 καὶ
3101 3230 3321 3306 σταυρῷ
3359 3228 3755 3305 προσηλῶσθαι

461 3313 614 3370 cruci
641 3312 901 3375 aﬂixum;
932 3328 1043 3382 quo
1072 3311 1445 3382 permittente,
1472 3324 1581 3365 non
1635 3310 1812 3366 habeo
1845 3309 2047 3366 dicere.

463 3404 757 3460 Enimvero
788 3412 879 3459 tua
908 3404 1135 3459 minime
1159 3418 1247 3458 me
1275 3403 1406 3459 latet
1432 3402 1698 3469 versutia,
1724 3417 1824 3459 nec
1853 3402 2049 3474 ignoro

465 3507 519 3553 te
569 3497 793 3569 obliquo
842 3505 898 3552 et
949 3496 1170 3568 gemino
1219 3511 1410 3567 gressu
1446 3495 1717 3551 incedere.
1750 3494 1833 3550 Tu
1864 3504 2047 3550 autem

463 3590 706 3662 Ignoras,
731 3589 857 3661 quis
887 3589 960 3645 sit
1003 3588 1242 3660 genitus,
1269 3589 1365 3659 qui
1400 3586 1585 3642 omnia
1610 3586 1753 3642 scire
1776 3594 1828 3643 te
1861 3587 2044 3658 ﬁngis.

2157 3325 2251 3380 τὸν
2281 3326 2516 3399 ἄναρχον
2535 3344 2547 3357 ·
2582 3328 2727 3392 τίνος
2770 3328 3249 3401 συγχωρήσαντος,
3284 3324 3385 3380 οὐκ
3416 3323 3524 3395 ἔχω
3554 3325 3754 3377 εἰπεῖν.

2170 3418 2331 3473 Ἀλλά
2392 3420 2503 3492 γὰρ
2557 3420 2619 3474 ού
2674 3420 2906 3494 λέληθάς
2964 3438 3034 3494 με
3088 3418 3181 3474 τοῦ
3244 3416 3581 3489 παλιμϐόλου
3639 3414 3717 3485 (9)
3738 3432 3756 3448 ⁸

2154 3510 2264 3564 οὐδ’
2310 3510 2511 3579 ἀγνοεῖ),
2564 3512 2648 3565 ὅτι
2698 3511 2787 3565 διά
2832 3510 2964 3577 λοξά
3006 3510 3100 3563 καὶ
3144 3509 3344 3580 δίδυμα
3376 3506 3583 3578 βαίνεις
3614 3503 3753 3575 (10).

2168 3601 2403 3671 Ἀγνοεῖς
2448 3602 2507 3655 δὲ
2553 3603 2618 3657 σὺ
2643 3603 2726 3668 τίς
2770 3606 2798 3658 6
2820 3601 3123 3673 γεννηθεὶς,
3155 3603 3184 3655 6
3222 3602 3330 3655 πᾶν
3358 3599 3557 3654 εἰδέναι
3588 3612 3766 3669 προσ-

2151 3692 2492 3765 ποιούμενος.

535 3838 583 3872 ’⁸
607 3839 797 3895 Matth.
820 3855 894 3903 Iv,
927 3840 997 3894 25
1024 3849 1078 3895 et
1108 3855 1186 3906 lx,
1217 3838 1308 3894 55.
1346 3838 1392 3871 ’³
1420 3837 1608 3893 Matth.
1642 3852 1722 3903 χι,
1748 3837 1803 3892 5.
1880 3837 1926 3870 "
1948 3853 2050 3893 ms.

2179 3838 2227 3873 "
2253 3837 2414 3895 Joan.
2449 3855 2502 3896 v1
2525 3849 2578 3897 et
2601 3856 2663 3896 ιι.
2740 3840 2786 3872 ⁷⁵
2813 3838 2945 3896 Luc.
2975 3855 3096 3906 vni,
3130 3835 3221 3893 50.
3293 3834 3340 3868 ⁷⁸
3364 3833 3517 3891 deest
3543 3831 3599 3887 in
3642 3843 3759 3886 ms.

470 3908 516 3943 "
541 3925 647 3966 ms.
677 3910 993 3981 νομοθετῆς.

541 4052 655 4121 (97)
684 4051 898 4108 Πᾶσαν
936 4054 1127 4106 νόσον
1174 4051 1273 4105 καὶ
1299 4050 1619 4121 μαλακίαν
1654 4051 2051 4121 θεραπεύσας.

468 4120 548 4176 Ex
573 4122 764 4177 Matth.
799 4139 875 4188 rx,
906 4124 996 4185 55,
1033 4132 1095 4177 ut
1117 4130 1372 4189 etsupra,
1412 4122 1468 4175 in
1500 4120 1890 4177 additamentis
1919 4120 2057 4190 Epi-

468 4193 626 4263 σιοίίο
651 4193 721 4245 ad
754 4192 1150 4263 Magnesianos.
1178 4190 1380 4263 Ussan.

544 4262 657 4329 (98)
695 4265 770 4316 "H
809 4260 1033 4328 αὔξων,
1076 4262 1115 4330 ἢ
1164 4260 1577 4331 μεταϐάλλων.
1614 4261 1795 4317 Veteri
1831 4260 2061 4316 editioni

469 4330 701 4399 Latinae,
747 4346 813 4388 ex
866 4349 971 4388 ms.
1020 4330 1893 4403 Magdalencnsi,(restituimuispg
1940 4352 1958 4384 ι
1995 4333 2063 4389 de

471 4404 716 4472 quinque
745 4404 981 4473 panibus
1017 4414 1072 4457 et
1098 4401 1315 4473 duobus
1354 4401 1601 4472 piscibus
1638 4412 1720 4460 tot
1755 4401 1927 4457 millia
1955 4402 2063 4458 ho-

470 4471 683 4526 mimtm
714 4471 1001 4528 saturavit.
1041 4493 1059 4524 ι
1096 4471 1230 4526 lein.

544 4542 656 4620 (99)
697 4544 902 4620 Μόνον
951 4543 1323 4614 φυγαδεύων.
1370 4543 1507 4599 Cod.
1548 4541 1861 4615 Nydprucc.
1913 4546 2061 4620 μόνῳ

473 4612 817 4683 φυγαδεύειν.
858 4615 984 4668 Ιιιιι).

548 4683 624 4752 (l)
650 4683 933 4751 Κακίζεις.
966 4684 1088 4741 Vet.
1126 4684 1311 4739 Latin.
1352 4703 1371 4735 ‹
1406 4684 1713 4753 pessimas:
1760 4704 1779 4737 ›
1813 4696 1949 4745 utet
1977 4688 2064 4742 in-

472 4752 580 4829 fra,
620 4754 745 4829 licet
777 4756 830 4808 in
864 4756 1047 4829 priore
1090 4756 1214 4810 loco
1244 4770 1345 4825 pro
1374 4752 1437 4808 ea
1472 4770 1608 4829 voce
1644 4754 1840 4829 Faber,
1871 4779 1889 4809 ι
1928 4759 2067 4829 deji-

475 4826 587 4949 fis;
643 4844 661 4876 ι
717 4826 771 4879 in
818 4828 1144 4895 posteriore,
1196 4845 1215 4879 ι
1273 4825 1577 4896 pessundas
1622 4844 1641 4877 ι
1694 4825 2064 4887 substituerit.

501 4911 610 4949 mn.

501 4911 610 4949 ΒΗ).

569 4966 624 5040 ἓ)
655 4966 1026 5040 Ἀποκαλεῖς.
1049 4966 1122 5040 Ita
1150 4966 1273 5040 cod.
1303 4965 1720 5038 Nydprucc.ubi
1750 4967 2062 5040 Augustali.

475 5043 527 5089 et
552 5036 851 5091 Florentin.
883 5038 1193 5101 ἀπολαλεῖς.
1227 5037 1357 5091 Ιιιιι).

550 5107 627 5174 ('5)
661 5106 854 5179 Ταῦτα
914 5111 1255 5179 πομπεύων.
1301 5107 1442 5179 god.
1510 5105 1818 5179 Nydprncc.
1892 5104 2070 5179 ταῦτα

479 5176 930 5258 πομπεύεινΝει.
980 5175 1162 5232 Latin.
1224 5197 1241 5229 ‹
1298 5177 1423 5232 Haec
1467 5175 1890 5301 lpraeseminans.
1927 5196 1944 5228 ι
1987 5175 2069 5228 Ad

479 5246 827 5301 ethnicorum
892 5263 1022 5301 vero
1084 5249 1305 5301 Phallos
1356 5258 1411 5301 et
1494 5249 1762 5301 tvnhallos
1788 5251 1892 5301 ista
1928 5245 2069 5301 refe-

478 5249 827 5301 ethnicorum
892 5263 1022 5303 vero
1084 5249 1305 5303 Phallos
1356 5258 1411 5301 et
1467 5249 1762 5318 ltyphallos
1788 5251 1892 5305 ista
1928 5249 2071 5301 refe-

478 5317 649 5370 renda
684 5319 884 5371 docent
915 5318 1005 5373 hic
1058 5319 1112 5373 in
1162 5317 1318 5374 Notis
1352 5318 1471 5375 suis
1507 5318 1814 5376 Vairlenius
1855 5328 1910 5375 et
1944 5315 2071 5371 Mte-

481 5394 698 5442 strteus.
732 5387 861 5443 lein.

555 5456 633 5528 (4)
686 5459 809 5531 {fati
854 5457 1228 5531 γυμνοῦσθαι
1276 5462 1574 5531 λιελεύων.
1624 5459 1744 5517 Huc
1793 5458 2073 5531 pertinent

484 5528 758 5647 Ἐδναικῶν
789 5527 1230 5612 ἀπογυμνώσεις,
1276 5528 1583 5600 Epiphanio
1638 5527 1959 5585 memoratae
2015 5527 2070 5581 in

536 5599 832 5647 muasitione
862 5600 1060 5647 ﬁdeLc-
1109 5598 1192 5647 10-
1243 5598 1375 5647 Item
1424 5601 1514 5647 illa
1551 5601 1692 5647 annd
1744 5598 2070 5647 Gregorium

536 5599 832 5671 xpositione
858 5598 1060 5671 ﬁdei,c.
1108 5598 1192 5671 IQ.
1243 5598 1694 5671 Item—illaAapud
1744 5598 2071 5671 Gregorium

488 5615 832 5665 nmposuwne
858 5615 1060 5669 βοέῳ,
1108 5615 1192 5652 ιυ.
1243 5615 1375 5654 Item
1424 5615 1515 5654 ma
1551 5616 1579 5655 a
1625 5615 1694 5655 ua
1744 5615 1922 5671 urego

484 5662 1122 5759 Nazianeenumﬁinvaeet.
1150 5669 1204 5759 1,
1229 5671 1479 5759 adversus
1505 5615 1821 5759 laganum:
1911 5741 1924 5759 '

563 5738 667 5802 Ὣς
702 5738 959 5793 εἰποῦσα
988 5739 1110 5803 θεὰ,
1142 5738 1343 5806 δοιοὺς
1371 5742 1708 5807 ἀνεσύρατο
1734 5741 1997 5809 μηρούς·
2052 5772 2055 5777 -

490 5803 589 5880 i'va_
612 5806 804 5880 τελέσῃ
822 5810 953 5880 τοὺς
984 5809 1218 5877 ὲραστάς
1244 5827 1257 5839 ·
1292 5810 1329 5864 ἀ
1370 5812 1467 5864 καὶ
1511 5811 1608 5864 νῦν
1653 5811 1734 5866 ἔτι
1766 5810 1911 5864 τελεῖ
1960 5812 2071 5877 τοῖς

494 5874 1032 5938 στήμασινζἈὶίεαιιε
1065 5880 1227 5936 nimis
1258 5889 1405 5936 nota.
1435 5881 1573 5935 Cor.

2235 4050 2317 4124 (5)
2346 4050 2491 4124 N151:
2532 4045 2759 4117 αἰσχρὰ
2790 4040 3153 4124 ,σοι’-ταῦτα
3196 4042 3568 4124 νενόμισται.
3631 4033 3761 4124 v59

2165 4105 2345 4175 Latin.
2385 4138 2404 4171 ι
2447 4116 2603 4173 Nunc
2641 4105 2840 4188 omnia
2902 4115 3001 4188 tibi
3066 4115 3249 4188 turpia
3295 4105 3589 4188 _videntur..
3616 4126 3635 4157 ι

2166 4191 2312 4244 enim
2341 4205 2409 4245 ex
2442 4187 2848 4260 Magdalengnsi
2876 4187 3067 4242 codice
3084 4177 3473 4260 restituimus;
3492 4178 3595 4260 ubi
3624 4177 3763 4231 editi

2166 4261 2293 4315 libri
2351 4250 2560 4315 habent
2601 4276 2614 4312 :
2669 4277 2688 4310 ι
2735 4256 2892 4313 Tunc
2948 4255 3138 4311 omnia
3182 4253 3363 4325 turpia
3417 4250 3693 4305 videntur.
3736 4265 3759 4298 ι

2166 4329 2368 4387 υεεειι.

2239 4401 2499 4524 (6)1'31i1‘
2528 4402 2561 4456 ό
2592 4399 2692 4453 ἐπὶ
2735 4397 2977 4455 πάντων
3007 4397 3171 4463 Θεός.
3206 4392 3334 4449 Vid.
3371 4388 3760 4459 Prolegomen.

2239 4488 2288 4524 ο.
2398 4515 2409 4524 .
2463 4488 2572 4524 BID.

2165 4486 2288 4527 can.
2321 4472 2409 4526 12.
2440 4472 2572 4526 lmn.

2234 4488 2640 4612 ?%)l;3;t33.6é
2665 4540 2870 4612 ποζωκ.
2898 4538 2977 4594 lta
3013 4538 3186 4612 codex
3214 4530 3568 4612 Florentirius
3588 4546 3600 4581 :
3622 4542 3761 4612 non,

2165 4597 2603 4682 ut‘A'ugustanus
2644 4623 2695 4665 et
2735 4609 3191 4682 Nydpruccianus
3224 4624 3238 4661 :
3271 4605 3439 4682 νόμον
3479 4601 3536 4682 δε
3566 4597 3763 4682 ποίων..

2170 4683 2287 4737 Vet.
2325 4667 2594 4751 interpres
2628 4701 2642 4736 :
2684 4701 2703 4731 ι
2748 4667 2910 4748 cujus
2949 4679 3155 4751 legem,
3218 4694 3237 4729 ι
3286 4667 3452 4738 unde,
3480 4670 3661 4739 νόμων
3702 4667 3764 4721 δὲ

2168 4754 2346 4819 ποίου,
2387 4747 2627 4807 restituit
2658 4747 3081 4805 Moreliuanm.

2240 4807 2425 4895 (8)"0
2463 4821 2616 4895 μήτε
2657 4821 2859 4893 γνώμῃ
2899 4819 3080 4895 tui-6g
3091 4816 3245 4887 μήτε
3280 4810 3534 4895 ἐξουσίᾳ
3560 4807 3762 4895 aliter;

2168 4876 2490 4949 Ista—'vetus
2533 4876 2812 4961 interpres
2827 4876 2970 4944 "non
3015 4876 3511 4961 aid-praecedentia,
3542 4877 3636 4961 sed
3689 4876 3764 4931 ad

2170 4964 2453 5087 sequlentia
2472 5004 2487 5027 ,
2518 4962 2588 5017 ad
2619 4952 2882 5018 Satanam
2917 4952 3191 5023 videlicet,
3217 4974 3323 5011 non
3356 4954 3425 5010 ad
3453 4952 3763 5013 Christum,

2170 5046 2288 5088 retu
2317 5044 2375 5088 It.
2427 5050 2535 5088 BID.

2169 5046 2375 5091 retullt.
2404 5046 2535 5088 IBID.

2241 5107 2319 5172 (9)
2349 5107 2432 5158 Οὐ
2457 5103 2726 5171 λέληθάς
2745 5120 2827 5173 με
2856 5101 2963 5156 τοῦ
2996 5099 3394 5173 παλιμϐόλο-ι),
3427 5094 3548 5148 Vet.
3575 5091 3761 5173 Latin.

2178 5196 2209 5248 c_
2246 5164 2365 5231 Non
2400 5164 2763 5248 melatuisji'
2790 5185 2884 5229 tuo
2934 5164 3164 5248 antiquo
3191 5167 3445 5248 consilio,
3488 5184 3505 5216 ι
3552 5164 3657 5227 vel,
3702 5168 3766 5217 ut

2171 5246 2346 5301 Faber
2373 5246 2573 5299 edidit:
2611 5264 2630 5296 ‹
2661 5243 2780 5299 Non
2815 5259 2902 5299 me
2932 5244 3092 5299 latuit
3118 5251 3271 5298 tuum
3302 5243 3591 5307 antiquum
3618 5248 3759 5289 con-

2172 5317 2377 5373 silium.
2412 5336 2430 5367 ι
2459 5318 2592 5371 Ιιιιυ.

2242 5388 2355 5457 (10)
2392 5389 2521 5457 Ὅτι
2568 5387 2666 5442 διὰ
2704 5384 2859 5451 λοξὰ
2892 5386 2989 5457 καί
3031 5381 3254 5457 δίδυμα
3276 5381 3534 5457 βαίνεις.
3578 5383 3664 5457 ιιι
3694 5393 3763 5434 ex

2171 5452 2362 5531 codice
2423 5456 2846 5531 Nydprucciano
2884 5456 3075 5531 Graeco
3108 5452 3223 5522 (ubi
3262 5464 3443 5531 tamen
3478 5453 3569 5505 ὅτε
3611 5452 3763 5531 lege-

2173 5530 2357 5596 batur)
2388 5538 2442 5583 et
2471 5522 2655 5582 vetere
2683 5527 2879 5582 Latino
2922 5527 3219 5596 interprete
3252 5522 3675 5596 edidimus;_uhi
3705 5522 3760 5572 in

2172 5592 2510 5663 Florentino,
2543 5598 2625 5652 διὸ
2657 5598 2784 5667 δόξη
2824 5596 2920 5651 καὶ
2949 5595 3147 5665 δίδυμα
3182 5593 3409 5667 βαίνεις,
3431 5592 3722 5667 legebatur
3739 5604 3758 5667 _;

2172 5680 2227 5724 et
2282 5670 2335 5723 in
2383 5656 2700 5737 Augustano
2730 5656 2936 5722 'adhuc
2982 5656 3294 5737 corruptius
3330 5682 3342 5718 :
3376 5663 3455 5716 διὸ
3496 5656 3762 5737 δόξῃ-καί

2170 5740 2368 5811 δίδυμα
2428 5730 2650 5811 βέννει,
2678 5753 2961 5811 proque,
3008 5730 3764 5811 exconjectura,subStitujt

2175 5803 2438 5865 Morelius'
2465 5809 2545 5862 διὸ
2573 5803 2703 5876 λοξᾶ
2727 5809 2821 5861 καὶ
2847 5803 3042 5877 δίδυμα
3071 5803 3278 5875 βαίνεις
3296 5846 3311 5872 ,
3343 5803 3511 5877 quod,
3532 5803 3588 5857 in
3616 5803 3759 5877 uotis

2178 5882 2243 5936 ad
2286 5881 2433 5935 hunc
2465 5868 2667 5947 locum,
2707 5868 3306 5949 pluribus'llaéstrzcus'
3330 5868 3589 5945 ciplicat.
3620 5868 3756 5926 inin.
