4076 6382
517 320 612 375 951

1300 317 1394 370 AD
1430 312 1814 371 EPISTOLAS
1855 312 1912 368 S.
1955 309 2214 368 lGNATll
2247 307 2599 367 GENUINAS
2637 304 2999 363 APPENDIX.

3670 306 3779 363 952

514 441 735 509 maligni
790 438 1016 508 spiritus
1059 437 1249 508 fugati,
1278 444 1335 490 tu
1367 437 1483 506 ipse
1508 444 1705 503 tortus,
1732 444 1788 490 et
1816 443 2087 505 potestate

2196 432 2517 502 ὀλούμενον,
2551 432 2615 483 ἐκ
2648 430 2692 461 ⁸ο
2731 429 2840 500 (19)
2874 429 2973 500 τῆς
3014 425 3107 481 τοῦ
3139 426 3463 496 φαινομένου
3496 426 3781 498 δυνάμεως

512 530 632 598 ejus
676 529 770 599 qui
819 528 1118 598 apparebat
1163 527 1486 597 flagellatus,
1532 543 1641 581 non
1706 528 1913 582 habens
1957 526 2091 596 quid

512 621 721 677 faceres

584 710 677 766 1X.
724 710 853 765 Haec
882 710 1093 777 videns,
1121 710 1389 780 vertigine
1441 716 1661 764 aestuas.
1712 707 1779 762 Et
1824 706 2091 778 virginem

510 820 633 859 esse
681 820 803 874 quae
848 811 1084 873 pareret,
1128 802 1455 873 ignorabas;
1490 811 1545 855 at
1584 800 2093 870 obstupefaciebant

512 906 563 951 te
609 897 933 966 angelorum
988 895 1197 966 hymni,
1259 909 1546 963 magorum
1596 892 1865 957 adoratio,
1922 891 2095 945 stellae

510 1000 755 1043 exortus.
815 988 892 1042 Ad
938 987 1305 1058 ignorantiam
1353 996 1410 1040 tu
1459 985 1771 1052 reverteris,
1822 984 1893 1039 ob
1930 984 2089 1049 vilia;

510 1081 704 1151 exigua
731 1080 875 1135 enim
894 1080 1141 1150 quaedam
1171 1079 1265 1133 tibi
1290 1080 1540 1133 videntur
1572 1076 1777 1145 fasciaa,
1813 1090 2091 1141 aerumnae,

509 1170 882 1236 circumcisio,
938 1169 1207 1235 Iactatus;
1245 1167 1359 1221 haec
1417 1166 1529 1221 Deo
1572 1167 1793 1237 indigna
1832 1166 1932 1221 tibi
1976 1166 2093 1220 visa

512 1270 661 1315 sunt.
698 1260 909 1315 Rursus
958 1260 1182 1314 videbas
1237 1259 1515 1313 hominem
1565 1258 1928 1328 quadraginta
1976 1256 2095 1312 dies

510 1360 567 1403 et
620 1359 810 1404 noctes
872 1350 1170 1417 perdurare
1229 1347 1501 1417 jejunum,
1539 1348 1660 1402 sine
1704 1348 1949 1403 humano
1995 1346 2096 1401 ali-

514 1450 719 1505 mento,
769 1440 991 1510 angelos
1052 1440 1454 1505 ministrantes,
1506 1455 1646 1509 quos
1691 1450 1747 1495 et
1792 1440 2091 1506 horrebas;

512 1548 639 1587 cum
695 1533 933 1601 primum
980 1531 1213 1585 vidisses
1254 1545 1403 1597 eum,
1430 1537 1491 1585 ut
1530 1545 1880 1586 communem
1915 1530 2095 1585 homi-

518 1638 665 1688 nem,
711 1622 1070 1693 baptizatum,
1114 1636 1448 1693 causamque
1495 1622 1797 1692 ignorares.
1836 1621 1970 1677 Post
2007 1622 2094 1691 je-

510 1713 730 1782 junium
782 1730 937 1782 vero,
988 1715 1343 1781 esurientem,
1386 1723 1608 1785 sumpta
1636 1715 1818 1770 denuo
1860 1713 2092 1769 audacia

2192 525 2562 595 αίκιζόμενον,
2599 524 2697 576 οὐκ
2725 522 2915 593 ἔχοντα
2944 522 2973 575 ὅ
3016 538 3066 573 τι
3107 520 3360 591 ποιήσῃς.

2249 700 2317 754 IX
2327 738 2341 754 .
2356 700 2522 754 Ταῦθ’
2531 700 2695 771 ὁρῶν,
2713 699 2965 770 ίλιγγιᾷς.
2984 697 3096 752 Kal
3110 697 3189 751 ὅτι
3202 695 3468 767 παρθένος
3480 696 3513 768 ἡ
3525 694 3779 763 τεκοῦσα,

2191 795 2439 864 ἠγνόεις·
2475 793 2589 847 ἀλλ’
2621 792 2914 864 ἐξέπληττέ
2945 808 3006 843 σε
3042 792 3076 862 ή
3108 789 3216 843 τῶν
3261 789 3509 858 ἀγγέλων
3555 790 3789 875 ὑμνολοη

2191 888 2287 956 γία
2304 888 2346 919 ⁸¹
2376 887 2508 957 (20),
2543 889 2574 957 ἡ
2598 886 2703 939 τῶν
2731 886 2920 957 μάγων
2953 882 3338 955 προσκύνησις,
3372 885 3405 954 ἡ
3430 881 3523 935 τοῦ
3552 882 3781 953 ἀστέρος

2192 977 2434 1049 ἐπιτολή.
2458 978 2554 1040 Εἰς
2581 976 2802 1044 ἄγνοιαν
2826 978 2890 1031 σὺ
2919 975 3323 1047 παλινδρομεῖς,
3341 974 3429 1027 διὰ
3457 974 3525 1028 τὰ
3546 974 3743 1045 εὐτελῆ
3762 988 3776 1006 ⁸

2196 1067 2369 1139 μικρά
2423 1068 2531 1138 γάρ
2587 1084 2669 1119 σοι
2714 1067 2863 1120 δοκεῖ
2922 1066 3234 1136 σπάργανα,
3266 1064 3434 1136 πάθη,
3483 1063 3780 1136 περιτομὴ,

2192 1161 2631 1231 γαλακτοτροφία
2654 1174 2666 1188 ⁸
2708 1158 2899 1223 ἁνάξιά
2934 1175 3015 1212 σοι
3044 1158 3216 1211 ταῦτα
3238 1158 3283 1189 ⁸⁸
3308 1156 3450 1210 κατά
3476 1155 3613 1210 Θεοῦ
3643 1172 3780 1210 κατ-

2193 1254 2462 1324 ἐφαίνετο.
2537 1253 2705 1308 Πάλιν
2767 1247 2911 1315 εἶδες
2972 1250 3257 1320 ἄνθρωπον
3280 1290 3294 1314 ,
3371 1249 3783 1321 τεσσαράκοντα

2195 1348 2406 1419 ἡμέρας
2453 1346 2549 1400 καὶ
2592 1345 2792 1409 νύκτας
2826 1344 3087 1413 ἄγευστον
3118 1342 3229 1414 (21)
3270 1341 3531 1413 μείναντα
3572 1341 3783 1412 τροφῆς

2193 1437 2561 1509 ἀνθρωπίνης,
2592 1436 2856 1505 ἀγγέλους
2902 1433 3304 1499 διακονοῦντας,
3337 1432 3429 1496 οὒς
3467 1432 3562 1487 καὶ
3592 1434 3784 1504 ἔφριτ-

2195 1546 2305 1594 τες,
2326 1529 2448 1583 ίδὼν
2475 1526 2710 1600 πρῶτον,
2736 1529 2812 1592 ὼς
2835 1527 3012 1581 κοινὸν
3035 1526 3341 1598 ἄνθρωπον,
3361 1526 3781 1597 βαπτιζόμενον,

2195 1622 2290 1675 καὶ
2335 1623 2436 1690 τὴν
2473 1620 2654 1675 αἰτίαν
2697 1619 2925 1689 ἀγνοῶν.
2958 1618 3114 1673 Μετὰ
3150 1618 3208 1671 δὲ
3235 1618 3335 1688 τὴν
3367 1617 3622 1689 νηστείαν
3661 1634 3785 1670 πει-

2196 1714 2372 1767 νῶντα
2390 1715 2435 1746 ⁸³
2467 1714 2577 1785 (22)
2620 1712 2978 1784 κατεθάρσεις
3016 1712 3197 1775 πάλιν,
3247 1710 3343 1765 καὶ
3382 1710 3673 1782 ἐπείραζες
3703 1709 3784 1774 ὡς

515 1812 788 1877 tentabas,
817 1821 1078 1880 tanquam
1113 1825 1462 1865 communem
1508 1810 1812 1874 hominem,
1840 1808 2091 1864 nesciens

2196 1807 2370 1860 κοινὸν
2420 1804 2725 1877 ἄνθρωπον,
2775 1804 2985 1873 ἀγνοῶν
3031 1805 3180 1866 ὅστις
3223 1802 3332 1873 εἴη.
3366 1803 3590 1871 Ἔλεγες
3635 1802 3779 1875 γάρ·

513 1904 638 1974 quis
665 1908 831 1959 esset.
873 1903 1102 1959 Dicebas
1132 1904 1277 1958 enim
1318 1921 1331 1957 :
1367 1902 1429 1959 Si
1462 1902 1639 1957 Filius
1668 1902 1762 1956 Dei
1785 1919 1860 1969 es,
1903 1902 1990 1955 dic
2032 1912 2091 1955 ut

511 1995 714 2065 lapides
738 1997 830 2048 isti
861 2012 1021 2065 panes
1048 1995 1260 2063 fiant“.
1286 1995 1423 2049 lllud
1457 1995 1677 2065 quippe,
1705 1992 1764 2049 Si
1809 1993 1986 2048 Filius
2016 2010 2091 2058 es,

456 2116 461 2121 -
513 2085 833 2156 ignorantiae
859 2093 961 2140 est.
992 2082 1129 2139 Nam
1162 2085 1208 2139 si
1236 2099 1427 2139 revera
1456 2084 1775 2155 agnovisses
1793 2126 1807 2151 ,
1834 2084 2092 2140 seivisses

511 2192 579 2232 ex
624 2192 781 2246 aequo
837 2191 1000 2246 posse
1042 2191 1225 2230 rerum
1257 2176 1622 2243 conditorem,
1654 2185 1707 2231 et
1734 2175 1913 2232 facere
1943 2176 2091 2246 quod

512 2284 623 2322 non
662 2276 766 2334 est,
806 2276 861 2322 et
914 2275 1131 2323 mutare
1162 2268 1307 2337 quod
1351 2278 1453 2323 est.
1480 2267 1559 2324 Ac
1612 2269 1819 2323 ventris
1852 2268 2094 2339 ingluvie

511 2368 691 2415 tentas
762 2375 912 2424 eum,
964 2360 1057 2429 qui
1114 2375 1305 2415 omnes
1355 2361 1528 2414 nutrit
1578 2360 1682 2415 cibi
1737 2361 1973 2432 indigos.
2028 2360 2097 2416 Et

510 2460 692 2506 tentas
736 2450 1017 2505 Dominum
1050 2452 1329 2521 gloriae”,
1368 2451 1572 2507 oblitus
1604 2468 1671 2506 ex
1708 2453 1877 2507 animi
1920 2453 2097 2508 male~

513 2543 771 2608 volentia,
826 2544 974 2613 quod
1023 2559 1127 2595 non
1180 2544 1237 2596 in
1278 2542 1391 2597 solo
1435 2559 1567 2613 pane
1607 2544 1733 2596 uiuit
1785 2544 1962 2606 homo,
2005 2543 2095 2598 sed

512 2637 570 2689 in
598 2635 740 2689 omni
771 2632 924 2687 verbo
953 2633 1093 2703 quod
1125 2635 1360 2702 procedit
1387 2633 1452 2688 de
1475 2650 1565 2688 ore
1596 2635 1688 2689 Dei
1702 2636 1767 2689 ⁸⁸.
1800 2634 1845 2667 ⁸⁷
1869 2636 1925 2690 Si
1949 2638 2095 2690 enim

511 2726 865 2796 eognovisses
898 2723 993 2777 Dei
1026 2723 1227 2778 Filium
1262 2739 1420 2789 esse,
1451 2726 1711 2782 scivisses
1743 2726 1891 2796 quod
1920 2727 1969 2782 is
2003 2726 2097 2797 qui

512 2814 878 2886 quadraginta
911 2812 1107 2867 diebus
1147 2824 1199 2868 et
1251 2815 1473 2869 totidem
1514 2816 1768 2871 noctibus
1794 2831 1863 2869 ne
1895 2830 2098 2885 corpus

513 2905 872 2977 corruptibile
930 2913 1113 2975 egeret
1158 2904 1384 2973 fecerat,
1434 2907 1596 2961 etiam
1655 2916 1919 2978 perpetuo
1952 2909 2095 2963 idem

516 2995 697 3051 facere
718 3005 947 3065 poterat.
976 2998 1114 3051 Cum
1144 2996 1310 3067 igitur
1338 2998 1549 3053 esurit?
1581 3006 1643 3054 ut
1681 2999 1956 3065 ostendat,
1975 3016 2006 3054 a
2038 3014 2098 3055 se

514 3101 702 3141 revera
737 3103 936 3158 corpus
978 3097 1320 3158 assumptum
1356 3088 1528 3145 fuisse
1565 3091 1759 3147 iisdem
1794 3092 2094 3147 obnoxium

2187 1899 2256 1950 Ei
2293 1896 2427 1963 Υἱὸς
2444 1892 2501 1951 εἷ
2522 1896 2627 1951 τοῦ
2662 1896 2830 1961 Θεοῦ,
2861 1894 2993 1948 εὶπέ
3016 1895 3117 1948 ἵνα
3146 1897 3202 1949 οὶ
3237 1895 3394 1948 λίθοι
3419 1890 3585 1950 οὗτοι
3615 1893 3786 1962 ἄρτοι

2190 1988 2497 2058 γένωνται.
2526 1989 2598 2042 Τὸ
2650 1991 2794 2060 γὰρ,
2837 1991 2910 2042 Ei
2940 1989 3075 2053 Υἱὸς
3113 1984 3186 2051 εἷ,
3226 1987 3449 2055 ἀγνοίας
3502 1986 3670 2041 ἐστίν.
3715 1987 3784 2041 El

2192 2080 2300 2152 γὰρ
2357 2081 2526 2144 ὅντως
2575 2081 2687 2155 (25)
2737 2080 3057 2149 ἐγίνωσκες,
3090 2080 3308 2148 ἠπίστω
3339 2081 3421 2132 ὅτι
3463 2077 3785 2149 δημιουργῷ

2192 2175 2289 2227 καὶ
2320 2173 2380 2227 τὸ
2407 2173 2480 2245 μὴ
2498 2173 2557 2227 δν
2588 2173 2836 2243 ποιῆσαι,
2870 2172 2965 2226 καὶ
2988 2171 3049 2225 τὸ
3081 2170 3143 2224 ὃν
3178 2170 3522 2243 μεταϐαλεῖν,
3549 2171 3635 2223 ἐπ’
3661 2170 3787 2241 ίσης

2192 2262 2440 2315 δυνατόν.
2474 2262 2584 2315 Kal
2631 2262 2719 2315 διὰ
2763 2261 3002 2334 γαστρὸς
3053 2260 3335 2331 πειράζεις
3376 2260 3465 2313 τὸν
3518 2261 3788 2331 τρέφοντα

2196 2355 2402 2417 πάντας
2437 2355 2561 2417 τοὺς
2602 2355 2806 2425 τροφῆς
2856 2354 3177 2424 δεομένους⁸
3215 2353 3310 2406 καὶ
3362 2353 3645 2425 πειράζεις
3674 2351 3787 2407 τὸν

2194 2445 2305 2513 τῆς
2337 2446 2521 2514 δόξης
2557 2448 2795 2515 Κύριον,
2833 2445 3224 2516 ἐπιλαθόμενος
3264 2447 3328 2498 ἐκ
3360 2446 3670 2508 κακονοίας,
3702 2446 3787 2499 ὅτι

2194 2540 2305 2591 οὐκ
2353 2538 2447 2591 ἐπ’
2494 2538 2649 2607 ἄρτῳ
2682 2540 2847 2607 μόνῳ
2878 2537 3115 2605 ζήσεται
3146 2540 3475 2606 ἅνθρωπος,
3508 2538 3645 2592 ἀλλ’
3683 2537 3787 2591 ἐπὶ

2195 2630 2373 2683 παντὶ
2414 2629 2635 2699 ῥήματι
2684 2630 3131 2699 ἐκπορευομένῳ
3159 2630 3257 2683 διὰ
3280 2632 3578 2699 στόματος
3611 2630 3789 2689 Θεοῦ.

2196 2722 2259 2776 Εἰ
2287 2722 2394 2794 γὰρ
2434 2722 2545 2793 (24)
2582 2722 2875 2791 ἐγίνωσκες
2916 2726 2997 2777 ὅτι
3031 2724 3156 2787 Υἱὸς
3196 2722 3331 2777 Θεοῦ
3365 2720 3454 2795 ἦν,
3488 2725 3787 2793 ἐγίνωσκες

2196 2818 2279 2870 ὅτι
2326 2818 2355 2869 ὁ
2400 2818 2458 2868 ἐν
2501 2816 2908 2886 τεσσαράκοντα
2943 2818 3180 2888 ἡμέραις
3213 2816 3308 2870 καὶ
3343 2817 3652 2888 ἰσαρίθμοις
3690 2835 3786 2871 νυ-

2200 2909 2280 2974 ξὶν
2305 2910 2679 2981 (25)ἀνενδεές
2696 2907 2807 2981 (26)
2825 2911 3054 2981 ποιήσας
3086 2910 3146 2962 τὸ
3169 2908 3330 2980 σῶμα
3344 2910 3389 2941 ⁸⁸
3408 2910 3544 2978 (27),
3578 2911 3676 2963 xal
3705 2908 3787 2972 είς

2197 3002 2257 3055 τὸ
2268 3002 2511 3073 διηνεκὲς
2528 3002 2747 3055 ἐδύνατο
2768 3001 2922 3054 τοῦτο
2940 3002 3183 3072 ποιῆσαι.
3198 3001 3295 3054 Διὰ
3311 3001 3361 3053 τί
3375 2997 3466 3054 οὖν
3486 3018 3551 3053 πε
3561 3002 3645 3071 ινᾴ
3666 3017 3679 3065 ;
3699 3001 3788 3053 ἵνα

2196 3095 2366 3168 δείξῃ,
2387 3097 2469 3149 ὅτι
2501 3094 2619 3148 κατ’
2640 3094 2897 3166 ἀλήθειαν
2930 3095 3041 3166 (28)
3074 3095 3305 3149 ἀνέλαϐε
3338 3094 3499 3164 σῶμα
3523 3094 3789 3163 ὁμοιοπα-

516 3177 980 3249 perpessionibus,
1016 3179 1217 3249 quibus
1258 3180 1530 3238 homines.
1560 3180 1665 3236 Per
1689 3183 1927 3253 primum
1967 3183 2093 3253 qui-

2197 3186 2287 3251 θές
2321 3167 2651 3257 ἀνθρώποις.
2686 3187 2785 3240 Διά
2813 3188 2911 3258 μὲν
2945 3187 3038 3240 τοῦ
3066 3186 3281 3259 πρώτου
3308 3187 3440 3257 (29),
3476 3185 3678 3252 ἔδειξεν
3704 3186 3787 3239 ὅτι

514 3267 661 3331 dem,
694 3268 931 3324 ostendit
967 3262 1038 3324 'se
1075 3267 1243 3324 Deum
1274 3286 1426 3337 esse;
1457 3286 1554 3341 per
1603 3274 1907 3328 secundum
1942 3288 2092 3341 vero,

512 3360 677 3415 etiam
714 3361 1015 3418 hominem.

583 3448 654 3504 Χ.
688 3448 769 3503 Tu
815 3450 999 3521 itaque
1048 3452 1142 3523 qui
1191 3452 1443 3509 excidisti
1486 3454 1554 3510 de
1595 3454 1863 3510 altissima
1897 3455 2089 3527 gloria,

514 3542 649 3595 sicut
683 3542 862 3613 fulgur
883 3544 947 3610 ⁸⁸,
983 3546 1150 3600 audes
1182 3545 1412 3601 Domino
1444 3547 1624 3603 dicere
1656 3566 1670 3601 :
1708 3548 1859 3603 Mitte
1888 3558 1936 3602 te
1966 3550 2094 3603 hinc

512 3634 757 3688 deorsum
790 3636 869 3700 9°;
903 3636 991 3691 cui
1023 3652 1087 3691 ea
1118 3654 1241 3707 qua:
1269 3648 1416 3706 sunt,
1450 3649 1773 3710 reputantur
1800 3641 1956 3711 quasi
1982 3656 2090 3696 non

514 3726 625 3780 sint
653 3724 732 3790 ἐς
784 3736 836 3781 et
874 3725 940 3781 ad
992 3743 1190 3783 vanam
1236 3730 1465 3800 gloriam
1515 3747 1811 3801 provocare
1854 3733 2093 3789 alienum

514 3816 583 3870 ab
606 3816 755 3870 omni
779 3818 1175 3874 ostentatione?
1209 3819 1477 3877 Praeterea
1509 3823 1736 3877 simulas
1771 3833 1821 3877 te
1848 3821 2096 3894 Scriptu-

513 3925 633 3965 ram
666 3909 734 3965 de
763 3926 828 3965 eo
856 3910 1033 3981 legere
1059 3930 1073 3967 :
1098 3912 1239 3978 Quia
1266 3913 1468 3984 angelis
1496 3914 1609 3968 suis
1634 3916 1903 3970 mandavit
1924 3917 1987 3970 de
2011 3926 2094 3981 te;

585 4085 732 4161 “.al.
759 4086 854 4161 καὶ
887 4089 969 4141 ἐκ.
1046 4088 1088 4121 ⁸*
1122 4089 1193 4143 al.
1224 4089 1543 4161 ὑμνῳδία.-
1569 4091 1613 4123 θ’
1637 4090 1675 4145 l'.
1702 4099 1862 4146 vacat
1884 4091 2205 4161 prmpositio
2236 4092 2399 4145 κατά.

2194 3278 2328 3343 Θεός
2347 3297 2359 3309 ·
2391 3279 2477 3333 διὰ
2506 3279 2562 3332 δὲ
2594 3278 2685 3332 τοῦ
2714 3280 2989 3352 δευτέρου,
3015 3281 3097 3333 ὄτι
3134 3279 3228 3333 καὶ
3260 3278 3567 3350 ἄνθρωπος.

2270 3458 2338 3513 Χ.
2358 3460 2429 3513 Σὺ
2461 3454 2551 3513 οὖν
2572 3461 2599 3512 ὁ
2621 3456 2868 3512 ἐκπεσὼν
2894 3458 2959 3510 ἐκ
2992 3458 3091 3528 τῆς
3121 3457 3231 3528 (50)
3251 3455 3588 3527 ὑψηλοτάτης
3603 3455 3786 3526 δόξης.

2199 3550 2281 3617 ὡς
2329 3550 2630 3617 ἀστραπὴ,
2679 3548 2881 3620 τολμᾷς
2939 3548 3118 3615 λέγειν
3168 3546 3245 3618 τῷ
3309 3546 3530 3618 Κυρίῳ·
3583 3546 3786 3600 Bm:

2199 3640 2460 3695 σεαυτὸν
2500 3640 2751 3694 ἐντεῦθεν
2800 3638 2984 3692 κάτω’
3028 3632 3073 3706 ᾧ
3120 3637 3188 3691 τά
3238 3637 3429 3691 ἐνόντα
3475 3635 3787 3704 λελόγισται

2197 3733 2274 3798 ὡς
2306 3733 2379 3805 μὴ
2406 3734 2532 3787 ὄντα
2570 3734 2679 3804 (51)
2700 3750 2713 3763 ·
2748 3733 2841 3787 καὶ
2878 3733 2959 3795 εἰς
2989 3730 3292 3793 κενοδοξίαν
3332 3730 3664 3801 προκαλέσαι
3696 3729 3789 3782 τὸν

2198 3826 2297 3879 οὐκ
2328 3826 2771 3891 ἐπιδεικτιῶντα;
2813 3825 2925 3878 Kal
2969 3827 3237 3896 προσποιῇ
3268 3824 3364 3895 τὴν
3399 3822 3620 3895 Γραφὴν
3657 3824 3787 3875 ἀνα·

2201 3915 2488 3985 γινώσκειν
2531 3917 2661 3989 περὶ
2703 3916 2901 3971 αὑτοῦ·
2949 3917 3070 3970 Ὅτι
3117 3916 3243 3982 τοῖς
3290 3915 3566 3986 ἀγγέλοις
3596 3913 3789 3968 αὑτοῦ

2478 4092 2524 4123 ³⁵³
2549 4092 2622 4147 al.
2649 4091 2927 4146 πεινῶντι.
3001 4090 3253 4145 “Matth.
3290 4107 3364 4157 Iv,
3388 4090 3442 4143 '5.
3520 4090 3567 4122 ⁸⁵
3595 4091 3616 4142 Ι
3651 4088 3780 4143 Cor.

518 4169 584 4220 ll,
618 4155 694 4236 _8;
720 4157 750 4211 Ι.
784 4156 966 4236 ροζιδι.
1003 4174 1108 4236 ap._
1132 4155 1363 4236 νιιιξἹ.⁷
1415 4159 1789 4236 ⁸⁸-Μτιιιιιεᾲιν,
1820 4155 1902 4215 L—
1948 4155 2093 4236 ⁸⁷’ρὶ1

2196 4162 2515 4218 Anastasius
2538 4163 2822 4236 presbyter
2838 4162 3013 4236 eelog.
3042 4162 3130 4227 14,
3158 4155 3546 4236 χρήσεων-τῶν
3570 4160 3787 4236 δογμα-

515 4228 685 4279 τικῶν
782 4228 829 4258 ⁸⁸
854 4228 1045 4284 Anast.
1065 4231 1123 4281 τὸ
1150 4230 1387 4301 φθαρτὸν
1416 4230 1595 4302 σῶμα.
1670 4232 1717 4263 ⁸⁸
1747 4230 1881 4287 Luc.
1918 4249 1972 4298 Χ,
2006 4232 2093 4300 18;

2196 4243 2318 4287 inst.
2346 4249 2433 4303 ap.
2474 4228 2595 4299 viii,
2634 4232 2683 4286 7.
2707 4228 2721 4233 ’
2760 4233 2806 4265 ⁹⁰
2840 4228 3033 4287 Matth.
3071 4228 3263 4300 iv,"6.'
3314 4233 3357 4263 “
3390 4231 3551 4286 Rom.
3581 4228 3784 4296 “3‘17.

588 4404 702 4476 (l9)
746 4405 865 4481 'Egc.
900 4406 1010 4458 Kal
1042 4407 1126 4472 ἐκ,
1154 4405 1284 4475 legit
1306 4404 1450 4481 _Cod.
1480 4405 1794 4481 _Nydprucc.
1826 4407 2092 4481 Similiter

2197 4409 2345 4481 ᾔδεις
2377 4409 2467 4464 hic
2496 4409 2644 4481 legit.
2673 4409 2872 4465 Ussen.

516 4484 575 4547 et
607 4488 760 4547 vetus
808 4476 1072 4547 interpres
1102 4494 1164 4547 :__t
1200 4485 1254 4530 et
1284 4477 1371 4543 de,
1403 4496 1421 4529 i
1456 4476 1583 4533 licet
1603 4476 1765 4543 illud,
1811 4497 1829 4529 ι
1866 4481 1953 4547 de,
1988 4498 2007 4531 ι
2036 4480 2091 4534 in

514 4545 679 4602 editis
714 4544 1072 4600 desideretur.
1106 4544 1301 4602 Ussen.

590 4615 702 4691 (2Q)
741 4617 1271 4691 ξΥμνολογίακϐοιί
1320 4616 1619 4691 Florentin.
1657 4619 1922 4691 ὑμνῳδία.
1957 4618 2090 4674 Iam.

588 4687 704 4760 (21)
742 4687 1093 4760 Ἀχευοςτον.
1136 4690 1196 4741 In
1235 4690 1375 4760 Cod.
1415 4687 1736 4760 Augustam)
1784 4687 2091 4760 perperam,

516 4755 922 4829 avet'ieeovjet.
954 4755 1133 4811 Latin.
1173 4777 1191 4807 ι
1239 4755 1621 4826 ingustabilem
1648 4755 2035 4829 exsisten'tetn;
2068 4779 2087 4812 ι

518 4842 754 4898 υνοίίμιο
785 4826 979 4898 Faber,
1016 4846 1035 4879 ι
1072 4829 1345 4898 ingustato
1385 4848 1403 4881 i
1441 4832 1745 4886 substituit.
1787 4834 1918 4884 IBID.

592 4897 704 4967 (22)
734 4895 1056 4972 ﬂetrérrta.
1090 4895 1374 4972 Πεινῶντι,
1402 4900 1461 4972 _in
1514 4900 2094 4972 Augustano,Floren-

518 4965 634 5038 tino
661 4975 715 5038 et
743 4965 1160 5038 Nydprucciano
1187 4970 1374 5023 codice
1402 4965 1769 5038 legiturflein.

732 5036 943 5112 fde
969 5037 1171 5103 ὅντως.
1199 5038 1322 5112 vid.
1348 5036 1728 5112 Prolegomen.
1756 5040 1887 5095 Isin.

591 5107 706 5175 (24)
766 5110 834 5159 El
882 5108 1014 5176 γὰρ,
1074 5118 1177 5162 etc.
1231 5110 1481 5164 Citantur
1515 5107 1647 5166 hac
1709 5119 1769 5165 ut
1813 5110 2093 5169 Anastasii

516 5178 999 5247 presbyteriiapud
1054 5176 1382 5233 Halloixium
1419 5190 1475 5234 et
1514 5181 1792 5236 Usserium
1829 5200 1841 5235 :
1875 5183 2096 5236 desum-

518 5254 633 5317 pta,
662 5246 724 5321 ιιι
754 5246 987 5321 videtur,
1013 5264 1097 5321 ex)
1117 5250 1211 5302 illo
1244 5251 1464 5317 optimae
1495 5262 1635 5305 nota:
1666 5253 1808 5306 libro
1858 5268 1965 5306 ms.
1998 5252 2093 5321 qui

518 5317 929 5371 ornatissimam
974 5318 1358 5374 bibliothecam
1400 5322 1883 5377 Claromontanam
1927 5317 2092 5375 exor-

520 5394 634 5450 nat,
658 5386 725 5439 de
754 5402 872 5459 quo
907 5389 1081 5459 multa
1108 5387 1390 5459 Philippus
1427 5390 1678 5446 Labbeus
1705 5393 1761 5446 in
1796 5400 2091 5459 conspectu

519 5470 674 5538 novae
702 5457 955 5538 editionis
978 5457 1401 5538 S.._Qan_ias‘_cenhi,
1423 5477 1704 5538 quemque
1732 5457 2091 5538 evolvendurn

588 5525 929 5583 rhumaniter
977 5529 1111 5583 mihi
1153 5530 1301 5584 dedit
1338 5525 1560 5585 Gabriel
1591 5525 1902 5587 Cossartius
1936 5533 2092 5587 theo—

519 5539 929 5646 rernuman'iter
952 5539 1111 5603 .mlh!
1153 5539 1301 5584 dedit
1337 5539 1560 5613 μηδι-ιρι
1591 5539 1902 5614 cossartius
1927 5539 2089 5616 theo-

540 5608 676 5664 ogus
708 5594 997 5651 Societatis
1032 5597 1458 5664 Jesu,laudibus
1489 5617 1712 5668 ingenii,
1744 5604 2089 5665 eruditionis,

518 5664 837 5726 eloquentiae
871 5669 1203 5726 prazcellens.
1232 5670 1369 5724 Cor.
1408 5700 1477 5712 --
1506 5674 1576 5726 Ei
1604 5673 1715 5726 γὰο
1743 5672 2085 5726 ἐγίνωσκες.

824 5686 837 5719 3
871 5686 1203 5725 ντωεειιεηε.
1232 5686 1369 5724 ιλοτ.
1408 5700 1477 5712 οσ-
1506 5686 1576 5725 Et
1604 5686 1715 5725 ναί)
1743 5686 2085 5725 ἐγίνωσκες.

520 5673 837 5731 eloqueiititn
871 5673 1203 5733 praicellens.
1232 5673 1369 5724 Cor.
1408 5700 1477 5712 --
1506 5674 1576 5726 Ei
1604 5673 1715 5740 γὰρ
1743 5673 2085 5741 ἐγίνωσκες.

520 5731 769 5789 Citantur
801 5736 903 5791 ista
936 5738 1005 5793 ab
1038 5737 1328 5796 Anastasio
1363 5742 1674 5799 oresbvtero
1701 5761 1713 5796 :
1765 5743 1856 5797 oui
1892 5744 1951 5795 Et
1982 5742 2088 5796 νὰο

2267 4481 2379 4551 (25)
2411 4480 2521 4533 Καὶ
2544 4478 2875 4548 ἰσαρίθμοις
2911 4480 3109 4545 νυξίν.
3142 4478 3259 4533 Vet.
3293 4478 3485 4551 Latin.)
3514 4498 3534 4531 ι
3565 4488 3619 4534 et
3644 4494 3789 4551 qua-

2195 4549 2446 4620 draginta
2482 4552 2755 4605 noctibus.
2802 4570 2821 4601 )
2858 4551 3215 4606 Desuntvero
3246 4552 3348 4605 ista
3376 4552 3432 4605 in
3462 4549 3784 4606 Anastasio.
3832 4557 3847 4569 ‘

2196 4620 2376 4760 Im(12.6)
2423 4689 2745 4755 Ἀνενδεές.
2780 4689 2903 4743 Vet.
2946 4689 3126 4745 Latin.
3167 4710 3185 4741 ι
3224 4692 3553 4760 inindigens,
3608 4709 3624 4740 ι
3672 4705 3779 4760 pro

2195 4759 2306 4831 quo
2330 4759 2582 4816 a'Jaeobo
2603 4760 2779 4815 Fabro
2804 4770 2890 4814 est
2916 4763 3272 4817 substitutum
3321 4780 3339 4813 ι
3364 4759 3514 4816 ηυιιο
3553 4759 3784 4831 egeris.»

2197 4834 2392 4975 “$2.71
2406 4901 2674 4969 Ποιήσας
2690 4901 2967 4975 τὸρσῷμιι.
2991 4902 3244 4975 Anastas.
3270 4902 3498 4975 ποιήσας
3520 4900 3787 4975 τὸ-φθαρ-

2196 4974 2286 5026 τὸν
2327 4971 2577 5042 σῶμα,ει
2612 4984 2716 5027 vet.
2748 4970 2927 5025 Latin.
2973 4992 2991 5025 ι
3026 4974 3232 5028 faciens
3276 4970 3432 5043 (Fab.
3459 5013 3474 5037 ,
3510 4970 3784 5041 reddens.)

2196 5043 2551 5111 corruptibile
2585 5057 2806 5111 corpus.
2848 5062 2865 5093 ι
2902 5044 3036 5096 Ιειι).

2269 5110 2382 5182 (28)
2431 5115 2570 5167 Κατ’
2596 5113 2903 5179 ἀλήθειαν.
2951 5114 3199 5169 Anaslat.
3253 5110 3489 5183 ἀληθῶς,
3550 5120 3605 5166 et
3666 5119 3783 5166 vet.

2195 5182 2375 5238 Latin.
2408 5202 2425 5234 ι
2463 5200 2608 5238 vere.
2648 5204 2665 5234 ι
2703 5186 2838 5236 Inui.

2265 5253 2377 5325 (29)
2406 5253 2509 5325 Διᾴ
2531 5254 2648 5325 μὲν
2685 5253 2790 5325 τοῦ
2838 5253 3092 5325 πρώτου.
3139 5254 3394 5309 Anastas.
3425 5251 3513 5325 διὰ
3540 5254 3639 5324 μὲν
3667 5253 3787 5325 γὰρ

2195 5321 2287 5378 τοῦ
2322 5341 2417 5394 πρ.
2456 5321 2569 5378 Vet.
2615 5323 2795 5377 Latin.
2846 5343 2863 5374 ι
2904 5323 3197 5392 Pmpterea
3262 5326 3316 5377 in
3376 5321 3578 5393 primo,
3641 5341 3660 5373 ι
3722 5321 3785 5376 υἰ

2195 5395 2359 5448 habet
2398 5395 2567 5449 codex
2609 5394 2967 5461 Petavianus;
3001 5394 3104 5457 vel,
3142 5414 3158 5445 ι
3193 5402 3245 5448 et
3284 5397 3462 5466 primo
3504 5413 3521 5444 i
3564 5400 3622 5447 ut
3659 5394 3783 5447 alii.

2194 5466 2375 5603 ῙΒ(ἓίῆ
2422 5534 2483 5587 '0
2529 5533 2806 5589 ἐκπεσὼν
2873 5535 2960 5591 ἐκ.
3009 5533 3139 5602 τῆς.
3212 5532 3345 5591 Vide
3391 5534 3780 5601 Prolegomen.

2193 5609 2378 5745 ima!)
2436 5668 2508 5745 Ὦ
2566 5676 2637 5729 τὰ
2690 5676 2905 5730 ἐνόντα
2958 5679 3302 5741 λελόγισται
3339 5675 3418 5741 ὡς
3468 5672 3551 5745 μὴ
3605 5670 3774 5723 ὄντα.

2193 5742 2411 5800 Confer.
2458 5742 2615 5800 Rom.
2652 5766 2723 5817 iv,
2758 5748 2819 5799 l7
2856 5758 2909 5802 et
2955 5747 2973 5800 l
3013 5745 3260 5802 Corinth.
3309 5762 3346 5801 ι.
3374 5742 3623 5800 2δζιιιιιι.
