  <div class='ocr_page' id='page_1' title='image "/cluster/home/n/w/nwhite01/storage/ocr_20150623/5/coo.31924054872845/483.png"; bbox 0 0 4142 6418; ppageno 0'>
   <div class='ocr_carea' id='block_1_1' title="bbox 443 416 543 474">
    <p class='ocr_par' dir='ltr' id='par_1_1' title="bbox 443 416 543 474">
     <span class='ocr_line' id='line_1_1' title="bbox 443 416 543 474; baseline 0.02 -2"><span class='ocrx_word' id='word_1_1' title='bbox 443 416 543 474; x_wconf 75' lang='grc'><strong>951</strong></span> 
     </span>
    </p>
   </div>
   <div class='ocr_carea' id='block_1_2' title="bbox 1221 417 2878 477">
    <p class='ocr_par' dir='ltr' id='par_1_2' title="bbox 1221 417 2878 477">
     <span class='ocr_line' id='line_1_2' title="bbox 1221 417 2878 477; baseline 0.004 -6"><span class='ocrx_word' id='word_1_2' title='bbox 1221 417 1312 472; x_wconf 79' lang='lat' dir='ltr'><strong>AD</strong></span> <span class='ocrx_word' id='word_1_3' title='bbox 1337 417 1717 475; x_wconf 83' lang='lat' dir='ltr'><strong>EPISTULAS</strong></span> <span class='ocrx_word' id='word_1_4' title='bbox 1757 420 1816 476; x_wconf 90' lang='lat' dir='ltr'><strong>S.</strong></span> <span class='ocrx_word' id='word_1_5' title='bbox 1849 419 2106 476; x_wconf 78' lang='lat' dir='ltr'><strong>IGNATII</strong></span> <span class='ocrx_word' id='word_1_6' title='bbox 2142 417 2489 477; x_wconf 75' lang='lat' dir='ltr'><strong>GENUINAS</strong></span> <span class='ocrx_word' id='word_1_7' title='bbox 2517 420 2878 477; x_wconf 77' lang='lat' dir='ltr'><strong>APPENDIX.</strong></span> 
     </span>
    </p>
   </div>
   <div class='ocr_carea' id='block_1_3' title="bbox 3592 423 3698 478">
    <p class='ocr_par' dir='ltr' id='par_1_3' title="bbox 3592 423 3698 478">
     <span class='ocr_line' id='line_1_3' title="bbox 3592 423 3698 478; baseline 0 0"><span class='ocrx_word' id='word_1_8' title='bbox 3592 423 3698 478; x_wconf 71' lang='grc'><strong>952</strong></span> 
     </span>
    </p>
   </div>
   <div class='ocr_carea' id='block_1_4' title="bbox 440 540 2037 615">
    <p class='ocr_par' dir='ltr' id='par_1_4' title="bbox 440 540 2021 612">
     <span class='ocr_line' id='line_1_4' title="bbox 440 540 2021 612; baseline -0.001 -12"><span class='ocrx_word' id='word_1_9' title='bbox 440 543 688 606; x_wconf 83' lang='lat' dir='ltr'><strong>Patrem,</strong></span> <span class='ocrx_word' id='word_1_10' title='bbox 739 549 794 595; x_wconf 86' lang='lat' dir='ltr'><strong>et</strong></span> <span class='ocrx_word' id='word_1_11' title='bbox 843 540 1244 612; x_wconf 75' lang='lat' dir='ltr'><strong>presbyterium</strong></span> <span class='ocrx_word' id='word_1_12' title='bbox 1295 549 1355 596; x_wconf 88' lang='lat' dir='ltr'><strong>ut</strong></span> <span class='ocrx_word' id='word_1_13' title='bbox 1395 541 1707 612; x_wconf 78' lang='lat' dir='ltr'><strong>apostolos;</strong></span> <span class='ocrx_word' id='word_1_14' title='bbox 1761 542 2021 598; x_wconf 80' lang='lat' dir='ltr'><strong>diaconos</strong></span> 
     </span>
    </p>
   </div>
   <div class='ocr_carea' id='block_1_5' title="bbox 2103 540 3701 615">
    <p class='ocr_par' dir='ltr' id='par_1_5' title="bbox 2125 541 3701 615">
     <span class='ocr_line' id='line_1_5' title="bbox 2125 541 3701 615; baseline 0 -20"><span class='ocrx_word' id='word_1_15' title='bbox 2125 543 2248 606; x_wconf 87' lang='grc' dir='ltr'>στὸς</span> <span class='ocrx_word' id='word_1_16' title='bbox 2279 541 2357 613; x_wconf 83' lang='grc' dir='ltr'><strong>τῷ</strong></span> <span class='ocrx_word' id='word_1_17' title='bbox 2381 542 2589 614; x_wconf 75' lang='grc' dir='ltr'>Πατρὶ,</span> <span class='ocrx_word' id='word_1_18' title='bbox 2621 543 2718 596; x_wconf 75' lang='grc' dir='ltr'><strong>καὶ</strong></span> <span class='ocrx_word' id='word_1_19' title='bbox 2749 541 2841 614; x_wconf 58' lang='grc' dir='ltr'><strong>,τῷ</strong></span> <span class='ocrx_word' id='word_1_20' title='bbox 2881 541 3256 615; x_wconf 75' lang='grc' dir='ltr'>πρεσϐυτερίῳ</span> <span class='ocrx_word' id='word_1_21' title='bbox 3293 541 3368 605; x_wconf 83' lang='grc' dir='ltr'>ὡς</span> <span class='ocrx_word' id='word_1_22' title='bbox 3413 543 3526 606; x_wconf 78' lang='grc' dir='ltr'>τοῖς</span> <span class='ocrx_word' id='word_1_23' title='bbox 3567 544 3701 597; x_wconf 70' lang='grc' dir='ltr'><strong>ἀπο-⁸</strong></span> 
     </span>
    </p>
   </div>
   <div class='ocr_carea' id='block_1_6' title="bbox 443 631 2016 704">
    <p class='ocr_par' dir='ltr' id='par_1_6' title="bbox 443 631 2016 704">
     <span class='ocr_line' id='line_1_6' title="bbox 443 631 2016 704; baseline -0.003 -12"><span class='ocrx_word' id='word_1_24' title='bbox 443 646 626 692; x_wconf 83' lang='lat' dir='ltr'><strong>autem</strong></span> <span class='ocrx_word' id='word_1_25' title='bbox 663 643 723 688; x_wconf 91' lang='lat' dir='ltr'><strong>ut</strong></span> <span class='ocrx_word' id='word_1_26' title='bbox 745 632 841 687; x_wconf 89' lang='lat' dir='ltr'><strong>Dei</strong></span> <span class='ocrx_word' id='word_1_27' title='bbox 879 633 1218 686; x_wconf 88' lang='lat' dir='ltr'><strong>mandatum.</strong></span> <span class='ocrx_word' id='word_1_28' title='bbox 1266 631 1436 688; x_wconf 84' lang='lat' dir='ltr'><strong>Nemo</strong></span> <span class='ocrx_word' id='word_1_29' title='bbox 1468 633 1585 687; x_wconf 90' lang='lat' dir='ltr'><strong>sine</strong></span> <span class='ocrx_word' id='word_1_30' title='bbox 1623 633 1878 704; x_wconf 90' lang='lat' dir='ltr'><strong>episcopo</strong></span> <span class='ocrx_word' id='word_1_31' title='bbox 1917 635 2016 688; x_wconf 86' lang='lat' dir='ltr'><strong>ali-</strong></span> 
     </span>
    </p>
   </div>
   <div class='ocr_carea' id='block_1_7' title="bbox 441 726 2014 800">
    <p class='ocr_par' dir='ltr' id='par_1_7' title="bbox 441 726 2014 800">
     <span class='ocr_line' id='line_1_7' title="bbox 441 726 2014 800; baseline 0 -16"><span class='ocrx_word' id='word_1_32' title='bbox 441 729 576 800; x_wconf 89' lang='lat' dir='ltr'><strong>quid</strong></span> <span class='ocrx_word' id='word_1_33' title='bbox 613 735 736 798; x_wconf 86' lang='lat' dir='ltr'><strong>agat</strong></span> <span class='ocrx_word' id='word_1_34' title='bbox 781 742 972 781; x_wconf 87' lang='lat' dir='ltr'><strong>eorum</strong></span> <span class='ocrx_word' id='word_1_35' title='bbox 1012 742 1134 796; x_wconf 71' lang='lat' dir='ltr'><strong>qua:</strong></span> <span class='ocrx_word' id='word_1_36' title='bbox 1176 727 1243 781; x_wconf 90' lang='lat' dir='ltr'><strong>ad</strong></span> <span class='ocrx_word' id='word_1_37' title='bbox 1273 726 1570 782; x_wconf 88' lang='lat' dir='ltr'><strong>Ecclesiam</strong></span> <span class='ocrx_word' id='word_1_38' title='bbox 1619 737 1881 798; x_wconf 90' lang='lat' dir='ltr'><strong>spectant.</strong></span> <span class='ocrx_word' id='word_1_39' title='bbox 1920 729 2014 786; x_wconf 89' lang='lat' dir='ltr'><strong>llla</strong></span> 
     </span>
    </p>
   </div>
   <div class='ocr_carea' id='block_1_8' title="bbox 440 817 2010 889">
    <p class='ocr_par' dir='ltr' id='par_1_8' title="bbox 440 817 2010 889">
     <span class='ocr_line' id='line_1_8' title="bbox 440 817 2010 889; baseline -0.001 -15"><span class='ocrx_word' id='word_1_40' title='bbox 440 817 773 874; x_wconf 88' lang='lat' dir='ltr'><strong>eucharistia</strong></span> <span class='ocrx_word' id='word_1_41' title='bbox 816 817 971 870; x_wconf 84' lang='lat' dir='ltr'><strong>lirma</strong></span> <span class='ocrx_word' id='word_1_42' title='bbox 1016 825 1323 882; x_wconf 79' lang='lat' dir='ltr'><strong>censeatur,</strong></span> <span class='ocrx_word' id='word_1_43' title='bbox 1369 832 1490 887; x_wconf 69' lang='lat' dir='ltr'><strong>quae</strong></span> <span class='ocrx_word' id='word_1_44' title='bbox 1539 818 1606 872; x_wconf 88' lang='lat' dir='ltr'><strong>ab</strong></span> <span class='ocrx_word' id='word_1_45' title='bbox 1640 819 1895 889; x_wconf 89' lang='lat' dir='ltr'><strong>episcopo</strong></span> <span class='ocrx_word' id='word_1_46' title='bbox 1932 821 2010 886; x_wconf 84' lang='lat' dir='ltr'><strong>lit,</strong></span> 
     </span>
    </p>
   </div>
   <div class='ocr_carea' id='block_1_9' title="bbox 440 907 2010 981">
    <p class='ocr_par' dir='ltr' id='par_1_9' title="bbox 440 907 2010 981">
     <span class='ocr_line' id='line_1_9' title="bbox 440 907 2010 981; baseline 0 -15"><span class='ocrx_word' id='word_1_47' title='bbox 440 919 537 966; x_wconf 89' lang='lat' dir='ltr'><strong>aut</strong></span> <span class='ocrx_word' id='word_1_48' title='bbox 571 909 659 963; x_wconf 89' lang='lat' dir='ltr'><strong>cui</strong></span> <span class='ocrx_word' id='word_1_49' title='bbox 696 909 814 978; x_wconf 87' lang='lat' dir='ltr'><strong>ipse</strong></span> <span class='ocrx_word' id='word_1_50' title='bbox 843 907 1174 978; x_wconf 87' lang='lat' dir='ltr'><strong>permiserit.</strong></span> <span class='ocrx_word' id='word_1_51' title='bbox 1209 908 1312 963; x_wconf 87' lang='lat' dir='ltr'><strong>Ubi</strong></span> <span class='ocrx_word' id='word_1_52' title='bbox 1344 910 1656 978; x_wconf 86' lang='lat' dir='ltr'><strong>apparuerit</strong></span> <span class='ocrx_word' id='word_1_53' title='bbox 1701 911 2010 981; x_wconf 86' lang='lat' dir='ltr'><strong>episcopus,</strong></span> 
     </span>
    </p>
   </div>
   <div class='ocr_carea' id='block_1_10' title="bbox 441 1000 2014 1068">
    <p class='ocr_par' dir='ltr' id='par_1_10' title="bbox 441 1000 2014 1068">
     <span class='ocr_line' id='line_1_10' title="bbox 441 1000 2014 1068; baseline 0 -11"><span class='ocrx_word' id='word_1_54' title='bbox 441 1001 553 1057; x_wconf 90' lang='lat' dir='ltr'><strong>illic</strong></span> <span class='ocrx_word' id='word_1_55' title='bbox 597 1000 892 1062; x_wconf 88' lang='lat' dir='ltr'><strong>multitudo</strong></span> <span class='ocrx_word' id='word_1_56' title='bbox 923 1000 1030 1065; x_wconf 87' lang='lat' dir='ltr'><strong>sit;</strong></span> <span class='ocrx_word' id='word_1_57' title='bbox 1083 1001 1544 1068; x_wconf 85' lang='lat' dir='ltr'><strong>quemadmodum</strong></span> <span class='ocrx_word' id='word_1_58' title='bbox 1593 1001 1684 1055; x_wconf 90' lang='lat' dir='ltr'><strong>ubi</strong></span> <span class='ocrx_word' id='word_1_59' title='bbox 1729 1009 1813 1055; x_wconf 92' lang='lat' dir='ltr'><strong>est</strong></span> <span class='ocrx_word' id='word_1_60' title='bbox 1853 1000 2014 1058; x_wconf 86' lang='lat' dir='ltr'><strong>Jesus</strong></span> 
     </span>
    </p>
   </div>
   <div class='ocr_carea' id='block_1_11' title="bbox 439 1089 2012 1158">
    <p class='ocr_par' dir='ltr' id='par_1_11' title="bbox 439 1089 2012 1158">
     <span class='ocr_line' id='line_1_11' title="bbox 439 1089 2012 1158; baseline 0 -10"><span class='ocrx_word' id='word_1_61' title='bbox 439 1093 714 1158; x_wconf 83' lang='lat' dir='ltr'><strong>Christus,</strong></span> <span class='ocrx_word' id='word_1_62' title='bbox 740 1091 852 1146; x_wconf 90' lang='lat' dir='ltr'><strong>illic</strong></span> <span class='ocrx_word' id='word_1_63' title='bbox 881 1099 964 1146; x_wconf 90' lang='lat' dir='ltr'><strong>est</strong></span> <span class='ocrx_word' id='word_1_64' title='bbox 990 1089 1234 1145; x_wconf 87' lang='lat' dir='ltr'><strong>Ecclesia</strong></span> <span class='ocrx_word' id='word_1_65' title='bbox 1263 1093 1555 1148; x_wconf 90' lang='lat' dir='ltr'><strong>catholica.</strong></span> <span class='ocrx_word' id='word_1_66' title='bbox 1595 1091 1714 1147; x_wconf 92' lang='lat' dir='ltr'><strong>Non</strong></span> <span class='ocrx_word' id='word_1_67' title='bbox 1741 1092 1868 1146; x_wconf 91' lang='lat' dir='ltr'><strong>licet</strong></span> <span class='ocrx_word' id='word_1_68' title='bbox 1895 1093 2012 1148; x_wconf 90' lang='lat' dir='ltr'><strong>sine</strong></span> 
     </span>
    </p>
   </div>
   <div class='ocr_carea' id='block_1_12' title="bbox 439 1183 2008 1256">
    <p class='ocr_par' dir='ltr' id='par_1_12' title="bbox 439 1183 2008 1256">
     <span class='ocr_line' id='line_1_12' title="bbox 439 1183 2008 1256; baseline -0.003 -14"><span class='ocrx_word' id='word_1_69' title='bbox 439 1186 717 1255; x_wconf 87' lang='lat' dir='ltr'><strong>episcopo,</strong></span> <span class='ocrx_word' id='word_1_70' title='bbox 770 1198 948 1256; x_wconf 87' lang='lat' dir='ltr'><strong>neque</strong></span> <span class='ocrx_word' id='word_1_71' title='bbox 998 1183 1297 1252; x_wconf 76' lang='lat' dir='ltr'><strong>baptizare,</strong></span> <span class='ocrx_word' id='word_1_72' title='bbox 1331 1199 1505 1253; x_wconf 89' lang='lat' dir='ltr'><strong>neque</strong></span> <span class='ocrx_word' id='word_1_73' title='bbox 1553 1200 1754 1254; x_wconf 88' lang='lat' dir='ltr'><strong>agapas</strong></span> <span class='ocrx_word' id='word_1_74' title='bbox 1796 1183 2008 1251; x_wconf 78' lang='lat' dir='ltr'><strong>facere;</strong></span> 
     </span>
    </p>
   </div>
   <div class='ocr_carea' id='block_1_13' title="bbox 440 1274 2014 1348">
    <p class='ocr_par' dir='ltr' id='par_1_13' title="bbox 440 1274 2014 1348">
     <span class='ocr_line' id='line_1_13' title="bbox 440 1274 2014 1348; baseline -0.003 -14"><span class='ocrx_word' id='word_1_75' title='bbox 440 1278 535 1334; x_wconf 91' lang='lat' dir='ltr'><strong>sed</strong></span> <span class='ocrx_word' id='word_1_76' title='bbox 582 1276 728 1348; x_wconf 89' lang='lat' dir='ltr'><strong>quod</strong></span> <span class='ocrx_word' id='word_1_77' title='bbox 771 1276 862 1329; x_wconf 91' lang='lat' dir='ltr'><strong>ille</strong></span> <span class='ocrx_word' id='word_1_78' title='bbox 911 1274 1241 1344; x_wconf 59' lang='lat' dir='ltr'><strong>probaverit,</strong></span> <span class='ocrx_word' id='word_1_79' title='bbox 1298 1276 1403 1330; x_wconf 92' lang='lat' dir='ltr'><strong>hoc</strong></span> <span class='ocrx_word' id='word_1_80' title='bbox 1431 1274 1557 1330; x_wconf 89' lang='lat' dir='ltr'><strong>Jesu</strong></span> <span class='ocrx_word' id='word_1_81' title='bbox 1595 1275 1818 1339; x_wconf 77' lang='lat' dir='ltr'><strong>Christo</strong></span> <span class='ocrx_word' id='word_1_82' title='bbox 1863 1291 2014 1331; x_wconf 86' lang='lat' dir='ltr'><strong>com-</strong></span> 
     </span>
    </p>
   </div>
   <div class='ocr_carea' id='block_1_14' title="bbox 437 1366 2011 1438">
    <p class='ocr_par' dir='ltr' id='par_1_14' title="bbox 437 1366 2011 1438">
     <span class='ocr_line' id='line_1_14' title="bbox 437 1366 2011 1438; baseline -0.001 -17"><span class='ocrx_word' id='word_1_83' title='bbox 437 1366 698 1438; x_wconf 84' lang='lat' dir='ltr'><strong>placitum</strong></span> <span class='ocrx_word' id='word_1_84' title='bbox 737 1373 842 1432; x_wconf 90' lang='lat' dir='ltr'><strong>est,</strong></span> <span class='ocrx_word' id='word_1_85' title='bbox 877 1374 936 1418; x_wconf 92' lang='lat' dir='ltr'><strong>ut</strong></span> <span class='ocrx_word' id='word_1_86' title='bbox 979 1373 1154 1418; x_wconf 90' lang='lat' dir='ltr'><strong>tutum</strong></span> <span class='ocrx_word' id='word_1_87' title='bbox 1196 1368 1525 1436; x_wconf 80' lang='lat' dir='ltr'><strong>ﬁrmumque</strong></span> <span class='ocrx_word' id='word_1_88' title='bbox 1569 1367 1640 1421; x_wconf 88' lang='lat' dir='ltr'><strong>sit</strong></span> <span class='ocrx_word' id='word_1_89' title='bbox 1669 1381 1830 1422; x_wconf 90' lang='lat' dir='ltr'><strong>omne</strong></span> <span class='ocrx_word' id='word_1_90' title='bbox 1863 1366 2011 1437; x_wconf 83' lang='lat' dir='ltr'><strong>quod</strong></span> 
     </span>
    </p>
   </div>
   <div class='ocr_carea' id='block_1_15' title="bbox 439 1455 2012 1529">
    <p class='ocr_par' dir='ltr' id='par_1_15' title="bbox 439 1455 2012 1529">
     <span class='ocr_line' id='line_1_15' title="bbox 439 1455 2012 1529; baseline 0.001 -18"><span class='ocrx_word' id='word_1_91' title='bbox 439 1459 637 1527; x_wconf 77' lang='lat' dir='ltr'><strong>agitur.</strong></span> <span class='ocrx_word' id='word_1_92' title='bbox 669 1455 743 1509; x_wconf 88' lang='lat' dir='ltr'><strong>De</strong></span> <span class='ocrx_word' id='word_1_93' title='bbox 765 1466 961 1510; x_wconf 67' lang='lat' dir='ltr'><strong>caetero</strong></span> <span class='ocrx_word' id='word_1_94' title='bbox 985 1470 1200 1524; x_wconf 67' lang='lat' dir='ltr'><strong>aequum</strong></span> <span class='ocrx_word' id='word_1_95' title='bbox 1229 1466 1312 1512; x_wconf 88' lang='lat' dir='ltr'><strong>est</strong></span> <span class='ocrx_word' id='word_1_96' title='bbox 1338 1467 1397 1512; x_wconf 92' lang='lat' dir='ltr'><strong>ut</strong></span> <span class='ocrx_word' id='word_1_97' title='bbox 1422 1458 1762 1529; x_wconf 85' lang='lat' dir='ltr'><strong>evigilemus,</strong></span> <span class='ocrx_word' id='word_1_98' title='bbox 1792 1460 2012 1529; x_wconf 84' lang='lat' dir='ltr'><strong>quando</strong></span> 
     </span>
    </p>
   </div>
   <div class='ocr_carea' id='block_1_16' title="bbox 439 1545 2011 1618">
    <p class='ocr_par' dir='ltr' id='par_1_16' title="bbox 439 1545 2011 1618">
     <span class='ocr_line' id='line_1_16' title="bbox 439 1545 2011 1618; baseline -0.001 -16"><span class='ocrx_word' id='word_1_99' title='bbox 439 1555 656 1614; x_wconf 87' lang='lat' dir='ltr'><strong>tempus</strong></span> <span class='ocrx_word' id='word_1_100' title='bbox 680 1545 968 1609; x_wconf 88' lang='lat' dir='ltr'><strong>habemus,</strong></span> <span class='ocrx_word' id='word_1_101' title='bbox 1001 1553 1061 1599; x_wconf 93' lang='lat' dir='ltr'><strong>ut</strong></span> <span class='ocrx_word' id='word_1_102' title='bbox 1092 1561 1192 1601; x_wconf 91' lang='lat' dir='ltr'><strong>nos</strong></span> <span class='ocrx_word' id='word_1_103' title='bbox 1220 1546 1310 1601; x_wconf 90' lang='lat' dir='ltr'><strong>Dei</strong></span> <span class='ocrx_word' id='word_1_104' title='bbox 1348 1563 1514 1602; x_wconf 89' lang='lat' dir='ltr'><strong>causa</strong></span> <span class='ocrx_word' id='word_1_105' title='bbox 1540 1547 1818 1617; x_wconf 87' lang='lat' dir='ltr'><strong>poeniteat.</strong></span> <span class='ocrx_word' id='word_1_106' title='bbox 1853 1546 2011 1618; x_wconf 89' lang='lat' dir='ltr'><strong>Opti-</strong></span> 
     </span>
    </p>
   </div>
   <div class='ocr_carea' id='block_1_17' title="bbox 438 1633 2014 1710">
    <p class='ocr_par' dir='ltr' id='par_1_17' title="bbox 438 1633 2014 1710">
     <span class='ocr_line' id='line_1_17' title="bbox 438 1633 2014 1710; baseline 0.001 -19"><span class='ocrx_word' id='word_1_107' title='bbox 438 1651 592 1692; x_wconf 81' lang='lat' dir='ltr'><strong>mum</strong></span> <span class='ocrx_word' id='word_1_108' title='bbox 620 1644 728 1698; x_wconf 89' lang='lat' dir='ltr'><strong>est,</strong></span> <span class='ocrx_word' id='word_1_109' title='bbox 761 1633 931 1691; x_wconf 90' lang='lat' dir='ltr'><strong>Deum</strong></span> <span class='ocrx_word' id='word_1_110' title='bbox 975 1648 1139 1710; x_wconf 88' lang='lat' dir='ltr'><strong>atque</strong></span> <span class='ocrx_word' id='word_1_111' title='bbox 1171 1639 1488 1708; x_wconf 88' lang='lat' dir='ltr'><strong>episcopum</strong></span> <span class='ocrx_word' id='word_1_112' title='bbox 1533 1653 1716 1693; x_wconf 89' lang='lat' dir='ltr'><strong>nosse.</strong></span> <span class='ocrx_word' id='word_1_113' title='bbox 1764 1637 1869 1702; x_wconf 84' lang='lat' dir='ltr'><strong>Qui</strong></span> <span class='ocrx_word' id='word_1_114' title='bbox 1911 1639 2014 1692; x_wconf 90' lang='lat' dir='ltr'><strong>ho-</strong></span> 
     </span>
    </p>
   </div>
   <div class='ocr_carea' id='block_1_18' title="bbox 438 1729 2009 1800">
    <p class='ocr_par' dir='ltr' id='par_1_18' title="bbox 438 1729 2009 1800">
     <span class='ocr_line' id='line_1_18' title="bbox 438 1729 2009 1800; baseline 0 -18"><span class='ocrx_word' id='word_1_115' title='bbox 438 1735 603 1782; x_wconf 89' lang='lat' dir='ltr'><strong>norat</strong></span> <span class='ocrx_word' id='word_1_116' title='bbox 628 1729 965 1798; x_wconf 88' lang='lat' dir='ltr'><strong>episcopum,</strong></span> <span class='ocrx_word' id='word_1_117' title='bbox 1001 1746 1031 1785; x_wconf 89' lang='lat' dir='ltr'><strong>a</strong></span> <span class='ocrx_word' id='word_1_118' title='bbox 1059 1730 1168 1784; x_wconf 89' lang='lat' dir='ltr'><strong>Deo</strong></span> <span class='ocrx_word' id='word_1_119' title='bbox 1200 1730 1533 1797; x_wconf 88' lang='lat' dir='ltr'><strong>honoratur;</strong></span> <span class='ocrx_word' id='word_1_120' title='bbox 1564 1729 1657 1799; x_wconf 90' lang='lat' dir='ltr'><strong>qui</strong></span> <span class='ocrx_word' id='word_1_121' title='bbox 1692 1730 1863 1786; x_wconf 84' lang='lat' dir='ltr'><strong>inscio</strong></span> <span class='ocrx_word' id='word_1_122' title='bbox 1893 1729 2009 1800; x_wconf 88' lang='lat' dir='ltr'><strong>epi-</strong></span> 
     </span>
    </p>
   </div>
   <div class='ocr_carea' id='block_1_19' title="bbox 2121 633 3702 706">
    <p class='ocr_par' dir='ltr' id='par_1_19' title="bbox 2121 633 3702 706">
     <span class='ocr_line' id='line_1_19' title="bbox 2121 633 3702 706; baseline -0.002 -18"><span class='ocrx_word' id='word_1_123' title='bbox 2121 635 2325 698; x_wconf 85' lang='grc' dir='ltr'>στόλοις</span> <span class='ocrx_word' id='word_1_124' title='bbox 2352 652 2364 663; x_wconf 92' lang='grc'><strong>·</strong></span> <span class='ocrx_word' id='word_1_125' title='bbox 2401 634 2525 697; x_wconf 74' lang='grc' dir='ltr'>τοὺς</span> <span class='ocrx_word' id='word_1_126' title='bbox 2557 633 2613 687; x_wconf 85' lang='grc' dir='ltr'>δὲ</span> <span class='ocrx_word' id='word_1_127' title='bbox 2643 634 2924 698; x_wconf 81' lang='grc' dir='ltr'><strong>διακόνους</strong></span> <span class='ocrx_word' id='word_1_128' title='bbox 2966 634 3295 706; x_wconf 80' lang='grc' dir='ltr'>ὲντρέπεσθε</span> <span class='ocrx_word' id='word_1_129' title='bbox 3331 634 3406 697; x_wconf 84' lang='grc' dir='ltr'>ὡς</span> <span class='ocrx_word' id='word_1_130' title='bbox 3433 633 3568 686; x_wconf 86' lang='grc' dir='ltr'>Θεοῦ</span> <span class='ocrx_word' id='word_1_131' title='bbox 3615 637 3702 687; x_wconf 84' lang='grc' dir='ltr'><strong>ὲν-</strong></span> 
     </span>
    </p>
   </div>
   <div class='ocr_carea' id='block_1_20' title="bbox 2117 725 3700 800">
    <p class='ocr_par' dir='ltr' id='par_1_20' title="bbox 2117 725 3700 800">
     <span class='ocr_line' id='line_1_20' title="bbox 2117 725 3700 800; baseline -0.001 -20"><span class='ocrx_word' id='word_1_132' title='bbox 2117 728 2298 800; x_wconf 78' lang='grc' dir='ltr'>τολήν.</span> <span class='ocrx_word' id='word_1_133' title='bbox 2348 726 2554 797; x_wconf 71' lang='grc' dir='ltr'>Μηδεὶς</span> <span class='ocrx_word' id='word_1_134' title='bbox 2606 727 2774 799; x_wconf 81' lang='grc' dir='ltr'>χωρὶς</span> <span class='ocrx_word' id='word_1_135' title='bbox 2827 727 3122 781; x_wconf 71' lang='grc' dir='ltr'>ἐπισκόπου</span> <span class='ocrx_word' id='word_1_136' title='bbox 3163 745 3215 780; x_wconf 89' lang='grc' dir='ltr'><strong>τι</strong></span> <span class='ocrx_word' id='word_1_137' title='bbox 3249 725 3541 797; x_wconf 79' lang='grc' dir='ltr'><strong>πρασσέτω</strong></span> <span class='ocrx_word' id='word_1_138' title='bbox 3591 725 3700 778; x_wconf 84' lang='grc' dir='ltr'>τῶν</span> 
     </span>
    </p>
   </div>
   <div class='ocr_carea' id='block_1_21' title="bbox 2115 815 3701 890">
    <p class='ocr_par' dir='ltr' id='par_1_21' title="bbox 2115 815 3701 890">
     <span class='ocr_line' id='line_1_21' title="bbox 2115 815 3701 890; baseline -0.001 -18"><span class='ocrx_word' id='word_1_139' title='bbox 2115 820 2424 889; x_wconf 81' lang='grc' dir='ltr'><strong>ἀνηκόντων</strong></span> <span class='ocrx_word' id='word_1_140' title='bbox 2455 821 2512 871; x_wconf 81' lang='grc' dir='ltr'>ὲν</span> <span class='ocrx_word' id='word_1_141' title='bbox 2543 818 2855 890; x_wconf 84' lang='grc' dir='ltr'>Ἐκκλησίᾳ.</span> <span class='ocrx_word' id='word_1_142' title='bbox 2876 818 3079 872; x_wconf 80' lang='grc' dir='ltr'>Βεϐαία</span> <span class='ocrx_word' id='word_1_143' title='bbox 3113 817 3430 888; x_wconf 74' lang='grc' dir='ltr'>εὐχαριστία</span> <span class='ocrx_word' id='word_1_144' title='bbox 3463 815 3701 886; x_wconf 78' lang='grc' dir='ltr'>ἡγείσθω</span> 
     </span>
    </p>
   </div>
   <div class='ocr_carea' id='block_1_22' title="bbox 2114 901 3695 984">
    <p class='ocr_par' dir='ltr' id='par_1_22' title="bbox 2114 901 3695 984">
     <span class='ocr_line' id='line_1_22' title="bbox 2114 901 3695 984; baseline -0.003 -21"><span class='ocrx_word' id='word_1_145' title='bbox 2114 907 2276 984; x_wconf 82' lang='grc' dir='ltr'>ἡτοῦ</span> <span class='ocrx_word' id='word_1_146' title='bbox 2320 908 2618 960; x_wconf 72' lang='grc' dir='ltr'>ἐπισκόπου</span> <span class='ocrx_word' id='word_1_147' title='bbox 2663 903 2830 973; x_wconf 71' lang='grc' dir='ltr'>οὖσα,</span> <span class='ocrx_word' id='word_1_148' title='bbox 2877 909 2911 978; x_wconf 85' lang='grc' dir='ltr'>ἢ</span> <span class='ocrx_word' id='word_1_149' title='bbox 2954 901 2997 975; x_wconf 79' lang='grc' dir='ltr'>ᾧ</span> <span class='ocrx_word' id='word_1_150' title='bbox 3045 908 3140 960; x_wconf 78' lang='grc' dir='ltr'>ἐὰν</span> <span class='ocrx_word' id='word_1_151' title='bbox 3193 906 3356 970; x_wconf 81' lang='grc' dir='ltr'>αὐτὸς</span> <span class='ocrx_word' id='word_1_152' title='bbox 3405 905 3695 977; x_wconf 73' lang='grc' dir='ltr'>ἐπιτρέψῃ.</span> 
     </span>
    </p>
   </div>
   <div class='ocr_carea' id='block_1_23' title="bbox 2118 997 3698 1070">
    <p class='ocr_par' dir='ltr' id='par_1_23' title="bbox 2118 997 3698 1070">
     <span class='ocr_line' id='line_1_23' title="bbox 2118 997 3698 1070; baseline -0.002 -18"><span class='ocrx_word' id='word_1_153' title='bbox 2118 1001 2289 1052; x_wconf 87' lang='grc' dir='ltr'>Ὅπου</span> <span class='ocrx_word' id='word_1_154' title='bbox 2317 999 2382 1052; x_wconf 83' lang='grc' dir='ltr'><strong>ἂν</strong></span> <span class='ocrx_word' id='word_1_155' title='bbox 2415 1002 2555 1070; x_wconf 81' lang='grc' dir='ltr'>φανῇ</span> <span class='ocrx_word' id='word_1_156' title='bbox 2590 1001 2617 1053; x_wconf 89' lang='grc' dir='ltr'><strong>ό</strong></span> <span class='ocrx_word' id='word_1_157' title='bbox 2647 1000 2963 1064; x_wconf 80' lang='grc' dir='ltr'>ἐπίσκοπος,</span> <span class='ocrx_word' id='word_1_158' title='bbox 3003 1002 3119 1053; x_wconf 78' lang='grc' dir='ltr'>ἐκεῖ</span> <span class='ocrx_word' id='word_1_159' title='bbox 3149 998 3208 1051; x_wconf 90' lang='grc' dir='ltr'><strong>τὸ</strong></span> <span class='ocrx_word' id='word_1_160' title='bbox 3242 998 3445 1067; x_wconf 83' lang='grc' dir='ltr'>πλῆθος</span> <span class='ocrx_word' id='word_1_161' title='bbox 3472 1015 3485 1028; x_wconf 74' lang='grc'><em>’</em></span> <span class='ocrx_word' id='word_1_162' title='bbox 3508 997 3698 1069; x_wconf 81' lang='grc' dir='ltr'>ὥσπερ</span> 
     </span>
    </p>
   </div>
   <div class='ocr_carea' id='block_1_24' title="bbox 2113 1087 3700 1164">
    <p class='ocr_par' dir='ltr' id='par_1_24' title="bbox 2113 1087 3700 1164">
     <span class='ocr_line' id='line_1_24' title="bbox 2113 1087 3700 1164; baseline -0.001 -20"><span class='ocrx_word' id='word_1_163' title='bbox 2113 1091 2246 1144; x_wconf 83' lang='grc' dir='ltr'>ὅπου</span> <span class='ocrx_word' id='word_1_164' title='bbox 2280 1090 2374 1143; x_wconf 79' lang='grc' dir='ltr'>ἐὰν</span> <span class='ocrx_word' id='word_1_165' title='bbox 2471 1091 2675 1162; x_wconf 78' lang='grc' dir='ltr'>Ἰησοῦς</span> <span class='ocrx_word' id='word_1_166' title='bbox 2697 1091 2951 1162; x_wconf 87' lang='grc' dir='ltr'>Χριστὸς,</span> <span class='ocrx_word' id='word_1_167' title='bbox 2988 1094 3102 1144; x_wconf 74' lang='grc' dir='ltr'>ἐκεῖ</span> <span class='ocrx_word' id='word_1_168' title='bbox 3131 1093 3162 1162; x_wconf 86' lang='grc' dir='ltr'><strong>ή</strong></span> <span class='ocrx_word' id='word_1_169' title='bbox 3199 1089 3700 1162; x_wconf 82' lang='grc' dir='ltr'>καθολικὴἘκκλη-</span> 
     </span>
    </p>
   </div>
   <div class='ocr_carea' id='block_1_25' title="bbox 2117 1179 3701 1253">
    <p class='ocr_par' dir='ltr' id='par_1_25' title="bbox 2117 1179 3701 1253">
     <span class='ocr_line' id='line_1_25' title="bbox 2117 1179 3701 1253; baseline 0 -21"><span class='ocrx_word' id='word_1_170' title='bbox 2117 1179 2225 1233; x_wconf 77' lang='grc' dir='ltr'>σία.</span> <span class='ocrx_word' id='word_1_171' title='bbox 2276 1182 2388 1235; x_wconf 80' lang='grc' dir='ltr'>Οὐκ</span> <span class='ocrx_word' id='word_1_172' title='bbox 2435 1181 2554 1247; x_wconf 79' lang='grc' dir='ltr'>ἐξόν</span> <span class='ocrx_word' id='word_1_173' title='bbox 2598 1184 2715 1240; x_wconf 69' lang='grc' dir='ltr'>ἐστι</span> <span class='ocrx_word' id='word_1_174' title='bbox 2765 1182 2932 1253; x_wconf 72' lang='grc' dir='ltr'>χωρὶς</span> <span class='ocrx_word' id='word_1_175' title='bbox 2969 1182 3290 1248; x_wconf 77' lang='grc' dir='ltr'>ἐπισκόπου,</span> <span class='ocrx_word' id='word_1_176' title='bbox 3335 1179 3456 1234; x_wconf 74' lang='grc' dir='ltr'>οὔτε</span> <span class='ocrx_word' id='word_1_177' title='bbox 3506 1180 3701 1251; x_wconf 83' lang='grc' dir='ltr'>βαπτί-</span> 
     </span>
    </p>
   </div>
   <div class='ocr_carea' id='block_1_26' title="bbox 2115 1269 3699 1341">
    <p class='ocr_par' dir='ltr' id='par_1_26' title="bbox 2115 1269 3699 1341">
     <span class='ocr_line' id='line_1_26' title="bbox 2115 1269 3699 1341; baseline 0.001 -19"><span class='ocrx_word' id='word_1_178' title='bbox 2115 1269 2246 1336; x_wconf 83' lang='grc' dir='ltr'>ζειν,</span> <span class='ocrx_word' id='word_1_179' title='bbox 2280 1271 2403 1326; x_wconf 76' lang='grc' dir='ltr'>οῦτε</span> <span class='ocrx_word' id='word_1_180' title='bbox 2449 1273 2669 1341; x_wconf 83' lang='grc' dir='ltr'>ἀγάπας</span> <span class='ocrx_word' id='word_1_181' title='bbox 2716 1277 2909 1338; x_wconf 83' lang='grc' dir='ltr'>ποιεῖν,</span> <span class='ocrx_word' id='word_1_182' title='bbox 2943 1272 3056 1326; x_wconf 84' lang='grc' dir='ltr'>ἀλλ’</span> <span class='ocrx_word' id='word_1_183' title='bbox 3103 1272 3131 1325; x_wconf 83' lang='grc' dir='ltr'><strong>ὃ</strong></span> <span class='ocrx_word' id='word_1_184' title='bbox 3164 1273 3258 1327; x_wconf 76' lang='grc' dir='ltr'>ἐὰν</span> <span class='ocrx_word' id='word_1_185' title='bbox 3303 1273 3508 1335; x_wconf 79' lang='grc' dir='ltr'>ἐκεῖνος</span> <span class='ocrx_word' id='word_1_186' title='bbox 3551 1273 3699 1326; x_wconf 88' lang='grc' dir='ltr'>δοκι-</span> 
     </span>
    </p>
   </div>
   <div class='ocr_carea' id='block_1_27' title="bbox 2117 1361 3700 1435">
    <p class='ocr_par' dir='ltr' id='par_1_27' title="bbox 2117 1361 3700 1435">
     <span class='ocr_line' id='line_1_27' title="bbox 2117 1361 3700 1435; baseline 0.002 -22"><span class='ocrx_word' id='word_1_187' title='bbox 2117 1361 2297 1434; x_wconf 86' lang='grc' dir='ltr'>μάσῃ,</span> <span class='ocrx_word' id='word_1_188' title='bbox 2346 1362 2502 1416; x_wconf 89' lang='grc' dir='ltr'>τοῦτο</span> <span class='ocrx_word' id='word_1_189' title='bbox 2547 1364 2639 1417; x_wconf 80' lang='grc' dir='ltr'>καὶ</span> <span class='ocrx_word' id='word_1_190' title='bbox 2671 1362 2748 1434; x_wconf 85' lang='grc' dir='ltr'><strong>τῷ</strong></span> <span class='ocrx_word' id='word_1_191' title='bbox 2788 1362 2962 1435; x_wconf 88' lang='grc' dir='ltr'><strong>Ἰησοῦ</strong></span> <span class='ocrx_word' id='word_1_192' title='bbox 2994 1363 3216 1435; x_wconf 83' lang='grc' dir='ltr'>Χριστῷ</span> <span class='ocrx_word' id='word_1_193' title='bbox 3263 1365 3576 1435; x_wconf 82' lang='grc' dir='ltr'>εὐάρεστον,</span> <span class='ocrx_word' id='word_1_194' title='bbox 3611 1363 3700 1416; x_wconf 77' lang='grc' dir='ltr'><strong>ἵνα</strong></span> 
     </span>
    </p>
   </div>
   <div class='ocr_carea' id='block_1_28' title="bbox 2111 1450 3700 1527">
    <p class='ocr_par' dir='ltr' id='par_1_28' title="bbox 2111 1450 3700 1527">
     <span class='ocr_line' id='line_1_28' title="bbox 2111 1450 3700 1527; baseline -0.001 -21"><span class='ocrx_word' id='word_1_195' title='bbox 2111 1453 2350 1522; x_wconf 81' lang='grc' dir='ltr'>ἀσφαλὲς</span> <span class='ocrx_word' id='word_1_196' title='bbox 2393 1450 2552 1527; x_wconf 64' lang='grc' dir='ltr'><strong>ἦκα)⁵</strong></span> <span class='ocrx_word' id='word_1_197' title='bbox 2599 1453 2812 1524; x_wconf 78' lang='grc' dir='ltr'>βέϐαιον</span> <span class='ocrx_word' id='word_1_198' title='bbox 2859 1455 2968 1505; x_wconf 81' lang='grc' dir='ltr'>πᾶν</span> <span class='ocrx_word' id='word_1_199' title='bbox 3014 1453 3042 1506; x_wconf 82' lang='grc' dir='ltr'><strong>ὃ</strong></span> <span class='ocrx_word' id='word_1_200' title='bbox 3087 1453 3414 1524; x_wconf 87' lang='grc' dir='ltr'>πράσσεται.</span> <span class='ocrx_word' id='word_1_201' title='bbox 3463 1451 3700 1520; x_wconf 76' lang='grc' dir='ltr'>Εῦλογόν</span> 
     </span>
    </p>
   </div>
   <div class='ocr_carea' id='block_1_29' title="bbox 2113 1546 3700 1618">
    <p class='ocr_par' dir='ltr' id='par_1_29' title="bbox 2113 1546 3700 1618">
     <span class='ocr_line' id='line_1_29' title="bbox 2113 1546 3700 1618; baseline 0.001 -20"><span class='ocrx_word' id='word_1_202' title='bbox 2113 1547 2230 1599; x_wconf 74' lang='grc' dir='ltr'>ἐστι</span> <span class='ocrx_word' id='word_1_203' title='bbox 2279 1546 2465 1600; x_wconf 90' lang='grc' dir='ltr'>λοιπὸν</span> <span class='ocrx_word' id='word_1_204' title='bbox 2509 1547 2781 1617; x_wconf 75' lang='grc' dir='ltr'>ἀνανῆψαι</span> <span class='ocrx_word' id='word_1_205' title='bbox 2827 1547 2995 1618; x_wconf 79' lang='grc' dir='ltr'>ἡμᾶς,</span> <span class='ocrx_word' id='word_1_206' title='bbox 3027 1546 3102 1610; x_wconf 85' lang='grc' dir='ltr'>ὡς</span> <span class='ocrx_word' id='word_1_207' title='bbox 3146 1547 3337 1618; x_wconf 85' lang='grc' dir='ltr'>καιρὸν</span> <span class='ocrx_word' id='word_1_208' title='bbox 3389 1546 3585 1617; x_wconf 74' lang='grc' dir='ltr'>ἔχομεν</span> <span class='ocrx_word' id='word_1_209' title='bbox 3617 1548 3700 1610; x_wconf 85' lang='grc' dir='ltr'><strong>είς</strong></span> 
     </span>
    </p>
   </div>
   <div class='ocr_carea' id='block_1_30' title="bbox 2113 1634 3702 1708">
    <p class='ocr_par' dir='ltr' id='par_1_30' title="bbox 2113 1634 3702 1708">
     <span class='ocr_line' id='line_1_30' title="bbox 2113 1634 3702 1708; baseline 0.001 -20"><span class='ocrx_word' id='word_1_210' title='bbox 2113 1634 2247 1690; x_wconf 82' lang='grc' dir='ltr'>Θεὸν</span> <span class='ocrx_word' id='word_1_211' title='bbox 2297 1640 2595 1708; x_wconf 81' lang='grc' dir='ltr'>μετανοεῖν.</span> <span class='ocrx_word' id='word_1_212' title='bbox 2658 1636 2854 1700; x_wconf 82' lang='grc' dir='ltr'>Καλῶς</span> <span class='ocrx_word' id='word_1_213' title='bbox 2898 1635 3012 1706; x_wconf 79' lang='grc' dir='ltr'>ἔχει</span> <span class='ocrx_word' id='word_1_214' title='bbox 3057 1637 3189 1689; x_wconf 86' lang='grc' dir='ltr'>Θεὸν</span> <span class='ocrx_word' id='word_1_215' title='bbox 3249 1637 3341 1690; x_wconf 78' lang='grc' dir='ltr'>καὶ</span> <span class='ocrx_word' id='word_1_216' title='bbox 3400 1637 3702 1690; x_wconf 75' lang='grc' dir='ltr'>ἐπίσκοπον</span> 
     </span>
    </p>
   </div>
   <div class='ocr_carea' id='block_1_31' title="bbox 2111 1731 3697 1805">
    <p class='ocr_par' dir='ltr' id='par_1_31' title="bbox 2111 1731 3697 1805">
     <span class='ocr_line' id='line_1_31' title="bbox 2111 1731 3697 1805; baseline 0.001 -21"><span class='ocrx_word' id='word_1_217' title='bbox 2111 1732 2330 1786; x_wconf 76' lang='grc' dir='ltr'>εἰδέναι.</span> <span class='ocrx_word' id='word_1_218' title='bbox 2402 1734 2460 1785; x_wconf 88' lang='lat' dir='ltr'><strong>&#39;O</strong></span> <span class='ocrx_word' id='word_1_219' title='bbox 2491 1732 2666 1804; x_wconf 80' lang='grc' dir='ltr'>τιμῶν</span> <span class='ocrx_word' id='word_1_220' title='bbox 2699 1732 3022 1797; x_wconf 81' lang='grc' dir='ltr'>ἐπίσκοπον,</span> <span class='ocrx_word' id='word_1_221' title='bbox 3071 1733 3176 1786; x_wconf 86' lang='grc' dir='ltr'><strong>ὑπὸ</strong></span> <span class='ocrx_word' id='word_1_222' title='bbox 3206 1731 3340 1786; x_wconf 88' lang='grc' dir='ltr'>Θεοῦ</span> <span class='ocrx_word' id='word_1_223' title='bbox 3373 1733 3697 1805; x_wconf 79' lang='grc' dir='ltr'>τετίμηται·</span> 
     </span>
    </p>
   </div>
   <div class='ocr_carea' id='block_1_32' title="bbox 439 1819 2037 1902">
    <p class='ocr_par' dir='ltr' id='par_1_32' title="bbox 439 1819 2010 1891">
     <span class='ocr_line' id='line_1_32' title="bbox 439 1819 2010 1891; baseline 0.001 -17"><span class='ocrx_word' id='word_1_224' title='bbox 439 1833 606 1888; x_wconf 83' lang='lat' dir='ltr'><strong>scopo</strong></span> <span class='ocrx_word' id='word_1_225' title='bbox 635 1819 837 1889; x_wconf 91' lang='lat' dir='ltr'><strong>aliquid</strong></span> <span class='ocrx_word' id='word_1_226' title='bbox 869 1821 999 1891; x_wconf 83' lang='lat' dir='ltr'><strong>agit,</strong></span> <span class='ocrx_word' id='word_1_227' title='bbox 1031 1821 1121 1876; x_wconf 88' lang='lat' dir='ltr'><strong>hic</strong></span> <span class='ocrx_word' id='word_1_228' title='bbox 1141 1821 1343 1876; x_wconf 90' lang='lat' dir='ltr'><strong>diaboli</strong></span> <span class='ocrx_word' id='word_1_229' title='bbox 1385 1822 1564 1876; x_wconf 89' lang='lat' dir='ltr'><strong>cultor</strong></span> <span class='ocrx_word' id='word_1_230' title='bbox 1589 1830 1691 1876; x_wconf 90' lang='lat' dir='ltr'><strong>est.</strong></span> <span class='ocrx_word' id='word_1_231' title='bbox 1727 1821 1903 1891; x_wconf 77' lang='lat' dir='ltr'><strong>Epist.</strong></span> <span class='ocrx_word' id='word_1_232' title='bbox 1939 1822 2010 1876; x_wconf 85' lang='lat' dir='ltr'><strong>ad</strong></span> 
     </span>
    </p>
   </div>
   <div class='ocr_carea' id='block_1_33' title="bbox 2103 1819 3704 1902">
    <p class='ocr_par' dir='ltr' id='par_1_33' title="bbox 2110 1823 3704 1902">
     <span class='ocr_line' id='line_1_33' title="bbox 2110 1823 3704 1902; baseline 0.001 -26"><span class='ocrx_word' id='word_1_233' title='bbox 2110 1825 2139 1876; x_wconf 86' lang='grc' dir='ltr'><strong>ό</strong></span> <span class='ocrx_word' id='word_1_234' title='bbox 2183 1823 2356 1895; x_wconf 86' lang='grc' dir='ltr'>λάθρα</span> <span class='ocrx_word' id='word_1_235' title='bbox 2417 1825 2716 1878; x_wconf 76' lang='grc' dir='ltr'>ἐπισκόπου</span> <span class='ocrx_word' id='word_1_236' title='bbox 2741 1842 2830 1902; x_wconf 27' lang='grc' dir='ltr'>..τι</span> <span class='ocrx_word' id='word_1_237' title='bbox 2892 1823 3175 1894; x_wconf 82' lang='grc' dir='ltr'>πράσσων,</span> <span class='ocrx_word' id='word_1_238' title='bbox 3207 1824 3284 1895; x_wconf 80' lang='grc' dir='ltr'>τῷ</span> <span class='ocrx_word' id='word_1_239' title='bbox 3314 1824 3544 1896; x_wconf 76' lang='grc' dir='ltr'>διαϐόλῳ</span> <span class='ocrx_word' id='word_1_240' title='bbox 3601 1824 3704 1878; x_wconf 85' lang='grc' dir='ltr'>λσ-</span> 
     </span>
    </p>
   </div>
   <div class='ocr_carea' id='block_1_34' title="bbox 440 1908 1058 1982">
    <p class='ocr_par' dir='ltr' id='par_1_34' title="bbox 440 1908 1058 1982">
     <span class='ocr_line' id='line_1_34' title="bbox 440 1908 1058 1982; baseline 0.006 -19"><span class='ocrx_word' id='word_1_241' title='bbox 440 1908 663 1982; x_wconf 86' lang='lat' dir='ltr'><strong>Smyrn.</strong></span> <span class='ocrx_word' id='word_1_242' title='bbox 693 1927 847 1980; x_wconf 83' lang='lat' dir='ltr'><strong>capp.</strong></span> <span class='ocrx_word' id='word_1_243' title='bbox 877 1911 909 1966; x_wconf 93' lang='lat'><strong>8</strong></span> <span class='ocrx_word' id='word_1_244' title='bbox 930 1921 980 1967; x_wconf 86' lang='lat' dir='ltr'><strong>et</strong></span> <span class='ocrx_word' id='word_1_245' title='bbox 1003 1912 1058 1967; x_wconf 87' lang='lat'><strong>9.</strong></span> 
     </span>
    </p>
   </div>
   <div class='ocr_carea' id='block_1_35' title="bbox 2043 1892 2320 1982">
    <p class='ocr_par' dir='ltr' id='par_1_35' title="bbox 2043 1892 2320 1982">
     <span class='ocr_line' id='line_1_35' title="bbox 2043 1892 2320 1982; baseline 0.004 -15"><span class='ocrx_word' id='word_1_246' title='bbox 2043 1892 2087 1948; x_wconf 79' lang='grc' dir='ltr'><strong>Β</strong></span> <span class='ocrx_word' id='word_1_247' title='bbox 2113 1892 2320 1982; x_wconf 76' lang='grc' dir='ltr'>τρεύει.</span> 
     </span>
    </p>
   </div>
   <div class='ocr_carea' id='block_1_36' title="bbox 515 2023 3698 2104">
    <p class='ocr_par' dir='ltr' id='par_1_36' title="bbox 515 2023 3698 2104">
     <span class='ocr_line' id='line_1_36' title="bbox 515 2023 3698 2104; baseline 0.003 -25"><span class='ocrx_word' id='word_1_248' title='bbox 515 2023 873 2104; x_wconf 79' lang='lat' dir='ltr'><strong>lbidem_pa_g.</strong></span> <span class='ocrx_word' id='word_1_249' title='bbox 902 2029 1028 2096; x_wconf 79' lang='lat' dir='ltr'><strong>5M,</strong></span> <span class='ocrx_word' id='word_1_250' title='bbox 1060 2029 1250 2087; x_wconf 82' lang='lat' dir='ltr'><strong>eadem</strong></span> <span class='ocrx_word' id='word_1_251' title='bbox 1270 2037 1567 2087; x_wconf 92' lang='lat' dir='ltr'><strong>occurrunt</strong></span> <span class='ocrx_word' id='word_1_252' title='bbox 1599 2029 1654 2084; x_wconf 92' lang='lat' dir='ltr'><strong>in</strong></span> <span class='ocrx_word' id='word_1_253' title='bbox 1672 2028 1933 2086; x_wconf 83' lang='lat' dir='ltr'><strong>Parallel.</strong></span> <span class='ocrx_word' id='word_1_254' title='bbox 1973 2029 2171 2102; x_wconf 75' lang='lat' dir='ltr'><strong>Vatic.,</strong></span> <span class='ocrx_word' id='word_1_255' title='bbox 2195 2033 2397 2088; x_wconf 87' lang='lat' dir='ltr'><strong>alicubi</strong></span> <span class='ocrx_word' id='word_1_256' title='bbox 2432 2046 2610 2090; x_wconf 90' lang='lat' dir='ltr'><strong>tamen</strong></span> <span class='ocrx_word' id='word_1_257' title='bbox 2638 2035 2857 2091; x_wconf 86' lang='lat' dir='ltr'><strong>diversa</strong></span> <span class='ocrx_word' id='word_1_258' title='bbox 2899 2035 3151 2091; x_wconf 89' lang='lat' dir='ltr'><strong>nonnihil</strong></span> <span class='ocrx_word' id='word_1_259' title='bbox 3193 2051 3224 2090; x_wconf 92' lang='lat' dir='ltr'><strong>a</strong></span> <span class='ocrx_word' id='word_1_260' title='bbox 3253 2034 3698 2104; x_wconf 73' lang='lat' dir='ltr'><strong>Rupcfucaldini:</strong></span> 
     </span>
    </p>
   </div>
   <div class='ocr_carea' id='block_1_37' title="bbox 438 2095 870 2168">
    <p class='ocr_par' dir='ltr' id='par_1_37' title="bbox 438 2095 870 2168">
     <span class='ocr_line' id='line_1_37' title="bbox 438 2095 870 2168; baseline 0.007 -19"><span class='ocrx_word' id='word_1_261' title='bbox 438 2095 528 2150; x_wconf 73' lang='lat' dir='ltr'><strong>llic</strong></span> <span class='ocrx_word' id='word_1_262' title='bbox 565 2095 870 2168; x_wconf 70' lang='lat' dir='ltr'><strong>descriptis.</strong></span> 
     </span>
    </p>
   </div>
   <div class='ocr_carea' id='block_1_38' title="bbox 1488 2190 2639 2268">
    <p class='ocr_par' dir='ltr' id='par_1_38' title="bbox 1488 2190 2639 2268">
     <span class='ocr_line' id='line_1_38' title="bbox 1488 2190 2639 2268; baseline 0.006 -23"><span class='ocrx_word' id='word_1_263' title='bbox 1488 2190 1617 2246; x_wconf 73' lang='lat' dir='ltr'><strong>Ioni</strong></span> <span class='ocrx_word' id='word_1_264' title='bbox 1653 2193 1809 2260; x_wconf 84' lang='lat' dir='ltr'><strong>ibid.,</strong></span> <span class='ocrx_word' id='word_1_265' title='bbox 1835 2194 1944 2248; x_wconf 82' lang='lat' dir='ltr'><strong>litt.</strong></span> <span class='ocrx_word' id='word_1_266' title='bbox 1984 2213 2039 2263; x_wconf 89' lang='grc' dir='ltr'><strong>α,</strong></span> <span class='ocrx_word' id='word_1_267' title='bbox 2069 2197 2154 2250; x_wconf 86' lang='lat' dir='ltr'><strong>tit.</strong></span> <span class='ocrx_word' id='word_1_268' title='bbox 2187 2212 2248 2263; x_wconf 85' lang='grc' dir='ltr'><strong>ιι,</strong></span> <span class='ocrx_word' id='word_1_269' title='bbox 2274 2198 2538 2268; x_wconf 71' lang='lat' dir='ltr'><strong>pag.747,</strong></span> <span class='ocrx_word' id='word_1_270' title='bbox 2577 2198 2639 2254; x_wconf 90' lang='lat' dir='ltr'><strong>C.</strong></span> 
     </span>
    </p>
   </div>
   <div class='ocr_carea' id='block_1_39' title="bbox 998 2343 1440 2401">
    <p class='ocr_par' dir='ltr' id='par_1_39' title="bbox 998 2343 1440 2401">
     <span class='ocr_line' id='line_1_39' title="bbox 998 2343 1440 2401; baseline 0 -1"><span class='ocrx_word' id='word_1_271' title='bbox 998 2343 1185 2400; x_wconf 82' lang='lat' dir='ltr'><strong>Sancti</strong></span> <span class='ocrx_word' id='word_1_272' title='bbox 1213 2344 1440 2401; x_wconf 73' lang='lat' dir='ltr'><strong>IGNATH.</strong></span> 
     </span>
    </p>
   </div>
   <div class='ocr_carea' id='block_1_40' title="bbox 502 2450 2006 2528">
    <p class='ocr_par' dir='ltr' id='par_1_40' title="bbox 502 2450 2006 2528">
     <span class='ocr_line' id='line_1_40' title="bbox 502 2450 2006 2528; baseline 0.006 -24"><span class='ocrx_word' id='word_1_273' title='bbox 502 2450 607 2520; x_wconf 69' lang='lat' dir='ltr'><strong>Qui</strong></span> <span class='ocrx_word' id='word_1_274' title='bbox 641 2453 865 2523; x_wconf 78' lang='lat' dir='ltr'><strong>perfecti</strong></span> <span class='ocrx_word' id='word_1_275' title='bbox 899 2457 1052 2523; x_wconf 88' lang='lat' dir='ltr'><strong>estis,</strong></span> <span class='ocrx_word' id='word_1_276' title='bbox 1083 2455 1322 2525; x_wconf 84' lang='lat' dir='ltr'><strong>perfecta</strong></span> <span class='ocrx_word' id='word_1_277' title='bbox 1368 2457 1560 2527; x_wconf 88' lang='lat' dir='ltr'><strong>sapite.</strong></span> <span class='ocrx_word' id='word_1_278' title='bbox 1593 2457 1707 2514; x_wconf 88' lang='lat' dir='ltr'><strong>Illis</strong></span> <span class='ocrx_word' id='word_1_279' title='bbox 1733 2459 1880 2514; x_wconf 91' lang='lat' dir='ltr'><strong>enim</strong></span> <span class='ocrx_word' id='word_1_280' title='bbox 1910 2459 2006 2528; x_wconf 86' lang='lat' dir='ltr'><strong>qui</strong></span> 
     </span>
    </p>
   </div>
   <div class='ocr_carea' id='block_1_41' title="bbox 432 2542 2003 2621">
    <p class='ocr_par' dir='ltr' id='par_1_41' title="bbox 432 2542 2003 2621">
     <span class='ocr_line' id='line_1_41' title="bbox 432 2542 2003 2621; baseline 0.003 -21"><span class='ocrx_word' id='word_1_281' title='bbox 432 2542 572 2600; x_wconf 81' lang='lat' dir='ltr'><strong>bene</strong></span> <span class='ocrx_word' id='word_1_282' title='bbox 622 2559 781 2616; x_wconf 83' lang='lat' dir='ltr'><strong>agere</strong></span> <span class='ocrx_word' id='word_1_283' title='bbox 816 2548 1030 2607; x_wconf 84' lang='lat' dir='ltr'><strong>volunt,</strong></span> <span class='ocrx_word' id='word_1_284' title='bbox 1081 2546 1227 2602; x_wconf 91' lang='lat' dir='ltr'><strong>Deus</strong></span> <span class='ocrx_word' id='word_1_285' title='bbox 1272 2548 1340 2602; x_wconf 93' lang='lat' dir='ltr'><strong>ad</strong></span> <span class='ocrx_word' id='word_1_286' title='bbox 1383 2549 1623 2604; x_wconf 89' lang='lat' dir='ltr'><strong>dandum</strong></span> <span class='ocrx_word' id='word_1_287' title='bbox 1673 2561 1869 2621; x_wconf 67' lang='lat' dir='ltr'><strong>praesto</strong></span> <span class='ocrx_word' id='word_1_288' title='bbox 1900 2559 2003 2606; x_wconf 90' lang='lat' dir='ltr'><strong>est.</strong></span> 
     </span>
    </p>
   </div>
   <div class='ocr_carea' id='block_1_42' title="bbox 434 2635 1035 2709">
    <p class='ocr_par' dir='ltr' id='par_1_42' title="bbox 434 2635 1035 2709">
     <span class='ocr_line' id='line_1_42' title="bbox 434 2635 1035 2709; baseline 0.002 -17"><span class='ocrx_word' id='word_1_289' title='bbox 434 2636 517 2692; x_wconf 85' lang='lat' dir='ltr'><strong>Ad</strong></span> <span class='ocrx_word' id='word_1_290' title='bbox 549 2635 767 2709; x_wconf 84' lang='lat' dir='ltr'><strong>Smyrn.</strong></span> <span class='ocrx_word' id='word_1_291' title='bbox 801 2653 919 2708; x_wconf 85' lang='lat' dir='ltr'><strong>cap.</strong></span> <span class='ocrx_word' id='word_1_292' title='bbox 949 2639 1035 2694; x_wconf 82' lang='lat' dir='ltr'><strong>ll.</strong></span> 
     </span>
    </p>
   </div>
   <div class='ocr_carea' id='block_1_43' title="bbox 2533 2354 3262 2426">
    <p class='ocr_par' dir='ltr' id='par_1_43' title="bbox 2533 2354 3262 2426">
     <span class='ocr_line' id='line_1_43' title="bbox 2533 2354 3262 2426; baseline -0.004 -17"><span class='ocrx_word' id='word_1_293' title='bbox 2533 2354 2646 2409; x_wconf 89' lang='grc' dir='ltr'><strong>Τοῦ</strong></span> <span class='ocrx_word' id='word_1_294' title='bbox 2686 2355 2860 2426; x_wconf 73' lang='grc' dir='ltr'>ἁγίου</span> <span class='ocrx_word' id='word_1_295' title='bbox 2897 2355 3262 2410; x_wconf 80' lang='grc' dir='ltr'><strong>ἸΓΝΑΤΙΟΥ.</strong></span> 
     </span>
    </p>
   </div>
   <div class='ocr_carea' id='block_1_44' title="bbox 2179 2451 3694 2542">
    <p class='ocr_par' dir='ltr' id='par_1_44' title="bbox 2179 2451 3694 2542">
     <span class='ocr_line' id='line_1_44' title="bbox 2179 2451 3694 2542; baseline -0.001 -24"><span class='ocrx_word' id='word_1_296' title='bbox 2179 2451 2386 2521; x_wconf 75' lang='grc' dir='ltr'>Τέλειοι</span> <span class='ocrx_word' id='word_1_297' title='bbox 2417 2467 2602 2534; x_wconf 82' lang='grc' dir='ltr'>ὄντες,</span> <span class='ocrx_word' id='word_1_298' title='bbox 2638 2470 2822 2524; x_wconf 88' lang='grc' dir='ltr'>τέλεια</span> <span class='ocrx_word' id='word_1_299' title='bbox 2852 2471 3124 2542; x_wconf 84' lang='grc' dir='ltr'>φρονεῖτε.</span> <span class='ocrx_word' id='word_1_300' title='bbox 3166 2467 3392 2520; x_wconf 86' lang='grc' dir='ltr'>Θέλουσι</span> <span class='ocrx_word' id='word_1_301' title='bbox 3423 2465 3533 2537; x_wconf 79' lang='grc' dir='ltr'>γὰρ</span> <span class='ocrx_word' id='word_1_302' title='bbox 3563 2463 3694 2535; x_wconf 76' lang='grc' dir='ltr'>ἡμῖν</span> 
     </span>
    </p>
   </div>
   <div class='ocr_carea' id='block_1_45' title="bbox 2108 2553 3416 2633">
    <p class='ocr_par' dir='ltr' id='par_1_45' title="bbox 2108 2553 3416 2633">
     <span class='ocr_line' id='line_1_45' title="bbox 2108 2553 3416 2633; baseline 0.002 -22"><span class='ocrx_word' id='word_1_303' title='bbox 2108 2553 2168 2612; x_wconf 72' lang='grc' dir='ltr'><strong>οῦ</strong></span> <span class='ocrx_word' id='word_1_304' title='bbox 2205 2559 2485 2629; x_wconf 88' lang='grc' dir='ltr'>πράττειν,</span> <span class='ocrx_word' id='word_1_305' title='bbox 2519 2561 2652 2625; x_wconf 85' lang='grc' dir='ltr'>Θεὸς</span> <span class='ocrx_word' id='word_1_306' title='bbox 2682 2561 2897 2633; x_wconf 74' lang='grc' dir='ltr'>ἕτοιμος</span> <span class='ocrx_word' id='word_1_307' title='bbox 2928 2563 3008 2624; x_wconf 88' lang='grc' dir='ltr'><strong>είς</strong></span> <span class='ocrx_word' id='word_1_308' title='bbox 3039 2560 3099 2614; x_wconf 85' lang='grc' dir='ltr'><strong>τὸ</strong></span> <span class='ocrx_word' id='word_1_309' title='bbox 3131 2558 3416 2629; x_wconf 87' lang='grc' dir='ltr'>παρέχειν.</span> 
     </span>
    </p>
   </div>
   <div class='ocr_carea' id='block_1_46' title="bbox 503 2751 2789 2829">
    <p class='ocr_par' dir='ltr' id='par_1_46' title="bbox 503 2751 2789 2829">
     <span class='ocr_line' id='line_1_46' title="bbox 503 2751 2789 2829; baseline 0.002 -23"><span class='ocrx_word' id='word_1_310' title='bbox 503 2751 708 2809; x_wconf 82' lang='lat' dir='ltr'><strong>Ibidem</strong></span> <span class='ocrx_word' id='word_1_311' title='bbox 743 2770 865 2827; x_wconf 87' lang='lat' dir='ltr'><strong>pag.</strong></span> <span class='ocrx_word' id='word_1_312' title='bbox 900 2756 1026 2820; x_wconf 74' lang='lat' dir='ltr'><strong>5H,</strong></span> <span class='ocrx_word' id='word_1_313' title='bbox 1073 2754 1348 2811; x_wconf 85' lang='lat' dir='ltr'><strong>Parallela</strong></span> <span class='ocrx_word' id='word_1_314' title='bbox 1382 2756 1557 2812; x_wconf 84' lang='lat' dir='ltr'><strong>Vatic.</strong></span> <span class='ocrx_word' id='word_1_315' title='bbox 1592 2759 1856 2814; x_wconf 82' lang='lat' dir='ltr'><strong>exhibent</strong></span> <span class='ocrx_word' id='word_1_316' title='bbox 1895 2767 2108 2815; x_wconf 89' lang='lat' dir='ltr'><strong>tantum</strong></span> <span class='ocrx_word' id='word_1_317' title='bbox 2143 2758 2422 2829; x_wconf 87' lang='lat' dir='ltr'><strong>posterius</strong></span> <span class='ocrx_word' id='word_1_318' title='bbox 2462 2758 2789 2814; x_wconf 89' lang='lat' dir='ltr'><strong>membrum.</strong></span> 
     </span>
    </p>
   </div>
   <div class='ocr_carea' id='block_1_47' title="bbox 1381 2909 2704 2984">
    <p class='ocr_par' dir='ltr' id='par_1_47' title="bbox 1381 2909 2704 2984">
     <span class='ocr_line' id='line_1_47' title="bbox 1381 2909 2704 2984; baseline 0.005 -21"><span class='ocrx_word' id='word_1_319' title='bbox 1381 2909 1510 2964; x_wconf 67' lang='lat' dir='ltr'><strong>[nam</strong></span> <span class='ocrx_word' id='word_1_320' title='bbox 1548 2911 1706 2978; x_wconf 84' lang='lat' dir='ltr'><strong>ibid.,</strong></span> <span class='ocrx_word' id='word_1_321' title='bbox 1747 2911 1856 2966; x_wconf 87' lang='lat' dir='ltr'><strong>litt.</strong></span> <span class='ocrx_word' id='word_1_322' title='bbox 1892 2929 1953 2978; x_wconf 89' lang='grc' dir='ltr'><strong>ε,</strong></span> <span class='ocrx_word' id='word_1_323' title='bbox 1996 2913 2081 2967; x_wconf 91' lang='lat' dir='ltr'><strong>tit.</strong></span> <span class='ocrx_word' id='word_1_324' title='bbox 2121 2929 2256 2978; x_wconf 83' lang='lat' dir='ltr'><strong>xvn,</strong></span> <span class='ocrx_word' id='word_1_325' title='bbox 2307 2929 2430 2984; x_wconf 84' lang='lat' dir='ltr'><strong>pag.</strong></span> <span class='ocrx_word' id='word_1_326' title='bbox 2464 2912 2591 2977; x_wconf 75' lang='grc'><strong>515,</strong></span> <span class='ocrx_word' id='word_1_327' title='bbox 2636 2911 2704 2969; x_wconf 78' lang='grc' dir='ltr'><strong>Α.</strong></span> 
     </span>
    </p>
   </div>
   <div class='ocr_carea' id='block_1_48' title="bbox 624 3063 1820 3134">
    <p class='ocr_par' dir='ltr' id='par_1_48' title="bbox 624 3063 1820 3134">
     <span class='ocr_line' id='line_1_48' title="bbox 624 3063 1820 3134; baseline 0 -16"><span class='ocrx_word' id='word_1_328' title='bbox 624 3063 881 3132; x_wconf 78' lang='lat' dir='ltr'><strong>Ejusdem</strong></span> <span class='ocrx_word' id='word_1_329' title='bbox 907 3063 1082 3134; x_wconf 80' lang='lat' dir='ltr'><strong>Epist.</strong></span> <span class='ocrx_word' id='word_1_330' title='bbox 1117 3065 1186 3118; x_wconf 87' lang='lat' dir='ltr'><strong>ad</strong></span> <span class='ocrx_word' id='word_1_331' title='bbox 1216 3063 1576 3125; x_wconf 69' lang='lat' dir='ltr'><strong>Poucanpw</strong></span> <span class='ocrx_word' id='word_1_332' title='bbox 1605 3063 1820 3134; x_wconf 82' lang='lat' dir='ltr'><strong>Smyrn.</strong></span> 
     </span>
    </p>
   </div>
   <div class='ocr_carea' id='block_1_49' title="bbox 499 3174 2006 3247">
    <p class='ocr_par' dir='ltr' id='par_1_49' title="bbox 499 3174 2006 3247">
     <span class='ocr_line' id='line_1_49' title="bbox 499 3174 2006 3247; baseline -0.001 -14"><span class='ocrx_word' id='word_1_333' title='bbox 499 3174 703 3233; x_wconf 90' lang='lat' dir='ltr'><strong>Omnes</strong></span> <span class='ocrx_word' id='word_1_334' title='bbox 730 3187 1010 3246; x_wconf 82' lang='lat' dir='ltr'><strong>supporta,</strong></span> <span class='ocrx_word' id='word_1_335' title='bbox 1031 3177 1306 3247; x_wconf 88' lang='lat' dir='ltr'><strong>quomodo</strong></span> <span class='ocrx_word' id='word_1_336' title='bbox 1334 3187 1387 3232; x_wconf 89' lang='lat' dir='ltr'><strong>et</strong></span> <span class='ocrx_word' id='word_1_337' title='bbox 1416 3186 1470 3232; x_wconf 89' lang='lat' dir='ltr'><strong>te</strong></span> <span class='ocrx_word' id='word_1_338' title='bbox 1493 3177 1775 3236; x_wconf 87' lang='lat' dir='ltr'><strong>Dominus.</strong></span> <span class='ocrx_word' id='word_1_339' title='bbox 1804 3174 2006 3237; x_wconf 90' lang='lat' dir='ltr'><strong>Omnes</strong></span> 
     </span>
    </p>
   </div>
   <div class='ocr_carea' id='block_1_50' title="bbox 431 3266 2000 3324">
    <p class='ocr_par' dir='ltr' id='par_1_50' title="bbox 431 3266 2000 3324">
     <span class='ocr_line' id='line_1_50' title="bbox 431 3266 2000 3324; baseline -0.003 0"><span class='ocrx_word' id='word_1_340' title='bbox 431 3266 600 3324; x_wconf 78' lang='lat' dir='ltr'><strong>suffer</strong></span> <span class='ocrx_word' id='word_1_341' title='bbox 647 3269 703 3322; x_wconf 90' lang='lat' dir='ltr'><strong>in</strong></span> <span class='ocrx_word' id='word_1_342' title='bbox 746 3267 1036 3322; x_wconf 87' lang='lat' dir='ltr'><strong>dilectione</strong></span> <span class='ocrx_word' id='word_1_343' title='bbox 1078 3283 1092 3320; x_wconf 91' lang='lat'><strong>:</strong></span> <span class='ocrx_word' id='word_1_344' title='bbox 1147 3268 1492 3322; x_wconf 85' lang='lat' dir='ltr'><strong>orationibus</strong></span> <span class='ocrx_word' id='word_1_345' title='bbox 1553 3267 1794 3320; x_wconf 87' lang='lat' dir='ltr'><strong>assiduis</strong></span> <span class='ocrx_word' id='word_1_346' title='bbox 1845 3281 2000 3321; x_wconf 76' lang='lat' dir='ltr'><strong>vaca.</strong></span> 
     </span>
    </p>
   </div>
   <div class='ocr_carea' id='block_1_51' title="bbox 429 3355 1998 3429">
    <p class='ocr_par' dir='ltr' id='par_1_51' title="bbox 429 3355 1998 3429">
     <span class='ocr_line' id='line_1_51' title="bbox 429 3355 1998 3429; baseline -0.003 -16"><span class='ocrx_word' id='word_1_347' title='bbox 429 3359 767 3429; x_wconf 78' lang='lat' dir='ltr'><strong>Ampliorem</strong></span> <span class='ocrx_word' id='word_1_348' title='bbox 812 3374 977 3429; x_wconf 89' lang='lat' dir='ltr'><strong>quam</strong></span> <span class='ocrx_word' id='word_1_349' title='bbox 1027 3357 1230 3413; x_wconf 86' lang='lat' dir='ltr'><strong>habeas</strong></span> <span class='ocrx_word' id='word_1_350' title='bbox 1286 3357 1701 3428; x_wconf 85' lang='lat' dir='ltr'><strong>intelligentiam</strong></span> <span class='ocrx_word' id='word_1_351' title='bbox 1764 3355 1998 3425; x_wconf 87' lang='lat' dir='ltr'><strong>postula.</strong></span> 
     </span>
    </p>
   </div>
   <div class='ocr_carea' id='block_1_52' title="bbox 430 3445 1998 3520">
    <p class='ocr_par' dir='ltr' id='par_1_52' title="bbox 430 3445 1998 3520">
     <span class='ocr_line' id='line_1_52' title="bbox 430 3445 1998 3520; baseline -0.001 -18"><span class='ocrx_word' id='word_1_352' title='bbox 430 3447 628 3520; x_wconf 79' lang='lat' dir='ltr'><strong>Vigila,</strong></span> <span class='ocrx_word' id='word_1_353' title='bbox 654 3451 876 3505; x_wconf 81' lang='lat' dir='ltr'><strong>ocuium</strong></span> <span class='ocrx_word' id='word_1_354' title='bbox 906 3465 1016 3506; x_wconf 90' lang='lat' dir='ltr'><strong>non</strong></span> <span class='ocrx_word' id='word_1_355' title='bbox 1043 3449 1408 3505; x_wconf 91' lang='lat' dir='ltr'><strong>dormientem</strong></span> <span class='ocrx_word' id='word_1_356' title='bbox 1437 3448 1746 3520; x_wconf 87' lang='lat' dir='ltr'><strong>possidens.</strong></span> <span class='ocrx_word' id='word_1_357' title='bbox 1777 3447 1859 3501; x_wconf 84' lang='lat' dir='ltr'><strong>Ad</strong></span> <span class='ocrx_word' id='word_1_358' title='bbox 1891 3445 1998 3501; x_wconf 48' lang='lat' dir='ltr'><strong>Po.</strong></span> 
     </span>
    </p>
   </div>
   <div class='ocr_carea' id='block_1_53' title="bbox 427 3542 865 3614">
    <p class='ocr_par' dir='ltr' id='par_1_53' title="bbox 427 3542 865 3614">
     <span class='ocr_line' id='line_1_53' title="bbox 427 3542 865 3614; baseline 0.002 -18"><span class='ocrx_word' id='word_1_359' title='bbox 427 3542 635 3614; x_wconf 83' lang='lat' dir='ltr'><strong>lycarp.</strong></span> <span class='ocrx_word' id='word_1_360' title='bbox 669 3560 786 3613; x_wconf 84' lang='lat' dir='ltr'><strong>cap.</strong></span> <span class='ocrx_word' id='word_1_361' title='bbox 815 3543 865 3597; x_wconf 84' lang='grc'>1.</span> 
     </span>
    </p>
   </div>
   <div class='ocr_carea' id='block_1_54' title="bbox 1075 3695 1350 3768">
    <p class='ocr_par' dir='ltr' id='par_1_54' title="bbox 1075 3695 1350 3768">
     <span class='ocr_line' id='line_1_54' title="bbox 1075 3695 1350 3768; baseline -0.004 -16"><span class='ocrx_word' id='word_1_362' title='bbox 1075 3695 1350 3768; x_wconf 79' lang='lat' dir='ltr'><strong>Ejusdem.</strong></span> 
     </span>
    </p>
   </div>
   <div class='ocr_carea' id='block_1_55' title="bbox 514 3785 1999 3863">
    <p class='ocr_par' dir='ltr' id='par_1_55' title="bbox 514 3785 1999 3863">
     <span class='ocr_line' id='line_1_55' title="bbox 514 3785 1999 3863; baseline -0.004 -17"><span class='ocrx_word' id='word_1_363' title='bbox 514 3787 771 3846; x_wconf 87' lang='lat' dir='ltr'><strong>Omnium</strong></span> <span class='ocrx_word' id='word_1_364' title='bbox 833 3791 1182 3863; x_wconf 79' lang='lat' dir='ltr'><strong>aegritudines</strong></span> <span class='ocrx_word' id='word_1_365' title='bbox 1239 3798 1436 3861; x_wconf 89' lang='lat' dir='ltr'><strong>porta,</strong></span> <span class='ocrx_word' id='word_1_366' title='bbox 1494 3788 1665 3844; x_wconf 81' lang='lat' dir='ltr'><strong>veluti</strong></span> <span class='ocrx_word' id='word_1_367' title='bbox 1726 3785 1999 3857; x_wconf 82' lang='lat' dir='ltr'><strong>perfectus</strong></span> 
     </span>
    </p>
   </div>
   <div class='ocr_carea' id='block_1_56' title="bbox 427 3880 2001 3955">
    <p class='ocr_par' dir='ltr' id='par_1_56' title="bbox 427 3880 2001 3955">
     <span class='ocr_line' id='line_1_56' title="bbox 427 3880 2001 3955; baseline -0.004 -17"><span class='ocrx_word' id='word_1_368' title='bbox 427 3884 649 3940; x_wconf 83' lang='lat' dir='ltr'><strong>athleta.</strong></span> <span class='ocrx_word' id='word_1_369' title='bbox 703 3883 808 3939; x_wconf 87' lang='lat' dir='ltr'><strong>Ubi</strong></span> <span class='ocrx_word' id='word_1_370' title='bbox 849 3886 1025 3955; x_wconf 81' lang='lat' dir='ltr'><strong>major</strong></span> <span class='ocrx_word' id='word_1_371' title='bbox 1059 3884 1225 3940; x_wconf 79' lang='lat' dir='ltr'><strong>fuerit</strong></span> <span class='ocrx_word' id='word_1_372' title='bbox 1267 3884 1444 3949; x_wconf 89' lang='lat' dir='ltr'><strong>labor,</strong></span> <span class='ocrx_word' id='word_1_373' title='bbox 1487 3882 1562 3937; x_wconf 88' lang='lat' dir='ltr'><strong>ibi</strong></span> <span class='ocrx_word' id='word_1_374' title='bbox 1597 3890 1653 3937; x_wconf 90' lang='lat' dir='ltr'><strong>et</strong></span> <span class='ocrx_word' id='word_1_375' title='bbox 1688 3881 1866 3951; x_wconf 87' lang='lat' dir='ltr'><strong>majus</strong></span> <span class='ocrx_word' id='word_1_376' title='bbox 1914 3880 2001 3933; x_wconf 93' lang='lat' dir='ltr'><strong>lu-</strong></span> 
     </span>
    </p>
   </div>
   <div class='ocr_carea' id='block_1_57' title="bbox 427 3973 1998 4046">
    <p class='ocr_par' dir='ltr' id='par_1_57' title="bbox 427 3973 1998 4046">
     <span class='ocr_line' id='line_1_57' title="bbox 427 3973 1998 4046; baseline -0.003 -16"><span class='ocrx_word' id='word_1_377' title='bbox 427 3990 579 4030; x_wconf 90' lang='lat' dir='ltr'><strong>crum</strong></span> <span class='ocrx_word' id='word_1_378' title='bbox 609 3983 711 4032; x_wconf 91' lang='lat' dir='ltr'><strong>est.</strong></span> <span class='ocrx_word' id='word_1_379' title='bbox 749 3975 930 4031; x_wconf 85' lang='lat' dir='ltr'><strong>Bonos</strong></span> <span class='ocrx_word' id='word_1_380' title='bbox 967 3976 1265 4046; x_wconf 83' lang='lat' dir='ltr'><strong>discipulos</strong></span> <span class='ocrx_word' id='word_1_381' title='bbox 1298 3975 1345 4030; x_wconf 88' lang='lat' dir='ltr'><strong>si</strong></span> <span class='ocrx_word' id='word_1_382' title='bbox 1375 3975 1570 4045; x_wconf 83' lang='lat' dir='ltr'><strong>diligas</strong></span> <span class='ocrx_word' id='word_1_383' title='bbox 1593 4015 1609 4040; x_wconf 97' lang='lat'><strong>,</strong></span> <span class='ocrx_word' id='word_1_384' title='bbox 1639 3989 1749 4028; x_wconf 92' lang='lat' dir='ltr'><strong>non</strong></span> <span class='ocrx_word' id='word_1_385' title='bbox 1779 3982 1861 4028; x_wconf 90' lang='lat' dir='ltr'><strong>est</strong></span> <span class='ocrx_word' id='word_1_386' title='bbox 1900 3973 1998 4027; x_wconf 89' lang='lat' dir='ltr'><strong>tibi</strong></span> 
     </span>
    </p>
   </div>
   <div class='ocr_carea' id='block_1_58' title="bbox 425 4065 1999 4138">
    <p class='ocr_par' dir='ltr' id='par_1_58' title="bbox 425 4065 1999 4138">
     <span class='ocr_line' id='line_1_58' title="bbox 425 4065 1999 4138; baseline -0.001 -18"><span class='ocrx_word' id='word_1_387' title='bbox 425 4066 653 4136; x_wconf 64' lang='lat' dir='ltr'><strong>gratia:</strong></span> <span class='ocrx_word' id='word_1_388' title='bbox 700 4066 879 4138; x_wconf 80' lang='lat' dir='ltr'><strong>magis</strong></span> <span class='ocrx_word' id='word_1_389' title='bbox 904 4065 993 4122; x_wconf 87' lang='lat' dir='ltr'><strong>fac</strong></span> <span class='ocrx_word' id='word_1_390' title='bbox 1050 4074 1110 4120; x_wconf 90' lang='lat' dir='ltr'><strong>ut</strong></span> <span class='ocrx_word' id='word_1_391' title='bbox 1162 4067 1604 4121; x_wconf 87' lang='lat' dir='ltr'><strong>contumaciores</strong></span> <span class='ocrx_word' id='word_1_392' title='bbox 1666 4067 1720 4120; x_wconf 91' lang='lat' dir='ltr'><strong>in</strong></span> <span class='ocrx_word' id='word_1_393' title='bbox 1778 4065 1999 4119; x_wconf 89' lang='lat' dir='ltr'><strong>lenitate</strong></span> 
     </span>
    </p>
   </div>
   <div class='ocr_carea' id='block_1_59' title="bbox 424 4155 1996 4226">
    <p class='ocr_par' dir='ltr' id='par_1_59' title="bbox 424 4155 1996 4226">
     <span class='ocr_line' id='line_1_59' title="bbox 424 4155 1996 4226; baseline -0.001 -14"><span class='ocrx_word' id='word_1_394' title='bbox 424 4157 709 4226; x_wconf 83' lang='lat' dir='ltr'><strong>subjicias.</strong></span> <span class='ocrx_word' id='word_1_395' title='bbox 748 4155 865 4212; x_wconf 87' lang='lat' dir='ltr'><strong>Non</strong></span> <span class='ocrx_word' id='word_1_396' title='bbox 897 4174 1059 4213; x_wconf 91' lang='lat' dir='ltr'><strong>omne</strong></span> <span class='ocrx_word' id='word_1_397' title='bbox 1091 4159 1293 4214; x_wconf 88' lang='lat' dir='ltr'><strong>vulnus</strong></span> <span class='ocrx_word' id='word_1_398' title='bbox 1320 4159 1511 4213; x_wconf 89' lang='lat' dir='ltr'><strong>eodem</strong></span> <span class='ocrx_word' id='word_1_399' title='bbox 1557 4157 1853 4226; x_wconf 75' lang='lat' dir='ltr'><strong>emplastro</strong></span> <span class='ocrx_word' id='word_1_400' title='bbox 1897 4172 1996 4211; x_wconf 84' lang='lat' dir='ltr'><strong>cu-</strong></span> 
     </span>
    </p>
   </div>
   <div class='ocr_carea' id='block_1_60' title="bbox 424 4249 1994 4320">
    <p class='ocr_par' dir='ltr' id='par_1_60' title="bbox 424 4249 1994 4320">
     <span class='ocr_line' id='line_1_60' title="bbox 424 4249 1994 4320; baseline -0.001 -16"><span class='ocrx_word' id='word_1_401' title='bbox 424 4258 602 4304; x_wconf 85' lang='lat' dir='ltr'><strong>ratur.</strong></span> <span class='ocrx_word' id='word_1_402' title='bbox 656 4250 955 4305; x_wconf 88' lang='lat' dir='ltr'><strong>Acredines</strong></span> <span class='ocrx_word' id='word_1_403' title='bbox 1006 4251 1417 4320; x_wconf 80' lang='lat' dir='ltr'><strong>perfusionibus</strong></span> <span class='ocrx_word' id='word_1_404' title='bbox 1473 4251 1624 4307; x_wconf 89' lang='lat' dir='ltr'><strong>seda.</strong></span> <span class='ocrx_word' id='word_1_405' title='bbox 1699 4249 1994 4320; x_wconf 86' lang='lat' dir='ltr'><strong>Propterea</strong></span> 
     </span>
    </p>
   </div>
   <div class='ocr_carea' id='block_1_61' title="bbox 424 4339 1993 4412">
    <p class='ocr_par' dir='ltr' id='par_1_61' title="bbox 424 4339 1993 4412">
     <span class='ocr_line' id='line_1_61' title="bbox 424 4339 1993 4412; baseline -0.002 -17"><span class='ocrx_word' id='word_1_406' title='bbox 424 4355 592 4396; x_wconf 85' lang='lat' dir='ltr'><strong>carne</strong></span> <span class='ocrx_word' id='word_1_407' title='bbox 633 4341 876 4396; x_wconf 89' lang='lat' dir='ltr'><strong>simulet</strong></span> <span class='ocrx_word' id='word_1_408' title='bbox 902 4342 1093 4410; x_wconf 90' lang='lat' dir='ltr'><strong>spiritu</strong></span> <span class='ocrx_word' id='word_1_409' title='bbox 1143 4352 1386 4406; x_wconf 88' lang='lat' dir='ltr'><strong>constas,</strong></span> <span class='ocrx_word' id='word_1_410' title='bbox 1417 4350 1474 4396; x_wconf 91' lang='lat' dir='ltr'><strong>ut</strong></span> <span class='ocrx_word' id='word_1_411' title='bbox 1497 4357 1620 4412; x_wconf 86' lang='lat' dir='ltr'><strong>quae</strong></span> <span class='ocrx_word' id='word_1_412' title='bbox 1671 4339 1993 4411; x_wconf 88' lang='lat' dir='ltr'><strong>conspectui</strong></span> 
     </span>
    </p>
   </div>
   <div class='ocr_carea' id='block_1_62' title="bbox 426 4430 1994 4502">
    <p class='ocr_par' dir='ltr' id='par_1_62' title="bbox 426 4430 1994 4502">
     <span class='ocr_line' id='line_1_62' title="bbox 426 4430 1994 4502; baseline 0.001 -18"><span class='ocrx_word' id='word_1_413' title='bbox 426 4438 522 4486; x_wconf 88' lang='lat' dir='ltr'><strong>tuo</strong></span> <span class='ocrx_word' id='word_1_414' title='bbox 553 4430 844 4487; x_wconf 82' lang='lat' dir='ltr'><strong>manifesta</strong></span> <span class='ocrx_word' id='word_1_415' title='bbox 884 4442 1032 4497; x_wconf 90' lang='lat' dir='ltr'><strong>sunt,</strong></span> <span class='ocrx_word' id='word_1_416' title='bbox 1088 4434 1285 4488; x_wconf 86' lang='lat' dir='ltr'><strong>blande</strong></span> <span class='ocrx_word' id='word_1_417' title='bbox 1338 4433 1607 4502; x_wconf 82' lang='lat' dir='ltr'><strong>corrigas;</strong></span> <span class='ocrx_word' id='word_1_418' title='bbox 1649 4449 1771 4502; x_wconf 65' lang='lat' dir='ltr'><strong>quae</strong></span> <span class='ocrx_word' id='word_1_419' title='bbox 1811 4441 1994 4486; x_wconf 87' lang='lat' dir='ltr'><strong>autem</strong></span> 
     </span>
    </p>
   </div>
   <div class='ocr_carea' id='block_1_63' title="bbox 422 4526 1996 4597">
    <p class='ocr_par' dir='ltr' id='par_1_63' title="bbox 422 4526 1996 4597">
     <span class='ocr_line' id='line_1_63' title="bbox 422 4526 1996 4597; baseline 0.001 -20"><span class='ocrx_word' id='word_1_420' title='bbox 422 4532 704 4592; x_wconf 76' lang='lat' dir='ltr'><strong>aspectum</strong></span> <span class='ocrx_word' id='word_1_421' title='bbox 735 4535 886 4581; x_wconf 89' lang='lat' dir='ltr'><strong>tuum</strong></span> <span class='ocrx_word' id='word_1_422' title='bbox 916 4526 1150 4597; x_wconf 81' lang='lat' dir='ltr'><strong>fugiunt,</strong></span> <span class='ocrx_word' id='word_1_423' title='bbox 1193 4537 1315 4595; x_wconf 88' lang='lat' dir='ltr'><strong>pete</strong></span> <span class='ocrx_word' id='word_1_424' title='bbox 1349 4536 1408 4580; x_wconf 89' lang='lat' dir='ltr'><strong>ut</strong></span> <span class='ocrx_word' id='word_1_425' title='bbox 1442 4527 1538 4580; x_wconf 88' lang='lat' dir='ltr'><strong>tibi</strong></span> <span class='ocrx_word' id='word_1_426' title='bbox 1568 4533 1900 4593; x_wconf 86' lang='lat' dir='ltr'><strong>retegantur,</strong></span> <span class='ocrx_word' id='word_1_427' title='bbox 1939 4534 1996 4579; x_wconf 88' lang='lat' dir='ltr'><strong>ut</strong></span> 
     </span>
    </p>
   </div>
   <div class='ocr_carea' id='block_1_64' title="bbox 423 4609 1742 4687">
    <p class='ocr_par' dir='ltr' id='par_1_64' title="bbox 423 4609 1742 4687">
     <span class='ocr_line' id='line_1_64' title="bbox 423 4609 1742 4687; baseline 0.004 -23"><span class='ocrx_word' id='word_1_428' title='bbox 423 4609 481 4666; x_wconf 86' lang='lat' dir='ltr'><strong>in</strong></span> <span class='ocrx_word' id='word_1_429' title='bbox 504 4612 654 4666; x_wconf 90' lang='lat' dir='ltr'><strong>nullo</strong></span> <span class='ocrx_word' id='word_1_430' title='bbox 680 4613 923 4670; x_wconf 88' lang='lat' dir='ltr'><strong>delicias.</strong></span> <span class='ocrx_word' id='word_1_431' title='bbox 953 4617 1036 4670; x_wconf 84' lang='lat' dir='ltr'><strong>Ad</strong></span> <span class='ocrx_word' id='word_1_432' title='bbox 1062 4616 1346 4687; x_wconf 87' lang='lat' dir='ltr'><strong>Polycarp.</strong></span> <span class='ocrx_word' id='word_1_433' title='bbox 1377 4633 1530 4686; x_wconf 85' lang='lat' dir='ltr'><strong>capp.</strong></span> <span class='ocrx_word' id='word_1_434' title='bbox 1559 4617 1583 4669; x_wconf 80' lang='lat' dir='ltr'><strong>l</strong></span> <span class='ocrx_word' id='word_1_435' title='bbox 1619 4625 1669 4669; x_wconf 90' lang='lat' dir='ltr'><strong>et</strong></span> <span class='ocrx_word' id='word_1_436' title='bbox 1688 4615 1742 4669; x_wconf 73' lang='lat'><strong>2.</strong></span> 
     </span>
    </p>
   </div>
   <div class='ocr_carea' id='block_1_65' title="bbox 2041 3060 3616 3134">
    <p class='ocr_par' dir='ltr' id='par_1_65' title="bbox 2041 3060 3616 3134">
     <span class='ocr_line' id='line_1_65' title="bbox 2041 3060 3616 3134; baseline -0.006 -13"><span class='ocrx_word' id='word_1_437' title='bbox 2041 3075 2084 3132; x_wconf 87' lang='lat' dir='ltr'><strong><em>C</em></strong></span> <span class='ocrx_word' id='word_1_438' title='bbox 2193 3067 2303 3120; x_wconf 86' lang='grc' dir='ltr'><strong>Τοῦ</strong></span> <span class='ocrx_word' id='word_1_439' title='bbox 2357 3065 2543 3119; x_wconf 85' lang='grc' dir='ltr'>αὐτοῦ</span> <span class='ocrx_word' id='word_1_440' title='bbox 2593 3064 2744 3134; x_wconf 81' lang='grc' dir='ltr'>πρὸς</span> <span class='ocrx_word' id='word_1_441' title='bbox 2791 3061 3270 3118; x_wconf 82' lang='grc' dir='ltr'><strong>ΠΟΛΥΚΑΡΠΟΝ</strong></span> <span class='ocrx_word' id='word_1_442' title='bbox 3305 3060 3616 3130; x_wconf 60' lang='grc' dir='ltr'><strong>ιΣμύρνης.</strong></span> 
     </span>
    </p>
   </div>
   <div class='ocr_carea' id='block_1_66' title="bbox 2183 3174 3692 3250">
    <p class='ocr_par' dir='ltr' id='par_1_66' title="bbox 2183 3174 3692 3250">
     <span class='ocr_line' id='line_1_66' title="bbox 2183 3174 3692 3250; baseline -0.002 -18"><span class='ocrx_word' id='word_1_443' title='bbox 2183 3181 2399 3243; x_wconf 85' lang='grc' dir='ltr'><strong>Πάντας</strong></span> <span class='ocrx_word' id='word_1_444' title='bbox 2451 3180 2720 3250; x_wconf 74' lang='grc' dir='ltr'>βάσταζε,</span> <span class='ocrx_word' id='word_1_445' title='bbox 2767 3178 2842 3240; x_wconf 86' lang='grc' dir='ltr'>ὡς</span> <span class='ocrx_word' id='word_1_446' title='bbox 2888 3177 2981 3231; x_wconf 90' lang='grc' dir='ltr'><strong>καί</strong></span> <span class='ocrx_word' id='word_1_447' title='bbox 3029 3193 3088 3229; x_wconf 90' lang='grc' dir='ltr'><strong>σε</strong></span> <span class='ocrx_word' id='word_1_448' title='bbox 3132 3178 3160 3229; x_wconf 89' lang='grc' dir='ltr'><strong>ὁ</strong></span> <span class='ocrx_word' id='word_1_449' title='bbox 3191 3174 3414 3246; x_wconf 85' lang='grc' dir='ltr'>Κύριος.</span> <span class='ocrx_word' id='word_1_450' title='bbox 3463 3174 3692 3229; x_wconf 80' lang='grc' dir='ltr'>Πάντων</span> 
     </span>
    </p>
   </div>
   <div class='ocr_carea' id='block_1_67' title="bbox 2112 3262 3686 3339">
    <p class='ocr_par' dir='ltr' id='par_1_67' title="bbox 2112 3262 3686 3339">
     <span class='ocr_line' id='line_1_67' title="bbox 2112 3262 3686 3339; baseline -0.003 -19"><span class='ocrx_word' id='word_1_451' title='bbox 2112 3268 2304 3336; x_wconf 78' lang='grc' dir='ltr'>ἀνέχου</span> <span class='ocrx_word' id='word_1_452' title='bbox 2338 3269 2394 3318; x_wconf 82' lang='grc' dir='ltr'><strong>ὲν</strong></span> <span class='ocrx_word' id='word_1_453' title='bbox 2426 3266 2646 3339; x_wconf 73' lang='grc' dir='ltr'><strong>ἀγάπῃ⁸</strong></span> <span class='ocrx_word' id='word_1_454' title='bbox 2683 3268 3012 3337; x_wconf 86' lang='grc' dir='ltr'>προσευχαῖς</span> <span class='ocrx_word' id='word_1_455' title='bbox 3046 3263 3272 3334; x_wconf 80' lang='grc' dir='ltr'>σχόλαζε</span> <span class='ocrx_word' id='word_1_456' title='bbox 3303 3262 3686 3326; x_wconf 80' lang='grc' dir='ltr'>ἀδιαλείπτοις.</span> 
     </span>
    </p>
   </div>
   <div class='ocr_carea' id='block_1_68' title="bbox 2108 3350 3690 3426">
    <p class='ocr_par' dir='ltr' id='par_1_68' title="bbox 2108 3350 3690 3426">
     <span class='ocr_line' id='line_1_68' title="bbox 2108 3350 3690 3426; baseline -0.002 -17"><span class='ocrx_word' id='word_1_457' title='bbox 2108 3356 2268 3409; x_wconf 78' lang='grc' dir='ltr'>Αἰτοῦ</span> <span class='ocrx_word' id='word_1_458' title='bbox 2304 3356 2518 3409; x_wconf 84' lang='grc' dir='ltr'>σύνεσιν</span> <span class='ocrx_word' id='word_1_459' title='bbox 2563 3356 2785 3410; x_wconf 81' lang='grc' dir='ltr'>πλείονα</span> <span class='ocrx_word' id='word_1_460' title='bbox 2817 3350 2884 3426; x_wconf 85' lang='grc' dir='ltr'>ἦς</span> <span class='ocrx_word' id='word_1_461' title='bbox 2916 3355 3080 3426; x_wconf 79' lang='grc' dir='ltr'>ἔχεις.</span> <span class='ocrx_word' id='word_1_462' title='bbox 3117 3353 3418 3426; x_wconf 84' lang='grc' dir='ltr'>Γρηγόρει,</span> <span class='ocrx_word' id='word_1_463' title='bbox 3452 3353 3690 3426; x_wconf 74' lang='grc' dir='ltr'>ἀκοίμη-</span> 
     </span>
    </p>
   </div>
   <div class='ocr_carea' id='block_1_69' title="bbox 2105 3433 3452 3520">
    <p class='ocr_par' dir='ltr' id='par_1_69' title="bbox 2105 3433 3452 3520">
     <span class='ocr_line' id='line_1_69' title="bbox 2105 3433 3452 3520; baseline -0.004 -16"><span class='ocrx_word' id='word_1_464' title='bbox 2105 3467 2194 3504; x_wconf 88' lang='grc' dir='ltr'><strong>τον</strong></span> <span class='ocrx_word' id='word_1_465' title='bbox 2225 3449 2379 3520; x_wconf 77' lang='grc' dir='ltr'>ὄμμα</span> <span class='ocrx_word' id='word_1_466' title='bbox 2410 3448 2763 3519; x_wconf 78' lang='grc' dir='ltr'>κεκτημένος.</span> <span class='ocrx_word' id='word_1_467' title='bbox 3441 3433 3452 3440; x_wconf 59' lang='grc'><em>’</em></span> 
     </span>
    </p>
   </div>
   <div class='ocr_carea' id='block_1_70' title="bbox 2723 3690 3088 3744">
    <p class='ocr_par' dir='ltr' id='par_1_70' title="bbox 2723 3690 3088 3744">
     <span class='ocr_line' id='line_1_70' title="bbox 2723 3690 3088 3744; baseline -0.005 0"><span class='ocrx_word' id='word_1_468' title='bbox 2723 3690 2837 3744; x_wconf 86' lang='grc' dir='ltr'><strong>Τοῦ</strong></span> <span class='ocrx_word' id='word_1_469' title='bbox 2880 3690 3088 3744; x_wconf 83' lang='grc' dir='ltr'>αὐτοῦ.</span> 
     </span>
    </p>
   </div>
   <div class='ocr_carea' id='block_1_71' title="bbox 2175 3777 3682 3850">
    <p class='ocr_par' dir='ltr' id='par_1_71' title="bbox 2175 3777 3682 3850">
     <span class='ocr_line' id='line_1_71' title="bbox 2175 3777 3682 3850; baseline 0.001 -19"><span class='ocrx_word' id='word_1_470' title='bbox 2175 3779 2403 3836; x_wconf 78' lang='grc' dir='ltr'>Πάντων</span> <span class='ocrx_word' id='word_1_471' title='bbox 2435 3777 2533 3842; x_wconf 82' lang='grc' dir='ltr'>τὰς</span> <span class='ocrx_word' id='word_1_472' title='bbox 2565 3778 2756 3842; x_wconf 89' lang='grc' dir='ltr'>νόσους</span> <span class='ocrx_word' id='word_1_473' title='bbox 2790 3777 3050 3848; x_wconf 81' lang='grc' dir='ltr'>βάσταζε,</span> <span class='ocrx_word' id='word_1_474' title='bbox 3083 3777 3160 3842; x_wconf 91' lang='grc' dir='ltr'>ὡς</span> <span class='ocrx_word' id='word_1_475' title='bbox 3190 3777 3394 3842; x_wconf 86' lang='grc' dir='ltr'>τέλειος</span> <span class='ocrx_word' id='word_1_476' title='bbox 3424 3777 3682 3850; x_wconf 83' lang='grc' dir='ltr'>ἀθλητής.</span> 
     </span>
    </p>
   </div>
   <div class='ocr_carea' id='block_1_72' title="bbox 2106 3870 3687 3942">
    <p class='ocr_par' dir='ltr' id='par_1_72' title="bbox 2106 3870 3687 3942">
     <span class='ocr_line' id='line_1_72' title="bbox 2106 3870 3687 3942; baseline 0 -19"><span class='ocrx_word' id='word_1_477' title='bbox 2106 3871 2282 3923; x_wconf 86' lang='grc' dir='ltr'>Ὅπου</span> <span class='ocrx_word' id='word_1_478' title='bbox 2318 3870 2520 3923; x_wconf 86' lang='grc' dir='ltr'>πλείων</span> <span class='ocrx_word' id='word_1_479' title='bbox 2553 3871 2740 3935; x_wconf 87' lang='grc' dir='ltr'>κόπος,</span> <span class='ocrx_word' id='word_1_480' title='bbox 2776 3870 2910 3924; x_wconf 78' lang='grc' dir='ltr'>πολὺ</span> <span class='ocrx_word' id='word_1_481' title='bbox 2944 3870 3152 3942; x_wconf 85' lang='grc' dir='ltr'>κέρδος.</span> <span class='ocrx_word' id='word_1_482' title='bbox 3187 3870 3404 3934; x_wconf 81' lang='grc' dir='ltr'>Καλοὺς</span> <span class='ocrx_word' id='word_1_483' title='bbox 3439 3871 3687 3941; x_wconf 77' lang='grc' dir='ltr'>μαθητὰς</span> 
     </span>
    </p>
   </div>
   <div class='ocr_carea' id='block_1_73' title="bbox 2105 3959 3690 4032">
    <p class='ocr_par' dir='ltr' id='par_1_73' title="bbox 2105 3959 3690 4032">
     <span class='ocr_line' id='line_1_73' title="bbox 2105 3959 3690 4032; baseline -0.001 -18"><span class='ocrx_word' id='word_1_484' title='bbox 2105 3959 2200 4014; x_wconf 78' lang='grc' dir='ltr'><strong>ἐὰν</strong></span> <span class='ocrx_word' id='word_1_485' title='bbox 2234 3959 2426 4031; x_wconf 80' lang='grc' dir='ltr'>φιλῇς,</span> <span class='ocrx_word' id='word_1_486' title='bbox 2465 3960 2623 4032; x_wconf 88' lang='grc' dir='ltr'>χάρις</span> <span class='ocrx_word' id='word_1_487' title='bbox 2656 3978 2738 4020; x_wconf 83' lang='grc' dir='ltr'><strong>σοι</strong></span> <span class='ocrx_word' id='word_1_488' title='bbox 2770 3962 2870 4014; x_wconf 86' lang='grc' dir='ltr'><strong>οὐκ</strong></span> <span class='ocrx_word' id='word_1_489' title='bbox 2903 3961 3089 4014; x_wconf 73' lang='grc' dir='ltr'>ἔσται·</span> <span class='ocrx_word' id='word_1_490' title='bbox 3130 3960 3330 4032; x_wconf 77' lang='grc' dir='ltr'>μᾶλλον</span> <span class='ocrx_word' id='word_1_491' title='bbox 3360 3963 3485 4024; x_wconf 85' lang='grc' dir='ltr'>τοὺς</span> <span class='ocrx_word' id='word_1_492' title='bbox 3529 3963 3690 4015; x_wconf 86' lang='grc' dir='ltr'>ἀπει-</span> 
     </span>
    </p>
   </div>
   <div class='ocr_carea' id='block_1_74' title="bbox 2105 4050 3684 4123">
    <p class='ocr_par' dir='ltr' id='par_1_74' title="bbox 2105 4050 3684 4123">
     <span class='ocr_line' id='line_1_74' title="bbox 2105 4050 3684 4123; baseline 0.001 -19"><span class='ocrx_word' id='word_1_493' title='bbox 2105 4050 2396 4122; x_wconf 84' lang='grc' dir='ltr'>θεστέρους</span> <span class='ocrx_word' id='word_1_494' title='bbox 2440 4053 2497 4104; x_wconf 82' lang='grc' dir='ltr'><strong>ὲν</strong></span> <span class='ocrx_word' id='word_1_495' title='bbox 2543 4052 2810 4123; x_wconf 85' lang='grc' dir='ltr'>πραότητι</span> <span class='ocrx_word' id='word_1_496' title='bbox 2857 4052 3152 4106; x_wconf 80' lang='grc' dir='ltr'>ὑπότασσε.</span> <span class='ocrx_word' id='word_1_497' title='bbox 3202 4053 3276 4105; x_wconf 82' lang='grc' dir='ltr'>Οὐ</span> <span class='ocrx_word' id='word_1_498' title='bbox 3326 4054 3432 4105; x_wconf 84' lang='grc' dir='ltr'>πᾶν</span> <span class='ocrx_word' id='word_1_499' title='bbox 3465 4052 3684 4123; x_wconf 88' lang='grc' dir='ltr'>τραῦμα</span> 
     </span>
    </p>
   </div>
   <div class='ocr_carea' id='block_1_75' title="bbox 2101 4141 3684 4220">
    <p class='ocr_par' dir='ltr' id='par_1_75' title="bbox 2101 4141 3684 4220">
     <span class='ocr_line' id='line_1_75' title="bbox 2101 4141 3684 4220; baseline 0 -26"><span class='ocrx_word' id='word_1_500' title='bbox 2101 4145 2166 4213; x_wconf 81' lang='grc' dir='ltr'>τῇ</span> <span class='ocrx_word' id='word_1_501' title='bbox 2215 4143 2350 4211; x_wconf 76' lang='grc' dir='ltr'>αὐτῇ</span> <span class='ocrx_word' id='word_1_502' title='bbox 2427 4141 2758 4220; x_wconf 81' lang='grc' dir='ltr'>ἐμπλάστρῳ</span> <span class='ocrx_word' id='word_1_503' title='bbox 2819 4141 3202 4215; x_wconf 86' lang='grc' dir='ltr'>θεραπεύεται.</span> <span class='ocrx_word' id='word_1_504' title='bbox 3264 4144 3403 4206; x_wconf 85' lang='grc' dir='ltr'>Τοὺς</span> <span class='ocrx_word' id='word_1_505' title='bbox 3447 4144 3684 4215; x_wconf 72' lang='grc' dir='ltr'>παροξυο</span> 
     </span>
    </p>
   </div>
   <div class='ocr_carea' id='block_1_76' title="bbox 2104 4229 3684 4305">
    <p class='ocr_par' dir='ltr' id='par_1_76' title="bbox 2104 4229 3684 4305">
     <span class='ocr_line' id='line_1_76' title="bbox 2104 4229 3684 4305; baseline 0.001 -21"><span class='ocrx_word' id='word_1_506' title='bbox 2104 4233 2275 4302; x_wconf 81' lang='grc' dir='ltr'>σμοὺς</span> <span class='ocrx_word' id='word_1_507' title='bbox 2325 4233 2623 4303; x_wconf 73' lang='grc' dir='ltr'>ἐμϐροχαῖς</span> <span class='ocrx_word' id='word_1_508' title='bbox 2669 4232 2834 4286; x_wconf 87' lang='grc' dir='ltr'>παῦε.</span> <span class='ocrx_word' id='word_1_509' title='bbox 2882 4234 2981 4288; x_wconf 83' lang='grc' dir='ltr'><strong>Διὰ</strong></span> <span class='ocrx_word' id='word_1_510' title='bbox 3026 4233 3183 4294; x_wconf 89' lang='grc' dir='ltr'>τοῦτο</span> <span class='ocrx_word' id='word_1_511' title='bbox 3218 4233 3479 4305; x_wconf 87' lang='grc' dir='ltr'>σαρκικὸς</span> <span class='ocrx_word' id='word_1_512' title='bbox 3508 4229 3559 4285; x_wconf 77' lang='grc' dir='ltr'>εἷ</span> <span class='ocrx_word' id='word_1_513' title='bbox 3588 4233 3684 4287; x_wconf 80' lang='grc' dir='ltr'>καὶ</span> 
     </span>
    </p>
   </div>
   <div class='ocr_carea' id='block_1_77' title="bbox 2101 4324 3682 4396">
    <p class='ocr_par' dir='ltr' id='par_1_77' title="bbox 2101 4324 3682 4396">
     <span class='ocr_line' id='line_1_77' title="bbox 2101 4324 3682 4396; baseline -0.001 -19"><span class='ocrx_word' id='word_1_514' title='bbox 2101 4324 2497 4394; x_wconf 87' lang='grc' dir='ltr'>πνευματικὸς,</span> <span class='ocrx_word' id='word_1_515' title='bbox 2545 4324 2632 4377; x_wconf 83' lang='grc' dir='ltr'><strong>ἵνα</strong></span> <span class='ocrx_word' id='word_1_516' title='bbox 2675 4324 2742 4378; x_wconf 75' lang='grc' dir='ltr'>τὰ</span> <span class='ocrx_word' id='word_1_517' title='bbox 2788 4325 3089 4396; x_wconf 74' lang='grc' dir='ltr'>φαινόμενα</span> <span class='ocrx_word' id='word_1_518' title='bbox 3135 4342 3216 4378; x_wconf 87' lang='grc' dir='ltr'><strong>σοι</strong></span> <span class='ocrx_word' id='word_1_519' title='bbox 3262 4327 3342 4389; x_wconf 88' lang='grc' dir='ltr'><strong>είς</strong></span> <span class='ocrx_word' id='word_1_520' title='bbox 3387 4325 3682 4396; x_wconf 89' lang='grc' dir='ltr'>πρόσωπον</span> 
     </span>
    </p>
   </div>
   <div class='ocr_carea' id='block_1_78' title="bbox 2101 4413 3678 4488">
    <p class='ocr_par' dir='ltr' id='par_1_78' title="bbox 2101 4413 3678 4488">
     <span class='ocr_line' id='line_1_78' title="bbox 2101 4413 3678 4488; baseline 0 -20"><span class='ocrx_word' id='word_1_521' title='bbox 2101 4415 2434 4486; x_wconf 69' lang='grc' dir='ltr'>κολακεύῃςσ</span> <span class='ocrx_word' id='word_1_522' title='bbox 2470 4415 2536 4468; x_wconf 80' lang='grc' dir='ltr'>τὰ</span> <span class='ocrx_word' id='word_1_523' title='bbox 2566 4413 2622 4467; x_wconf 87' lang='grc' dir='ltr'><strong>δὲ</strong></span> <span class='ocrx_word' id='word_1_524' title='bbox 2653 4415 2895 4488; x_wconf 83' lang='grc' dir='ltr'>ἀόρατα,</span> <span class='ocrx_word' id='word_1_525' title='bbox 2943 4415 3081 4470; x_wconf 74' lang='grc' dir='ltr'>αἴτει</span> <span class='ocrx_word' id='word_1_526' title='bbox 3117 4417 3204 4470; x_wconf 81' lang='grc' dir='ltr'><strong>ἵνα</strong></span> <span class='ocrx_word' id='word_1_527' title='bbox 3239 4433 3319 4470; x_wconf 88' lang='grc' dir='ltr'><strong>σοι</strong></span> <span class='ocrx_word' id='word_1_528' title='bbox 3367 4413 3678 4485; x_wconf 78' lang='grc' dir='ltr'>φανερωθῇ,</span> 
     </span>
    </p>
   </div>
   <div class='ocr_carea' id='block_1_79' title="bbox 2101 4505 2660 4579">
    <p class='ocr_par' dir='ltr' id='par_1_79' title="bbox 2101 4505 2660 4579">
     <span class='ocr_line' id='line_1_79' title="bbox 2101 4505 2660 4579; baseline -0.005 -19"><span class='ocrx_word' id='word_1_529' title='bbox 2101 4508 2188 4562; x_wconf 79' lang='grc' dir='ltr'><strong>ἵνα</strong></span> <span class='ocrx_word' id='word_1_530' title='bbox 2222 4507 2447 4578; x_wconf 85' lang='grc' dir='ltr'>μηδενὸς</span> <span class='ocrx_word' id='word_1_531' title='bbox 2478 4505 2660 4579; x_wconf 82' lang='grc' dir='ltr'>λείπῃ.</span> 
     </span>
    </p>
   </div>
   <div class='ocr_carea' id='block_1_80' title="bbox 1448 4745 2657 4818">
    <p class='ocr_par' dir='ltr' id='par_1_80' title="bbox 1448 4745 2657 4818">
     <span class='ocr_line' id='line_1_80' title="bbox 1448 4745 2657 4818; baseline -0.007 -8"><span class='ocrx_word' id='word_1_532' title='bbox 1448 4750 1577 4810; x_wconf 70' lang='lat' dir='ltr'><strong>IDEM</strong></span> <span class='ocrx_word' id='word_1_533' title='bbox 1616 4752 1772 4818; x_wconf 80' lang='lat' dir='ltr'><strong>ibid.,</strong></span> <span class='ocrx_word' id='word_1_534' title='bbox 1804 4752 1910 4805; x_wconf 86' lang='lat' dir='ltr'><strong>litt.</strong></span> <span class='ocrx_word' id='word_1_535' title='bbox 1935 4767 1988 4816; x_wconf 91' lang='grc' dir='ltr'><strong>υ,</strong></span> <span class='ocrx_word' id='word_1_536' title='bbox 2022 4751 2105 4802; x_wconf 84' lang='lat' dir='ltr'><strong>tit.</strong></span> <span class='ocrx_word' id='word_1_537' title='bbox 2131 4763 2266 4810; x_wconf 81' lang='lat' dir='ltr'><strong>xvu,</strong></span> <span class='ocrx_word' id='word_1_538' title='bbox 2291 4763 2413 4817; x_wconf 85' lang='lat' dir='ltr'><strong>pag.</strong></span> <span class='ocrx_word' id='word_1_539' title='bbox 2441 4745 2563 4802; x_wconf 91' lang='lat'><strong>788.</strong></span> <span class='ocrx_word' id='word_1_540' title='bbox 2596 4745 2657 4801; x_wconf 86' lang='lat' dir='ltr'><strong>B.</strong></span> 
     </span>
    </p>
   </div>
   <div class='ocr_carea' id='block_1_81' title="bbox 548 4884 1869 4960">
    <p class='ocr_par' dir='ltr' id='par_1_81' title="bbox 548 4884 1869 4960">
     <span class='ocr_line' id='line_1_81' title="bbox 548 4884 1869 4960; baseline 0.002 -20"><span class='ocrx_word' id='word_1_541' title='bbox 548 4884 738 4941; x_wconf 87' lang='lat' dir='ltr'><strong>Sancti</strong></span> <span class='ocrx_word' id='word_1_542' title='bbox 766 4889 1001 4956; x_wconf 73' lang='lat' dir='ltr'><strong>IGNATII,</strong></span> <span class='ocrx_word' id='word_1_543' title='bbox 1025 4905 1088 4943; x_wconf 76' lang='lat' dir='ltr'><strong>ex</strong></span> <span class='ocrx_word' id='word_1_544' title='bbox 1119 4888 1365 4960; x_wconf 83' lang='lat' dir='ltr'><strong>Epistola</strong></span> <span class='ocrx_word' id='word_1_545' title='bbox 1399 4890 1468 4944; x_wconf 86' lang='lat' dir='ltr'><strong>ad</strong></span> <span class='ocrx_word' id='word_1_546' title='bbox 1494 4889 1869 4945; x_wconf 69' lang='lat' dir='ltr'><strong>Poucanpuu.</strong></span> 
     </span>
    </p>
   </div>
   <div class='ocr_carea' id='block_1_82' title="bbox 492 5061 1998 5138">
    <p class='ocr_par' dir='ltr' id='par_1_82' title="bbox 492 5061 1998 5138">
     <span class='ocr_line' id='line_1_82' title="bbox 492 5061 1998 5138; baseline 0.001 -18"><span class='ocrx_word' id='word_1_547' title='bbox 492 5061 585 5120; x_wconf 84' lang='lat' dir='ltr'><strong>Sta</strong></span> <span class='ocrx_word' id='word_1_548' title='bbox 603 5065 750 5119; x_wconf 84' lang='lat' dir='ltr'><strong>velut</strong></span> <span class='ocrx_word' id='word_1_549' title='bbox 786 5065 943 5122; x_wconf 90' lang='lat' dir='ltr'><strong>incus</strong></span> <span class='ocrx_word' id='word_1_550' title='bbox 972 5082 1094 5136; x_wconf 83' lang='lat' dir='ltr'><strong>quae</strong></span> <span class='ocrx_word' id='word_1_551' title='bbox 1122 5068 1443 5136; x_wconf 88' lang='lat' dir='ltr'><strong>percutitur.</strong></span> <span class='ocrx_word' id='word_1_552' title='bbox 1466 5067 1646 5138; x_wconf 85' lang='lat' dir='ltr'><strong>Magni</strong></span> <span class='ocrx_word' id='word_1_553' title='bbox 1674 5069 1888 5124; x_wconf 73' lang='lat' dir='ltr'><strong>athletae</strong></span> <span class='ocrx_word' id='word_1_554' title='bbox 1914 5076 1998 5124; x_wconf 89' lang='lat' dir='ltr'><strong>est</strong></span> 
     </span>
    </p>
   </div>
   <div class='ocr_carea' id='block_1_83' title="bbox 2025 4877 3678 4957">
    <p class='ocr_par' dir='ltr' id='par_1_83' title="bbox 2025 4877 3678 4957">
     <span class='ocr_line' id='line_1_83' title="bbox 2025 4877 3678 4957; baseline -0.003 -17"><span class='ocrx_word' id='word_1_555' title='bbox 2025 4877 2071 4932; x_wconf 83' lang='lat' dir='ltr'><strong>D</strong></span> <span class='ocrx_word' id='word_1_556' title='bbox 2106 4885 2215 4940; x_wconf 85' lang='grc' dir='ltr'><strong>Τοῦ</strong></span> <span class='ocrx_word' id='word_1_557' title='bbox 2254 4885 2425 4955; x_wconf 74' lang='grc' dir='ltr'>ἁγίου</span> <span class='ocrx_word' id='word_1_558' title='bbox 2447 4944 2462 4957; x_wconf 44' lang='grc' dir='ltr'><em>δ</em></span> <span class='ocrx_word' id='word_1_559' title='bbox 2491 4886 2836 4948; x_wconf 82' lang='grc' dir='ltr'><strong>ΙΓΝΑΤΙΟΥ,</strong></span> <span class='ocrx_word' id='word_1_560' title='bbox 2876 4887 2945 4940; x_wconf 83' lang='grc' dir='ltr'>ἐκ</span> <span class='ocrx_word' id='word_1_561' title='bbox 2977 4885 3288 4957; x_wconf 7' lang='grc' dir='ltr'>της-,πρὸς</span> <span class='ocrx_word' id='word_1_562' title='bbox 3326 4884 3678 4938; x_wconf 82' lang='grc' dir='ltr'><strong>ΠΟΛΥΚΔΡ-</strong></span> 
     </span>
    </p>
   </div>
   <div class='ocr_carea' id='block_1_84' title="bbox 2607 4955 3178 5026">
    <p class='ocr_par' dir='ltr' id='par_1_84' title="bbox 2607 4955 3178 5026">
     <span class='ocr_line' id='line_1_84' title="bbox 2607 4955 3178 5026; baseline 0 -17"><span class='ocrx_word' id='word_1_563' title='bbox 2607 4957 2749 5011; x_wconf 86' lang='grc' dir='ltr'><strong>ΠΟΝ</strong></span> <span class='ocrx_word' id='word_1_564' title='bbox 2799 4955 3178 5026; x_wconf 79' lang='grc' dir='ltr'>Ἐπιστολῆς.</span> 
     </span>
    </p>
   </div>
   <div class='ocr_carea' id='block_1_85' title="bbox 2165 5068 3674 5142">
    <p class='ocr_par' dir='ltr' id='par_1_85' title="bbox 2165 5068 3674 5142">
     <span class='ocr_line' id='line_1_85' title="bbox 2165 5068 3674 5142; baseline -0.001 -19"><span class='ocrx_word' id='word_1_565' title='bbox 2165 5069 2341 5141; x_wconf 83' lang='grc' dir='ltr'>Στῆκε</span> <span class='ocrx_word' id='word_1_566' title='bbox 2384 5071 2459 5135; x_wconf 85' lang='grc' dir='ltr'>ὼς</span> <span class='ocrx_word' id='word_1_567' title='bbox 2499 5070 2691 5142; x_wconf 79' lang='grc' dir='ltr'>ἄκμων</span> <span class='ocrx_word' id='word_1_568' title='bbox 2735 5072 3090 5142; x_wconf 83' lang='grc' dir='ltr'>τυπτόμενος.</span> <span class='ocrx_word' id='word_1_569' title='bbox 3139 5071 3391 5140; x_wconf 83' lang='grc' dir='ltr'>Μεγάλου</span> <span class='ocrx_word' id='word_1_570' title='bbox 3439 5068 3674 5141; x_wconf 76' lang='grc' dir='ltr'>ἀθλητοῦ</span> 
     </span>
    </p>
   </div>
   <div class='ocr_carea' id='block_1_86' title="bbox 414 5148 2037 5234">
    <p class='ocr_par' dir='ltr' id='par_1_86' title="bbox 414 5155 1994 5229">
     <span class='ocr_line' id='line_1_86' title="bbox 414 5155 1994 5229; baseline 0.003 -18"><span class='ocrx_word' id='word_1_571' title='bbox 414 5155 698 5212; x_wconf 73' lang='lat' dir='ltr'><strong>verberari</strong></span> <span class='ocrx_word' id='word_1_572' title='bbox 735 5164 788 5210; x_wconf 92' lang='lat' dir='ltr'><strong>et</strong></span> <span class='ocrx_word' id='word_1_573' title='bbox 811 5159 1051 5215; x_wconf 85' lang='lat' dir='ltr'><strong>vincere.</strong></span> <span class='ocrx_word' id='word_1_574' title='bbox 1109 5159 1340 5213; x_wconf 78' lang='lat' dir='ltr'><strong>Maxime</strong></span> <span class='ocrx_word' id='word_1_575' title='bbox 1374 5170 1552 5217; x_wconf 91' lang='lat' dir='ltr'><strong>autem</strong></span> <span class='ocrx_word' id='word_1_576' title='bbox 1579 5171 1800 5229; x_wconf 88' lang='lat' dir='ltr'><strong>pr0pter</strong></span> <span class='ocrx_word' id='word_1_577' title='bbox 1826 5160 1994 5215; x_wconf 85' lang='lat' dir='ltr'><strong>Deum</strong></span> 
     </span>
    </p>
   </div>
   <div class='ocr_carea' id='block_1_87' title="bbox 2103 5148 3672 5234">
    <p class='ocr_par' dir='ltr' id='par_1_87' title="bbox 2103 5148 3672 5234">
     <span class='ocr_line' id='line_1_87' title="bbox 2103 5148 3672 5234; baseline -0.001 -20"><span class='ocrx_word' id='word_1_578' title='bbox 2103 5163 2210 5214; x_wconf 70' lang='grc' dir='ltr'>ἐστι</span> <span class='ocrx_word' id='word_1_579' title='bbox 2253 5161 2499 5232; x_wconf 82' lang='grc' dir='ltr'>δέρεσθαι</span> <span class='ocrx_word' id='word_1_580' title='bbox 2545 5164 2638 5216; x_wconf 76' lang='grc' dir='ltr'><strong>καὶ</strong></span> <span class='ocrx_word' id='word_1_581' title='bbox 2685 5165 2858 5234; x_wconf 84' lang='grc' dir='ltr'>νικᾷν.</span> <span class='ocrx_word' id='word_1_582' title='bbox 2906 5163 3156 5216; x_wconf 79' lang='grc' dir='ltr'>Μάλιστα</span> <span class='ocrx_word' id='word_1_583' title='bbox 3198 5163 3255 5215; x_wconf 82' lang='grc' dir='ltr'>δὲ</span> <span class='ocrx_word' id='word_1_584' title='bbox 3284 5148 3484 5218; x_wconf 70' lang='grc' dir='ltr'>’ἕνεκεν</span> <span class='ocrx_word' id='word_1_585' title='bbox 3515 5159 3672 5225; x_wconf 83' lang='grc' dir='ltr'>Θεοῦ,</span> 
     </span>
    </p>
   </div>
   <div class='ocr_carea' id='block_1_88' title="bbox 416 5246 1996 5322">
    <p class='ocr_par' dir='ltr' id='par_1_88' title="bbox 416 5246 1996 5322">
     <span class='ocr_line' id='line_1_88' title="bbox 416 5246 1996 5322; baseline 0.001 -18"><span class='ocrx_word' id='word_1_586' title='bbox 416 5246 602 5304; x_wconf 81' lang='lat' dir='ltr'><strong>omnia</strong></span> <span class='ocrx_word' id='word_1_587' title='bbox 639 5263 740 5302; x_wconf 89' lang='lat' dir='ltr'><strong>nos</strong></span> <span class='ocrx_word' id='word_1_588' title='bbox 774 5251 1045 5305; x_wconf 88' lang='lat' dir='ltr'><strong>sustinere</strong></span> <span class='ocrx_word' id='word_1_589' title='bbox 1089 5260 1323 5320; x_wconf 85' lang='lat' dir='ltr'><strong>oportet,</strong></span> <span class='ocrx_word' id='word_1_590' title='bbox 1355 5260 1415 5305; x_wconf 88' lang='lat' dir='ltr'><strong>ut</strong></span> <span class='ocrx_word' id='word_1_591' title='bbox 1443 5262 1495 5306; x_wconf 90' lang='lat' dir='ltr'><strong>et</strong></span> <span class='ocrx_word' id='word_1_592' title='bbox 1529 5253 1646 5322; x_wconf 90' lang='lat' dir='ltr'><strong>ipse</strong></span> <span class='ocrx_word' id='word_1_593' title='bbox 1695 5268 1798 5307; x_wconf 90' lang='lat' dir='ltr'><strong>nos</strong></span> <span class='ocrx_word' id='word_1_594' title='bbox 1827 5253 1996 5307; x_wconf 88' lang='lat' dir='ltr'><strong>susti-</strong></span> 
     </span>
    </p>
   </div>
   <div class='ocr_carea' id='block_1_89' title="bbox 417 5339 1213 5413">
    <p class='ocr_par' dir='ltr' id='par_1_89' title="bbox 417 5339 1213 5413">
     <span class='ocr_line' id='line_1_89' title="bbox 417 5339 1213 5413; baseline 0.006 -20"><span class='ocrx_word' id='word_1_595' title='bbox 417 5345 568 5395; x_wconf 84' lang='lat' dir='ltr'><strong>neat.</strong></span> <span class='ocrx_word' id='word_1_596' title='bbox 597 5339 677 5393; x_wconf 81' lang='lat' dir='ltr'><strong>Ad</strong></span> <span class='ocrx_word' id='word_1_597' title='bbox 697 5339 984 5413; x_wconf 80' lang='lat' dir='ltr'><strong>Polycarp.</strong></span> <span class='ocrx_word' id='word_1_598' title='bbox 1015 5358 1132 5411; x_wconf 89' lang='lat' dir='ltr'><strong>cap.</strong></span> <span class='ocrx_word' id='word_1_599' title='bbox 1163 5344 1213 5398; x_wconf 75' lang='grc' dir='ltr'>ὅ.</span> 
     </span>
    </p>
   </div>
   <div class='ocr_carea' id='block_1_90' title="bbox 2096 5251 3674 5326">
    <p class='ocr_par' dir='ltr' id='par_1_90' title="bbox 2096 5251 3674 5326">
     <span class='ocr_line' id='line_1_90' title="bbox 2096 5251 3674 5326; baseline 0.003 -21"><span class='ocrx_word' id='word_1_600' title='bbox 2096 5251 2275 5306; x_wconf 89' lang='grc' dir='ltr'>πάντα</span> <span class='ocrx_word' id='word_1_601' title='bbox 2335 5255 2483 5324; x_wconf 80' lang='grc' dir='ltr'>ἡμᾶς</span> <span class='ocrx_word' id='word_1_602' title='bbox 2543 5255 2836 5326; x_wconf 81' lang='grc' dir='ltr'>ὑπομένειν</span> <span class='ocrx_word' id='word_1_603' title='bbox 2868 5255 2969 5319; x_wconf 85' lang='grc' dir='ltr'>δεῖ,</span> <span class='ocrx_word' id='word_1_604' title='bbox 3018 5255 3107 5309; x_wconf 81' lang='grc' dir='ltr'>ἵνα</span> <span class='ocrx_word' id='word_1_605' title='bbox 3152 5256 3247 5309; x_wconf 75' lang='grc' dir='ltr'>καὶ</span> <span class='ocrx_word' id='word_1_606' title='bbox 3305 5255 3467 5318; x_wconf 83' lang='grc' dir='ltr'>αὐτὸς</span> <span class='ocrx_word' id='word_1_607' title='bbox 3527 5255 3674 5325; x_wconf 72' lang='grc' dir='ltr'>ἡμᾶς</span> 
     </span>
    </p>
   </div>
   <div class='ocr_carea' id='block_1_91' title="bbox 2096 5345 2386 5418">
    <p class='ocr_par' dir='ltr' id='par_1_91' title="bbox 2096 5345 2386 5418">
     <span class='ocr_line' id='line_1_91' title="bbox 2096 5345 2386 5418; baseline 0.003 -22"><span class='ocrx_word' id='word_1_608' title='bbox 2096 5345 2386 5418; x_wconf 85' lang='grc' dir='ltr'>ὑπομείνῃ.</span> 
     </span>
    </p>
   </div>
   <div class='ocr_carea' id='block_1_92' title="bbox 1369 5521 2715 5593">
    <p class='ocr_par' dir='ltr' id='par_1_92' title="bbox 1369 5521 2715 5593">
     <span class='ocr_line' id='line_1_92' title="bbox 1369 5521 2715 5593; baseline 0.003 -18"><span class='ocrx_word' id='word_1_609' title='bbox 1369 5523 1502 5577; x_wconf 71' lang='lat' dir='ltr'><strong>lusu</strong></span> <span class='ocrx_word' id='word_1_610' title='bbox 1538 5521 1692 5588; x_wconf 87' lang='lat' dir='ltr'><strong>ibid.,</strong></span> <span class='ocrx_word' id='word_1_611' title='bbox 1739 5523 1845 5576; x_wconf 85' lang='lat' dir='ltr'><strong>litt.</strong></span> <span class='ocrx_word' id='word_1_612' title='bbox 1883 5523 1939 5588; x_wconf 88' lang='grc' dir='ltr'><strong>δ,</strong></span> <span class='ocrx_word' id='word_1_613' title='bbox 1980 5523 2066 5577; x_wconf 88' lang='lat' dir='ltr'><strong>tit.</strong></span> <span class='ocrx_word' id='word_1_614' title='bbox 2100 5539 2290 5590; x_wconf 71' lang='lat' dir='ltr'><strong>xxxnv,</strong></span> <span class='ocrx_word' id='word_1_615' title='bbox 2338 5540 2461 5593; x_wconf 87' lang='lat' dir='ltr'><strong>pag.</strong></span> <span class='ocrx_word' id='word_1_616' title='bbox 2496 5523 2620 5591; x_wconf 88' lang='lat'><strong>778,</strong></span> <span class='ocrx_word' id='word_1_617' title='bbox 2654 5523 2715 5579; x_wconf 87' lang='lat' dir='ltr'><strong>C.</strong></span> 
     </span>
    </p>
   </div>
   <div class='ocr_carea' id='block_1_93' title="bbox 544 5690 1850 5767">
    <p class='ocr_par' dir='ltr' id='par_1_93' title="bbox 544 5690 1850 5767">
     <span class='ocr_line' id='line_1_93' title="bbox 544 5690 1850 5767; baseline 0.006 -22"><span class='ocrx_word' id='word_1_618' title='bbox 544 5690 729 5746; x_wconf 82' lang='lat' dir='ltr'><strong>Sancti</strong></span> <span class='ocrx_word' id='word_1_619' title='bbox 754 5691 984 5763; x_wconf 62' lang='lat' dir='ltr'><strong>leam&quot;,</strong></span> <span class='ocrx_word' id='word_1_620' title='bbox 1011 5713 1076 5752; x_wconf 81' lang='lat' dir='ltr'><strong>ea:</strong></span> <span class='ocrx_word' id='word_1_621' title='bbox 1111 5695 1352 5767; x_wconf 84' lang='lat' dir='ltr'><strong>Epistola</strong></span> <span class='ocrx_word' id='word_1_622' title='bbox 1377 5699 1446 5752; x_wconf 71' lang='lat' dir='ltr'><strong>ad</strong></span> <span class='ocrx_word' id='word_1_623' title='bbox 1476 5697 1850 5754; x_wconf 61' lang='lat' dir='ltr'><strong>Poucanrvu.</strong></span> 
     </span>
    </p>
   </div>
   <div class='ocr_carea' id='block_1_94' title="bbox 487 5869 1984 5954">
    <p class='ocr_par' dir='ltr' id='par_1_94' title="bbox 487 5869 1984 5954">
     <span class='ocr_line' id='line_1_94' title="bbox 487 5869 1984 5954; baseline 0.006 -24"><span class='ocrx_word' id='word_1_624' title='bbox 487 5869 643 5930; x_wconf 66' lang='lat' dir='ltr'><strong>Serv:</strong></span> <span class='ocrx_word' id='word_1_625' title='bbox 698 5891 808 5931; x_wconf 83' lang='lat' dir='ltr'><strong>non</strong></span> <span class='ocrx_word' id='word_1_626' title='bbox 860 5877 1166 5936; x_wconf 85' lang='lat' dir='ltr'><strong>desiderent</strong></span> <span class='ocrx_word' id='word_1_627' title='bbox 1215 5897 1248 5937; x_wconf 86' lang='lat' dir='ltr'><strong>a</strong></span> <span class='ocrx_word' id='word_1_628' title='bbox 1296 5883 1576 5941; x_wconf 84' lang='lat' dir='ltr'><strong>communi</strong></span> <span class='ocrx_word' id='word_1_629' title='bbox 1636 5885 1791 5942; x_wconf 86' lang='lat' dir='ltr'><strong>liberi</strong></span> <span class='ocrx_word' id='word_1_630' title='bbox 1833 5885 1984 5954; x_wconf 85' lang='lat' dir='ltr'><strong>ﬁeri;</strong></span> 
     </span>
    </p>
   </div>
   <div class='ocr_carea' id='block_1_95' title="bbox 2098 5671 3675 5746">
    <p class='ocr_par' dir='ltr' id='par_1_95' title="bbox 2098 5671 3675 5746">
     <span class='ocr_line' id='line_1_95' title="bbox 2098 5671 3675 5746; baseline -0.006 -12"><span class='ocrx_word' id='word_1_631' title='bbox 2098 5677 2209 5734; x_wconf 84' lang='grc' dir='ltr'><strong>Τοῦ</strong></span> <span class='ocrx_word' id='word_1_632' title='bbox 2254 5679 2426 5746; x_wconf 81' lang='grc' dir='ltr'>άγίου</span> <span class='ocrx_word' id='word_1_633' title='bbox 2493 5676 2839 5739; x_wconf 77' lang='grc' dir='ltr'>ιΓΝΑΤΙυΥ,</span> <span class='ocrx_word' id='word_1_634' title='bbox 2882 5677 2950 5730; x_wconf 79' lang='grc' dir='ltr'>ἐκ</span> <span class='ocrx_word' id='word_1_635' title='bbox 2989 5676 3100 5744; x_wconf 79' lang='grc' dir='ltr'>τῆς</span> <span class='ocrx_word' id='word_1_636' title='bbox 3136 5675 3282 5744; x_wconf 78' lang='grc' dir='ltr'>πρὸς</span> <span class='ocrx_word' id='word_1_637' title='bbox 3323 5671 3675 5728; x_wconf 65' lang='lat' dir='ltr'><strong>nonnum-</strong></span> 
     </span>
    </p>
   </div>
   <div class='ocr_carea' id='block_1_96' title="bbox 2590 5748 3151 5816">
    <p class='ocr_par' dir='ltr' id='par_1_96' title="bbox 2590 5748 3151 5816">
     <span class='ocr_line' id='line_1_96' title="bbox 2590 5748 3151 5816; baseline -0.005 -16"><span class='ocrx_word' id='word_1_638' title='bbox 2590 5748 2731 5800; x_wconf 87' lang='grc' dir='ltr'><strong>ΠΟΝ</strong></span> <span class='ocrx_word' id='word_1_639' title='bbox 2775 5748 3151 5816; x_wconf 79' lang='grc' dir='ltr'>Ἐπιστολῆς.</span> 
     </span>
    </p>
   </div>
   <div class='ocr_carea' id='block_1_97' title="bbox 2197 5854 3672 5934">
    <p class='ocr_par' dir='ltr' id='par_1_97' title="bbox 2197 5854 3672 5934">
     <span class='ocr_line' id='line_1_97' title="bbox 2197 5854 3672 5934; baseline -0.003 -19"><span class='ocrx_word' id='word_1_640' title='bbox 2197 5863 2258 5915; x_wconf 80' lang='grc' dir='ltr'><strong>Οἱ</strong></span> <span class='ocrx_word' id='word_1_641' title='bbox 2305 5862 2475 5917; x_wconf 80' lang='grc' dir='ltr'>δοῦλοι</span> <span class='ocrx_word' id='word_1_642' title='bbox 2526 5861 2601 5934; x_wconf 84' lang='grc' dir='ltr'>μὴ</span> <span class='ocrx_word' id='word_1_643' title='bbox 2658 5860 2943 5933; x_wconf 74' lang='grc' dir='ltr'>ἐράτωσαν</span> <span class='ocrx_word' id='word_1_644' title='bbox 2983 5861 3090 5917; x_wconf 80' lang='grc' dir='ltr'>ἀπὸ</span> <span class='ocrx_word' id='word_1_645' title='bbox 3136 5859 3314 5915; x_wconf 82' lang='grc' dir='ltr'>κοινοῦ</span> <span class='ocrx_word' id='word_1_646' title='bbox 3360 5854 3672 5930; x_wconf 76' lang='grc' dir='ltr'>ἐλευθεροῦ-</span> 
     </span>
    </p>
   </div>
  </div>
