4142 6448
406 409 531 467 953
812 507 827 510 Ar
847 508 871 510 Η
1664 421 2096 482 FRAGMENTA
2129 428 2455 489 GENUINA.
3592 453 3698 510 954

405 525 582 589 σθαι,
613 522 731 578 ἀλλ’
764 507 1063 593 είξδόξαᾶί
1089 526 1182 581 τοῦ
1214 528 1350 582 Θεοῦ
1382 530 1442 584 τὸ
1474 532 1655 588 πλεῖον
1686 536 2010 593 δουλευέτω-
2036 604 2041 613 η

2058 547 2208 613 {sed
2259 547 2326 601 ad
2370 548 2596 616 gloriam
2642 550 2737 605 Dei
2785 553 2961 624 magis
3009 556 3283 623 serviant,
3328 566 3389 613 ut
3429 563 3694 629 potiorem

406 631 539 681 σαν,
588 613 674 670 ἵνα
721 618 1030 690 κρείττονος
1071 621 1385 692 ἐλευθερίας
1432 625 1536 678 ὑπὸ
1567 626 1703 681 Θεοῦ
1750 629 2001 700 τύχωσιν.

2111 613 2421 695 libertatem
2479 657 2510 695 a
2573 642 2689 698 Deo
2751 613 3180 717 constaquantur.
3239 613 3322 703 Ᾰιι

2109 747 2224 802 cap.
2252 733 2306 788 Δ.
3666 736 3669 739 ’

1410 904 1542 959 Ibant
1581 905 1733 973 ibid.,
1775 907 1862 963 lit.
1905 926 1967 977 ε,
2018 911 2103 965 tit.
2141 927 2277 980 XLII,
2306 929 2429 983 pag.
2466 912 2589 980 779,
2623 913 2689 967 D.

744 1053 845 1108 Ἐκ
883 1054 994 1125 τῆς
1031 1056 1182 1125 πρὸς
1215 1058 1714 1114 ΠΟΛΥΚΑΡΠΟΝ.

1689 1061 1714 1113 1'.
2452 1068 2536 1120 Ea:
2572 1069 2815 1138 Epistola
2849 1073 2918 1125 ad
2947 1071 3325 1131 Poucanpuu.

479 1164 569 1238 Τῷ
612 1167 898 1241 ὲπισκόπῳ
944 1171 1276 1243 προσέχετε,
1324 1173 1409 1226 ἵνα
1456 1174 1551 1227 καὶ
1596 1174 1725 1246 ὑμῖν
1771 1177 1799 1229 ὁ
1836 1175 1989 1241 Θεός.

2175 1172 2447 1246 Episcopo
2496 1180 2776 1247 attendite,
2817 1192 2878 1237 ut
2916 1192 2971 1239 et
2994 1184 3138 1241 Deus
3167 1188 3346 1241 vobis.
3391 1187 3681 1250 Unanimis

406 1256 560 1325 Ἐγὼ
620 1259 913 1332 ἀντίψυχον
974 1260 1082 1314 τῶν
1143 1262 1597 1333 ὑποτασσομένων
1671 1267 1990 1338 ὲπισκόπῳ,

2098 1278 2200 1355 ego
2231 1282 2351 1321 sum
2383 1283 2507 1323 cum
2542 1271 2612 1326 iis
2644 1275 2736 1342 qui
2767 1276 2999 1345 subjecti
3034 1286 3163 1331 sunt
3204 1279 3485 1351 episcopo,
3549 1300 3674 1355 pre-

388 1350 820 1421 τρεσϐυτερίῳ,
868 1351 1170 1418 διακόνοις·
1223 1355 1340 1426 μετ’
1386 1354 1565 1409 αὐτῶν
1601 1374 1690 1427 μοι
1733 1357 1793 1411 τὸ
1827 1357 1992 1429 μέρος

2098 1354 2359 1425 sbyterio,
2391 1360 2666 1418 diaconis:
2724 1382 2847 1421 cum
2881 1368 2969 1424 his
3007 1384 3136 1439 pars
3174 1372 3311 1426 mihi
3357 1350 3429 1428 sit
3460 1374 3516 1429 in
3544 1350 3675 1432 beo.

386 1438 617 1508 γένοιτο
649 1444 708 1496 ὲν
740 1441 877 1513 Θεῷ.

2099 1446 2181 1499 Ad
2207 1446 2487 1521 Polycarp.
2516 1466 2632 1523 cap.
2652 1456 2704 1511 6.

1389 1632 1520 1685 Iona
1554 1630 1709 1698 ibid.,
1753 1631 1858 1685 litt.
1890 1648 1953 1697 υ,
1998 1632 2083 1686 tit.
2131 1650 2267 1701 xvu,
2299 1651 2425 1709 pag.
2459 1638 2585 1708 788,
2618 1638 2680 1695 B.

941 1782 1043 1837 Ἐκ
1086 1784 1198 1853 τῆς
1235 1785 1448 1855 αὐτῆς.

1404 1808 1448 1853 ς.
2722 1797 2807 1852 Ex
2837 1802 3040 1856 eadem.

454 1888 886 1961 Μακροθυμεϊτε
935 1897 1053 1965 μετ’
1099 1897 1348 1969 ἀλλήλων
1394 1901 1470 1953 ὲν·
1500 1902 1809 1975 πραΰτητι,
1846 1903 1921 1967 ὡς
1952 1920 1981 1956 ο

2158 1906 2391 1964 Patienti
2423 1910 2608 1966 animo
2635 1910 2869 1969 invicem
2898 1929 2997 1970 vos
3020 1914 3160 1971 ferte
3191 1931 3319 1972 cum
3348 1928 3674 1975 mansuetu-

372 1977 522 2043 Θεὸς
556 1979 678 2051 μεθ’
712 1984 867 2055 ὑμῶν
897 1987 988 2043 διὰ
1022 1990 1247 2053 παντός.

2019 1998 2063 2054 Β
2090 1999 2237 2069 dine,
2271 2004 2352 2056 uti
2376 2002 2521 2059 Deus
2553 2019 2649 2059 vos
2681 2020 2918 2076 semper.
2957 2006 3041 2060 Ad
3071 2006 3363 2080 Polycarp.
3395 2027 3511 2080 cap.
3542 2010 3595 2065 6.

1434 2147 1564 2203 IDEM
1599 2149 1755 2218 ibid.,
1793 2152 1900 2209 litt.
1930 2173 1984 2226 χ,
2020 2156 2104 2210 tit.
2131 2171 2206 2223 tv,
2251 2172 2376 2227 pag.
2406 2156 2531 2222 724,
2574 2154 2636 2209 Ε.

1007 2304 1369 2366 ἹΓΝΑΤΙΟΥ.

1352 2347 1369 2366 .
2734 2316 2987 2373 'lcnnu.

443 2412 776 2484 Χριστιανὸς
824 2415 1019 2471 ἑαυτοῦ
1069 2416 1317 2483 ἐξουσίαν
1371 2421 1472 2475 οὐκ
1521 2422 1663 2494 ἔχει,
1699 2426 1837 2480 ἀλλὰ
1897 2425 1977 2498 τῷ

2153 2428 2503 2485 Christianus
2538 2429 2624 2484 sui
2657 2429 2831 2500 ipsius
2858 2438 3184 2500 potestatem
3212 2448 3324 2489 non
3353 2434 3539 2504 habet,
3564 2437 3660 2493 sed

367 2504 503 2577 Θεῷ
538 2506 809 2579 σχολάζει.

2082 2520 2195 2576 Deo
2221 2530 2402 2576 vacat.
2431 2521 2514 2574 Ad
2537 2520 2828 2593 Polycarp.
2868 2522 3066 2593 cap.,7.

1333 2667 1465 2726 lusu
1504 2672 1660 2740 ibid.,
1700 2673 1808 2727 litt.
1838 2690 1874 2727 α
1898 2715 1913 2742 ,
1951 2676 2036 2731 tit.
2076 2692 2275 2744 ωιτη,
2322 2693 2444 2748 pag.
2474 2677 2599 2746 772,
2638 2677 2703 2734 D.

380 2815 496 2872 Ἐκ
534 2816 646 2887 τῆς
682 2818 833 2888 πρὸς
876 2820 1222 2877 ἘΦΕΣΙΟΥΣ
1255 2822 1609 2895 Ἐπιστολῆς
1648 2829 1755 2883 τοῦ
1792 2831 1967 2900 ἁγίου

586 2912 593 2919 ι
758 2890 1101 2946 ἹΓΝΑΤΙΟΥ
1134 2896 1239 2950 τοῦ
1281 2898 1599 2950 Θεοςςόοου.

1949 2850 1967 2885 ²
2149 2853 2234 2908 Ea:
2260 2852 2506 2924 Epistola
2537 2856 2607 2910 ad
2639 2856 2904 2915 Ernesros
2933 2862 3106 2915 sancti
3129 2859 3332 2916 Icnnn
3366 2860 3585 2932 Deiferi.

1390 2914 1599 2965 φορου.

440 3002 654 3073 Μηδεὶς
700 3004 1013 3059 πλανάσθω.
1063 3007 1188 3061 Ἐὰν
1236 3011 1309 3081 μή
1357 3028 1440 3073 τις
1552 3012 1703 3075 ἐντὸς
1734 3012 1828 3066 τοῦ
1876 3012 1970 3065 θυ-

2145 3008 2339 3064 Nullus
2372 3017 2535 3065 erret.
2577 3008 2636 3064 Si
2686 3011 2811 3082 quis
2862 3028 2973 3068 non
3018 3021 3103 3069 est
3136 3014 3280 3069 intra
3324 3016 3519 3080 altare,
3560 3018 3656 3073 Dei

361 3094 715 3166 σπαστηρίου,
751 3095 1059 3166 ὑστερεῖται
1092 3098 1186 3152 τοῦ
1220 3101 1383 3172 ἄρτου
1418 3102 1509 3156 τοῦ
1543 3102 1699 3157 Θεοῦ.
1756 3105 1821 3158 Εἰ
1852 3105 1964 3178 γὰρ

2072 3117 2217 3171 pane
2268 3102 2535 3170 privatur.
2594 3101 2651 3156 Si
2693 3103 2837 3157 enim
2881 3105 3046 3159 unius
3097 3114 3151 3159 et
3202 3106 3428 3162 alterius
3481 3109 3659 3165 oratio

358 3184 493 3249 ἑνὸς
538 3187 632 3240 καὶ
676 3187 932 3260 δευτέρου
979 3192 1256 3263 προσευχὴ
1314 3195 1584 3267 τοσαύτην
1630 3196 1784 3267 ἰσχὺν
1828 3196 1963 3267 ἔχει,

2028 3201 2285 3267 tantum
2341 3192 2560 3248 virtutis
2610 3193 2793 3260 habet,
2832 3203 3042 3263 quanto
3091 3194 3267 3266 magis
3313 3196 3554 3267 episcopi
3603 3208 3659 3253 et

358 3278 524 3348 πόσῳ
576 3278 776 3350 μᾶλλον
825 3282 859 3351 ἦ
911 3299 970 3334 τε
1002 3283 1095 3336 τοῦ
1129 3285 1430 3339 ἐπισκόπου
1492 3265 1586 3341 καὶ
1635 3265 1816 3360 πάσης
1859 3265 1964 3360 τῆς

2016 3265 2249 3338 3omnis
2291 3282 2591 3339 Ecclesiae?
2641 3283 2745 3350 Qui
2794 3300 2925 3354 ergo
2983 3286 3148 3339 simul
3210 3302 3319 3341 non
3377 3289 3652 3357 convenit,

370 3366 745 3438 Ἐκκλησίας;
810 3370 870 3422 '0
915 3366 1009 3424 οῦν
1069 3375 1143 3446 μὴ
1197 3375 1492 3446 ἐρχόμενος
1550 3378 1643 3430 ἐπὶ
1700 3379 1759 3431 τὸ
1809 3379 1961 3443 αὐτὸ,

2072 3374 2161 3429 hic
2189 3374 2303 3444 jam
2353 3374 2624 3445 superbus
2653 3383 2756 3441 est,
2785 3390 2849 3430 ac
2879 3391 2938 3430 se
2980 3376 3159 3445 ipsum
3192 3377 3474 3446 dijudicat.
3506 3377 3655 3434 Scri-

355 3453 524 3522 οὗτος
568 3459 669 3531 ἤδη
722 3462 1086 3532 ὑπερηφανεῖ,
1131 3465 1222 3517 καὶ
1274 3466 1465 3519 ἑαυτὸν
1516 3467 1803 3538 διακρίνει.
1868 3467 1908 3518 Γ
1910 3466 1967 3520 έ-

2071 3474 2225 3535 ptum
2257 3473 2342 3520 est
2394 3468 2540 3520 enim
2572 3480 2584 3517 :
2623 3464 2761 3520 Deus
2809 3466 3048 3535 superbis
3082 3466 3308 3523 resistit.
3373 3464 3457 3518 Ad
3480 3463 3655 3537 Ephe-

354 3570 611 3631 γραπται
642 3556 734 3609 δέ⁸
783 3556 1218 3626 ’Υπερηφάνοις
1263 3562 1296 3612 ό
1332 3559 1476 3625 Θεὸς
1512 3559 1960 3615 ἀντιτάσσεται.
2074 3558 2207 3620 sios,
2234 3576 2349 3628 cap.
2382 3560 2436 3614 5.

1326 3709 1457 3765 IDEM
1497 3710 1656 3777 ibid.,
1720 3710 1829 3765 litt.
1878 3727 1939 3777 ε,
1973 3708 2057 3766 tit.
2088 3724 2279 3776 XLVIII,
2320 3726 2442 3779 pag.
2472 3708 2594 3776 779,
2635 3707 2694 3763 D.

900 3863 1060 3933 Πρὸς
1104 3864 1467 3919 ἘΦΕΣΙΟΥΣ.

1421 3865 1467 3916 Σ.
2659 3862 2741 3915 Ad
2774 3860 3057 3917 Epnnsms.

439 3998 843 4070 Σπουδάσωμεν
874 4042 901 4069 ε
906 3998 984 4070 μὴ
1036 3996 1458 4052 ἀντιτάσσεσθαι
1521 3995 1599 4067 τῷ
1651 3998 1955 4068 ὲπισκυπῳ,

2138 3998 2374 4069 Operam
2419 4013 2713 4068 ponamus,
2751 4008 2810 4052 ut
2854 4014 2962 4053 non
3004 3999 3264 4068 episcopo
3298 3997 3646 4066 resistamus,

361 4092 459 4145 ἵνα
491 4085 642 4161 ὦμεν
674 4089 794 4160 Θεῴ
827 4089 1296 4160 ὑποτασσόμενοι.
1344 4090 1454 4145 Καὶ
1498 4091 1621 4143 ὅσον
1656 4088 1843 4159 βλέπει
1875 4107 1961 4154 τις

2060 4100 2120 4145 ut
2160 4093 2336 4146 simus
2366 4089 2479 4143 Deo
2525 4089 2779 4158 subjecti.
2833 4087 2899 4142 Et
2942 4103 3053 4157 quo
3105 4088 3281 4158 magis
3315 4088 3644 4157 episcopum

357 4182 605 4252 σιγῶντα
650 4183 966 4247 ἐπίσκοπον,
1016 4182 1175 4235 πλέον
1207 4182 1371 4235 αὐτὸν
1418 4180 1707 4250 φοϐείσθω.
1771 4182 1958 4235 Πάντα

2059 4193 2326 4240 tacentem
2359 4183 2484 4253 quis
2509 4182 2676 4249 videt,
2710 4196 2775 4236 eo
2800 4182 2923 4250 plus
2959 4183 3138 4251 ipsum
3171 4183 3380 4237 timeat.
3412 4179 3645 4235 Omnem

355 4278 472 4349 γὰρ
506 4276 563 4331 ὃν
597 4277 807 4345 πέμπει
852 4276 880 4329 ὁ
911 4275 1298 4347 οἰκοδεσπότης
1329 4277 1408 4338 είς
1448 4276 1582 4328 ἰδίαν
1615 4275 1948 4346 οἰκονομίαν,

2056 4277 2204 4332 enim
2241 4292 2405 4347 quem
2440 4275 2835 4346 paterfamilias
2876 4275 2942 4328 ad
2980 4288 3135 4329 suam
3172 4274 3643 4343 dispensationem

356 4368 535 4432 οὕτως
580 4370 662 4422 δεῖ
704 4369 853 4439 ἡμᾶς
897 4368 1169 4440 δέχεσθαι,
1203 4368 1278 4433 ὡς
1311 4369 1473 4422 αὐτὸν
1509 4368 1608 4436 ,τὸν
1642 4368 1948 4437 πέμποντα.

2058 4371 2246 4435 mittit,
2286 4370 2367 4424 sic
2408 4386 2510 4424 nos
2548 4377 2764 4438 oportet
2791 4367 3037 4436 recipere
3066 4368 3216 4422 velut
3246 4367 3425 4436 ipsum
3476 4381 3647 4435 aquo

358 4460 470 4513 Τὸν
502 4459 632 4528 γοῦν
664 4460 980 4525 ἐπίσκοπον,
1012 4460 1087 4525 ὠς
1118 4461 1282 4516 αὐτὸν
1298 4462 1388 4515 τὸν
1420 4461 1625 4534 Κύριον
1658 4460 1741 4512 δεῖ
1772 4476 1951 4531 προσ-

2060 4464 2314 4517 mittitur.
2351 4460 2655 4531 Episcopus
2703 4462 2888 4529 itaque
2934 4460 3107 4529 aspici
3137 4460 3300 4514 debet
3336 4460 3415 4515 uti
3453 4458 3644 4514 Domi-

358 4551 606 4606 ϐλέπειν.

2059 4568 2165 4607 nus
2196 4552 2332 4622 ipse.
2362 4551 2445 4603 Ad
2470 4549 2672 4621 Ephes.
2703 4566 2857 4620 capp.
2887 4551 2920 4604 5
2948 4560 2997 4603 et
3020 4550 3073 4604 6.

433 4669 534 4727 Hic
562 4672 739 4739 locus,
771 4675 1052 4731 nonnullis
1078 4674 1335 4745 demptis,
1366 4675 1599 4746 aliisque
1635 4674 1828 4731 leviter
1856 4675 2182 4738 immutatis,
2215 4674 2459 4729 occurrit
2488 4673 2711 4741 ibidem,
2737 4688 2860 4744 pag.
2883 4671 3007 4740 750,
3039 4670 3102 4726 D.

1324 4826 1455 4882 IDEM
1488 4828 1646 4897 ibid.,
1695 4828 1807 4887 litt.
1836 4845 1906 4894 at,
1953 4828 2036 4881 tit.
2075 4844 2260 4895 Lxxv1,
2296 4843 2419 4897 pag.
2448 4825 2573 4893 772,
2618 4824 2682 4880 C.

374 4981 481 5042 Ἐκ
516 4982 627 5055 τῆς
662 4984 813 5058 πρός
840 4981 1207 5058 ἘΦΕΣΙΟΥΣῨ
1236 4986 1602 5055 Ἐπιστολῆς
1638 4987 1744 5042 τοῦ
1776 4987 1948 5058 ἁγίου
1980 4993 2010 5048 Ε

1927 5005 1948 5041 ν
1980 4993 2025 5048 Ι)
2126 4986 2211 5041 Ea:
2244 4988 2416 5043 sancti
2439 4986 2648 5043 [cum]
2681 4987 2885 5057 Dei/eri
2909 4986 3154 5058 Epistola
3178 4988 3247 5041 ad
3278 4986 3563 5043 Eruesms.

740 5057 1080 5110 ἸΓΝΑΤΙΟΥ
1116 5057 1221 5110 τοῦ
1258 5059 1577 5126 Θεοφόρου.

431 5167 575 5232 Τοὺς
609 5155 914 5241 μερισμοὺς
946 5168 1178 5239 φεύγετε
1198 5210 1212 5235 ,
1245 5168 1320 5233 ὡς
1351 5171 1527 5244 ἀρχὴν
1558 5170 1766 5225 κακῶν.
1814 5172 1952 5225 Εἰώ-

2124 5158 2319 5229 Fugite
2370 5160 2706 5227 divisiones,
2752 5161 2833 5215 uti
2879 5161 3150 5216 malorum
3203 5162 3378 5216 initia.
3450 5161 3640 5218 Solent

366 5259 494 5314 θασί
523 5278 671 5324 τινες
700 5260 837 5331 δόλῳ
868 5260 1091 5332 πονηρῷ
1133 5260 1195 5314 τὸ
1226 5260 1397 5332 ὄνομα
1429 5264 1667 5335 Χριστοῦ
1719 5265 1947 5337 περιφέ-

2052 5251 2223 5321 aliqui
2267 5251 2414 5304 malo
2457 5250 2583 5304 dolo
2612 5250 2821 5306 Christi
2865 5266 3066 5306 nomen
3108 5250 3484 5317 circumferre,
3533 5252 3639 5308 alia

366 5368 503 5423 ρειν,
558 5350 693 5404 ἄλλα
726 5349 849 5405 τινὰ
901 5351 1239 5422 πράσσοντες
1286 5351 1481 5417 ἀνάξια
1531 5351 1690 5419 Θεοῦ,
1743 5354 1837 5418 οὒς
1868 5355 1951 5408 δεῖ

2050 5342 2302 5410 quaedam
2359 5340 2580 5411 indigna
2619 5338 2731 5395 Deo
2786 5340 3098 5397 iactitantes
3149 5360 3161 5394 :
3209 5357 3239 5396 a
3291 5341 3495 5411 quibus
3535 5358 3634 5396 vos

364 5440 510 5511 ὑμᾶς
539 5439 614 5503 ὼς
645 5437 811 5513 θηρία
844 5440 1129 5495 ἐκκλίνειν.
1165 5440 1287 5493 Εἰσὶ
1310 5442 1418 5512 γὰρ
1451 5443 1612 5508 κύνες
1642 5445 1945 5509 λυσσῶντες

2051 5442 2265 5502 Oportet
2299 5444 2560 5504 tanquam
2597 5449 2627 5487 a
2662 5434 2794 5488 feris
2824 5432 3122 5487 declinare.
3175 5432 3316 5485 Sunt
3356 5434 3503 5486 enim
3546 5448 3636 5485 ra-

361 5526 761 5602 λαθρόδηκταιο
795 5530 890 5595 οὓς
919 5531 1001 5585 δεῖ
1032 5532 1175 5604 ὑμᾶς
1208 5531 1597 5602 φυλάσσεσθαι,
1631 5535 1790 5599 ὄντας
1821 5536 1944 5590 δυσ-

2051 5526 2193 5580 ὺίοει
2231 5541 2398 5581 canes
2438 5526 2577 5583 clam
2613 5525 2967 5580 mordentes:
3007 5541 3038 5580 a
3071 5526 3273 5595 quibus
3300 5539 3397 5579 vos
3424 5524 3634 5579 debetis

364 5620 757 5685 θεοαπεύτους.

2050 5633 2273 5686 cavere,
2319 5634 2419 5674 ceu
2464 5619 2559 5690 qui
2604 5618 2821 5674 ditﬁcile
2858 5612 3267 5674 mansuescant.
3312 5616 3395 5670 Ad
3426 5616 3625 5686 Ephes.

2050 5730 2165 5782 cap.
2196 5713 2248 5767 7.

442 5824 525 5883 Ad
560 5823 708 5880 hunc
744 5823 923 5881 locum
952 5824 1034 5881 Cl.
1068 5825 1305 5891 Leonum
1340 5827 1566 5884 adnotat
1595 5827 1776 5885 minus
1808 5839 1974 5900 recte,
2002 5846 2078 5887 vel

2002 5832 2162 5889 verba
2194 5831 2318 5902 ista,
2349 5833 2474 5897 τοὺς
2508 5832 2805 5905 ιιερισμοῦς
2832 5831 3082 5903 φεύγετε,
3115 5831 3189 5896 ὡς
3219 5829 3393 5903 ἀρχὴν
3421 5824 3628 5896 κακῶν,
