4142 6450
425 399 540 458 957
1676 403 2108 460 FRAGMENTA
2151 404 2479 460 GENUINA.
3604 401 3710 457 958

421 522 569 577 Θεοῦ
610 521 674 576 οὐ
725 522 1244 596 κληρονομήσουσιν.
1300 523 1364 576 El
1413 518 1505 577 οὖν
1561 526 1610 577 οἱ
1659 525 1800 578 κατά
1843 525 2057 596 σάρκα,

2079 538 2098 587 ι
2127 543 2246 579 rum
2282 541 2506 596 regnum
2537 523 2633 577 Dei
2665 539 2773 577 non
2813 521 3191 592 possidebunt.
3223 520 3280 574 Si
3312 533 3441 592 ergo
3471 520 3564 590 qui
3596 521 3715 575 haec

423 616 604 683 ταῦτα
641 615 944 687 πάσχοντες
983 615 1347 686 ἀπέθνησκον,
1387 617 1538 686 πόσῳ
1575 616 1774 686 μᾶλλον
1803 616 1898 670 ἐὰν
1934 618 2026 670 πί-

2124 617 2427 672 secundum
2473 632 2692 671 carnem
2733 616 3037 685 patiuntur,
3067 613 3271 667 mortui
3313 621 3475 677 sunt;
3507 621 3713 681 quanto

424 723 550 760 στιν
573 708 629 759 ὲν
651 707 1107 778 κακοδιδασκαλίᾳ
1141 707 1330 778 φθερεῖ
1357 707 1483 778 [leg.
1511 694 1752 779 :pOeipn],
1792 709 1930 778 ὑπὲρ
1959 704 2026 778 ἦς

2125 710 2301 779 magis
2342 710 2388 764 si
2441 708 2602 763 tidem
2636 708 2815 761 aliena
2847 705 3094 761 doctrina
3145 701 3456 768 labefactet,
3493 710 3714 770 prepter

439 797 654 869 Ἰησοῦς
706 798 943 869 Χριστὸς
995 799 1353 872 ὲσταυρώθη;
1411 801 1534 853 Ὅτι
1574 793 1730 863 οὗτος
1783 800 2025 871 ῥυπαρὸς

2122 817 2286 869 quam
2321 798 2482 855 Jesus
2512 799 2769 853 Christus
2815 796 3112 851 cruciﬁxus
3155 794 3275 850 cst?
3312 792 3584 859 Quoniam
3625 793 3713 847 hic

423 889 744 960 γενόμενος,
772 892 852 953 είς
881 889 940 942 τὸ
985 889 1096 962 πῦρ
1139 890 1198 944 τὸ
1233 889 1497 944 ἄσϐεστον
1530 892 1790 961 χωρήσει,
1821 889 2023 961 ὁμοίως

2105 901 2399 948 :contracta
2451 891 2647 956 sorde,
2703 889 2760 942 in
2819 888 2999 958 ignem
3062 885 3451 940 inexstinctum
3505 883 3709 950 abibit,

421 981 526 1033 καὶ
552 983 581 1048 ό
608 981 823 1036 ἁκούων
846 979 1032 1035 αὑτοῦ.

2119 985 2584 1056 quemadmodum
2623 992 2678 1040 et
2712 983 2808 1054 qui
2845 983 3027 1051 ipsum
3061 981 3354 1037 auscultat.
3387 979 3468 1034 Ad
3506 977 3707 1050 Ephes.

2118 1099 2234 1152 cap.
2271 1082 2357 1136 16.

1287 1261 1420 1316 lat-zu
1442 1260 1599 1328 ibid.,
1631 1261 1740 1316 litt.
1772 1279 1822 1327 ε,
1851 1263 1936 1315 tit.
1969 1253 2157 1330 XLVIII,
2182 1278 2304 1332 pag.
2339 1258 2464 1328 779,
2503 1258 2563 1328 E,
2595 1259 2717 1328 780,
2750 1259 2816 1312 Α.

723 1414 834 1470 Τοῦ
855 1415 1042 1470 αὐτοῦ
1074 1416 1224 1485 πρὸς
1251 1416 1717 1470 ΜΑΓΝΗΣΙΟΥΣ.

1611 1417 1717 1470 ΥΣ.
2568 1414 2820 1485 Ejusdem
2847 1414 2914 1468 ad
2941 1413 3243 1468 MAGNESIOS

491 1530 590 1593 Εἰς
619 1530 782 1602 τιμὴν
807 1529 943 1584 Θεοῦ
965 1529 1059 1585 τοῦ
1079 1530 1406 1604 θελήσαντος
1432 1533 1601 1604 ἡμᾶς,
1635 1533 1844 1605 πρέπον
1868 1535 2018 1588 ἐστὶν

2192 1532 2250 1587 In
2284 1534 2550 1589 honorem
2601 1531 2699 1586 Dei
2741 1532 2835 1602 qui
2898 1546 2998 1586 nos
3040 1530 3175 1594 vult,
3236 1529 3438 1584 decens
3468 1537 3552 1583 est
3606 1543 3709 1584 nos

415 1622 722 1676 ὑπακούειν
761 1621 838 1693 τῷ
886 1624 1171 1695 ὲπισκόπῳ
1213 1623 1356 1678 κατά
1397 1607 1668 1696 μηδεμίαν
1703 1627 2012 1699 ὑπόκρισιν.

2118 1626 2379 1696 episcopo
2436 1624 2557 1681 sine
2613 1626 2965 1682 simulatione
3015 1623 3260 1679 obedire.
3314 1620 3456 1688 Quia
3504 1637 3711 1690 nequa—

428 1711 588 1766 Ἐπεὶ
614 1712 736 1783 οὐχὶ
755 1713 846 1767 τὸν
877 1713 1174 1768 ἐπίσκοπον
1195 1713 1381 1769 τοῦτον
1407 1713 1499 1768 τὸν
1523 1714 1851 1787 βλεπόμενον
1881 1715 2018 1771 πλα-

2119 1736 2284 1791 quam
2335 1721 2655 1792 episcopum
2711 1721 2858 1774 hunc
2892 1719 2986 1789 qui
3017 1719 3196 1772 oculis
3230 1717 3468 1781 videtur,
3501 1715 3711 1771 seducit

411 1807 485 1876 νᾷ
504 1823 610 1870 τις,
640 1804 778 1860 ἀλλὰ
812 1805 904 1860 τὸν
935 1807 1168 1880 ἀόρατον
1192 1805 1616 1879 παραλογίζεται
1645 1809 1798 1862 Θεόν.
1833 1807 1924 1880 Τῷ
1955 1808 2014 1862 δὲ

2119 1813 2416 1885 quispiam,
2449 1815 2547 1870 sed
2584 1813 2913 1868 invisibilem
2957 1811 3130 1867 Deum
3169 1811 3354 1866 fallere
3384 1819 3560 1881 putat.
3593 1809 3711 1864 Tali

411 1897 669 1970 τοιούτῳ,
699 1898 762 1952 οὐ
789 1898 926 1970 πρὸς
967 1899 1143 1971 σάρκα
1166 1900 1194 1951 ὁ
1215 1899 1392 1967 λόγος,
1419 1897 1557 1953 ἀλλά
1596 1900 1732 1972 πρὸς
1766 1900 1899 1954 Θεὸν
1925 1901 2016 1954 τὸν

2119 1914 2304 1961 autem
2353 1906 2496 1971 viro,
2549 1920 2659 1959 non
2715 1907 2784 1960 ad
2840 1920 3063 1960 carnem
3126 1919 3310 1960 sermo
3352 1911 3456 1969 est,
3500 1901 3596 1955 sed
3642 1900 3710 1955 ad

411 1989 484 2042 τὰ
517 1990 734 2060 κρυπτά
763 1991 963 2044 εἰδότα.
996 1991 1213 2064 Πρέπον
1246 1986 1338 2044 οὖν
1373 1993 1510 2055 ἐστι,
1541 1991 1616 2063 μὴ
1650 1994 1809 2062 μόνον
1834 1992 2017 2047 καλεῖ-

2118 1997 2287 2053 Deum
2319 1997 2414 2068 qui
2466 1997 2679 2052 occulta
2723 1997 2920 2051 cernit.
2964 1994 3237 2062 Quocirca
3276 2001 3711 2049 consentaneum

414 2079 545 2133 σθαι
574 2081 956 2152 Χριστιανοὺς,
999 2083 1136 2138 ἀλλά
1169 2085 1264 2138 καὶ
1308 2079 1466 2138 εἶναι·
1514 2085 1705 2158 ὥσπερ
1747 2085 1839 2139 καί
1869 2103 2014 2150 τινες
2047 2085 2050 2092 “

2070 2086 2089 2139 ἲ
2115 2100 2219 2156 est,
2247 2100 2305 2144 ut
2337 2106 2446 2144 non
2477 2089 2653 2144 solum
2679 2088 2980 2143 Christiani
3009 2103 3294 2152 vocemur,
3324 2101 3514 2140 verum
3543 2085 3706 2138 etiam

415 2170 720 2224 ἐπίσκοπον
744 2173 842 2242 μὲν
871 2172 1145 2240 καλοῦσιν,
1167 2176 1338 2247 χωρὶς
1361 2176 1416 2228 δὲ
1438 2175 1602 2229 αὑτοῦ
1630 2176 1806 2229 πάντα
1838 2175 2016 2248 πράσ-

2118 2177 2323 2251 simus;
2355 2200 2465 2254 quo
2504 2199 2700 2253 nempe
2735 2183 2896 2236 modo
2927 2181 3096 2250 aliqui
3137 2180 3452 2250 episcopum
3488 2179 3706 2247 quidem

413 2279 626 2316 σουσιν.
671 2265 731 2317 Οἱ
767 2264 995 2320 τοιοῦτοι
1040 2267 1140 2320 οὐκ
1182 2268 1546 2339 εύσυνείδητοί
1591 2287 1680 2340 μοι
1711 2268 2009 2338 φαίνονται,

2116 2284 2333 2340 vocant,
2365 2284 2561 2330 cuncta
2602 2289 2729 2329 vero
2764 2272 2882 2328 sine
2923 2272 3042 2341 ipso
3079 2279 3367 2341 peragunt.
3411 2269 3453 2321 Τ
3461 2269 3574 2323 ales
3605 2283 3707 2320 au—

407 2353 503 2407 διὰ
529 2355 591 2408 τὸ
624 2355 699 2427 μὴ
725 2356 956 2427 βεϐαίως
986 2359 1107 2412 κατ’
1135 2359 1356 2430 ἐντολὴν
1385 2361 1850 2432 συναθροίζεσθαι.

2113 2376 2224 2424 tem
2253 2367 2386 2422 mihi
2409 2367 2566 2421 bona:
2587 2364 2942 2420 conscientiae
2975 2378 3081 2416 non
3106 2376 3229 2416 esse
3263 2360 3537 2423 videntur,
3577 2357 3707 2426 quia

2111 2474 2224 2513 non
2253 2457 2481 2512 ﬁrmiter
2509 2455 2816 2511 secundum
2837 2455 3157 2510 mandatum
3174 2459 3588 2525 congregantur
3625 2450 3708 2503 Ad

2109 2550 2352 2621 Magnes.
2387 2564 2539 2619 capp.
2565 2549 2600 2604 '5
2631 2557 2684 2602 et
2713 2548 2769 2603 4.

1539 2707 1672 2762 [neu
1700 2707 1861 2775 ibid.,
1891 2723 2009 2778 cap.
2044 2704 2177 2776 Περὶ
2207 2703 2581 2774 φιλαδελφίας.

486 2859 698 2924 Πάντες
717 2859 1016 2933 ὁμοήθειαν
1049 2859 1186 2915 Θεοῦ
1219 2860 1496 2927 λαϐόντες,
1533 2863 1796 2936 ἀλλήλους
1827 2864 2013 2935 ἐντρέ-

2185 2862 2389 2916 Omnes
2423 2863 2663 2930 acceptis
2693 2859 2888 2916 iisdem
2917 2859 3116 2916 divinis
3146 2859 3419 2923 moribus,
3458 2873 3556 2912 vos
3587 2873 3706 2910 mu-

407 2951 604 3017 πεσθε,
628 2953 722 3005 καὶ⁵
750 2953 940 3024 μηδεὶς
968 2954 1110 3007 κατά
1143 2953 1322 3028 σάρκα
1353 2955 1598 3025 βλεπέτω
1629 2956 1719 3010 τὸν
1758 2956 2007 3027 πλησίον,

2113 2962 2210 3008 tuo
2235 2954 2632 3018 revereamini;
2665 2961 2720 3008 et
2768 2969 2929 3007 nemo
2985 2954 3288 3009 secundum
3324 2961 3544 3012 carnem
3590 2965 3707 3019 spe

405 3046 527 3102 ἀλλ’
545 3047 605 3100 ἐν
632 3045 856 3116 Χριστῷ
880 3045 1143 3118 ἀλλήλους
1169 3046 1462 3111 διαπαντὸς
1489 3049 1760 3118 ἀγαπᾶτε.

2115 3055 2224 3100 etet
2253 3046 2592 3116 proximum,
2619 3047 2714 3102 sed
2749 3046 2806 3101 in
2837 3046 3062 3101 Christo
3082 3061 3182 3101 vos
3223 3043 3459 3100 invicem
3491 3057 3707 3112 semper

2028 3145 2070 3202 (ς
2105 3137 2336 3208 diligite.
2368 3138 2452 3192 Ad
2481 3137 2725 3211 Magnes.
2753 3156 2873 3209 cap.
2907 3139 2960 3192 6.

488 3307 614 3365 Haec
641 3310 837 3366 recitat
867 3309 1216 3368 Εοτειειιιυε
1258 3310 1314 3366 in
1357 3311 1504 3368 notis
1555 3311 1624 3367 ad
1655 3313 1805 3368 hunc
1834 3313 2036 3381 locum,
2087 3329 2155 3369 ex
2189 3313 2481 3370 Paratlelis
2533 3315 3000 3386 Rupefucaldinis,
3060 3323 3194 3373 tunc
3231 3314 3414 3370 adhuc
3463 3313 3704 3379 incditis,

413 3401 725 3473 descripta;
755 3417 880 3474 qua:
914 3412 1095 3458 tamen
1123 3403 1313 3459 omisit
1335 3404 1392 3459 in
1422 3404 1685 3475 praeclara
1711 3422 1812 3460 sua
1834 3406 2074 3463 editione
2102 3405 2186 3464 Cl.
2215 3406 2475 3471 LEQUIEN.

1405 3581 1537 3638 locu
1571 3582 1729 3652 ibid.,
1760 3584 1868 3638 litt.
1895 3602 1942 3651 ε,
1971 3583 2056 3643 tit.
2084 3599 2276 3651 XLVIII,
2312 3603 2438 3657 pag.
2478 3587 2601 3656 780,
2631 3587 2698 3640 A.

973 3740 1208 3812 Ἐκτῆς
1236 3743 1444 3814 αὐτῆς.

1425 3767 1444 3800 ι.
2739 3745 2827 3800 Ea:
2859 3747 3061 3802 eadem.

477 3858 664 3930 Μηδὲν
703 3857 846 3912 ἔστω
892 3859 952 3910 ὲν
986 3856 1116 3927 ὑμῖν
1159 3855 1188 3908 ὃ
1235 3856 1524 3928 δυνήσεται
1570 3857 1717 3928 ὑμᾶς
1759 3857 2002 3930 μερίσαι,

2180 3859 2327 3920 Nihil
2358 3863 2429 3917 sit
2457 3860 2516 3915 in
2545 3859 2703 3916 vobis
2731 3860 2880 3928 quod
2918 3875 3019 3916 vos
3044 3860 3363 3932 disjungere
3388 3870 3575 3931 queat,
3604 3862 3700 3917 sed

401 3949 523 4008 ἀλλ’
545 3951 783 4024 ὲνώθητε
818 3950 896 4022 τῷ
925 3949 1212 4020 ἐπισκόπῳ
1241 3949 1337 4002 καὶ
1376 3952 1489 4014 τοῖς
1541 3951 2002 4024 προκαθημένοις,

2109 3953 2449 4023 copulamini
2489 3967 2616 4008 cum
2648 3951 2910 4022 episcopo
2940 3959 2995 4006 et
3022 3951 3091 4007 iis
3135 3952 3229 4022 qui
3264 3952 3581 4022 prmsident,
3613 3967 3702 4007 se-

400 4045 489 4107 είς
516 4044 680 4098 τόπον
721 4042 816 4097 καὶ
859 4042 1080 4113 διδαχὴν
1113 4039 1446 4114 ἀφθαρσίας.
1484 4043 1692 4115 Ὥσπερ
1718 4040 1810 4096 οὖν
1830 4046 1859 4098 ὁ
1886 4042 2004 4096 Κύ-

2109 4046 2351 4102 cundum
2370 4059 2620 4100 normam
2642 4041 3016 4098 etdoctrinam
3034 4035 3701 4112 incorruptionis.QueIn-

405 4150 526 4206 ριος
548 4134 706 4206 ἡμῶν
733 4133 863 4188 ἄνευ
893 4131 987 4186 τοῦ
1018 4132 1234 4204 Πατρὸς
1274 4132 1429 4186 οὐδὲν
1466 4135 1743 4207 ἐποίησεν,
1777 4134 1901 4189 οὔτε
1935 4134 2003 4189 δι’

2115 4136 2412 4193 admodum
2446 4135 2614 4207 igitur
2655 4133 2926 4190 Dominus
2975 4143 3164 4188 noster
3223 4133 3361 4186 nihil
3393 4133 3513 4187 sine
3540 4131 3701 4188 Patre

400 4225 630 4291 ἑαυτοῦ,
667 4225 790 4279 οὔτε
817 4225 906 4279 διὰ
941 4224 1051 4278 τῶν
1093 4223 1432 4292 ἀποστόλων,
1470 4225 1644 4290 οὕτως
1677 4227 1813 4299 μηδὲ
1845 4229 2006 4299 ὑμεῖς

2113 4229 2302 4303 gessit,
2333 4244 2511 4299 neque
2535 4243 2632 4299 per
2657 4227 2924 4297 seipsum,
2952 4241 3130 4296 neque
3154 4240 3251 4296 per
3269 4224 3576 4295 apostolos;
3619 4224 3701 4279 sic

400 4317 536 4373 ἄνευ
563 4316 656 4371 τοῦ
680 4318 980 4372 ἐπισκόπου
1011 4317 1178 4388 μηδὲν
1202 4316 1499 4390 πράσσετε,
1536 4319 1672 4391 μηδὲ
1703 4320 2002 4394 πειράσητε

2109 4338 2289 4394 neque
2327 4337 2428 4377 vos
2464 4321 2585 4377 sine
2633 4320 2890 4391 episcopo
2935 4326 2991 4374 et
3028 4317 3360 4389 presbyteris
3396 4316 3699 4386 quidquam

401 4407 626 4479 εὔλογόν
661 4426 711 4462 τι
741 4407 1026 4478 φαίνεσθαι
1063 4409 1169 4481 ἰδίᾳ
1191 4410 1343 4481 ὑμῖν.

2107 4413 2312 4484 agatis;
2346 4428 2524 4483 neque
2543 4410 2765 4466 tentetis
2791 4408 3077 4479 quidpiam
3106 4407 3256 4478 quod
3280 4406 3437 4461 vobis
3465 4405 3696 4462 seorsim

2105 4521 2324 4576 acquum
2347 4513 2629 4577 appareat.
2659 4504 2744 4559 Ad
2769 4502 3015 4574 Magnes.
3040 4516 3195 4571 capp.
3228 4500 3262 4554 6
3297 4509 3346 4554 et
3384 4498 3435 4552 7.

1422 4639 1558 4698 IDEM
1591 4641 1751 4710 ibid.,
1785 4641 1892 4699 ιὶιι.
1919 4662 1980 4709 π,
2015 4649 2100 4699 tit.
2135 4661 2265 4710 xxv,
2293 4662 2418 4716 pag.
2453 4645 2580 4712 785,
2610 4644 2675 4701 C.

543 4796 638 4854 Ἐκ
676 4798 786 4869 τῆς
826 4799 980 4869 πρὸς
1014 4772 1478 4929 ⁹ἲνὲξῗΓΝΗλΣ]οΥΣ
1523 4805 1630 4860 τοῦ
1679 4807 1864 4861 αὐτοῦ

1120 4890 1186 4929 ισ
1188 4893 1254 4928 το
1299 4896 1394 4929 710.

1805 4807 1864 4861 οὗ
2363 4808 2450 4862 Ea;
2481 4807 2727 4878 Epistola
2755 4806 2989 4876 ejusdem
3012 4803 3081 4857 ad
3113 4801 3441 4856 Macnasros.

1120 4890 1394 4945 ιστονιης.

471 4984 752 5056 Μάθωμεν
802 4986 945 5040 κατά
989 4987 1421 5060 Χριστιανισμὸν
1476 4991 1596 5062 ζῇν.
1647 4993 1837 5056 Ὅστις
1887 4991 1995 5063 γὰρ

2168 4985 2457 5042 Discamus
2487 4984 2792 5041 secundum
2835 4979 3320 5037 Christianismum
3358 4976 3560 5029 vivere.
3587 4973 3691 5040 Qui

395 5077 546 5147 ἄλλῳ
592 5078 1108 5161 ὀνόματικαλείται
1152 5079 1338 5135 πλεῖον
1379 5081 1591 5148 τούτου,
1621 5084 1722 5137 οὐκ
1756 5082 1873 5136 ἔστι
1899 5082 1994 5136 τοῦ

2094 5081 2242 5134 enim
2275 5079 2382 5133 alio
2416 5077 2559 5132 ultra
2595 5077 2821 5132 nomine
2865 5080 3117 5139 vocatur,
3160 5085 3269 5124 non
3313 5076 3400 5124 est
3438 5067 3554 5122 Dei.
3606 5069 3686 5121 Ad

393 5168 555 5224 Θεοῦ.

2094 5172 2338 5244 Magnes.
2371 5187 2487 5240 cap.
2518 5168 2606 5223 10.

1409 5343 1542 5407 bim
1571 5351 1728 5419 ibid.,
1755 5351 1865 5407 litt.
1885 5370 1934 5417 ε,
1975 5354 2059 5407 tit.
2087 5366 2276 5416 vauI,
2310 5308 2598 5420 pag.-730,
2629 5345 2689 5403 Β.

1016 5510 1128 5565 Τοῦ
1165 5510 1372 5565 αὐτοῦ.
2227 5546 2232 5550 -

2227 5546 2232 5550 .
2755 5503 3033 5574 Ejusdem.

464 5625 646 5678 Τέκνα
669 5623 848 5693 φωτὸς
878 5622 1158 5694 ἀληθείας,
1184 5621 1415 5693 φεύγετε
1448 5622 1539 5677 τὸν
1573 5623 1863 5698 μερισμὸν,
1891 5625 1987 5679 καὶ

2167 5624 2294 5680 Filii
2331 5623 2472 5680 lucis
2509 5620 2779 5686 veritatis,
2821 5617 2996 5689 fugite
3039 5615 3368 5672 divisionem
3406 5621 3463 5670 et
3511 5611 3685 5668 malas

389 5719 491 5782 τὰς
520 5714 1027 5778 κακοδιδασκαλίας.
1067 5717 1239 5772 Ὅπου
1269 5715 1328 5772 δὲ
1353 5716 1620 5788 ὁ⁹ποιμήν
1659 5719 1826 5785 ἐστιν,
1867 5720 1985 5772 ἐκεῖ

2090 5719 2390 5774 doctrinas.
2436 5714 2541 5770 Ubi
2587 5723 2772 5768 autem
2832 5722 2916 5767 est
2967 5719 3177 5780 pastor,
3237 5708 3367 5764 illuc
3421 5715 3683 5775 tanquam

387 5813 467 5873 ὡς
494 5808 745 5880 προϐατα
774 5806 1135 5863 ἀκολουθεῖτε.

2090 5827 2219 5870 oves
2248 5809 2562 5883 sequimini.
2604 5809 2688 5862 Ad
2717 5805 3063 5877 Philadclph.
3093 5817 3212 5872 cap.
3245 5801 3299 5855 2.
