4142 6448
427 393 531 449 959
1222 391 1312 445 AD
1357 390 1738 448 EPISTOLAS
1780 394 1837 449 S.
1877 394 2135 453 IGNATII
2167 395 2518 454 GENUINAS
2555 397 2913 453 APPENDIX.
3056 388 3061 389 ί
3580 404 3686 460 960

1426 597 1556 653 los!
1592 600 1748 665 ibid.,
1774 600 1882 655 litt.
1909 618 1963 666 α,
1992 602 2075 656 tit.
2104 618 2287 667 LXXVI,
2312 619 2434 671 pag.
2466 602 2591 665 775,
2616 603 2681 656 Α.

697 752 781 805 Ex
804 750 1049 823 Epistula
1076 754 1144 807 ad
1170 752 1716 807 PHIDADELPHIENSES.
2024 768 2072 823 Α
2218 756 2314 808 Ἐκ

2024 768 2072 823 Α
2218 756 2314 808 Ἐκ
2346 755 2457 823 τῆς
2486 757 2636 823 πρὸς
2660 757 3158 811 ΦΙΛΑΔΕΛΦΙΟΥΣ
3199 759 3555 828 Ἐπιστολῆς

492 869 540 923 Α
586 868 745 923 malis
795 867 982 921 herbis
1032 868 1317 931 abstinete,
1375 881 1513 935 quas
1546 865 1706 921 Jesus
1748 866 2001 920 Christus

2190 864 2481 936 Ἀπέχεσθε
2514 864 2622 917 τῶν
2668 865 2852 919 κακῶν
2900 866 3157 935 βοτανῶν,
3198 860 3271 921 ὧν
3300 868 3535 940 Χριστὸς
3582 868 3687 941 Ἰη-

424 975 533 1015 non
560 960 712 1024 colit,
745 969 1030 1029 propterea
1069 960 1215 1028 quod
1261 974 1369 1012 non
1420 958 1523 1027 ipsi
1568 966 1698 1013 sunt
1736 957 2000 1026 plantalio

2105 955 2232 1019 σοῦς
2260 957 2320 1008 οὐ
2344 956 2599 1025 γεωργεῖ,
2624 953 2710 1007 διὰ
2742 955 2801 1007 τὸ
2827 954 2900 1025 μὴ
2934 951 3072 1008 εἶναι
3108 957 3304 1020 αὐτοὺς
3344 959 3566 1027 φυτείαν
3592 960 3686 1021 τοῦ

422 1048 620 1104 Patris.
677 1046 755 1102 Ne
809 1050 1024 1115 erretis,
1070 1049 1268 1104 fratres
1318 1049 1457 1115 Inci;
1502 1048 1546 1103 si
1588 1049 1714 1117 quis
1754 1063 1878 1101 eum
1906 1047 1998 1116 qui

2105 1047 2336 1117 Πατρός.
2364 1045 2456 1115 Μὴ
2489 1044 2787 1108 πλανᾶσθε,
2817 1044 3034 1115 ἀδελφοί
3063 1064 3183 1117 μου’
3236 1049 3290 1100 εἴ
3329 1066 3411 1112 τις
3450 1048 3687 1120 σχίζοντι

422 1142 742 1196 scissionem
785 1140 914 1195 facit
978 1143 1246 1210 sequitur,
1289 1157 1516 1211 regnum
1558 1139 1649 1194 Dei
1690 1139 2003 1195 haereditate

1693 1139 2003 1195 haereditate
2103 1140 2403 1206 ἀκολουθεῖ,
2436 1140 2711 1210 βασιλείαν
2732 1140 2866 1193 Θεοῦ
2896 1142 2956 1194 οὐ
2989 1142 3329 1214 κληρονομεῖ.

422 1248 531 1287 non
563 1233 879 1303 possidebit.
907 1233 989 1286 Ad
1018 1232 1356 1303 Philadelph.
1382 1250 1501 1302 cap.
1533 1233 1587 1287 5.

1355 1391 1487 1446 IDEM
1520 1390 1677 1456 ibid.,
1704 1391 1810 1445 litt.
1844 1408 1890 1454 ε,
1929 1391 2014 1443 tit.
2042 1403 2232 1454 XLVIII,
2260 1405 2383 1458 pag.
2419 1386 2543 1452 780,
2572 1386 2634 1454 Β,
2662 1386 2704 1441 C

1072 1548 1347 1618 Ejusdem.

2718 1544 2830 1598 Τοῦ
2865 1543 3070 1597 αὐτοῦ.

492 1659 673 1715 Testis
709 1668 888 1713 autem
915 1660 1048 1713 mihi
1081 1670 1184 1728 est,
1212 1661 1265 1714 in
1293 1677 1402 1730 quo
1426 1661 1642 1715 vinctus
1676 1675 1819 1725 sum,
1860 1675 1998 1729 quo-

2172 1659 2398 1731 Μάρτυς
2441 1674 2541 1727 μου
2568 1657 2625 1709 ὲν
2649 1648 2693 1724 ᾧ
2722 1657 2963 1728 δέδεμαι,
2996 1660 3077 1711 ὅτι
3108 1657 3215 1712 ἀπὸ
3249 1658 3448 1731 σαρκὸς
3479 1659 3686 1731 ἀνθρω-

422 1752 571 1806 niam
613 1766 645 1805 a
695 1766 862 1805 carne
905 1750 1143 1805 humana
1176 1769 1286 1806 non
1325 1753 1574 1821 cognovi.
1608 1751 1843 1820 Spiritus
1868 1768 1997 1807 vero

2103 1748 2264 1817 πίνης
2308 1746 2407 1799 οὐκ
2454 1745 2643 1813 ἔγνων.
2698 1745 2770 1797 Τὸ
2812 1745 2871 1798 δὲ
2937 1746 3163 1817 Πνεῦμα
3216 1748 3487 1819 ἐκήρυσσε
3537 1749 3684 1803 τάδε’

422 1846 541 1901 haec
578 1844 920 1915 praedicavit:
945 1840 1075 1897 Sine
1112 1845 1369 1913 episcopo
1404 1846 1542 1899 nihil
1590 1846 1831 1910 faciatis;
1876 1861 1997 1901 car-

2102 1838 2287 1908 pr‘t;
2308 1837 2606 1889 ἐπισκόπου
2640 1836 2805 1906 μηδὲν
2830 1840 3051 1891 ποιεῖτε’
3097 1837 3191 1909 τὴν
3222 1840 3401 1909 σάρκα
3431 1838 3581 1909 ὑμῶν
3610 1839 3687 1903 ὡς

423 1953 548 1992 nem
609 1946 846 1991 vestram
900 1946 1157 2006 tanquam
1212 1937 1308 1992 Dei
1372 1940 1631 2007 templum
1689 1938 1996 2005 custodite;
2033 1986 2059 2040 Ι

2054 1988 2074 2040 3
2102 1928 2227 1983 ναὸν
2255 1927 2390 1981 Θεοῦ
2424 1928 2659 1998 τηρεῖτε
2710 1929 2805 2000 τὴν
2840 1928 3032 1982 ἕνωσιν
3066 1930 3335 1997 ἀγαπᾶτεο
3370 1932 3495 1993 τοὺς
3533 1948 3690 2002 μερι-

2115 2022 2229 2040 _,,,\
2263 2038 2274 2040 _
2343 2020 2582 2040 ,._,'s_s___
2637 2019 2862 2040 _-_._,_~__\
2913 2020 3118 2040 --l____ﬁ,,
3197 2022 3233 2040 II
3344 2020 3370 2031 "
3426 2025 3469 2040 υ
3634 2023 3661 2035 ὐ

423 2030 683 2084 unionem
750 2027 990 2098 diligite,
1051 2029 1348 2085 scissiones
1406 2030 1622 2098 fugite;
1692 2030 1998 2085 imitatores
2034 2019 2059 2040 ι

2051 2019 2074 2040 ’
2105 2022 2276 2091 σμοὺς
2335 2020 2584 2090 φεύγετεο
2634 2019 2867 2089 μιμηταὶ
2911 2020 3127 2089 γίνεσθε
3197 2020 3373 2093 Ἰησοῦ
3426 2023 3687 2094 Χριστοῦ,

421 2130 597 2176 estote
621 2119 747 2175 Jesu
785 2120 1008 2189 Christi,
1040 2121 1187 2177 velut
1221 2130 1277 2176 et
1310 2122 1424 2192 ipse
1459 2122 1654 2178 Patris.
1695 2124 1775 2176 Ad
1809 2122 1997 2176 Phila-

1310 2122 1424 2192 ipse
1459 2122 1654 2178 Patris.
1695 2124 1775 2176 Ad
1809 2122 1997 2176 Phila-
2104 2114 2180 2177 ὡς
2200 2113 2362 2176 αὐτὸς
2385 2112 2477 2166 τοῦ
2512 2111 2724 2182 Πατρὸς
2754 2108 2942 2165 αὐτοῦ.

422 2213 605 2283 delph.
644 2230 761 2283 cap.
793 2213 844 2268 7.

1842 2376 1971 2431 IDEII
2023 2376 2180 2443 ibid.,
2206 2374 2268 2430 Β.

1072 2530 1345 2600 Ejusdem.

2723 2531 2833 2585 Τοῦ
2866 2530 3073 2585 αὑτοῦ.

494 2640 723 2707 Quando
780 2643 1012 2713 subjecti
1057 2645 1190 2699 estis
1239 2646 1517 2715 episcopo,
1552 2644 1689 2700 mihi
1720 2645 2003 2713 videmini,

2182 2649 2347 2701 Ὅταν
2386 2648 2463 2719 τῷ
2502 2648 2785 2718 ὲπισκόπῳ
2830 2645 3233 2711 ὑποτάσσεσθε,
3274 2645 3525 2716 φαίνεσθέ
3576 2664 3704 2717 μοι,-

423 2748 536 2787 non
567 2734 870 2789 secundum
910 2736 1189 2790 hominem
1230 2737 1496 2803 viventes,
1558 2737 1653 2791 sed
1700 2736 2001 2791 secundum

2106 2741 2167 2794 οὐ
2202 2741 2343 2793 κατὰ
2372 2741 2658 2813 ἄνθρωπον
2689 2740 2909 2805 ζῶντες,
2954 2739 3089 2793 ἀλλὰ
3126 2739 3268 2795 κατὰ
3317 2738 3524 2811 Ἰησοῦν
3556 2740 3700 2812 Χρι-

423 2823 611 2881 Jcsum
646 2825 1053 2899 Christum,qui
1096 2828 1272 2884 nostri
1301 2844 1470 2885 causa
1513 2837 1764 2885 mortuus
1787 2836 1890 2884 est.
1918 2828 2001 2883 Ad

423 2912 596 2968 Trall.
638 2933 753 2968 can.
781 2918 835 2968 2.

1389 2844 1470 2884 Isa
1513 2837 1764 2885 mortuus
1787 2836 1890 2884 est.
1918 2828 2001 2883 Ad
2110 2830 2253 2896 στὸν,
2279 2830 2369 2883 τὸν
2398 2830 2464 2884 δι’
2498 2832 2645 2901 ἡμᾶς
2669 2829 3025 2884 ἀποθανόντα.

423 2912 596 2970 Trall.
638 2933 753 2988 cap.
781 2918 835 2972 2.

1412 3076 1545 3132 locu
1580 3078 1731 3145 tbid.,
1765 3078 1872 3132 litt.
1898 3096 1951 3143 α,
1979 3078 2063 3132 tit.
2094 3093 2280 3145 mm,
2312 3095 2435 3149 pag.
2469 3077 2593 3143 772,
2623 3076 2690 3133 Ε.

798 3230 885 3286 Ex
909 3231 1157 3302 Epistola
1180 3234 1248 3287 ad
1274 3232 1640 3289 TRALLENSES.
2041 3246 2083 3303 α
2237 3234 2331 3287 Ἐκ
2364 3234 2434 3302 τῆ

2041 3246 2083 3303 α
2237 3234 2331 3287 Ἐκ
2364 3234 2473 3302 τῆς
2506 3232 2655 3301 πρὸς
2688 3233 3174 3287 ΤΡΑΛΛΙΑΝΟΥΣ
3211 3232 3586 3301 Ἐπιστολῆς.

505 3319 712 3381 Honor
735 3338 853 3392 vos,
898 3340 1009 3378 non
1052 3340 1174 3395 ego,
1210 3325 1305 3379 sed
1357 3325 1529 3395 gratia
1569 3324 1787 3378 Domini
1838 3326 2011 3380 nostri

2183 3326 2490 3398 Παρακαλῶ
2521 3327 2686 3397 ὑμᾶς,
2716 3326 2816 3379 οὐκ
2855 3325 2986 3393 ἐγὼ,
3020 3325 3135 3379 ἀλλ’
3167 3326 3201 3396 ἡ
3243 3325 3402 3398 χάρις
3450 3323 3543 3379 τοῦ
3584 3327 3700 3378 Κυ-

426 3414 559 3471 Jesu
610 3416 835 3483 Christi,
871 3417 989 3471 solo
1018 3417 1455 3471 Christianorum
1504 3418 1627 3472 cibo
1668 3416 1777 3483 uti,
1818 3417 1887 3471 ab
1916 3431 2013 3471 ex-

2116 3419 2232 3492 ρίου
2265 3418 2422 3490 ἡμῶν
2477 3417 2649 3490 Ἰησοῦ
2710 3417 2969 3489 Χριστοῦ,
3019 3416 3152 3489 μόνῃ
3209 3420 3279 3489 τῇ
3336 3419 3697 3488 Χριστιανικῇ

424 3513 623 3564 tranea
650 3524 782 3563 vero
823 3508 993 3562 herba
1040 3509 1334 3575 abstinere,
1373 3522 1496 3577 quae
1539 3514 1623 3561 est
1659 3506 1902 3561 haeresis.
1944 3505 2012 3558 Et

2110 3514 2282 3583 τροφῇ
2322 3511 2577 3582 χρῆσθαι,
2611 3511 2897 3582 ἀλλοτρίας
2928 3510 2985 3564 δὲ
3023 3509 3252 3581 βοτάνης
3281 3509 3603 3580 ἀπέχεσθαι,
3628 3509 3703 3577 ἧ-

422 3611 707 3655 venenum
737 3615 1020 3669 perperam
1055 3599 1357 3669 implicant,
1387 3613 1513 3652 cum
1542 3597 1701 3666 juxta
1729 3605 1893 3665 atque
1925 3596 2011 3650 di-

2110 3618 2195 3663 τις
2226 3600 2371 3654 ἐστὶν
2403 3599 2631 3671 αἵρεσις.
2664 3600 2772 3652 Καὶ
2804 3599 3281 3671 παρεμπλέκουσιν
3328 3600 3531 3670 Ἰησοῦν
3562 3601 3705 3671 Χρι-

423 3692 516 3763 gni
563 3698 708 3755 sunt,
750 3690 913 3745 ﬁdem
960 3690 1237 3757 habeant;
1289 3698 1478 3759 utpote
1522 3704 1617 3758 quI
1662 3686 2008 3742 mortiferum

2115 3692 2238 3746 στὸν
2272 3692 2398 3762 (leg.
2431 3706 2555 3746 cum
2592 3691 2845 3760 interpol.
2872 3692 2966 3744 καὶ
2999 3709 3131 3764 παρ.
3175 3692 3268 3745 τὸν
3306 3691 3402 3763 ἰὸν)
3445 3689 3700 3755 καταξιο-

426 3785 783 3853 pharmacum
815 3799 926 3836 una
972 3798 1095 3836 cum
1128 3782 1308 3837 mulso
1357 3781 1672 3851 prabeant;
1708 3780 1859 3849 quod
1914 3778 2009 3849 qui

2113 3784 2513 3854 πιστευόμενοι,
2554 3782 2743 3854 ὥσπερ
2782 3782 3078 3853 θανάσιμον
3133 3783 3423 3855 φάρμακον
3463 3783 3701 3847 διδόντες

426 3876 665 3945 nesciat,
711 3876 960 3933 lubenter
996 3876 1215 3945 accipit,
1265 3885 1325 3930 ut
1374 3875 1430 3928 in
1472 3872 1833 3929 delectatione
1863 3872 2007 3927 mala

2113 3876 2229 3946 μετ’
2260 3875 2608 3945 οἰνομέλιτος,
2648 3876 2783 3946 ὅπερ
2815 3878 2844 3928 ὁ
2870 3874 3098 3943 ἀγνοῶν,
3126 3874 3294 3945 ἡδέως
3325 3874 3612 3945 λαμϐάνει,
3637 3876 3700 3928 ὲν

424 3975 715 4029 moriatur.
770 3972 1147 4029 Observemini
1193 3971 1360 4044 igitur
1396 3985 1427 4023 a
1464 3968 1686 4024 talibus.
1719 3967 1802 4020 Ad
1834 3965 2002 4022 Trall.

2110 3968 2268 4040 ἡδονῇ
2334 3971 2478 4039 κακῇ
2533 3968 2594 4021 τὸ
2643 3967 2950 4021 ἀποθανεῖν.
3016 3966 3358 4019 Φυλάσσεσθε
3415 3964 3507 4019 οὖν
3568 3965 3700 4025 τοὺς

423 4083 543 4138 cap.
572 4066 626 4123 6.

2108 4058 2402 4122 τοιούτους.

1476 4214 1609 4271 [In-2n
1634 4214 1793 4282 ibid.,
1820 4214 1926 4268 litt.
1957 4230 2009 4279 υ,
2044 4212 2127 4266 tit.
2157 4228 2236 4280 Ix,
2271 4228 2397 4282 pag.
2430 4210 2551 4277 702,
2586 4210 2649 4265 E.

1092 4376 1320 4431 lGNATll.
2040 4374 2085 4428 D
2737 4366 3096 4422 ’ll‘NATlOl‘.

496 4488 668 4545 Nemo
690 4496 932 4544 vestrum
957 4488 1220 4544 adversus
1242 4486 1550 4557 proximum
1575 4485 1873 4556 quidquam
1906 4482 2006 4537 ha—

2180 4473 2386 4544 Μηδεὶς
2447 4474 2600 4544 ὑμῶν
2636 4474 2775 4527 κατὰ
2823 4475 2917 4528 τοῦ
2972 4477 3197 4548 πλησίον
3251 4477 3420 4547 ὲχέτω
3476 4494 3557 4529 τι’
3619 4477 3696 4549 μὴ

426 4581 574 4645 beat,
626 4597 695 4636 ne
719 4580 1063 4636 occasionem
1096 4579 1353 4651 gentibus
1390 4580 1560 4643 detis;
1602 4594 1670 4633 ne
1702 4591 2003 4647 paucorum

2115 4565 2370 4638 ἀφορμὰς
2432 4565 2601 4618 δίδοτε
2662 4569 2773 4629 τοῖς
2819 4566 3048 4631 ἔθνεσιν,
3108 4569 3193 4621 ἵνα
3232 4568 3329 4640 ’μὴ
3366 4570 3434 4623 δι’
3482 4569 3694 4637 ὀλίγους

426 4674 725 4731 stultorum
774 4673 930 4743 culpa
978 4672 1092 4737 ﬁat,
1152 4680 1213 4725 ut
1253 4671 1545 4726 multitudo
1580 4670 1764 4725 divina
1803 4670 2007 4723 virtute

1665 4671 1764 4724 tina
1803 4670 2007 4723 virtute
2111 4656 2441 4739 dtppovotch'tb
2465 4655 2643 4710 ἔνθεον
2668 4657 2870 4729 πλῆθος
2899 4658 3301 4729 βλασφημῆται.

428 4766 654 4839 praedita
682 4765 988 4822 maledictis
1012 4766 1327 4837 impetatur.
1352 4765 1437 4819 Ad
1473 4763 1642 4819 Trall.
1680 4780 1798 4833 cap.
1831 4762 1885 4818 8.

1422 4903 1554 4959 IDEM
1592 4903 1749 4966 ibid.,
1771 4902 1881 4958 litt.
1919 4920 1974 4969 α,
2009 4904 2092 4957 tit.
2127 4917 2313 4969 LXXVI,
2339 4919 2462 4971 pag.
2491 4901 2613 4969 772,
2646 4902 2710 4957 Ε.

1062 5081 1146 5136 Ea:
1176 5084 1375 5136 cadent.
2676 5082 2698 5133 ’l

2676 5082 2771 5136 Ἐκ
2802 5083 2912 5151 τῆς
2945 5080 3154 5150 αὐτῆς.

500 5195 695 5267 Fugite
740 5196 915 5253 malas
959 5197 1314 5267 propagines,
1367 5212 1489 5266 quae
1518 5195 1861 5251 mortiferum
1894 5195 2009 5251 fru-

2182 5197 2415 5265 Φεύγετε
2474 5196 2574 5260 τὰς
2620 5197 2792 5262 κακὰς
2841 5198 3220 5269 παραφυάδας,
3269 5195 3367 5259 τὰς
3421 5198 3698 5263 γεννὼσας

429 5296 579 5344 ctum
604 5300 900 5358 generant;
933 5303 1094 5357 quem
1134 5287 1179 5342 si
1211 5296 1391 5359 gustet
1421 5289 1642 5358 aliquis,
1685 5289 1869 5343 statim
1897 5303 2011 5343 mo-

2114 5288 2324 5360 καρπὸν
2357 5288 2748 5361 θανατηφόρον,
2792 5282 2853 5341 οὗ
2886 5289 2979 5342 ἐὰν
3022 5286 3276 5357 γεύσεταί
3323 5304 3427 5351 τις,
3476 5302 3693 5357 παραυ-

431 5380 595 5434 ritur.
642 5376 733 5433 lsti
767 5379 915 5433 enim
960 5393 1074 5435 non
1117 5388 1245 5434 sunt
1297 5379 1562 5451 plautatio
1617 5379 1872 5451 Spiritus.
1932 5380 2008 5434 Ad

2114 5379 2241 5432 τίκα
2292 5380 2641 5453 ἀποθνήσκει.
2690 5372 2850 5435 Οὗτοι
2894 5379 3001 5452 γὰρ
3050 5379 3150 5433 οὐκ
3199 5377 3308 5432 εἶσὶ
3362 5377 3553 5447 φυτεία
3596 5375 3697 5433 τοῦ

429 5466 601 5528 Trall.
635 5486 755 5543 cap.
783 5469 871 5527 ll.

2117 5471 2451 5544 Πνεύματος.
3000 5481 3009 5490 ·
