  <div class='ocr_page' id='page_1' title='image "/cluster/home/n/w/nwhite01/storage/ocr_20150623/5/coo.31924054872845/492.png"; bbox 0 0 4142 6392; ppageno 0'>
   <div class='ocr_carea' id='block_1_1' title="bbox 1618 326 3635 396">
    <p class='ocr_par' dir='ltr' id='par_1_1' title="bbox 1618 326 3635 396">
     <span class='ocr_line' id='line_1_1' title="bbox 1618 326 3635 396; baseline -0.004 -3"><span class='ocrx_word' id='word_1_1' title='bbox 1618 338 1947 396; x_wconf 75' lang='lat' dir='ltr'><strong><em>LITURGIA</em></strong></span> <span class='ocrx_word' id='word_1_2' title='bbox 1988 343 2045 394; x_wconf 70' lang='grc' dir='ltr'><strong><em>δ.</em></strong></span> <span class='ocrx_word' id='word_1_3' title='bbox 2078 335 2356 395; x_wconf 76' lang='lat' dir='ltr'><strong><em>lGNATll.</em></strong></span> <span class='ocrx_word' id='word_1_4' title='bbox 3527 326 3635 386; x_wconf 75' lang='lat'><strong><em>970</em></strong></span> 
     </span>
    </p>
   </div>
   <div class='ocr_carea' id='block_1_2' title="bbox 390 529 3613 572">
    <p class='ocr_par' dir='ltr' id='par_1_2' title="bbox 390 529 3613 572">
     <span class='ocr_line' id='line_1_2' title="bbox 390 529 3613 572; baseline -0.005 1"><span class='ocrx_word' id='word_1_5' title='bbox 390 529 3613 572; x_wconf 42' lang='grc' dir='ltr'><em>Μ</em></span> 
     </span>
    </p>
   </div>
   <div class='ocr_carea' id='block_1_3' title="bbox 1025 725 2991 844">
    <p class='ocr_par' dir='ltr' id='par_1_3' title="bbox 1025 725 2991 844">
     <span class='ocr_line' id='line_1_3' title="bbox 1025 725 2991 844; baseline 0 -2"><span class='ocrx_word' id='word_1_6' title='bbox 1025 725 1707 844; x_wconf 82' lang='lat' dir='ltr'><strong><em>LlTURGIA</em></strong></span> <span class='ocrx_word' id='word_1_7' title='bbox 1784 725 2304 844; x_wconf 84' lang='lat' dir='ltr'><strong><em>SANCTI</em></strong></span> <span class='ocrx_word' id='word_1_8' title='bbox 2390 728 2991 844; x_wconf 88' lang='lat' dir='ltr'><strong><em>IGNATII.</em></strong></span> 
     </span>
    </p>
   </div>
   <div class='ocr_carea' id='block_1_4' title="bbox 712 965 3317 1041">
    <p class='ocr_par' dir='ltr' id='par_1_4' title="bbox 712 965 3317 1041">
     <span class='ocr_line' id='line_1_4' title="bbox 712 965 3317 1041; baseline -0.002 -16"><span class='ocrx_word' id='word_1_9' title='bbox 712 976 1010 1039; x_wconf 69' lang='lat' dir='ltr'><strong><em>(RENAUDO‘I‘,</em></strong></span> <span class='ocrx_word' id='word_1_10' title='bbox 1039 970 1363 1037; x_wconf 87' lang='lat' dir='ltr'><strong><em>Liturgiarum</em></strong></span> <span class='ocrx_word' id='word_1_11' title='bbox 1387 967 1707 1022; x_wconf 75' lang='lat' dir='ltr'><strong><em>Orientalium</em></strong></span> <span class='ocrx_word' id='word_1_12' title='bbox 1727 965 1972 1029; x_wconf 87' lang='lat' dir='ltr'><strong><em>Collectio,</em></strong></span> <span class='ocrx_word' id='word_1_13' title='bbox 2012 969 2133 1018; x_wconf 90' lang='lat' dir='ltr'><strong><em>edit.</em></strong></span> <span class='ocrx_word' id='word_1_14' title='bbox 2156 968 2205 1030; x_wconf 73' lang='lat'><strong><em>2,</em></strong></span> <span class='ocrx_word' id='word_1_15' title='bbox 2228 969 2555 1029; x_wconf 83' lang='lat' dir='ltr'><strong><em>Francoiurti,</em></strong></span> <span class='ocrx_word' id='word_1_16' title='bbox 2606 969 2745 1031; x_wconf 71' lang='grc'><strong><em>1847,</em></strong></span> <span class='ocrx_word' id='word_1_17' title='bbox 2780 971 2931 1033; x_wconf 73' lang='grc' dir='ltr'><strong><em>ἱιι--ιο,</em></strong></span> <span class='ocrx_word' id='word_1_18' title='bbox 2957 976 2993 1021; x_wconf 92' lang='lat' dir='ltr'><strong><em>t.</em></strong></span> <span class='ocrx_word' id='word_1_19' title='bbox 3020 972 3084 1035; x_wconf 89' lang='grc' dir='ltr'><strong><em>ΙΙ,</em></strong></span> <span class='ocrx_word' id='word_1_20' title='bbox 3108 986 3158 1035; x_wconf 90' lang='lat' dir='ltr'><strong><em>p.</em></strong></span> <span class='ocrx_word' id='word_1_21' title='bbox 3181 968 3317 1041; x_wconf 74' lang='lat' dir='ltr'><strong><em>2H.)</em></strong></span> 
     </span>
    </p>
   </div>
   <div class='ocr_carea' id='block_1_5' title="bbox 461 1311 3645 1385">
    <p class='ocr_par' dir='ltr' id='par_1_5' title="bbox 461 1311 3645 1385">
     <span class='ocr_line' id='line_1_5' title="bbox 461 1311 3645 1385; baseline 0.001 -18"><span class='ocrx_word' id='word_1_22' title='bbox 461 1312 644 1383; x_wconf 91' lang='lat' dir='ltr'><strong><em>Longa</em></strong></span> <span class='ocrx_word' id='word_1_23' title='bbox 677 1313 914 1367; x_wconf 88' lang='lat' dir='ltr'><strong><em>oratione</em></strong></span> <span class='ocrx_word' id='word_1_24' title='bbox 954 1328 1055 1385; x_wconf 81' lang='lat' dir='ltr'><strong><em>non</em></strong></span> <span class='ocrx_word' id='word_1_25' title='bbox 1091 1327 1223 1385; x_wconf 84' lang='lat' dir='ltr'><strong><em>opus</em></strong></span> <span class='ocrx_word' id='word_1_26' title='bbox 1259 1319 1351 1385; x_wconf 71' lang='lat' dir='ltr'><strong><em>est</em></strong></span> <span class='ocrx_word' id='word_1_27' title='bbox 1384 1311 1453 1364; x_wconf 91' lang='lat' dir='ltr'><strong><em>ad</em></strong></span> <span class='ocrx_word' id='word_1_28' title='bbox 1479 1313 1633 1385; x_wconf 87' lang='lat' dir='ltr'><strong><em>istius</em></strong></span> <span class='ocrx_word' id='word_1_29' title='bbox 1672 1311 1933 1385; x_wconf 81' lang='lat' dir='ltr'><strong><em>Liturgite</em></strong></span> <span class='ocrx_word' id='word_1_30' title='bbox 1975 1315 2256 1385; x_wconf 75' lang='lat' dir='ltr'><strong><em>novitatem</em></strong></span> <span class='ocrx_word' id='word_1_31' title='bbox 2285 1312 2633 1381; x_wconf 88' lang='lat' dir='ltr'><strong><em>probandam,</em></strong></span> <span class='ocrx_word' id='word_1_32' title='bbox 2666 1330 2785 1366; x_wconf 91' lang='lat' dir='ltr'><strong><em>cum</em></strong></span> <span class='ocrx_word' id='word_1_33' title='bbox 2812 1314 2942 1368; x_wconf 86' lang='lat' dir='ltr'><strong><em>satis</em></strong></span> <span class='ocrx_word' id='word_1_34' title='bbox 2972 1314 3088 1383; x_wconf 89' lang='lat' dir='ltr'><strong><em>ipsa</em></strong></span> <span class='ocrx_word' id='word_1_35' title='bbox 3132 1331 3187 1368; x_wconf 89' lang='lat' dir='ltr'><strong><em>se</em></strong></span> <span class='ocrx_word' id='word_1_36' title='bbox 3222 1314 3431 1383; x_wconf 81' lang='lat' dir='ltr'><strong><em>prodat.</em></strong></span> <span class='ocrx_word' id='word_1_37' title='bbox 3464 1312 3645 1385; x_wconf 85' lang='lat' dir='ltr'><strong><em>Stylus</em></strong></span> 
     </span>
    </p>
   </div>
   <div class='ocr_carea' id='block_1_6' title="bbox 389 1382 3649 1455">
    <p class='ocr_par' dir='ltr' id='par_1_6' title="bbox 389 1382 3649 1455">
     <span class='ocr_line' id='line_1_6' title="bbox 389 1382 3649 1455; baseline 0 -17"><span class='ocrx_word' id='word_1_38' title='bbox 389 1388 531 1439; x_wconf 89' lang='lat' dir='ltr'><strong><em>enim</em></strong></span> <span class='ocrx_word' id='word_1_39' title='bbox 561 1382 866 1453; x_wconf 72' lang='lat' dir='ltr'><strong><em>synonymis</em></strong></span> <span class='ocrx_word' id='word_1_40' title='bbox 896 1393 947 1455; x_wconf 79' lang='lat' dir='ltr'><strong><em>et</em></strong></span> <span class='ocrx_word' id='word_1_41' title='bbox 971 1382 1213 1452; x_wconf 76' lang='lat' dir='ltr'><strong><em>epithetis</em></strong></span> <span class='ocrx_word' id='word_1_42' title='bbox 1251 1382 1472 1451; x_wconf 81' lang='lat' dir='ltr'><strong><em>inflatus</em></strong></span> <span class='ocrx_word' id='word_1_43' title='bbox 1499 1383 1643 1455; x_wconf 85' lang='lat' dir='ltr'><strong><em>ultra</em></strong></span> <span class='ocrx_word' id='word_1_44' title='bbox 1674 1382 1908 1447; x_wconf 84' lang='lat' dir='ltr'><strong><em>modum,</em></strong></span> <span class='ocrx_word' id='word_1_45' title='bbox 1934 1396 2076 1439; x_wconf 79' lang='lat' dir='ltr'><strong><em>naue</em></strong></span> <span class='ocrx_word' id='word_1_46' title='bbox 2098 1384 2399 1455; x_wconf 80' lang='lat' dir='ltr'><strong><em>infelicibus</em></strong></span> <span class='ocrx_word' id='word_1_47' title='bbox 2441 1384 2649 1455; x_wconf 74' lang='lat' dir='ltr'><strong><em>steculis</em></strong></span> <span class='ocrx_word' id='word_1_48' title='bbox 2676 1382 3177 1455; x_wconf 31' lang='lat' dir='ltr'><strong><em>eloquentiw&#39;magis</em></strong></span> <span class='ocrx_word' id='word_1_49' title='bbox 3199 1382 3456 1450; x_wconf 81' lang='lat' dir='ltr'><strong><em>convenit,</em></strong></span> <span class='ocrx_word' id='word_1_50' title='bbox 3489 1382 3649 1455; x_wconf 71' lang='lat' dir='ltr'><strong><em>quam</em></strong></span> 
     </span>
    </p>
   </div>
   <div class='ocr_carea' id='block_1_7' title="bbox 390 1453 3651 1525">
    <p class='ocr_par' dir='ltr' id='par_1_7' title="bbox 390 1453 3651 1525">
     <span class='ocr_line' id='line_1_7' title="bbox 390 1453 3651 1525; baseline 0.001 -18"><span class='ocrx_word' id='word_1_51' title='bbox 390 1456 655 1525; x_wconf 63' lang='lat' dir='ltr'><strong><em>primaeva</em></strong></span> <span class='ocrx_word' id='word_1_52' title='bbox 700 1453 1429 1525; x_wconf 78' lang='lat' dir='ltr'><strong><em>apostolicorumtemporum</em></strong></span> <span class='ocrx_word' id='word_1_53' title='bbox 1470 1453 1826 1525; x_wconf 88' lang='lat' dir='ltr'><strong><em>simplicitati,</em></strong></span> <span class='ocrx_word' id='word_1_54' title='bbox 1858 1471 2015 1525; x_wconf 89' lang='lat' dir='ltr'><strong><em>quam</em></strong></span> <span class='ocrx_word' id='word_1_55' title='bbox 2052 1456 2279 1525; x_wconf 87' lang='lat' dir='ltr'><strong><em>genuina</em></strong></span> <span class='ocrx_word' id='word_1_56' title='bbox 2332 1453 2532 1523; x_wconf 85' lang='lat' dir='ltr'><strong><em>Ignatii</em></strong></span> <span class='ocrx_word' id='word_1_57' title='bbox 2581 1453 2837 1523; x_wconf 82' lang='lat' dir='ltr'><strong><em>Martyris</em></strong></span> <span class='ocrx_word' id='word_1_58' title='bbox 2865 1457 3062 1523; x_wconf 89' lang='lat' dir='ltr'><strong><em>scripta</em></strong></span> <span class='ocrx_word' id='word_1_59' title='bbox 3099 1453 3507 1525; x_wconf 66' lang='lat' dir='ltr'><strong><em>repra’sentant.</em></strong></span> <span class='ocrx_word' id='word_1_60' title='bbox 3540 1454 3651 1509; x_wconf 83' lang='lat' dir='ltr'><strong><em>Illa</em></strong></span> 
     </span>
    </p>
   </div>
   <div class='ocr_carea' id='block_1_8' title="bbox 392 1522 3651 1595">
    <p class='ocr_par' dir='ltr' id='par_1_8' title="bbox 392 1522 3651 1595">
     <span class='ocr_line' id='line_1_8' title="bbox 392 1522 3651 1595; baseline 0.001 -17"><span class='ocrx_word' id='word_1_61' title='bbox 392 1525 531 1594; x_wconf 90' lang='lat' dir='ltr'><strong><em>apud</em></strong></span> <span class='ocrx_word' id='word_1_62' title='bbox 558 1524 717 1594; x_wconf 84' lang='lat' dir='ltr'><strong><em>Syros</em></strong></span> <span class='ocrx_word' id='word_1_63' title='bbox 736 1522 954 1593; x_wconf 85' lang='lat' dir='ltr'><strong><em>vulgari</em></strong></span> <span class='ocrx_word' id='word_1_64' title='bbox 982 1540 1078 1577; x_wconf 90' lang='lat' dir='ltr'><strong><em>sua</em></strong></span> <span class='ocrx_word' id='word_1_65' title='bbox 1116 1522 1296 1593; x_wconf 84' lang='lat' dir='ltr'><strong><em>lingua</em></strong></span> <span class='ocrx_word' id='word_1_66' title='bbox 1323 1523 1448 1576; x_wconf 89' lang='lat' dir='ltr'><strong><em>olim</em></strong></span> <span class='ocrx_word' id='word_1_67' title='bbox 1468 1524 1731 1579; x_wconf 75' lang='lat' dir='ltr'><strong><em>exstitisse</em></strong></span> <span class='ocrx_word' id='word_1_68' title='bbox 1770 1522 2083 1595; x_wconf 18' lang='lat' dir='ltr'><strong><em>docentqno&#39;s</em></strong></span> <span class='ocrx_word' id='word_1_69' title='bbox 2108 1525 2275 1578; x_wconf 87' lang='lat' dir='ltr'><strong><em>multa</em></strong></span> <span class='ocrx_word' id='word_1_70' title='bbox 2305 1522 2371 1578; x_wconf 70' lang='lat' dir='ltr'><strong><em>ea:</em></strong></span> <span class='ocrx_word' id='word_1_71' title='bbox 2391 1525 2501 1578; x_wconf 83' lang='lat' dir='ltr'><strong><em>illis</em></strong></span> <span class='ocrx_word' id='word_1_72' title='bbox 2542 1522 2863 1595; x_wconf 67' lang='lat' dir='ltr'><strong><em>testimpnia,</em></strong></span> <span class='ocrx_word' id='word_1_73' title='bbox 2900 1522 3014 1595; x_wconf 73' lang='lat' dir='ltr'><strong><em>qua:</em></strong></span> <span class='ocrx_word' id='word_1_74' title='bbox 3046 1526 3099 1595; x_wconf 83' lang='lat' dir='ltr'><strong><em>in</em></strong></span> <span class='ocrx_word' id='word_1_75' title='bbox 3148 1522 3297 1579; x_wconf 82' lang='lat' dir='ltr'><strong><em>libris</em></strong></span> <span class='ocrx_word' id='word_1_76' title='bbox 3326 1524 3651 1595; x_wconf 87' lang='lat' dir='ltr'><strong><em>Theologicis</em></strong></span> 
     </span>
    </p>
   </div>
   <div class='ocr_carea' id='block_1_9' title="bbox 390 1593 3654 1665">
    <p class='ocr_par' dir='ltr' id='par_1_9' title="bbox 390 1593 3654 1665">
     <span class='ocr_line' id='line_1_9' title="bbox 390 1593 3654 1665; baseline 0 -16"><span class='ocrx_word' id='word_1_77' title='bbox 390 1593 694 1659; x_wconf 89' lang='lat' dir='ltr'><strong><em>occurrunt,</em></strong></span> <span class='ocrx_word' id='word_1_78' title='bbox 724 1596 813 1648; x_wconf 88' lang='lat' dir='ltr'><strong><em>sed</em></strong></span> <span class='ocrx_word' id='word_1_79' title='bbox 837 1611 945 1662; x_wconf 75' lang='lat' dir='ltr'><strong><em>pro:</em></strong></span> <span class='ocrx_word' id='word_1_80' title='bbox 968 1595 1167 1647; x_wconf 74' lang='lat' dir='ltr'><strong><em>cmteris</em></strong></span> <span class='ocrx_word' id='word_1_81' title='bbox 1194 1603 1435 1665; x_wconf 57' lang='lat' dir='ltr'><strong><em>excerpta</em></strong></span> <span class='ocrx_word' id='word_1_82' title='bbox 1460 1609 1524 1646; x_wconf 82' lang='lat' dir='ltr'><strong><em>ea:</em></strong></span> <span class='ocrx_word' id='word_1_83' title='bbox 1544 1595 1655 1662; x_wconf 87' lang='lat' dir='ltr'><strong><em>ejus</em></strong></span> <span class='ocrx_word' id='word_1_84' title='bbox 1678 1595 1917 1665; x_wconf 83' lang='lat' dir='ltr'><strong><em>genuinis</em></strong></span> <span class='ocrx_word' id='word_1_85' title='bbox 1939 1593 2195 1663; x_wconf 86' lang='lat' dir='ltr'><strong><em>Epistolis</em></strong></span> <span class='ocrx_word' id='word_1_86' title='bbox 2219 1612 2317 1648; x_wconf 88' lang='lat' dir='ltr'><strong><em>non</em></strong></span> <span class='ocrx_word' id='word_1_87' title='bbox 2337 1611 2531 1663; x_wconf 86' lang='lat' dir='ltr'><strong><em>pauca,</em></strong></span> <span class='ocrx_word' id='word_1_88' title='bbox 2562 1610 2678 1664; x_wconf 70' lang='lat' dir='ltr'><strong><em>qua:</em></strong></span> <span class='ocrx_word' id='word_1_89' title='bbox 2694 1593 3049 1648; x_wconf 80' lang='lat' dir='ltr'><strong><em>Conciliorum</em></strong></span> <span class='ocrx_word' id='word_1_90' title='bbox 3075 1594 3374 1649; x_wconf 70' lang='lat' dir='ltr'><strong><em>(Iunonibus</em></strong></span> <span class='ocrx_word' id='word_1_91' title='bbox 3400 1593 3654 1663; x_wconf 81' lang='lat' dir='ltr'><strong><em>adjuncta</em></strong></span> 
     </span>
    </p>
   </div>
   <div class='ocr_carea' id='block_1_10' title="bbox 395 1662 3653 1735">
    <p class='ocr_par' dir='ltr' id='par_1_10' title="bbox 395 1662 3653 1735">
     <span class='ocr_line' id='line_1_10' title="bbox 395 1662 3653 1735; baseline -0 -16"><span class='ocrx_word' id='word_1_92' title='bbox 395 1668 729 1733; x_wconf 89' lang='lat' dir='ltr'><strong><em>reperiuntur</em></strong></span> <span class='ocrx_word' id='word_1_93' title='bbox 750 1667 803 1717; x_wconf 92' lang='lat' dir='ltr'><strong><em>in</em></strong></span> <span class='ocrx_word' id='word_1_94' title='bbox 820 1674 1021 1735; x_wconf 86' lang='lat' dir='ltr'><strong><em>vetusta</em></strong></span> <span class='ocrx_word' id='word_1_95' title='bbox 1044 1665 1277 1735; x_wconf 79' lang='lat' dir='ltr'><strong><em>versione</em></strong></span> <span class='ocrx_word' id='word_1_96' title='bbox 1301 1662 1546 1733; x_wconf 84' lang='lat' dir='ltr'><strong><em>Syriaca,</em></strong></span> <span class='ocrx_word' id='word_1_97' title='bbox 1571 1662 1729 1734; x_wconf 80' lang='lat' dir='ltr'><strong><em>quam</em></strong></span> <span class='ocrx_word' id='word_1_98' title='bbox 1764 1663 1945 1719; x_wconf 79' lang='lat' dir='ltr'><strong><em>Codea:</em></strong></span> <span class='ocrx_word' id='word_1_99' title='bbox 1979 1662 2245 1719; x_wconf 82' lang='lat' dir='ltr'><strong><em>Mcdiceus</em></strong></span> <span class='ocrx_word' id='word_1_100' title='bbox 2274 1662 2703 1717; x_wconf 84' lang='lat' dir='ltr'><strong><em>membranaceus</em></strong></span> <span class='ocrx_word' id='word_1_101' title='bbox 2732 1674 3089 1734; x_wconf 69' lang='lat' dir='ltr'><strong><em>repraesentat.</em></strong></span> <span class='ocrx_word' id='word_1_102' title='bbox 3126 1666 3345 1718; x_wconf 79' lang='lat' dir='ltr'><strong><em>Addidit</em></strong></span> <span class='ocrx_word' id='word_1_103' title='bbox 3376 1662 3653 1735; x_wconf 85' lang='lat' dir='ltr'><strong><em>interpres,</em></strong></span> 
     </span>
    </p>
   </div>
   <div class='ocr_carea' id='block_1_11' title="bbox 391 1732 3656 1857">
    <p class='ocr_par' dir='ltr' id='par_1_11' title="bbox 391 1732 3656 1857">
     <span class='ocr_line' id='line_1_11' title="bbox 391 1732 3656 1857; baseline -0 -67"><span class='ocrx_word' id='word_1_104' title='bbox 391 1732 517 1790; x_wconf 83' lang='lat' dir='ltr'><strong><em>illus</em></strong></span> <span class='ocrx_word' id='word_1_105' title='bbox 551 1737 836 1789; x_wconf 84' lang='lat' dir='ltr'><strong><em>sententias</em></strong></span> <span class='ocrx_word' id='word_1_106' title='bbox 862 1734 1014 1803; x_wconf 85' lang='lat' dir='ltr'><strong><em>vulgo</em></strong></span> <span class='ocrx_word' id='word_1_107' title='bbox 1045 1736 1179 1787; x_wconf 83' lang='lat' dir='ltr'><strong><em>inter</em></strong></span> <span class='ocrx_word' id='word_1_108' title='bbox 1209 1732 1446 1788; x_wconf 80' lang='lat' dir='ltr'><strong><em>Canenes</em></strong></span> <span class='ocrx_word' id='word_1_109' title='bbox 1487 1732 1590 1787; x_wconf 84' lang='lat' dir='ltr'><strong><em>non</em></strong></span> <span class='ocrx_word' id='word_1_110' title='bbox 1615 1735 1823 1857; x_wconf 58' lang='lat' dir='ltr'><strong><em>rqlerri,</em></strong></span> <span class='ocrx_word' id='word_1_111' title='bbox 1868 1751 2044 1788; x_wconf 88' lang='lat' dir='ltr'><strong><em>verum</em></strong></span> <span class='ocrx_word' id='word_1_112' title='bbox 2075 1752 2140 1789; x_wconf 74' lang='lat' dir='ltr'><strong><em>ea;</em></strong></span> <span class='ocrx_word' id='word_1_113' title='bbox 2170 1738 2376 1789; x_wconf 84' lang='lat' dir='ltr'><strong><em>nomine</em></strong></span> <span class='ocrx_word' id='word_1_114' title='bbox 2412 1736 2548 1787; x_wconf 89' lang='lat' dir='ltr'><strong><em>tanti</em></strong></span> <span class='ocrx_word' id='word_1_115' title='bbox 2590 1736 2710 1800; x_wconf 88' lang='lat' dir='ltr'><strong><em>viri,</em></strong></span> <span class='ocrx_word' id='word_1_116' title='bbox 2752 1732 3009 1806; x_wconf 51' lang='lat' dir='ltr'><strong><em>aequalem</em></strong></span> <span class='ocrx_word' id='word_1_117' title='bbox 3040 1736 3436 1857; x_wconf 70' lang='lat' dir='ltr'><strong><em>quodammodo</em></strong></span> <span class='ocrx_word' id='word_1_118' title='bbox 3465 1732 3656 1789; x_wconf 86' lang='lat' dir='ltr'><strong><em>habere</em></strong></span> 
     </span>
     <span class='ocr_line' id='line_1_12' title="bbox 392 1803 3656 1857; baseline 0 0"><span class='ocrx_word' id='word_1_119' title='bbox 392 1806 791 1857; x_wconf 79' lang='lat' dir='ltr'><strong><em>auctoritatem.</em></strong></span> <span class='ocrx_word' id='word_1_120' title='bbox 830 1803 1056 1857; x_wconf 87' lang='lat' dir='ltr'><strong><em>Factam</em></strong></span> <span class='ocrx_word' id='word_1_121' title='bbox 1089 1821 1201 1857; x_wconf 86' lang='lat' dir='ltr'><strong><em>esse</em></strong></span> <span class='ocrx_word' id='word_1_122' title='bbox 1230 1820 1293 1857; x_wconf 75' lang='lat' dir='ltr'><strong><em>ea:</em></strong></span> <span class='ocrx_word' id='word_1_123' title='bbox 1327 1804 1537 1857; x_wconf 80' lang='lat' dir='ltr'><strong><em>ovtimis</em></strong></span> <span class='ocrx_word' id='word_1_124' title='bbox 1567 1804 1640 1857; x_wconf 85' lang='lat' dir='ltr'><strong><em>Co</em></strong></span> <span class='ocrx_word' id='word_1_125' title='bbox 1681 1805 1846 1857; x_wconf 88' lang='lat' dir='ltr'><strong><em>icibus</em></strong></span> <span class='ocrx_word' id='word_1_126' title='bbox 1873 1806 2355 1857; x_wconf 76' lang='lat' dir='ltr'><strong><em>interpretationem</em></strong></span> <span class='ocrx_word' id='word_1_127' title='bbox 2376 1805 2526 1857; x_wconf 87' lang='lat' dir='ltr'><strong><em>illam</em></strong></span> <span class='ocrx_word' id='word_1_128' title='bbox 2561 1806 2888 1857; x_wconf 84' lang='lat' dir='ltr'><strong><em>aunovimus.</em></strong></span> <span class='ocrx_word' id='word_1_129' title='bbox 2920 1817 2966 1857; x_wconf 89' lang='lat' dir='ltr'><strong><em>et</em></strong></span> <span class='ocrx_word' id='word_1_130' title='bbox 3004 1823 3034 1857; x_wconf 92' lang='lat' dir='ltr'><strong><em>a</em></strong></span> <span class='ocrx_word' id='word_1_131' title='bbox 3114 1817 3327 1857; x_wconf 89' lang='lat' dir='ltr'><strong><em>auctore</em></strong></span> <span class='ocrx_word' id='word_1_132' title='bbox 3364 1806 3656 1857; x_wconf 86' lang='lat' dir='ltr'><strong><em>auicunaue</em></strong></span> 
     </span>
    </p>
   </div>
   <div class='ocr_carea' id='block_1_12' title="bbox 392 1803 3657 1876">
    <p class='ocr_par' dir='ltr' id='par_1_12' title="bbox 392 1803 3657 1876">
     <span class='ocr_line' id='line_1_13' title="bbox 392 1803 3657 1876; baseline 0 -17"><span class='ocrx_word' id='word_1_133' title='bbox 392 1806 791 1860; x_wconf 78' lang='lat' dir='ltr'><strong><em>auctoritatem.</em></strong></span> <span class='ocrx_word' id='word_1_134' title='bbox 830 1803 1056 1858; x_wconf 88' lang='lat' dir='ltr'><strong><em>Factam</em></strong></span> <span class='ocrx_word' id='word_1_135' title='bbox 1089 1821 1201 1859; x_wconf 86' lang='lat' dir='ltr'><strong><em>esse</em></strong></span> <span class='ocrx_word' id='word_1_136' title='bbox 1224 1820 1305 1876; x_wconf 54' lang='lat' dir='ltr'><strong><em>ea:</em></strong></span> <span class='ocrx_word' id='word_1_137' title='bbox 1327 1804 1537 1873; x_wconf 88' lang='lat' dir='ltr'><strong><em>optimis</em></strong></span> <span class='ocrx_word' id='word_1_138' title='bbox 1567 1803 1846 1876; x_wconf 86' lang='lat' dir='ltr'><strong><em>Codicibus</em></strong></span> <span class='ocrx_word' id='word_1_139' title='bbox 1873 1806 2355 1874; x_wconf 86' lang='lat' dir='ltr'><strong><em>interpretationem</em></strong></span> <span class='ocrx_word' id='word_1_140' title='bbox 2376 1805 2526 1858; x_wconf 89' lang='lat' dir='ltr'><strong><em>illam</em></strong></span> <span class='ocrx_word' id='word_1_141' title='bbox 2561 1803 2888 1875; x_wconf 83' lang='lat' dir='ltr'><strong><em>agnovimus,</em></strong></span> <span class='ocrx_word' id='word_1_142' title='bbox 2920 1817 2966 1860; x_wconf 89' lang='lat' dir='ltr'><strong><em>et</em></strong></span> <span class='ocrx_word' id='word_1_143' title='bbox 3004 1803 3068 1859; x_wconf 89' lang='lat' dir='ltr'><strong><em>ab</em></strong></span> <span class='ocrx_word' id='word_1_144' title='bbox 3114 1817 3327 1860; x_wconf 89' lang='lat' dir='ltr'><strong><em>auctore</em></strong></span> <span class='ocrx_word' id='word_1_145' title='bbox 3364 1806 3657 1876; x_wconf 84' lang='lat' dir='ltr'><strong><em>quicunque</em></strong></span> 
     </span>
    </p>
   </div>
   <div class='ocr_carea' id='block_1_13' title="bbox 396 1824 3656 1947">
    <p class='ocr_par' dir='ltr' id='par_1_13' title="bbox 396 1824 3656 1947">
     <span class='ocr_line' id='line_1_14' title="bbox 396 1824 3656 1876; baseline 0 -17"><span class='ocrx_word' id='word_1_146' title='bbox 396 1824 791 1860; x_wconf 78' lang='lat' dir='ltr'><strong><em>auctoritatem.</em></strong></span> <span class='ocrx_word' id='word_1_147' title='bbox 830 1824 1056 1858; x_wconf 80' lang='lat' dir='ltr'><strong><em>ractam</em></strong></span> <span class='ocrx_word' id='word_1_148' title='bbox 1089 1824 1201 1859; x_wconf 88' lang='lat' dir='ltr'><strong><em>esse</em></strong></span> <span class='ocrx_word' id='word_1_149' title='bbox 1230 1824 1293 1858; x_wconf 81' lang='lat' dir='ltr'><strong><em>ea;</em></strong></span> <span class='ocrx_word' id='word_1_150' title='bbox 1327 1824 1537 1873; x_wconf 77' lang='lat' dir='ltr'><strong><em>optimis</em></strong></span> <span class='ocrx_word' id='word_1_151' title='bbox 1567 1824 1846 1858; x_wconf 67' lang='lat' dir='ltr'><strong><em>coatctous</em></strong></span> <span class='ocrx_word' id='word_1_152' title='bbox 1873 1824 2355 1874; x_wconf 73' lang='lat' dir='ltr'><strong><em>interpretationem</em></strong></span> <span class='ocrx_word' id='word_1_153' title='bbox 2376 1824 2526 1858; x_wconf 84' lang='lat' dir='ltr'><strong><em>utam</em></strong></span> <span class='ocrx_word' id='word_1_154' title='bbox 2561 1824 2888 1875; x_wconf 78' lang='lat' dir='ltr'><strong><em>agnovimus,</em></strong></span> <span class='ocrx_word' id='word_1_155' title='bbox 2920 1824 2966 1860; x_wconf 89' lang='lat' dir='ltr'><strong><em>et</em></strong></span> <span class='ocrx_word' id='word_1_156' title='bbox 3004 1824 3068 1859; x_wconf 88' lang='lat' dir='ltr'><strong><em>ao</em></strong></span> <span class='ocrx_word' id='word_1_157' title='bbox 3114 1824 3327 1860; x_wconf 83' lang='lat' dir='ltr'><strong><em>auctore</em></strong></span> <span class='ocrx_word' id='word_1_158' title='bbox 3402 1824 3656 1876; x_wconf 76' lang='lat' dir='ltr'><strong><em>utcunque</em></strong></span> 
     </span>
     <span class='ocr_line' id='line_1_15' title="bbox 396 1824 3656 1947; baseline 0 -18"><span class='ocrx_word' id='word_1_159' title='bbox 396 1878 557 1947; x_wconf 81' lang='lat' dir='ltr'><strong><em>fuerit</em></strong></span> <span class='ocrx_word' id='word_1_160' title='bbox 587 1893 692 1929; x_wconf 90' lang='lat' dir='ltr'><strong><em>non</em></strong></span> <span class='ocrx_word' id='word_1_161' title='bbox 724 1878 998 1944; x_wconf 84' lang='lat' dir='ltr'><strong><em>imperito:</em></strong></span> <span class='ocrx_word' id='word_1_162' title='bbox 1019 1886 1135 1947; x_wconf 83' lang='lat' dir='ltr'><strong><em>tum</em></strong></span> <span class='ocrx_word' id='word_1_163' title='bbox 1170 1875 1307 1947; x_wconf 88' lang='lat' dir='ltr'><strong><em>illud</em></strong></span> <span class='ocrx_word' id='word_1_164' title='bbox 1329 1876 1485 1928; x_wconf 90' lang='lat' dir='ltr'><strong><em>etiam</em></strong></span> <span class='ocrx_word' id='word_1_165' title='bbox 1509 1875 1959 1947; x_wconf 85' lang='lat' dir='ltr'><strong><em>animadversione</em></strong></span> <span class='ocrx_word' id='word_1_166' title='bbox 1989 1876 2643 1947; x_wconf 13' lang='lat' dir='ltr'><strong><em>dignumiobservavimus,</em></strong></span> <span class='ocrx_word' id='word_1_167' title='bbox 2678 1877 2880 1930; x_wconf 87' lang='lat' dir='ltr'><strong><em>codices</em></strong></span> <span class='ocrx_word' id='word_1_168' title='bbox 2909 1876 3313 1947; x_wconf 56' lang='lat' dir='ltr'><strong><em>illumLsimiles</em></strong></span> <span class='ocrx_word' id='word_1_169' title='bbox 3344 1824 3656 1929; x_wconf 60' lang='lat' dir='ltr'><strong><em>Itqlorentino</em></strong></span> 
     </span>
    </p>
   </div>
   <div class='ocr_carea' id='block_1_14' title="bbox 393 1945 3656 2017">
    <p class='ocr_par' dir='ltr' id='par_1_14' title="bbox 393 1945 3656 2017">
     <span class='ocr_line' id='line_1_16' title="bbox 393 1945 3656 2017; baseline 0 -18"><span class='ocrx_word' id='word_1_170' title='bbox 393 1945 476 2000; x_wconf 84' lang='lat' dir='ltr'><strong><em>illi</em></strong></span> <span class='ocrx_word' id='word_1_171' title='bbox 505 1947 836 2000; x_wconf 88' lang='lat' dir='ltr'><strong><em>celeberrimo</em></strong></span> <span class='ocrx_word' id='word_1_172' title='bbox 868 1962 969 2017; x_wconf 79' lang='lat' dir='ltr'><strong><em>quo</em></strong></span> <span class='ocrx_word' id='word_1_173' title='bbox 992 1945 1228 1998; x_wconf 84' lang='lat' dir='ltr'><strong><em>Latinus</em></strong></span> <span class='ocrx_word' id='word_1_174' title='bbox 1253 1946 1503 2017; x_wconf 81' lang='lat' dir='ltr'><strong><em>interpres</em></strong></span> <span class='ocrx_word' id='word_1_175' title='bbox 1536 1961 1660 1998; x_wconf 88' lang='lat' dir='ltr'><strong><em>usus</em></strong></span> <span class='ocrx_word' id='word_1_176' title='bbox 1690 1946 1888 2017; x_wconf 62' lang='grc' dir='ltr'><strong><em>[μευ-αι,</em></strong></span> <span class='ocrx_word' id='word_1_177' title='bbox 1919 1957 2154 2017; x_wconf 87' lang='lat' dir='ltr'><strong><em>secutum</em></strong></span> <span class='ocrx_word' id='word_1_178' title='bbox 2199 1946 2381 2014; x_wconf 82' lang='lat' dir='ltr'><strong><em>fuisse,</em></strong></span> <span class='ocrx_word' id='word_1_179' title='bbox 2419 1962 2511 1999; x_wconf 90' lang='lat' dir='ltr'><strong><em>nec</em></strong></span> <span class='ocrx_word' id='word_1_180' title='bbox 2543 1946 2702 2017; x_wconf 80' lang='lat' dir='ltr'><strong><em>alias,</em></strong></span> <span class='ocrx_word' id='word_1_181' title='bbox 2743 1948 2846 1999; x_wconf 88' lang='lat' dir='ltr'><strong><em>nisi</em></strong></span> <span class='ocrx_word' id='word_1_182' title='bbox 2881 1963 3026 1999; x_wconf 89' lang='lat' dir='ltr'><strong><em>veras</em></strong></span> <span class='ocrx_word' id='word_1_183' title='bbox 3063 1945 3331 2014; x_wconf 86' lang='lat' dir='ltr'><strong><em>Epistolas</em></strong></span> <span class='ocrx_word' id='word_1_184' title='bbox 3365 1948 3656 2017; x_wconf 86' lang='lat' dir='ltr'><strong><em>agnovisse.</em></strong></span> 
     </span>
    </p>
   </div>
   <div class='ocr_carea' id='block_1_15' title="bbox 394 2014 3661 2087">
    <p class='ocr_par' dir='ltr' id='par_1_15' title="bbox 394 2014 3661 2087">
     <span class='ocr_line' id='line_1_17' title="bbox 394 2014 3661 2087; baseline 0 -17"><span class='ocrx_word' id='word_1_185' title='bbox 394 2018 464 2071; x_wconf 83' lang='lat' dir='ltr'><strong><em>At</em></strong></span> <span class='ocrx_word' id='word_1_186' title='bbox 497 2017 663 2083; x_wconf 89' lang='lat' dir='ltr'><strong><em>nulla,</em></strong></span> <span class='ocrx_word' id='word_1_187' title='bbox 694 2014 887 2086; x_wconf 62' lang='lat' dir='ltr'><strong><em>praeter</em></strong></span> <span class='ocrx_word' id='word_1_188' title='bbox 905 2014 1259 2087; x_wconf 83' lang='lat' dir='ltr'><strong><em>Jacobiticam</em></strong></span> <span class='ocrx_word' id='word_1_189' title='bbox 1282 2015 1660 2069; x_wconf 77' lang='lat' dir='ltr'><strong><em>Antiochenam</em></strong></span> <span class='ocrx_word' id='word_1_190' title='bbox 1685 2016 2207 2087; x_wconf 66' lang='lat' dir='ltr'><strong><em>Ecclesiam,habuit</em></strong></span> <span class='ocrx_word' id='word_1_191' title='bbox 2233 2017 2520 2087; x_wconf 83' lang='lat' dir='ltr'><strong><em>hucusque</em></strong></span> <span class='ocrx_word' id='word_1_192' title='bbox 2540 2015 2836 2086; x_wconf 85' lang='lat' dir='ltr'><strong><em>Liturgiam</em></strong></span> <span class='ocrx_word' id='word_1_193' title='bbox 2862 2016 3075 2087; x_wconf 89' lang='lat' dir='ltr'><strong><em>Ignatio</em></strong></span> <span class='ocrx_word' id='word_1_194' title='bbox 3098 2014 3415 2070; x_wconf 83' lang='lat' dir='ltr'><strong><em>attributam</em></strong></span> <span class='ocrx_word' id='word_1_195' title='bbox 3441 2033 3460 2070; x_wconf 91' lang='lat'><strong><em>:</em></strong></span> <span class='ocrx_word' id='word_1_196' title='bbox 3497 2034 3661 2087; x_wconf 86' lang='lat' dir='ltr'><strong><em>neque</em></strong></span> 
     </span>
    </p>
   </div>
   <div class='ocr_carea' id='block_1_16' title="bbox 394 2086 3660 2157">
    <p class='ocr_par' dir='ltr' id='par_1_16' title="bbox 394 2086 3660 2157">
     <span class='ocr_line' id='line_1_18' title="bbox 394 2086 3660 2157; baseline -0 -17"><span class='ocrx_word' id='word_1_197' title='bbox 394 2089 456 2141; x_wconf 88' lang='lat' dir='ltr'><strong><em>de</em></strong></span> <span class='ocrx_word' id='word_1_198' title='bbox 484 2088 585 2141; x_wconf 82' lang='lat' dir='ltr'><strong><em>ista</em></strong></span> <span class='ocrx_word' id='word_1_199' title='bbox 609 2089 895 2157; x_wconf 86' lang='lat' dir='ltr'><strong><em>quidquam</em></strong></span> <span class='ocrx_word' id='word_1_200' title='bbox 919 2086 1322 2157; x_wconf 29' lang='lat' dir='ltr'><strong><em>aliudicogitare</em></strong></span> <span class='ocrx_word' id='word_1_201' title='bbox 1342 2088 1766 2157; x_wconf 88' lang='lat' dir='ltr'><strong><em>possumus,_nisi</em></strong></span> <span class='ocrx_word' id='word_1_202' title='bbox 1793 2086 1931 2155; x_wconf 88' lang='lat' dir='ltr'><strong><em>quod</em></strong></span> <span class='ocrx_word' id='word_1_203' title='bbox 1961 2086 2025 2139; x_wconf 90' lang='lat' dir='ltr'><strong><em>ab</em></strong></span> <span class='ocrx_word' id='word_1_204' title='bbox 2050 2088 2225 2155; x_wconf 88' lang='lat' dir='ltr'><strong><em>aliquo</em></strong></span> <span class='ocrx_word' id='word_1_205' title='bbox 2250 2086 2469 2155; x_wconf 86' lang='lat' dir='ltr'><strong><em>scripta,</em></strong></span> <span class='ocrx_word' id='word_1_206' title='bbox 2494 2103 2612 2139; x_wconf 88' lang='lat' dir='ltr'><strong><em>cum</em></strong></span> <span class='ocrx_word' id='word_1_207' title='bbox 2635 2087 2954 2155; x_wconf 86' lang='lat' dir='ltr'><strong><em>singularem</em></strong></span> <span class='ocrx_word' id='word_1_208' title='bbox 2997 2087 3211 2140; x_wconf 87' lang='lat' dir='ltr'><strong><em>titulum</em></strong></span> <span class='ocrx_word' id='word_1_209' title='bbox 3236 2104 3342 2141; x_wconf 90' lang='lat' dir='ltr'><strong><em>non</em></strong></span> <span class='ocrx_word' id='word_1_210' title='bbox 3361 2086 3660 2157; x_wconf 75' lang='lat' dir='ltr'><strong><em>pra:[erret,</em></strong></span> 
     </span>
    </p>
   </div>
   <div class='ocr_carea' id='block_1_17' title="bbox 395 2155 3663 2228">
    <p class='ocr_par' dir='ltr' id='par_1_17' title="bbox 395 2155 3663 2228">
     <span class='ocr_line' id='line_1_19' title="bbox 395 2155 3663 2228; baseline -0 -17"><span class='ocrx_word' id='word_1_211' title='bbox 395 2155 629 2228; x_wconf 85' lang='lat' dir='ltr'><strong><em>essetque</em></strong></span> <span class='ocrx_word' id='word_1_212' title='bbox 680 2155 1016 2228; x_wconf 70' lang='lat' dir='ltr'><strong><em>Antiocheam</em></strong></span> <span class='ocrx_word' id='word_1_213' title='bbox 1058 2156 1308 2209; x_wconf 73' lang='lat' dir='ltr'><strong><em>Ecclesia:</em></strong></span> <span class='ocrx_word' id='word_1_214' title='bbox 1346 2157 1581 2225; x_wconf 89' lang='lat' dir='ltr'><strong><em>propria,</em></strong></span> <span class='ocrx_word' id='word_1_215' title='bbox 1628 2155 1830 2228; x_wconf 85' lang='lat' dir='ltr'><strong><em>Ignatii</em></strong></span> <span class='ocrx_word' id='word_1_216' title='bbox 1859 2173 2063 2223; x_wconf 87' lang='lat' dir='ltr'><strong><em>nomen,</em></strong></span> <span class='ocrx_word' id='word_1_217' title='bbox 2094 2164 2343 2225; x_wconf 87' lang='lat' dir='ltr'><strong><em>tanquam</em></strong></span> <span class='ocrx_word' id='word_1_218' title='bbox 2375 2157 2528 2228; x_wconf 82' lang='lat' dir='ltr'><strong><em>illius</em></strong></span> <span class='ocrx_word' id='word_1_219' title='bbox 2569 2158 2790 2226; x_wconf 87' lang='lat' dir='ltr'><strong><em>insignis</em></strong></span> <span class='ocrx_word' id='word_1_220' title='bbox 2841 2157 3105 2228; x_wconf 85' lang='lat' dir='ltr'><strong><em>Episcopi,</em></strong></span> <span class='ocrx_word' id='word_1_221' title='bbox 3151 2160 3426 2226; x_wconf 88' lang='lat' dir='ltr'><strong><em>acceperit.</em></strong></span> <span class='ocrx_word' id='word_1_222' title='bbox 3460 2156 3663 2228; x_wconf 88' lang='lat' dir='ltr'><strong><em>_Potuit</em></strong></span> 
     </span>
    </p>
   </div>
   <div class='ocr_carea' id='block_1_18' title="bbox 395 2226 3664 2298">
    <p class='ocr_par' dir='ltr' id='par_1_18' title="bbox 395 2226 3664 2298">
     <span class='ocr_line' id='line_1_20' title="bbox 395 2226 3664 2298; baseline -0 -17"><span class='ocrx_word' id='word_1_223' title='bbox 395 2226 556 2282; x_wconf 82' lang='lat' dir='ltr'><strong><em>etiam</em></strong></span> <span class='ocrx_word' id='word_1_224' title='bbox 586 2232 649 2280; x_wconf 92' lang='lat' dir='ltr'><strong><em>ab</em></strong></span> <span class='ocrx_word' id='word_1_225' title='bbox 678 2228 856 2297; x_wconf 86' lang='lat' dir='ltr'><strong><em>aliquo</em></strong></span> <span class='ocrx_word' id='word_1_226' title='bbox 894 2226 1107 2298; x_wconf 88' lang='lat' dir='ltr'><strong><em>Ignatio</em></strong></span> <span class='ocrx_word' id='word_1_227' title='bbox 1130 2228 1329 2294; x_wconf 88' lang='lat' dir='ltr'><strong><em>scripta</em></strong></span> <span class='ocrx_word' id='word_1_228' title='bbox 1356 2228 1539 2298; x_wconf 78' lang='lat' dir='ltr'><strong><em>fuisse,</em></strong></span> <span class='ocrx_word' id='word_1_229' title='bbox 1566 2228 1655 2295; x_wconf 93' lang='lat' dir='ltr'><strong><em>qui</em></strong></span> <span class='ocrx_word' id='word_1_230' title='bbox 1674 2227 1825 2298; x_wconf 84' lang='lat' dir='ltr'><strong><em>illam</em></strong></span> <span class='ocrx_word' id='word_1_231' title='bbox 1852 2228 2025 2280; x_wconf 88' lang='lat' dir='ltr'><strong><em>sedem</em></strong></span> <span class='ocrx_word' id='word_1_232' title='bbox 2053 2229 2295 2291; x_wconf 90' lang='lat' dir='ltr'><strong><em>tenuerit,</em></strong></span> <span class='ocrx_word' id='word_1_233' title='bbox 2330 2226 2531 2297; x_wconf 83' lang='lat' dir='ltr'><strong><em>aliquot</em></strong></span> <span class='ocrx_word' id='word_1_234' title='bbox 2559 2228 2696 2298; x_wconf 90' lang='lat' dir='ltr'><strong><em>enim</em></strong></span> <span class='ocrx_word' id='word_1_235' title='bbox 2729 2230 2805 2281; x_wconf 89' lang='lat' dir='ltr'><strong><em>ita</em></strong></span> <span class='ocrx_word' id='word_1_236' title='bbox 2841 2227 3091 2298; x_wconf 81' lang='lat' dir='ltr'><strong><em>appellati</em></strong></span> <span class='ocrx_word' id='word_1_237' title='bbox 3118 2238 3259 2292; x_wconf 83' lang='lat' dir='ltr'><strong><em>sunt,</em></strong></span> <span class='ocrx_word' id='word_1_238' title='bbox 3285 2231 3424 2282; x_wconf 88' lang='lat' dir='ltr'><strong><em>inter</em></strong></span> <span class='ocrx_word' id='word_1_239' title='bbox 3444 2226 3664 2281; x_wconf 81' lang='lat' dir='ltr'><strong><em>Jacobi-</em></strong></span> 
     </span>
    </p>
   </div>
   <div class='ocr_carea' id='block_1_19' title="bbox 397 2296 3664 2368">
    <p class='ocr_par' dir='ltr' id='par_1_19' title="bbox 397 2296 3664 2368">
     <span class='ocr_line' id='line_1_21' title="bbox 397 2296 3664 2368; baseline -0.001 -14"><span class='ocrx_word' id='word_1_240' title='bbox 397 2310 572 2354; x_wconf 89' lang='lat' dir='ltr'><strong><em>tarum</em></strong></span> <span class='ocrx_word' id='word_1_241' title='bbox 601 2296 968 2363; x_wconf 83' lang='lat' dir='ltr'><strong><em>Patriarchas,</em></strong></span> <span class='ocrx_word' id='word_1_242' title='bbox 1004 2306 1051 2350; x_wconf 92' lang='lat' dir='ltr'><strong><em>et</em></strong></span> <span class='ocrx_word' id='word_1_243' title='bbox 1080 2296 1425 2349; x_wconf 86' lang='lat' dir='ltr'><strong><em>librariorum</em></strong></span> <span class='ocrx_word' id='word_1_244' title='bbox 1445 2297 1598 2365; x_wconf 88' lang='lat' dir='ltr'><strong><em>culpa</em></strong></span> <span class='ocrx_word' id='word_1_245' title='bbox 1628 2297 1696 2349; x_wconf 90' lang='lat' dir='ltr'><strong><em>ad</em></strong></span> <span class='ocrx_word' id='word_1_246' title='bbox 1721 2297 2013 2368; x_wconf 70' lang='lat' dir='ltr'><strong><em>Martyrem</em></strong></span> <span class='ocrx_word' id='word_1_247' title='bbox 2045 2298 2251 2367; x_wconf 77' lang='lat' dir='ltr'><strong><em>referri,</em></strong></span> <span class='ocrx_word' id='word_1_248' title='bbox 2279 2312 2395 2368; x_wconf 69' lang='lat' dir='ltr'><strong><em>quae</em></strong></span> <span class='ocrx_word' id='word_1_249' title='bbox 2416 2298 2534 2350; x_wconf 90' lang='lat' dir='ltr'><strong><em>novi</em></strong></span> <span class='ocrx_word' id='word_1_250' title='bbox 2563 2297 2787 2352; x_wconf 85' lang='lat' dir='ltr'><strong><em>hominis</em></strong></span> <span class='ocrx_word' id='word_1_251' title='bbox 2812 2296 2967 2368; x_wconf 84' lang='lat' dir='ltr'><strong><em>foret.</em></strong></span> <span class='ocrx_word' id='word_1_252' title='bbox 3002 2296 3104 2352; x_wconf 89' lang='lat' dir='ltr'><strong><em>Sed</em></strong></span> <span class='ocrx_word' id='word_1_253' title='bbox 3121 2299 3246 2368; x_wconf 88' lang='lat' dir='ltr'><strong><em>quid</em></strong></span> <span class='ocrx_word' id='word_1_254' title='bbox 3268 2299 3332 2352; x_wconf 89' lang='lat' dir='ltr'><strong><em>de</em></strong></span> <span class='ocrx_word' id='word_1_255' title='bbox 3358 2298 3664 2352; x_wconf 80' lang='lat' dir='ltr'><strong><em>istiusmodi</em></strong></span> 
     </span>
    </p>
   </div>
   <div class='ocr_carea' id='block_1_20' title="bbox 398 2367 2185 2437">
    <p class='ocr_par' dir='ltr' id='par_1_20' title="bbox 398 2367 2185 2437">
     <span class='ocr_line' id='line_1_22' title="bbox 398 2367 2185 2437; baseline -0.001 -15"><span class='ocrx_word' id='word_1_256' title='bbox 398 2369 569 2422; x_wconf 86' lang='lat' dir='ltr'><strong><em>titulis</em></strong></span> <span class='ocrx_word' id='word_1_257' title='bbox 601 2369 938 2421; x_wconf 88' lang='lat' dir='ltr'><strong><em>statuendum</em></strong></span> <span class='ocrx_word' id='word_1_258' title='bbox 971 2369 1061 2431; x_wconf 89' lang='lat' dir='ltr'><strong><em>sit,</em></strong></span> <span class='ocrx_word' id='word_1_259' title='bbox 1092 2378 1348 2437; x_wconf 81' lang='lat' dir='ltr'><strong><em>quantum</em></strong></span> <span class='ocrx_word' id='word_1_260' title='bbox 1377 2383 1504 2435; x_wconf 89' lang='lat' dir='ltr'><strong><em>opus</em></strong></span> <span class='ocrx_word' id='word_1_261' title='bbox 1532 2377 1669 2432; x_wconf 90' lang='lat' dir='ltr'><strong><em>erat,</em></strong></span> <span class='ocrx_word' id='word_1_262' title='bbox 1707 2367 1909 2419; x_wconf 90' lang='lat' dir='ltr'><strong><em>dictum</em></strong></span> <span class='ocrx_word' id='word_1_263' title='bbox 1938 2375 2013 2421; x_wconf 89' lang='lat' dir='ltr'><strong><em>est</em></strong></span> <span class='ocrx_word' id='word_1_264' title='bbox 2038 2368 2185 2421; x_wconf 81' lang='lat' dir='ltr'><strong><em>alibi.</em></strong></span> 
     </span>
    </p>
   </div>
   <div class='ocr_carea' id='block_1_21' title="bbox 476 2436 3666 2509">
    <p class='ocr_par' dir='ltr' id='par_1_21' title="bbox 476 2436 3666 2509">
     <span class='ocr_line' id='line_1_23' title="bbox 476 2436 3666 2509; baseline 0.001 -18"><span class='ocrx_word' id='word_1_265' title='bbox 476 2438 541 2491; x_wconf 86' lang='lat' dir='ltr'><strong><em>In</em></strong></span> <span class='ocrx_word' id='word_1_266' title='bbox 591 2440 695 2491; x_wconf 87' lang='lat' dir='ltr'><strong><em>ista</em></strong></span> <span class='ocrx_word' id='word_1_267' title='bbox 734 2440 943 2509; x_wconf 86' lang='lat' dir='ltr'><strong><em>quidem</em></strong></span> <span class='ocrx_word' id='word_1_268' title='bbox 976 2436 1223 2505; x_wconf 86' lang='lat' dir='ltr'><strong><em>Liturgia</em></strong></span> <span class='ocrx_word' id='word_1_269' title='bbox 1259 2436 1747 2509; x_wconf 80' lang='lat' dir='ltr'><strong><em>Monophysitarum</em></strong></span> <span class='ocrx_word' id='word_1_270' title='bbox 1778 2437 2033 2509; x_wconf 74' lang='lat' dir='ltr'><strong><em>haereseos</em></strong></span> <span class='ocrx_word' id='word_1_271' title='bbox 2056 2454 2135 2509; x_wconf 81' lang='lat' dir='ltr'><strong><em>ne</em></strong></span> <span class='ocrx_word' id='word_1_272' title='bbox 2172 2438 2493 2509; x_wconf 79' lang='lat' dir='ltr'><strong><em>levissimum</em></strong></span> <span class='ocrx_word' id='word_1_273' title='bbox 2515 2438 2726 2508; x_wconf 84' lang='lat' dir='ltr'><strong><em>quidem</em></strong></span> <span class='ocrx_word' id='word_1_274' title='bbox 2774 2438 3051 2509; x_wconf 90' lang='lat' dir='ltr'><strong><em>vestigium</em></strong></span> <span class='ocrx_word' id='word_1_275' title='bbox 3082 2438 3506 2507; x_wconf 87' lang='lat' dir='ltr'><strong><em>deprehenditur,</em></strong></span> <span class='ocrx_word' id='word_1_276' title='bbox 3548 2454 3666 2509; x_wconf 77' lang='lat' dir='ltr'><strong><em>qua:</em></strong></span> 
     </span>
    </p>
   </div>
   <div class='ocr_carea' id='block_1_22' title="bbox 397 2508 3664 2579">
    <p class='ocr_par' dir='ltr' id='par_1_22' title="bbox 397 2508 3664 2579">
     <span class='ocr_line' id='line_1_24' title="bbox 397 2508 3664 2579; baseline 0.001 -18"><span class='ocrx_word' id='word_1_277' title='bbox 397 2509 640 2577; x_wconf 87' lang='lat' dir='ltr'><strong><em>majoris,</em></strong></span> <span class='ocrx_word' id='word_1_278' title='bbox 664 2524 821 2579; x_wconf 87' lang='lat' dir='ltr'><strong><em>quam</em></strong></span> <span class='ocrx_word' id='word_1_279' title='bbox 844 2508 1232 2573; x_wconf 65' lang='lat' dir='ltr'><strong><em>existimamus,</em></strong></span> <span class='ocrx_word' id='word_1_280' title='bbox 1276 2508 1610 2579; x_wconf 74' lang='lat' dir='ltr'><strong><em>antiquitatis</em></strong></span> <span class='ocrx_word' id='word_1_281' title='bbox 1651 2519 1796 2579; x_wconf 86' lang='lat' dir='ltr'><strong><em>nota,</em></strong></span> <span class='ocrx_word' id='word_1_282' title='bbox 1836 2508 2135 2579; x_wconf 69' lang='lat' dir='ltr'><strong><em>verisimilis</em></strong></span> <span class='ocrx_word' id='word_1_283' title='bbox 2164 2508 2325 2561; x_wconf 89' lang='lat' dir='ltr'><strong><em>videri</em></strong></span> <span class='ocrx_word' id='word_1_284' title='bbox 2357 2509 2621 2578; x_wconf 85' lang='lat' dir='ltr'><strong><em>aliquibus</em></strong></span> <span class='ocrx_word' id='word_1_285' title='bbox 2654 2518 2849 2577; x_wconf 89' lang='lat' dir='ltr'><strong><em>posset.</em></strong></span> <span class='ocrx_word' id='word_1_286' title='bbox 2891 2508 3189 2563; x_wconf 80' lang='lat' dir='ltr'><strong><em>Meminisse</em></strong></span> <span class='ocrx_word' id='word_1_287' title='bbox 3224 2519 3401 2579; x_wconf 86' lang='lat' dir='ltr'><strong><em>tamen</em></strong></span> <span class='ocrx_word' id='word_1_288' title='bbox 3438 2508 3664 2579; x_wconf 86' lang='lat' dir='ltr'><strong><em>oportet,</em></strong></span> 
     </span>
    </p>
   </div>
   <div class='ocr_carea' id='block_1_23' title="bbox 396 2576 3665 2649">
    <p class='ocr_par' dir='ltr' id='par_1_23' title="bbox 396 2576 3665 2649">
     <span class='ocr_line' id='line_1_25' title="bbox 396 2576 3665 2649; baseline 0.001 -18"><span class='ocrx_word' id='word_1_289' title='bbox 396 2576 536 2649; x_wconf 82' lang='lat' dir='ltr'><strong><em>quad</em></strong></span> <span class='ocrx_word' id='word_1_290' title='bbox 569 2576 697 2632; x_wconf 86' lang='lat' dir='ltr'><strong><em>alibi</em></strong></span> <span class='ocrx_word' id='word_1_291' title='bbox 730 2578 1056 2631; x_wconf 88' lang='lat' dir='ltr'><strong><em>observatum</em></strong></span> <span class='ocrx_word' id='word_1_292' title='bbox 1098 2588 1196 2641; x_wconf 88' lang='lat' dir='ltr'><strong><em>est,</em></strong></span> <span class='ocrx_word' id='word_1_293' title='bbox 1233 2594 1353 2630; x_wconf 89' lang='lat' dir='ltr'><strong><em>raro</em></strong></span> <span class='ocrx_word' id='word_1_294' title='bbox 1392 2580 1529 2630; x_wconf 89' lang='lat' dir='ltr'><strong><em>inter</em></strong></span> <span class='ocrx_word' id='word_1_295' title='bbox 1564 2576 1839 2632; x_wconf 87' lang='lat' dir='ltr'><strong><em>Jacobitas</em></strong></span> <span class='ocrx_word' id='word_1_296' title='bbox 1867 2577 2048 2649; x_wconf 79' lang='lat' dir='ltr'><strong><em>Syros,</em></strong></span> <span class='ocrx_word' id='word_1_297' title='bbox 2082 2578 2369 2649; x_wconf 74' lang='lat' dir='ltr'><strong><em>Liturgicis</em></strong></span> <span class='ocrx_word' id='word_1_298' title='bbox 2390 2576 2664 2649; x_wconf 85' lang='lat' dir='ltr'><strong><em>precibus,</em></strong></span> <span class='ocrx_word' id='word_1_299' title='bbox 2698 2596 2761 2632; x_wconf 89' lang='lat' dir='ltr'><strong><em>ea</em></strong></span> <span class='ocrx_word' id='word_1_300' title='bbox 2782 2596 2900 2649; x_wconf 73' lang='lat' dir='ltr'><strong><em>qua:</em></strong></span> <span class='ocrx_word' id='word_1_301' title='bbox 2930 2579 2999 2632; x_wconf 91' lang='lat' dir='ltr'><strong><em>ad</em></strong></span> <span class='ocrx_word' id='word_1_302' title='bbox 3024 2595 3133 2633; x_wconf 69' lang='lat' dir='ltr'><strong><em>suae</em></strong></span> <span class='ocrx_word' id='word_1_303' title='bbox 3167 2579 3232 2632; x_wconf 88' lang='lat' dir='ltr'><strong><em>de</em></strong></span> <span class='ocrx_word' id='word_1_304' title='bbox 3265 2576 3665 2635; x_wconf 71' lang='lat' dir='ltr'><strong><em>lncarnationis</em></strong></span> 
     </span>
    </p>
   </div>
   <div class='ocr_carea' id='block_1_24' title="bbox 399 2647 3667 2721">
    <p class='ocr_par' dir='ltr' id='par_1_24' title="bbox 399 2647 3667 2721">
     <span class='ocr_line' id='line_1_26' title="bbox 399 2647 3667 2721; baseline 0.001 -19"><span class='ocrx_word' id='word_1_305' title='bbox 399 2647 648 2721; x_wconf 77' lang='lat' dir='ltr'><strong><em>mysterio</em></strong></span> <span class='ocrx_word' id='word_1_306' title='bbox 672 2649 928 2721; x_wconf 75' lang='lat' dir='ltr'><strong><em>doctrina:</em></strong></span> <span class='ocrx_word' id='word_1_307' title='bbox 967 2648 1425 2721; x_wconf 80' lang='lat' dir='ltr'><strong><em>conﬁrmationem</em></strong></span> <span class='ocrx_word' id='word_1_308' title='bbox 1449 2649 1731 2721; x_wconf 66' lang='lat' dir='ltr'><strong><em>pertinent,</em></strong></span> <span class='ocrx_word' id='word_1_309' title='bbox 1767 2649 1928 2721; x_wconf 78' lang='lat' dir='ltr'><strong><em>inse_ri</em></strong></span> <span class='ocrx_word' id='word_1_310' title='bbox 1958 2648 2147 2721; x_wconf 78' lang='lat' dir='ltr'><strong><em>solere.</em></strong></span> <span class='ocrx_word' id='word_1_311' title='bbox 2190 2647 2330 2721; x_wconf 85' lang='lat' dir='ltr'><strong><em>Solis</em></strong></span> <span class='ocrx_word' id='word_1_312' title='bbox 2356 2647 2628 2721; x_wconf 61' lang='lat' dir='ltr'><strong><em>Egyptiis</em></strong></span> <span class='ocrx_word' id='word_1_313' title='bbox 2665 2647 2941 2721; x_wconf 78' lang='lat' dir='ltr'><strong><em>proprium</em></strong></span> <span class='ocrx_word' id='word_1_314' title='bbox 2982 2649 3113 2702; x_wconf 81' lang='lat' dir='ltr'><strong><em>illud</em></strong></span> <span class='ocrx_word' id='word_1_315' title='bbox 3152 2650 3277 2719; x_wconf 77' lang='lat' dir='ltr'><strong><em>fuit,</em></strong></span> <span class='ocrx_word' id='word_1_316' title='bbox 3323 2652 3411 2721; x_wconf 91' lang='lat' dir='ltr'><strong><em>qui</em></strong></span> <span class='ocrx_word' id='word_1_317' title='bbox 3444 2649 3667 2720; x_wconf 79' lang='lat' dir='ltr'><strong><em>Confes-</em></strong></span> 
     </span>
    </p>
   </div>
   <div class='ocr_carea' id='block_1_25' title="bbox 400 2716 3664 2789">
    <p class='ocr_par' dir='ltr' id='par_1_25' title="bbox 400 2716 3664 2789">
     <span class='ocr_line' id='line_1_27' title="bbox 400 2716 3664 2789; baseline 0.002 -18"><span class='ocrx_word' id='word_1_318' title='bbox 400 2716 541 2789; x_wconf 64' lang='lat' dir='ltr'><strong><em>sioni</em></strong></span> <span class='ocrx_word' id='word_1_319' title='bbox 572 2719 634 2771; x_wconf 92' lang='lat' dir='ltr'><strong><em>de</em></strong></span> <span class='ocrx_word' id='word_1_320' title='bbox 666 2719 882 2771; x_wconf 88' lang='lat' dir='ltr'><strong><em>veritate</em></strong></span> <span class='ocrx_word' id='word_1_321' title='bbox 904 2719 1139 2789; x_wconf 85' lang='lat' dir='ltr'><strong><em>corporis</em></strong></span> <span class='ocrx_word' id='word_1_322' title='bbox 1168 2728 1216 2770; x_wconf 88' lang='lat' dir='ltr'><strong><em>et</em></strong></span> <span class='ocrx_word' id='word_1_323' title='bbox 1240 2718 1510 2788; x_wconf 88' lang='lat' dir='ltr'><strong><em>sanguinis</em></strong></span> <span class='ocrx_word' id='word_1_324' title='bbox 1534 2716 1732 2773; x_wconf 86' lang='lat' dir='ltr'><strong><em>Christi</em></strong></span> <span class='ocrx_word' id='word_1_325' title='bbox 1764 2719 1818 2789; x_wconf 77' lang='lat' dir='ltr'><strong><em>in</em></strong></span> <span class='ocrx_word' id='word_1_326' title='bbox 1844 2718 2206 2789; x_wconf 83' lang='lat' dir='ltr'><strong><em>Eucharistia,</em></strong></span> <span class='ocrx_word' id='word_1_327' title='bbox 2234 2716 2551 2773; x_wconf 24' lang='lat' dir='ltr'><strong><em>alteram’de</em></strong></span> <span class='ocrx_word' id='word_1_328' title='bbox 2580 2716 2689 2773; x_wconf 82' lang='lat' dir='ltr'><strong><em>una</em></strong></span> <span class='ocrx_word' id='word_1_329' title='bbox 2719 2716 2776 2772; x_wconf 82' lang='lat' dir='ltr'><strong><em>in</em></strong></span> <span class='ocrx_word' id='word_1_330' title='bbox 2806 2719 3017 2773; x_wconf 87' lang='lat' dir='ltr'><strong><em>Christo</em></strong></span> <span class='ocrx_word' id='word_1_331' title='bbox 3043 2716 3234 2773; x_wconf 83' lang='lat' dir='ltr'><strong><em>natura</em></strong></span> <span class='ocrx_word' id='word_1_332' title='bbox 3257 2716 3664 2789; x_wconf 71' lang='lat' dir='ltr'><strong><em>conjunxerunt.</em></strong></span> 
     </span>
    </p>
   </div>
   <div class='ocr_carea' id='block_1_26' title="bbox 400 2787 3669 2860">
    <p class='ocr_par' dir='ltr' id='par_1_26' title="bbox 400 2787 3669 2860">
     <span class='ocr_line' id='line_1_28' title="bbox 400 2787 3669 2860; baseline 0 -17"><span class='ocrx_word' id='word_1_333' title='bbox 400 2787 590 2860; x_wconf 84' lang='lat' dir='ltr'><strong><em>Itaque</em></strong></span> <span class='ocrx_word' id='word_1_334' title='bbox 624 2789 761 2859; x_wconf 89' lang='lat' dir='ltr'><strong><em>quod</em></strong></span> <span class='ocrx_word' id='word_1_335' title='bbox 790 2788 922 2841; x_wconf 89' lang='lat' dir='ltr'><strong><em>nihil</em></strong></span> <span class='ocrx_word' id='word_1_336' title='bbox 954 2788 1023 2841; x_wconf 92' lang='lat' dir='ltr'><strong><em>ad</em></strong></span> <span class='ocrx_word' id='word_1_337' title='bbox 1057 2805 1173 2842; x_wconf 90' lang='lat' dir='ltr'><strong><em>eam</em></strong></span> <span class='ocrx_word' id='word_1_338' title='bbox 1213 2790 1477 2860; x_wconf 87' lang='lat' dir='ltr'><strong><em>pertinens</em></strong></span> <span class='ocrx_word' id='word_1_339' title='bbox 1516 2790 1569 2841; x_wconf 90' lang='lat' dir='ltr'><strong><em>in</em></strong></span> <span class='ocrx_word' id='word_1_340' title='bbox 1612 2789 1718 2842; x_wconf 89' lang='lat' dir='ltr'><strong><em>ista</em></strong></span> <span class='ocrx_word' id='word_1_341' title='bbox 1757 2787 1957 2860; x_wconf 84' lang='lat' dir='ltr'><strong><em>Ignatii</em></strong></span> <span class='ocrx_word' id='word_1_342' title='bbox 1989 2788 2238 2860; x_wconf 87' lang='lat' dir='ltr'><strong><em>Liturgia</em></strong></span> <span class='ocrx_word' id='word_1_343' title='bbox 2282 2791 2611 2859; x_wconf 88' lang='lat' dir='ltr'><strong><em>reperiatur,</em></strong></span> <span class='ocrx_word' id='word_1_344' title='bbox 2660 2792 2728 2843; x_wconf 92' lang='lat' dir='ltr'><strong><em>ad</em></strong></span> <span class='ocrx_word' id='word_1_345' title='bbox 2764 2789 2908 2860; x_wconf 73' lang='lat' dir='ltr'><strong><em>illius</em></strong></span> <span class='ocrx_word' id='word_1_346' title='bbox 2946 2791 3315 2859; x_wconf 90' lang='lat' dir='ltr'><strong><em>antiquitatem</em></strong></span> <span class='ocrx_word' id='word_1_347' title='bbox 3340 2787 3669 2860; x_wconf 83' lang='lat' dir='ltr'><strong><em>probandam</em></strong></span> 
     </span>
    </p>
   </div>
   <div class='ocr_carea' id='block_1_27' title="bbox 401 2858 3670 2929">
    <p class='ocr_par' dir='ltr' id='par_1_27' title="bbox 401 2858 3670 2929">
     <span class='ocr_line' id='line_1_29' title="bbox 401 2858 3670 2929; baseline 0.001 -17"><span class='ocrx_word' id='word_1_348' title='bbox 401 2858 601 2913; x_wconf 87' lang='lat' dir='ltr'><strong><em>nullius</em></strong></span> <span class='ocrx_word' id='word_1_349' title='bbox 634 2858 880 2912; x_wconf 83' lang='lat' dir='ltr'><strong><em>momenti</em></strong></span> <span class='ocrx_word' id='word_1_350' title='bbox 913 2869 1010 2924; x_wconf 89' lang='lat' dir='ltr'><strong><em>est,</em></strong></span> <span class='ocrx_word' id='word_1_351' title='bbox 1051 2876 1165 2911; x_wconf 86' lang='lat' dir='ltr'><strong><em>cum</em></strong></span> <span class='ocrx_word' id='word_1_352' title='bbox 1198 2859 1501 2912; x_wconf 86' lang='lat' dir='ltr'><strong><em>recentioris</em></strong></span> <span class='ocrx_word' id='word_1_353' title='bbox 1532 2860 1626 2913; x_wconf 73' lang='grc' dir='ltr'><strong><em>ωινὲ</em></strong></span> <span class='ocrx_word' id='word_1_354' title='bbox 1655 2870 1762 2912; x_wconf 91' lang='lat' dir='ltr'><strong><em>tam</em></strong></span> <span class='ocrx_word' id='word_1_355' title='bbox 1785 2858 1954 2929; x_wconf 88' lang='lat' dir='ltr'><strong><em>multa</em></strong></span> <span class='ocrx_word' id='word_1_356' title='bbox 1985 2858 2199 2913; x_wconf 89' lang='lat' dir='ltr'><strong><em>aliunde</em></strong></span> <span class='ocrx_word' id='word_1_357' title='bbox 2229 2861 2479 2929; x_wconf 63' lang='lat' dir='ltr'><strong><em>praeferat</em></strong></span> <span class='ocrx_word' id='word_1_358' title='bbox 2505 2860 2726 2913; x_wconf 90' lang='lat' dir='ltr'><strong><em>indicia.</em></strong></span> <span class='ocrx_word' id='word_1_359' title='bbox 2759 2859 2909 2914; x_wconf 84' lang='lat' dir='ltr'><strong><em>Inter</em></strong></span> <span class='ocrx_word' id='word_1_360' title='bbox 2929 2861 3024 2913; x_wconf 88' lang='lat' dir='ltr'><strong><em>illa</em></strong></span> <span class='ocrx_word' id='word_1_361' title='bbox 3047 2858 3220 2913; x_wconf 88' lang='lat' dir='ltr'><strong><em>tamen</em></strong></span> <span class='ocrx_word' id='word_1_362' title='bbox 3244 2858 3670 2915; x_wconf 87' lang='lat' dir='ltr'><strong><em>commemoratio</em></strong></span> 
     </span>
    </p>
   </div>
   <div class='ocr_carea' id='block_1_28' title="bbox 402 2928 3672 3001">
    <p class='ocr_par' dir='ltr' id='par_1_28' title="bbox 402 2928 3672 3001">
     <span class='ocr_line' id='line_1_30' title="bbox 402 2928 3672 3001; baseline 0.001 -18"><span class='ocrx_word' id='word_1_363' title='bbox 402 2931 459 2983; x_wconf 89' lang='lat' dir='ltr'><strong><em>in</em></strong></span> <span class='ocrx_word' id='word_1_364' title='bbox 506 2929 774 3001; x_wconf 83' lang='lat' dir='ltr'><strong><em>Diptychis</em></strong></span> <span class='ocrx_word' id='word_1_365' title='bbox 812 2930 978 2999; x_wconf 78' lang='lat' dir='ltr'><strong><em>facta,</em></strong></span> <span class='ocrx_word' id='word_1_366' title='bbox 1018 2938 1322 3001; x_wconf 81' lang='lat' dir='ltr'><strong><em>sanctorum</em></strong></span> <span class='ocrx_word' id='word_1_367' title='bbox 1347 2930 1781 3001; x_wconf 81' lang='lat' dir='ltr'><strong><em>quiconsumpto</em></strong></span> <span class='ocrx_word' id='word_1_368' title='bbox 1809 2928 2009 2982; x_wconf 87' lang='lat' dir='ltr'><strong><em>dudum</em></strong></span> <span class='ocrx_word' id='word_1_369' title='bbox 2031 2946 2123 2999; x_wconf 89' lang='lat' dir='ltr'><strong><em>per</em></strong></span> <span class='ocrx_word' id='word_1_370' title='bbox 2166 2928 2484 2999; x_wconf 83' lang='lat' dir='ltr'><strong><em>martyrium</em></strong></span> <span class='ocrx_word' id='word_1_371' title='bbox 2528 2929 2735 3001; x_wconf 81' lang='lat' dir='ltr'><strong><em>Ignatio</em></strong></span> <span class='ocrx_word' id='word_1_372' title='bbox 2774 2933 2829 2984; x_wconf 90' lang='lat' dir='ltr'><strong><em>in</em></strong></span> <span class='ocrx_word' id='word_1_373' title='bbox 2875 2930 3111 2985; x_wconf 85' lang='lat' dir='ltr'><strong><em>Ecclesia</em></strong></span> <span class='ocrx_word' id='word_1_374' title='bbox 3140 2932 3430 3000; x_wconf 81' lang='lat' dir='ltr'><strong><em>ﬂoruerunt</em></strong></span> <span class='ocrx_word' id='word_1_375' title='bbox 3474 2934 3672 2987; x_wconf 85' lang='lat' dir='ltr'><strong><em>censeri</em></strong></span> 
     </span>
    </p>
   </div>
   <div class='ocr_carea' id='block_1_29' title="bbox 404 2999 3674 3071">
    <p class='ocr_par' dir='ltr' id='par_1_29' title="bbox 404 2999 3674 3071">
     <span class='ocr_line' id='line_1_31' title="bbox 404 2999 3674 3071; baseline 0.001 -18"><span class='ocrx_word' id='word_1_376' title='bbox 404 3017 509 3053; x_wconf 90' lang='lat' dir='ltr'><strong><em>non</em></strong></span> <span class='ocrx_word' id='word_1_377' title='bbox 538 3000 723 3053; x_wconf 79' lang='lat' dir='ltr'><strong><em>debet:</em></strong></span> <span class='ocrx_word' id='word_1_378' title='bbox 758 3002 972 3053; x_wconf 88' lang='lat' dir='ltr'><strong><em>nomina</em></strong></span> <span class='ocrx_word' id='word_1_379' title='bbox 1000 3001 1187 3069; x_wconf 87' lang='lat' dir='ltr'><strong><em>quippe</em></strong></span> <span class='ocrx_word' id='word_1_380' title='bbox 1207 2999 1303 3053; x_wconf 88' lang='lat' dir='ltr'><strong><em>illa</em></strong></span> <span class='ocrx_word' id='word_1_381' title='bbox 1334 3000 1508 3071; x_wconf 70' lang='lat' dir='ltr'><strong><em>adjici</em></strong></span> <span class='ocrx_word' id='word_1_382' title='bbox 1536 3008 1838 3071; x_wconf 73' lang='lat' dir='ltr'><strong><em>potuerunt,</em></strong></span> <span class='ocrx_word' id='word_1_383' title='bbox 1879 3012 1933 3051; x_wconf 90' lang='lat' dir='ltr'><strong><em>ut</em></strong></span> <span class='ocrx_word' id='word_1_384' title='bbox 1964 3001 2020 3052; x_wconf 90' lang='lat' dir='ltr'><strong><em>in</em></strong></span> <span class='ocrx_word' id='word_1_385' title='bbox 2062 3001 2184 3053; x_wconf 91' lang='lat' dir='ltr'><strong><em>aliis</em></strong></span> <span class='ocrx_word' id='word_1_386' title='bbox 2217 3001 2542 3067; x_wconf 85' lang='lat' dir='ltr'><strong><em>observatur,</em></strong></span> <span class='ocrx_word' id='word_1_387' title='bbox 2559 2999 2694 3071; x_wconf 81' lang='lat' dir='ltr'><strong><em>quia</em></strong></span> <span class='ocrx_word' id='word_1_388' title='bbox 2727 3001 2856 3054; x_wconf 88' lang='lat' dir='ltr'><strong><em>tales</em></strong></span> <span class='ocrx_word' id='word_1_389' title='bbox 2888 2999 3405 3071; x_wconf 88' lang='lat' dir='ltr'><strong><em>commemorationes</em></strong></span> <span class='ocrx_word' id='word_1_390' title='bbox 3429 3013 3578 3057; x_wconf 90' lang='lat' dir='ltr'><strong><em>erant</em></strong></span> <span class='ocrx_word' id='word_1_391' title='bbox 3609 3017 3674 3056; x_wconf 71' lang='lat' dir='ltr'><strong><em>ea:</em></strong></span> 
     </span>
    </p>
   </div>
   <div class='ocr_carea' id='block_1_30' title="bbox 402 3068 3672 3143">
    <p class='ocr_par' dir='ltr' id='par_1_30' title="bbox 402 3068 3672 3143">
     <span class='ocr_line' id='line_1_32' title="bbox 402 3068 3672 3143; baseline 0.001 -19"><span class='ocrx_word' id='word_1_392' title='bbox 402 3087 503 3124; x_wconf 85' lang='lat' dir='ltr'><strong><em>usu</em></strong></span> <span class='ocrx_word' id='word_1_393' title='bbox 557 3070 935 3143; x_wconf 75' lang='lat' dir='ltr'><strong><em>ecclesiastico.</em></strong></span> <span class='ocrx_word' id='word_1_394' title='bbox 969 3068 1120 3143; x_wconf 81' lang='lat' dir='ltr'><strong><em>Quod</em></strong></span> <span class='ocrx_word' id='word_1_395' title='bbox 1159 3086 1290 3143; x_wconf 76' lang='lat' dir='ltr'><strong><em>vero</em></strong></span> <span class='ocrx_word' id='word_1_396' title='bbox 1323 3068 1608 3143; x_wconf 83' lang='lat' dir='ltr'><strong><em>Dioscorus</em></strong></span> <span class='ocrx_word' id='word_1_397' title='bbox 1650 3082 1699 3124; x_wconf 88' lang='lat' dir='ltr'><strong><em>et</em></strong></span> <span class='ocrx_word' id='word_1_398' title='bbox 1742 3068 1959 3123; x_wconf 88' lang='lat' dir='ltr'><strong><em>Severus</em></strong></span> <span class='ocrx_word' id='word_1_399' title='bbox 1999 3072 2310 3124; x_wconf 86' lang='lat' dir='ltr'><strong><em>nominatim</em></strong></span> <span class='ocrx_word' id='word_1_400' title='bbox 2340 3068 2855 3140; x_wconf 85' lang='lat' dir='ltr'><strong><em>commemorantur,</em></strong></span> <span class='ocrx_word' id='word_1_401' title='bbox 2880 3072 3033 3126; x_wconf 89' lang='lat' dir='ltr'><strong><em>illam</em></strong></span> <span class='ocrx_word' id='word_1_402' title='bbox 3076 3070 3374 3143; x_wconf 88' lang='lat' dir='ltr'><strong><em>Liturgiam</em></strong></span> <span class='ocrx_word' id='word_1_403' title='bbox 3411 3072 3672 3126; x_wconf 85' lang='lat' dir='ltr'><strong><em>Jacobitis</em></strong></span> 
     </span>
    </p>
   </div>
   <div class='ocr_carea' id='block_1_31' title="bbox 402 3140 1413 3211">
    <p class='ocr_par' dir='ltr' id='par_1_31' title="bbox 402 3140 1413 3211">
     <span class='ocr_line' id='line_1_33' title="bbox 402 3140 1413 3211; baseline -0.001 -18"><span class='ocrx_word' id='word_1_404' title='bbox 402 3142 673 3211; x_wconf 82' lang='lat' dir='ltr'><strong><em>propriam</em></strong></span> <span class='ocrx_word' id='word_1_405' title='bbox 702 3142 866 3210; x_wconf 80' lang='lat' dir='ltr'><strong><em>fuisse</em></strong></span> <span class='ocrx_word' id='word_1_406' title='bbox 898 3141 1238 3209; x_wconf 79' lang='lat' dir='ltr'><strong><em>manifestum</em></strong></span> <span class='ocrx_word' id='word_1_407' title='bbox 1262 3140 1413 3209; x_wconf 79' lang='lat' dir='ltr'><strong><em>facit.</em></strong></span> 
     </span>
    </p>
   </div>
   <div class='ocr_carea' id='block_1_32' title="bbox 757 3321 3677 3398">
    <p class='ocr_par' dir='ltr' id='par_1_32' title="bbox 757 3321 3677 3398">
     <span class='ocr_line' id='line_1_34' title="bbox 757 3321 3677 3398; baseline 0.007 -37"><span class='ocrx_word' id='word_1_408' title='bbox 757 3342 1000 3396; x_wconf 58' lang='lat' dir='ltr'><strong><em>Primum</em></strong></span> <span class='ocrx_word' id='word_1_409' title='bbox 1040 3342 1229 3398; x_wconf 58' lang='lat' dir='ltr'><strong><em>omn-0</em></strong></span> <span class='ocrx_word' id='word_1_410' title='bbox 1260 3354 1382 3397; x_wconf 56' lang='lat' dir='ltr'><strong><em>an&quot;,</em></strong></span> <span class='ocrx_word' id='word_1_411' title='bbox 1422 3343 1635 3396; x_wconf 47' lang='lat' dir='ltr'><strong><em>Pacem.</em></strong></span> <span class='ocrx_word' id='word_1_412' title='bbox 2016 3328 2058 3383; x_wconf 80' lang='grc' dir='ltr'><strong>Α</strong></span> <span class='ocrx_word' id='word_1_413' title='bbox 2088 3321 2200 3375; x_wconf 90' lang='lat' dir='ltr'><strong><em>lum</em></strong></span> <span class='ocrx_word' id='word_1_414' title='bbox 2233 3331 2388 3375; x_wconf 86' lang='lat' dir='ltr'><strong><em>tuum</em></strong></span> <span class='ocrx_word' id='word_1_415' title='bbox 2434 3321 2669 3389; x_wconf 90' lang='lat' dir='ltr'><strong><em>ﬁdelem,</em></strong></span> <span class='ocrx_word' id='word_1_416' title='bbox 2704 3321 2965 3388; x_wconf 86' lang='lat' dir='ltr'><strong><em>Domine,</em></strong></span> <span class='ocrx_word' id='word_1_417' title='bbox 3018 3325 3191 3395; x_wconf 87' lang='lat' dir='ltr'><strong><em>gratia</em></strong></span> <span class='ocrx_word' id='word_1_418' title='bbox 3217 3333 3308 3378; x_wconf 88' lang='lat' dir='ltr'><strong><em>tua</em></strong></span> <span class='ocrx_word' id='word_1_419' title='bbox 3339 3325 3543 3392; x_wconf 91' lang='lat' dir='ltr'><strong><em>divina,</em></strong></span> <span class='ocrx_word' id='word_1_420' title='bbox 3581 3326 3677 3381; x_wconf 88' lang='lat' dir='ltr'><strong><em>sed</em></strong></span> 
     </span>
    </p>
   </div>
   <div class='ocr_carea' id='block_1_33' title="bbox 478 3499 1986 3572">
    <p class='ocr_par' dir='ltr' id='par_1_33' title="bbox 478 3499 1986 3572">
     <span class='ocr_line' id='line_1_35' title="bbox 478 3499 1986 3572; baseline 0.001 -19"><span class='ocrx_word' id='word_1_421' title='bbox 478 3499 624 3556; x_wconf 89' lang='lat' dir='ltr'><strong><em>Deus</em></strong></span> <span class='ocrx_word' id='word_1_422' title='bbox 664 3499 827 3557; x_wconf 88' lang='lat' dir='ltr'><strong><em>Pater</em></strong></span> <span class='ocrx_word' id='word_1_423' title='bbox 860 3510 1083 3569; x_wconf 81' lang='lat' dir='ltr'><strong><em>sancte,</em></strong></span> <span class='ocrx_word' id='word_1_424' title='bbox 1118 3502 1335 3572; x_wconf 77' lang='lat' dir='ltr'><strong><em>genitor</em></strong></span> <span class='ocrx_word' id='word_1_425' title='bbox 1376 3501 1697 3572; x_wconf 80' lang='lat' dir='ltr'><strong><em>propaginis</em></strong></span> <span class='ocrx_word' id='word_1_426' title='bbox 1730 3511 1946 3556; x_wconf 69' lang='lat' dir='ltr'><strong><em>aeternae</em></strong></span> <span class='ocrx_word' id='word_1_427' title='bbox 1972 3543 1986 3567; x_wconf 93' lang='lat'><strong><em>,</em></strong></span> 
     </span>
    </p>
   </div>
   <div class='ocr_carea' id='block_1_34' title="bbox 407 3593 1988 3664">
    <p class='ocr_par' dir='ltr' id='par_1_34' title="bbox 407 3593 1988 3664">
     <span class='ocr_line' id='line_1_36' title="bbox 407 3593 1988 3664; baseline -0.002 -15"><span class='ocrx_word' id='word_1_428' title='bbox 407 3593 634 3663; x_wconf 82' lang='lat' dir='ltr'><strong><em>largitor</em></strong></span> <span class='ocrx_word' id='word_1_429' title='bbox 664 3594 938 3649; x_wconf 89' lang='lat' dir='ltr'><strong><em>bonorum</em></strong></span> <span class='ocrx_word' id='word_1_430' title='bbox 984 3603 1039 3648; x_wconf 90' lang='lat' dir='ltr'><strong><em>et</em></strong></span> <span class='ocrx_word' id='word_1_431' title='bbox 1071 3595 1230 3648; x_wconf 86' lang='lat' dir='ltr'><strong><em>dator</em></strong></span> <span class='ocrx_word' id='word_1_432' title='bbox 1261 3594 1676 3664; x_wconf 84' lang='lat' dir='ltr'><strong><em>tranquillitatis</em></strong></span> <span class='ocrx_word' id='word_1_433' title='bbox 1721 3603 1774 3648; x_wconf 89' lang='lat' dir='ltr'><strong><em>et</em></strong></span> <span class='ocrx_word' id='word_1_434' title='bbox 1815 3593 1988 3662; x_wconf 88' lang='lat' dir='ltr'><strong><em>pacis,</em></strong></span> 
     </span>
    </p>
   </div>
   <div class='ocr_carea' id='block_1_35' title="bbox 408 3686 1993 3758">
    <p class='ocr_par' dir='ltr' id='par_1_35' title="bbox 408 3686 1993 3758">
     <span class='ocr_line' id='line_1_37' title="bbox 408 3686 1993 3758; baseline -0.001 -17"><span class='ocrx_word' id='word_1_435' title='bbox 408 3687 504 3757; x_wconf 86' lang='lat' dir='ltr'><strong><em>qui</em></strong></span> <span class='ocrx_word' id='word_1_436' title='bbox 564 3689 703 3743; x_wconf 86' lang='lat' dir='ltr'><strong><em>ultra</em></strong></span> <span class='ocrx_word' id='word_1_437' title='bbox 753 3703 974 3743; x_wconf 84' lang='lat' dir='ltr'><strong><em>omnem</em></strong></span> <span class='ocrx_word' id='word_1_438' title='bbox 1023 3688 1570 3758; x_wconf 83' lang='lat' dir='ltr'><strong><em>comprehensionem</em></strong></span> <span class='ocrx_word' id='word_1_439' title='bbox 1627 3686 1890 3741; x_wconf 83' lang='lat' dir='ltr'><strong><em>mentium</em></strong></span> <span class='ocrx_word' id='word_1_440' title='bbox 1939 3695 1993 3739; x_wconf 86' lang='lat' dir='ltr'><strong><em>et</em></strong></span> 
     </span>
    </p>
   </div>
   <div class='ocr_carea' id='block_1_36' title="bbox 410 3779 1993 3851">
    <p class='ocr_par' dir='ltr' id='par_1_36' title="bbox 410 3779 1993 3851">
     <span class='ocr_line' id='line_1_38' title="bbox 410 3779 1993 3851; baseline -0.001 -16"><span class='ocrx_word' id='word_1_441' title='bbox 410 3782 723 3836; x_wconf 86' lang='lat' dir='ltr'><strong><em>animarum</em></strong></span> <span class='ocrx_word' id='word_1_442' title='bbox 774 3783 1123 3837; x_wconf 85' lang='lat' dir='ltr'><strong><em>rationalium</em></strong></span> <span class='ocrx_word' id='word_1_443' title='bbox 1163 3781 1488 3851; x_wconf 85' lang='lat' dir='ltr'><strong><em>magniﬁcus</em></strong></span> <span class='ocrx_word' id='word_1_444' title='bbox 1517 3796 1577 3835; x_wconf 90' lang='lat' dir='ltr'><strong><em>es</em></strong></span> <span class='ocrx_word' id='word_1_445' title='bbox 1610 3780 1665 3833; x_wconf 88' lang='lat' dir='ltr'><strong><em>in</em></strong></span> <span class='ocrx_word' id='word_1_446' title='bbox 1696 3780 1854 3835; x_wconf 91' lang='lat' dir='ltr'><strong><em>donis</em></strong></span> <span class='ocrx_word' id='word_1_447' title='bbox 1882 3779 1993 3833; x_wconf 90' lang='lat' dir='ltr'><strong><em>tuis</em></strong></span> 
     </span>
    </p>
   </div>
   <div class='ocr_carea' id='block_1_37' title="bbox 412 3873 1993 3945">
    <p class='ocr_par' dir='ltr' id='par_1_37' title="bbox 412 3873 1993 3945">
     <span class='ocr_line' id='line_1_39' title="bbox 412 3873 1993 3945; baseline -0.003 -17"><span class='ocrx_word' id='word_1_448' title='bbox 412 3873 615 3929; x_wconf 83' lang='lat' dir='ltr'><strong><em>divinis</em></strong></span> <span class='ocrx_word' id='word_1_449' title='bbox 644 3891 767 3945; x_wconf 61' lang='lat' dir='ltr'><strong><em>quae</em></strong></span> <span class='ocrx_word' id='word_1_450' title='bbox 818 3875 977 3931; x_wconf 89' lang='lat' dir='ltr'><strong><em>nobis</em></strong></span> <span class='ocrx_word' id='word_1_451' title='bbox 1008 3875 1390 3945; x_wconf 83' lang='lat' dir='ltr'><strong><em>peccatoribus</em></strong></span> <span class='ocrx_word' id='word_1_452' title='bbox 1430 3882 1485 3928; x_wconf 92' lang='lat' dir='ltr'><strong><em>et</em></strong></span> <span class='ocrx_word' id='word_1_453' title='bbox 1525 3873 1652 3929; x_wconf 91' lang='lat' dir='ltr'><strong><em>ﬁliis</em></strong></span> <span class='ocrx_word' id='word_1_454' title='bbox 1695 3874 1807 3928; x_wconf 88' lang='lat' dir='ltr'><strong><em>tuis</em></strong></span> <span class='ocrx_word' id='word_1_455' title='bbox 1856 3886 1993 3927; x_wconf 87' lang='lat' dir='ltr'><strong><em>con-</em></strong></span> 
     </span>
    </p>
   </div>
   <div class='ocr_carea' id='block_1_38' title="bbox 411 3965 1995 4039">
    <p class='ocr_par' dir='ltr' id='par_1_38' title="bbox 411 3965 1995 4039">
     <span class='ocr_line' id='line_1_40' title="bbox 411 3965 1995 4039; baseline -0.004 -14"><span class='ocrx_word' id='word_1_456' title='bbox 411 3969 647 4034; x_wconf 83' lang='lat' dir='ltr'><strong><em>cessisti,</em></strong></span> <span class='ocrx_word' id='word_1_457' title='bbox 675 3984 800 4023; x_wconf 92' lang='lat' dir='ltr'><strong><em>cum</em></strong></span> <span class='ocrx_word' id='word_1_458' title='bbox 825 3968 1127 4039; x_wconf 67' lang='lat' dir='ltr'><strong><em>praestitisti</em></strong></span> <span class='ocrx_word' id='word_1_459' title='bbox 1156 3968 1336 4034; x_wconf 80' lang='lat' dir='ltr'><strong><em>nobis,</em></strong></span> <span class='ocrx_word' id='word_1_460' title='bbox 1368 3976 1427 4022; x_wconf 91' lang='lat' dir='ltr'><strong><em>ut</em></strong></span> <span class='ocrx_word' id='word_1_461' title='bbox 1446 3983 1510 4021; x_wconf 89' lang='lat' dir='ltr'><strong><em>ea</em></strong></span> <span class='ocrx_word' id='word_1_462' title='bbox 1534 3965 1995 4037; x_wconf 88' lang='lat' dir='ltr'><strong><em>quemadmodum</em></strong></span> 
     </span>
    </p>
   </div>
   <div class='ocr_carea' id='block_1_39' title="bbox 411 4061 1995 4134">
    <p class='ocr_par' dir='ltr' id='par_1_39' title="bbox 411 4061 1995 4134">
     <span class='ocr_line' id='line_1_41' title="bbox 411 4061 1995 4134; baseline -0.005 -15"><span class='ocrx_word' id='word_1_463' title='bbox 411 4080 629 4134; x_wconf 67' lang='lat' dir='ltr'><strong><em>aequum</em></strong></span> <span class='ocrx_word' id='word_1_464' title='bbox 662 4072 747 4118; x_wconf 89' lang='lat' dir='ltr'><strong><em>est</em></strong></span> <span class='ocrx_word' id='word_1_465' title='bbox 774 4072 826 4117; x_wconf 87' lang='lat' dir='ltr'><strong><em>et</em></strong></span> <span class='ocrx_word' id='word_1_466' title='bbox 851 4062 1061 4133; x_wconf 89' lang='lat' dir='ltr'><strong><em>justum</em></strong></span> <span class='ocrx_word' id='word_1_467' title='bbox 1090 4061 1635 4115; x_wconf 88' lang='lat' dir='ltr'><strong><em>administraremus:</em></strong></span> <span class='ocrx_word' id='word_1_468' title='bbox 1670 4067 1866 4129; x_wconf 71' lang='lat' dir='ltr'><strong><em>praesta</em></strong></span> <span class='ocrx_word' id='word_1_469' title='bbox 1893 4073 1995 4112; x_wconf 89' lang='lat' dir='ltr'><strong><em>no-</em></strong></span> 
     </span>
    </p>
   </div>
   <div class='ocr_carea' id='block_1_40' title="bbox 413 4150 1999 4225">
    <p class='ocr_par' dir='ltr' id='par_1_40' title="bbox 413 4150 1999 4225">
     <span class='ocr_line' id='line_1_42' title="bbox 413 4150 1999 4225; baseline -0.004 -14"><span class='ocrx_word' id='word_1_470' title='bbox 413 4158 522 4224; x_wconf 85' lang='lat' dir='ltr'><strong><em>bis,</em></strong></span> <span class='ocrx_word' id='word_1_471' title='bbox 549 4167 608 4212; x_wconf 94' lang='lat' dir='ltr'><strong><em>ut</em></strong></span> <span class='ocrx_word' id='word_1_472' title='bbox 636 4173 761 4212; x_wconf 93' lang='lat' dir='ltr'><strong><em>cum</em></strong></span> <span class='ocrx_word' id='word_1_473' title='bbox 791 4172 1004 4211; x_wconf 90' lang='lat' dir='ltr'><strong><em>summa</em></strong></span> <span class='ocrx_word' id='word_1_474' title='bbox 1039 4155 1274 4225; x_wconf 86' lang='lat' dir='ltr'><strong><em>puritate</em></strong></span> <span class='ocrx_word' id='word_1_475' title='bbox 1300 4163 1354 4210; x_wconf 90' lang='lat' dir='ltr'><strong><em>et</em></strong></span> <span class='ocrx_word' id='word_1_476' title='bbox 1383 4155 1651 4220; x_wconf 83' lang='lat' dir='ltr'><strong><em>castitate,</em></strong></span> <span class='ocrx_word' id='word_1_477' title='bbox 1692 4163 1857 4222; x_wconf 87' lang='lat' dir='ltr'><strong><em>atque</em></strong></span> <span class='ocrx_word' id='word_1_478' title='bbox 1892 4150 1999 4205; x_wconf 61' lang='lat' dir='ltr'><strong><em>imo</em></strong></span> 
     </span>
    </p>
   </div>
   <div class='ocr_carea' id='block_1_41' title="bbox 414 4249 1997 4317">
    <p class='ocr_par' dir='ltr' id='par_1_41' title="bbox 414 4249 1997 4317">
     <span class='ocr_line' id='line_1_43' title="bbox 414 4249 1997 4317; baseline -0.004 -11"><span class='ocrx_word' id='word_1_479' title='bbox 414 4252 683 4307; x_wconf 87' lang='lat' dir='ltr'><strong><em>munitatc</em></strong></span> <span class='ocrx_word' id='word_1_480' title='bbox 709 4252 776 4306; x_wconf 90' lang='lat' dir='ltr'><strong><em>ab</em></strong></span> <span class='ocrx_word' id='word_1_481' title='bbox 805 4252 953 4305; x_wconf 89' lang='lat' dir='ltr'><strong><em>omni</em></strong></span> <span class='ocrx_word' id='word_1_482' title='bbox 978 4250 1126 4317; x_wconf 88' lang='lat' dir='ltr'><strong><em>dolo,</em></strong></span> <span class='ocrx_word' id='word_1_483' title='bbox 1154 4250 1347 4305; x_wconf 91' lang='lat' dir='ltr'><strong><em>demus</em></strong></span> <span class='ocrx_word' id='word_1_484' title='bbox 1378 4249 1609 4303; x_wconf 87' lang='lat' dir='ltr'><strong><em>invicem</em></strong></span> <span class='ocrx_word' id='word_1_485' title='bbox 1631 4262 1842 4317; x_wconf 89' lang='lat' dir='ltr'><strong><em>pacem,</em></strong></span> <span class='ocrx_word' id='word_1_486' title='bbox 1873 4260 1997 4300; x_wconf 92' lang='lat' dir='ltr'><strong><em>cum</em></strong></span> 
     </span>
    </p>
   </div>
   <div class='ocr_carea' id='block_1_42' title="bbox 415 4340 2002 4412">
    <p class='ocr_par' dir='ltr' id='par_1_42' title="bbox 415 4340 2002 4412">
     <span class='ocr_line' id='line_1_44' title="bbox 415 4340 2002 4412; baseline -0.002 -17"><span class='ocrx_word' id='word_1_487' title='bbox 415 4343 759 4412; x_wconf 80' lang='lat' dir='ltr'><strong><em>amplexibus</em></strong></span> <span class='ocrx_word' id='word_1_488' title='bbox 806 4341 1043 4412; x_wconf 89' lang='lat' dir='ltr'><strong><em>Spiritus</em></strong></span> <span class='ocrx_word' id='word_1_489' title='bbox 1094 4341 1311 4404; x_wconf 87' lang='lat' dir='ltr'><strong><em>sancti,</em></strong></span> <span class='ocrx_word' id='word_1_490' title='bbox 1363 4349 1419 4395; x_wconf 88' lang='lat' dir='ltr'><strong><em>et</em></strong></span> <span class='ocrx_word' id='word_1_491' title='bbox 1472 4340 1524 4393; x_wconf 92' lang='lat' dir='ltr'><strong><em>in</em></strong></span> <span class='ocrx_word' id='word_1_492' title='bbox 1585 4340 1806 4393; x_wconf 89' lang='lat' dir='ltr'><strong><em>vinculo</em></strong></span> <span class='ocrx_word' id='word_1_493' title='bbox 1859 4352 2002 4393; x_wconf 66' lang='lat' dir='ltr'><strong><em>verte</em></strong></span> 
     </span>
    </p>
   </div>
   <div class='ocr_carea' id='block_1_43' title="bbox 416 4430 2004 4503">
    <p class='ocr_par' dir='ltr' id='par_1_43' title="bbox 416 4430 2004 4503">
     <span class='ocr_line' id='line_1_45' title="bbox 416 4430 2004 4503; baseline -0.003 -14"><span class='ocrx_word' id='word_1_494' title='bbox 416 4435 725 4501; x_wconf 83' lang='lat' dir='ltr'><strong><em>charitatis,</em></strong></span> <span class='ocrx_word' id='word_1_495' title='bbox 756 4444 814 4488; x_wconf 88' lang='lat' dir='ltr'><strong><em>ut</em></strong></span> <span class='ocrx_word' id='word_1_496' title='bbox 844 4435 896 4487; x_wconf 91' lang='lat' dir='ltr'><strong><em>in</em></strong></span> <span class='ocrx_word' id='word_1_497' title='bbox 929 4449 1036 4487; x_wconf 86' lang='lat' dir='ltr'><strong><em>una</em></strong></span> <span class='ocrx_word' id='word_1_498' title='bbox 1059 4433 1352 4488; x_wconf 88' lang='lat' dir='ltr'><strong><em>concordia</em></strong></span> <span class='ocrx_word' id='word_1_499' title='bbox 1394 4432 1665 4503; x_wconf 89' lang='lat' dir='ltr'><strong><em>spirituali</em></strong></span> <span class='ocrx_word' id='word_1_500' title='bbox 1695 4430 2004 4486; x_wconf 87' lang='lat' dir='ltr'><strong><em>consisten-</em></strong></span> 
     </span>
    </p>
   </div>
   <div class='ocr_carea' id='block_1_44' title="bbox 416 4523 2001 4596">
    <p class='ocr_par' dir='ltr' id='par_1_44' title="bbox 416 4523 2001 4596">
     <span class='ocr_line' id='line_1_46' title="bbox 416 4523 2001 4596; baseline -0.001 -17"><span class='ocrx_word' id='word_1_501' title='bbox 416 4534 521 4592; x_wconf 86' lang='lat' dir='ltr'><strong><em>tes,</em></strong></span> <span class='ocrx_word' id='word_1_502' title='bbox 553 4536 605 4581; x_wconf 90' lang='lat' dir='ltr'><strong><em>et</em></strong></span> <span class='ocrx_word' id='word_1_503' title='bbox 641 4526 1059 4580; x_wconf 87' lang='lat' dir='ltr'><strong><em>unanimitatem</em></strong></span> <span class='ocrx_word' id='word_1_504' title='bbox 1092 4525 1374 4595; x_wconf 86' lang='lat' dir='ltr'><strong><em>paciﬁcam</em></strong></span> <span class='ocrx_word' id='word_1_505' title='bbox 1416 4526 1806 4591; x_wconf 85' lang='lat' dir='ltr'><strong><em>observantes,</em></strong></span> <span class='ocrx_word' id='word_1_506' title='bbox 1849 4523 2001 4596; x_wconf 81' lang='lat' dir='ltr'><strong><em>digni</em></strong></span> 
     </span>
    </p>
   </div>
   <div class='ocr_carea' id='block_1_45' title="bbox 416 4616 1999 4688">
    <p class='ocr_par' dir='ltr' id='par_1_45' title="bbox 416 4616 1999 4688">
     <span class='ocr_line' id='line_1_47' title="bbox 416 4616 1999 4688; baseline -0.004 -14"><span class='ocrx_word' id='word_1_507' title='bbox 416 4618 715 4675; x_wconf 85' lang='lat' dir='ltr'><strong><em>eﬁiciainur</em></strong></span> <span class='ocrx_word' id='word_1_508' title='bbox 739 4619 989 4673; x_wconf 83' lang='lat' dir='ltr'><strong><em>convivio</em></strong></span> <span class='ocrx_word' id='word_1_509' title='bbox 1016 4618 1176 4672; x_wconf 87' lang='lat' dir='ltr'><strong><em>beato</em></strong></span> <span class='ocrx_word' id='word_1_510' title='bbox 1199 4626 1252 4672; x_wconf 90' lang='lat' dir='ltr'><strong><em>et</em></strong></span> <span class='ocrx_word' id='word_1_511' title='bbox 1278 4618 1711 4674; x_wconf 86' lang='lat' dir='ltr'><strong><em>sanctiﬁcatione</em></strong></span> <span class='ocrx_word' id='word_1_512' title='bbox 1736 4616 1999 4688; x_wconf 88' lang='lat' dir='ltr'><strong><em>unigeniti</em></strong></span> 
     </span>
    </p>
   </div>
   <div class='ocr_carea' id='block_1_46' title="bbox 418 4710 1998 4779">
    <p class='ocr_par' dir='ltr' id='par_1_46' title="bbox 418 4710 1998 4779">
     <span class='ocr_line' id='line_1_48' title="bbox 418 4710 1998 4779; baseline -0.003 -14"><span class='ocrx_word' id='word_1_513' title='bbox 418 4711 541 4765; x_wconf 86' lang='lat' dir='ltr'><strong><em>Filii</em></strong></span> <span class='ocrx_word' id='word_1_514' title='bbox 571 4712 667 4769; x_wconf 84' lang='lat' dir='ltr'><strong><em>tui,</em></strong></span> <span class='ocrx_word' id='word_1_515' title='bbox 723 4726 849 4764; x_wconf 90' lang='lat' dir='ltr'><strong><em>cum</em></strong></span> <span class='ocrx_word' id='word_1_516' title='bbox 880 4726 989 4779; x_wconf 86' lang='lat' dir='ltr'><strong><em>quo</em></strong></span> <span class='ocrx_word' id='word_1_517' title='bbox 1035 4718 1085 4763; x_wconf 90' lang='lat' dir='ltr'><strong><em>te</em></strong></span> <span class='ocrx_word' id='word_1_518' title='bbox 1129 4710 1283 4764; x_wconf 88' lang='lat' dir='ltr'><strong><em>decet</em></strong></span> <span class='ocrx_word' id='word_1_519' title='bbox 1306 4710 1498 4779; x_wconf 84' lang='lat' dir='ltr'><strong><em>gloria,</em></strong></span> <span class='ocrx_word' id='word_1_520' title='bbox 1532 4711 1709 4765; x_wconf 88' lang='lat' dir='ltr'><strong><em>honor</em></strong></span> <span class='ocrx_word' id='word_1_521' title='bbox 1763 4718 1817 4764; x_wconf 88' lang='lat' dir='ltr'><strong><em>et</em></strong></span> <span class='ocrx_word' id='word_1_522' title='bbox 1845 4718 1998 4778; x_wconf 87' lang='lat' dir='ltr'><strong><em>pote-</em></strong></span> 
     </span>
    </p>
   </div>
   <div class='ocr_carea' id='block_1_47' title="bbox 420 4801 1476 4872">
    <p class='ocr_par' dir='ltr' id='par_1_47' title="bbox 420 4801 1476 4872">
     <span class='ocr_line' id='line_1_49' title="bbox 420 4801 1476 4872; baseline -0.002 -13"><span class='ocrx_word' id='word_1_523' title='bbox 420 4814 555 4869; x_wconf 84' lang='lat' dir='ltr'><strong><em>stas,</em></strong></span> <span class='ocrx_word' id='word_1_524' title='bbox 586 4820 711 4858; x_wconf 89' lang='lat' dir='ltr'><strong><em>cum</em></strong></span> <span class='ocrx_word' id='word_1_525' title='bbox 746 4801 955 4872; x_wconf 85' lang='lat' dir='ltr'><strong><em>Spiritu</em></strong></span> <span class='ocrx_word' id='word_1_526' title='bbox 987 4811 1078 4855; x_wconf 87' lang='lat' dir='ltr'><strong><em>tuo</em></strong></span> <span class='ocrx_word' id='word_1_527' title='bbox 1106 4802 1476 4858; x_wconf 83' lang='lat' dir='ltr'><strong><em>sanctissimo.</em></strong></span> 
     </span>
    </p>
   </div>
   <div class='ocr_carea' id='block_1_48' title="bbox 490 4898 994 4967">
    <p class='ocr_par' dir='ltr' id='par_1_48' title="bbox 490 4898 994 4967">
     <span class='ocr_line' id='line_1_50' title="bbox 490 4898 994 4967; baseline -0.006 -14"><span class='ocrx_word' id='word_1_528' title='bbox 490 4898 750 4967; x_wconf 87' lang='lat' dir='ltr'><strong><em>Populus.</em></strong></span> <span class='ocrx_word' id='word_1_529' title='bbox 801 4898 994 4952; x_wconf 77' lang='lat' dir='ltr'><strong><em>Amen.</em></strong></span> 
     </span>
    </p>
   </div>
   <div class='ocr_carea' id='block_1_49' title="bbox 492 4987 909 5043">
    <p class='ocr_par' dir='ltr' id='par_1_49' title="bbox 492 4987 909 5043">
     <span class='ocr_line' id='line_1_51' title="bbox 492 4987 909 5043; baseline -0.005 0"><span class='ocrx_word' id='word_1_530' title='bbox 492 4987 773 5043; x_wconf 80' lang='lat' dir='ltr'><strong><em>Sacerdos.</em></strong></span> <span class='ocrx_word' id='word_1_531' title='bbox 798 4987 909 5042; x_wconf 80' lang='lat' dir='ltr'><strong><em>Pax</em></strong></span> 
     </span>
    </p>
   </div>
   <div class='ocr_carea' id='block_1_50' title="bbox 492 5081 1723 5150">
    <p class='ocr_par' dir='ltr' id='par_1_50' title="bbox 492 5081 1723 5150">
     <span class='ocr_line' id='line_1_52' title="bbox 492 5081 1723 5150; baseline -0.001 -15"><span class='ocrx_word' id='word_1_532' title='bbox 492 5081 752 5149; x_wconf 82' lang='lat' dir='ltr'><strong><em>Populus.</em></strong></span> <span class='ocrx_word' id='word_1_533' title='bbox 786 5081 995 5136; x_wconf 86' lang='lat' dir='ltr'><strong><em>Etcum</em></strong></span> <span class='ocrx_word' id='word_1_534' title='bbox 1029 5082 1221 5150; x_wconf 87' lang='lat' dir='ltr'><strong><em>spiritu</em></strong></span> <span class='ocrx_word' id='word_1_535' title='bbox 1256 5091 1368 5135; x_wconf 89' lang='lat' dir='ltr'><strong><em>tuo.</em></strong></span> <span class='ocrx_word' id='word_1_536' title='bbox 1691 5112 1723 5142; x_wconf 70' lang='grc' dir='ltr'><strong><em>ο</em></strong></span> 
     </span>
    </p>
   </div>
   <div class='ocr_carea' id='block_1_51' title="bbox 494 5170 1544 5243">
    <p class='ocr_par' dir='ltr' id='par_1_51' title="bbox 494 5170 1544 5243">
     <span class='ocr_line' id='line_1_53' title="bbox 494 5170 1544 5243; baseline 0 -18"><span class='ocrx_word' id='word_1_537' title='bbox 494 5172 783 5225; x_wconf 87' lang='lat' dir='ltr'><strong><em>Diaconus.</em></strong></span> <span class='ocrx_word' id='word_1_538' title='bbox 813 5170 912 5227; x_wconf 85' lang='lat' dir='ltr'><strong><em>Det</em></strong></span> <span class='ocrx_word' id='word_1_539' title='bbox 938 5180 1312 5243; x_wconf 84' lang='lat' dir='ltr'><strong><em>unusquisque</em></strong></span> <span class='ocrx_word' id='word_1_540' title='bbox 1334 5187 1544 5242; x_wconf 77' lang='lat' dir='ltr'><strong><em>pacem.</em></strong></span> 
     </span>
    </p>
   </div>
   <div class='ocr_carea' id='block_1_52' title="bbox 495 5261 1004 5331">
    <p class='ocr_par' dir='ltr' id='par_1_52' title="bbox 495 5261 1004 5331">
     <span class='ocr_line' id='line_1_54' title="bbox 495 5261 1004 5331; baseline 0.004 -17"><span class='ocrx_word' id='word_1_541' title='bbox 495 5261 754 5331; x_wconf 88' lang='lat' dir='ltr'><strong><em>Populus.</em></strong></span> <span class='ocrx_word' id='word_1_542' title='bbox 781 5261 1004 5316; x_wconf 87' lang='lat' dir='ltr'><strong><em>Omnes.</em></strong></span> 
     </span>
    </p>
   </div>
   <div class='ocr_carea' id='block_1_53' title="bbox 498 5352 963 5409">
    <p class='ocr_par' dir='ltr' id='par_1_53' title="bbox 498 5352 963 5409">
     <span class='ocr_line' id='line_1_55' title="bbox 498 5352 963 5409; baseline 0.002 -1"><span class='ocrx_word' id='word_1_543' title='bbox 498 5356 786 5409; x_wconf 88' lang='lat' dir='ltr'><strong><em>Diaconus.</em></strong></span> <span class='ocrx_word' id='word_1_544' title='bbox 812 5352 963 5409; x_wconf 89' lang='lat' dir='ltr'><strong><em>Post.</em></strong></span> 
     </span>
    </p>
   </div>
   <div class='ocr_carea' id='block_1_54' title="bbox 496 5443 1082 5513">
    <p class='ocr_par' dir='ltr' id='par_1_54' title="bbox 496 5443 1082 5513">
     <span class='ocr_line' id='line_1_56' title="bbox 496 5443 1082 5513; baseline -0.002 -15"><span class='ocrx_word' id='word_1_545' title='bbox 496 5445 752 5513; x_wconf 74' lang='lat' dir='ltr'><strong><em>Populus.</em></strong></span> <span class='ocrx_word' id='word_1_546' title='bbox 781 5443 979 5499; x_wconf 87' lang='lat' dir='ltr'><strong><em>Coram</em></strong></span> <span class='ocrx_word' id='word_1_547' title='bbox 1014 5452 1082 5497; x_wconf 88' lang='lat' dir='ltr'><strong><em>te.</em></strong></span> 
     </span>
    </p>
   </div>
   <div class='ocr_carea' id='block_1_55' title="bbox 496 5532 2008 5599">
    <p class='ocr_par' dir='ltr' id='par_1_55' title="bbox 496 5532 2008 5599">
     <span class='ocr_line' id='line_1_57' title="bbox 496 5532 2008 5599; baseline -0.004 -8"><span class='ocrx_word' id='word_1_548' title='bbox 496 5534 778 5592; x_wconf 86' lang='lat' dir='ltr'><strong><em>Sacerdos.</em></strong></span> <span class='ocrx_word' id='word_1_549' title='bbox 821 5534 1030 5599; x_wconf 88' lang='lat' dir='ltr'><strong><em>Bonus,</em></strong></span> <span class='ocrx_word' id='word_1_550' title='bbox 1071 5536 1263 5589; x_wconf 82' lang='lat' dir='ltr'><strong><em>beatus</em></strong></span> <span class='ocrx_word' id='word_1_551' title='bbox 1294 5541 1349 5589; x_wconf 91' lang='lat' dir='ltr'><strong><em>et</em></strong></span> <span class='ocrx_word' id='word_1_552' title='bbox 1375 5533 1645 5589; x_wconf 89' lang='lat' dir='ltr'><strong><em>demissor</em></strong></span> <span class='ocrx_word' id='word_1_553' title='bbox 1675 5532 2008 5588; x_wconf 87' lang='lat' dir='ltr'><strong><em>benedictio-</em></strong></span> 
     </span>
    </p>
   </div>
   <div class='ocr_carea' id='block_1_56' title="bbox 426 5627 2007 5701">
    <p class='ocr_par' dir='ltr' id='par_1_56' title="bbox 426 5627 2007 5701">
     <span class='ocr_line' id='line_1_58' title="bbox 426 5627 2007 5701; baseline -0.002 -18"><span class='ocrx_word' id='word_1_554' title='bbox 426 5647 557 5683; x_wconf 84' lang='lat' dir='ltr'><strong><em>nuni</em></strong></span> <span class='ocrx_word' id='word_1_555' title='bbox 584 5646 643 5686; x_wconf 88' lang='lat' dir='ltr'><strong><em>es</em></strong></span> <span class='ocrx_word' id='word_1_556' title='bbox 673 5646 797 5701; x_wconf 86' lang='lat' dir='ltr'><strong><em>erga</em></strong></span> <span class='ocrx_word' id='word_1_557' title='bbox 833 5645 929 5684; x_wconf 91' lang='lat' dir='ltr'><strong><em>eos</em></strong></span> <span class='ocrx_word' id='word_1_558' title='bbox 960 5644 1149 5684; x_wconf 89' lang='lat' dir='ltr'><strong><em>omnes</em></strong></span> <span class='ocrx_word' id='word_1_559' title='bbox 1179 5629 1270 5698; x_wconf 92' lang='lat' dir='ltr'><strong><em>qui</em></strong></span> <span class='ocrx_word' id='word_1_560' title='bbox 1297 5629 1525 5683; x_wconf 91' lang='lat' dir='ltr'><strong><em>credunt</em></strong></span> <span class='ocrx_word' id='word_1_561' title='bbox 1556 5627 1609 5681; x_wconf 93' lang='lat' dir='ltr'><strong><em>in</em></strong></span> <span class='ocrx_word' id='word_1_562' title='bbox 1640 5636 1710 5682; x_wconf 91' lang='lat' dir='ltr'><strong><em>te.</em></strong></span> <span class='ocrx_word' id='word_1_563' title='bbox 1744 5628 1810 5681; x_wconf 81' lang='lat' dir='ltr'><strong><em>Et</em></strong></span> <span class='ocrx_word' id='word_1_564' title='bbox 1841 5643 2007 5693; x_wconf 90' lang='lat' dir='ltr'><strong><em>nunc,</em></strong></span> 
     </span>
    </p>
   </div>
   <div class='ocr_carea' id='block_1_57' title="bbox 429 5718 2011 5791">
    <p class='ocr_par' dir='ltr' id='par_1_57' title="bbox 429 5718 2011 5791">
     <span class='ocr_line' id='line_1_59' title="bbox 429 5718 2011 5791; baseline -0.002 -17"><span class='ocrx_word' id='word_1_565' title='bbox 429 5721 677 5789; x_wconf 83' lang='lat' dir='ltr'><strong><em>Domine,</em></strong></span> <span class='ocrx_word' id='word_1_566' title='bbox 714 5737 782 5775; x_wconf 90' lang='lat' dir='ltr'><strong><em>ne</em></strong></span> <span class='ocrx_word' id='word_1_567' title='bbox 825 5722 1060 5791; x_wconf 83' lang='lat' dir='ltr'><strong><em>aspicias</em></strong></span> <span class='ocrx_word' id='word_1_568' title='bbox 1108 5722 1255 5791; x_wconf 91' lang='lat' dir='ltr'><strong><em>quod</em></strong></span> <span class='ocrx_word' id='word_1_569' title='bbox 1284 5719 1491 5789; x_wconf 85' lang='lat' dir='ltr'><strong><em>indigni</em></strong></span> <span class='ocrx_word' id='word_1_570' title='bbox 1537 5734 1747 5783; x_wconf 89' lang='lat' dir='ltr'><strong><em>sumus,</em></strong></span> <span class='ocrx_word' id='word_1_571' title='bbox 1795 5733 1895 5773; x_wconf 90' lang='lat' dir='ltr'><strong><em>nec</em></strong></span> <span class='ocrx_word' id='word_1_572' title='bbox 1940 5718 2011 5771; x_wconf 90' lang='lat' dir='ltr'><strong><em>ob</em></strong></span> 
     </span>
    </p>
   </div>
   <div class='ocr_carea' id='block_1_58' title="bbox 428 5812 2008 5883">
    <p class='ocr_par' dir='ltr' id='par_1_58' title="bbox 428 5812 2008 5883">
     <span class='ocr_line' id='line_1_60' title="bbox 428 5812 2008 5883; baseline -0.002 -13"><span class='ocrx_word' id='word_1_573' title='bbox 428 5814 698 5872; x_wconf 82' lang='lat' dir='ltr'><strong><em>defectum</em></strong></span> <span class='ocrx_word' id='word_1_574' title='bbox 742 5814 951 5869; x_wconf 75' lang='lat' dir='ltr'><strong><em>ﬁducia:</em></strong></span> <span class='ocrx_word' id='word_1_575' title='bbox 989 5822 1260 5881; x_wconf 91' lang='lat' dir='ltr'><strong><em>nostrum,</em></strong></span> <span class='ocrx_word' id='word_1_576' title='bbox 1294 5828 1475 5870; x_wconf 88' lang='lat' dir='ltr'><strong><em>coram</em></strong></span> <span class='ocrx_word' id='word_1_577' title='bbox 1519 5824 1591 5880; x_wconf 87' lang='lat' dir='ltr'><strong><em>te,</em></strong></span> <span class='ocrx_word' id='word_1_578' title='bbox 1624 5812 1802 5883; x_wconf 89' lang='lat' dir='ltr'><strong><em>prives</em></strong></span> <span class='ocrx_word' id='word_1_579' title='bbox 1831 5826 2008 5882; x_wconf 85' lang='lat' dir='ltr'><strong><em>popu-</em></strong></span> 
     </span>
    </p>
   </div>
   <div class='ocr_carea' id='block_1_59' title="bbox 570 5912 1234 5992">
    <p class='ocr_par' dir='ltr' id='par_1_59' title="bbox 570 5912 1234 5992">
     <span class='ocr_line' id='line_1_61' title="bbox 570 5912 1234 5992; baseline 0 -21"><span class='ocrx_word' id='word_1_580' title='bbox 570 5982 590 5992; x_wconf 23' lang='grc' dir='ltr'>δ</span> <span class='ocrx_word' id='word_1_581' title='bbox 671 5912 947 5971; x_wconf 68' lang='grc' dir='ltr'><strong><em>ΡΑτιιοι.</em></strong></span> <span class='ocrx_word' id='word_1_582' title='bbox 991 5912 1109 5974; x_wconf 80' lang='lat' dir='ltr'><strong><em>Gn.</em></strong></span> <span class='ocrx_word' id='word_1_583' title='bbox 1159 5914 1234 5973; x_wconf 89' lang='lat' dir='ltr'><strong><em>V.</em></strong></span> 
     </span>
    </p>
   </div>
   <div class='ocr_carea' id='block_1_60' title="bbox 2091 3411 3679 3483">
    <p class='ocr_par' dir='ltr' id='par_1_60' title="bbox 2091 3411 3679 3483">
     <span class='ocr_line' id='line_1_62' title="bbox 2091 3411 3679 3483; baseline 0.002 -19"><span class='ocrx_word' id='word_1_584' title='bbox 2091 3411 2302 3480; x_wconf 88' lang='lat' dir='ltr'><strong><em>placide</em></strong></span> <span class='ocrx_word' id='word_1_585' title='bbox 2340 3421 2395 3465; x_wconf 91' lang='lat' dir='ltr'><strong><em>et</em></strong></span> <span class='ocrx_word' id='word_1_586' title='bbox 2434 3411 2691 3482; x_wconf 86' lang='lat' dir='ltr'><strong><em>benigne,</em></strong></span> <span class='ocrx_word' id='word_1_587' title='bbox 2724 3412 2876 3465; x_wconf 88' lang='lat' dir='ltr'><strong><em>mitte</em></strong></span> <span class='ocrx_word' id='word_1_588' title='bbox 2906 3412 3313 3469; x_wconf 83' lang='lat' dir='ltr'><strong><em>benedictiones</em></strong></span> <span class='ocrx_word' id='word_1_589' title='bbox 3348 3421 3470 3468; x_wconf 81' lang='lat' dir='ltr'><strong><em>tuas</em></strong></span> <span class='ocrx_word' id='word_1_590' title='bbox 3512 3429 3679 3483; x_wconf 86' lang='lat' dir='ltr'><strong><em>super</em></strong></span> 
     </span>
    </p>
   </div>
   <div class='ocr_carea' id='block_1_61' title="bbox 2092 3504 3678 3575">
    <p class='ocr_par' dir='ltr' id='par_1_61' title="bbox 2092 3504 3678 3575">
     <span class='ocr_line' id='line_1_63' title="bbox 2092 3504 3678 3575; baseline 0.001 -16"><span class='ocrx_word' id='word_1_591' title='bbox 2092 3504 2574 3575; x_wconf 80' lang='lat' dir='ltr'><strong><em>congregationem</em></strong></span> <span class='ocrx_word' id='word_1_592' title='bbox 2616 3505 2758 3560; x_wconf 92' lang='lat' dir='ltr'><strong><em>hanc</em></strong></span> <span class='ocrx_word' id='word_1_593' title='bbox 2818 3504 3166 3560; x_wconf 87' lang='lat' dir='ltr'><strong><em>adorantium</em></strong></span> <span class='ocrx_word' id='word_1_594' title='bbox 3215 3516 3314 3561; x_wconf 89' lang='lat' dir='ltr'><strong><em>te:</em></strong></span> <span class='ocrx_word' id='word_1_595' title='bbox 3360 3506 3525 3575; x_wconf 88' lang='lat' dir='ltr'><strong><em>imple</em></strong></span> <span class='ocrx_word' id='word_1_596' title='bbox 3575 3522 3678 3561; x_wconf 84' lang='lat' dir='ltr'><strong><em>nos</em></strong></span> 
     </span>
    </p>
   </div>
   <div class='ocr_carea' id='block_1_62' title="bbox 2093 3597 3681 3668">
    <p class='ocr_par' dir='ltr' id='par_1_62' title="bbox 2093 3597 3681 3668">
     <span class='ocr_line' id='line_1_64' title="bbox 2093 3597 3681 3668; baseline 0.001 -17"><span class='ocrx_word' id='word_1_597' title='bbox 2093 3597 2268 3666; x_wconf 80' lang='lat' dir='ltr'><strong><em>gratia</em></strong></span> <span class='ocrx_word' id='word_1_598' title='bbox 2306 3606 2361 3651; x_wconf 90' lang='lat' dir='ltr'><strong><em>et</em></strong></span> <span class='ocrx_word' id='word_1_599' title='bbox 2405 3597 2610 3652; x_wconf 90' lang='lat' dir='ltr'><strong><em>lumine</em></strong></span> <span class='ocrx_word' id='word_1_600' title='bbox 2656 3600 2898 3653; x_wconf 81' lang='lat' dir='ltr'><strong><em>scientiae</em></strong></span> <span class='ocrx_word' id='word_1_601' title='bbox 2931 3608 3065 3665; x_wconf 66' lang='lat' dir='ltr'><strong><em>tuae,</em></strong></span> <span class='ocrx_word' id='word_1_602' title='bbox 3119 3607 3173 3652; x_wconf 90' lang='lat' dir='ltr'><strong><em>et</em></strong></span> <span class='ocrx_word' id='word_1_603' title='bbox 3220 3599 3438 3668; x_wconf 88' lang='lat' dir='ltr'><strong><em>suscipe</em></strong></span> <span class='ocrx_word' id='word_1_604' title='bbox 3484 3598 3681 3668; x_wconf 84' lang='lat' dir='ltr'><strong><em>depre-</em></strong></span> 
     </span>
    </p>
   </div>
   <div class='ocr_carea' id='block_1_63' title="bbox 2095 3689 3679 3759">
    <p class='ocr_par' dir='ltr' id='par_1_63' title="bbox 2095 3689 3679 3759">
     <span class='ocr_line' id='line_1_65' title="bbox 2095 3689 3679 3759; baseline 0.001 -16"><span class='ocrx_word' id='word_1_605' title='bbox 2095 3689 2339 3743; x_wconf 85' lang='lat' dir='ltr'><strong><em>cationes</em></strong></span> <span class='ocrx_word' id='word_1_606' title='bbox 2368 3690 2548 3759; x_wconf 86' lang='lat' dir='ltr'><strong><em>gregis</em></strong></span> <span class='ocrx_word' id='word_1_607' title='bbox 2574 3690 2676 3756; x_wconf 89' lang='lat' dir='ltr'><strong><em>tui,</em></strong></span> <span class='ocrx_word' id='word_1_608' title='bbox 2705 3699 2765 3744; x_wconf 90' lang='lat' dir='ltr'><strong><em>ut</em></strong></span> <span class='ocrx_word' id='word_1_609' title='bbox 2792 3689 2845 3744; x_wconf 91' lang='lat' dir='ltr'><strong><em>in</em></strong></span> <span class='ocrx_word' id='word_1_610' title='bbox 2873 3691 3330 3755; x_wconf 87' lang='lat' dir='ltr'><strong><em>contemplatione</em></strong></span> <span class='ocrx_word' id='word_1_611' title='bbox 3359 3704 3517 3759; x_wconf 88' lang='lat' dir='ltr'><strong><em>pura,</em></strong></span> <span class='ocrx_word' id='word_1_612' title='bbox 3552 3705 3679 3744; x_wconf 88' lang='lat' dir='ltr'><strong><em>cum</em></strong></span> 
     </span>
    </p>
   </div>
   <div class='ocr_carea' id='block_1_64' title="bbox 2095 3781 3681 3853">
    <p class='ocr_par' dir='ltr' id='par_1_64' title="bbox 2095 3781 3681 3853">
     <span class='ocr_line' id='line_1_66' title="bbox 2095 3781 3681 3853; baseline -0.001 -16"><span class='ocrx_word' id='word_1_613' title='bbox 2095 3783 2357 3852; x_wconf 91' lang='lat' dir='ltr'><strong><em>primitiis</em></strong></span> <span class='ocrx_word' id='word_1_614' title='bbox 2387 3781 2660 3840; x_wconf 82' lang='lat' dir='ltr'><strong><em>feracibus</em></strong></span> <span class='ocrx_word' id='word_1_615' title='bbox 2691 3798 2917 3853; x_wconf 87' lang='lat' dir='ltr'><strong><em>operum</em></strong></span> <span class='ocrx_word' id='word_1_616' title='bbox 2968 3783 3259 3849; x_wconf 88' lang='lat' dir='ltr'><strong><em>bonorum,</em></strong></span> <span class='ocrx_word' id='word_1_617' title='bbox 3312 3784 3512 3838; x_wconf 79' lang='lat' dir='ltr'><strong><em>festum</em></strong></span> <span class='ocrx_word' id='word_1_618' title='bbox 3544 3798 3681 3853; x_wconf 43' lang='lat' dir='ltr'><strong><em>aga‘</em></strong></span> 
     </span>
    </p>
   </div>
   <div class='ocr_carea' id='block_1_65' title="bbox 2097 3876 3678 3948">
    <p class='ocr_par' dir='ltr' id='par_1_65' title="bbox 2097 3876 3678 3948">
     <span class='ocr_line' id='line_1_67' title="bbox 2097 3876 3678 3948; baseline -0.001 -17"><span class='ocrx_word' id='word_1_619' title='bbox 2097 3892 2222 3932; x_wconf 89' lang='lat' dir='ltr'><strong><em>mus</em></strong></span> <span class='ocrx_word' id='word_1_620' title='bbox 2251 3877 2348 3932; x_wconf 91' lang='lat' dir='ltr'><strong><em>tibi</em></strong></span> <span class='ocrx_word' id='word_1_621' title='bbox 2381 3877 2567 3943; x_wconf 91' lang='lat' dir='ltr'><strong><em>simul,</em></strong></span> <span class='ocrx_word' id='word_1_622' title='bbox 2611 3887 2774 3948; x_wconf 89' lang='lat' dir='ltr'><strong><em>teque</em></strong></span> <span class='ocrx_word' id='word_1_623' title='bbox 2803 3877 3107 3932; x_wconf 80' lang='lat' dir='ltr'><strong><em>exaltemus</em></strong></span> <span class='ocrx_word' id='word_1_624' title='bbox 3133 3885 3187 3931; x_wconf 91' lang='lat' dir='ltr'><strong><em>et</em></strong></span> <span class='ocrx_word' id='word_1_625' title='bbox 3212 3877 3555 3947; x_wconf 86' lang='lat' dir='ltr'><strong><em>unigenitum</em></strong></span> <span class='ocrx_word' id='word_1_626' title='bbox 3584 3876 3678 3930; x_wconf 89' lang='lat' dir='ltr'><strong><em>Fi-</em></strong></span> 
     </span>
    </p>
   </div>
   <div class='ocr_carea' id='block_1_66' title="bbox 2098 3970 3288 4041">
    <p class='ocr_par' dir='ltr' id='par_1_66' title="bbox 2098 3970 3288 4041">
     <span class='ocr_line' id='line_1_68' title="bbox 2098 3970 3288 4041; baseline -0.001 -18"><span class='ocrx_word' id='word_1_627' title='bbox 2098 3971 2231 4024; x_wconf 88' lang='lat' dir='ltr'><strong><em>lium</em></strong></span> <span class='ocrx_word' id='word_1_628' title='bbox 2266 3979 2418 4025; x_wconf 90' lang='lat' dir='ltr'><strong><em>tuum</em></strong></span> <span class='ocrx_word' id='word_1_629' title='bbox 2448 3979 2503 4025; x_wconf 92' lang='lat' dir='ltr'><strong><em>et</em></strong></span> <span class='ocrx_word' id='word_1_630' title='bbox 2535 3970 2797 4041; x_wconf 90' lang='lat' dir='ltr'><strong><em>Spiritum</em></strong></span> <span class='ocrx_word' id='word_1_631' title='bbox 2828 3979 2982 4025; x_wconf 89' lang='lat' dir='ltr'><strong><em>tuum</em></strong></span> <span class='ocrx_word' id='word_1_632' title='bbox 3016 3978 3288 4024; x_wconf 86' lang='lat' dir='ltr'><strong><em>sanctum.</em></strong></span> 
     </span>
    </p>
   </div>
   <div class='ocr_carea' id='block_1_67' title="bbox 2171 4063 2661 4135">
    <p class='ocr_par' dir='ltr' id='par_1_67' title="bbox 2171 4063 2661 4135">
     <span class='ocr_line' id='line_1_69' title="bbox 2171 4063 2661 4135; baseline 0 -17"><span class='ocrx_word' id='word_1_633' title='bbox 2171 4063 2432 4135; x_wconf 86' lang='lat' dir='ltr'><strong><em>Populus.</em></strong></span> <span class='ocrx_word' id='word_1_634' title='bbox 2466 4063 2661 4118; x_wconf 78' lang='lat' dir='ltr'><strong><em>Amen.</em></strong></span> 
     </span>
    </p>
   </div>
   <div class='ocr_carea' id='block_1_68' title="bbox 2173 4148 3685 4221">
    <p class='ocr_par' dir='ltr' id='par_1_68' title="bbox 2173 4148 3685 4221">
     <span class='ocr_line' id='line_1_70' title="bbox 2173 4148 3685 4221; baseline -0.005 -13"><span class='ocrx_word' id='word_1_635' title='bbox 2173 4154 2431 4209; x_wconf 87' lang='lat' dir='ltr'><strong><em>Sacerdos</em></strong></span> <span class='ocrx_word' id='word_1_636' title='bbox 2466 4154 2674 4207; x_wconf 89' lang='lat' dir='ltr'><strong><em>elevans</em></strong></span> <span class='ocrx_word' id='word_1_637' title='bbox 2710 4170 2904 4207; x_wconf 87' lang='lat' dir='ltr'><strong><em>vocem.</em></strong></span> <span class='ocrx_word' id='word_1_638' title='bbox 2933 4151 3067 4217; x_wconf 86' lang='lat' dir='ltr'><strong><em>Quis</em></strong></span> <span class='ocrx_word' id='word_1_639' title='bbox 3096 4151 3267 4221; x_wconf 87' lang='lat' dir='ltr'><strong><em>possit</em></strong></span> <span class='ocrx_word' id='word_1_640' title='bbox 3294 4150 3471 4205; x_wconf 86' lang='lat' dir='ltr'><strong><em>verbis</em></strong></span> <span class='ocrx_word' id='word_1_641' title='bbox 3512 4148 3685 4219; x_wconf 78' lang='lat' dir='ltr'><strong><em>expli-</em></strong></span> 
     </span>
    </p>
   </div>
   <div class='ocr_carea' id='block_1_69' title="bbox 2102 4241 3684 4311">
    <p class='ocr_par' dir='ltr' id='par_1_69' title="bbox 2102 4241 3684 4311">
     <span class='ocr_line' id='line_1_71' title="bbox 2102 4241 3684 4311; baseline -0.003 -10"><span class='ocrx_word' id='word_1_642' title='bbox 2102 4262 2228 4301; x_wconf 91' lang='lat' dir='ltr'><strong><em>care</em></strong></span> <span class='ocrx_word' id='word_1_643' title='bbox 2280 4246 2541 4299; x_wconf 87' lang='lat' dir='ltr'><strong><em>beneﬁcia</em></strong></span> <span class='ocrx_word' id='word_1_644' title='bbox 2570 4245 2870 4300; x_wconf 55' lang='lat' dir='ltr'><strong><em>clementia</em></strong></span> <span class='ocrx_word' id='word_1_645' title='bbox 2925 4253 3054 4309; x_wconf 70' lang='lat' dir='ltr'><strong><em>tuae,</em></strong></span> <span class='ocrx_word' id='word_1_646' title='bbox 3104 4242 3378 4298; x_wconf 84' lang='lat' dir='ltr'><strong><em>Domine?</em></strong></span> <span class='ocrx_word' id='word_1_647' title='bbox 3422 4249 3517 4295; x_wconf 86' lang='lat' dir='ltr'><strong><em>aut</em></strong></span> <span class='ocrx_word' id='word_1_648' title='bbox 3560 4241 3684 4311; x_wconf 86' lang='lat' dir='ltr'><strong><em>quis</em></strong></span> 
     </span>
    </p>
   </div>
   <div class='ocr_carea' id='block_1_70' title="bbox 2103 4335 3685 4410">
    <p class='ocr_par' dir='ltr' id='par_1_70' title="bbox 2103 4335 3685 4410">
     <span class='ocr_line' id='line_1_72' title="bbox 2103 4335 3685 4410; baseline -0.004 -16"><span class='ocrx_word' id='word_1_649' title='bbox 2103 4340 2281 4410; x_wconf 88' lang='lat' dir='ltr'><strong><em>possit</em></strong></span> <span class='ocrx_word' id='word_1_650' title='bbox 2320 4354 2548 4393; x_wconf 88' lang='lat' dir='ltr'><strong><em>narrare</em></strong></span> <span class='ocrx_word' id='word_1_651' title='bbox 2577 4337 2967 4393; x_wconf 87' lang='lat' dir='ltr'><strong><em>abundantiam</em></strong></span> <span class='ocrx_word' id='word_1_652' title='bbox 3004 4338 3211 4392; x_wconf 90' lang='lat' dir='ltr'><strong><em>amoris</em></strong></span> <span class='ocrx_word' id='word_1_653' title='bbox 3241 4336 3318 4390; x_wconf 90' lang='lat' dir='ltr'><strong><em>tui</em></strong></span> <span class='ocrx_word' id='word_1_654' title='bbox 3349 4351 3476 4406; x_wconf 89' lang='lat' dir='ltr'><strong><em>erga</em></strong></span> <span class='ocrx_word' id='word_1_655' title='bbox 3504 4335 3685 4389; x_wconf 89' lang='lat' dir='ltr'><strong><em>homi-</em></strong></span> 
     </span>
    </p>
   </div>
   <div class='ocr_carea' id='block_1_71' title="bbox 2104 4430 3684 4502">
    <p class='ocr_par' dir='ltr' id='par_1_71' title="bbox 2104 4430 3684 4502">
     <span class='ocr_line' id='line_1_73' title="bbox 2104 4430 3684 4502; baseline -0.004 -15"><span class='ocrx_word' id='word_1_656' title='bbox 2104 4448 2223 4499; x_wconf 90' lang='lat' dir='ltr'><strong><em>nes,</em></strong></span> <span class='ocrx_word' id='word_1_657' title='bbox 2248 4448 2281 4487; x_wconf 90' lang='grc' dir='ltr'>ο</span> <span class='ocrx_word' id='word_1_658' title='bbox 2312 4432 2506 4487; x_wconf 79' lang='lat' dir='ltr'><strong><em>beate?</em></strong></span> <span class='ocrx_word' id='word_1_659' title='bbox 2533 4432 2627 4502; x_wconf 88' lang='lat' dir='ltr'><strong><em>qui</em></strong></span> <span class='ocrx_word' id='word_1_660' title='bbox 2651 4446 2753 4486; x_wconf 88' lang='lat' dir='ltr'><strong><em>nos</em></strong></span> <span class='ocrx_word' id='word_1_661' title='bbox 2793 4447 2916 4487; x_wconf 89' lang='lat' dir='ltr'><strong><em>cum</em></strong></span> <span class='ocrx_word' id='word_1_662' title='bbox 2961 4430 3309 4485; x_wconf 89' lang='lat' dir='ltr'><strong><em>multitudine</em></strong></span> <span class='ocrx_word' id='word_1_663' title='bbox 3342 4430 3684 4498; x_wconf 84' lang='lat' dir='ltr'><strong><em>impietatum</em></strong></span> 
     </span>
    </p>
   </div>
   <div class='ocr_carea' id='block_1_72' title="bbox 2103 4520 3689 4593">
    <p class='ocr_par' dir='ltr' id='par_1_72' title="bbox 2103 4520 3689 4593">
     <span class='ocr_line' id='line_1_74' title="bbox 2103 4520 3689 4593; baseline -0.004 -13"><span class='ocrx_word' id='word_1_664' title='bbox 2103 4525 2491 4589; x_wconf 88' lang='lat' dir='ltr'><strong><em>detineremur,</em></strong></span> <span class='ocrx_word' id='word_1_665' title='bbox 2542 4537 2597 4579; x_wconf 85' lang='lat' dir='ltr'><strong><em>et</em></strong></span> <span class='ocrx_word' id='word_1_666' title='bbox 2638 4525 2846 4579; x_wconf 88' lang='lat' dir='ltr'><strong><em>catenis</em></strong></span> <span class='ocrx_word' id='word_1_667' title='bbox 2871 4532 3223 4593; x_wconf 86' lang='lat' dir='ltr'><strong><em>peccatorum</em></strong></span> <span class='ocrx_word' id='word_1_668' title='bbox 3267 4520 3557 4590; x_wconf 85' lang='lat' dir='ltr'><strong><em>compediti</em></strong></span> <span class='ocrx_word' id='word_1_669' title='bbox 3599 4535 3689 4575; x_wconf 81' lang='lat' dir='ltr'><strong><em>es—</em></strong></span> 
     </span>
    </p>
   </div>
   <div class='ocr_carea' id='block_1_73' title="bbox 2104 4611 3687 4688">
    <p class='ocr_par' dir='ltr' id='par_1_73' title="bbox 2104 4611 3687 4688">
     <span class='ocr_line' id='line_1_75' title="bbox 2104 4611 3687 4688; baseline -0.006 -15"><span class='ocrx_word' id='word_1_670' title='bbox 2104 4633 2311 4681; x_wconf 89' lang='lat' dir='ltr'><strong><em>semus,</em></strong></span> <span class='ocrx_word' id='word_1_671' title='bbox 2345 4618 2540 4688; x_wconf 85' lang='lat' dir='ltr'><strong><em>dignos</em></strong></span> <span class='ocrx_word' id='word_1_672' title='bbox 2574 4615 2748 4671; x_wconf 79' lang='lat' dir='ltr'><strong><em>fecisti</em></strong></span> <span class='ocrx_word' id='word_1_673' title='bbox 2776 4615 3093 4684; x_wconf 74' lang='lat' dir='ltr'><strong><em>huiusmodi</em></strong></span> <span class='ocrx_word' id='word_1_674' title='bbox 3130 4614 3439 4669; x_wconf 89' lang='lat' dir='ltr'><strong><em>ministerio</em></strong></span> <span class='ocrx_word' id='word_1_675' title='bbox 3467 4611 3687 4666; x_wconf 77' lang='lat' dir='ltr'><strong><em>excelso</em></strong></span> 
     </span>
    </p>
   </div>
   <div class='ocr_carea' id='block_1_74' title="bbox 2107 4704 3687 4779">
    <p class='ocr_par' dir='ltr' id='par_1_74' title="bbox 2107 4704 3687 4779">
     <span class='ocr_line' id='line_1_76' title="bbox 2107 4704 3687 4779; baseline -0.006 -14"><span class='ocrx_word' id='word_1_676' title='bbox 2107 4722 2161 4765; x_wconf 91' lang='lat' dir='ltr'><strong><em>et</em></strong></span> <span class='ocrx_word' id='word_1_677' title='bbox 2203 4724 2423 4779; x_wconf 87' lang='lat' dir='ltr'><strong><em>magno.</em></strong></span> <span class='ocrx_word' id='word_1_678' title='bbox 2478 4708 2681 4762; x_wconf 72' lang='lat' dir='ltr'><strong><em>Prtesta</em></strong></span> <span class='ocrx_word' id='word_1_679' title='bbox 2727 4708 2911 4772; x_wconf 89' lang='lat' dir='ltr'><strong><em>nobis,</em></strong></span> <span class='ocrx_word' id='word_1_680' title='bbox 2960 4718 3019 4759; x_wconf 88' lang='lat' dir='ltr'><strong><em>ut</em></strong></span> <span class='ocrx_word' id='word_1_681' title='bbox 3070 4706 3302 4761; x_wconf 83' lang='lat' dir='ltr'><strong><em>abstersi</em></strong></span> <span class='ocrx_word' id='word_1_682' title='bbox 3353 4720 3385 4758; x_wconf 89' lang='lat' dir='ltr'><strong><em>a</em></strong></span> <span class='ocrx_word' id='word_1_683' title='bbox 3432 4704 3687 4759; x_wconf 88' lang='lat' dir='ltr'><strong><em>sordibus</em></strong></span> 
     </span>
    </p>
   </div>
   <div class='ocr_carea' id='block_1_75' title="bbox 2112 4795 3690 4872">
    <p class='ocr_par' dir='ltr' id='par_1_75' title="bbox 2112 4795 3690 4872">
     <span class='ocr_line' id='line_1_77' title="bbox 2112 4795 3690 4872; baseline -0.007 -15"><span class='ocrx_word' id='word_1_684' title='bbox 2112 4801 2341 4872; x_wconf 85' lang='lat' dir='ltr'><strong><em>peccati,</em></strong></span> <span class='ocrx_word' id='word_1_685' title='bbox 2379 4810 2432 4854; x_wconf 89' lang='lat' dir='ltr'><strong><em>et</em></strong></span> <span class='ocrx_word' id='word_1_686' title='bbox 2458 4799 2754 4869; x_wconf 88' lang='lat' dir='ltr'><strong><em>purissime</em></strong></span> <span class='ocrx_word' id='word_1_687' title='bbox 2784 4814 2885 4853; x_wconf 88' lang='lat' dir='ltr'><strong><em>nos</em></strong></span> <span class='ocrx_word' id='word_1_688' title='bbox 2919 4798 3220 4852; x_wconf 85' lang='lat' dir='ltr'><strong><em>secundum</em></strong></span> <span class='ocrx_word' id='word_1_689' title='bbox 3262 4811 3460 4865; x_wconf 85' lang='lat' dir='ltr'><strong><em>corpus</em></strong></span> <span class='ocrx_word' id='word_1_690' title='bbox 3485 4804 3541 4848; x_wconf 88' lang='lat' dir='ltr'><strong><em>et</em></strong></span> <span class='ocrx_word' id='word_1_691' title='bbox 3569 4795 3690 4848; x_wconf 85' lang='lat' dir='ltr'><strong><em>ani-</em></strong></span> 
     </span>
    </p>
   </div>
   <div class='ocr_carea' id='block_1_76' title="bbox 2112 4886 3690 4959">
    <p class='ocr_par' dir='ltr' id='par_1_76' title="bbox 2112 4886 3690 4959">
     <span class='ocr_line' id='line_1_78' title="bbox 2112 4886 3690 4959; baseline -0.005 -12"><span class='ocrx_word' id='word_1_692' title='bbox 2112 4909 2257 4947; x_wconf 91' lang='lat' dir='ltr'><strong><em>mam</em></strong></span> <span class='ocrx_word' id='word_1_693' title='bbox 2287 4892 2569 4956; x_wconf 89' lang='lat' dir='ltr'><strong><em>habentes,</em></strong></span> <span class='ocrx_word' id='word_1_694' title='bbox 2600 4890 2747 4959; x_wconf 85' lang='lat' dir='ltr'><strong><em>digni</em></strong></span> <span class='ocrx_word' id='word_1_695' title='bbox 2773 4889 3072 4944; x_wconf 78' lang='lat' dir='ltr'><strong><em>eﬂiciamur</em></strong></span> <span class='ocrx_word' id='word_1_696' title='bbox 3093 4888 3431 4942; x_wconf 81' lang='lat' dir='ltr'><strong><em>beatitudine</em></strong></span> <span class='ocrx_word' id='word_1_697' title='bbox 3458 4886 3546 4938; x_wconf 90' lang='lat' dir='ltr'><strong><em>illa</em></strong></span> <span class='ocrx_word' id='word_1_698' title='bbox 3566 4900 3690 4955; x_wconf 62' lang='lat' dir='ltr'><strong><em>qua:</em></strong></span> 
     </span>
    </p>
   </div>
   <div class='ocr_carea' id='block_1_77' title="bbox 2113 4979 3688 5052">
    <p class='ocr_par' dir='ltr' id='par_1_77' title="bbox 2113 4979 3688 5052">
     <span class='ocr_line' id='line_1_79' title="bbox 2113 4979 3688 5052; baseline -0.005 -13"><span class='ocrx_word' id='word_1_699' title='bbox 2113 5001 2143 5039; x_wconf 88' lang='lat' dir='ltr'><strong><em>a</em></strong></span> <span class='ocrx_word' id='word_1_700' title='bbox 2168 4992 2222 5038; x_wconf 90' lang='lat' dir='ltr'><strong><em>te</em></strong></span> <span class='ocrx_word' id='word_1_701' title='bbox 2250 4983 2517 5052; x_wconf 88' lang='lat' dir='ltr'><strong><em>promissa</em></strong></span> <span class='ocrx_word' id='word_1_702' title='bbox 2541 4990 2624 5036; x_wconf 86' lang='lat' dir='ltr'><strong><em>est</em></strong></span> <span class='ocrx_word' id='word_1_703' title='bbox 2653 4980 2760 5035; x_wconf 88' lang='lat' dir='ltr'><strong><em>illis</em></strong></span> <span class='ocrx_word' id='word_1_704' title='bbox 2800 4981 2893 5050; x_wconf 89' lang='lat' dir='ltr'><strong><em>qui</em></strong></span> <span class='ocrx_word' id='word_1_705' title='bbox 2918 4979 3125 5033; x_wconf 82' lang='lat' dir='ltr'><strong><em>faciunt</em></strong></span> <span class='ocrx_word' id='word_1_706' title='bbox 3154 4980 3486 5037; x_wconf 84' lang='lat' dir='ltr'><strong><em>voluntatem</em></strong></span> <span class='ocrx_word' id='word_1_707' title='bbox 3514 4987 3688 5043; x_wconf 89' lang='lat' dir='ltr'><strong><em>tuam,</em></strong></span> 
     </span>
    </p>
   </div>
   <div class='ocr_carea' id='block_1_78' title="bbox 2108 5071 3692 5142">
    <p class='ocr_par' dir='ltr' id='par_1_78' title="bbox 2108 5071 3692 5142">
     <span class='ocr_line' id='line_1_80' title="bbox 2108 5071 3692 5142; baseline -0.006 -10"><span class='ocrx_word' id='word_1_708' title='bbox 2108 5086 2164 5132; x_wconf 88' lang='lat' dir='ltr'><strong><em>et</em></strong></span> <span class='ocrx_word' id='word_1_709' title='bbox 2186 5075 2584 5131; x_wconf 88' lang='lat' dir='ltr'><strong><em>illuminatione</em></strong></span> <span class='ocrx_word' id='word_1_710' title='bbox 2612 5082 2775 5142; x_wconf 87' lang='lat' dir='ltr'><strong><em>atque</em></strong></span> <span class='ocrx_word' id='word_1_711' title='bbox 2810 5072 3173 5127; x_wconf 88' lang='lat' dir='ltr'><strong><em>illustratione</em></strong></span> <span class='ocrx_word' id='word_1_712' title='bbox 3198 5071 3435 5141; x_wconf 90' lang='lat' dir='ltr'><strong><em>Spiritus</em></strong></span> <span class='ocrx_word' id='word_1_713' title='bbox 3458 5071 3535 5125; x_wconf 91' lang='lat' dir='ltr'><strong><em>tui</em></strong></span> <span class='ocrx_word' id='word_1_714' title='bbox 3563 5086 3692 5125; x_wconf 89' lang='lat' dir='ltr'><strong><em>san-</em></strong></span> 
     </span>
    </p>
   </div>
   <div class='ocr_carea' id='block_1_79' title="bbox 2110 5162 3689 5237">
    <p class='ocr_par' dir='ltr' id='par_1_79' title="bbox 2110 5162 3689 5237">
     <span class='ocr_line' id='line_1_81' title="bbox 2110 5162 3689 5237; baseline -0.005 -13"><span class='ocrx_word' id='word_1_715' title='bbox 2110 5171 2205 5237; x_wconf 86' lang='lat' dir='ltr'><strong><em>cti,</em></strong></span> <span class='ocrx_word' id='word_1_716' title='bbox 2240 5168 2490 5223; x_wconf 88' lang='lat' dir='ltr'><strong><em>utetiam</em></strong></span> <span class='ocrx_word' id='word_1_717' title='bbox 2524 5166 2805 5221; x_wconf 72' lang='lat' dir='ltr'><strong><em>iunctione</em></strong></span> <span class='ocrx_word' id='word_1_718' title='bbox 2846 5165 3132 5220; x_wconf 88' lang='lat' dir='ltr'><strong><em>sacerdotii</em></strong></span> <span class='ocrx_word' id='word_1_719' title='bbox 3156 5164 3419 5235; x_wconf 87' lang='lat' dir='ltr'><strong><em>unigeniti</em></strong></span> <span class='ocrx_word' id='word_1_720' title='bbox 3442 5162 3564 5217; x_wconf 88' lang='lat' dir='ltr'><strong><em>Filii</em></strong></span> <span class='ocrx_word' id='word_1_721' title='bbox 3587 5164 3689 5228; x_wconf 89' lang='lat' dir='ltr'><strong><em>tui,</em></strong></span> 
     </span>
    </p>
   </div>
   <div class='ocr_carea' id='block_1_80' title="bbox 2114 5255 3691 5333">
    <p class='ocr_par' dir='ltr' id='par_1_80' title="bbox 2114 5255 3691 5333">
     <span class='ocr_line' id='line_1_82' title="bbox 2114 5255 3691 5333; baseline -0.005 -16"><span class='ocrx_word' id='word_1_722' title='bbox 2114 5279 2211 5333; x_wconf 88' lang='lat' dir='ltr'><strong><em>per</em></strong></span> <span class='ocrx_word' id='word_1_723' title='bbox 2237 5277 2399 5331; x_wconf 85' lang='lat' dir='ltr'><strong><em>quem</em></strong></span> <span class='ocrx_word' id='word_1_724' title='bbox 2429 5270 2483 5315; x_wconf 84' lang='lat' dir='ltr'><strong><em>et</em></strong></span> <span class='ocrx_word' id='word_1_725' title='bbox 2513 5274 2636 5315; x_wconf 92' lang='lat' dir='ltr'><strong><em>cum</em></strong></span> <span class='ocrx_word' id='word_1_726' title='bbox 2665 5273 2776 5327; x_wconf 93' lang='lat' dir='ltr'><strong><em>quo</em></strong></span> <span class='ocrx_word' id='word_1_727' title='bbox 2805 5267 2856 5312; x_wconf 92' lang='lat' dir='ltr'><strong><em>te</em></strong></span> <span class='ocrx_word' id='word_1_728' title='bbox 2886 5258 3041 5311; x_wconf 88' lang='lat' dir='ltr'><strong><em>decet</em></strong></span> <span class='ocrx_word' id='word_1_729' title='bbox 3070 5256 3266 5327; x_wconf 85' lang='lat' dir='ltr'><strong><em>gloria,</em></strong></span> <span class='ocrx_word' id='word_1_730' title='bbox 3299 5257 3474 5312; x_wconf 88' lang='lat' dir='ltr'><strong><em>honor</em></strong></span> <span class='ocrx_word' id='word_1_731' title='bbox 3499 5262 3553 5308; x_wconf 90' lang='lat' dir='ltr'><strong><em>et</em></strong></span> <span class='ocrx_word' id='word_1_732' title='bbox 3583 5255 3691 5309; x_wconf 48' lang='lat' dir='ltr'><strong><em>im-</em></strong></span> 
     </span>
    </p>
   </div>
   <div class='ocr_carea' id='block_1_81' title="bbox 2113 5349 3090 5423">
    <p class='ocr_par' dir='ltr' id='par_1_81' title="bbox 2113 5349 3090 5423">
     <span class='ocr_line' id='line_1_83' title="bbox 2113 5349 3090 5423; baseline -0.007 -16"><span class='ocrx_word' id='word_1_733' title='bbox 2113 5354 2326 5423; x_wconf 81' lang='lat' dir='ltr'><strong><em>perium</em></strong></span> <span class='ocrx_word' id='word_1_734' title='bbox 2358 5366 2484 5406; x_wconf 88' lang='lat' dir='ltr'><strong><em>cum</em></strong></span> <span class='ocrx_word' id='word_1_735' title='bbox 2517 5349 2722 5419; x_wconf 88' lang='lat' dir='ltr'><strong><em>Spiritu</em></strong></span> <span class='ocrx_word' id='word_1_736' title='bbox 2758 5362 2849 5402; x_wconf 88' lang='lat' dir='ltr'><strong><em>tuo</em></strong></span> <span class='ocrx_word' id='word_1_737' title='bbox 2880 5359 3090 5402; x_wconf 89' lang='lat' dir='ltr'><strong><em>sancto.</em></strong></span> 
     </span>
    </p>
   </div>
   <div class='ocr_carea' id='block_1_82' title="bbox 2186 5442 2670 5513">
    <p class='ocr_par' dir='ltr' id='par_1_82' title="bbox 2186 5442 2670 5513">
     <span class='ocr_line' id='line_1_84' title="bbox 2186 5442 2670 5513; baseline -0.008 -15"><span class='ocrx_word' id='word_1_738' title='bbox 2186 5443 2443 5513; x_wconf 89' lang='lat' dir='ltr'><strong><em>Populus.</em></strong></span> <span class='ocrx_word' id='word_1_739' title='bbox 2476 5442 2670 5496; x_wconf 86' lang='lat' dir='ltr'><strong><em>Amen.</em></strong></span> 
     </span>
    </p>
   </div>
   <div class='ocr_carea' id='block_1_83' title="bbox 2185 5533 2879 5599">
    <p class='ocr_par' dir='ltr' id='par_1_83' title="bbox 2185 5533 2879 5599">
     <span class='ocr_line' id='line_1_85' title="bbox 2185 5533 2879 5599; baseline -0.006 -9"><span class='ocrx_word' id='word_1_740' title='bbox 2185 5538 2476 5590; x_wconf 88' lang='lat' dir='ltr'><strong><em>Diaconus.</em></strong></span> <span class='ocrx_word' id='word_1_741' title='bbox 2506 5533 2744 5599; x_wconf 86' lang='lat' dir='ltr'><strong><em>Stemus,</em></strong></span> <span class='ocrx_word' id='word_1_742' title='bbox 2774 5540 2879 5587; x_wconf 88' lang='lat' dir='ltr'><strong><em>etc.</em></strong></span> 
     </span>
    </p>
   </div>
   <div class='ocr_carea' id='block_1_84' title="bbox 2187 5624 3020 5696">
    <p class='ocr_par' dir='ltr' id='par_1_84' title="bbox 2187 5624 3020 5696">
     <span class='ocr_line' id='line_1_86' title="bbox 2187 5624 3020 5696; baseline -0.007 -16"><span class='ocrx_word' id='word_1_743' title='bbox 2187 5626 2443 5696; x_wconf 87' lang='lat' dir='ltr'><strong><em>Populus.</em></strong></span> <span class='ocrx_word' id='word_1_744' title='bbox 2477 5624 2886 5688; x_wconf 57' lang='lat' dir='ltr'><strong><em>Misericordia,</em></strong></span> <span class='ocrx_word' id='word_1_745' title='bbox 2917 5631 3020 5676; x_wconf 85' lang='lat' dir='ltr'><strong><em>etc.</em></strong></span> 
     </span>
    </p>
   </div>
   <div class='ocr_carea' id='block_1_85' title="bbox 2180 5716 2907 5780">
    <p class='ocr_par' dir='ltr' id='par_1_85' title="bbox 2180 5716 2907 5780">
     <span class='ocr_line' id='line_1_87' title="bbox 2180 5716 2907 5780; baseline -0.007 -8"><span class='ocrx_word' id='word_1_746' title='bbox 2180 5717 2459 5773; x_wconf 87' lang='lat' dir='ltr'><strong><em>Sacerdos.</em></strong></span> <span class='ocrx_word' id='word_1_747' title='bbox 2494 5716 2770 5780; x_wconf 86' lang='lat' dir='ltr'><strong><em>Charitas,</em></strong></span> <span class='ocrx_word' id='word_1_748' title='bbox 2803 5724 2907 5768; x_wconf 91' lang='lat' dir='ltr'><strong><em>etc.</em></strong></span> 
     </span>
    </p>
   </div>
   <div class='ocr_carea' id='block_1_86' title="bbox 2189 5807 3055 5881">
    <p class='ocr_par' dir='ltr' id='par_1_86' title="bbox 2189 5807 3055 5881">
     <span class='ocr_line' id='line_1_88' title="bbox 2189 5807 3055 5881; baseline -0.008 -16"><span class='ocrx_word' id='word_1_749' title='bbox 2189 5810 2448 5881; x_wconf 86' lang='lat' dir='ltr'><strong><em>Populus.</em></strong></span> <span class='ocrx_word' id='word_1_750' title='bbox 2475 5809 2542 5865; x_wconf 86' lang='lat' dir='ltr'><strong><em>Et</em></strong></span> <span class='ocrx_word' id='word_1_751' title='bbox 2569 5823 2692 5865; x_wconf 88' lang='lat' dir='ltr'><strong><em>cum</em></strong></span> <span class='ocrx_word' id='word_1_752' title='bbox 2722 5807 2913 5877; x_wconf 87' lang='lat' dir='ltr'><strong><em>spiritu</em></strong></span> <span class='ocrx_word' id='word_1_753' title='bbox 2940 5815 3055 5863; x_wconf 89' lang='lat' dir='ltr'><strong><em>tuo.</em></strong></span> 
     </span>
    </p>
   </div>
   <div class='ocr_carea' id='block_1_87' title="bbox 3376 5895 3451 5957">
    <p class='ocr_par' dir='ltr' id='par_1_87' title="bbox 3376 5895 3451 5957">
     <span class='ocr_line' id='line_1_89' title="bbox 3376 5895 3451 5957; baseline -0.013 0"><span class='ocrx_word' id='word_1_754' title='bbox 3376 5895 3451 5957; x_wconf 84' lang='grc'><strong>31</strong></span> 
     </span>
    </p>
   </div>
  </div>
