  <div class='ocr_page' id='page_1' title='image "/cluster/home/n/w/nwhite01/storage/ocr_20150623/5/coo.31924054872845/493.png"; bbox 0 0 4142 6384; ppageno 0'>
   <div class='ocr_carea' id='block_1_1' title="bbox 478 303 578 357">
    <p class='ocr_par' dir='ltr' id='par_1_1' title="bbox 478 303 578 357">
     <span class='ocr_line' id='line_1_1' title="bbox 478 303 578 357; baseline -0.03 0"><span class='ocrx_word' id='word_1_1' title='bbox 478 303 578 357; x_wconf 72' lang='lat'><strong>971</strong></span> 
     </span>
    </p>
   </div>
   <div class='ocr_carea' id='block_1_2' title="bbox 556 423 1308 479">
    <p class='ocr_par' dir='ltr' id='par_1_2' title="bbox 556 423 1308 479">
     <span class='ocr_line' id='line_1_2' title="bbox 556 423 1308 479; baseline -0.007 0"><span class='ocrx_word' id='word_1_2' title='bbox 556 424 830 479; x_wconf 83' lang='lat' dir='ltr'><strong>Sacerdos.</strong></span> <span class='ocrx_word' id='word_1_3' title='bbox 865 424 1093 477; x_wconf 83' lang='lat' dir='ltr'><strong>Sursum</strong></span> <span class='ocrx_word' id='word_1_4' title='bbox 1122 423 1308 477; x_wconf 86' lang='lat' dir='ltr'><strong>corda.</strong></span> 
     </span>
    </p>
   </div>
   <div class='ocr_carea' id='block_1_3' title="bbox 556 517 1551 589">
    <p class='ocr_par' dir='ltr' id='par_1_3' title="bbox 556 517 1551 589">
     <span class='ocr_line' id='line_1_3' title="bbox 556 517 1551 589; baseline -0.003 -16"><span class='ocrx_word' id='word_1_5' title='bbox 556 520 809 589; x_wconf 80' lang='lat' dir='ltr'><strong>Populus.</strong></span> <span class='ocrx_word' id='word_1_6' title='bbox 838 517 1114 573; x_wconf 79' lang='lat' dir='ltr'><strong>Habemus</strong></span> <span class='ocrx_word' id='word_1_7' title='bbox 1142 518 1209 571; x_wconf 87' lang='lat' dir='ltr'><strong>ad</strong></span> <span class='ocrx_word' id='word_1_8' title='bbox 1240 517 1551 570; x_wconf 87' lang='lat' dir='ltr'><strong>Dominum.</strong></span> 
     </span>
    </p>
   </div>
   <div class='ocr_carea' id='block_1_4' title="bbox 553 611 1494 681">
    <p class='ocr_par' dir='ltr' id='par_1_4' title="bbox 553 611 1494 681">
     <span class='ocr_line' id='line_1_4' title="bbox 553 611 1494 681; baseline -0.001 -15"><span class='ocrx_word' id='word_1_9' title='bbox 553 614 829 667; x_wconf 80' lang='lat' dir='ltr'><strong>Sacerdos.</strong></span> <span class='ocrx_word' id='word_1_10' title='bbox 862 611 1078 666; x_wconf 77' lang='lat' dir='ltr'><strong>Gratias</strong></span> <span class='ocrx_word' id='word_1_11' title='bbox 1110 626 1339 681; x_wconf 79' lang='lat' dir='ltr'><strong>agamus</strong></span> <span class='ocrx_word' id='word_1_12' title='bbox 1365 611 1494 665; x_wconf 91' lang='lat' dir='ltr'><strong>Deo.</strong></span> 
     </span>
    </p>
   </div>
   <div class='ocr_carea' id='block_1_5' title="bbox 552 702 1515 773">
    <p class='ocr_par' dir='ltr' id='par_1_5' title="bbox 552 702 1515 773">
     <span class='ocr_line' id='line_1_5' title="bbox 552 702 1515 773; baseline 0 -16"><span class='ocrx_word' id='word_1_13' title='bbox 552 704 809 771; x_wconf 84' lang='lat' dir='ltr'><strong>Populus.</strong></span> <span class='ocrx_word' id='word_1_14' title='bbox 849 702 1081 773; x_wconf 88' lang='lat' dir='ltr'><strong>Dignum</strong></span> <span class='ocrx_word' id='word_1_15' title='bbox 1108 713 1161 758; x_wconf 91' lang='lat' dir='ltr'><strong>et</strong></span> <span class='ocrx_word' id='word_1_16' title='bbox 1179 703 1385 773; x_wconf 88' lang='lat' dir='ltr'><strong>justum</strong></span> <span class='ocrx_word' id='word_1_17' title='bbox 1413 712 1515 759; x_wconf 90' lang='lat' dir='ltr'><strong>est.</strong></span> 
     </span>
    </p>
   </div>
   <div class='ocr_carea' id='block_1_6' title="bbox 553 794 2062 852">
    <p class='ocr_par' dir='ltr' id='par_1_6' title="bbox 553 794 2062 852">
     <span class='ocr_line' id='line_1_6' title="bbox 553 794 2062 852; baseline 0.001 -3"><span class='ocrx_word' id='word_1_18' title='bbox 553 794 810 849; x_wconf 80' lang='lat' dir='ltr'><strong>Sacerdos</strong></span> <span class='ocrx_word' id='word_1_19' title='bbox 841 794 1151 849; x_wconf 78' lang='lat' dir='ltr'><strong>inclinatus.</strong></span> <span class='ocrx_word' id='word_1_20' title='bbox 1197 794 1335 849; x_wconf 75' lang='lat' dir='ltr'><strong>Vere</strong></span> <span class='ocrx_word' id='word_1_21' title='bbox 1368 796 1522 850; x_wconf 88' lang='lat' dir='ltr'><strong>decet</strong></span> <span class='ocrx_word' id='word_1_22' title='bbox 1554 796 1648 850; x_wconf 84' lang='lat' dir='ltr'><strong>libi</strong></span> <span class='ocrx_word' id='word_1_23' title='bbox 1684 797 2062 852; x_wconf 87' lang='lat' dir='ltr'><strong>adoratiouem</strong></span> 
     </span>
    </p>
   </div>
   <div class='ocr_carea' id='block_1_7' title="bbox 482 888 2063 954">
    <p class='ocr_par' dir='ltr' id='par_1_7' title="bbox 482 888 2063 954">
     <span class='ocr_line' id='line_1_7' title="bbox 482 888 2063 954; baseline 0 -10"><span class='ocrx_word' id='word_1_24' title='bbox 482 904 605 944; x_wconf 89' lang='lat' dir='ltr'><strong>cum</strong></span> <span class='ocrx_word' id='word_1_25' title='bbox 637 889 866 952; x_wconf 89' lang='lat' dir='ltr'><strong>honore,</strong></span> <span class='ocrx_word' id='word_1_26' title='bbox 900 888 1059 943; x_wconf 85' lang='lat' dir='ltr'><strong>laude</strong></span> <span class='ocrx_word' id='word_1_27' title='bbox 1085 896 1139 942; x_wconf 91' lang='lat' dir='ltr'><strong>et</strong></span> <span class='ocrx_word' id='word_1_28' title='bbox 1164 888 1513 954; x_wconf 82' lang='lat' dir='ltr'><strong>exaltatione,</strong></span> <span class='ocrx_word' id='word_1_29' title='bbox 1547 889 1794 944; x_wconf 82' lang='lat' dir='ltr'><strong>exhiberi</strong></span> <span class='ocrx_word' id='word_1_30' title='bbox 1828 891 1896 945; x_wconf 93' lang='lat' dir='ltr'><strong>ab</strong></span> <span class='ocrx_word' id='word_1_31' title='bbox 1941 905 2063 944; x_wconf 93' lang='lat' dir='ltr'><strong>om-</strong></span> 
     </span>
    </p>
   </div>
   <div class='ocr_carea' id='block_1_8' title="bbox 480 981 2064 1052">
    <p class='ocr_par' dir='ltr' id='par_1_8' title="bbox 480 981 2064 1052">
     <span class='ocr_line' id='line_1_8' title="bbox 480 981 2064 1052; baseline 0.003 -19"><span class='ocrx_word' id='word_1_32' title='bbox 480 982 644 1036; x_wconf 83' lang='lat' dir='ltr'><strong>nibus</strong></span> <span class='ocrx_word' id='word_1_33' title='bbox 684 982 953 1035; x_wconf 83' lang='lat' dir='ltr'><strong>creaturis</strong></span> <span class='ocrx_word' id='word_1_34' title='bbox 994 982 1104 1035; x_wconf 89' lang='lat' dir='ltr'><strong>tuis</strong></span> <span class='ocrx_word' id='word_1_35' title='bbox 1140 981 1524 1046; x_wconf 78' lang='lat' dir='ltr'><strong>rationalibus,</strong></span> <span class='ocrx_word' id='word_1_36' title='bbox 1566 982 1843 1052; x_wconf 85' lang='lat' dir='ltr'><strong>simulque</strong></span> <span class='ocrx_word' id='word_1_37' title='bbox 1877 982 2064 1052; x_wconf 90' lang='lat' dir='ltr'><strong>unige-</strong></span> 
     </span>
    </p>
   </div>
   <div class='ocr_carea' id='block_1_9' title="bbox 480 1073 1594 1142">
    <p class='ocr_par' dir='ltr' id='par_1_9' title="bbox 480 1073 1594 1142">
     <span class='ocr_line' id='line_1_9' title="bbox 480 1073 1594 1142; baseline -0.001 -14"><span class='ocrx_word' id='word_1_38' title='bbox 480 1076 594 1130; x_wconf 91' lang='lat' dir='ltr'><strong>nito</strong></span> <span class='ocrx_word' id='word_1_39' title='bbox 620 1073 758 1128; x_wconf 88' lang='lat' dir='ltr'><strong>Filio</strong></span> <span class='ocrx_word' id='word_1_40' title='bbox 781 1084 893 1140; x_wconf 91' lang='lat' dir='ltr'><strong>tuo,</strong></span> <span class='ocrx_word' id='word_1_41' title='bbox 928 1082 981 1128; x_wconf 90' lang='lat' dir='ltr'><strong>et</strong></span> <span class='ocrx_word' id='word_1_42' title='bbox 1012 1073 1237 1142; x_wconf 83' lang='lat' dir='ltr'><strong>Spiritui</strong></span> <span class='ocrx_word' id='word_1_43' title='bbox 1262 1087 1357 1127; x_wconf 90' lang='lat' dir='ltr'><strong>tuo</strong></span> <span class='ocrx_word' id='word_1_44' title='bbox 1383 1083 1594 1127; x_wconf 86' lang='lat' dir='ltr'><strong>sancto.</strong></span> 
     </span>
    </p>
   </div>
   <div class='ocr_carea' id='block_1_10' title="bbox 555 1165 2062 1237">
    <p class='ocr_par' dir='ltr' id='par_1_10' title="bbox 555 1165 2062 1237">
     <span class='ocr_line' id='line_1_10' title="bbox 555 1165 2062 1237; baseline 0 -16"><span class='ocrx_word' id='word_1_45' title='bbox 555 1168 780 1223; x_wconf 83' lang='lat' dir='ltr'><strong>Elevans</strong></span> <span class='ocrx_word' id='word_1_46' title='bbox 828 1184 1023 1222; x_wconf 86' lang='lat' dir='ltr'><strong>vocem.</strong></span> <span class='ocrx_word' id='word_1_47' title='bbox 1052 1166 1135 1222; x_wconf 93' lang='lat' dir='ltr'><strong>Tu</strong></span> <span class='ocrx_word' id='word_1_48' title='bbox 1183 1168 1271 1221; x_wconf 88' lang='lat' dir='ltr'><strong>ille</strong></span> <span class='ocrx_word' id='word_1_49' title='bbox 1296 1183 1355 1221; x_wconf 91' lang='lat' dir='ltr'><strong>es</strong></span> <span class='ocrx_word' id='word_1_50' title='bbox 1388 1167 1480 1237; x_wconf 92' lang='lat' dir='ltr'><strong>qui</strong></span> <span class='ocrx_word' id='word_1_51' title='bbox 1517 1182 1544 1219; x_wconf 92' lang='lat' dir='ltr'><strong>a</strong></span> <span class='ocrx_word' id='word_1_52' title='bbox 1572 1165 1897 1221; x_wconf 88' lang='lat' dir='ltr'><strong>substantiis</strong></span> <span class='ocrx_word' id='word_1_53' title='bbox 1929 1165 2062 1221; x_wconf 89' lang='lat' dir='ltr'><strong>sub-</strong></span> 
     </span>
    </p>
   </div>
   <div class='ocr_carea' id='block_1_11' title="bbox 481 1258 2066 1327">
    <p class='ocr_par' dir='ltr' id='par_1_11' title="bbox 481 1258 2066 1327">
     <span class='ocr_line' id='line_1_11' title="bbox 481 1258 2066 1327; baseline 0.001 -14"><span class='ocrx_word' id='word_1_54' title='bbox 481 1261 738 1327; x_wconf 89' lang='lat' dir='ltr'><strong>limibus,</strong></span> <span class='ocrx_word' id='word_1_55' title='bbox 787 1270 839 1314; x_wconf 92' lang='lat' dir='ltr'><strong>et</strong></span> <span class='ocrx_word' id='word_1_56' title='bbox 892 1258 1380 1324; x_wconf 90' lang='lat' dir='ltr'><strong>immaterialibus,</strong></span> <span class='ocrx_word' id='word_1_57' title='bbox 1450 1259 1646 1314; x_wconf 82' lang='lat' dir='ltr'><strong>decore</strong></span> <span class='ocrx_word' id='word_1_58' title='bbox 1696 1274 1955 1323; x_wconf 88' lang='lat' dir='ltr'><strong>summo,</strong></span> <span class='ocrx_word' id='word_1_59' title='bbox 2012 1268 2066 1314; x_wconf 91' lang='lat' dir='ltr'><strong>et</strong></span> 
     </span>
    </p>
   </div>
   <div class='ocr_carea' id='block_1_12' title="bbox 481 1350 2066 1421">
    <p class='ocr_par' dir='ltr' id='par_1_12' title="bbox 481 1350 2066 1421">
     <span class='ocr_line' id='line_1_12' title="bbox 481 1350 2066 1421; baseline -0.001 -15"><span class='ocrx_word' id='word_1_60' title='bbox 481 1353 888 1421; x_wconf 89' lang='lat' dir='ltr'><strong>triumphaliter</strong></span> <span class='ocrx_word' id='word_1_61' title='bbox 932 1352 985 1405; x_wconf 91' lang='lat' dir='ltr'><strong>in</strong></span> <span class='ocrx_word' id='word_1_62' title='bbox 1035 1350 1289 1416; x_wconf 80' lang='lat' dir='ltr'><strong>excelsis,</strong></span> <span class='ocrx_word' id='word_1_63' title='bbox 1332 1350 1653 1417; x_wconf 90' lang='lat' dir='ltr'><strong>honoraris,</strong></span> <span class='ocrx_word' id='word_1_64' title='bbox 1703 1352 1976 1417; x_wconf 87' lang='lat' dir='ltr'><strong>laudaris,</strong></span> <span class='ocrx_word' id='word_1_65' title='bbox 2012 1361 2066 1407; x_wconf 91' lang='lat' dir='ltr'><strong>et</strong></span> 
     </span>
    </p>
   </div>
   <div class='ocr_carea' id='block_1_13' title="bbox 481 1444 2066 1517">
    <p class='ocr_par' dir='ltr' id='par_1_13' title="bbox 481 1444 2066 1517">
     <span class='ocr_line' id='line_1_13' title="bbox 481 1444 2066 1517; baseline -0.001 -16"><span class='ocrx_word' id='word_1_66' title='bbox 481 1446 875 1517; x_wconf 85' lang='lat' dir='ltr'><strong>gloriﬁcatione</strong></span> <span class='ocrx_word' id='word_1_67' title='bbox 902 1455 1159 1513; x_wconf 90' lang='lat' dir='ltr'><strong>perpetua</strong></span> <span class='ocrx_word' id='word_1_68' title='bbox 1194 1444 1509 1508; x_wconf 89' lang='lat' dir='ltr'><strong>celebraris,</strong></span> <span class='ocrx_word' id='word_1_69' title='bbox 1548 1444 1800 1498; x_wconf 90' lang='lat' dir='ltr'><strong>cantibus</strong></span> <span class='ocrx_word' id='word_1_70' title='bbox 1832 1445 1983 1513; x_wconf 84' lang='lat' dir='ltr'><strong>puris</strong></span> <span class='ocrx_word' id='word_1_71' title='bbox 2011 1455 2066 1498; x_wconf 93' lang='lat' dir='ltr'><strong>et</strong></span> 
     </span>
    </p>
   </div>
   <div class='ocr_carea' id='block_1_14' title="bbox 482 1534 2065 1603">
    <p class='ocr_par' dir='ltr' id='par_1_14' title="bbox 482 1534 2065 1603">
     <span class='ocr_line' id='line_1_14' title="bbox 482 1534 2065 1603; baseline -0.003 -10"><span class='ocrx_word' id='word_1_72' title='bbox 482 1539 710 1603; x_wconf 91' lang='lat' dir='ltr'><strong>sanctis,</strong></span> <span class='ocrx_word' id='word_1_73' title='bbox 751 1537 978 1591; x_wconf 87' lang='lat' dir='ltr'><strong>citharis</strong></span> <span class='ocrx_word' id='word_1_74' title='bbox 1009 1536 1291 1600; x_wconf 80' lang='lat' dir='ltr'><strong>suavibus,</strong></span> <span class='ocrx_word' id='word_1_75' title='bbox 1322 1544 1375 1590; x_wconf 91' lang='lat' dir='ltr'><strong>et</strong></span> <span class='ocrx_word' id='word_1_76' title='bbox 1397 1534 1677 1603; x_wconf 81' lang='lat' dir='ltr'><strong>jucundis,</strong></span> <span class='ocrx_word' id='word_1_77' title='bbox 1718 1536 2065 1590; x_wconf 80' lang='lat' dir='ltr'><strong>exaltatioui-</strong></span> 
     </span>
    </p>
   </div>
   <div class='ocr_carea' id='block_1_15' title="bbox 482 1629 2067 1703">
    <p class='ocr_par' dir='ltr' id='par_1_15' title="bbox 482 1629 2067 1703">
     <span class='ocr_line' id='line_1_15' title="bbox 482 1629 2067 1703; baseline -0.001 -17"><span class='ocrx_word' id='word_1_78' title='bbox 482 1635 694 1702; x_wconf 78' lang='lat' dir='ltr'><strong>busque</strong></span> <span class='ocrx_word' id='word_1_79' title='bbox 723 1642 775 1688; x_wconf 89' lang='lat' dir='ltr'><strong>et</strong></span> <span class='ocrx_word' id='word_1_80' title='bbox 820 1632 1035 1703; x_wconf 80' lang='lat' dir='ltr'><strong>hymnis</strong></span> <span class='ocrx_word' id='word_1_81' title='bbox 1075 1631 1520 1700; x_wconf 87' lang='lat' dir='ltr'><strong>triumphalibus,</strong></span> <span class='ocrx_word' id='word_1_82' title='bbox 1558 1629 1711 1684; x_wconf 86' lang='lat' dir='ltr'><strong>festis</strong></span> <span class='ocrx_word' id='word_1_83' title='bbox 1754 1630 2067 1685; x_wconf 86' lang='lat' dir='ltr'><strong>indesinen-</strong></span> 
     </span>
    </p>
   </div>
   <div class='ocr_carea' id='block_1_16' title="bbox 483 1722 2065 1791">
    <p class='ocr_par' dir='ltr' id='par_1_16' title="bbox 483 1722 2065 1791">
     <span class='ocr_line' id='line_1_16' title="bbox 483 1722 2065 1791; baseline -0.003 -11"><span class='ocrx_word' id='word_1_84' title='bbox 483 1728 650 1790; x_wconf 89' lang='lat' dir='ltr'><strong>tibus,</strong></span> <span class='ocrx_word' id='word_1_85' title='bbox 685 1735 742 1780; x_wconf 90' lang='lat' dir='ltr'><strong>et</strong></span> <span class='ocrx_word' id='word_1_86' title='bbox 768 1725 999 1779; x_wconf 88' lang='lat' dir='ltr'><strong>canticis</strong></span> <span class='ocrx_word' id='word_1_87' title='bbox 1035 1740 1142 1778; x_wconf 92' lang='lat' dir='ltr'><strong>non</strong></span> <span class='ocrx_word' id='word_1_88' title='bbox 1186 1724 1555 1785; x_wconf 88' lang='lat' dir='ltr'><strong>cessantibus,</strong></span> <span class='ocrx_word' id='word_1_89' title='bbox 1596 1738 1693 1791; x_wconf 91' lang='lat' dir='ltr'><strong>per</strong></span> <span class='ocrx_word' id='word_1_90' title='bbox 1734 1737 1832 1775; x_wconf 91' lang='lat' dir='ltr'><strong>ora</strong></span> <span class='ocrx_word' id='word_1_91' title='bbox 1884 1722 2065 1777; x_wconf 91' lang='lat' dir='ltr'><strong>incor-</strong></span> 
     </span>
    </p>
   </div>
   <div class='ocr_carea' id='block_1_17' title="bbox 483 1796 2140 1888">
    <p class='ocr_par' dir='ltr' id='par_1_17' title="bbox 483 1796 2140 1888">
     <span class='ocr_line' id='line_1_17' title="bbox 483 1796 2140 1888; baseline -0.002 -17"><span class='ocrx_word' id='word_1_92' title='bbox 483 1834 668 1888; x_wconf 85' lang='lat' dir='ltr'><strong>porea,</strong></span> <span class='ocrx_word' id='word_1_93' title='bbox 695 1835 787 1887; x_wconf 90' lang='lat' dir='ltr'><strong>per</strong></span> <span class='ocrx_word' id='word_1_94' title='bbox 817 1818 1026 1888; x_wconf 88' lang='lat' dir='ltr'><strong>linguas</strong></span> <span class='ocrx_word' id='word_1_95' title='bbox 1055 1833 1160 1871; x_wconf 92' lang='lat' dir='ltr'><strong>non</strong></span> <span class='ocrx_word' id='word_1_96' title='bbox 1186 1832 1434 1881; x_wconf 88' lang='lat' dir='ltr'><strong>carneas,</strong></span> <span class='ocrx_word' id='word_1_97' title='bbox 1459 1832 1553 1885; x_wconf 88' lang='lat' dir='ltr'><strong>per</strong></span> <span class='ocrx_word' id='word_1_98' title='bbox 1574 1816 1845 1885; x_wconf 68' lang='lat' dir='ltr'><strong>praeconia</strong></span> <span class='ocrx_word' id='word_1_99' title='bbox 1867 1815 2066 1870; x_wconf 80' lang='lat' dir='ltr'><strong>eximia</strong></span> <span class='ocrx_word' id='word_1_100' title='bbox 2098 1796 2140 1851; x_wconf 80' lang='grc' dir='ltr'><strong>Β</strong></span> 
     </span>
    </p>
   </div>
   <div class='ocr_carea' id='block_1_18' title="bbox 482 1908 2063 1979">
    <p class='ocr_par' dir='ltr' id='par_1_18' title="bbox 482 1908 2063 1979">
     <span class='ocr_line' id='line_1_18' title="bbox 482 1908 2063 1979; baseline -0.001 -16"><span class='ocrx_word' id='word_1_101' title='bbox 482 1910 846 1979; x_wconf 78' lang='lat' dir='ltr'><strong>spiritualium</strong></span> <span class='ocrx_word' id='word_1_102' title='bbox 869 1952 884 1975; x_wconf 95' lang='lat'><strong>,</strong></span> <span class='ocrx_word' id='word_1_103' title='bbox 923 1925 1016 1979; x_wconf 88' lang='lat' dir='ltr'><strong>per</strong></span> <span class='ocrx_word' id='word_1_104' title='bbox 1047 1908 1309 1978; x_wconf 72' lang='lat' dir='ltr'><strong>aequalem</strong></span> <span class='ocrx_word' id='word_1_105' title='bbox 1355 1917 1681 1963; x_wconf 84' lang='lat' dir='ltr'><strong>concentum</strong></span> <span class='ocrx_word' id='word_1_106' title='bbox 1740 1908 2023 1978; x_wconf 87' lang='lat' dir='ltr'><strong>igneorum</strong></span> <span class='ocrx_word' id='word_1_107' title='bbox 2048 1949 2063 1975; x_wconf 90' lang='lat'><strong>,</strong></span> 
     </span>
    </p>
   </div>
   <div class='ocr_carea' id='block_1_19' title="bbox 480 2001 2066 2071">
    <p class='ocr_par' dir='ltr' id='par_1_19' title="bbox 480 2001 2066 2071">
     <span class='ocr_line' id='line_1_19' title="bbox 480 2001 2066 2071; baseline 0.001 -16"><span class='ocrx_word' id='word_1_108' title='bbox 480 2019 579 2070; x_wconf 81' lang='lat' dir='ltr'><strong>per</strong></span> <span class='ocrx_word' id='word_1_109' title='bbox 616 2019 783 2071; x_wconf 87' lang='lat' dir='ltr'><strong>puras</strong></span> <span class='ocrx_word' id='word_1_110' title='bbox 828 2017 989 2056; x_wconf 85' lang='lat' dir='ltr'><strong>voces</strong></span> <span class='ocrx_word' id='word_1_111' title='bbox 1038 2001 1399 2066; x_wconf 90' lang='lat' dir='ltr'><strong>thronorum,</strong></span> <span class='ocrx_word' id='word_1_112' title='bbox 1442 2016 1539 2070; x_wconf 91' lang='lat' dir='ltr'><strong>per</strong></span> <span class='ocrx_word' id='word_1_113' title='bbox 1565 2016 1761 2055; x_wconf 90' lang='lat' dir='ltr'><strong>sonum</strong></span> <span class='ocrx_word' id='word_1_114' title='bbox 1806 2017 2066 2071; x_wconf 84' lang='lat' dir='ltr'><strong>magnum</strong></span> 
     </span>
    </p>
   </div>
   <div class='ocr_carea' id='block_1_20' title="bbox 482 2092 2065 2165">
    <p class='ocr_par' dir='ltr' id='par_1_20' title="bbox 482 2092 2065 2165">
     <span class='ocr_line' id='line_1_20' title="bbox 482 2092 2065 2165; baseline 0 -17"><span class='ocrx_word' id='word_1_115' title='bbox 482 2095 762 2149; x_wconf 81' lang='lat' dir='ltr'><strong>cherubim</strong></span> <span class='ocrx_word' id='word_1_116' title='bbox 784 2134 797 2155; x_wconf 84' lang='lat'><strong>,</strong></span> <span class='ocrx_word' id='word_1_117' title='bbox 831 2104 885 2148; x_wconf 87' lang='lat' dir='ltr'><strong>ct</strong></span> <span class='ocrx_word' id='word_1_118' title='bbox 911 2092 1375 2149; x_wconf 86' lang='lat' dir='ltr'><strong>sanetiticationes</strong></span> <span class='ocrx_word' id='word_1_119' title='bbox 1405 2094 1729 2163; x_wconf 85' lang='lat' dir='ltr'><strong>purissimas</strong></span> <span class='ocrx_word' id='word_1_120' title='bbox 1767 2096 2065 2165; x_wconf 89' lang='lat' dir='ltr'><strong>seraphim,</strong></span> 
     </span>
    </p>
   </div>
   <div class='ocr_carea' id='block_1_21' title="bbox 481 2187 2070 2257">
    <p class='ocr_par' dir='ltr' id='par_1_21' title="bbox 481 2187 2070 2257">
     <span class='ocr_line' id='line_1_21' title="bbox 481 2187 2070 2257; baseline 0.001 -16"><span class='ocrx_word' id='word_1_121' title='bbox 481 2188 575 2257; x_wconf 86' lang='lat' dir='ltr'><strong>qui</strong></span> <span class='ocrx_word' id='word_1_122' title='bbox 618 2188 933 2242; x_wconf 85' lang='lat' dir='ltr'><strong>terribiliter</strong></span> <span class='ocrx_word' id='word_1_123' title='bbox 964 2187 1067 2242; x_wconf 91' lang='lat' dir='ltr'><strong>alis</strong></span> <span class='ocrx_word' id='word_1_124' title='bbox 1106 2187 1389 2256; x_wconf 90' lang='lat' dir='ltr'><strong>plaudunt,</strong></span> <span class='ocrx_word' id='word_1_125' title='bbox 1427 2187 1784 2257; x_wconf 89' lang='lat' dir='ltr'><strong>volantesque</strong></span> <span class='ocrx_word' id='word_1_126' title='bbox 1831 2196 1911 2242; x_wconf 88' lang='lat' dir='ltr'><strong>ter</strong></span> <span class='ocrx_word' id='word_1_127' title='bbox 1948 2202 2070 2243; x_wconf 89' lang='lat' dir='ltr'><strong>san-</strong></span> 
     </span>
    </p>
   </div>
   <div class='ocr_carea' id='block_1_22' title="bbox 481 2279 1782 2347">
    <p class='ocr_par' dir='ltr' id='par_1_22' title="bbox 481 2279 1782 2347">
     <span class='ocr_line' id='line_1_22' title="bbox 481 2279 1782 2347; baseline -0.002 -13"><span class='ocrx_word' id='word_1_128' title='bbox 481 2280 744 2345; x_wconf 78' lang='lat' dir='ltr'><strong>ctificant,</strong></span> <span class='ocrx_word' id='word_1_129' title='bbox 773 2280 1035 2347; x_wconf 86' lang='lat' dir='ltr'><strong>clamant,</strong></span> <span class='ocrx_word' id='word_1_130' title='bbox 1066 2279 1437 2334; x_wconf 75' lang='lat' dir='ltr'><strong>vociferantur</strong></span> <span class='ocrx_word' id='word_1_131' title='bbox 1465 2288 1519 2333; x_wconf 89' lang='lat' dir='ltr'><strong>et</strong></span> <span class='ocrx_word' id='word_1_132' title='bbox 1547 2279 1737 2334; x_wconf 89' lang='lat' dir='ltr'><strong>dicunt</strong></span> <span class='ocrx_word' id='word_1_133' title='bbox 1770 2299 1782 2332; x_wconf 87' lang='lat'><strong>:</strong></span> 
     </span>
    </p>
   </div>
   <div class='ocr_carea' id='block_1_23' title="bbox 559 2370 1689 2443">
    <p class='ocr_par' dir='ltr' id='par_1_23' title="bbox 559 2370 1689 2443">
     <span class='ocr_line' id='line_1_23' title="bbox 559 2370 1689 2443; baseline 0 -18"><span class='ocrx_word' id='word_1_134' title='bbox 559 2373 813 2443; x_wconf 84' lang='lat' dir='ltr'><strong>Populus.</strong></span> <span class='ocrx_word' id='word_1_135' title='bbox 856 2372 1117 2439; x_wconf 88' lang='lat' dir='ltr'><strong>Sanctus,</strong></span> <span class='ocrx_word' id='word_1_136' title='bbox 1143 2372 1403 2438; x_wconf 87' lang='lat' dir='ltr'><strong>Sanctus,</strong></span> <span class='ocrx_word' id='word_1_137' title='bbox 1432 2370 1689 2425; x_wconf 89' lang='lat' dir='ltr'><strong>Sanctus.</strong></span> 
     </span>
    </p>
   </div>
   <div class='ocr_carea' id='block_1_24' title="bbox 555 2461 2066 2527">
    <p class='ocr_par' dir='ltr' id='par_1_24' title="bbox 555 2461 2066 2527">
     <span class='ocr_line' id='line_1_24' title="bbox 555 2461 2066 2527; baseline 0 -10"><span class='ocrx_word' id='word_1_138' title='bbox 555 2464 815 2518; x_wconf 79' lang='lat' dir='ltr'><strong>Sacerdos</strong></span> <span class='ocrx_word' id='word_1_139' title='bbox 837 2464 1151 2517; x_wconf 82' lang='lat' dir='ltr'><strong>inclinatus.</strong></span> <span class='ocrx_word' id='word_1_140' title='bbox 1187 2462 1423 2517; x_wconf 91' lang='lat' dir='ltr'><strong>Sanctus</strong></span> <span class='ocrx_word' id='word_1_141' title='bbox 1440 2462 1586 2516; x_wconf 91' lang='lat' dir='ltr'><strong>enim</strong></span> <span class='ocrx_word' id='word_1_142' title='bbox 1610 2477 1691 2523; x_wconf 86' lang='lat' dir='ltr'><strong>es.</strong></span> <span class='ocrx_word' id='word_1_143' title='bbox 1718 2461 1861 2517; x_wconf 86' lang='lat' dir='ltr'><strong>Deus</strong></span> <span class='ocrx_word' id='word_1_144' title='bbox 1885 2462 2066 2527; x_wconf 88' lang='lat' dir='ltr'><strong>Pater,</strong></span> 
     </span>
    </p>
   </div>
   <div class='ocr_carea' id='block_1_25' title="bbox 484 2554 2069 2627">
    <p class='ocr_par' dir='ltr' id='par_1_25' title="bbox 484 2554 2069 2627">
     <span class='ocr_line' id='line_1_25' title="bbox 484 2554 2069 2627; baseline -0.001 -16"><span class='ocrx_word' id='word_1_145' title='bbox 484 2560 721 2612; x_wconf 82' lang='lat' dir='ltr'><strong>Sanetus</strong></span> <span class='ocrx_word' id='word_1_146' title='bbox 743 2558 906 2611; x_wconf 85' lang='lat' dir='ltr'><strong>etiam</strong></span> <span class='ocrx_word' id='word_1_147' title='bbox 934 2557 1247 2627; x_wconf 88' lang='lat' dir='ltr'><strong>unigenitus</strong></span> <span class='ocrx_word' id='word_1_148' title='bbox 1274 2554 1445 2609; x_wconf 86' lang='lat' dir='ltr'><strong>Filius</strong></span> <span class='ocrx_word' id='word_1_149' title='bbox 1472 2566 1620 2622; x_wconf 92' lang='lat' dir='ltr'><strong>tuus,</strong></span> <span class='ocrx_word' id='word_1_150' title='bbox 1648 2554 1883 2610; x_wconf 88' lang='lat' dir='ltr'><strong>Sanctus</strong></span> <span class='ocrx_word' id='word_1_151' title='bbox 1904 2557 2069 2610; x_wconf 90' lang='lat' dir='ltr'><strong>etiam</strong></span> 
     </span>
    </p>
   </div>
   <div class='ocr_carea' id='block_1_26' title="bbox 480 2648 2071 2721">
    <p class='ocr_par' dir='ltr' id='par_1_26' title="bbox 480 2648 2071 2721">
     <span class='ocr_line' id='line_1_26' title="bbox 480 2648 2071 2721; baseline 0.001 -18"><span class='ocrx_word' id='word_1_152' title='bbox 480 2651 723 2721; x_wconf 75' lang='lat' dir='ltr'><strong>Spiritus</strong></span> <span class='ocrx_word' id='word_1_153' title='bbox 756 2658 884 2705; x_wconf 89' lang='lat' dir='ltr'><strong>tuus</strong></span> <span class='ocrx_word' id='word_1_154' title='bbox 928 2658 1187 2704; x_wconf 90' lang='lat' dir='ltr'><strong>sanctus:</strong></span> <span class='ocrx_word' id='word_1_155' title='bbox 1236 2649 1330 2717; x_wconf 90' lang='lat' dir='ltr'><strong>qui</strong></span> <span class='ocrx_word' id='word_1_156' title='bbox 1362 2648 1570 2703; x_wconf 89' lang='lat' dir='ltr'><strong>similes</strong></span> <span class='ocrx_word' id='word_1_157' title='bbox 1612 2648 1929 2703; x_wconf 63' lang='lat' dir='ltr'><strong>caelestibus</strong></span> <span class='ocrx_word' id='word_1_158' title='bbox 1976 2664 2071 2718; x_wconf 87' lang='lat' dir='ltr'><strong>per</strong></span> 
     </span>
    </p>
   </div>
   <div class='ocr_carea' id='block_1_27' title="bbox 484 2741 2069 2812">
    <p class='ocr_par' dir='ltr' id='par_1_27' title="bbox 484 2741 2069 2812">
     <span class='ocr_line' id='line_1_27' title="bbox 484 2741 2069 2812; baseline 0.001 -16"><span class='ocrx_word' id='word_1_159' title='bbox 484 2757 729 2797; x_wconf 71' lang='lat' dir='ltr'><strong>amoreru</strong></span> <span class='ocrx_word' id='word_1_160' title='bbox 774 2754 929 2797; x_wconf 89' lang='lat' dir='ltr'><strong>tuum</strong></span> <span class='ocrx_word' id='word_1_161' title='bbox 964 2757 1092 2812; x_wconf 87' lang='lat' dir='ltr'><strong>erga</strong></span> <span class='ocrx_word' id='word_1_162' title='bbox 1124 2741 1399 2807; x_wconf 88' lang='lat' dir='ltr'><strong>homines,</strong></span> <span class='ocrx_word' id='word_1_163' title='bbox 1452 2757 1555 2797; x_wconf 91' lang='lat' dir='ltr'><strong>nos</strong></span> <span class='ocrx_word' id='word_1_164' title='bbox 1604 2742 1804 2810; x_wconf 80' lang='lat' dir='ltr'><strong>fecisti,</strong></span> <span class='ocrx_word' id='word_1_165' title='bbox 1850 2752 1903 2797; x_wconf 90' lang='lat' dir='ltr'><strong>et</strong></span> <span class='ocrx_word' id='word_1_166' title='bbox 1947 2754 2069 2798; x_wconf 87' lang='lat' dir='ltr'><strong>tau-</strong></span> 
     </span>
    </p>
   </div>
   <div class='ocr_carea' id='block_1_28' title="bbox 484 2833 2069 2904">
    <p class='ocr_par' dir='ltr' id='par_1_28' title="bbox 484 2833 2069 2904">
     <span class='ocr_line' id='line_1_28' title="bbox 484 2833 2069 2904; baseline 0.001 -17"><span class='ocrx_word' id='word_1_167' title='bbox 484 2845 673 2904; x_wconf 86' lang='lat' dir='ltr'><strong>tepere</strong></span> <span class='ocrx_word' id='word_1_168' title='bbox 720 2834 959 2889; x_wconf 81' lang='lat' dir='ltr'><strong>dilexisti</strong></span> <span class='ocrx_word' id='word_1_169' title='bbox 1007 2850 1131 2901; x_wconf 91' lang='lat' dir='ltr'><strong>nos,</strong></span> <span class='ocrx_word' id='word_1_170' title='bbox 1176 2843 1236 2888; x_wconf 91' lang='lat' dir='ltr'><strong>ut</strong></span> <span class='ocrx_word' id='word_1_171' title='bbox 1279 2836 1442 2888; x_wconf 89' lang='lat' dir='ltr'><strong>etiam</strong></span> <span class='ocrx_word' id='word_1_172' title='bbox 1482 2833 1823 2904; x_wconf 83' lang='lat' dir='ltr'><strong>unigenitum</strong></span> <span class='ocrx_word' id='word_1_173' title='bbox 1873 2835 2069 2890; x_wconf 67' lang='lat' dir='ltr'><strong>Fiiium</strong></span> 
     </span>
    </p>
   </div>
   <div class='ocr_carea' id='block_1_29' title="bbox 484 2925 2071 2982">
    <p class='ocr_par' dir='ltr' id='par_1_29' title="bbox 484 2925 2071 2982">
     <span class='ocr_line' id='line_1_29' title="bbox 484 2925 2071 2982; baseline 0 -2"><span class='ocrx_word' id='word_1_174' title='bbox 484 2937 640 2981; x_wconf 84' lang='lat' dir='ltr'><strong>tuum</strong></span> <span class='ocrx_word' id='word_1_175' title='bbox 690 2928 787 2982; x_wconf 88' lang='lat' dir='ltr'><strong>tibi</strong></span> <span class='ocrx_word' id='word_1_176' title='bbox 854 2925 1378 2981; x_wconf 83' lang='lat' dir='ltr'><strong>consubstantialem</strong></span> <span class='ocrx_word' id='word_1_177' title='bbox 1430 2926 1673 2980; x_wconf 77' lang='lat' dir='ltr'><strong>mitteres</strong></span> <span class='ocrx_word' id='word_1_178' title='bbox 1725 2928 1792 2981; x_wconf 89' lang='lat' dir='ltr'><strong>ad</strong></span> <span class='ocrx_word' id='word_1_179' title='bbox 1839 2928 2071 2982; x_wconf 91' lang='lat' dir='ltr'><strong>salutem</strong></span> 
     </span>
    </p>
   </div>
   <div class='ocr_carea' id='block_1_30' title="bbox 485 3018 2073 3091">
    <p class='ocr_par' dir='ltr' id='par_1_30' title="bbox 485 3018 2073 3091">
     <span class='ocr_line' id='line_1_30' title="bbox 485 3018 2073 3091; baseline 0 -16"><span class='ocrx_word' id='word_1_180' title='bbox 485 3030 760 3075; x_wconf 88' lang='lat' dir='ltr'><strong>nostram:</strong></span> <span class='ocrx_word' id='word_1_181' title='bbox 792 3020 887 3091; x_wconf 92' lang='lat' dir='ltr'><strong>qui</strong></span> <span class='ocrx_word' id='word_1_182' title='bbox 926 3020 1246 3073; x_wconf 90' lang='lat' dir='ltr'><strong>incarnatus</strong></span> <span class='ocrx_word' id='word_1_183' title='bbox 1276 3027 1377 3085; x_wconf 91' lang='lat' dir='ltr'><strong>est,</strong></span> <span class='ocrx_word' id='word_1_184' title='bbox 1421 3018 1787 3086; x_wconf 79' lang='lat' dir='ltr'><strong>ineﬂ‘abiliter,</strong></span> <span class='ocrx_word' id='word_1_185' title='bbox 1820 3030 1865 3073; x_wconf 89' lang='lat' dir='ltr'><strong>et</strong></span> <span class='ocrx_word' id='word_1_186' title='bbox 1897 3020 2073 3075; x_wconf 87' lang='lat' dir='ltr'><strong>factus</strong></span> 
     </span>
    </p>
   </div>
   <div class='ocr_carea' id='block_1_31' title="bbox 1716 301 2476 360">
    <p class='ocr_par' dir='ltr' id='par_1_31' title="bbox 1716 301 2476 360">
     <span class='ocr_line' id='line_1_31' title="bbox 1716 301 2476 360; baseline 0.005 -6"><span class='ocrx_word' id='word_1_187' title='bbox 1716 301 2049 358; x_wconf 83' lang='lat' dir='ltr'><strong>LITURGIA</strong></span> <span class='ocrx_word' id='word_1_188' title='bbox 2092 304 2151 358; x_wconf 88' lang='lat' dir='ltr'><strong>S.</strong></span> <span class='ocrx_word' id='word_1_189' title='bbox 2186 302 2476 360; x_wconf 70' lang='lat' dir='ltr'><strong>‘IGNATII.</strong></span> 
     </span>
    </p>
   </div>
   <div class='ocr_carea' id='block_1_32' title="bbox 2090 426 3764 501">
    <p class='ocr_par' dir='ltr' id='par_1_32' title="bbox 2090 426 3764 501">
     <span class='ocr_line' id='line_1_32' title="bbox 2090 426 3764 501; baseline 0.002 -21"><span class='ocrx_word' id='word_1_190' title='bbox 2090 430 2137 485; x_wconf 78' lang='grc' dir='ltr'><strong>Α</strong></span> <span class='ocrx_word' id='word_1_191' title='bbox 2164 426 2495 495; x_wconf 83' lang='lat' dir='ltr'><strong>baptismum</strong></span> <span class='ocrx_word' id='word_1_192' title='bbox 2536 439 2689 482; x_wconf 92' lang='lat' dir='ltr'><strong>tuum</strong></span> <span class='ocrx_word' id='word_1_193' title='bbox 2728 428 2999 496; x_wconf 88' lang='lat' dir='ltr'><strong>divinum,</strong></span> <span class='ocrx_word' id='word_1_194' title='bbox 3051 432 3388 501; x_wconf 89' lang='lat' dir='ltr'><strong>sepulturam</strong></span> <span class='ocrx_word' id='word_1_195' title='bbox 3440 439 3588 485; x_wconf 85' lang='lat' dir='ltr'><strong>tuam</strong></span> <span class='ocrx_word' id='word_1_196' title='bbox 3625 432 3764 484; x_wconf 66' lang='lat' dir='ltr'><strong>vivi-</strong></span> 
     </span>
    </p>
   </div>
   <div class='ocr_carea' id='block_1_33' title="bbox 3655 308 3762 363">
    <p class='ocr_par' dir='ltr' id='par_1_33' title="bbox 3655 308 3762 363">
     <span class='ocr_line' id='line_1_33' title="bbox 3655 308 3762 363; baseline -0.019 -1"><span class='ocrx_word' id='word_1_197' title='bbox 3655 308 3762 363; x_wconf 74' lang='lat'><strong>972</strong></span> 
     </span>
    </p>
   </div>
   <div class='ocr_carea' id='block_1_34' title="bbox 2168 518 3759 587">
    <p class='ocr_par' dir='ltr' id='par_1_34' title="bbox 2168 518 3759 587">
     <span class='ocr_line' id='line_1_34' title="bbox 2168 518 3759 587; baseline 0.003 -17"><span class='ocrx_word' id='word_1_198' title='bbox 2168 518 2445 582; x_wconf 87' lang='lat' dir='ltr'><strong>ﬁcantem,</strong></span> <span class='ocrx_word' id='word_1_199' title='bbox 2479 522 2940 576; x_wconf 86' lang='lat' dir='ltr'><strong>resurrectionem</strong></span> <span class='ocrx_word' id='word_1_200' title='bbox 2984 532 3133 577; x_wconf 90' lang='lat' dir='ltr'><strong>tuam</strong></span> <span class='ocrx_word' id='word_1_201' title='bbox 3171 521 3537 587; x_wconf 90' lang='lat' dir='ltr'><strong>Dominicam,</strong></span> <span class='ocrx_word' id='word_1_202' title='bbox 3565 538 3759 578; x_wconf 89' lang='lat' dir='ltr'><strong>ascen-</strong></span> 
     </span>
    </p>
   </div>
   <div class='ocr_carea' id='block_1_35' title="bbox 2168 611 3757 687">
    <p class='ocr_par' dir='ltr' id='par_1_35' title="bbox 2168 611 3757 687">
     <span class='ocr_line' id='line_1_35' title="bbox 2168 611 3757 687; baseline 0.003 -24"><span class='ocrx_word' id='word_1_203' title='bbox 2168 611 2382 665; x_wconf 86' lang='lat' dir='ltr'><strong>sionem</strong></span> <span class='ocrx_word' id='word_1_204' title='bbox 2422 621 2571 666; x_wconf 92' lang='lat' dir='ltr'><strong>tuam</strong></span> <span class='ocrx_word' id='word_1_205' title='bbox 2614 612 2799 683; x_wconf 80' lang='lat' dir='ltr'><strong>gaudii</strong></span> <span class='ocrx_word' id='word_1_206' title='bbox 2837 614 3087 683; x_wconf 88' lang='lat' dir='ltr'><strong>plenam,</strong></span> <span class='ocrx_word' id='word_1_207' title='bbox 3138 616 3552 687; x_wconf 86' lang='lat' dir='ltr'><strong>sessionemque</strong></span> <span class='ocrx_word' id='word_1_208' title='bbox 3608 623 3757 669; x_wconf 90' lang='lat' dir='ltr'><strong>tuam</strong></span> 
     </span>
    </p>
   </div>
   <div class='ocr_carea' id='block_1_36' title="bbox 2168 702 3759 773">
    <p class='ocr_par' dir='ltr' id='par_1_36' title="bbox 2168 702 3759 773">
     <span class='ocr_line' id='line_1_36' title="bbox 2168 702 3759 773; baseline 0.004 -18"><span class='ocrx_word' id='word_1_209' title='bbox 2168 702 2237 756; x_wconf 88' lang='lat' dir='ltr'><strong>ad</strong></span> <span class='ocrx_word' id='word_1_210' title='bbox 2264 704 2547 758; x_wconf 82' lang='lat' dir='ltr'><strong>dexteram</strong></span> <span class='ocrx_word' id='word_1_211' title='bbox 2571 705 2879 773; x_wconf 89' lang='lat' dir='ltr'><strong>majestatis</strong></span> <span class='ocrx_word' id='word_1_212' title='bbox 2913 704 3009 761; x_wconf 89' lang='lat' dir='ltr'><strong>Dei</strong></span> <span class='ocrx_word' id='word_1_213' title='bbox 3038 716 3092 761; x_wconf 91' lang='lat' dir='ltr'><strong>et</strong></span> <span class='ocrx_word' id='word_1_214' title='bbox 3119 706 3333 762; x_wconf 88' lang='lat' dir='ltr'><strong>Patris:</strong></span> <span class='ocrx_word' id='word_1_215' title='bbox 3363 708 3561 762; x_wconf 88' lang='lat' dir='ltr'><strong>iterum</strong></span> <span class='ocrx_word' id='word_1_216' title='bbox 3592 708 3759 763; x_wconf 87' lang='lat' dir='ltr'><strong>etiam</strong></span> 
     </span>
    </p>
   </div>
   <div class='ocr_carea' id='block_1_37' title="bbox 2168 796 3764 865">
    <p class='ocr_par' dir='ltr' id='par_1_37' title="bbox 2168 796 3764 865">
     <span class='ocr_line' id='line_1_37' title="bbox 2168 796 3764 865; baseline 0.003 -16"><span class='ocrx_word' id='word_1_217' title='bbox 2168 796 2461 850; x_wconf 85' lang='lat' dir='ltr'><strong>adventum</strong></span> <span class='ocrx_word' id='word_1_218' title='bbox 2507 803 2662 849; x_wconf 87' lang='lat' dir='ltr'><strong>tuum</strong></span> <span class='ocrx_word' id='word_1_219' title='bbox 2694 798 2997 852; x_wconf 89' lang='lat' dir='ltr'><strong>secundum</strong></span> <span class='ocrx_word' id='word_1_220' title='bbox 3038 798 3364 865; x_wconf 90' lang='lat' dir='ltr'><strong>timendum,</strong></span> <span class='ocrx_word' id='word_1_221' title='bbox 3407 807 3463 854; x_wconf 91' lang='lat' dir='ltr'><strong>et</strong></span> <span class='ocrx_word' id='word_1_222' title='bbox 3504 800 3764 853; x_wconf 89' lang='lat' dir='ltr'><strong>tremoris</strong></span> 
     </span>
    </p>
   </div>
   <div class='ocr_carea' id='block_1_38' title="bbox 2168 888 3761 963">
    <p class='ocr_par' dir='ltr' id='par_1_38' title="bbox 2168 888 3761 963">
     <span class='ocr_line' id='line_1_38' title="bbox 2168 888 3761 963; baseline 0.004 -22"><span class='ocrx_word' id='word_1_223' title='bbox 2168 888 2387 957; x_wconf 83' lang='lat' dir='ltr'><strong>plenum</strong></span> <span class='ocrx_word' id='word_1_224' title='bbox 2417 904 2935 957; x_wconf 87' lang='lat' dir='ltr'><strong>commemoramus,</strong></span> <span class='ocrx_word' id='word_1_225' title='bbox 2954 893 3176 961; x_wconf 91' lang='lat' dir='ltr'><strong>quando</strong></span> <span class='ocrx_word' id='word_1_226' title='bbox 3205 892 3462 948; x_wconf 78' lang='lat' dir='ltr'><strong>exoriens</strong></span> <span class='ocrx_word' id='word_1_227' title='bbox 3481 908 3607 948; x_wconf 90' lang='lat' dir='ltr'><strong>cum</strong></span> <span class='ocrx_word' id='word_1_228' title='bbox 3640 894 3761 963; x_wconf 85' lang='lat' dir='ltr'><strong>glo-</strong></span> 
     </span>
    </p>
   </div>
   <div class='ocr_carea' id='block_1_39' title="bbox 2170 978 3763 1054">
    <p class='ocr_par' dir='ltr' id='par_1_39' title="bbox 2170 978 3763 1054">
     <span class='ocr_line' id='line_1_39' title="bbox 2170 978 3763 1054; baseline 0.006 -23"><span class='ocrx_word' id='word_1_229' title='bbox 2170 978 2271 1043; x_wconf 90' lang='lat' dir='ltr'><strong>ria,</strong></span> <span class='ocrx_word' id='word_1_230' title='bbox 2309 979 2733 1049; x_wconf 88' lang='lat' dir='ltr'><strong>terribiliterque</strong></span> <span class='ocrx_word' id='word_1_231' title='bbox 2772 983 3222 1052; x_wconf 90' lang='lat' dir='ltr'><strong>conspiciendum</strong></span> <span class='ocrx_word' id='word_1_232' title='bbox 3248 994 3299 1039; x_wconf 92' lang='lat' dir='ltr'><strong>te</strong></span> <span class='ocrx_word' id='word_1_233' title='bbox 3328 986 3580 1054; x_wconf 72' lang='lat' dir='ltr'><strong>prazhens</strong></span> <span class='ocrx_word' id='word_1_234' title='bbox 3608 986 3763 1040; x_wconf 91' lang='lat' dir='ltr'><strong>vivos</strong></span> 
     </span>
    </p>
   </div>
   <div class='ocr_carea' id='block_1_40' title="bbox 2167 1068 3768 1143">
    <p class='ocr_par' dir='ltr' id='par_1_40' title="bbox 2167 1068 3768 1143">
     <span class='ocr_line' id='line_1_40' title="bbox 2167 1068 3768 1143; baseline 0.005 -22"><span class='ocrx_word' id='word_1_235' title='bbox 2167 1077 2220 1122; x_wconf 93' lang='lat' dir='ltr'><strong>et</strong></span> <span class='ocrx_word' id='word_1_236' title='bbox 2264 1078 2512 1123; x_wconf 88' lang='lat' dir='ltr'><strong>mortuos</strong></span> <span class='ocrx_word' id='word_1_237' title='bbox 2554 1068 2866 1138; x_wconf 88' lang='lat' dir='ltr'><strong>judicabis;</strong></span> <span class='ocrx_word' id='word_1_238' title='bbox 2912 1070 3135 1141; x_wconf 88' lang='lat' dir='ltr'><strong>quando</strong></span> <span class='ocrx_word' id='word_1_239' title='bbox 3180 1070 3373 1143; x_wconf 85' lang='lat' dir='ltr'><strong>Angeli</strong></span> <span class='ocrx_word' id='word_1_240' title='bbox 3406 1087 3437 1125; x_wconf 92' lang='lat' dir='ltr'><strong>a</strong></span> <span class='ocrx_word' id='word_1_241' title='bbox 3474 1072 3768 1142; x_wconf 83' lang='lat' dir='ltr'><strong>splendore</strong></span> 
     </span>
    </p>
   </div>
   <div class='ocr_carea' id='block_1_41' title="bbox 2162 1159 3762 1237">
    <p class='ocr_par' dir='ltr' id='par_1_41' title="bbox 2162 1159 3762 1237">
     <span class='ocr_line' id='line_1_41' title="bbox 2162 1159 3762 1237; baseline 0.004 -24"><span class='ocrx_word' id='word_1_242' title='bbox 2162 1159 2355 1228; x_wconf 88' lang='lat' dir='ltr'><strong>judicii</strong></span> <span class='ocrx_word' id='word_1_243' title='bbox 2389 1162 2467 1215; x_wconf 88' lang='lat' dir='ltr'><strong>t—ui</strong></span> <span class='ocrx_word' id='word_1_244' title='bbox 2503 1162 2932 1219; x_wconf 90' lang='lat' dir='ltr'><strong>contremisceut</strong></span> <span class='ocrx_word' id='word_1_245' title='bbox 2956 1206 2971 1231; x_wconf 91' lang='lat'><strong>,</strong></span> <span class='ocrx_word' id='word_1_246' title='bbox 3023 1175 3077 1220; x_wconf 88' lang='lat' dir='ltr'><strong>et</strong></span> <span class='ocrx_word' id='word_1_247' title='bbox 3122 1166 3451 1237; x_wconf 86' lang='lat' dir='ltr'><strong>Arehangeli</strong></span> <span class='ocrx_word' id='word_1_248' title='bbox 3485 1176 3720 1222; x_wconf 89' lang='lat' dir='ltr'><strong>tremeut</strong></span> <span class='ocrx_word' id='word_1_249' title='bbox 3743 1209 3762 1235; x_wconf 83' lang='lat'><strong>,</strong></span> 
     </span>
    </p>
   </div>
   <div class='ocr_carea' id='block_1_42' title="bbox 2165 1252 3759 1327">
    <p class='ocr_par' dir='ltr' id='par_1_42' title="bbox 2165 1252 3759 1327">
     <span class='ocr_line' id='line_1_42' title="bbox 2165 1252 3759 1327; baseline 0.007 -22"><span class='ocrx_word' id='word_1_250' title='bbox 2165 1252 2473 1309; x_wconf 88' lang='lat' dir='ltr'><strong>Potestates</strong></span> <span class='ocrx_word' id='word_1_251' title='bbox 2522 1256 2933 1323; x_wconf 88' lang='lat' dir='ltr'><strong>concutientur,</strong></span> <span class='ocrx_word' id='word_1_252' title='bbox 2991 1258 3176 1312; x_wconf 86' lang='lat' dir='ltr'><strong>throni</strong></span> <span class='ocrx_word' id='word_1_253' title='bbox 3241 1260 3759 1327; x_wconf 87' lang='lat' dir='ltr'><strong>conturbabuntur,</strong></span> 
     </span>
    </p>
   </div>
   <div class='ocr_carea' id='block_1_43' title="bbox 2165 1345 3734 1420">
    <p class='ocr_par' dir='ltr' id='par_1_43' title="bbox 2165 1345 3734 1420">
     <span class='ocr_line' id='line_1_43' title="bbox 2165 1345 3734 1420; baseline 0.003 -18"><span class='ocrx_word' id='word_1_254' title='bbox 2165 1356 2217 1402; x_wconf 92' lang='lat' dir='ltr'><strong>et</strong></span> <span class='ocrx_word' id='word_1_255' title='bbox 2238 1345 2470 1401; x_wconf 83' lang='lat' dir='ltr'><strong>Ordines</strong></span> <span class='ocrx_word' id='word_1_256' title='bbox 2502 1346 2757 1402; x_wconf 72' lang='lat' dir='ltr'><strong>cmlestes</strong></span> <span class='ocrx_word' id='word_1_257' title='bbox 2784 1356 2996 1404; x_wconf 77' lang='lat' dir='ltr'><strong>terrore</strong></span> <span class='ocrx_word' id='word_1_258' title='bbox 3019 1350 3429 1420; x_wconf 89' lang='lat' dir='ltr'><strong>obstupescent.</strong></span> <span class='ocrx_word' id='word_1_259' title='bbox 3462 1351 3619 1407; x_wconf 90' lang='lat' dir='ltr'><strong>Tunc</strong></span> <span class='ocrx_word' id='word_1_260' title='bbox 3643 1368 3734 1407; x_wconf 89' lang='lat' dir='ltr'><strong>om</strong></span> 
     </span>
    </p>
   </div>
   <div class='ocr_carea' id='block_1_44' title="bbox 2166 1438 3761 1512">
    <p class='ocr_par' dir='ltr' id='par_1_44' title="bbox 2166 1438 3761 1512">
     <span class='ocr_line' id='line_1_44' title="bbox 2166 1438 3761 1512; baseline 0.003 -18"><span class='ocrx_word' id='word_1_261' title='bbox 2166 1455 2264 1494; x_wconf 90' lang='lat' dir='ltr'><strong>nes</strong></span> <span class='ocrx_word' id='word_1_262' title='bbox 2287 1438 2539 1492; x_wconf 89' lang='lat' dir='ltr'><strong>homines</strong></span> <span class='ocrx_word' id='word_1_263' title='bbox 2589 1438 2645 1491; x_wconf 92' lang='lat' dir='ltr'><strong>in</strong></span> <span class='ocrx_word' id='word_1_264' title='bbox 2696 1438 2884 1494; x_wconf 87' lang='lat' dir='ltr'><strong>dolore</strong></span> <span class='ocrx_word' id='word_1_265' title='bbox 2928 1449 3155 1509; x_wconf 88' lang='lat' dir='ltr'><strong>stantes,</strong></span> <span class='ocrx_word' id='word_1_266' title='bbox 3186 1442 3428 1512; x_wconf 88' lang='lat' dir='ltr'><strong>judicem</strong></span> <span class='ocrx_word' id='word_1_267' title='bbox 3459 1445 3761 1499; x_wconf 89' lang='lat' dir='ltr'><strong>timendum</strong></span> 
     </span>
    </p>
   </div>
   <div class='ocr_carea' id='block_1_45' title="bbox 2166 1532 3767 1603">
    <p class='ocr_par' dir='ltr' id='par_1_45' title="bbox 2166 1532 3767 1603">
     <span class='ocr_line' id='line_1_45' title="bbox 2166 1532 3767 1603; baseline 0.002 -16"><span class='ocrx_word' id='word_1_268' title='bbox 2166 1542 2219 1587; x_wconf 91' lang='lat' dir='ltr'><strong>et</strong></span> <span class='ocrx_word' id='word_1_269' title='bbox 2245 1540 2520 1603; x_wconf 85' lang='lat' dir='ltr'><strong>potentem</strong></span> <span class='ocrx_word' id='word_1_270' title='bbox 2549 1532 2961 1601; x_wconf 84' lang='lat' dir='ltr'><strong>exspectabunt,</strong></span> <span class='ocrx_word' id='word_1_271' title='bbox 2997 1542 3127 1588; x_wconf 93' lang='lat' dir='ltr'><strong>tunc</strong></span> <span class='ocrx_word' id='word_1_272' title='bbox 3158 1549 3281 1589; x_wconf 90' lang='lat' dir='ltr'><strong>cum</strong></span> <span class='ocrx_word' id='word_1_273' title='bbox 3312 1534 3539 1603; x_wconf 65' lang='lat' dir='ltr'><strong>justitiae</strong></span> <span class='ocrx_word' id='word_1_274' title='bbox 3563 1551 3767 1591; x_wconf 82' lang='lat' dir='ltr'><strong>conve-</strong></span> 
     </span>
    </p>
   </div>
   <div class='ocr_carea' id='block_1_46' title="bbox 2168 1623 3766 1696">
    <p class='ocr_par' dir='ltr' id='par_1_46' title="bbox 2168 1623 3766 1696">
     <span class='ocr_line' id='line_1_46' title="bbox 2168 1623 3766 1696; baseline 0.002 -19"><span class='ocrx_word' id='word_1_275' title='bbox 2168 1625 2324 1679; x_wconf 90' lang='lat' dir='ltr'><strong>niens</strong></span> <span class='ocrx_word' id='word_1_276' title='bbox 2366 1623 2521 1679; x_wconf 91' lang='lat' dir='ltr'><strong>locus</strong></span> <span class='ocrx_word' id='word_1_277' title='bbox 2570 1623 2712 1689; x_wconf 91' lang='lat' dir='ltr'><strong>erit,</strong></span> <span class='ocrx_word' id='word_1_278' title='bbox 2770 1624 2947 1695; x_wconf 88' lang='lat' dir='ltr'><strong>gratia</strong></span> <span class='ocrx_word' id='word_1_279' title='bbox 2990 1634 3173 1679; x_wconf 91' lang='lat' dir='ltr'><strong>autem</strong></span> <span class='ocrx_word' id='word_1_280' title='bbox 3227 1626 3435 1680; x_wconf 86' lang='lat' dir='ltr'><strong>nullam</strong></span> <span class='ocrx_word' id='word_1_281' title='bbox 3483 1628 3766 1696; x_wconf 64' lang='lat' dir='ltr'><strong>praestabit</strong></span> 
     </span>
    </p>
   </div>
   <div class='ocr_carea' id='block_1_47' title="bbox 2166 1718 3763 1786">
    <p class='ocr_par' dir='ltr' id='par_1_47' title="bbox 2166 1718 3763 1786">
     <span class='ocr_line' id='line_1_47' title="bbox 2166 1718 3763 1786; baseline 0.001 -13"><span class='ocrx_word' id='word_1_282' title='bbox 2166 1718 2647 1783; x_wconf 89' lang='lat' dir='ltr'><strong>misericordiam;</strong></span> <span class='ocrx_word' id='word_1_283' title='bbox 2699 1731 2823 1771; x_wconf 91' lang='lat' dir='ltr'><strong>cum</strong></span> <span class='ocrx_word' id='word_1_284' title='bbox 2871 1718 3142 1773; x_wconf 89' lang='lat' dir='ltr'><strong>carbones</strong></span> <span class='ocrx_word' id='word_1_285' title='bbox 3195 1718 3490 1786; x_wconf 89' lang='lat' dir='ltr'><strong>ardentes,</strong></span> <span class='ocrx_word' id='word_1_286' title='bbox 3539 1720 3763 1774; x_wconf 84' lang='lat' dir='ltr'><strong>tlanuna</strong></span> 
     </span>
    </p>
   </div>
   <div class='ocr_carea' id='block_1_48' title="bbox 2170 1810 3763 1883">
    <p class='ocr_par' dir='ltr' id='par_1_48' title="bbox 2170 1810 3763 1883">
     <span class='ocr_line' id='line_1_48' title="bbox 2170 1810 3763 1883; baseline 0.001 -16"><span class='ocrx_word' id='word_1_287' title='bbox 2170 1812 2528 1877; x_wconf 87' lang='lat' dir='ltr'><strong>comburens,</strong></span> <span class='ocrx_word' id='word_1_288' title='bbox 2557 1810 2804 1881; x_wconf 86' lang='lat' dir='ltr'><strong>gehenna</strong></span> <span class='ocrx_word' id='word_1_289' title='bbox 2829 1811 3287 1883; x_wconf 83' lang='lat' dir='ltr'><strong>inexstiuguibilis</strong></span> <span class='ocrx_word' id='word_1_290' title='bbox 3310 1812 3557 1882; x_wconf 85' lang='lat' dir='ltr'><strong>:quando</strong></span> <span class='ocrx_word' id='word_1_291' title='bbox 3574 1829 3763 1883; x_wconf 85' lang='lat' dir='ltr'><strong>preces</strong></span> 
     </span>
    </p>
   </div>
   <div class='ocr_carea' id='block_1_49' title="bbox 2169 1903 3758 1975">
    <p class='ocr_par' dir='ltr' id='par_1_49' title="bbox 2169 1903 3758 1975">
     <span class='ocr_line' id='line_1_49' title="bbox 2169 1903 3758 1975; baseline 0 -16"><span class='ocrx_word' id='word_1_292' title='bbox 2169 1905 2519 1975; x_wconf 82' lang='lat' dir='ltr'><strong>repellentur,</strong></span> <span class='ocrx_word' id='word_1_293' title='bbox 2579 1910 2634 1958; x_wconf 93' lang='lat' dir='ltr'><strong>et</strong></span> <span class='ocrx_word' id='word_1_294' title='bbox 2676 1903 3088 1972; x_wconf 85' lang='lat' dir='ltr'><strong>deprecationes</strong></span> <span class='ocrx_word' id='word_1_295' title='bbox 3134 1919 3243 1958; x_wconf 92' lang='lat' dir='ltr'><strong>non</strong></span> <span class='ocrx_word' id='word_1_296' title='bbox 3288 1904 3758 1974; x_wconf 86' lang='lat' dir='ltr'><strong>aceeptabuntur,</strong></span> 
     </span>
    </p>
   </div>
   <div class='ocr_carea' id='block_1_50' title="bbox 2169 1994 3764 2068">
    <p class='ocr_par' dir='ltr' id='par_1_50' title="bbox 2169 1994 3764 2068">
     <span class='ocr_line' id='line_1_50' title="bbox 2169 1994 3764 2068; baseline 0.001 -16"><span class='ocrx_word' id='word_1_297' title='bbox 2169 1998 2448 2053; x_wconf 84' lang='lat' dir='ltr'><strong>orationes</strong></span> <span class='ocrx_word' id='word_1_298' title='bbox 2498 2010 2609 2051; x_wconf 88' lang='lat' dir='ltr'><strong>non</strong></span> <span class='ocrx_word' id='word_1_299' title='bbox 2657 1994 2972 2063; x_wconf 90' lang='lat' dir='ltr'><strong>audientur,</strong></span> <span class='ocrx_word' id='word_1_300' title='bbox 3023 2005 3078 2052; x_wconf 89' lang='lat' dir='ltr'><strong>et</strong></span> <span class='ocrx_word' id='word_1_301' title='bbox 3121 1997 3533 2053; x_wconf 88' lang='lat' dir='ltr'><strong>obsecrationes</strong></span> <span class='ocrx_word' id='word_1_302' title='bbox 3577 2000 3764 2068; x_wconf 86' lang='lat' dir='ltr'><strong>cujus-</strong></span> 
     </span>
    </p>
   </div>
   <div class='ocr_carea' id='block_1_51' title="bbox 2169 2088 3763 2160">
    <p class='ocr_par' dir='ltr' id='par_1_51' title="bbox 2169 2088 3763 2160">
     <span class='ocr_line' id='line_1_51' title="bbox 2169 2088 3763 2160; baseline 0.001 -16"><span class='ocrx_word' id='word_1_303' title='bbox 2169 2104 2387 2160; x_wconf 90' lang='lat' dir='ltr'><strong>cunque</strong></span> <span class='ocrx_word' id='word_1_304' title='bbox 2429 2088 2830 2159; x_wconf 71' lang='lat' dir='ltr'><strong>praecidentur:</strong></span> <span class='ocrx_word' id='word_1_305' title='bbox 2877 2104 3039 2157; x_wconf 85' lang='lat' dir='ltr'><strong>parce</strong></span> <span class='ocrx_word' id='word_1_306' title='bbox 3081 2090 3262 2158; x_wconf 89' lang='lat' dir='ltr'><strong>nobis,</strong></span> <span class='ocrx_word' id='word_1_307' title='bbox 3300 2090 3550 2158; x_wconf 89' lang='lat' dir='ltr'><strong>Domine,</strong></span> <span class='ocrx_word' id='word_1_308' title='bbox 3582 2100 3635 2145; x_wconf 91' lang='lat' dir='ltr'><strong>et</strong></span> <span class='ocrx_word' id='word_1_309' title='bbox 3662 2106 3763 2147; x_wconf 83' lang='lat' dir='ltr'><strong>ex-</strong></span> 
     </span>
    </p>
   </div>
   <div class='ocr_carea' id='block_1_52' title="bbox 2170 2183 3765 2252">
    <p class='ocr_par' dir='ltr' id='par_1_52' title="bbox 2170 2183 3765 2252">
     <span class='ocr_line' id='line_1_52' title="bbox 2170 2183 3765 2252; baseline 0.001 -14"><span class='ocrx_word' id='word_1_310' title='bbox 2170 2184 2330 2239; x_wconf 87' lang='lat' dir='ltr'><strong>tende</strong></span> <span class='ocrx_word' id='word_1_311' title='bbox 2356 2183 2635 2237; x_wconf 78' lang='lat' dir='ltr'><strong>dexteram</strong></span> <span class='ocrx_word' id='word_1_312' title='bbox 2669 2191 2819 2236; x_wconf 90' lang='lat' dir='ltr'><strong>tuam</strong></span> <span class='ocrx_word' id='word_1_313' title='bbox 2862 2192 3030 2252; x_wconf 83' lang='lat' dir='ltr'><strong>super</strong></span> <span class='ocrx_word' id='word_1_314' title='bbox 3070 2198 3171 2238; x_wconf 90' lang='lat' dir='ltr'><strong>nos</strong></span> <span class='ocrx_word' id='word_1_315' title='bbox 3200 2198 3414 2240; x_wconf 90' lang='lat' dir='ltr'><strong>omnes.</strong></span> <span class='ocrx_word' id='word_1_316' title='bbox 3461 2183 3539 2241; x_wconf 91' lang='lat' dir='ltr'><strong>Ne</strong></span> <span class='ocrx_word' id='word_1_317' title='bbox 3591 2186 3765 2240; x_wconf 90' lang='lat' dir='ltr'><strong>intres</strong></span> 
     </span>
    </p>
   </div>
   <div class='ocr_carea' id='block_1_53' title="bbox 2170 2276 3762 2345">
    <p class='ocr_par' dir='ltr' id='par_1_53' title="bbox 2170 2276 3762 2345">
     <span class='ocr_line' id='line_1_53' title="bbox 2170 2276 3762 2345; baseline 0.001 -15"><span class='ocrx_word' id='word_1_318' title='bbox 2170 2278 2224 2331; x_wconf 93' lang='lat' dir='ltr'><strong>iu</strong></span> <span class='ocrx_word' id='word_1_319' title='bbox 2262 2276 2529 2345; x_wconf 85' lang='lat' dir='ltr'><strong>judicium</strong></span> <span class='ocrx_word' id='word_1_320' title='bbox 2572 2276 2884 2342; x_wconf 89' lang='lat' dir='ltr'><strong>nobiscum,</strong></span> <span class='ocrx_word' id='word_1_321' title='bbox 2934 2291 3044 2330; x_wconf 90' lang='lat' dir='ltr'><strong>non</strong></span> <span class='ocrx_word' id='word_1_322' title='bbox 3091 2276 3324 2331; x_wconf 88' lang='lat' dir='ltr'><strong>reducas</strong></span> <span class='ocrx_word' id='word_1_323' title='bbox 3355 2278 3409 2331; x_wconf 92' lang='lat' dir='ltr'><strong>in</strong></span> <span class='ocrx_word' id='word_1_324' title='bbox 3438 2278 3762 2333; x_wconf 86' lang='lat' dir='ltr'><strong>memoriam</strong></span> 
     </span>
    </p>
   </div>
   <div class='ocr_carea' id='block_1_54' title="bbox 2170 2370 3764 2439">
    <p class='ocr_par' dir='ltr' id='par_1_54' title="bbox 2170 2370 3764 2439">
     <span class='ocr_line' id='line_1_54' title="bbox 2170 2370 3764 2439; baseline 0.003 -15"><span class='ocrx_word' id='word_1_325' title='bbox 2170 2370 2489 2439; x_wconf 91' lang='lat' dir='ltr'><strong>iniquitates</strong></span> <span class='ocrx_word' id='word_1_326' title='bbox 2516 2378 2758 2433; x_wconf 88' lang='lat' dir='ltr'><strong>nostras,</strong></span> <span class='ocrx_word' id='word_1_327' title='bbox 2792 2385 2899 2423; x_wconf 93' lang='lat' dir='ltr'><strong>non</strong></span> <span class='ocrx_word' id='word_1_328' title='bbox 2926 2370 2993 2422; x_wconf 91' lang='lat' dir='ltr'><strong>ad</strong></span> <span class='ocrx_word' id='word_1_329' title='bbox 3026 2384 3255 2424; x_wconf 80' lang='lat' dir='ltr'><strong>examen</strong></span> <span class='ocrx_word' id='word_1_330' title='bbox 3289 2371 3561 2437; x_wconf 88' lang='lat' dir='ltr'><strong>strictum,</strong></span> <span class='ocrx_word' id='word_1_331' title='bbox 3602 2388 3764 2428; x_wconf 82' lang='lat' dir='ltr'><strong>voces</strong></span> 
     </span>
    </p>
   </div>
   <div class='ocr_carea' id='block_1_55' title="bbox 2171 2464 3762 2537">
    <p class='ocr_par' dir='ltr' id='par_1_55' title="bbox 2171 2464 3762 2537">
     <span class='ocr_line' id='line_1_55' title="bbox 2171 2464 3762 2537; baseline 0.003 -19"><span class='ocrx_word' id='word_1_332' title='bbox 2171 2482 2271 2519; x_wconf 88' lang='lat' dir='ltr'><strong>nos</strong></span> <span class='ocrx_word' id='word_1_333' title='bbox 2307 2472 2360 2518; x_wconf 91' lang='lat' dir='ltr'><strong>et</strong></span> <span class='ocrx_word' id='word_1_334' title='bbox 2402 2464 2747 2519; x_wconf 89' lang='lat' dir='ltr'><strong>constituas:</strong></span> <span class='ocrx_word' id='word_1_335' title='bbox 2805 2479 2871 2517; x_wconf 89' lang='lat' dir='ltr'><strong>ne</strong></span> <span class='ocrx_word' id='word_1_336' title='bbox 2906 2464 3082 2519; x_wconf 90' lang='lat' dir='ltr'><strong>simus</strong></span> <span class='ocrx_word' id='word_1_337' title='bbox 3122 2465 3347 2521; x_wconf 86' lang='lat' dir='ltr'><strong>exsules</strong></span> <span class='ocrx_word' id='word_1_338' title='bbox 3371 2482 3402 2520; x_wconf 91' lang='lat' dir='ltr'><strong>a</strong></span> <span class='ocrx_word' id='word_1_339' title='bbox 3445 2468 3619 2537; x_wconf 87' lang='lat' dir='ltr'><strong>gratia</strong></span> <span class='ocrx_word' id='word_1_340' title='bbox 3647 2479 3762 2533; x_wconf 89' lang='lat' dir='ltr'><strong>tua,</strong></span> 
     </span>
    </p>
   </div>
   <div class='ocr_carea' id='block_1_56' title="bbox 2171 2556 3766 2628">
    <p class='ocr_par' dir='ltr' id='par_1_56' title="bbox 2171 2556 3766 2628">
     <span class='ocr_line' id='line_1_56' title="bbox 2171 2556 3766 2628; baseline 0.003 -17"><span class='ocrx_word' id='word_1_341' title='bbox 2171 2573 2349 2628; x_wconf 84' lang='lat' dir='ltr'><strong>neque</strong></span> <span class='ocrx_word' id='word_1_342' title='bbox 2378 2558 2545 2612; x_wconf 90' lang='lat' dir='ltr'><strong>alieni</strong></span> <span class='ocrx_word' id='word_1_343' title='bbox 2578 2558 2647 2611; x_wconf 91' lang='lat' dir='ltr'><strong>ab</strong></span> <span class='ocrx_word' id='word_1_344' title='bbox 2672 2556 2993 2612; x_wconf 68' lang='lat' dir='ltr'><strong>haereditate</strong></span> <span class='ocrx_word' id='word_1_345' title='bbox 3018 2566 3140 2612; x_wconf 90' lang='lat' dir='ltr'><strong>tua:</strong></span> <span class='ocrx_word' id='word_1_346' title='bbox 3171 2573 3239 2613; x_wconf 90' lang='lat' dir='ltr'><strong>ne</strong></span> <span class='ocrx_word' id='word_1_347' title='bbox 3267 2559 3403 2614; x_wconf 90' lang='lat' dir='ltr'><strong>diris</strong></span> <span class='ocrx_word' id='word_1_348' title='bbox 3430 2562 3766 2616; x_wconf 88' lang='lat' dir='ltr'><strong>cruciatibus</strong></span> 
     </span>
    </p>
   </div>
   <div class='ocr_carea' id='block_1_57' title="bbox 2171 2648 3762 2719">
    <p class='ocr_par' dir='ltr' id='par_1_57' title="bbox 2171 2648 3762 2719">
     <span class='ocr_line' id='line_1_57' title="bbox 2171 2648 3762 2719; baseline 0.001 -16"><span class='ocrx_word' id='word_1_349' title='bbox 2171 2650 2485 2714; x_wconf 86' lang='lat' dir='ltr'><strong>tradamur,</strong></span> <span class='ocrx_word' id='word_1_350' title='bbox 2545 2663 2655 2702; x_wconf 89' lang='lat' dir='ltr'><strong>non</strong></span> <span class='ocrx_word' id='word_1_351' title='bbox 2705 2648 2771 2701; x_wconf 89' lang='lat' dir='ltr'><strong>ad</strong></span> <span class='ocrx_word' id='word_1_352' title='bbox 2812 2662 3054 2702; x_wconf 89' lang='lat' dir='ltr'><strong>vermem</strong></span> <span class='ocrx_word' id='word_1_353' title='bbox 3096 2648 3379 2703; x_wconf 80' lang='lat' dir='ltr'><strong>radentem</strong></span> <span class='ocrx_word' id='word_1_354' title='bbox 3420 2651 3721 2719; x_wconf 69' lang='lat' dir='ltr'><strong>prazeordia</strong></span> <span class='ocrx_word' id='word_1_355' title='bbox 3746 2692 3762 2716; x_wconf 95' lang='lat'><strong>,</strong></span> 
     </span>
    </p>
   </div>
   <div class='ocr_carea' id='block_1_58' title="bbox 2172 2739 3765 2813">
    <p class='ocr_par' dir='ltr' id='par_1_58' title="bbox 2172 2739 3765 2813">
     <span class='ocr_line' id='line_1_58' title="bbox 2172 2739 3765 2813; baseline 0 -18"><span class='ocrx_word' id='word_1_356' title='bbox 2172 2757 2295 2795; x_wconf 89' lang='lat' dir='ltr'><strong>cum</strong></span> <span class='ocrx_word' id='word_1_357' title='bbox 2326 2740 2507 2811; x_wconf 83' lang='lat' dir='ltr'><strong>impiis</strong></span> <span class='ocrx_word' id='word_1_358' title='bbox 2537 2739 2802 2795; x_wconf 80' lang='lat' dir='ltr'><strong>amandes</strong></span> <span class='ocrx_word' id='word_1_359' title='bbox 2835 2755 2968 2804; x_wconf 90' lang='lat' dir='ltr'><strong>nos;</strong></span> <span class='ocrx_word' id='word_1_360' title='bbox 3015 2754 3126 2794; x_wconf 91' lang='lat' dir='ltr'><strong>non</strong></span> <span class='ocrx_word' id='word_1_361' title='bbox 3172 2740 3227 2793; x_wconf 90' lang='lat' dir='ltr'><strong>in</strong></span> <span class='ocrx_word' id='word_1_362' title='bbox 3261 2751 3415 2810; x_wconf 84' lang='lat' dir='ltr'><strong>parte</strong></span> <span class='ocrx_word' id='word_1_363' title='bbox 3451 2756 3640 2796; x_wconf 90' lang='lat' dir='ltr'><strong>eorum</strong></span> <span class='ocrx_word' id='word_1_364' title='bbox 3670 2743 3765 2813; x_wconf 91' lang='lat' dir='ltr'><strong>qui</strong></span> 
     </span>
    </p>
   </div>
   <div class='ocr_carea' id='block_1_59' title="bbox 2170 2833 3766 2904">
    <p class='ocr_par' dir='ltr' id='par_1_59' title="bbox 2170 2833 3766 2904">
     <span class='ocr_line' id='line_1_59' title="bbox 2170 2833 3766 2904; baseline 0.001 -15"><span class='ocrx_word' id='word_1_365' title='bbox 2170 2844 2224 2889; x_wconf 88' lang='lat' dir='ltr'><strong>te</strong></span> <span class='ocrx_word' id='word_1_366' title='bbox 2258 2833 2648 2889; x_wconf 80' lang='lat' dir='ltr'><strong>crucitixerunt</strong></span> <span class='ocrx_word' id='word_1_367' title='bbox 2691 2846 3047 2887; x_wconf 89' lang='lat' dir='ltr'><strong>eenseamur:</strong></span> <span class='ocrx_word' id='word_1_368' title='bbox 3096 2848 3204 2887; x_wconf 90' lang='lat' dir='ltr'><strong>non</strong></span> <span class='ocrx_word' id='word_1_369' title='bbox 3258 2849 3384 2888; x_wconf 89' lang='lat' dir='ltr'><strong>cum</strong></span> <span class='ocrx_word' id='word_1_370' title='bbox 3435 2835 3618 2904; x_wconf 91' lang='lat' dir='ltr'><strong>impiis</strong></span> <span class='ocrx_word' id='word_1_371' title='bbox 3654 2846 3766 2891; x_wconf 91' lang='lat' dir='ltr'><strong>sta-</strong></span> 
     </span>
    </p>
   </div>
   <div class='ocr_carea' id='block_1_60' title="bbox 2173 2926 3763 2998">
    <p class='ocr_par' dir='ltr' id='par_1_60' title="bbox 2173 2926 3763 2998">
     <span class='ocr_line' id='line_1_60' title="bbox 2173 2926 3763 2998; baseline 0.001 -17"><span class='ocrx_word' id='word_1_372' title='bbox 2173 2935 2427 2981; x_wconf 90' lang='lat' dir='ltr'><strong>tuamur:</strong></span> <span class='ocrx_word' id='word_1_373' title='bbox 2481 2942 2590 2983; x_wconf 91' lang='lat' dir='ltr'><strong>non</strong></span> <span class='ocrx_word' id='word_1_374' title='bbox 2638 2928 2937 2998; x_wconf 86' lang='lat' dir='ltr'><strong>participes</strong></span> <span class='ocrx_word' id='word_1_375' title='bbox 2966 2926 3284 2997; x_wconf 91' lang='lat' dir='ltr'><strong>iniquorum</strong></span> <span class='ocrx_word' id='word_1_376' title='bbox 3318 2928 3527 2983; x_wconf 90' lang='lat' dir='ltr'><strong>simus:</strong></span> <span class='ocrx_word' id='word_1_377' title='bbox 3565 2945 3675 2983; x_wconf 93' lang='lat' dir='ltr'><strong>non</strong></span> <span class='ocrx_word' id='word_1_378' title='bbox 3708 2930 3763 2983; x_wconf 88' lang='lat' dir='ltr'><strong>in</strong></span> 
     </span>
    </p>
   </div>
   <div class='ocr_carea' id='block_1_61' title="bbox 2174 3018 3764 3089">
    <p class='ocr_par' dir='ltr' id='par_1_61' title="bbox 2174 3018 3764 3089">
     <span class='ocr_line' id='line_1_61' title="bbox 2174 3018 3764 3089; baseline 0 -14"><span class='ocrx_word' id='word_1_379' title='bbox 2174 3019 2440 3089; x_wconf 88' lang='lat' dir='ltr'><strong>supplicia</strong></span> <span class='ocrx_word' id='word_1_380' title='bbox 2489 3028 2544 3074; x_wconf 90' lang='lat' dir='ltr'><strong>et</strong></span> <span class='ocrx_word' id='word_1_381' title='bbox 2587 3019 2853 3074; x_wconf 89' lang='lat' dir='ltr'><strong>stridores</strong></span> <span class='ocrx_word' id='word_1_382' title='bbox 2907 3018 3153 3073; x_wconf 89' lang='lat' dir='ltr'><strong>dentium</strong></span> <span class='ocrx_word' id='word_1_383' title='bbox 3205 3018 3602 3088; x_wconf 88' lang='lat' dir='ltr'><strong>projiciamur:</strong></span> <span class='ocrx_word' id='word_1_384' title='bbox 3652 3036 3764 3075; x_wconf 90' lang='lat' dir='ltr'><strong>non</strong></span> 
     </span>
    </p>
   </div>
   <div class='ocr_carea' id='block_1_62' title="bbox 485 3108 3763 3205">
    <p class='ocr_par' dir='ltr' id='par_1_62' title="bbox 485 3108 3763 3205">
     <span class='ocr_line' id='line_1_62' title="bbox 485 3108 3763 3205; baseline 0 -39"><span class='ocrx_word' id='word_1_385' title='bbox 485 3121 568 3166; x_wconf 89' lang='lat' dir='ltr'><strong>est</strong></span> <span class='ocrx_word' id='word_1_386' title='bbox 611 3112 797 3175; x_wconf 88' lang='lat' dir='ltr'><strong>homo,</strong></span> <span class='ocrx_word' id='word_1_387' title='bbox 829 3109 1106 3179; x_wconf 86' lang='lat' dir='ltr'><strong>quomodo</strong></span> <span class='ocrx_word' id='word_1_388' title='bbox 1142 3108 1315 3162; x_wconf 90' lang='lat' dir='ltr'><strong>voluit</strong></span> <span class='ocrx_word' id='word_1_389' title='bbox 1356 3116 1409 3163; x_wconf 91' lang='lat' dir='ltr'><strong>et</strong></span> <span class='ocrx_word' id='word_1_390' title='bbox 1446 3108 1617 3172; x_wconf 88' lang='lat' dir='ltr'><strong>novit,</strong></span> <span class='ocrx_word' id='word_1_391' title='bbox 1656 3118 1709 3162; x_wconf 89' lang='lat' dir='ltr'><strong>et</strong></span> <span class='ocrx_word' id='word_1_392' title='bbox 1739 3111 1921 3163; x_wconf 88' lang='lat' dir='ltr'><strong>omnia</strong></span> <span class='ocrx_word' id='word_1_393' title='bbox 1952 3125 2074 3179; x_wconf 70' lang='lat' dir='ltr'><strong>qua:</strong></span> <span class='ocrx_word' id='word_1_394' title='bbox 2101 3147 2142 3205; x_wconf 64' lang='grc' dir='ltr'>α</span> <span class='ocrx_word' id='word_1_395' title='bbox 2177 3111 2411 3181; x_wconf 87' lang='lat' dir='ltr'><strong>abneges</strong></span> <span class='ocrx_word' id='word_1_396' title='bbox 2445 3126 2567 3177; x_wconf 91' lang='lat' dir='ltr'><strong>nos,</strong></span> <span class='ocrx_word' id='word_1_397' title='bbox 2600 3112 2764 3165; x_wconf 87' lang='lat' dir='ltr'><strong>veluti</strong></span> <span class='ocrx_word' id='word_1_398' title='bbox 2788 3126 2884 3166; x_wconf 89' lang='lat' dir='ltr'><strong>eos</strong></span> <span class='ocrx_word' id='word_1_399' title='bbox 2913 3111 3006 3181; x_wconf 92' lang='lat' dir='ltr'><strong>qui</strong></span> <span class='ocrx_word' id='word_1_400' title='bbox 3041 3121 3092 3166; x_wconf 84' lang='lat' dir='ltr'><strong>te</strong></span> <span class='ocrx_word' id='word_1_401' title='bbox 3118 3127 3227 3166; x_wconf 92' lang='lat' dir='ltr'><strong>non</strong></span> <span class='ocrx_word' id='word_1_402' title='bbox 3250 3120 3553 3167; x_wconf 85' lang='lat' dir='ltr'><strong>noverunt:</strong></span> <span class='ocrx_word' id='word_1_403' title='bbox 3586 3128 3763 3182; x_wconf 83' lang='lat' dir='ltr'><strong>neque</strong></span> 
     </span>
    </p>
   </div>
   <div class='ocr_carea' id='block_1_63' title="bbox 484 3200 1997 3271">
    <p class='ocr_par' dir='ltr' id='par_1_63' title="bbox 484 3200 1997 3271">
     <span class='ocr_line' id='line_1_63' title="bbox 484 3200 1997 3271; baseline -0.001 -14"><span class='ocrx_word' id='word_1_404' title='bbox 484 3214 673 3257; x_wconf 86' lang='lat' dir='ltr'><strong>nostra</strong></span> <span class='ocrx_word' id='word_1_405' title='bbox 700 3211 876 3268; x_wconf 88' lang='lat' dir='ltr'><strong>erant,</strong></span> <span class='ocrx_word' id='word_1_406' title='bbox 906 3210 1132 3270; x_wconf 81' lang='lat' dir='ltr'><strong>excepto</strong></span> <span class='ocrx_word' id='word_1_407' title='bbox 1158 3208 1403 3270; x_wconf 89' lang='lat' dir='ltr'><strong>peccato,</strong></span> <span class='ocrx_word' id='word_1_408' title='bbox 1436 3216 1535 3270; x_wconf 88' lang='lat' dir='ltr'><strong>pro</strong></span> <span class='ocrx_word' id='word_1_409' title='bbox 1565 3200 1724 3255; x_wconf 91' lang='lat' dir='ltr'><strong>nobis</strong></span> <span class='ocrx_word' id='word_1_410' title='bbox 1754 3200 1997 3271; x_wconf 84' lang='lat' dir='ltr'><strong>perfecit.</strong></span> 
     </span>
    </p>
   </div>
   <div class='ocr_carea' id='block_1_64' title="bbox 562 3292 2073 3361">
    <p class='ocr_par' dir='ltr' id='par_1_64' title="bbox 562 3292 2073 3361">
     <span class='ocr_line' id='line_1_64' title="bbox 562 3292 2073 3361; baseline 0.001 -14"><span class='ocrx_word' id='word_1_411' title='bbox 562 3294 785 3349; x_wconf 88' lang='lat' dir='ltr'><strong>Elevans</strong></span> <span class='ocrx_word' id='word_1_412' title='bbox 832 3310 1025 3347; x_wconf 85' lang='lat' dir='ltr'><strong>vocem.</strong></span> <span class='ocrx_word' id='word_1_413' title='bbox 1071 3292 1175 3359; x_wconf 88' lang='lat' dir='ltr'><strong>Qui</strong></span> <span class='ocrx_word' id='word_1_414' title='bbox 1219 3302 1385 3347; x_wconf 91' lang='lat' dir='ltr'><strong>totam</strong></span> <span class='ocrx_word' id='word_1_415' title='bbox 1425 3292 1888 3361; x_wconf 89' lang='lat' dir='ltr'><strong>dispensationem</strong></span> <span class='ocrx_word' id='word_1_416' title='bbox 1927 3293 2073 3348; x_wconf 89' lang='lat' dir='ltr'><strong>salu-</strong></span> 
     </span>
    </p>
   </div>
   <div class='ocr_carea' id='block_1_65' title="bbox 486 3385 2073 3458">
    <p class='ocr_par' dir='ltr' id='par_1_65' title="bbox 486 3385 2073 3458">
     <span class='ocr_line' id='line_1_65' title="bbox 486 3385 2073 3458; baseline -0.002 -16"><span class='ocrx_word' id='word_1_417' title='bbox 486 3400 657 3442; x_wconf 85' lang='lat' dir='ltr'><strong>tarem</strong></span> <span class='ocrx_word' id='word_1_418' title='bbox 689 3404 785 3458; x_wconf 91' lang='lat' dir='ltr'><strong>pro</strong></span> <span class='ocrx_word' id='word_1_419' title='bbox 816 3388 975 3441; x_wconf 89' lang='lat' dir='ltr'><strong>nobis</strong></span> <span class='ocrx_word' id='word_1_420' title='bbox 1007 3385 1250 3455; x_wconf 80' lang='lat' dir='ltr'><strong>perfecit,</strong></span> <span class='ocrx_word' id='word_1_421' title='bbox 1279 3396 1333 3439; x_wconf 91' lang='lat' dir='ltr'><strong>et</strong></span> <span class='ocrx_word' id='word_1_422' title='bbox 1362 3400 1457 3455; x_wconf 90' lang='lat' dir='ltr'><strong>per</strong></span> <span class='ocrx_word' id='word_1_423' title='bbox 1481 3387 1764 3454; x_wconf 90' lang='lat' dir='ltr'><strong>passiones</strong></span> <span class='ocrx_word' id='word_1_424' title='bbox 1789 3400 1918 3439; x_wconf 91' lang='lat' dir='ltr'><strong>suas</strong></span> <span class='ocrx_word' id='word_1_425' title='bbox 1948 3400 2073 3440; x_wconf 88' lang='lat' dir='ltr'><strong>san-</strong></span> 
     </span>
    </p>
   </div>
   <div class='ocr_carea' id='block_1_66' title="bbox 486 3477 2073 3546">
    <p class='ocr_par' dir='ltr' id='par_1_66' title="bbox 486 3477 2073 3546">
     <span class='ocr_line' id='line_1_66' title="bbox 486 3477 2073 3546; baseline -0.003 -11"><span class='ocrx_word' id='word_1_426' title='bbox 486 3493 621 3546; x_wconf 79' lang='lat' dir='ltr'><strong>ctas,</strong></span> <span class='ocrx_word' id='word_1_427' title='bbox 668 3481 938 3535; x_wconf 88' lang='lat' dir='ltr'><strong>adventus</strong></span> <span class='ocrx_word' id='word_1_428' title='bbox 964 3480 1049 3533; x_wconf 91' lang='lat' dir='ltr'><strong>sui</strong></span> <span class='ocrx_word' id='word_1_429' title='bbox 1086 3479 1140 3531; x_wconf 95' lang='lat' dir='ltr'><strong>in</strong></span> <span class='ocrx_word' id='word_1_430' title='bbox 1175 3493 1361 3543; x_wconf 89' lang='lat' dir='ltr'><strong>carne,</strong></span> <span class='ocrx_word' id='word_1_431' title='bbox 1419 3478 1702 3532; x_wconf 86' lang='lat' dir='ltr'><strong>veritatem</strong></span> <span class='ocrx_word' id='word_1_432' title='bbox 1729 3477 2073 3532; x_wconf 88' lang='lat' dir='ltr'><strong>demonstra-</strong></span> 
     </span>
    </p>
   </div>
   <div class='ocr_carea' id='block_1_67' title="bbox 486 3569 2071 3640">
    <p class='ocr_par' dir='ltr' id='par_1_67' title="bbox 486 3569 2071 3640">
     <span class='ocr_line' id='line_1_67' title="bbox 486 3569 2071 3640; baseline -0.001 -13"><span class='ocrx_word' id='word_1_433' title='bbox 486 3575 582 3628; x_wconf 90' lang='lat' dir='ltr'><strong>vit.</strong></span> <span class='ocrx_word' id='word_1_434' title='bbox 634 3572 689 3627; x_wconf 89' lang='lat' dir='ltr'><strong>ln</strong></span> <span class='ocrx_word' id='word_1_435' title='bbox 730 3583 887 3627; x_wconf 90' lang='lat' dir='ltr'><strong>nocte</strong></span> <span class='ocrx_word' id='word_1_436' title='bbox 918 3570 1203 3627; x_wconf 86' lang='lat' dir='ltr'><strong>Paschalis</strong></span> <span class='ocrx_word' id='word_1_437' title='bbox 1238 3570 1292 3623; x_wconf 91' lang='lat' dir='ltr'><strong>in</strong></span> <span class='ocrx_word' id='word_1_438' title='bbox 1336 3586 1442 3640; x_wconf 91' lang='lat' dir='ltr'><strong>qua</strong></span> <span class='ocrx_word' id='word_1_439' title='bbox 1481 3569 1797 3623; x_wconf 87' lang='lat' dir='ltr'><strong>tradebatur</strong></span> <span class='ocrx_word' id='word_1_440' title='bbox 1828 3585 1928 3639; x_wconf 91' lang='lat' dir='ltr'><strong>pro</strong></span> <span class='ocrx_word' id='word_1_441' title='bbox 1962 3571 2071 3627; x_wconf 87' lang='lat' dir='ltr'><strong>vita</strong></span> 
     </span>
    </p>
   </div>
   <div class='ocr_carea' id='block_1_68' title="bbox 486 3663 2072 3734">
    <p class='ocr_par' dir='ltr' id='par_1_68' title="bbox 486 3663 2072 3734">
     <span class='ocr_line' id='line_1_68' title="bbox 486 3663 2072 3734; baseline -0.002 -13"><span class='ocrx_word' id='word_1_442' title='bbox 486 3676 539 3721; x_wconf 87' lang='lat' dir='ltr'><strong>et</strong></span> <span class='ocrx_word' id='word_1_443' title='bbox 561 3665 735 3720; x_wconf 89' lang='lat' dir='ltr'><strong>salute</strong></span> <span class='ocrx_word' id='word_1_444' title='bbox 767 3664 977 3729; x_wconf 90' lang='lat' dir='ltr'><strong>mundi,</strong></span> <span class='ocrx_word' id='word_1_445' title='bbox 1009 3664 1216 3733; x_wconf 89' lang='lat' dir='ltr'><strong>accepit</strong></span> <span class='ocrx_word' id='word_1_446' title='bbox 1239 3678 1435 3734; x_wconf 89' lang='lat' dir='ltr'><strong>panem</strong></span> <span class='ocrx_word' id='word_1_447' title='bbox 1471 3663 1523 3717; x_wconf 93' lang='lat' dir='ltr'><strong>in</strong></span> <span class='ocrx_word' id='word_1_448' title='bbox 1554 3680 1751 3719; x_wconf 90' lang='lat' dir='ltr'><strong>manus</strong></span> <span class='ocrx_word' id='word_1_449' title='bbox 1784 3679 1914 3719; x_wconf 90' lang='lat' dir='ltr'><strong>suas</strong></span> <span class='ocrx_word' id='word_1_450' title='bbox 1945 3681 2072 3719; x_wconf 91' lang='lat' dir='ltr'><strong>san-</strong></span> 
     </span>
    </p>
   </div>
   <div class='ocr_carea' id='block_1_69' title="bbox 486 3753 2071 3826">
    <p class='ocr_par' dir='ltr' id='par_1_69' title="bbox 486 3753 2071 3826">
     <span class='ocr_line' id='line_1_69' title="bbox 486 3753 2071 3826; baseline -0.001 -15"><span class='ocrx_word' id='word_1_451' title='bbox 486 3769 621 3823; x_wconf 88' lang='lat' dir='ltr'><strong>ctas,</strong></span> <span class='ocrx_word' id='word_1_452' title='bbox 672 3757 1032 3813; x_wconf 80' lang='lat' dir='ltr'><strong>sanctiﬁcavit</strong></span> <span class='ocrx_word' id='word_1_453' title='bbox 1058 3772 1184 3811; x_wconf 91' lang='lat' dir='ltr'><strong>eum</strong></span> <span class='ocrx_word' id='word_1_454' title='bbox 1225 3754 1283 3823; x_wconf 64' lang='grc' dir='ltr'><strong>τ,</strong></span> <span class='ocrx_word' id='word_1_455' title='bbox 1314 3763 1369 3809; x_wconf 89' lang='lat' dir='ltr'><strong>et</strong></span> <span class='ocrx_word' id='word_1_456' title='bbox 1394 3753 1553 3825; x_wconf 79' lang='lat' dir='ltr'><strong>fregit</strong></span> <span class='ocrx_word' id='word_1_457' title='bbox 1579 3753 1619 3826; x_wconf 66' lang='grc' dir='ltr'><strong>-ισ</strong></span> <span class='ocrx_word' id='word_1_458' title='bbox 1643 3756 1901 3826; x_wconf 88' lang='lat' dir='ltr'><strong>deditque</strong></span> <span class='ocrx_word' id='word_1_459' title='bbox 1921 3757 1961 3826; x_wconf 81' lang='grc' dir='ltr'><strong>-ι-</strong></span> <span class='ocrx_word' id='word_1_460' title='bbox 1988 3756 2071 3811; x_wconf 93' lang='lat' dir='ltr'><strong>di-</strong></span> 
     </span>
    </p>
   </div>
   <div class='ocr_carea' id='block_1_70' title="bbox 486 3848 2068 3920">
    <p class='ocr_par' dir='ltr' id='par_1_70' title="bbox 486 3848 2068 3920">
     <span class='ocr_line' id='line_1_70' title="bbox 486 3848 2068 3920; baseline -0.002 -15"><span class='ocrx_word' id='word_1_461' title='bbox 486 3852 709 3920; x_wconf 89' lang='lat' dir='ltr'><strong>scipulis</strong></span> <span class='ocrx_word' id='word_1_462' title='bbox 755 3852 870 3906; x_wconf 91' lang='lat' dir='ltr'><strong>suis</strong></span> <span class='ocrx_word' id='word_1_463' title='bbox 929 3850 1190 3918; x_wconf 89' lang='lat' dir='ltr'><strong>apostolis</strong></span> <span class='ocrx_word' id='word_1_464' title='bbox 1233 3850 1476 3913; x_wconf 87' lang='lat' dir='ltr'><strong>sanctis,</strong></span> <span class='ocrx_word' id='word_1_465' title='bbox 1523 3848 1743 3903; x_wconf 89' lang='lat' dir='ltr'><strong>dicens:</strong></span> <span class='ocrx_word' id='word_1_466' title='bbox 1791 3848 2068 3917; x_wconf 85' lang='lat' dir='ltr'><strong>Accipite,</strong></span> 
     </span>
    </p>
   </div>
   <div class='ocr_carea' id='block_1_71' title="bbox 485 3941 2072 4017">
    <p class='ocr_par' dir='ltr' id='par_1_71' title="bbox 485 3941 2072 4017">
     <span class='ocr_line' id='line_1_71' title="bbox 485 3941 2072 4017; baseline -0.003 -18"><span class='ocrx_word' id='word_1_467' title='bbox 485 3947 627 4017; x_wconf 88' lang='lat' dir='ltr'><strong>edite</strong></span> <span class='ocrx_word' id='word_1_468' title='bbox 668 3946 885 3999; x_wconf 78' lang='lat' dir='ltr'><strong>exeo:</strong></span> <span class='ocrx_word' id='word_1_469' title='bbox 936 3942 1050 3997; x_wconf 92' lang='lat' dir='ltr'><strong>Hoc</strong></span> <span class='ocrx_word' id='word_1_470' title='bbox 1082 3952 1166 3998; x_wconf 87' lang='lat' dir='ltr'><strong>est</strong></span> <span class='ocrx_word' id='word_1_471' title='bbox 1207 3958 1407 4013; x_wconf 90' lang='lat' dir='ltr'><strong>corpus</strong></span> <span class='ocrx_word' id='word_1_472' title='bbox 1457 3957 1639 3997; x_wconf 89' lang='lat' dir='ltr'><strong>meum</strong></span> <span class='ocrx_word' id='word_1_473' title='bbox 1683 3941 1831 4011; x_wconf 92' lang='lat' dir='ltr'><strong>quod</strong></span> <span class='ocrx_word' id='word_1_474' title='bbox 1876 3956 1972 3995; x_wconf 92' lang='lat' dir='ltr'><strong>vos</strong></span> <span class='ocrx_word' id='word_1_475' title='bbox 2016 3949 2072 3996; x_wconf 89' lang='lat' dir='ltr'><strong>et</strong></span> 
     </span>
    </p>
   </div>
   <div class='ocr_carea' id='block_1_72' title="bbox 485 4034 2071 4106">
    <p class='ocr_par' dir='ltr' id='par_1_72' title="bbox 485 4034 2071 4106">
     <span class='ocr_line' id='line_1_72' title="bbox 485 4034 2071 4106; baseline -0.002 -15"><span class='ocrx_word' id='word_1_476' title='bbox 485 4038 686 4093; x_wconf 86' lang='lat' dir='ltr'><strong>multos</strong></span> <span class='ocrx_word' id='word_1_477' title='bbox 716 4046 985 4106; x_wconf 78' lang='lat' dir='ltr'><strong>praeparat</strong></span> <span class='ocrx_word' id='word_1_478' title='bbox 1013 4037 1079 4091; x_wconf 85' lang='lat' dir='ltr'><strong>ad</strong></span> <span class='ocrx_word' id='word_1_479' title='bbox 1121 4036 1499 4091; x_wconf 87' lang='lat' dir='ltr'><strong>remissionem</strong></span> <span class='ocrx_word' id='word_1_480' title='bbox 1528 4044 1873 4104; x_wconf 85' lang='lat' dir='ltr'><strong>peccatorum</strong></span> <span class='ocrx_word' id='word_1_481' title='bbox 1905 4044 1959 4089; x_wconf 90' lang='lat' dir='ltr'><strong>et</strong></span> <span class='ocrx_word' id='word_1_482' title='bbox 1990 4034 2071 4087; x_wconf 86' lang='lat' dir='ltr'><strong>vi-</strong></span> 
     </span>
    </p>
   </div>
   <div class='ocr_carea' id='block_1_73' title="bbox 486 4140 908 4184">
    <p class='ocr_par' dir='ltr' id='par_1_73' title="bbox 486 4140 908 4184">
     <span class='ocr_line' id='line_1_73' title="bbox 486 4140 908 4184; baseline 0 0"><span class='ocrx_word' id='word_1_483' title='bbox 486 4142 595 4184; x_wconf 84' lang='lat' dir='ltr'><strong>tam</strong></span> <span class='ocrx_word' id='word_1_484' title='bbox 627 4140 826 4184; x_wconf 68' lang='grc' dir='ltr'><strong>ἱιέῐϐῐΊῖἷὶ</strong></span> <span class='ocrx_word' id='word_1_485' title='bbox 836 4146 884 4183; x_wconf 93' lang='lat' dir='ltr'><strong>m</strong></span> <span class='ocrx_word' id='word_1_486' title='bbox 894 4170 908 4184; x_wconf 83' lang='lat'>.</span> 
     </span>
    </p>
   </div>
   <div class='ocr_carea' id='block_1_74' title="bbox 558 4222 1059 4291">
    <p class='ocr_par' dir='ltr' id='par_1_74' title="bbox 558 4222 1059 4291">
     <span class='ocr_line' id='line_1_74' title="bbox 558 4222 1059 4291; baseline -0.002 -17"><span class='ocrx_word' id='word_1_487' title='bbox 558 4222 817 4291; x_wconf 82' lang='lat' dir='ltr'><strong>Populus.</strong></span> <span class='ocrx_word' id='word_1_488' title='bbox 864 4222 1059 4276; x_wconf 89' lang='lat' dir='ltr'><strong>Amen.</strong></span> 
     </span>
    </p>
   </div>
   <div class='ocr_carea' id='block_1_75' title="bbox 561 4313 2070 4381">
    <p class='ocr_par' dir='ltr' id='par_1_75' title="bbox 561 4313 2070 4381">
     <span class='ocr_line' id='line_1_75' title="bbox 561 4313 2070 4381; baseline -0.001 -11"><span class='ocrx_word' id='word_1_489' title='bbox 561 4316 843 4370; x_wconf 84' lang='lat' dir='ltr'><strong>Sacerdos.</strong></span> <span class='ocrx_word' id='word_1_490' title='bbox 899 4313 1163 4370; x_wconf 87' lang='lat' dir='ltr'><strong>Similiter</strong></span> <span class='ocrx_word' id='word_1_491' title='bbox 1200 4316 1361 4370; x_wconf 90' lang='lat' dir='ltr'><strong>etiam</strong></span> <span class='ocrx_word' id='word_1_492' title='bbox 1398 4326 1451 4371; x_wconf 89' lang='lat' dir='ltr'><strong>et</strong></span> <span class='ocrx_word' id='word_1_493' title='bbox 1499 4316 1724 4370; x_wconf 89' lang='lat' dir='ltr'><strong>calicem</strong></span> <span class='ocrx_word' id='word_1_494' title='bbox 1757 4315 1901 4381; x_wconf 64' lang='lat' dir='ltr'><strong>vitae,</strong></span> <span class='ocrx_word' id='word_1_495' title='bbox 1944 4315 2070 4369; x_wconf 89' lang='lat' dir='ltr'><strong>vino</strong></span> 
     </span>
    </p>
   </div>
   <div class='ocr_carea' id='block_1_76' title="bbox 484 4403 2072 4476">
    <p class='ocr_par' dir='ltr' id='par_1_76' title="bbox 484 4403 2072 4476">
     <span class='ocr_line' id='line_1_76' title="bbox 484 4403 2072 4476; baseline -0.001 -14"><span class='ocrx_word' id='word_1_496' title='bbox 484 4416 541 4462; x_wconf 88' lang='lat' dir='ltr'><strong>et</strong></span> <span class='ocrx_word' id='word_1_497' title='bbox 578 4422 720 4476; x_wconf 90' lang='lat' dir='ltr'><strong>aqua</strong></span> <span class='ocrx_word' id='word_1_498' title='bbox 768 4422 892 4460; x_wconf 90' lang='lat' dir='ltr'><strong>eum</strong></span> <span class='ocrx_word' id='word_1_499' title='bbox 931 4407 1246 4461; x_wconf 91' lang='lat' dir='ltr'><strong>miscuisset</strong></span> <span class='ocrx_word' id='word_1_500' title='bbox 1288 4403 1347 4473; x_wconf 59' lang='grc' dir='ltr'><strong>τ,</strong></span> <span class='ocrx_word' id='word_1_501' title='bbox 1387 4406 1749 4462; x_wconf 84' lang='lat' dir='ltr'><strong>sanetiticavit</strong></span> <span class='ocrx_word' id='word_1_502' title='bbox 1778 4408 1985 4476; x_wconf 46' lang='lat' dir='ltr'><strong>reum,</strong></span> <span class='ocrx_word' id='word_1_503' title='bbox 2018 4415 2072 4461; x_wconf 87' lang='lat' dir='ltr'><strong>et</strong></span> 
     </span>
    </p>
   </div>
   <div class='ocr_carea' id='block_1_77' title="bbox 487 4497 2148 4567">
    <p class='ocr_par' dir='ltr' id='par_1_77' title="bbox 487 4497 2148 4567">
     <span class='ocr_line' id='line_1_77' title="bbox 487 4497 2148 4567; baseline 0.001 -16"><span class='ocrx_word' id='word_1_504' title='bbox 487 4498 634 4553; x_wconf 86' lang='lat' dir='ltr'><strong>dedit</strong></span> <span class='ocrx_word' id='word_1_505' title='bbox 657 4498 697 4567; x_wconf 62' lang='grc' dir='ltr'><strong>-ιο</strong></span> <span class='ocrx_word' id='word_1_506' title='bbox 722 4498 1008 4567; x_wconf 88' lang='lat' dir='ltr'><strong>discipulis</strong></span> <span class='ocrx_word' id='word_1_507' title='bbox 1035 4497 1148 4552; x_wconf 92' lang='lat' dir='ltr'><strong>suis</strong></span> <span class='ocrx_word' id='word_1_508' title='bbox 1192 4498 1397 4554; x_wconf 89' lang='lat' dir='ltr'><strong>sanctis</strong></span> <span class='ocrx_word' id='word_1_509' title='bbox 1427 4498 1650 4553; x_wconf 90' lang='lat' dir='ltr'><strong>dicens:</strong></span> <span class='ocrx_word' id='word_1_510' title='bbox 1691 4498 1950 4567; x_wconf 91' lang='lat' dir='ltr'><strong>Accipite,</strong></span> <span class='ocrx_word' id='word_1_511' title='bbox 1990 4499 2071 4553; x_wconf 90' lang='lat' dir='ltr'><strong>bi-</strong></span> <span class='ocrx_word' id='word_1_512' title='bbox 2101 4504 2148 4558; x_wconf 76' lang='grc' dir='ltr'><strong>Ι)</strong></span> 
     </span>
    </p>
   </div>
   <div class='ocr_carea' id='block_1_78' title="bbox 466 4587 2071 4658">
    <p class='ocr_par' dir='ltr' id='par_1_78' title="bbox 466 4587 2071 4658">
     <span class='ocr_line' id='line_1_78' title="bbox 466 4587 2071 4658; baseline 0 -15"><span class='ocrx_word' id='word_1_513' title='bbox 466 4591 599 4645; x_wconf 59' lang='grc' dir='ltr'><strong>ρὺίιθ</strong></span> <span class='ocrx_word' id='word_1_514' title='bbox 625 4605 689 4643; x_wconf 75' lang='lat' dir='ltr'><strong>ex</strong></span> <span class='ocrx_word' id='word_1_515' title='bbox 728 4604 793 4643; x_wconf 88' lang='lat' dir='ltr'><strong>eo</strong></span> <span class='ocrx_word' id='word_1_516' title='bbox 821 4602 919 4643; x_wconf 90' lang='lat' dir='ltr'><strong>vos</strong></span> <span class='ocrx_word' id='word_1_517' title='bbox 942 4603 1167 4643; x_wconf 90' lang='lat' dir='ltr'><strong>omnes:</strong></span> <span class='ocrx_word' id='word_1_518' title='bbox 1205 4587 1303 4643; x_wconf 90' lang='lat' dir='ltr'><strong>Hic</strong></span> <span class='ocrx_word' id='word_1_519' title='bbox 1336 4598 1419 4643; x_wconf 88' lang='lat' dir='ltr'><strong>est</strong></span> <span class='ocrx_word' id='word_1_520' title='bbox 1442 4590 1668 4658; x_wconf 79' lang='lat' dir='ltr'><strong>sanguis</strong></span> <span class='ocrx_word' id='word_1_521' title='bbox 1702 4605 1877 4653; x_wconf 89' lang='lat' dir='ltr'><strong>meus,</strong></span> <span class='ocrx_word' id='word_1_522' title='bbox 1908 4605 2071 4658; x_wconf 91' lang='lat' dir='ltr'><strong>quem</strong></span> 
     </span>
    </p>
   </div>
   <div class='ocr_carea' id='block_1_79' title="bbox 487 4679 2072 4751">
    <p class='ocr_par' dir='ltr' id='par_1_79' title="bbox 487 4679 2072 4751">
     <span class='ocr_line' id='line_1_79' title="bbox 487 4679 2072 4751; baseline 0 -16"><span class='ocrx_word' id='word_1_523' title='bbox 487 4697 589 4751; x_wconf 88' lang='lat' dir='ltr'><strong>pro</strong></span> <span class='ocrx_word' id='word_1_524' title='bbox 620 4682 725 4735; x_wconf 89' lang='lat' dir='ltr'><strong>vita</strong></span> <span class='ocrx_word' id='word_1_525' title='bbox 766 4680 955 4734; x_wconf 90' lang='lat' dir='ltr'><strong>mundi</strong></span> <span class='ocrx_word' id='word_1_526' title='bbox 989 4679 1059 4733; x_wconf 92' lang='lat' dir='ltr'><strong>do</strong></span> <span class='ocrx_word' id='word_1_527' title='bbox 1086 4695 1207 4750; x_wconf 85' lang='lat' dir='ltr'><strong>ego,</strong></span> <span class='ocrx_word' id='word_1_528' title='bbox 1254 4696 1352 4734; x_wconf 85' lang='lat' dir='ltr'><strong>vos</strong></span> <span class='ocrx_word' id='word_1_529' title='bbox 1392 4689 1572 4735; x_wconf 85' lang='lat' dir='ltr'><strong>autem</strong></span> <span class='ocrx_word' id='word_1_530' title='bbox 1604 4688 1659 4734; x_wconf 91' lang='lat' dir='ltr'><strong>et</strong></span> <span class='ocrx_word' id='word_1_531' title='bbox 1702 4682 1902 4736; x_wconf 92' lang='lat' dir='ltr'><strong>multos</strong></span> <span class='ocrx_word' id='word_1_532' title='bbox 1931 4697 2072 4750; x_wconf 65' lang='lat' dir='ltr'><strong>pra:-</strong></span> 
     </span>
    </p>
   </div>
   <div class='ocr_carea' id='block_1_80' title="bbox 462 4772 2070 4843">
    <p class='ocr_par' dir='ltr' id='par_1_80' title="bbox 462 4772 2070 4843">
     <span class='ocr_line' id='line_1_80' title="bbox 462 4772 2070 4843; baseline -0.001 -15"><span class='ocrx_word' id='word_1_533' title='bbox 462 4783 645 4843; x_wconf 86' lang='lat' dir='ltr'><strong>parat</strong></span> <span class='ocrx_word' id='word_1_534' title='bbox 698 4773 765 4826; x_wconf 90' lang='lat' dir='ltr'><strong>ad</strong></span> <span class='ocrx_word' id='word_1_535' title='bbox 820 4773 1201 4827; x_wconf 86' lang='lat' dir='ltr'><strong>remissionem</strong></span> <span class='ocrx_word' id='word_1_536' title='bbox 1257 4782 1644 4841; x_wconf 87' lang='lat' dir='ltr'><strong>peccatorum,</strong></span> <span class='ocrx_word' id='word_1_537' title='bbox 1702 4783 1754 4827; x_wconf 91' lang='lat' dir='ltr'><strong>et</strong></span> <span class='ocrx_word' id='word_1_538' title='bbox 1792 4772 1858 4825; x_wconf 88' lang='lat' dir='ltr'><strong>ad</strong></span> <span class='ocrx_word' id='word_1_539' title='bbox 1904 4774 2070 4827; x_wconf 87' lang='lat' dir='ltr'><strong>vitam</strong></span> 
     </span>
    </p>
   </div>
   <div class='ocr_carea' id='block_1_81' title="bbox 485 4876 767 4922">
    <p class='ocr_par' dir='ltr' id='par_1_81' title="bbox 485 4876 767 4922">
     <span class='ocr_line' id='line_1_81' title="bbox 485 4876 767 4922; baseline -0.004 0"><span class='ocrx_word' id='word_1_540' title='bbox 485 4876 767 4922; x_wconf 66' lang='lat' dir='ltr'><strong>aeternam.</strong></span> 
     </span>
    </p>
   </div>
   <div class='ocr_carea' id='block_1_82' title="bbox 466 4957 1054 5027">
    <p class='ocr_par' dir='ltr' id='par_1_82' title="bbox 466 4957 1054 5027">
     <span class='ocr_line' id='line_1_82' title="bbox 466 4957 1054 5027; baseline -0.01 -12"><span class='ocrx_word' id='word_1_541' title='bbox 466 5010 471 5015; x_wconf 87' lang='lat'><strong>.</strong></span> <span class='ocrx_word' id='word_1_542' title='bbox 558 4957 817 5027; x_wconf 84' lang='lat' dir='ltr'><strong>Populus.</strong></span> <span class='ocrx_word' id='word_1_543' title='bbox 858 4957 1054 5011; x_wconf 87' lang='lat' dir='ltr'><strong>Amen.</strong></span> 
     </span>
    </p>
   </div>
   <div class='ocr_carea' id='block_1_83' title="bbox 560 5047 2072 5116">
    <p class='ocr_par' dir='ltr' id='par_1_83' title="bbox 560 5047 2072 5116">
     <span class='ocr_line' id='line_1_83' title="bbox 560 5047 2072 5116; baseline -0.003 -12"><span class='ocrx_word' id='word_1_544' title='bbox 560 5050 842 5104; x_wconf 78' lang='lat' dir='ltr'><strong>Sacerdos.</strong></span> <span class='ocrx_word' id='word_1_545' title='bbox 877 5049 992 5104; x_wconf 79' lang='lat' dir='ltr'><strong>Hoc</strong></span> <span class='ocrx_word' id='word_1_546' title='bbox 1042 5049 1204 5104; x_wconf 88' lang='lat' dir='ltr'><strong>facite</strong></span> <span class='ocrx_word' id='word_1_547' title='bbox 1258 5048 1310 5103; x_wconf 79' lang='lat' dir='ltr'><strong>in</strong></span> <span class='ocrx_word' id='word_1_548' title='bbox 1362 5047 1468 5101; x_wconf 90' lang='lat' dir='ltr'><strong>mei</strong></span> <span class='ocrx_word' id='word_1_549' title='bbox 1514 5049 1874 5102; x_wconf 87' lang='lat' dir='ltr'><strong>memoriam:</strong></span> <span class='ocrx_word' id='word_1_550' title='bbox 1935 5064 2072 5116; x_wconf 86' lang='lat' dir='ltr'><strong>qun-</strong></span> 
     </span>
    </p>
   </div>
   <div class='ocr_carea' id='block_1_84' title="bbox 466 5140 2074 5210">
    <p class='ocr_par' dir='ltr' id='par_1_84' title="bbox 466 5140 2074 5210">
     <span class='ocr_line' id='line_1_84' title="bbox 466 5140 2074 5210; baseline -0.004 -12"><span class='ocrx_word' id='word_1_551' title='bbox 466 5145 812 5210; x_wconf 88' lang='lat' dir='ltr'><strong>.ticscunque</strong></span> <span class='ocrx_word' id='word_1_552' title='bbox 849 5141 995 5195; x_wconf 89' lang='lat' dir='ltr'><strong>enim</strong></span> <span class='ocrx_word' id='word_1_553' title='bbox 1047 5140 1449 5194; x_wconf 89' lang='lat' dir='ltr'><strong>manducabitis</strong></span> <span class='ocrx_word' id='word_1_554' title='bbox 1483 5155 1679 5208; x_wconf 87' lang='lat' dir='ltr'><strong>panem</strong></span> <span class='ocrx_word' id='word_1_555' title='bbox 1723 5140 1869 5193; x_wconf 89' lang='lat' dir='ltr'><strong>hunc</strong></span> <span class='ocrx_word' id='word_1_556' title='bbox 1900 5148 1953 5192; x_wconf 88' lang='lat' dir='ltr'><strong>et</strong></span> <span class='ocrx_word' id='word_1_557' title='bbox 1984 5154 2074 5192; x_wconf 90' lang='lat' dir='ltr'><strong>ca-</strong></span> 
     </span>
    </p>
   </div>
   <div class='ocr_carea' id='block_1_85' title="bbox 486 5232 2070 5299">
    <p class='ocr_par' dir='ltr' id='par_1_85' title="bbox 486 5232 2070 5299">
     <span class='ocr_line' id='line_1_85' title="bbox 486 5232 2070 5299; baseline -0.003 -9"><span class='ocrx_word' id='word_1_558' title='bbox 486 5237 644 5290; x_wconf 86' lang='lat' dir='ltr'><strong>licem</strong></span> <span class='ocrx_word' id='word_1_559' title='bbox 676 5234 825 5288; x_wconf 89' lang='lat' dir='ltr'><strong>hunc</strong></span> <span class='ocrx_word' id='word_1_560' title='bbox 854 5234 1070 5299; x_wconf 86' lang='lat' dir='ltr'><strong>bibetis,</strong></span> <span class='ocrx_word' id='word_1_561' title='bbox 1106 5236 1297 5288; x_wconf 89' lang='lat' dir='ltr'><strong>mortis</strong></span> <span class='ocrx_word' id='word_1_562' title='bbox 1327 5248 1462 5287; x_wconf 60' lang='lat' dir='ltr'><strong>mese</strong></span> <span class='ocrx_word' id='word_1_563' title='bbox 1489 5232 2070 5287; x_wconf 84' lang='lat' dir='ltr'><strong>commemorationem</strong></span> 
     </span>
    </p>
   </div>
   <div class='ocr_carea' id='block_1_86' title="bbox 488 5324 2072 5397">
    <p class='ocr_par' dir='ltr' id='par_1_86' title="bbox 488 5324 2072 5397">
     <span class='ocr_line' id='line_1_86' title="bbox 488 5324 2072 5397; baseline 0 -18"><span class='ocrx_word' id='word_1_564' title='bbox 488 5328 683 5397; x_wconf 78' lang='lat' dir='ltr'><strong>agetis,</strong></span> <span class='ocrx_word' id='word_1_565' title='bbox 709 5333 765 5379; x_wconf 93' lang='lat' dir='ltr'><strong>et</strong></span> <span class='ocrx_word' id='word_1_566' title='bbox 786 5326 1243 5379; x_wconf 90' lang='lat' dir='ltr'><strong>resurrectionem</strong></span> <span class='ocrx_word' id='word_1_567' title='bbox 1271 5341 1447 5379; x_wconf 90' lang='lat' dir='ltr'><strong>meam</strong></span> <span class='ocrx_word' id='word_1_568' title='bbox 1473 5324 1869 5378; x_wconf 80' lang='lat' dir='ltr'><strong>contitebimini</strong></span> <span class='ocrx_word' id='word_1_569' title='bbox 1898 5324 2072 5379; x_wconf 91' lang='lat' dir='ltr'><strong>donec</strong></span> 
     </span>
    </p>
   </div>
   <div class='ocr_carea' id='block_1_87' title="bbox 486 5420 725 5472">
    <p class='ocr_par' dir='ltr' id='par_1_87' title="bbox 486 5420 725 5472">
     <span class='ocr_line' id='line_1_87' title="bbox 486 5420 725 5472; baseline 0.004 -3"><span class='ocrx_word' id='word_1_570' title='bbox 486 5420 725 5472; x_wconf 86' lang='lat' dir='ltr'><strong>veniam.</strong></span> 
     </span>
    </p>
   </div>
   <div class='ocr_carea' id='block_1_88' title="bbox 560 5507 1348 5579">
    <p class='ocr_par' dir='ltr' id='par_1_88' title="bbox 560 5507 1348 5579">
     <span class='ocr_line' id='line_1_88' title="bbox 560 5507 1348 5579; baseline -0.004 -15"><span class='ocrx_word' id='word_1_571' title='bbox 560 5510 821 5579; x_wconf 82' lang='lat' dir='ltr'><strong>Populus.</strong></span> <span class='ocrx_word' id='word_1_572' title='bbox 858 5507 1050 5563; x_wconf 88' lang='lat' dir='ltr'><strong>Mortis</strong></span> <span class='ocrx_word' id='word_1_573' title='bbox 1079 5517 1203 5573; x_wconf 60' lang='lat' dir='ltr'><strong>tum,</strong></span> <span class='ocrx_word' id='word_1_574' title='bbox 1240 5518 1348 5563; x_wconf 89' lang='lat' dir='ltr'><strong>ctc.</strong></span> 
     </span>
    </p>
   </div>
   <div class='ocr_carea' id='block_1_89' title="bbox 562 5598 2070 5667">
    <p class='ocr_par' dir='ltr' id='par_1_89' title="bbox 562 5598 2070 5667">
     <span class='ocr_line' id='line_1_89' title="bbox 562 5598 2070 5667; baseline -0.003 -11"><span class='ocrx_word' id='word_1_575' title='bbox 562 5600 818 5656; x_wconf 85' lang='lat' dir='ltr'><strong>Sacerdos</strong></span> <span class='ocrx_word' id='word_1_576' title='bbox 854 5599 1162 5652; x_wconf 84' lang='lat' dir='ltr'><strong>inclinatus.</strong></span> <span class='ocrx_word' id='word_1_577' title='bbox 1198 5598 1378 5654; x_wconf 85' lang='lat' dir='ltr'><strong>Mente</strong></span> <span class='ocrx_word' id='word_1_578' title='bbox 1424 5598 1587 5667; x_wconf 85' lang='lat' dir='ltr'><strong>igitur</strong></span> <span class='ocrx_word' id='word_1_579' title='bbox 1640 5598 1942 5652; x_wconf 89' lang='lat' dir='ltr'><strong>recolentes</strong></span> <span class='ocrx_word' id='word_1_580' title='bbox 2008 5614 2070 5652; x_wconf 89' lang='lat' dir='ltr'><strong>ea</strong></span> 
     </span>
    </p>
   </div>
   <div class='ocr_carea' id='block_1_90' title="bbox 488 5692 2072 5763">
    <p class='ocr_par' dir='ltr' id='par_1_90' title="bbox 488 5692 2072 5763">
     <span class='ocr_line' id='line_1_90' title="bbox 488 5692 2072 5763; baseline -0.001 -16"><span class='ocrx_word' id='word_1_581' title='bbox 488 5696 692 5761; x_wconf 78' lang='lat' dir='ltr'><strong>ouuiia,</strong></span> <span class='ocrx_word' id='word_1_582' title='bbox 728 5711 849 5762; x_wconf 73' lang='lat' dir='ltr'><strong>qua:</strong></span> <span class='ocrx_word' id='word_1_583' title='bbox 881 5711 979 5763; x_wconf 91' lang='lat' dir='ltr'><strong>pro</strong></span> <span class='ocrx_word' id='word_1_584' title='bbox 1009 5695 1187 5759; x_wconf 87' lang='lat' dir='ltr'><strong>nobis,</strong></span> <span class='ocrx_word' id='word_1_585' title='bbox 1215 5703 1267 5747; x_wconf 89' lang='lat' dir='ltr'><strong>et</strong></span> <span class='ocrx_word' id='word_1_586' title='bbox 1293 5702 1510 5760; x_wconf 87' lang='lat' dir='ltr'><strong>prOptcr</strong></span> <span class='ocrx_word' id='word_1_587' title='bbox 1546 5706 1647 5746; x_wconf 91' lang='lat' dir='ltr'><strong>nos</strong></span> <span class='ocrx_word' id='word_1_588' title='bbox 1672 5692 2072 5760; x_wconf 87' lang='lat' dir='ltr'><strong>dispensatorie</strong></span> 
     </span>
    </p>
   </div>
   <div class='ocr_carea' id='block_1_91' title="bbox 489 5782 2066 5857">
    <p class='ocr_par' dir='ltr' id='par_1_91' title="bbox 489 5782 2066 5857">
     <span class='ocr_line' id='line_1_91' title="bbox 489 5782 2066 5857; baseline -0.001 -17"><span class='ocrx_word' id='word_1_589' title='bbox 489 5803 521 5840; x_wconf 82' lang='lat' dir='ltr'><strong>a</strong></span> <span class='ocrx_word' id='word_1_590' title='bbox 556 5798 604 5841; x_wconf 89' lang='lat' dir='ltr'><strong>te</strong></span> <span class='ocrx_word' id='word_1_591' title='bbox 638 5786 876 5857; x_wconf 87' lang='lat' dir='ltr'><strong>perfecta</strong></span> <span class='ocrx_word' id='word_1_592' title='bbox 910 5787 1152 5851; x_wconf 81' lang='lat' dir='ltr'><strong>fuerunt,</strong></span> <span class='ocrx_word' id='word_1_593' title='bbox 1195 5783 1531 5842; x_wconf 84' lang='lat' dir='ltr'><strong>nativitatem</strong></span> <span class='ocrx_word' id='word_1_594' title='bbox 1569 5793 1718 5839; x_wconf 90' lang='lat' dir='ltr'><strong>tuam</strong></span> <span class='ocrx_word' id='word_1_595' title='bbox 1748 5782 2066 5852; x_wconf 87' lang='lat' dir='ltr'><strong>salutarem,</strong></span> 
     </span>
    </p>
   </div>
   <div class='ocr_carea' id='block_1_92' title="bbox 2177 3202 3763 3274">
    <p class='ocr_par' dir='ltr' id='par_1_92' title="bbox 2177 3202 3763 3274">
     <span class='ocr_line' id='line_1_92' title="bbox 2177 3202 3763 3274; baseline 0.003 -18"><span class='ocrx_word' id='word_1_596' title='bbox 2177 3202 2373 3271; x_wconf 87' lang='lat' dir='ltr'><strong>perdas</strong></span> <span class='ocrx_word' id='word_1_597' title='bbox 2402 3218 2501 3258; x_wconf 88' lang='lat' dir='ltr'><strong>nos</strong></span> <span class='ocrx_word' id='word_1_598' title='bbox 2529 3204 2693 3259; x_wconf 89' lang='lat' dir='ltr'><strong>simul</strong></span> <span class='ocrx_word' id='word_1_599' title='bbox 2724 3219 2851 3258; x_wconf 91' lang='lat' dir='ltr'><strong>cum</strong></span> <span class='ocrx_word' id='word_1_600' title='bbox 2897 3203 3004 3259; x_wconf 92' lang='lat' dir='ltr'><strong>illis</strong></span> <span class='ocrx_word' id='word_1_601' title='bbox 3050 3203 3146 3274; x_wconf 91' lang='lat' dir='ltr'><strong>qui</strong></span> <span class='ocrx_word' id='word_1_602' title='bbox 3195 3212 3247 3258; x_wconf 90' lang='lat' dir='ltr'><strong>te</strong></span> <span class='ocrx_word' id='word_1_603' title='bbox 3288 3220 3398 3259; x_wconf 91' lang='lat' dir='ltr'><strong>non</strong></span> <span class='ocrx_word' id='word_1_604' title='bbox 3428 3205 3763 3261; x_wconf 81' lang='lat' dir='ltr'><strong>dilexerunt.</strong></span> 
     </span>
    </p>
   </div>
   <div class='ocr_carea' id='block_1_93' title="bbox 2181 3294 3767 3366">
    <p class='ocr_par' dir='ltr' id='par_1_93' title="bbox 2181 3294 3767 3366">
     <span class='ocr_line' id='line_1_93' title="bbox 2181 3294 3767 3366; baseline 0.002 -18"><span class='ocrx_word' id='word_1_605' title='bbox 2181 3294 2378 3349; x_wconf 75' lang='lat' dir='ltr'><strong>Verum</strong></span> <span class='ocrx_word' id='word_1_606' title='bbox 2412 3295 2734 3350; x_wconf 88' lang='lat' dir='ltr'><strong>illucescere</strong></span> <span class='ocrx_word' id='word_1_607' title='bbox 2772 3295 2932 3351; x_wconf 89' lang='lat' dir='ltr'><strong>nobis</strong></span> <span class='ocrx_word' id='word_1_608' title='bbox 2962 3294 3049 3350; x_wconf 77' lang='lat' dir='ltr'><strong>{ac</strong></span> <span class='ocrx_word' id='word_1_609' title='bbox 3098 3295 3330 3351; x_wconf 91' lang='lat' dir='ltr'><strong>salutem</strong></span> <span class='ocrx_word' id='word_1_610' title='bbox 3376 3306 3562 3363; x_wconf 87' lang='lat' dir='ltr'><strong>tuam;</strong></span> <span class='ocrx_word' id='word_1_611' title='bbox 3604 3311 3767 3366; x_wconf 89' lang='lat' dir='ltr'><strong>parce</strong></span> 
     </span>
    </p>
   </div>
   <div class='ocr_carea' id='block_1_94' title="bbox 2175 3386 3767 3459">
    <p class='ocr_par' dir='ltr' id='par_1_94' title="bbox 2175 3386 3767 3459">
     <span class='ocr_line' id='line_1_94' title="bbox 2175 3386 3767 3459; baseline 0.002 -20"><span class='ocrx_word' id='word_1_612' title='bbox 2175 3386 2333 3441; x_wconf 88' lang='lat' dir='ltr'><strong>nobis</strong></span> <span class='ocrx_word' id='word_1_613' title='bbox 2355 3388 2658 3442; x_wconf 89' lang='lat' dir='ltr'><strong>secundum</strong></span> <span class='ocrx_word' id='word_1_614' title='bbox 2689 3403 2937 3442; x_wconf 90' lang='lat' dir='ltr'><strong>amorem</strong></span> <span class='ocrx_word' id='word_1_615' title='bbox 2970 3396 3122 3442; x_wconf 93' lang='lat' dir='ltr'><strong>tuum</strong></span> <span class='ocrx_word' id='word_1_616' title='bbox 3153 3404 3281 3459; x_wconf 87' lang='lat' dir='ltr'><strong>erga</strong></span> <span class='ocrx_word' id='word_1_617' title='bbox 3312 3388 3583 3443; x_wconf 90' lang='lat' dir='ltr'><strong>homines.</strong></span> <span class='ocrx_word' id='word_1_618' title='bbox 3614 3388 3767 3442; x_wconf 88' lang='lat' dir='ltr'><strong>Mitte</strong></span> 
     </span>
    </p>
   </div>
   <div class='ocr_carea' id='block_1_95' title="bbox 2174 3477 3767 3543">
    <p class='ocr_par' dir='ltr' id='par_1_95' title="bbox 2174 3477 3767 3543">
     <span class='ocr_line' id='line_1_95' title="bbox 2174 3477 3767 3543; baseline 0.003 -12"><span class='ocrx_word' id='word_1_619' title='bbox 2174 3477 2333 3532; x_wconf 92' lang='lat' dir='ltr'><strong>nobis</strong></span> <span class='ocrx_word' id='word_1_620' title='bbox 2373 3478 2595 3534; x_wconf 89' lang='lat' dir='ltr'><strong>divitias</strong></span> <span class='ocrx_word' id='word_1_621' title='bbox 2630 3480 2932 3533; x_wconf 72' lang='lat' dir='ltr'><strong>clementia:</strong></span> <span class='ocrx_word' id='word_1_622' title='bbox 2972 3491 3100 3543; x_wconf 67' lang='lat' dir='ltr'><strong>tuas,</strong></span> <span class='ocrx_word' id='word_1_623' title='bbox 3139 3491 3315 3534; x_wconf 89' lang='lat' dir='ltr'><strong>statue</strong></span> <span class='ocrx_word' id='word_1_624' title='bbox 3352 3495 3453 3535; x_wconf 88' lang='lat' dir='ltr'><strong>nos</strong></span> <span class='ocrx_word' id='word_1_625' title='bbox 3488 3480 3554 3535; x_wconf 90' lang='lat' dir='ltr'><strong>ad</strong></span> <span class='ocrx_word' id='word_1_626' title='bbox 3581 3481 3767 3535; x_wconf 85' lang='lat' dir='ltr'><strong>dexte-</strong></span> 
     </span>
    </p>
   </div>
   <div class='ocr_carea' id='block_1_96' title="bbox 2174 3573 3767 3642">
    <p class='ocr_par' dir='ltr' id='par_1_96' title="bbox 2174 3573 3767 3642">
     <span class='ocr_line' id='line_1_96' title="bbox 2174 3573 3767 3642; baseline 0.001 -17"><span class='ocrx_word' id='word_1_627' title='bbox 2174 3587 2290 3626; x_wconf 87' lang='lat' dir='ltr'><strong>ram</strong></span> <span class='ocrx_word' id='word_1_628' title='bbox 2327 3580 2511 3635; x_wconf 86' lang='lat' dir='ltr'><strong>tuam;</strong></span> <span class='ocrx_word' id='word_1_629' title='bbox 2547 3582 2821 3627; x_wconf 90' lang='lat' dir='ltr'><strong>memento</strong></span> <span class='ocrx_word' id='word_1_630' title='bbox 2855 3573 3104 3627; x_wconf 87' lang='lat' dir='ltr'><strong>omnium</strong></span> <span class='ocrx_word' id='word_1_631' title='bbox 3140 3582 3389 3627; x_wconf 89' lang='lat' dir='ltr'><strong>nostrum</strong></span> <span class='ocrx_word' id='word_1_632' title='bbox 3423 3588 3519 3642; x_wconf 88' lang='lat' dir='ltr'><strong>per</strong></span> <span class='ocrx_word' id='word_1_633' title='bbox 3552 3574 3767 3630; x_wconf 88' lang='lat' dir='ltr'><strong>miseri-</strong></span> 
     </span>
    </p>
   </div>
   <div class='ocr_carea' id='block_1_97' title="bbox 2173 3662 3765 3721">
    <p class='ocr_par' dir='ltr' id='par_1_97' title="bbox 2173 3662 3765 3721">
     <span class='ocr_line' id='line_1_97' title="bbox 2173 3662 3765 3721; baseline 0.002 -4"><span class='ocrx_word' id='word_1_634' title='bbox 2173 3662 2418 3717; x_wconf 87' lang='lat' dir='ltr'><strong>cordiam</strong></span> <span class='ocrx_word' id='word_1_635' title='bbox 2450 3672 2637 3717; x_wconf 86' lang='lat' dir='ltr'><strong>tuam:</strong></span> <span class='ocrx_word' id='word_1_636' title='bbox 2679 3664 2827 3718; x_wconf 90' lang='lat' dir='ltr'><strong>salva</strong></span> <span class='ocrx_word' id='word_1_637' title='bbox 2866 3678 2967 3718; x_wconf 93' lang='lat' dir='ltr'><strong>nos</strong></span> <span class='ocrx_word' id='word_1_638' title='bbox 3012 3665 3313 3719; x_wconf 86' lang='lat' dir='ltr'><strong>secundum</strong></span> <span class='ocrx_word' id='word_1_639' title='bbox 3357 3665 3765 3721; x_wconf 85' lang='lat' dir='ltr'><strong>multitudinem</strong></span> 
     </span>
    </p>
   </div>
   <div class='ocr_carea' id='block_1_98' title="bbox 2172 3757 3763 3829">
    <p class='ocr_par' dir='ltr' id='par_1_98' title="bbox 2172 3757 3763 3829">
     <span class='ocr_line' id='line_1_98' title="bbox 2172 3757 3763 3829; baseline 0.002 -18"><span class='ocrx_word' id='word_1_640' title='bbox 2172 3757 2361 3827; x_wconf 66' lang='lat' dir='ltr'><strong>gratia:</strong></span> <span class='ocrx_word' id='word_1_641' title='bbox 2404 3766 2542 3824; x_wconf 59' lang='lat' dir='ltr'><strong>tute,</strong></span> <span class='ocrx_word' id='word_1_642' title='bbox 2586 3768 2640 3813; x_wconf 91' lang='lat' dir='ltr'><strong>et</strong></span> <span class='ocrx_word' id='word_1_643' title='bbox 2670 3759 2865 3829; x_wconf 88' lang='lat' dir='ltr'><strong>adjuva</strong></span> <span class='ocrx_word' id='word_1_644' title='bbox 2900 3774 3003 3813; x_wconf 90' lang='lat' dir='ltr'><strong>nos</strong></span> <span class='ocrx_word' id='word_1_645' title='bbox 3052 3774 3149 3829; x_wconf 85' lang='lat' dir='ltr'><strong>per</strong></span> <span class='ocrx_word' id='word_1_646' title='bbox 3194 3758 3539 3813; x_wconf 85' lang='lat' dir='ltr'><strong>clementiam</strong></span> <span class='ocrx_word' id='word_1_647' title='bbox 3591 3770 3763 3815; x_wconf 81' lang='lat' dir='ltr'><strong>tuam.</strong></span> 
     </span>
    </p>
   </div>
   <div class='ocr_carea' id='block_1_99' title="bbox 2172 3849 3767 3922">
    <p class='ocr_par' dir='ltr' id='par_1_99' title="bbox 2172 3849 3767 3922">
     <span class='ocr_line' id='line_1_99' title="bbox 2172 3849 3767 3922; baseline 0.003 -18"><span class='ocrx_word' id='word_1_648' title='bbox 2172 3849 2422 3921; x_wconf 84' lang='lat' dir='ltr'><strong>Adjunge</strong></span> <span class='ocrx_word' id='word_1_649' title='bbox 2448 3867 2550 3907; x_wconf 92' lang='lat' dir='ltr'><strong>nos</strong></span> <span class='ocrx_word' id='word_1_650' title='bbox 2582 3851 2731 3922; x_wconf 87' lang='lat' dir='ltr'><strong>gregi</strong></span> <span class='ocrx_word' id='word_1_651' title='bbox 2756 3862 2870 3917; x_wconf 88' lang='lat' dir='ltr'><strong>tuo,</strong></span> <span class='ocrx_word' id='word_1_652' title='bbox 2902 3862 2956 3905; x_wconf 91' lang='lat' dir='ltr'><strong>et</strong></span> <span class='ocrx_word' id='word_1_653' title='bbox 2987 3866 3215 3905; x_wconf 90' lang='lat' dir='ltr'><strong>numera</strong></span> <span class='ocrx_word' id='word_1_654' title='bbox 3249 3867 3350 3906; x_wconf 91' lang='lat' dir='ltr'><strong>nos</strong></span> <span class='ocrx_word' id='word_1_655' title='bbox 3374 3852 3515 3907; x_wconf 89' lang='lat' dir='ltr'><strong>inter</strong></span> <span class='ocrx_word' id='word_1_656' title='bbox 3544 3853 3767 3908; x_wconf 87' lang='lat' dir='ltr'><strong>ordines</strong></span> 
     </span>
    </p>
   </div>
   <div class='ocr_carea' id='block_1_100' title="bbox 2172 3941 3769 4014">
    <p class='ocr_par' dir='ltr' id='par_1_100' title="bbox 2172 3941 3769 4014">
     <span class='ocr_line' id='line_1_100' title="bbox 2172 3941 3769 4014; baseline 0.002 -19"><span class='ocrx_word' id='word_1_657' title='bbox 2172 3941 2496 3997; x_wconf 88' lang='lat' dir='ltr'><strong>dilectorum</strong></span> <span class='ocrx_word' id='word_1_658' title='bbox 2537 3951 2780 4008; x_wconf 90' lang='lat' dir='ltr'><strong>tuorum,</strong></span> <span class='ocrx_word' id='word_1_659' title='bbox 2830 3942 2917 3997; x_wconf 87' lang='lat' dir='ltr'><strong>fac</strong></span> <span class='ocrx_word' id='word_1_660' title='bbox 2963 3957 3064 3997; x_wconf 90' lang='lat' dir='ltr'><strong>nos</strong></span> <span class='ocrx_word' id='word_1_661' title='bbox 3093 3942 3288 4012; x_wconf 85' lang='lat' dir='ltr'><strong>dignos</strong></span> <span class='ocrx_word' id='word_1_662' title='bbox 3328 3959 3496 4014; x_wconf 86' lang='lat' dir='ltr'><strong>regno</strong></span> <span class='ocrx_word' id='word_1_663' title='bbox 3539 3956 3666 4011; x_wconf 91' lang='lat' dir='ltr'><strong>tuo,</strong></span> <span class='ocrx_word' id='word_1_664' title='bbox 3713 3953 3769 3999; x_wconf 88' lang='lat' dir='ltr'><strong>et</strong></span> 
     </span>
    </p>
   </div>
   <div class='ocr_carea' id='block_1_101' title="bbox 2173 4032 3768 4106">
    <p class='ocr_par' dir='ltr' id='par_1_101' title="bbox 2173 4032 3768 4106">
     <span class='ocr_line' id='line_1_101' title="bbox 2173 4032 3768 4106; baseline 0.005 -21"><span class='ocrx_word' id='word_1_665' title='bbox 2173 4032 2336 4087; x_wconf 89' lang='lat' dir='ltr'><strong>induc</strong></span> <span class='ocrx_word' id='word_1_666' title='bbox 2354 4049 2455 4089; x_wconf 90' lang='lat' dir='ltr'><strong>nos</strong></span> <span class='ocrx_word' id='word_1_667' title='bbox 2480 4034 2533 4088; x_wconf 92' lang='lat' dir='ltr'><strong>in</strong></span> <span class='ocrx_word' id='word_1_668' title='bbox 2550 4034 2849 4089; x_wconf 90' lang='lat' dir='ltr'><strong>thalamum</strong></span> <span class='ocrx_word' id='word_1_669' title='bbox 2876 4042 3051 4088; x_wconf 92' lang='lat' dir='ltr'><strong>tuum.</strong></span> <span class='ocrx_word' id='word_1_670' title='bbox 3076 4032 3142 4088; x_wconf 84' lang='lat' dir='ltr'><strong>Et</strong></span> <span class='ocrx_word' id='word_1_671' title='bbox 3158 4044 3375 4106; x_wconf 89' lang='lat' dir='ltr'><strong>propter</strong></span> <span class='ocrx_word' id='word_1_672' title='bbox 3392 4036 3505 4092; x_wconf 66' lang='lat' dir='ltr'><strong>haec</strong></span> <span class='ocrx_word' id='word_1_673' title='bbox 3522 4036 3768 4093; x_wconf 86' lang='lat' dir='ltr'><strong>Ecclesia</strong></span> 
     </span>
    </p>
   </div>
   <div class='ocr_carea' id='block_1_102' title="bbox 2172 4126 3767 4197">
    <p class='ocr_par' dir='ltr' id='par_1_102' title="bbox 2172 4126 3767 4197">
     <span class='ocr_line' id='line_1_102' title="bbox 2172 4126 3767 4197; baseline 0.004 -20"><span class='ocrx_word' id='word_1_674' title='bbox 2172 4130 2265 4178; x_wconf 89' lang='lat' dir='ltr'><strong>tua</strong></span> <span class='ocrx_word' id='word_1_675' title='bbox 2293 4134 2347 4178; x_wconf 88' lang='lat' dir='ltr'><strong>et</strong></span> <span class='ocrx_word' id='word_1_676' title='bbox 2380 4140 2509 4195; x_wconf 77' lang='lat' dir='ltr'><strong>grex</strong></span> <span class='ocrx_word' id='word_1_677' title='bbox 2543 4134 2670 4180; x_wconf 90' lang='lat' dir='ltr'><strong>tuus</strong></span> <span class='ocrx_word' id='word_1_678' title='bbox 2717 4126 3040 4195; x_wconf 89' lang='lat' dir='ltr'><strong>deprecatur</strong></span> <span class='ocrx_word' id='word_1_679' title='bbox 3080 4136 3164 4193; x_wconf 87' lang='lat' dir='ltr'><strong>te,</strong></span> <span class='ocrx_word' id='word_1_680' title='bbox 3204 4136 3257 4182; x_wconf 92' lang='lat' dir='ltr'><strong>et</strong></span> <span class='ocrx_word' id='word_1_681' title='bbox 3304 4142 3399 4197; x_wconf 87' lang='lat' dir='ltr'><strong>per</strong></span> <span class='ocrx_word' id='word_1_682' title='bbox 3422 4137 3475 4184; x_wconf 88' lang='lat' dir='ltr'><strong>te</strong></span> <span class='ocrx_word' id='word_1_683' title='bbox 3502 4138 3556 4184; x_wconf 91' lang='lat' dir='ltr'><strong>et</strong></span> <span class='ocrx_word' id='word_1_684' title='bbox 3585 4138 3767 4185; x_wconf 85' lang='lat' dir='ltr'><strong>tecum</strong></span> 
     </span>
    </p>
   </div>
   <div class='ocr_carea' id='block_1_103' title="bbox 2172 4214 2851 4280">
    <p class='ocr_par' dir='ltr' id='par_1_103' title="bbox 2172 4214 2851 4280">
     <span class='ocr_line' id='line_1_103' title="bbox 2172 4214 2851 4280; baseline -0.001 -11"><span class='ocrx_word' id='word_1_685' title='bbox 2172 4214 2388 4272; x_wconf 88' lang='lat' dir='ltr'><strong>Patrem</strong></span> <span class='ocrx_word' id='word_1_686' title='bbox 2414 4226 2591 4280; x_wconf 89' lang='lat' dir='ltr'><strong>tuum,</strong></span> <span class='ocrx_word' id='word_1_687' title='bbox 2624 4217 2813 4273; x_wconf 88' lang='lat' dir='ltr'><strong>dicens</strong></span> <span class='ocrx_word' id='word_1_688' title='bbox 2839 4235 2851 4268; x_wconf 90' lang='lat'><strong>:</strong></span> 
     </span>
    </p>
   </div>
   <div class='ocr_carea' id='block_1_104' title="bbox 2249 4353 2817 4423">
    <p class='ocr_par' dir='ltr' id='par_1_104' title="bbox 2249 4353 2817 4423">
     <span class='ocr_line' id='line_1_104' title="bbox 2249 4353 2817 4423; baseline 0.002 -17"><span class='ocrx_word' id='word_1_689' title='bbox 2249 4353 2503 4423; x_wconf 84' lang='lat' dir='ltr'><strong>Populus.</strong></span> <span class='ocrx_word' id='word_1_690' title='bbox 2538 4353 2817 4409; x_wconf 80' lang='lat' dir='ltr'><strong>Miserere.</strong></span> 
     </span>
    </p>
   </div>
   <div class='ocr_carea' id='block_1_105' title="bbox 2249 4446 3090 4518">
    <p class='ocr_par' dir='ltr' id='par_1_105' title="bbox 2249 4446 3090 4518">
     <span class='ocr_line' id='line_1_105' title="bbox 2249 4446 3090 4518; baseline -0.001 -16"><span class='ocrx_word' id='word_1_691' title='bbox 2249 4447 2527 4503; x_wconf 87' lang='lat' dir='ltr'><strong>Sacerdos.</strong></span> <span class='ocrx_word' id='word_1_692' title='bbox 2566 4446 2678 4502; x_wconf 86' lang='lat' dir='ltr'><strong>Nos</strong></span> <span class='ocrx_word' id='word_1_693' title='bbox 2711 4463 2950 4518; x_wconf 90' lang='lat' dir='ltr'><strong>quoque,</strong></span> <span class='ocrx_word' id='word_1_694' title='bbox 2986 4457 3090 4502; x_wconf 80' lang='lat' dir='ltr'><strong>etc.</strong></span> 
     </span>
    </p>
   </div>
   <div class='ocr_carea' id='block_1_106' title="bbox 2247 4538 3039 4610">
    <p class='ocr_par' dir='ltr' id='par_1_106' title="bbox 2247 4538 3039 4610">
     <span class='ocr_line' id='line_1_106' title="bbox 2247 4538 3039 4610; baseline 0.003 -17"><span class='ocrx_word' id='word_1_695' title='bbox 2247 4540 2504 4609; x_wconf 83' lang='lat' dir='ltr'><strong>Populus.</strong></span> <span class='ocrx_word' id='word_1_696' title='bbox 2537 4538 2613 4595; x_wconf 90' lang='lat' dir='ltr'><strong>Te</strong></span> <span class='ocrx_word' id='word_1_697' title='bbox 2644 4540 3039 4610; x_wconf 84' lang='lat' dir='ltr'><strong>gloriﬁcamus.</strong></span> 
     </span>
    </p>
   </div>
   <div class='ocr_carea' id='block_1_107' title="bbox 2250 4630 3582 4697">
    <p class='ocr_par' dir='ltr' id='par_1_107' title="bbox 2250 4630 3582 4697">
     <span class='ocr_line' id='line_1_107' title="bbox 2250 4630 3582 4697; baseline 0.003 -14"><span class='ocrx_word' id='word_1_698' title='bbox 2250 4632 2541 4683; x_wconf 88' lang='lat' dir='ltr'><strong>Diaconus.</strong></span> <span class='ocrx_word' id='word_1_699' title='bbox 2574 4630 2748 4696; x_wconf 88' lang='lat' dir='ltr'><strong>Quam</strong></span> <span class='ocrx_word' id='word_1_700' title='bbox 2777 4632 3018 4685; x_wconf 89' lang='lat' dir='ltr'><strong>timenda</strong></span> <span class='ocrx_word' id='word_1_701' title='bbox 3046 4641 3131 4685; x_wconf 85' lang='lat' dir='ltr'><strong>est</strong></span> <span class='ocrx_word' id='word_1_702' title='bbox 3160 4632 3275 4686; x_wconf 78' lang='lat' dir='ltr'><strong>haec</strong></span> <span class='ocrx_word' id='word_1_703' title='bbox 3302 4633 3455 4697; x_wconf 89' lang='lat' dir='ltr'><strong>hora,</strong></span> <span class='ocrx_word' id='word_1_704' title='bbox 3482 4641 3582 4687; x_wconf 86' lang='lat' dir='ltr'><strong>etc.</strong></span> 
     </span>
    </p>
   </div>
   <div class='ocr_carea' id='block_1_108' title="bbox 2254 4721 3569 4793">
    <p class='ocr_par' dir='ltr' id='par_1_108' title="bbox 2254 4721 3569 4793">
     <span class='ocr_line' id='line_1_108' title="bbox 2254 4721 3569 4793; baseline 0.002 -18"><span class='ocrx_word' id='word_1_705' title='bbox 2254 4721 2509 4776; x_wconf 87' lang='lat' dir='ltr'><strong>Sacerdos</strong></span> <span class='ocrx_word' id='word_1_706' title='bbox 2546 4723 2677 4777; x_wconf 82' lang='lat' dir='ltr'><strong>dicit</strong></span> <span class='ocrx_word' id='word_1_707' title='bbox 2710 4725 3088 4777; x_wconf 83' lang='lat' dir='ltr'><strong>invocationem</strong></span> <span class='ocrx_word' id='word_1_708' title='bbox 3114 4722 3346 4793; x_wconf 75' lang='lat' dir='ltr'><strong>Spiritus</strong></span> <span class='ocrx_word' id='word_1_709' title='bbox 3377 4727 3569 4779; x_wconf 87' lang='lat' dir='ltr'><strong>sancti.</strong></span> 
     </span>
    </p>
   </div>
   <div class='ocr_carea' id='block_1_109' title="bbox 2248 4859 3769 4933">
    <p class='ocr_par' dir='ltr' id='par_1_109' title="bbox 2248 4859 3769 4933">
     <span class='ocr_line' id='line_1_109' title="bbox 2248 4859 3769 4933; baseline 0.003 -22"><span class='ocrx_word' id='word_1_710' title='bbox 2248 4859 2506 4915; x_wconf 89' lang='lat' dir='ltr'><strong>Miserere</strong></span> <span class='ocrx_word' id='word_1_711' title='bbox 2526 4860 2708 4927; x_wconf 89' lang='lat' dir='ltr'><strong>nobis,</strong></span> <span class='ocrx_word' id='word_1_712' title='bbox 2738 4860 2883 4917; x_wconf 91' lang='lat' dir='ltr'><strong>Deus</strong></span> <span class='ocrx_word' id='word_1_713' title='bbox 2903 4860 3065 4917; x_wconf 88' lang='lat' dir='ltr'><strong>Pater</strong></span> <span class='ocrx_word' id='word_1_714' title='bbox 3104 4863 3476 4933; x_wconf 89' lang='lat' dir='ltr'><strong>omnipotens,</strong></span> <span class='ocrx_word' id='word_1_715' title='bbox 3520 4870 3573 4915; x_wconf 91' lang='lat' dir='ltr'><strong>et</strong></span> <span class='ocrx_word' id='word_1_716' title='bbox 3610 4862 3769 4916; x_wconf 88' lang='lat' dir='ltr'><strong>mitte</strong></span> 
     </span>
    </p>
   </div>
   <div class='ocr_carea' id='block_1_110' title="bbox 2178 4950 3769 5023">
    <p class='ocr_par' dir='ltr' id='par_1_110' title="bbox 2178 4950 3769 5023">
     <span class='ocr_line' id='line_1_110' title="bbox 2178 4950 3769 5023; baseline 0.001 -17"><span class='ocrx_word' id='word_1_717' title='bbox 2178 4967 2342 5021; x_wconf 91' lang='lat' dir='ltr'><strong>super</strong></span> <span class='ocrx_word' id='word_1_718' title='bbox 2387 4967 2485 5007; x_wconf 92' lang='lat' dir='ltr'><strong>nos</strong></span> <span class='ocrx_word' id='word_1_719' title='bbox 2528 4950 2790 5023; x_wconf 90' lang='lat' dir='ltr'><strong>Spiritum</strong></span> <span class='ocrx_word' id='word_1_720' title='bbox 2825 4963 2977 5008; x_wconf 89' lang='lat' dir='ltr'><strong>tuum</strong></span> <span class='ocrx_word' id='word_1_721' title='bbox 3021 4962 3272 5008; x_wconf 90' lang='lat' dir='ltr'><strong>sanctum</strong></span> <span class='ocrx_word' id='word_1_722' title='bbox 3318 4954 3412 5023; x_wconf 91' lang='lat' dir='ltr'><strong>qui</strong></span> <span class='ocrx_word' id='word_1_723' title='bbox 3467 4953 3651 5007; x_wconf 90' lang='lat' dir='ltr'><strong>omnia</strong></span> <span class='ocrx_word' id='word_1_724' title='bbox 3681 4968 3769 5007; x_wconf 84' lang='lat' dir='ltr'><strong>re-</strong></span> 
     </span>
    </p>
   </div>
   <div class='ocr_carea' id='block_1_111' title="bbox 2176 5043 3767 5115">
    <p class='ocr_par' dir='ltr' id='par_1_111' title="bbox 2176 5043 3767 5115">
     <span class='ocr_line' id='line_1_111' title="bbox 2176 5043 3767 5115; baseline 0 -18"><span class='ocrx_word' id='word_1_725' title='bbox 2176 5045 2306 5114; x_wconf 91' lang='lat' dir='ltr'><strong>plet,</strong></span> <span class='ocrx_word' id='word_1_726' title='bbox 2339 5043 2591 5115; x_wconf 88' lang='lat' dir='ltr'><strong>Dcusque</strong></span> <span class='ocrx_word' id='word_1_727' title='bbox 2614 5054 2697 5101; x_wconf 89' lang='lat' dir='ltr'><strong>est</strong></span> <span class='ocrx_word' id='word_1_728' title='bbox 2728 5061 2891 5115; x_wconf 82' lang='lat' dir='ltr'><strong>super</strong></span> <span class='ocrx_word' id='word_1_729' title='bbox 2914 5046 3121 5112; x_wconf 90' lang='lat' dir='ltr'><strong>omnia,</strong></span> <span class='ocrx_word' id='word_1_730' title='bbox 3160 5046 3369 5115; x_wconf 90' lang='lat' dir='ltr'><strong>tibique</strong></span> <span class='ocrx_word' id='word_1_731' title='bbox 3397 5045 3767 5099; x_wconf 78' lang='lat' dir='ltr'><strong>consubstan-</strong></span> 
     </span>
    </p>
   </div>
   <div class='ocr_carea' id='block_1_112' title="bbox 2176 5134 3768 5207">
    <p class='ocr_par' dir='ltr' id='par_1_112' title="bbox 2176 5134 3768 5207">
     <span class='ocr_line' id='line_1_112' title="bbox 2176 5134 3768 5207; baseline 0.001 -18"><span class='ocrx_word' id='word_1_732' title='bbox 2176 5134 2320 5189; x_wconf 89' lang='lat' dir='ltr'><strong>tialis</strong></span> <span class='ocrx_word' id='word_1_733' title='bbox 2355 5144 2409 5189; x_wconf 92' lang='lat' dir='ltr'><strong>et</strong></span> <span class='ocrx_word' id='word_1_734' title='bbox 2454 5137 2738 5206; x_wconf 85' lang='lat' dir='ltr'><strong>unigenito</strong></span> <span class='ocrx_word' id='word_1_735' title='bbox 2780 5136 2920 5191; x_wconf 86' lang='lat' dir='ltr'><strong>Filio</strong></span> <span class='ocrx_word' id='word_1_736' title='bbox 2964 5146 3087 5203; x_wconf 92' lang='lat' dir='ltr'><strong>tuo;</strong></span> <span class='ocrx_word' id='word_1_737' title='bbox 3130 5137 3223 5207; x_wconf 91' lang='lat' dir='ltr'><strong>qui</strong></span> <span class='ocrx_word' id='word_1_738' title='bbox 3260 5137 3409 5191; x_wconf 91' lang='lat' dir='ltr'><strong>omni</strong></span> <span class='ocrx_word' id='word_1_739' title='bbox 3451 5137 3587 5190; x_wconf 91' lang='lat' dir='ltr'><strong>hora</strong></span> <span class='ocrx_word' id='word_1_740' title='bbox 3623 5137 3768 5191; x_wconf 74' lang='lat' dir='ltr'><strong>dona</strong></span> 
     </span>
    </p>
   </div>
   <div class='ocr_carea' id='block_1_113' title="bbox 2175 5228 3764 5300">
    <p class='ocr_par' dir='ltr' id='par_1_113' title="bbox 2175 5228 3764 5300">
     <span class='ocr_line' id='line_1_113' title="bbox 2175 5228 3764 5300; baseline -0.001 -19"><span class='ocrx_word' id='word_1_741' title='bbox 2175 5228 2491 5295; x_wconf 90' lang='lat' dir='ltr'><strong>distribuit;</strong></span> <span class='ocrx_word' id='word_1_742' title='bbox 2541 5229 2843 5299; x_wconf 90' lang='lat' dir='ltr'><strong>dividitque</strong></span> <span class='ocrx_word' id='word_1_743' title='bbox 2878 5238 2933 5283; x_wconf 90' lang='lat' dir='ltr'><strong>et</strong></span> <span class='ocrx_word' id='word_1_744' title='bbox 2975 5230 3068 5283; x_wconf 85' lang='lat' dir='ltr'><strong>dat</strong></span> <span class='ocrx_word' id='word_1_745' title='bbox 3107 5228 3359 5300; x_wconf 84' lang='lat' dir='ltr'><strong>singulis,</strong></span> <span class='ocrx_word' id='word_1_746' title='bbox 3392 5237 3557 5297; x_wconf 89' lang='lat' dir='ltr'><strong>prout</strong></span> <span class='ocrx_word' id='word_1_747' title='bbox 3611 5228 3764 5281; x_wconf 85' lang='lat' dir='ltr'><strong>vult:</strong></span> 
     </span>
    </p>
   </div>
   <div class='ocr_carea' id='block_1_114' title="bbox 2174 5320 3769 5392">
    <p class='ocr_par' dir='ltr' id='par_1_114' title="bbox 2174 5320 3769 5392">
     <span class='ocr_line' id='line_1_114' title="bbox 2174 5320 3769 5392; baseline -0.003 -17"><span class='ocrx_word' id='word_1_748' title='bbox 2174 5322 2268 5391; x_wconf 89' lang='lat' dir='ltr'><strong>qui</strong></span> <span class='ocrx_word' id='word_1_749' title='bbox 2302 5323 2559 5377; x_wconf 88' lang='lat' dir='ltr'><strong>omnibus</strong></span> <span class='ocrx_word' id='word_1_750' title='bbox 2584 5338 2826 5392; x_wconf 72' lang='lat' dir='ltr'><strong>praasens</strong></span> <span class='ocrx_word' id='word_1_751' title='bbox 2852 5332 2955 5388; x_wconf 91' lang='lat' dir='ltr'><strong>est,</strong></span> <span class='ocrx_word' id='word_1_752' title='bbox 2996 5338 3174 5392; x_wconf 87' lang='lat' dir='ltr'><strong>neque</strong></span> <span class='ocrx_word' id='word_1_753' title='bbox 3206 5323 3327 5378; x_wconf 91' lang='lat' dir='ltr'><strong>loco</strong></span> <span class='ocrx_word' id='word_1_754' title='bbox 3357 5320 3769 5376; x_wconf 83' lang='lat' dir='ltr'><strong>circumscribi-</strong></span> 
     </span>
    </p>
   </div>
   <div class='ocr_carea' id='block_1_115' title="bbox 2175 5410 3769 5483">
    <p class='ocr_par' dir='ltr' id='par_1_115' title="bbox 2175 5410 3769 5483">
     <span class='ocr_line' id='line_1_115' title="bbox 2175 5410 3769 5483; baseline -0.002 -17"><span class='ocrx_word' id='word_1_755' title='bbox 2175 5425 2281 5479; x_wconf 89' lang='lat' dir='ltr'><strong>tur,</strong></span> <span class='ocrx_word' id='word_1_756' title='bbox 2313 5414 2604 5483; x_wconf 67' lang='lat' dir='ltr'><strong>qui&#39;vitam</strong></span> <span class='ocrx_word' id='word_1_757' title='bbox 2634 5413 2879 5469; x_wconf 89' lang='lat' dir='ltr'><strong>continet</strong></span> <span class='ocrx_word' id='word_1_758' title='bbox 2904 5430 3095 5469; x_wconf 89' lang='lat' dir='ltr'><strong>eorum</strong></span> <span class='ocrx_word' id='word_1_759' title='bbox 3127 5414 3221 5483; x_wconf 90' lang='lat' dir='ltr'><strong>qui</strong></span> <span class='ocrx_word' id='word_1_760' title='bbox 3252 5414 3466 5480; x_wconf 85' lang='lat' dir='ltr'><strong>vivunt,</strong></span> <span class='ocrx_word' id='word_1_761' title='bbox 3508 5425 3561 5468; x_wconf 94' lang='lat' dir='ltr'><strong>et</strong></span> <span class='ocrx_word' id='word_1_762' title='bbox 3591 5410 3769 5481; x_wconf 84' lang='lat' dir='ltr'><strong>perfe—</strong></span> 
     </span>
    </p>
   </div>
   <div class='ocr_carea' id='block_1_116' title="bbox 2173 5505 3770 5575">
    <p class='ocr_par' dir='ltr' id='par_1_116' title="bbox 2173 5505 3770 5575">
     <span class='ocr_line' id='line_1_116' title="bbox 2173 5505 3770 5575; baseline -0.003 -16"><span class='ocrx_word' id='word_1_763' title='bbox 2173 5515 2290 5560; x_wconf 90' lang='lat' dir='ltr'><strong>ctor</strong></span> <span class='ocrx_word' id='word_1_764' title='bbox 2322 5506 2628 5561; x_wconf 88' lang='lat' dir='ltr'><strong>sanctitatis</strong></span> <span class='ocrx_word' id='word_1_765' title='bbox 2657 5514 2971 5562; x_wconf 87' lang='lat' dir='ltr'><strong>sanctorum</strong></span> <span class='ocrx_word' id='word_1_766' title='bbox 3011 5517 3124 5561; x_wconf 86' lang='lat' dir='ltr'><strong>est:</strong></span> <span class='ocrx_word' id='word_1_767' title='bbox 3166 5514 3225 5559; x_wconf 92' lang='lat' dir='ltr'><strong>ut</strong></span> <span class='ocrx_word' id='word_1_768' title='bbox 3274 5505 3468 5575; x_wconf 89' lang='lat' dir='ltr'><strong>illapsu</strong></span> <span class='ocrx_word' id='word_1_769' title='bbox 3508 5519 3610 5560; x_wconf 88' lang='lat' dir='ltr'><strong>suo</strong></span> <span class='ocrx_word' id='word_1_770' title='bbox 3641 5518 3770 5557; x_wconf 85' lang='lat' dir='ltr'><strong>san-</strong></span> 
     </span>
    </p>
   </div>
   <div class='ocr_carea' id='block_1_117' title="bbox 2146 5597 3772 5672">
    <p class='ocr_par' dir='ltr' id='par_1_117' title="bbox 2146 5597 3772 5672">
     <span class='ocr_line' id='line_1_117' title="bbox 2146 5597 3772 5672; baseline -0.004 -15"><span class='ocrx_word' id='word_1_771' title='bbox 2146 5599 2420 5657; x_wconf 85' lang='lat' dir='ltr'><strong>.ctiticans</strong></span> <span class='ocrx_word' id='word_1_772' title='bbox 2455 5601 2710 5670; x_wconf 78' lang='lat' dir='ltr'><strong>mysteria</strong></span> <span class='ocrx_word' id='word_1_773' title='bbox 2738 5601 2853 5655; x_wconf 68' lang='lat' dir='ltr'><strong>haec</strong></span> <span class='ocrx_word' id='word_1_774' title='bbox 2878 5615 3037 5669; x_wconf 90' lang='lat' dir='ltr'><strong>pura,</strong></span> <span class='ocrx_word' id='word_1_775' title='bbox 3066 5615 3152 5655; x_wconf 90' lang='lat' dir='ltr'><strong>me</strong></span> <span class='ocrx_word' id='word_1_776' title='bbox 3196 5615 3419 5672; x_wconf 87' lang='lat' dir='ltr'><strong>quoque</strong></span> <span class='ocrx_word' id='word_1_777' title='bbox 3446 5615 3476 5654; x_wconf 89' lang='lat' dir='ltr'><strong>a</strong></span> <span class='ocrx_word' id='word_1_778' title='bbox 3512 5597 3772 5654; x_wconf 83' lang='lat' dir='ltr'><strong>sordibus</strong></span> 
     </span>
    </p>
   </div>
   <div class='ocr_carea' id='block_1_118' title="bbox 2174 5693 2688 5746">
    <p class='ocr_par' dir='ltr' id='par_1_118' title="bbox 2174 5693 2688 5746">
     <span class='ocr_line' id='line_1_118' title="bbox 2174 5693 2688 5746; baseline -0.002 0"><span class='ocrx_word' id='word_1_779' title='bbox 2174 5694 2439 5746; x_wconf 87' lang='lat' dir='ltr'><strong>mundum</strong></span> <span class='ocrx_word' id='word_1_780' title='bbox 2470 5693 2688 5746; x_wconf 83' lang='lat' dir='ltr'><strong>clliciat.</strong></span> 
     </span>
    </p>
   </div>
   <div class='ocr_carea' id='block_1_119' title="bbox 2249 5784 3197 5854">
    <p class='ocr_par' dir='ltr' id='par_1_119' title="bbox 2249 5784 3197 5854">
     <span class='ocr_line' id='line_1_119' title="bbox 2249 5784 3197 5854; baseline 0 -15"><span class='ocrx_word' id='word_1_781' title='bbox 2249 5784 2529 5840; x_wconf 78' lang='lat' dir='ltr'><strong>Sacerdos.</strong></span> <span class='ocrx_word' id='word_1_782' title='bbox 2564 5784 2774 5841; x_wconf 76' lang='lat' dir='ltr'><strong>Exaudi</strong></span> <span class='ocrx_word' id='word_1_783' title='bbox 2812 5802 2920 5854; x_wconf 85' lang='lat' dir='ltr'><strong>me,</strong></span> <span class='ocrx_word' id='word_1_784' title='bbox 2951 5785 3197 5842; x_wconf 88' lang='lat' dir='ltr'><strong>Domine.</strong></span> 
     </span>
    </p>
   </div>
  </div>
