4142 6454
447 380 554 434 973

1662 392 2007 451 LITURGIA
2048 391 2108 446 S.
2154 393 2429 451 lGNATll.

3615 416 3719 471 974

518 495 777 564 Populus.
822 496 1002 569 Kyrie,
1039 501 1286 571 eleison;
1342 503 1523 577 Kyrie,
1553 508 1790 573 eleison;
1841 510 2021 582 Kyrie,
2058 512 2101 570 Α
2203 509 2460 579 Populus.
2495 512 2678 586 Kyrie,
2709 517 2933 574 eleison.

442 591 669 645 eleison.

516 682 773 740 Sacerdos
804 689 1009 742 elevans
1048 707 1240 746 vocem.
1283 690 1510 762 Ipseque
1552 694 1777 764 illapsus
1808 704 1862 750 et
1893 711 2023 751 san-

439 774 712 840 ctiﬁcans,
749 778 945 834 eﬁiciat
967 797 1162 851 panem
1190 784 1410 853 quidem
1434 786 1622 854 istum,
1659 804 1857 859 corpus
1888 806 2019 845 san-

435 872 586 919 ctum
614 874 667 921 et
696 870 1074 937 sanctiﬁcans;
1117 888 1318 943 corpus
1354 877 1651 944 puriﬁcans
1682 888 1735 932 et
1760 881 2021 949 prepitia—

436 958 681 1026 torium;
744 976 943 1031 corpus
998 964 1212 1021 donans
1262 967 1770 1039 incorruptionem:
1818 988 2016 1043 corpus

432 1051 652 1108 Domini
701 1054 795 1110 Dei
840 1066 893 1111 et
939 1057 1240 1115 Salvatoris
1280 1062 1452 1118 nostri
1493 1062 1621 1119 Jesu
1670 1065 1905 1134 Christi,
1948 1070 2015 1125 ad

430 1147 812 1202 remissionem
853 1160 1201 1219 peccatorum
1244 1161 1297 1208 et
1335 1154 1505 1209 vitam
1551 1165 1807 1212 aeternam
1842 1162 2014 1216 susci-

429 1236 698 1305 pientium

502 1325 766 1395 Populus.
811 1328 1004 1386 Amen.

500 1415 775 1474 Sacerdos.
826 1420 893 1476 Et
939 1424 1163 1479 calicem
1212 1427 1389 1495 hunc,
1443 1429 1641 1485 efﬁciat
1688 1436 2009 1504 sanguinem

421 1507 609 1563 vivum
643 1519 697 1566 et
726 1513 1025 1583 viviﬁcum,
1060 1520 1382 1590 sanguinem
1415 1537 1614 1592 purum
1646 1535 1702 1580 et
1728 1538 2003 1597 sanctum,

421 1602 749 1671 sanguinem
782 1606 1163 1674 purilicantem
1190 1621 1243 1665 et
1266 1614 1731 1685 sanctiﬁcantem;
1778 1623 2005 1691 sangui-

420 1707 547 1747 nem
582 1696 797 1751 Domini
840 1697 935 1753 Dei
981 1711 1034 1755 et
1066 1700 1365 1762 Salvatoris
1405 1710 1581 1764 nostri
1619 1710 1747 1767 Jesu
1778 1713 2001 1783 Christi,

417 1789 489 1843 ad
522 1791 901 1848 remissionem
926 1806 1271 1865 peccatorum
1304 1811 1356 1856 et
1386 1802 1551 1858 vitam
1582 1816 1841 1863 aeternam
1875 1825 1999 1864 sus-

415 1890 755 1958 cipientium.

486 1982 749 2048 Populus.
790 1988 963 2044 Amen

487 2074 767 2131 Sacerdos.
788 2077 898 2134 Nos
922 2081 1083 2151 igitur
1099 2082 1339 2138 illatione
1356 2086 1739 2155 mysteriorum
1764 2088 1991 2145 istorum

410 2177 728 2223 sanctorum
759 2171 905 2241 digni
930 2172 1133 2240 eﬁ‘ecti;
1172 2184 1225 2229 et
1263 2190 1356 2244 per
1389 2177 1633 2232 veritatis
1660 2180 1991 2249 agnitionem

410 2262 781 2319 illuminatum
825 2267 1088 2323 habentes
1119 2270 1318 2325 mentis
1352 2271 1573 2326 oculum
1594 2314 1610 2338 ,
1652 2288 1910 2344 rogamus
1939 2285 1993 2331 et

407 2355 783 2419 obsecramus,
822 2367 882 2411 ut
912 2359 1169 2429 mysteria
1194 2360 1307 2414 haec
1339 2362 1639 2431 proposita,
1683 2364 1794 2418 sint
1834 2366 1991 2421 nobis

404 2458 461 2502 et
498 2448 590 2502 illa
642 2449 1104 2519 suscipientibus,
1151 2452 1218 2506 ad
1264 2455 1606 2508 excitandam
1652 2456 1989 2525 vigilantiam

404 2541 624 2608 animm,
664 2543 729 2596 ad
755 2542 1045 2598 sanitatem
1079 2547 1362 2614 corporis,
1404 2547 1471 2600 ad
1512 2547 1988 2618 participationem

404 2647 592 2685 veram
631 2631 939 2701 adeptionis
986 2632 1221 2687 ﬁliorum
1248 2676 1262 2698 ,
1321 2650 1385 2689 ac
1430 2638 1984 2695 communicationem

403 2724 644 2792 Spiritus
678 2725 877 2787 sancti,
922 2725 990 2779 ad
1018 2725 1386 2781 haereditatem
1420 2730 1570 2798 regni
1606 2730 1847 2785 cmlestis
1876 2751 1887 2784 :
1918 2733 1986 2786 ad

399 2819 780 2874 remissionem
828 2819 1154 2873 delictorum
1202 2831 1255 2874 et
1307 2830 1690 2889 peccatorum,
1746 2825 1873 2893 quia
1934 2833 1986 2879 te

397 2910 555 2964 decet
578 2910 794 2965 bonitas
839 2919 893 2964 et
933 2925 1090 2964 amor
1114 2926 1242 2981 erga
1286 2911 1537 2967 homines
1562 2954 1577 2979 ,
1618 2913 1825 2983 tibique
1869 2915 1985 2984 glo-

397 3002 535 3054 riam
576 3001 862 3056 referimus
904 3011 957 3056 et
998 3002 1300 3072 gratiarum
1353 3004 1658 3072 actionem,
1707 3006 1982 3076 simulque

395 3094 679 3164 unigenito
709 3095 850 3151 Filio
873 3106 989 3162 tuo,
1013 3105 1117 3151 etc.

464 3187 723 3257 Populus.
788 3188 982 3247 Amen.

464 3277 720 3334 Sacerdos
756 3282 1062 3338 inclinatus.
1090 3283 1285 3339 Coram
1316 3293 1389 3351 te,
1439 3285 1688 3354 Domine,
1721 3288 1974 3343 obsecra-

393 3391 537 3437 mus,
580 3392 675 3445 per
721 3377 824 3431 hoc
853 3377 1186 3433 sacriﬁcium
1216 3379 1365 3449 quod
1400 3380 1701 3449 perfectum
1732 3391 1786 3436 et
1825 3399 1975 3437 com-

390 3472 592 3541 pletum
626 3482 707 3526 est
739 3487 833 3541 per
861 3470 1125 3542 Spiritum
1153 3483 1423 3539 sanctum,
1462 3490 1560 3544 pro
1602 3473 1844 3531 Ecclesia
1881 3487 1969 3531 tua

390 3575 578 3620 sancta
604 3565 883 3619 Catholica
923 3576 976 3619 et
1017 3566 1351 3636 Apostolica,
1405 3576 1466 3622 ut
1507 3578 1860 3623 conservetur
1883 3586 1971 3625 se-

390 3671 520 3711 cure
547 3667 601 3710 ct
644 3657 969 3711 inconcusse
993 3698 1007 3722 ,
1050 3674 1150 3713 nec
1188 3668 1359 3727 porta:
1406 3660 1603 3713 inferni
1642 3662 1971 3730 praevaleant

388 3750 675 3805 adversum
724 3766 866 3805 eam.
918 3750 983 3805 Et
1021 3768 1116 3821 pro
1159 3753 1407 3821 patribus
1434 3754 1639 3809 nostris
1680 3756 1884 3810 sanctis
1916 3766 1970 3811 et

386 3842 695 3896 rectoribus
732 3842 956 3907 nostris,
985 3841 1255 3911 prmeipue
1286 3857 1383 3911 pro
1414 3843 1608 3908 beatis,
1648 3842 1967 3899 Patriarcba

385 3942 576 3987 nostro
610 3933 673 3990 D.
794 3945 845 3989 et
866 3935 1133 4005 Episcopo
1170 3945 1359 3990 nostro
1388 3934 1450 3990 Ι).
1482 3934 1549 3990 N.
1589 3952 1712 3991 eum
1738 3937 1965 4007 reliquis

383 4019 667 4090 Episcopis
699 4022 1051 4080 Ortbodoxis.
1094 4026 1373 4082 Conserva
1404 4043 1498 4083 eos
1531 4028 1600 4081 ab
1638 4028 1967 4083 incursioni-

382 4112 486 4167 bus
512 4114 690 4179 malis,
728 4125 779 4169 et
806 4131 835 4169 a
868 4117 1085 4185 pascuis
1139 4118 1481 4186 perniciosis.
1529 4118 1635 4175 Pro
1655 4118 1964 4177 Sacerdoti-

382 4205 487 4260 bus
533 4214 587 4260 et
632 4206 928 4273 Diaconis,
982 4210 1243 4279 omnique
1302 4211 1493 4266 ordine
1548 4212 1960 4279 ecclesiastico,

380 4316 828 4371 unumquemque
875 4318 1210 4357 conservans
1274 4305 1328 4359 in
1380 4320 1457 4363 ea.
1506 4307 1795 4363 vocatione
1855 4324 1964 4377 qua

378 4401 606 4447 vocatus
642 4404 742 4459 est,
788 4394 994 4464 absque
1023 4395 1270 4464 crimine,
1309 4405 1364 4451 et
1398 4401 1767 4456 accusatione.
1801 4400 1962 4456 Mise-

377 4499 498 4539 rere
522 4485 684 4539 etiam
710 4485 989 4539 tenuitatis
1016 4502 1150 4542 mea:
1176 4490 1477 4545 secundum
1504 4493 1958 4555 misericordiam,

2199 601 2456 659 Sacerdos
2482 607 2685 662 elevans
2709 626 2902 665 vocem.
2930 610 2995 666 Et
3017 628 3302 682 conserva,
3334 616 3586 687 Domine,
3618 637 3717 690 po-

2128 696 2313 763 pulum
2348 708 2500 753 tuum
2527 701 2764 769 lidelem,
2793 712 2845 758 et
2870 704 3042 760 libera
3069 722 3169 762 nos
3199 709 3267 763 ab
3301 712 3560 767 omnibus
3592 730 3713 766 ma-

2126 785 2264 840 culis
2289 795 2341 841 et
2373 790 2537 845 naevis
2561 794 2788 860 peccati,
2813 803 2867 849 et
2891 796 2960 850 ab
2977 798 3125 851 omni
3157 814 3354 868 genere
3377 802 3707 871 aﬁlicliouis,

2122 882 2176 929 et
2202 878 2698 937 machinationibus
2726 884 2885 941 malis
2931 896 2984 941 et
3025 889 3348 957 perniciosis
3395 891 3707 949 daemonum

2120 979 2172 1024 et
2206 970 2490 1025 hominum
2539 991 2796 1045 nequam,
2841 988 2896 1033 et
2929 980 2997 1034 ab
3028 981 3284 1037 omnibus
3310 982 3592 1040 doloribus
3622 987 3707 1040 in-

2120 1062 2531 1127 tolerabilibus;
2578 1081 2610 1119 a
2656 1068 2941 1138 tyrannide
2975 1072 3245 1141 capitibus
3282 1076 3484 1131 nostris
3527 1078 3706 1147 impo-

2118 1153 2242 1218 sita,
2295 1164 2349 1210 et
2397 1159 2790 1215 tentationibus
2835 1163 3175 1231 gravissimis
3209 1179 3310 1219 nos
3340 1166 3521 1236 eripe:
3551 1178 3605 1222 et
3633 1170 3701 1225 da

2115 1247 2294 1312 nobis,
2349 1258 2410 1302 ut
2448 1265 2572 1304 cum
2605 1263 2802 1307 ornatu
2837 1270 3064 1325 operum
3109 1256 3379 1311 bonorum
3421 1269 3475 1312 et
3514 1259 3702 1315 beato-

2112 1351 2257 1404 rum,
2290 1340 2663 1409 ingrediamur
2689 1346 2741 1399 in
2772 1348 3085 1401 sanetuaria
3112 1357 3204 1403 tua
3236 1361 3445 1418 sancta,
3480 1362 3533 1407 et
3562 1369 3701 1423 prte-

2112 1427 2259 1481 clare
2285 1431 2620 1499 gaudeamus
2656 1435 2815 1490 donis
2862 1438 3262 1507 spiritualibus,
3308 1451 3362 1496 et
3398 1444 3562 1498 simul
3609 1461 3699 1500 sa-

2111 1520 2420 1576 criﬁcemus
2466 1524 2568 1578 tibi
2629 1528 2897 1582 sacriﬁcia
2947 1532 3345 1600 dcceptabilia,
3390 1544 3444 1588 et
3486 1536 3694 1591 indesi-

2108 1621 2298 1666 nenter
2315 1615 2519 1683 gratias
2551 1632 2779 1687 agamus
2810 1620 2906 1675 tibi
2927 1630 2981 1677 et
3005 1624 3286 1696 unigenito
3316 1624 3455 1681 Filio
3488 1636 3602 1683 tuo.

2176 1704 2437 1773 Populus.
2470 1708 2662 1763 Amen.

2177 1796 2437 1853 Sacerdos
2466 1801 2775 1857 inclinatus.
2807 1802 3078 1860 Memento
3116 1806 3364 1873 Domine,
3395 1825 3694 1881 congrega‘

2028 1871 2073 1927 Β
2101 1891 2264 1947 tionis
2279 1893 2442 1963 huius
2458 1896 2753 1953 benedictae
2769 1900 3109 1955 adorantium
3131 1911 3199 1969 te,
3215 1919 3335 1973 quae
3353 1918 3476 1958 cum
3497 1905 3692 1962 timore

2097 1991 2153 2037 et
2181 1984 2286 2039 ﬁde
2319 1985 2373 2037 in
2392 1994 2462 2051 te,
2484 1996 2590 2042 stat
2619 2004 2807 2044 coram
2833 2000 2884 2045 te
2907 2011 2919 2045 :
2942 2002 2997 2047 et
3022 1994 3263 2061 illorum,
3292 1997 3383 2065 qui
3407 1998 3688 2057 orationes

2097 2078 2429 2134 inﬁrmitatis
2454 2089 2653 2136 nostra:
2673 2084 2969 2152 postulant.
2991 2082 3284 2151 Memento,
3308 2086 3553 2155 Domine,
3569 2106 3687 2145 οων

2097 2173 2247 2227 nium
2292 2172 2618 2242 generaliter
2643 2216 2658 2239 ,
2713 2181 2769 2230 et
2810 2177 3242 2249 uniuscujusque
3292 2182 3639 2252 singulariter
3664 2224 3683 2250 ,

2094 2263 2241 2333 quod
2297 2263 2431 2331 ipsis
2472 2263 2827 2333 adjumento,
2876 2269 3358 2339 necessariumque
3413 2288 3534 2327 esse
3586 2289 3685 2343 po-

2092 2363 2220 2419 test,
2252 2354 2577 2409 concedens.
2625 2352 2825 2411 Eorum
2856 2358 3019 2412 etiam
3064 2361 3157 2429 qui
3192 2362 3448 2429 praeclare
3490 2373 3680 2435 agunt,

2091 2455 2145 2501 et
2183 2447 2277 2516 qui
2329 2448 2640 2515 producunt
2706 2446 2921 2503 fructus
2975 2448 3233 2505 Ecclesiae
3280 2461 3387 2506 tua:
3434 2464 3676 2521 sanctae;

2090 2553 2280 2593 eorum
2313 2540 2476 2593 etiam
2508 2541 2603 2609 qui
2630 2540 2937 2597 oblationes
2970 2543 3286 2598 obtulerunt
3335 2560 3443 2598 non
3485 2546 3680 2600 oblivia

2090 2646 2276 2686 scere:
2312 2639 2366 2684 et
2412 2631 2650 2698 illorum,
2697 2632 2791 2701 qui
2819 2631 3014 2688 offerre
3041 2633 3333 2688 voluerunt
3360 2642 3414 2689 et
3443 2649 3553 2689 non
3580 2650 3680 2705 po-

2089 2731 2331 2787 tuerunt,
2370 2724 2677 2778 recordare.

2157 2815 2417 2885 Populus.
2452 2814 2637 2886 Kyrie,
2680 2817 2907 2872 cleison.

2158 2906 2414 2962 Sacerdos
2445 2908 2649 2962 elevans
2672 2921 2867 2965 vocem.
2891 2907 3137 2980 Suscipe,
3170 2910 3418 2979 Domine,
3446 2912 3676 2968 oblatio-

2086 3015 2204 3065 nes,
2246 3000 2487 3055 decimas
2513 3009 2568 3055 et
2595 3001 2889 3070 primitias,
2933 3000 3257 3072 fructusque
3293 3005 3465 3074 pacis,
3503 3006 3678 3060 sacri--

2084 3092 2333 3147 liciorum
2386 3106 2669 3148 servorum
2708 3103 2924 3148 tuorum
2976 3094 3029 3147 in
3073 3095 3293 3149 odorem
3338 3097 3626 3153 suavitatis
3652 3136 3671 3160 .

2084 3195 2139 3241 et
2175 3186 2419 3241 retribue
2462 3198 2624 3256 atque
2659 3186 2817 3240 mitte
2850 3186 3029 3251 nobis,
3082 3202 3116 3240 ο
3166 3188 3465 3243 retributor
3507 3190 3669 3254 bone,

2085 3279 2315 3348 gratiam
2351 3279 2644 3343 donorum,
2677 3278 3202 3349 amplitudinemque
3232 3296 3519 3335 munerum
3549 3298 3672 3351 quae

2083 3372 2149 3425 ad
2205 3371 2469 3425 auxilium
2524 3380 2774 3426 nostrum
2825 3379 3110 3441 spectant,
3168 3372 3672 3444 abundantiamque

2083 3472 2414 3518 aeternorum
2454 3462 2760 3525 bonorum,
2811 3462 3008 3516 divites
3047 3476 3148 3516 nos
3197 3471 3251 3515 et
3303 3464 3423 3519 illos
3462 3463 3669 3520 faciens

2081 3554 2338 3624 operibus
2384 3552 2621 3622 pietatis,
2660 3562 2714 3608 et
2740 3553 2996 3622 justitiae:
3027 3555 3406 3609 communiens
3437 3571 3538 3610 nos
3570 3572 3669 3611 cu-

2080 3644 2272 3701 stodiis
2317 3646 2612 3715 angelicis,
2657 3653 2710 3699 et
2757 3660 2853 3714 per
2903 3644 3305 3701 confessionem
3346 3646 3666 3702 immacula-

2078 3751 2188 3796 tam
2229 3749 2283 3795 et
2326 3740 2715 3811 apostolicam:
2762 3739 2891 3810 quia
2922 3748 2976 3792 tu
3015 3741 3334 3809 magnilicus
3369 3742 3425 3794 in
3470 3758 3666 3796 mune-

2075 3832 2229 3889 ribus
2272 3848 2354 3897 es,
2411 3832 2616 3902 tibique
2658 3831 2889 3901 gloriam
2935 3838 2989 3884 et
3035 3831 3333 3901 gratiarum
3389 3832 3662 3888 actionem

2075 3925 2390 3993 referimus,
2422 3935 2476 3980 et
2509 3926 2789 3995 unigenito
2812 3924 2949 3980 Filio
2972 3935 3088 3988 tuo,
3124 3933 3180 3980 et
3210 3924 3433 3995 Spiritui
3472 3936 3662 3982 sancto

2074 4029 2187 4075 tuo.

2144 4109 2405 4182 Populus.
2455 4112 2653 4167 Amen.

2143 4205 2403 4261 Sacerdos
2450 4206 2761 4258 inclinatus.
2809 4203 3098 4270 Memento,
3157 4203 3403 4271 Domine,
3446 4204 3657 4277 Regum

2070 4297 2311 4352 ﬁdelium
2355 4293 2820 4361 Orthodoxorum,
2865 4305 2919 4350 et
2960 4296 3186 4365 pacilira
3231 4296 3519 4365 imperium
3562 4312 3657 4352 eo—

2068 4405 2231 4455 rum,
2282 4398 2337 4444 et
2384 4390 2452 4444 da
2487 4389 2592 4444 illis
2636 4397 2700 4444 ut
2738 4387 2986 4445 subditos
3024 4388 3128 4444 sibi
3178 4391 3482 4458 gubernem
3529 4404 3654 4443 cum

2070 4477 2345 4548 aequitate.

376 4586 431 4631 et
459 4578 828 4644 clementiam,
862 4596 1038 4651 neque
1064 4582 1227 4637 simul
1259 4585 1454 4653 perdas
1486 4602 1573 4641 me
1601 4603 1725 4642 eum
1756 4588 1961 4658 iniqui-

2138 4567 2398 4640 Populus.
2444 4564 2626 4641 Kyrie,
2657 4568 2886 4650 eleison.

375 4672 579 4727 tatibus
621 4674 781 4741 meis,
824 4676 920 4730 sed
949 4676 1145 4732 exhibe
1178 4692 1306 4748 erga
1340 4692 1429 4731 me
1456 4679 1754 4735 bonitatem
1788 4689 1958 4749 tuam,

374 4767 628 4834 quamvis
668 4768 771 4821 sim
807 4768 1101 4840 indignus:
1149 4772 1299 4825 salva
1330 4787 1417 4826 me
1444 4774 1746 4828 secundum
1775 4775 1962 4829 multi-

374 4859 617 4913 tudinem
659 4859 1045 4916 misericordiae
1075 4871 1201 4926 tuae,
1245 4870 1305 4918 ut
1337 4879 1433 4933 per
1457 4865 1639 4919 omnia
1662 4865 1957 4936 gloriﬁcem

372 4964 425 5009 te
462 4953 719 5009 omnibus
747 4954 941 5009 diebus
976 4954 1100 5009 vita:
1127 4972 1290 5012 meat:
1328 4967 1389 5011 ut
1426 4974 1458 5013 a
1487 4959 1721 5014 terrenis
1747 4960 1956 5029 cogita-

374 5046 617 5101 tionibus
628 5061 715 5099 me
733 5058 1034 5113 removeas,
1065 5064 1344 5120 purusque
1361 5060 1416 5105 et
1442 5051 1669 5117 nitidus,
1685 5064 1735 5106 et
1751 5052 1959 5122 absque

370 5140 587 5194 macula
628 5140 731 5195 sim
756 5180 770 5203 ,
812 5147 865 5192 et
905 5139 1046 5194 sicut
1089 5140 1385 5209 vigilantia:
1425 5142 1477 5195 in
1519 5144 1826 5198 ministerio
1867 5160 1956 5197 re—

370 5233 587 5301 quisita:
608 5233 882 5298 convenit,
921 5240 1108 5287 sancte
1134 5241 1361 5287 tractem
1392 5234 1507 5289 haec
1532 5236 1808 5305 mysteria.
1848 5234 1955 5289 Pro

370 5327 478 5380 illis
523 5328 690 5381 etiam
730 5327 823 5398 qui
864 5326 1211 5380 inﬁrmantur
1250 5340 1497 5394 corpore,
1544 5336 1598 5381 et
1636 5328 1851 5395 anima,
1902 5338 1957 5384 ct

366 5435 468 5490 pro
510 5421 618 5474 illis
662 5419 889 5489 reliquis
935 5420 1031 5489 qui
1078 5420 1132 5473 in
1187 5419 1602 5490 purgationibus
1656 5419 1951 5485 timendis,

367 5512 626 5581 periculis
650 5514 857 5569 scilicet
894 5514 1216 5582 exsiliisque
1249 5522 1565 5577 versantur,
1601 5522 1661 5567 ut
1688 5513 1796 5568 illis
1831 5516 1954 5583 qui-

367 5602 489 5656 dem
523 5604 837 5666 sanitatem,
882 5613 935 5658 et
966 5604 1405 5673 respirationem,
1450 5603 1568 5658 istis
1614 5618 1745 5658 vero
1788 5604 1952 5658 liber-

368 5702 532 5749 tatem
565 5704 620 5749 et
652 5695 1028 5751 liberationem
1068 5695 1359 5751 concedas.
1402 5695 1635 5751 Benedic
1668 5696 1829 5749 etiam
1866 5712 1953 5751 co-

367 5801 517 5841 ronae
555 5788 685 5841 anni
736 5803 833 5857 per
877 5788 1266 5859 benignitatem
1315 5797 1497 5855 tuam;
1546 5789 1687 5843 aeris
1731 5804 1952 5862 quoque

364 5891 416 5935 et
441 5881 687 5937 omnium
716 5891 876 5938 terra:
896 5882 1183 5948 fructuum,
1205 5894 1470 5955 perpetuo
1499 5882 1808 5940 recordare.

2136 4681 2393 4737 Sacerdos
2443 4682 2646 4735 elevans
2695 4695 2892 4733 vocem.
2962 4677 3262 4742 Defensor,
3308 4688 3363 4733 et
3411 4679 3653 4735 salvator

2062 4783 2200 4839 esto,
2228 4774 2476 4842 Domine,
2508 4772 2764 4827 Ecclesiae
2788 4781 2893 4827 tua:
2921 4780 3144 4835 sanctae,
3164 4778 3217 4825 et
3242 4771 3498 4827 omnibus
3528 4774 3650 4826 ovi-

2063 4867 2167 4923 bus
2203 4867 2579 4937 spiritualibus
2604 4880 2822 4935 pascuae
2851 4875 2986 4932 tuae;
3017 4874 3070 4919 et
3104 4864 3251 4919 salva
3284 4880 3385 4920 nos
3409 4881 3505 4935 per
3530 4867 3647 4922 ἴοι·-

2061 4960 2345 5015 titudinem
2372 4968 2542 5024 tuam,
2580 4957 2669 5012 cui
2700 4956 2835 5009 nihil
2865 4954 3204 5025 impossibile
3231 4965 3337 5019 est,
3388 4956 3458 5010 ab
3495 4957 3647 5011 omni

2059 5051 2204 5107 fame
2245 5052 2479 5117 acerba,
2533 5049 2863 5104 mortalitate
2913 5048 3258 5117 perniciosa,
3311 5062 3343 5100 a
3391 5047 3549 5104 bellis
3592 5058 3647 5104 et

2060 5143 2429 5209 tumultibus,
2496 5158 2527 5196 a
2586 5139 3058 5210 persecutionibus
3102 5139 3439 5204 exitialibus,
3477 5149 3532 5195 et
3589 5142 3642 5194 in

2058 5235 2449 5304 tranquillitate
2476 5242 2531 5289 et
2569 5248 2702 5301 pace
2753 5232 2996 5301 guberna
3037 5246 3140 5286 nos
3176 5247 3301 5286 cum
3334 5246 3488 5297 cura,
3521 5249 3644 5286 om-

2058 5331 2221 5386 nibus
2252 5330 2445 5384 diebus
2468 5328 2591 5382 vita:
2628 5336 2854 5392 nostrm,
2903 5325 3031 5395 quia
3068 5340 3179 5379 non
3213 5333 3297 5379 est
3330 5326 3491 5380 nobis
3517 5342 3643 5395 spes

2056 5420 2162 5474 alia
2195 5419 2424 5474 salutem
2456 5415 2847 5486 consequendi,
2886 5415 2993 5469 nisi
3040 5415 3095 5469 in
3138 5426 3209 5479 te,
3243 5413 3493 5469 Domine.
3540 5415 3643 5470 De-

2057 5524 2205 5568 strue
2234 5513 2399 5567 etiam
2422 5528 2515 5582 per
2545 5510 2841 5581 potentiam
2874 5518 3045 5572 tuam,
3082 5509 3379 5578 potentiam
3407 5508 3631 5563 illorum

2055 5605 2147 5675 qui
2185 5614 2330 5660 stant
2359 5605 2647 5658 adversum
2669 5602 2956 5671 imperium
2988 5611 3164 5664 tuum,
3191 5607 3245 5654 et
3278 5614 3639 5669 unumquem-

2053 5712 2159 5765 que
2204 5695 2414 5765 subjice
2460 5694 2707 5750 servituti
2752 5694 2993 5749 nominis
3031 5694 3109 5759 tui
3154 5692 3330 5748 sancti
3360 5710 3373 5745 :
3403 5691 3529 5760 quia
3579 5698 3637 5745 tu

2052 5790 2228 5845 victor
2258 5805 2338 5855 es,
2372 5798 2426 5845 et
2465 5789 2693 5844 bellator
2722 5789 2893 5855 solus,
2946 5798 2999 5844 et
3034 5788 3127 5844 tibi
3160 5786 3385 5859 gloriam
3416 5792 3472 5839 et
3506 5798 3636 5855 gra-

2056 5883 2252 5939 tiarum
2283 5882 2553 5939 actionem
2581 5880 2894 5938 referimus.
