4142 6380
524 356 631 411 975

600 470 853 540 Papulas.
888 469 1078 524 Amcn.

597 562 855 617 Sacerdos
878 563 1184 617 inclinatus.
1215 563 1747 629 Commemorantes,
1786 567 2105 620 memoriam

524 655 737 722 agimus
762 668 943 707 coram
987 661 1057 720 te,
1106 654 1355 720 Domine,
1409 665 1463 709 et
1504 657 1567 709 ad
1618 656 2015 711 obsecrandum
2059 667 2107 711 te

524 746 883 811 adducimus,
936 745 1173 815 primum
1231 747 1447 816 quidem
1504 757 1746 803 sanctam
1788 748 2103 816 genitricem

524 834 616 889 Dei
658 834 904 904 Mariam,
949 848 1001 891 et
1048 854 1439 908 praecursorem
1484 837 1747 893 Joannem
1784 838 2103 907 Baptistam,

526 924 863 993 Stephanum
912 928 1150 996 primum
1197 927 1582 993 Diaconorum,
1612 939 1665 983 et
1708 938 2105 1002 prato-marty—

524 1034 661 1083 rem,
720 1033 1025 1091 agmenque
1065 1030 1380 1077 sanctorum
1422 1020 1839 1092 Prophetarum,
1873 1023 2107 1095 Aposto-

523 1110 741 1177 lorum,
800 1111 1134 1184 Martyrum,
1181 1116 1571 1170 Confessorum
1622 1128 1673 1171 et
1728 1117 2061 1187 reliquorum
2089 1161 2102 1184 ,

523 1222 757 1276 quorum
789 1208 1008 1260 nomina
1042 1210 1240 1278 scripta
1268 1219 1395 1263 sunt
1424 1210 1477 1261 in
1512 1210 1650 1263 libro
1680 1210 1819 1263 vitm.

594 1297 853 1367 Pupulus.
897 1297 1080 1369 Kyrie,
1106 1300 1307 1355 eleison

594 1388 854 1445 Sacerdos
877 1390 1080 1445 elevans
1106 1408 1297 1447 vocem.
1336 1391 1405 1446 Ut
1441 1394 1853 1463 deprecationes
1888 1394 2103 1449 illorum

525 1487 769 1545 tuorum,
800 1478 1012 1549 placide
1043 1482 1369 1552 suscipiens,
1403 1486 1678 1540 orationes
1702 1501 1891 1541 eorum
1924 1496 2107 1556 gratas

522 1573 711 1642 pietati
739 1582 845 1627 tuac
877 1584 1147 1643 acceptes.
1188 1572 1297 1629 Nos
1332 1592 1551 1647 quoque
1581 1578 1913 1648 conjunctim
1947 1579 2107 1633 obse-

523 1666 825 1721 crationem
869 1667 1241 1737 imperfectam
1277 1679 1556 1735 nostram,
1608 1687 1796 1726 coram
1840 1682 1891 1727 te
1940 1671 2105 1726 simul

522 1758 852 1815 effundimus
879 1801 894 1825 ,
948 1775 1315 1831 rogamusque
1359 1771 1411 1816 et
1464 1763 1856 1832 deprecamur,
1895 1773 1953 1818 ut
1994 1780 2105 1819 non

523 1860 738 1905 avertas
764 1850 953 1906 faciem
982 1860 1128 1906 tuam
1153 1869 1183 1906 a
1217 1854 1395 1919 nobis,
1430 1870 1605 1924 neque
1636 1856 1687 1909 in
1723 1856 1802 1909 ira
1833 1856 2104 1927 elongeris
2136 1830 2178 1885 Β

522 1958 552 1995 a
587 1943 775 1999 nobis:
823 1961 931 1998 non
985 1946 1037 1998 in
1086 1944 1269 2000 furore
1300 1955 1396 2000 tuo
1422 1947 1705 2017 disperdas
1747 1964 1866 2013 nos,
1912 1964 2103 2003 verum

524 2039 823 2093 secundum
858 2040 1288 2095 benevolentiam
1323 2051 1472 2096 tuam
1506 2042 1723 2111 posside
1753 2059 1873 2107 nos,
1920 2052 1972 2097 et
2010 2060 2106 2113 per

522 2132 912 2186 abundantiam
952 2132 1215 2187 bonitatis
1263 2142 1388 2199 tuae,
1430 2150 1591 2203 parce
1622 2133 1802 2189 nobis.
1852 2134 2104 2190 lllumina

519 2225 731 2279 vultum
767 2234 920 2280 tuum
968 2241 1132 2295 super
1174 2241 1294 2292 nos,
1341 2234 1394 2280 et
1442 2242 1605 2296 super
1634 2243 1850 2281 onmem
1892 2227 2105 2297 plebem

522 2318 855 2373 haereditatis
886 2327 1011 2384 tute,
1054 2319 1181 2388 quia
1214 2318 1310 2372 tibi
1346 2320 1517 2389 placet
1552 2320 1781 2374 salutem
1824 2330 2103 2390 praestare,

519 2415 573 2462 et
602 2418 694 2463 tua
724 2420 805 2463 est
835 2425 941 2480 pax
973 2418 1028 2464 et
1066 2410 1248 2465 salus:
1296 2411 1504 2481 tibique
1547 2412 1776 2483 gloriam
1813 2425 1867 2467 et
1905 2414 2106 2483 gratia-

522 2516 642 2553 rum
675 2501 944 2555 actionem
983 2501 1282 2569 oﬁ‘erimus,
1322 2513 1377 2557 et
1408 2504 1688 2573 unigenito
1719 2503 1857 2559 Filio
1890 2515 2002 2558 tuo.

594 2588 848 2660 Populus.
890 2594 1082 2647 Amen.

594 2683 851 2740 Sacerdos
873 2686 1182 2741 inclinatus.
1206 2688 1475 2743 Memento
1506 2689 1689 2755 etiam,
1720 2687 1970 2755 Domine,
1999 2688 2105 2745 Pa»

521 2788 665 2832 trum
712 2778 1007 2833 electorum
1058 2793 1110 2834 et
1162 2794 1501 2848 sanctorum,
1539 2780 2007 2851 Patriarcharum,
2054 2794 2109 2839 et

522 2886 710 2924 eorum
735 2870 826 2940 qui
855 2871 1176 2941 interpretes
1208 2884 1261 2929 et
1292 2874 1526 2929 ministri
1565 2874 1788 2929 fuerunt
1818 2879 2107 2947 mysterio-

522 2977 645 3014 rum
676 2976 958 3015 sacrorum
992 2962 1245 3018 Ecclesia:
1283 2975 1388 3019 tuae
1430 2977 1659 3020 sanctas:
1703 2967 1938 3023 maxime
1981 2984 2107 3023 vero

523 3054 737 3121 lgnatii.
766 3054 1028 3125 Dionysii,
1069 3054 1222 3122 Julii,
1258 3056 1562 3123 Athanasii,
1595 3057 1803 3125 Basilii,
1833 3058 2103 3130 Gregorii,

526 3141 790 3210 Dioscori,
842 3142 1060 3211 Severi,
1103 3146 1437 3215 reliquorum
1477 3148 1861 3219 Apostolorum
1907 3160 1960 3203 et
2003 3146 2101 3204 Pa-
2132 3180 2173 3234 ε

524 3244 757 3298 storum,
787 3236 881 3305 qui
918 3236 983 3291 ad
1020 3246 1069 3291 te
1104 3239 1494 3309 migraverunt.

595 3327 853 3395 Populus.
885 3328 1068 3400 Kyrie,
1108 3330 1337 3389 eleison.

595 3420 853 3475 Sacerdos
903 3424 1108 3479 elevans
1138 3443 1330 3480 vocem.
1378 3427 1655 3495 Doctores,
1696 3428 2013 3501 Episcopos,
2051 3444 2104 3487 et

523 3522 763 3569 rectores
789 3516 969 3570 ovium
1004 3517 1392 3586 spiritualium,
1419 3536 1640 3591 gregum
1674 3530 1891 3576 tuorum
1923 3540 2106 3579 sacer«

525 3602 788 3658 dotalium
820 3607 1055 3677 suscipe,
1101 3606 1349 3675 Domine,
1393 3619 1446 3663 et
1480 3626 1574 3664 eos
1609 3611 1703 3681 qui
1733 3628 1857 3667 cum
1899 3615 2105 3670 sancti-

527 3702 634 3749 tate
683 3696 996 3765 primitias,
1036 3714 1187 3753 more
1243 3702 1580 3770 apostolico,
1628 3716 1886 3773 ceperunt
1936 3706 2106 3762 haere-

524 3786 712 3843 ditatis
757 3789 996 3858 paeiﬁcaa
1024 3832 1039 3857 ,
1084 3790 1437 3863 Theologiam
1507 3796 1713 3851 scilicet
1778 3799 2103 3868 acquisitam

525 3881 792 3950 sanguine
820 3882 1043 3936 salutari
1078 3882 1280 3938 Christi
1314 3888 1577 3957 unigeniti
1611 3887 1733 3942 Filii
1759 3891 1870 3943 tui:
1916 3907 2105 3947 eorum

527 3970 619 4038 qui
666 3971 720 4024 in
760 3970 1020 4028 Ecclesiis
1068 3974 1174 4029 tuis
1204 3978 1408 4032 sanctis
1448 3980 1859 4037 exnlicaverunt
1898 3985 2105 4050 verbis,

525 4063 755 4133 gloriam
791 4066 1204 4135 magniﬁcentiae
1242 4071 1392 4139 regni
1440 4072 1517 4125 tui
1563 4072 1820 4142 gloriosi,
1862 4085 1916 4130 et
1944 4090 2107 4147 super

526 4153 943 4210 fundamentum
982 4157 1106 4212 ﬁdei
1136 4160 1540 4215 aediﬁcaverunt
1569 4164 1852 4220 scientiam
1890 4168 2108 4223 univer-

528 4261 645 4299 sam
693 4262 833 4301 verte
870 4248 1188 4318 religionis,
1243 4249 1627 4323 salubremque
1666 4255 2009 4313 doctrinam:
2051 4268 2105 4314 ut

528 4353 623 4406 per
668 4338 1087 4395 intercessiones
1138 4357 1328 4396 eorum
1380 4359 1545 4413 puras
1602 4355 1655 4401 et
1706 4350 2104 4420 acceptabiles,

530 4429 791 4495 Domine,
843 4447 947 4486 non
1004 4433 1279 4503 relinquas
1330 4451 1431 4491 nos
1474 4440 1751 4507 expositos
1803 4442 2018 4499 insidiis
2054 4457 2105 4501 et

1813 354 2143 412 LITURGIA
2195 356 2251 411 S.
2303 354 2579 411 lCNATlI.

2134 482 2180 533 Α
2282 472 2539 527 Sacerdos
2568 468 2771 524 elevans
2799 485 2990 523 vocem.
3025 466 3240 522 Placide
3269 474 3322 521 et
3352 468 3642 536 tranquille
3667 483 3795 525 sus-

3688 351 3796 405 9'76

2210 566 2328 635 cipe
2378 581 2474 636 per
2522 563 2913 632 benignitatem
2957 571 3144 627 tuam,
3196 561 3444 628 Domine,
3482 562 3695 617 animas
3740 572 3796 618 et

2210 657 2435 726 spiritus
2472 669 2754 709 servorum
2798 661 2852 709 et
2893 653 3247 708 adoratorum
3306 662 3527 708 tuorum
3592 655 3685 724 qui
3726 668 3795 709 ex

2210 748 2310 801 hac
2341 745 2590 817 przesenti
2623 746 2731 800 vita
2759 728 2827 799 ad
2862 755 2912 801 te
2947 745 3347 815 migraverunt:
3388 743 3626 799 maxime
3664 759 3801 800 vero

2210 839 2422 893 illorum
2468 850 2567 908 pro
2618 838 2818 908 quibus
2864 848 2918 893 et
2964 854 3060 909 per
3118 852 3259 908 quos
3308 836 3637 893 sacriﬁcium
3689 837 3798 891 hoc

2208 931 2447 984 oblatum
2481 938 2535 984 et
2562 929 2857 1000 perfectum
2882 938 2985 985 est.
3016 929 3288 985 Memento
3311 944 3524 993 eorum,
3556 929 3794 997 quietem

2209 1022 2316 1077 illis
2351 1030 2571 1091 praesta,
2617 1031 2670 1076 et
2701 1022 2908 1077 colloca
2951 1038 3048 1077 eos
3084 1022 3138 1076 in
3180 1021 3511 1077 habitaculis
3538 1022 3699 1087 lucis,
3738 1022 3795 1075 in

2208 1116 2344 1170 locis
2384 1116 2675 1185 spirituum
2728 1114 3011 1169 beatorum
3039 1158 3053 1183 ,
3104 1115 3159 1169 in
3200 1113 3505 1170 Jerusalem
3561 1116 3793 1181 cmlesti,

2210 1208 2263 1261 in
2290 1206 2531 1262 Ecclesia
2559 1208 3046 1277 primogenitorum
3091 1209 3488 1279 descriptorum
3527 1212 3580 1265 in
3612 1212 3793 1275 cmlis,

2208 1296 2641 1366 memoriamque
2688 1306 2743 1351 et
2812 1297 3050 1366 quietem
3105 1299 3341 1353 maxime
3396 1300 3648 1364 felicem,
3700 1317 3794 1369 per

2209 1402 2450 1442 amorem
2486 1397 2636 1442 tuum
2665 1403 2792 1458 erga
2817 1388 3066 1443 homines
3097 1397 3362 1459 praestans
3387 1390 3516 1456 illis,
3542 1390 3791 1457 Domine,

2207 1483 2443 1537 concede
2473 1481 2581 1536 illis
2610 1480 2779 1535 vitam
2811 1483 2947 1537 senii
2971 1492 3269 1553 expertem,
3305 1483 3444 1537 bona
3475 1494 3583 1537 non
3613 1492 3795 1537 trans-

2206 1576 2432 1641 euntia,
2487 1583 2541 1629 et
2587 1574 2811 1630 delicias
2861 1570 3024 1630 ﬁnem
3077 1590 3188 1632 non
3230 1576 3509 1630 habentes.
3565 1574 3794 1630 Veniam

2207 1666 2491 1722 obtineant
2539 1679 2635 1734 per
2675 1666 3023 1719 clementiam
3070 1673 3257 1720 tuam:
3313 1666 3549 1735 quietem
3594 1678 3795 1719 conse-

2207 1770 2447 1832 quantur
2502 1774 2597 1829 per
2651 1759 3084 1814 misericordiam
3132 1766 3326 1813 tuam:
3386 1758 3799 1814 abscondantur

2209 1855 2312 1911 sub
2351 1854 2451 1908 alis
2494 1852 2680 1924 gratiae
2735 1861 2874 1915 tute,
2922 1868 3097 1924 neque
3143 1852 3621 1907 condemnentur:
3665 1854 3797 1923 quia

2208 1953 2565 2016 speraverunt
2604 1945 2659 1997 in
2704 1954 2779 2008 te,
2822 1952 2877 1999 et
2917 1944 2970 1998 in
3004 1944 3340 2017 unigenitum
3373 1943 3571 1999 Filium
3614 1956 3793 2009 tuum,

2206 2054 2303 2107 per
2327 2053 2489 2107 quem
2520 2048 2620 2092 nos
2646 2051 2864 2108 quoque
2896 2051 3184 2107 speramus
3206 2035 3641 2094 misericordiam
3670 2053 3798 2093 con-

2208 2130 2384 2199 sequi,
2417 2139 2521 2185 etc.

2272 2220 2529 2291 Populus.
2568 2221 2816 2289 Quietem
2846 2230 3064 2293 praesta.

2280 2313 2539 2370 Sacerdos
2590 2315 2901 2370 inclinatus.
2959 2314 3164 2380 Parce,
3229 2314 3459 2370 Domine
3501 2314 3678 2381 Dens,
3742 2325 3798 2371 et

2206 2404 2418 2461 dimitte
2448 2421 2640 2461 omnes
2674 2406 2990 2478 iniquitates
3021 2418 3268 2473 nostras,
3317 2417 3373 2463 et
3407 2410 3647 2476 illorum,
3696 2426 3795 2465 ne-

2206 2514 2313 2569 que
2343 2499 2465 2555 illas
2494 2500 2752 2571 imputes,
2780 2501 2907 2571 quia
2933 2518 3037 2557 non
3060 2502 3395 2571 justiﬁcatur
3420 2504 3475 2558 in
3500 2512 3796 2574 conspectu

2208 2601 2301 2645 tuo
2326 2592 2506 2647 omnis
2535 2594 2739 2660 vivens,
2768 2609 2945 2663 neque
2977 2594 3121 2648 ullus
3150 2604 3232 2649 est
3261 2611 3430 2665 purus
3458 2612 3487 2651 a
3516 2598 3794 2662 sordibus,

2207 2692 2260 2737 et
2288 2684 2515 2739 maculis
2545 2686 2777 2753 peccati,
2808 2686 2911 2740 nisi
2940 2692 3021 2751 tu,
3050 2684 3297 2740 Domine.
3343 2682 3712 2745 Obsecramus
3739 2699 3795 2743 et

2207 2775 2565 2845 deprecamur
2609 2776 2866 2848 abyssum
2910 2777 3436 2846 imperscrutabilem
3493 2782 3796 2837 clementia:

2209 2872 2336 2929 ture,
2370 2876 2426 2920 ut
2459 2868 2615 2922 nobis
2647 2868 2905 2934 inﬁrmis,
2951 2876 3005 2923 et
3046 2870 3109 2922 ad
3154 2880 3432 2939 peccaturo
3483 2875 3791 2944 prepensis,

2209 2958 2422 3012 veniam
2477 2960 2748 3015 concedas
2792 2976 2886 3030 per
2933 2962 3369 3019 misericordiam
3401 2972 3573 3032 tuam,
3617 2982 3796 3038 neque

2208 3049 2453 3105 dimittas
2499 3066 2599 3105 nos
2647 3051 2700 3105 in
2752 3052 3008 3108 manibus
3056 3069 3085 3107 a
3124 3055 3326 3123 quibus
3363 3056 3698 3126 abripiamur
3738 3060 3793 3115 in

2208 3157 2449 3195 errorem
2478 3144 2868 3212 perniciosum,
2898 3146 3115 3215 quinos
3141 3146 3207 3201 ad
3237 3148 3517 3203 interitum
3538 3149 3790 3206 deducat.

2212 3232 2316 3289 Sed
2349 3236 2588 3292 concede
2628 3246 2688 3291 ut
2714 3238 3030 3309 gradiamur
3058 3242 3110 3295 in
3144 3242 3246 3297 viis
3270 3243 3400 3310 tuis,
3450 3254 3503 3300 et
3528 3244 3794 3301 faciamus

2208 3327 2542 3382 voluntatem
2584 3337 2729 3383 tuam
2756 3370 2771 3395 ,
2830 3330 3281 3404 inveniamusque
3324 3336 3790 3403 misericordiam,

2208 3418 2370 3472 tinem
2418 3421 2796 3490 tranquillum,
2841 3423 3203 3495 ﬁduciamque
3243 3427 3335 3481 tibi
3374 3428 3694 3498 placentem,
3737 3439 3794 3484 et

2208 3510 2620 3565 consistentiam
2665 3513 2873 3583 absque
2921 3513 3245 3571 confusione
3287 3533 3470 3572 coram
3504 3519 3638 3573 solio
3681 3528 3795 3573 ter-

2208 3599 2350 3653 ribili
2384 3602 2646 3671 unigeniti
2681 3602 2802 3657 Filii
2833 3605 2934 3671 tui,
2968 3616 3024 3660 ut
3047 3607 3100 3660 in
3128 3608 3250 3672 hoc,
3284 3610 3428 3664 sicut
3454 3618 3507 3665 et
3530 3610 3586 3665 in
3609 3613 3793 3665 omni-

2211 3689 2355 3756 bus,
2401 3690 2734 3759 gloriﬁcetur
2762 3701 2816 3747 et
2864 3694 3118 3750 laudetur
3174 3712 3372 3752 nomen
3435 3707 3586 3753 tuum
3636 3700 3795 3755 valde

2210 3782 2590 3837 honorandum
2618 3795 2671 3839 et
2698 3786 3067 3852 benedictum,
3120 3790 3394 3860 simulque
3436 3790 3652 3845 Domini
3692 3807 3793 3845 no-

2210 3874 2306 3928 stri
2337 3872 2464 3929 Jesu
2494 3874 2699 3931 Christi
2730 3886 2784 3931 et
2810 3877 3050 3947 Spiritus
3078 3881 3156 3934 tui
3186 3881 3381 3946 sancti,
3413 3896 3580 3947 nunc,
3612 3892 3716 3939 etc.

2282 3963 2539 4035 Pupulus.
2576 3965 2665 4022 Ut.

2282 4053 2562 4110 Sacerdos.
2594 4055 2728 4111 Pax.

2280 4144 2539 4215 Populus.
2571 4145 2785 4203 Etcum
2821 4150 3010 4219 spiritu
3046 4160 3159 4206 tuo.

2281 4239 2560 4296 Sacerdos.
2588 4240 2965 4297 Misericordia
2998 4242 3112 4308 Dei,
3140 4256 3247 4299 etc.

2280 4331 2538 4402 Populus.
2570 4333 2637 4387 Et
2670 4348 2795 4388 cum
2828 4334 3021 4403 spiritu
3050 4344 3165 4390 tuo.

2278 4424 2547 4480 Diaconus
2595 4426 2725 4481 dicit
2765 4426 3120 4483 Catholicam.
3173 4428 3431 4487 Sacerdos
3483 4433 3681 4505 frangit
3740 4444 3790 4490 et

529 4523 793 4592 decipulis
834 4525 1041 4579 erroris
1075 4525 1427 4583 multiformis
1465 4528 1778 4599 dogmatum
1813 4534 2108 4603 reproban—
2137 4528 2188 4593 Ι)
2211 4520 2385 4585 δίθηαί
2420 4518 2689 4573 ablatam.

527 4614 758 4669 dorum:
796 4631 983 4671 verum
1023 4632 1117 4686 per
1165 4616 1467 4672 doctrinam
1496 4630 1709 4689 patrum
1741 4620 1957 4680 illorum
2004 4642 2107 4681 no-

526 4718 766 4762 strorum
792 4707 1099 4776 beatorum,
1142 4711 1404 4767 conﬁrma
1431 4728 1552 4778 nos,
1600 4724 1653 4770 et
1693 4716 1852 4772 ﬁdem
1890 4718 2106 4774 illorum

530 4796 698 4852 funda
740 4799 795 4851 in
838 4799 1017 4863 nobis,
1068 4801 1336 4872 bonisque
1382 4819 1571 4859 eorum
1611 4820 1706 4861 eos
1739 4808 1932 4879 dignos
1962 4808 2110 4865 efﬁce

527 4900 737 4945 etcum
782 4891 890 4947 illis
934 4891 1235 4949 referemus
1288 4895 1384 4949 tibi
1428 4898 1657 4966 gloriam
1713 4907 1765 4954 et
1811 4900 2108 4970 gratiarum

528 4983 819 5038 actionem.

597 5074 854 5145 Populus.
892 5076 1084 5132 Amen.

605 5169 864 5225 Sacerdos
894 5171 1203 5226 inclinatus.
1250 5171 1321 5227 Ut
1347 5175 1511 5229 etiam
1549 5191 1737 5231 eorum
1770 5178 2103 5243 memineris,

529 5263 621 5331 qui
648 5278 716 5315 ex
748 5265 847 5315 hac
876 5262 986 5316 vita
1026 5264 1092 5318 ad
1126 5273 1177 5319 te
1211 5266 1605 5335 migraverunt,
1639 5276 1691 5322 te
1725 5268 2103 5338 deprecamur,

532 5349 794 5415 Domine,
828 5350 1183 5407 Sacerdotqu
1235 5362 1289 5408 et
1332 5353 1699 5410 Diaconorum
1726 5399 1739 5423 ,
1777 5359 1871 5427 qui
1921 5374 2105 5414 coram

530 5443 688 5497 altari
714 5451 829 5509 tuo,
860 5442 1175 5499 Sacerdotio
1197 5455 1251 5500 et
1279 5448 1586 5503 ministerio
1608 5448 1781 5504 functi
1802 5461 1949 5518 sunt,
1980 5466 2105 5506 cum

533 5535 771 5604 puritate
803 5544 859 5590 et
895 5537 1215 5591 sanctitate:
1262 5537 1756 5607 Subdiaconorum,
1793 5540 2102 5609 Lectorum,

533 5626 967 5698 Religiesorum,
1018 5627 1443 5697 Monachorum,
1497 5641 1551 5687 et
1597 5634 1841 5689 omnium
1892 5651 2101 5702 eorum,

530 5733 668 5786 quos
700 5718 1073 5787 unusquisque
1106 5720 1289 5773 animo
1323 5735 1424 5776 suo
1458 5721 1723 5791 designat.

603 5805 856 5875 Pupulus.
905 5806 1088 5878 Kyrie,
1115 5810 1317 5866 eleison

2281 4612 2571 4666 Diaconus.
2600 4614 2860 4684 Angelus.

2333 4704 2591 4758 Sacerdos
2617 4706 2747 4760 dicit
2779 4706 3087 4764 Orationem
3116 4720 3236 4764 ante
3268 4709 3428 4767 Pater
3456 4720 3663 4767 noster.

2283 4794 2421 4849 Vere
2459 4797 2605 4851 enim
2639 4807 2692 4852 et
2720 4800 2925 4869 absque
2954 4801 3142 4868 dubio,
3188 4812 3246 4856 tu
3291 4817 3350 4857 es
3375 4801 3537 4858 Pater
3563 4811 3788 4859 sanctus

2210 4888 2335 4943 Filii
2372 4891 2568 4957 sancti,
2602 4893 2699 4961 qui
2742 4893 3033 4949 sanctitate
3064 4895 3288 4965 aequalis
3316 4905 3399 4951 est
3427 4912 3551 4951 cum
3578 4896 3787 4967 Spiritu

2210 4992 2433 5038 sancto:
2468 4984 2563 5054 qui
2615 4978 2854 5054 perfecte
2898 4998 2954 5041 et
2993 5002 3119 5042 cum
3164 5003 3379 5043 summa
3424 5000 3690 5059 potestate
3732 4992 3788 5045 in

2210 5076 2414 5131 sanctis
2438 5077 2756 5145 requiescis,
2808 5088 2864 5133 et
2896 5089 3157 5149 perpetuo
3185 5082 3648 5138 sanetiﬁeationes
3686 5097 3785 5137 eo-

2210 5180 2331 5219 rum
2384 5167 2476 5236 qui
2506 5176 2556 5222 te
2579 5170 2923 5225 sanctificant
2950 5172 3205 5241 suscipis.
3252 5171 3335 5227 Tu
3373 5188 3434 5229 es
3482 5172 3607 5229 fons
3637 5174 3786 5228 ineo-

2208 5257 2491 5327 ltimitatis,
2534 5269 2588 5315 et
2616 5263 2769 5333 origo
2805 5263 3156 5328 auxiliorum,
3190 5273 3250 5319 tu
3282 5280 3342 5319 es
3371 5265 3585 5335 genitor
3616 5264 3782 5319 mise-

2207 5351 2487 5419 ricordiae,
2537 5362 2593 5407 et
2631 5363 2782 5421 pater
2816 5354 3155 5421 clementiae,
3193 5359 3519 5424 miserator,
3574 5358 3782 5424 fautor,

2207 5443 2423 5513 adjutor
2462 5453 2517 5498 et
2549 5446 2863 5512 auxiliator,
2901 5462 3091 5502 curam
3130 5449 3339 5503 habens
3372 5465 3697 5519 pauperum,
3728 5460 3787 5505 et

2207 5535 2475 5605 refugium
2511 5534 2855 5605 afﬂictarum,
2901 5554 3086 5595 comes
3126 5540 3340 5597 itineris
3385 5543 3781 5614 navigantium,

2205 5637 2394 5699 portus
2440 5636 2494 5683 et
2540 5629 2757 5698 requies
2801 5630 3164 5699 jactatorum,
3218 5633 3490 5704 refugium
3531 5643 3785 5703 peccato-

2206 5737 2368 5775 rum:
2422 5719 2665 5774 medicus
2716 5721 2894 5778 bonus
2932 5722 3324 5780 inﬁrmorum:
3367 5727 3461 5796 qui
3503 5740 3658 5780 amas
3701 5725 3785 5780 la-

2205 5827 2423 5883 crytuas
2452 5811 2851 5882 ptenitentium,
2913 5816 3237 5873 emundator
3276 5817 3544 5899 sordium,
3582 5817 3637 5872 in
3671 5814 3783 5874 illis
