4142 6398
360 342 466 398 977

1597 343 1926 402 LITURGIA
1964 343 2019 401 S.
2062 343 2337 402 lGNATll.

3521 340 3623 395 978

362 458 461 525 qui
500 456 769 527 inquinati
816 468 974 526 sunt,
1016 461 1243 533 largitor
1297 461 1597 528 donorum,
1647 463 1938 517 thesaurus
1970 469 2015 525 Α
2112 461 2386 517 Sacerdos.
2442 460 2593 516 Juste
2640 468 2694 517 et
2734 461 3032 517 secundum
3060 461 3371 528 veritatem,
3448 458 3628 511 valde-

364 549 705 605 divitiarum.
748 551 829 605 Tu
878 553 949 607 ab
986 553 1164 618 initio,
1197 554 1267 609 ab
1295 562 1520 619 aeterno,
1570 570 1602 608 a
1652 557 1853 611 saeculo
1889 563 1945 611 et

363 654 652 715 perpetuo,
683 654 907 701 sanctus
930 662 1011 712 es,
1058 648 1360 717 plenusque
1395 648 1704 715 sanctitate,
1738 649 1944 713 sancti—

363 734 560 789 ﬁcator
590 744 644 789 et
683 735 955 805 perfector
983 747 1318 807 sanctorum,
1361 748 1416 794 et
1457 754 1559 799 nos
1596 739 1946 809 gloriﬁcatio—

365 845 519 896 nem,
559 830 996 900 hymnorumqne
1035 830 1472 887 decantationem
1514 831 1796 888 oferimus
1846 832 1945 886 tibi

364 938 491 979 eam
530 923 703 993 ipsam
737 938 902 993 quam
943 939 975 977 a
1002 922 1141 978 Filio
1174 933 1366 979 sancto
1414 934 1533 991 tuo,
1567 922 1707 979 Filio
1735 933 1833 979 tuo
1867 924 1947 978 di-

364 1017 511 1071 lecto
556 1025 805 1071 amanter
872 1015 1202 1071 didicimus:
1249 1017 1596 1087 petimusque
1659 1024 1718 1071 ut
1789 1017 1949 1073 nobis

365 1104 625 1161 omnibus
655 1114 898 1175 praestes,
944 1114 1003 1159 ut
1046 1107 1209 1161 corde
1234 1122 1391 1176 puro,
1425 1107 1519 1163 sed
1547 1107 1799 1162 ardenter
1832 1124 1950 1163 suc-

365 1212 537 1254 censo
568 1213 665 1268 per
706 1198 882 1259 zelum
914 1198 1260 1263 laudabilem,
1294 1201 1572 1259 orationes
1611 1210 1664 1257 et
1694 1202 1950 1271 depreca-

365 1288 548 1343 tiones
588 1297 808 1346 nostras
848 1305 1033 1353 coram
1067 1300 1117 1347 te
1148 1291 1495 1360 effundenda,
1525 1307 1650 1347 cum
1684 1294 1950 1348 mentium

364 1380 791 1449 illuminatione,
824 1382 1137 1437 animorum
1159 1384 1503 1450 castimonia,
1532 1385 1951 1456 linguarumque

364 1472 688 1543 triumphali
718 1473 1055 1542 laudatione,
1085 1475 1384 1531 clamemus
1415 1477 1483 1530 ad
1527 1484 1599 1543 te,
1644 1491 1865 1532 oremus
1899 1486 1952 1532 et

364 1563 638 1630 dicamus,
673 1562 836 1619 Pater
872 1574 1057 1620 noster
1096 1566 1191 1635 qui
1225 1582 1284 1622 es
1315 1567 1369 1620 in
1395 1567 1567 1623 caalis.

440 1653 700 1725 Populus.
745 1654 1128 1711 Sanctificetur
1160 1672 1359 1711 nomen
1384 1665 1557 1711 tuum.

441 1747 701 1804 Sacerdos
734 1748 938 1802 elevans
970 1764 1163 1802 vocem.
1203 1747 1314 1815 Ne,
1350 1748 1582 1815 Domine
1606 1792 1621 1818 ,
1665 1752 1949 1829 permittas

2046 570 2153 624 que
2221 555 2655 620 rationabiliter,
2711 556 2979 611 debentur
3042 556 3463 626 magnificentiae
3520 559 3627 604 tuae

2046 645 2234 702 laudes
2270 660 2460 701 omnes
2505 645 2893 717 indesinentes,
2940 647 3133 718 hymni,
3150 658 3203 702 et
3231 648 3627 702 exsultationes

2048 738 2425 807 triumphales,
2454 740 2579 808 quia
2608 754 2709 797 nos
2730 737 2909 793 fecisti
2935 741 3127 809 dignos
3160 754 3255 809 per
3279 739 3621 795 clementiam

2049 835 2198 882 tuam
2223 829 2366 884 dono
2392 829 2496 884 hoc
2522 830 2689 895 bono,
2723 838 2777 883 et
2804 829 3031 895 caelesti,
3067 829 3305 884 alimenti
3345 829 3509 896 hujus
3542 829 3628 882 in-

2050 922 2448 992 corruptibiiis:
2492 937 2861 992 rogamusque
2893 938 3134 975 amorem
3179 936 3333 976 tuum
3368 938 3497 991 erga
3526 923 3628 975 ho-

2052 1017 2227 1070 mines
2268 1013 2618 1081 ineﬂ‘abilem,
2662 1024 2721 1068 ut
2760 1030 2867 1068 non
2909 1023 3195 1068 convertas
3243 1014 3383 1068 festa
3440 1024 3626 1068 nostra

2051 1106 2105 1159 in
2136 1106 2365 1173 luctum,
2394 1122 2568 1177 neque
2596 1107 2808 1161 cantica
2835 1116 3021 1159 nostra
3045 1106 3098 1159 in
3124 1106 3410 1175 ejulatum,
3450 1121 3629 1173 neque

2050 1200 2276 1271 dejicias
2305 1201 2480 1270 capita
2511 1209 2700 1257 nostra
2745 1214 2928 1254 coram
2956 1198 3190 1268 judicio:
3238 1212 3413 1268 neque
3432 1199 3631 1252 erube-

2052 1307 2271 1348 scamus
2299 1292 2357 1353 in
2387 1290 2476 1345 die
2499 1291 2822 1356 novissimo,
2856 1289 2911 1341 in
2942 1304 3053 1357 quo
3085 1289 3464 1358 unusquisque
3496 1303 3629 1341 con-

2052 1399 2244 1456 gruam
2292 1382 2785 1439 remunerationem
2835 1380 3104 1450 accipiet;
3158 1397 3283 1436 cum
3333 1381 3523 1450 Angeli
3576 1381 3631 1433 in

2054 1477 2251 1532 timore
2282 1476 2614 1541 consistent,
2664 1484 2717 1528 et
2755 1474 3068 1545 unigenitus
3114 1473 3286 1530 Filius
3318 1486 3442 1529 tuus
3480 1474 3631 1542 judi-

2054 1573 2220 1628 cabit.
2279 1571 2385 1626 Sed
2431 1571 2891 1641 quemadmodum
2951 1585 3164 1625 summe
3220 1568 3633 1624 misericordem

2052 1682 2181 1737 erga
2211 1679 2311 1720 nos
2334 1673 2388 1720 te
2415 1664 2736 1729 exliibuisti,
2768 1678 2927 1731 parce
2950 1662 3384 1732 pusillanimitati
3415 1670 3636 1727 nostra},

2054 1760 2315 1815 miserere
2354 1756 2691 1811 infirmitatis
2739 1765 2950 1810 naturae
2983 1765 3218 1821 nostrae,
3255 1771 3363 1809 non
3406 1757 3459 1809 in
3489 1756 3639 1824 judi—

365 1858 471 1896 nos
508 1840 707 1911 jactari
736 1841 1117 1897 vexationibus
1146 1842 1464 1909 mundanis,
1498 1845 1611 1898 sive
1641 1844 1951 1912 diabolicis,
1988 1817 2030 1871 Β
2058 1852 2202 1907 cium
2231 1893 2247 1917 ,
2302 1861 2397 1905 aut
2447 1848 2957 1904 condemnationem
3015 1858 3273 1919 reputans
3326 1847 3479 1901 nobis
3534 1848 3637 1901 hoc

365 1934 513 1988 ultra
542 1932 595 1987 id
631 1933 779 2003 quod
817 1948 1135 2003 possumus,
1168 1934 1241 1989 ita
1273 1943 1335 1988 ut
1369 1936 1596 1990 omnino
1629 1936 1685 1990 in
1722 1937 1957 1991 inﬁrmi—

366 2032 509 2091 tate,
549 2023 869 2093 aegritudine
913 2035 970 2079 et
1014 2023 1389 2085 contractione
1433 2025 1614 2087 cordis
1663 2026 1857 2093 simus,
1904 2037 1958 2081 et

365 2132 399 2171 a
431 2117 733 2172 domestica
777 2116 1149 2172 familiaritate
1203 2126 1295 2171 tua
1327 2117 1489 2173 alieni
1532 2118 1866 2185 efﬁciamur,
1910 2121 1956 2174 si

366 2208 545 2264 nostri
591 2223 782 2263 curam
829 2224 938 2263 non
971 2209 1249 2265 habueris.
1300 2208 1380 2267 Ne
1421 2211 1497 2271 sis
1540 2210 1954 2279 immisericors,

366 2299 620 2369 Domine,
647 2315 824 2371 neque
855 2310 1070 2358 avertas
1099 2301 1294 2357 faciem
1330 2312 1478 2357 tuam
1512 2319 1544 2358 a
1573 2304 1751 2371 nobis,
1782 2319 1957 2373 neque

365 2392 561 2462 procul
591 2391 763 2447 facias
805 2394 1008 2448 auxilia
1055 2403 1178 2461 tua;
1215 2394 1310 2449 sed
1342 2395 1526 2464 aspice
1553 2411 1675 2463 nos,
1713 2405 1769 2450 et
1802 2396 1958 2451 mitte

366 2482 601 2553 gratiam
630 2490 781 2537 tuam
822 2485 890 2539 ad
931 2494 1179 2539 nostrum
1206 2486 1532 2541 subsidium.
1584 2487 1667 2541 Ab
1702 2488 1956 2543 omnibus

368 2575 692 2631 criminibus
722 2576 892 2632 libera
927 2593 1049 2644 nos,
1091 2594 1268 2648 neque
1303 2580 1531 2638 inducas
1565 2599 1667 2639 nos
1694 2584 1751 2639 in
1792 2592 1958 2640 tenta-

365 2670 595 2733 tionem,
642 2670 769 2740 quia
796 2670 891 2725 tibi
928 2681 1011 2726 est
1042 2681 1305 2742 potestas,
1358 2684 1412 2733 et
1457 2676 1748 2746 imperium
1801 2688 1956 2735 aetere

367 2776 523 2829 num,
570 2769 624 2816 et
673 2763 770 2822 tibi
820 2762 1051 2833 gloriam
1084 2774 1136 2819 et
1168 2768 1464 2836 gratiarum
1506 2772 1774 2827 actionem
1813 2772 1958 2828 refe~

368 2870 564 2909 TIHNIS.

438 2948 698 3017 Populus.
740 2949 934 3006 Amen.

440 3041 724 3097 Sacerdos.
759 3042 893 3097 Pax.

2058 1961 2259 2000 munus
2292 1953 2467 2010 tuum,
2499 1944 2592 1999 sed
2634 1941 2702 1995 ad
2744 1944 3110 2008 sanctitatem,
3143 1955 3196 1998 et
3225 1942 3561 2013 vigilantiam
3585 1950 3639 1996 et

2056 2038 2315 2093 viaticum
2355 2038 2548 2093 salutis
2581 2047 2802 2094 nostrte.
2839 2037 2903 2091 Et
2939 2046 2990 2091 te
3019 2038 3175 2091 decet
3208 2035 3398 2106 gloria,
3440 2036 3635 2100 honor,

2057 2140 2105 2184 et
2140 2130 2453 2198 imperium,
2488 2131 2761 2200 simulque
2799 2129 3080 2199 unigenito
3115 2128 3253 2183 Filio
3301 2138 3395 2183 tuo
3428 2136 3480 2182 et
3517 2125 3641 2196 Spi-

2056 2224 2186 2278 ritui
2212 2223 2563 2279 sanctissimo
2594 2233 2706 2283 tuo.

2130 2315 2385 2384 Populus.
2426 2316 2621 2371 Amen.

2127 2408 2407 2462 Sacerdos.
2441 2408 2573 2463 Pax.

2131 2500 2390 2569 Populus.
2430 2500 2644 2556 Etcum
2680 2503 2873 2573 spiritu
2906 2513 3020 2558 tuo.

2133 2593 2423 2649 Diaconus.
2454 2594 2607 2661 Post,
2638 2606 2740 2651 etc.

2130 2684 2393 2755 Populus.
2428 2686 2624 2739 Coram
2650 2695 2722 2741 te.

2130 2776 2390 2831 Sacerdos
2435 2775 2639 2831 elevans
2688 2794 2880 2831 vocem.
2923 2775 3043 2839 Tibi
3079 2775 3173 2847 qui
3215 2775 3430 2846 genitus
3473 2789 3531 2829 es
3575 2773 3645 2828 ab

2060 2876 2285 2933 aeterno,
2310 2883 2377 2921 ex
2420 2867 2627 2922 lumine
2657 2876 2883 2933 aeterno,
2924 2877 2978 2920 et
3008 2867 3329 2921 incarnatus
3355 2880 3414 2921 es
3439 2864 3647 2932 absque

2060 2961 2169 3014 ulla
2208 2959 2535 3021 mutatione,
2566 2977 2630 3014 ex
2669 2968 2827 3015 utero
2859 2960 3131 3030 virginali,
3175 2959 3375 3029 gratias
3408 2957 3645 3028 agimus,

2057 3062 2112 3108 et
2147 3061 2206 3107 ut
2242 3052 2550 3123 requiescat
2576 3053 2798 3108 dextera
2854 3062 2945 3108 tua
2982 3068 3144 3123 super
3170 3067 3270 3106 nos
3303 3065 3492 3111 omnes
3524 3065 3649 3120 per-

438 3134 731 3191 Diaconus.
764 3138 904 3192 Ante
944 3140 1352 3209 susceptionem
1396 3146 1783 3215 mysteriorum
1825 3146 1955 3201 isto-
1983 3175 2024 3233 c
2060 3155 2259 3216 petuo,
2301 3147 2666 3217 postulamus.
2724 3145 3049 3203 Sacerdotes
3109 3146 3298 3201 altaris
3350 3146 3427 3200 tui
3478 3146 3649 3215 gloria

366 3245 489 3283 rum
542 3238 890 3297 sanctorum,
930 3247 1052 3301 quae
1092 3234 1275 3289 oblata
1316 3246 1478 3303 sunt,
1522 3238 1718 3292 iterum
1769 3255 1955 3294 coram

366 3320 602 3377 Domino
634 3322 975 3379 misericordi
1008 3325 1186 3393 capita
1215 3339 1402 3383 nostra
1433 3328 1779 3393 inclinemus.

441 3412 700 3483 Populus.
734 3414 933 3470 Coram
961 3424 1033 3479 te,
1066 3414 1314 3473 Domine.

440 3503 699 3561 Sacerdos
742 3508 949 3563 elevans
1006 3527 1202 3566 vocem.
1254 3511 1390 3566 Cum
1452 3512 1603 3567 omni
1657 3521 1854 3568 natura
1902 3523 1956 3569 et

368 3608 623 3657 creatura
663 3603 969 3661 caelestium
1012 3616 1066 3661 et
1105 3607 1470 3672 terrestrium,
1501 3622 1622 3675 quae
1665 3616 1714 3661 te
1743 3607 1955 3674 adorat,

369 3692 621 3762 Domine,
668 3705 728 3751 ut
769 3698 956 3753 animo
991 3699 1356 3771 concipimus,
1388 3714 1488 3755 nos
1511 3715 1729 3770 quoque
1758 3701 1957 3755 adora-

369 3787 576 3843 tionem
611 3805 798 3845 veram
837 3807 963 3848 cum
996 3793 1227 3848 cervicis
1258 3793 1592 3848 demissione
1630 3793 1725 3855 tibi
1773 3794 1957 3849 offeri-

369 3897 529 3947 mus;
578 3891 632 3937 et
663 3898 694 3937 a
720 3899 935 3939 summa
966 3886 1231 3941 charitate
1263 3894 1350 3948 tua
1381 3885 1747 3955 postulamus,
1795 3896 1853 3940 ut
1897 3886 1961 3940 il-

372 3973 610 4029 lumines
646 3975 859 4031 animas
908 3987 1129 4035 nostras
1182 3982 1408 4034 veritate
1464 3987 1577 4033 tua.
1616 3977 1817 4033 Munda
1858 3993 1960 4035 nos

369 4065 609 4136 hyssopo
638 4074 764 4121 tuo:
796 4070 1077 4124 sanctifica
1102 4085 1201 4125 nos
1236 4070 1527 4125 sanctitate
1557 4078 1676 4123 tua:
1703 4079 1961 4125 converte

367 4174 473 4216 nos
500 4160 568 4214 ad
608 4161 856 4217 timorem
892 4170 1067 4231 tuum,
1103 4164 1317 4233 placeat
1350 4164 1447 4217 tibi
1490 4175 1547 4217 ut
1576 4165 1762 4217 mittas
1803 4164 1961 4219 nobis

369 4253 780 4311 benedictiones
813 4265 956 4325 tuas,
982 4266 1035 4312 et
1056 4257 1110 4311 in
1146 4258 1291 4312 hunc
1321 4257 1544 4311 modum
1571 4264 1734 4326 atque
1762 4256 1961 4312 talibus

368 4344 531 4400 bouis
562 4346 906 4417 locupletans
936 4364 1058 4415 nos,
1086 4364 1155 4404 ne
1185 4350 1493 4419 permittas,
1524 4358 1582 4403 ut
1616 4349 1694 4403 rei
1730 4350 1960 4405 acceda-

371 4451 497 4493 mus
535 4437 604 4492 ad
647 4440 1092 4495 communionem
1139 4442 1282 4495 hanc
1312 4440 1583 4501 vivificam
1625 4442 1871 4511 corporis
1907 4447 1963 4496 et

2063 3240 2248 3307 allice,
2317 3248 2372 3296 et
2406 3240 2782 3297 ministrantes
2830 3240 2924 3294 tibi
2981 3240 3036 3293 in
3089 3240 3298 3293 honore
3351 3238 3644 3293 constitue.

2063 3330 2234 3388 Senes
2270 3332 2689 3387 mansuetudine
2741 3346 2875 3386 orna
2913 3340 2965 3385 et
3010 3330 3239 3399 adjuva;
3281 3330 3519 3399 impetus
3559 3330 3651 3400 ju-

2061 3441 2261 3481 venum
2309 3440 2528 3488 coerce;
2596 3439 2796 3494 pueros
2834 3424 3007 3478 educa
3050 3423 3104 3476 in
3156 3422 3442 3487 modestia,
3491 3430 3544 3475 et
3580 3420 3650 3475 ad

2062 3533 2339 3573 summum
2362 3517 2604 3572 scientiae
2628 3516 2837 3586 apicem
2862 3514 3167 3585 perducito.
3204 3513 3370 3580 Sana,
3396 3511 3646 3575 Domine,

2062 3605 2327 3673 infirmos,
2361 3608 2521 3661 ablue
2554 3605 2797 3661 maculas
2822 3614 3207 3675 peccatorum;
3237 3604 3461 3673 obsigna
3483 3619 3653 3657 cruce
3744 3646 3749 3649 ς

2064 3708 2154 3753 tua
2200 3698 2468 3767 virgines;
2511 3697 2723 3753 custodi
2768 3697 2964 3750 lectum
3007 3695 3457 3767 coniugatorum;
3499 3702 3652 3747 mitte

2061 3792 2248 3863 egenis
2297 3791 2673 3856 saturitatem;
2709 3799 2826 3846 esto
2876 3789 3249 3858 orphanorum
3298 3796 3547 3850 curator,
3598 3795 3653 3839 et

2062 3882 2403 3938 confortator
2447 3880 2759 3935 viduarum.
2807 3879 2977 3933 Parce
3034 3879 3143 3933 illis
3187 3879 3280 3949 qui
3326 3883 3655 3947 acceperunt

2063 3990 2264 4044 corpus
2298 3982 2482 4041 tuum;
2519 3983 2573 4027 et
2605 3988 2699 4027 eos
2722 3973 2819 4041 qui
2860 3971 3116 4025 biberunt
3154 3986 3218 4025 ex
3243 3971 3506 4041 sanguine
3537 3980 3651 4033 tuo,

2064 4070 2304 4138 perfecte
2328 4066 2576 4137 purilica.
2604 4064 2839 4120 Benedic
2876 4065 2983 4119 illis
3009 4065 3103 4134 qui
3131 4080 3224 4133 per
3253 4079 3472 4119 crucem
3500 4072 3651 4116 tuam

2064 4164 2293 4219 salutem
2335 4162 2618 4217 consecuti
2686 4169 2856 4227 sunt;
2923 4159 3202 4214 sanctifica
3257 4159 3419 4213 etiam
3481 4173 3653 4227 agnos

2066 4259 2243 4330 gregis
2284 4257 2382 4322 tui,
2428 4272 2558 4311 oves
2590 4265 2713 4309 tuas
2749 4256 2926 4309 adduc
2966 4255 3031 4308 ad
3073 4254 3213 4310 ovile
3261 4265 3451 4309 tuum:
3485 4267 3655 4326 agnos

2067 4358 2190 4404 tuos
2228 4349 2285 4402 in
2314 4348 2580 4403 doctrinis
2620 4346 2728 4401 tuis
2771 4346 3056 4413 confirma,
3102 4360 3549 4415 unumquemque
3599 4343 3655 4396 in

2066 4442 2238 4512 gradu
2260 4449 2314 4496 et
2336 4441 2529 4495 ordine
2559 4455 2659 4494 suo
2688 4438 2870 4504 visita,
2898 4454 2993 4509 per
3017 4438 3451 4494 misericordiam
3481 4445 3652 4489 tuam.

371 4530 658 4599 sanguinis
681 4532 944 4602 unigeniti
986 4531 1103 4586 Filii
1128 4535 1232 4599 tui,
1277 4549 1370 4603 per
1401 4549 1562 4604 quem
1601 4542 1655 4588 et
1700 4549 1826 4589 cum
1849 4549 1960 4603 quo
1991 4520 2037 4575 Ῑ)
2066 4533 2177 4590 Nos
2212 4543 2416 4599 autem,
2451 4531 2697 4594 Domine,
2725 4546 2914 4585 servos
2941 4542 3083 4595 tuos,
3115 4540 3166 4585 et
3199 4530 3507 4586 sacerdotio
3538 4528 3657 4583 fun-

374 4628 427 4673 te
455 4620 609 4676 decet
632 4622 803 4692 gloria
835 4632 889 4678 et
916 4624 1206 4694 imperium
1239 4641 1363 4679 cum
1391 4624 1597 4695 Spiritu
1622 4635 1716 4681 tuo
1745 4637 1956 4682 saneto.

444 4716 703 4786 Populus.
733 4718 929 4774 Amen.

446 4810 727 4866 Sacerdos.
754 4812 887 4867 Pax.

444 4901 704 4971 Populus.
737 4902 803 4957 Et
836 4919 960 4958 cum
988 4905 1182 4975 spiritu
1218 4912 1332 4960 tuo.

443 4992 724 5050 Sacerdos.
752 4993 835 5049 Sit
865 4995 1194 5063 benedictio,
1227 5004 1332 5050 etc.

444 5084 702 5153 Populus.
734 5084 799 5139 Et
826 5101 974 5153 cum,
1000 5096 1103 5143 etc.

445 5178 739 5237 Diaeonus.
769 5179 911 5234 Cum
941 5181 1157 5235 timore.

446 5272 728 5328 Sacerdos.
757 5272 957 5327 Sancta
988 5272 1213 5335 sanctis.

448 5363 705 5433 Populus.
737 5362 891 5420 Unus
919 5362 1079 5418 Pater
1109 5372 1355 5418 sanctus.

447 5456 741 5516 Diaconus.
774 5457 991 5513 Stemus
1016 5456 1289 5513 decenter.

446 5550 704 5619 Papulas.
750 5550 968 5605 Gratias
1000 5550 1231 5621 agimus.

2068 4636 2255 4699 gentes
2295 4626 2422 4692 tibi,
2469 4625 2665 4695 dignos
2707 4623 2855 4679 eiIice
2904 4625 3116 4679 visione
3155 4624 3267 4689 tui;
3320 4638 3419 4676 nos
3461 4636 3655 4675 omnes

2069 4721 2244 4775 adduc
2271 4720 2338 4774 ad
2365 4717 2736 4772 habitaculum
2763 4728 2948 4783 tuum;
2979 4725 3188 4771 mentes
3216 4726 3433 4771 nostras
3466 4717 3655 4769 firmas

2067 4814 2217 4869 ellice
2254 4814 2306 4867 in
2333 4814 2623 4870 dilectione
2661 4822 2783 4877 tua;
2823 4811 2967 4865 oculi
3014 4810 3186 4863 nostri
3226 4808 3445 4861 videant
3487 4807 3657 4874 maje-

2069 4916 2261 4961 statem
2296 4905 2588 4959 timendam
2625 4913 2804 4969 tuam;
2838 4918 2933 4957 ora
2970 4913 3156 4956 nostra
3190 4901 3500 4969 repleantur
3530 4914 3657 4953 san-

2068 4999 2492 5054 ctificationibus
2524 4999 2661 5063 tuis;
2708 4997 2851 5051 labia
2892 5005 3078 5050 nostra
3104 5037 3119 5060 ,
3160 4994 3423 5058 Domine,
3465 4993 3654 5049 laudes

2070 5100 2193 5146 tuas
2236 5092 2591 5161 pronuntient
2615 5133 2630 5156 ,
2674 5090 2959 5157 Patrisque
2991 5088 3067 5142 tui
3101 5086 3371 5144 benedicti
3398 5094 3456 5140 et
3488 5086 3653 5154 beati,

2070 5193 2125 5238 et
2151 5183 2389 5252 Spiritus
2414 5183 2513 5245 tui,
2553 5183 2681 5247 vivi,
2724 5183 2918 5245 sancti,
2971 5180 3292 5235 vivilicantis
3316 5187 3368 5232 et
3399 5178 3494 5233 tibi
3519 5194 3655 5233 con-

2071 5274 2465 5333 substantialis.

2146 5365 2405 5434 Populus.
2430 5367 2621 5418 Amen.

2145 5456 2429 5509 Diacomrs.
2452 5454 2702 5516 Benedic,
2729 5451 2973 5506 Domine.

2148 5548 2421 5604 Sacerdos.
2460 5546 2693 5602 Benedic
2720 5546 2995 5601 omnibus.
