4142 6424
1947 405 2006 458 S.
2042 403 2302 460 IGNATII
3657 407 3751 463 981

528 537 3744 570 Μ

1181 691 3074 904 ΜΑΡΤΥΡΙΟΝ

1633 1031 1768 1086 ΤΟΥ
1796 1032 2001 1086 ΔΓΙΟΥ
2031 1033 2564 1087 ΙΕΡΟΜΛΡΤΥΡΟΣ

619 1253 1674 1428 ΙΓΝΑΤΙΟΥ
1749 1252 2188 1424 ΤΟΥ
2264 1247 3621 1427 ΘΕΟΦΟΡΟΥ(⁸”

1692 1746 2572 1864 MARTYRIUM

689 2028 1106 2121 SANCTI
1175 2027 2194 2149 HIEBOMARTYRIS
2274 2031 2746 2122 IGNATII
2827 2030 3551 2128 THEOPHORI

1388 2271 1628 2335 (Herus,
1663 2272 1800 2320 Patr.
1827 2277 2002 2336 apost.,
2038 2272 2117 2320 ed.
2146 2271 2196 2332 5,
2224 2270 2466 2335 Tubingas
2493 2271 2634 2336 1847,
2659 2270 2829 2335 ιιι-8ο.)

1407 2595 1449 2650 l.
1493 2594 1696 2666 lgnatii
1716 2613 1842 2652 cura
1868 2596 2154 2665 pastoralis
2176 2606 2225 2651 et
2259 2598 2508 2666 martyrii
2541 2597 2885 2654 desiderium;

566 2754 702 2809 Cum
732 2768 840 2807 non
870 2752 945 2810 ita
977 2752 1184 2822 pridem
1227 2753 1517 2823 imperium
1563 2752 1936 2808 Romanorum
1967 2769 2062 2807 ex-

2244 2755 2404 2823 "Ap1:t
2448 2751 2834 2824 διαδεξαμένου
2875 2752 2973 2826 τὴν
3023 2752 3312 2824 Ῥωμαίων
3357 2752 3532 2825 ἀρχὴν
3561 2754 3768 2825 Τραϊα-

497 2849 733 2918 cepisset
763 2845 1058 2914 Trajanus,
1091 2843 1352 2914 lgnatius,
1390 2845 1621 2916 apostoli
1650 2843 1880 2899 Joannis
1910 2844 2072 2898 disci-

2184 2845 2268 2899 νοῦ
2303 2845 2434 2916 (88),
2467 2845 2750 2914 Ἰγνάτιος,
2774 2846 2803 2898 ὁ
2833 2845 2928 2900 τοῦ
2970 2845 3267 2900 ἀποστόλου
3307 2847 3554 2900 Ἰωάννου
3591 2847 3765 2918 μαθη-

495 2940 680 3009 pulus,
711 2938 793 2992 vir
815 2946 932 2992 erat
955 2937 1008 2990 in
1034 2936 1288 3000 omnibus
1314 2935 1667 3005 apostolicus,
1698 2946 1751 2989 et
1775 2933 2075 2989 Ecclesiam

496 3029 964 3085 Antiochenorum
1014 3044 1228 3083 summa
1275 3043 1405 3082 cura
1441 3028 1680 3096 regebat,
1714 3043 1837 3081 cum
1866 3037 2077 3081 veteres

496 3121 770 3192 procellas
806 3122 1100 3176 multarum
1137 3121 1238 3174 sub
1279 3119 1590 3173 Domitiano
1629 3117 2076 3188 persecutionum

499 3229 643 3286 aegre
688 3214 1068 3284 praeteriisset;
1103 3213 1302 3282 quippe
1339 3213 1430 3282 qui
1482 3212 1657 3265 instar
1700 3211 1827 3265 boni
1876 3211 2076 3281 guber-

497 3307 708 3360 natoris
745 3304 1113 3375 gubernaculo
1149 3319 1371 3373 precum
1413 3318 1478 3357 ac
1504 3301 1721 3372 jejunii.
1754 3310 1810 3356 et
1839 3302 2077 3356 assidui—

497 3406 610 3454 tate
637 3399 888 3465 docendi,
911 3407 964 3453 et
994 3407 1250 3468 perpetua
1280 3395 1631 3451 contentione
1667 3393 1916 3463 spiritus,
1940 3402 2079 3447 tem-

496 3491 694 3559 pestati
723 3491 1009 3546 contraria:
1041 3490 1270 3552 restitit;
1302 3489 1527 3554 veritus,
1561 3503 1627 3541 ne
1651 3502 1813 3556 quem
1838 3486 2080 3541 timidio-

498 3598 622 3637 rum
653 3592 748 3638 aut
786 3583 1180 3654 simpliciorum
1220 3582 1510 3638 amitteret.
1547 3581 1910 3649 Quamobrem
1943 3598 2078 3653 gau-

500 3675 664 3730 debat
711 3676 929 3745 quidem
983 3672 1238 3730 Ecclesiae
1281 3675 1704 3746 tranquillitate,
1763 3676 2080 3744 quiescente

501 3766 570 3821 ad
596 3767 760 3822 breve
796 3776 1012 3837 tempus
1043 3768 1454 3837 persecutione;
1491 3768 1707 3824 dolebat
1747 3777 1928 3823 autem
1955 3769 2078 3822 ani-

497 3874 611 3924 mo,
644 3859 789 3941 quod
837 3858 1078 3912 nondum
1122 3875 1304 3914 veram
1348 3875 1477 3938 erga
1513 3858 1794 3914 Christum
1842 3859 2080 3914 charita-

503 3961 634 4013 tem,
669 3966 844 4020 neque
874 3951 1171 4020 perfectum
1202 3951 1454 4022 discipuli
1483 3953 1730 4007 ordinem
1759 3961 1905 4008 esset
1929 3967 2080 4007 asse-

504 4052 686 4097 cutus.
737 4042 1046 4113 Reputabat
1086 4046 1232 4098 enim
1282 4045 1490 4110 animo,
1535 4043 1903 4107 confessione,
1956 4058 2078 4111 qua:

500 4149 600 4204 per
637 4137 957 4205 martyrium
992 4135 1070 4200 tit,
1094 4135 1231 4201 fore,
1260 4145 1319 4189 ut
1344 4136 1459 4205 ipse
1489 4135 1722 4190 similior
1749 4136 1900 4189 ﬁeret
1921 4133 2075 4188 Chri-

504 4235 608 4282 sto.
651 4225 806 4283 Unde
838 4229 1025 4297 paucis
1052 4227 1213 4283 annis
1240 4229 1419 4282 adhuc
1454 4228 1507 4281 in
1534 4226 1776 4282 Ecclesia
1809 4237 2076 4292 moratus,

503 4329 559 4375 et
583 4321 780 4375 divinae
833 4323 1005 4375 instar
1050 4322 1287 4375 lucernae
1333 4321 1377 4352 ³ο
1429 4321 1764 4374 intellectum
1811 4320 2079 4401 cujusque

505 4410 952 4480 mterpretatione
970 4409 1325 4480 [divinarum]
1344 4407 1748 4478 Scripturarum
1776 4410 2076 4476 illustrans,

503 4511 756 4557 votorum
782 4518 1008 4557 suorum
1039 4517 1266 4572 compos
1296 4502 1472 4558 factus
1496 4512 1597 4557 est.

2177 2937 2296 3007 τὴς,
2330 2938 2468 3009 ἀνὴρ
2495 2933 2564 3008 ἦν
2604 2937 2712 3009 (89)
2751 2940 2865 3002 τοῖς
2897 2939 3064 2992 πᾶσιν
3099 2938 3474 3003 άποστολικὸς,
3509 2939 3602 2992 καὶ
3635 2941 3766 2991 ὲκυ-

2179 3029 2344 3102 ϐέρνα
2387 3032 2486 3101 τὴν
2531 3029 2857 3101 Ἐκκλησίαν
2916 3031 3234 3102 Ἀντιοχέων
3298 3031 3607 3102 ἐπιμελῶς,
3641 3033 3767 3096 τοὺς

2178 3121 2347 3175 πάλαι
2392 3122 2663 3193 χειμῶνας
2715 3122 2866 3194 μόλις
2903 3123 3242 3194 παραγαγὼν
3275 3123 3382 3176 τῶν
3424 3123 3630 3177 πολλῶν
3673 3123 3767 3176 ἐπὶ

2179 3215 2505 3288 Δομετιανοῦ
2545 3215 2822 3287 διωγμῶν,
2864 3214 3115 3288 καθάπερ
3157 3215 3499 3287 κυϐερνήτης
3541 3214 3764 3284 ἀγαθὸς,

2180 3309 2257 3381 τῷ
2287 3309 2435 3366 οἴακι
2476 3311 2575 3380 τῆς
2623 3309 2936 3382 προσευχῆς
2977 3309 3072 3363 καὶ
3106 3309 3206 3379 τῆς
3254 3309 3529 3380 νηστείας,
3562 3309 3655 3360 καὶ
3698 3309 3766 3377 τῇ

2183 3401 2431 3472 συνεχείᾳ
2479 3401 2579 3472 τῆς
2619 3401 2987 3465 διδασκαλίας,
3035 3400 3112 3472 τῷ
3153 3401 3289 3471 τόνῳ
3339 3399 3416 3470 τῷ
3464 3416 3766 3470 πνευματι-

2181 3490 2262 3560 κῷ
2297 3491 2427 3561 (90),
2453 3491 2590 3562 πρὸς
2633 3491 2732 3562 τὴν
2762 3489 2928 3562 ζάλην
2959 3491 3054 3561 τὴν
3089 3489 3470 3561 ἀντικειμένην
3498 3492 3764 3558 ἀντεῖχενο

2179 3581 2451 3647 δεδοικὼς,
2488 3583 2560 3654 μή
2609 3600 2730 3636 τινα
2773 3581 2880 3635 τῶν
2927 3583 3262 3653 ὁλιγοψύχων
3304 3581 3769 3654 ἢάκεραιοτέρων

2181 3677 2450 3750 ἀποϐάλῃ.
2481 3675 2780 3748 Τοιγαροῦν
2802 3675 3134 3747 ηὐφραίνετο
3159 3675 3256 3745 μὲν
3289 3675 3382 3727 ἐπὶ
3410 3673 3486 3744 τῷ
3517 3673 3612 3744 τῆς
3640 3673 3768 3725 Ἐκ-

2181 3769 2410 3841 κλησίας
2469 3767 2748 3838 ἁσαλεύτῳ
2771 3808 2785 3832 ,
2845 3768 3197 3839 λωφήσαντος
3252 3765 3388 3838 πρὸς
3439 3765 3616 3833 ὀλίγον
3676 3763 3770 3817 τοῦ

2181 3860 2443 3932 διωγμοῦ·
2474 3859 2741 3932 ἤσχαλλεν
2766 3859 2822 3913 δὲ
2855 3859 2977 3913 καθ’
2999 3857 3213 3922 ἑαυτὸν,
3239 3857 3315 3922 ὡς
3354 3860 3520 3930 μήπω
3552 3858 3650 3927 τῆς
3683 3855 3772 3908 6v-

2182 3971 2287 4018 τως
2323 3955 2405 4016 εἰς
2444 3952 2676 4026 Χριστὸν
2721 3953 2942 4022 ἀγάπης
2974 3950 3342 4021 ἐφαψάμενος,
3377 3949 3511 4021 μηδὲ
3540 3949 3637 4018 τῆς
3679 3964 3770 4000 τε-

2182 4045 2330 4108 λείας
2377 4044 2470 4098 τοῦ
2529 4043 2772 4116 μαθητοῦ
2823 4043 3047 4110 τάξεως.
3103 4043 3333 4096 Ἐνενόει
3388 4042 3496 4112 γὰρ
3544 4041 3641 4110 τὴν
3683 4038 3772 4092 διὰ

2186 4137 2486 4209 μαρτυρίου
2532 4138 2822 4210 γινομένην
2861 4135 3150 4207 ὁμολογίαν
3188 4134 3370 4188 πλεῖον
3400 4133 3563 4187 αὐτὸν
3597 4149 3770 4203 προσ-

2185 4230 2490 4284 οικειοῦσαν
2524 4230 2600 4302 τῷ
2632 4231 2842 4304 Κυρίῳ.
2893 4229 3054 4282 Ὅθεν
3100 4229 3274 4282 ἔτεσιν
3321 4227 3520 4295 ὀλίγοις
3557 4226 3636 4278 ἔτι
3668 4242 3775 4278 πα-

2187 4323 2437 4394 ραμένων
2471 4325 2535 4394 τῇ
2567 4323 2884 4395 Ἐκκλησία,
2912 4323 3006 4378 καὶ
3044 4321 3237 4392 λύχνου
3269 4320 3422 4391 δίκην
3461 4317 3643 4373 θεῖκοῦ
3673 4317 3771 4388 τὴν

2185 4415 2413 4467 ἑκάστου
2458 4413 2706 4484 φωτίζων
2749 4415 2986 4470 διάνοιαν
3023 4413 3112 4466 διὰ
3146 4414 3242 4486 τῆς
3271 4412 3377 4466 τῶν
3414 4411 3603 4483 [θείων
3634 4410 3770 4482 (91)]

2186 4506 2416 4580 Γραφῶν
2445 4506 2772 4578 ἐξηγήσεως,
2804 4507 3170 4576 ἐπετύγχανεν
3195 4504 3302 4558 τῶν
3332 4505 3452 4558 κατ’
3475 4504 3661 4575 εὐχήν.

1599 4616 1663 4680 ll.
1694 4616 1938 4688 Ignatius
1975 4636 2008 4672 a
2042 4619 2276 4691 Trojano
2309 4623 2710 4678 condemnatur.

574 4709 828 4766 Posthzec
864 4710 1009 4765 enim
1050 4708 1342 4779 Trajanus,
1382 4725 1528 4764 nono
1559 4710 1773 4779 imperii
1803 4709 1887 4764 sui
1915 4724 2063 4763 anno

500 4803 730 4859 victoria
750 4803 817 4858 de
845 4801 1061 4874 Scythis
1090 4811 1143 4856 et
1171 4801 1328 4858 Dacis
1347 4802 1578 4872 aliisque
1610 4801 1794 4857 nmltis
1820 4801 2077 4871 gentibus.

589 4939 634 4971 ³ο
665 4938 820 4994 JOan.
857 4956 911 5006 ν,
937 4939 1026 4994 55.

574 5053 687 5119 (87)
715 5051 993 5123 Syriacam
1024 5055 1330 5109 versionem
1368 5054 1606 5123 capitum
1642 5053 1805 5121 hujus
1833 5053 2080 5123 martyrii

506 5125 600 5184 1-4
635 5124 765 5178 incl.
812 5124 1126 5192 nuperrime
1154 5125 1463 5179 Curetonus
1493 5140 1523 5178 e
1553 5125 1742 5178 codice
1772 5140 1876 5177 ms.
1907 5123 2081 5178 Musei

504 5193 874 5264 Londinensis
906 5194 1047 5263 typis
1079 5195 1336 5264 vulgavit.
1369 5194 1551 5264 Codex
1585 5194 1694 5264 hic,
1725 5208 1929 5262 paucos
1957 5203 2083 5248 ante

507 5280 683 5318 annos
713 5280 742 5318 e
776 5262 1100 5318 bibliotheca
1128 5262 1339 5319 Claudii
1371 5263 1560 5319 Jacobi
1589 5262 1748 5322 Rich,
1775 5264 1936 5332 legati
1973 5264 2084 5316 Bri-

507 5334 714 5390 tannici
759 5334 811 5386 in
862 5335 995 5388 urbe
1036 5334 1273 5401 Bagdad,
1309 5334 1614 5389 Londinum
1661 5335 1892 5395 delatus,
1917 5334 2081 5388 etiam

511 5405 874 5475 fragmentum
904 5403 1158 5473 Epistola:
1189 5404 1246 5459 S.
1284 5403 1475 5473 lgnatii
1504 5405 1573 5456 ad
1608 5403 1872 5457 Romanos
1909 5405 2084 5458 conti-

511 5473 623 5530 net.
664 5473 854 5530 Versio
890 5485 1068 5546 autem
1115 5476 1358 5546 martyrii
1393 5475 1613 5546 Syriaca
1647 5489 1755 5546 non
1788 5475 1989 5542 ubique
2016 5475 2084 5527 ad

510 5546 739 5599 verbum
773 5546 939 5599 textui
973 5545 1161 5600 Graeco
1189 5545 1395 5611 codicis
1431 5545 1731 5598 Colbertini
1771 5546 2081 5611 respondet,

509 5630 635 5671 cum
675 5615 844 5684 Syrus
888 5631 1278 5685 nonnunquam
1329 5615 1515 5669 Grasca
1558 5615 1698 5669 male
1735 5615 2081 5685 intellexerit,

513 5683 814 5752 saepissime
867 5695 1048 5740 autem
1105 5683 1422 5755 paraphrasi
1474 5685 1544 5739 sit
1597 5700 1749 5739 usus.
1815 5683 2080 5738 Caeterum

512 5772 703 5890 allliles
730 5756 892 5810 varia:
922 5756 1200 5824 lectiones,
1225 5757 1350 5812 inde
1373 5765 1522 5819 ortas,
1551 5756 1750 5810 nullius
1782 5765 1910 5810 sunt
1941 5771 2079 5825 pon~

550 5841 675 5881 eris.

550 5841 675 5881 erts.

2261 4733 2531 4805 Τραϊανοῦ
2566 4734 2672 4806 γὰρ
2711 4733 2846 4804 μετὰ
2879 4732 3051 4786 ταῦτα
3085 4733 3290 4802 ὲννάτῳ
3333 4731 3442 4783 ἔτει
3479 4730 3578 4800 τῆς
3605 4728 3770 4782 αὑτοῦ

2193 4825 2469 4896 βασιλείας
2500 4825 2630 4894 (92),
2657 4823 2984 4895 ἐπαρθέντος
3012 4824 3103 4876 ἐπὶ
3126 4826 3191 4894 τῇ
3222 4823 3347 4895 νίκῃ
3375 4825 3438 4892 τῇ
3471 4823 3611 4875 κατὰ
3642 4822 3777 4874 Σκυ-

2264 5047 2376 5115 (88)
2402 5043 2441 5115 l7.
2471 5058 2520 5097 e.
2551 5057 2600 5094 a.
2637 5040 2707 5094 98
2739 5055 2792 5108 p.
2821 5038 2922 5115 Ch.
2952 5057 3006 5094 n.

2265 5109 2377 5186 (89)
2411 5114 2553 5185 Lege
2583 5127 2708 5186 cum
2739 5111 2906 5186 veteri
2931 5112 3186 5186 versione
3206 5110 3420 5175 Latina,
3446 5111 3528 5186 ab
3548 5109 3773 5186 Usserio

2192 5176 2371 5248 edita;
2398 5187 2455 5238 ὲν
2490 5176 2598 5253 ’ῤνο
2630 5176 2720 5251 ἦν,
2749 5180 3018 5250 particula
3063 5182 3177 5248 καί,
3214 5198 3337 5251 quae
3377 5182 3646 5250 sequitur,
3677 5183 3773 5236 de-

2192 5259 2317 5313 leta.
2355 5257 2546 5311 Sut'rn.

2264 5328 2377 5400 (90)
2424 5326 2522 5381 Ms.
2557 5328 2634 5400 τῷ
2672 5328 2976 5400 πνεύματι,
3010 5323 3520 5400 male._Legendum
3553 5331 3654 5400 aut
3676 5323 3771 5400 τοῦ

2192 5394 2326 5452 πνεύ
2335 5394 2522 5468 ματος,
2543 5394 2638 5453 aut
2660 5399 2736 5468 τῷ
2769 5394 3138 5468 πνευματικῷ.
3168 5394 3442 5468 Posterior
3463 5394 3772 5468 emendatio

2194 5463 2524 5538 pracferenda
2556 5479 2673 5534 est;
2707 5463 2831 5522 nam
2866 5463 3101 5538 uterque
3121 5475 3292 5538 vetus
3317 5463 3591 5538 interpres
3624 5463 3774 5538 Lati—

2195 5533 2298 5593 iius
2335 5540 2493 5592 habet
2526 5557 2538 5592 :
2579 5559 2597 5589 ι
2623 5533 2907 5608 spirituali.
2935 5556 2952 5587 ι
2992 5536 3205 5608 Clerico
3243 5535 3436 5608 placet
3461 5533 3538 5608 τῷ
3576 5533 3775 5608 ὲντᾴνῳ

2192 5609 2572 5679 πνεύματι,ν‹
2614 5603 2771 5662 lirmo
2813 5619 2867 5663 et
2914 5606 3217 5672 constanti;
3245 5603 3272 5656 ⁷»
3325 5604 3582 5672 Smithio,
3625 5603 3775 5673 πόνῳ

2193 5678 2564 5750 πνευματικᾷκ
2600 5679 2717 5733 Jac.

2262 5742 2372 5821 (91')
2397 5742 2593 5805 Neuter
2624 5751 2890 5818 interpres
2918 5747 3147 5821 Latinus
3170 5745 3328 5799 Θείων
3358 5746 3603 5821 agnoscit
3636 5742 3772 5821 _J..\c.

2266 5815 2378 5892 (92)
2428 5821 2468 5873 1.
2517 5838 2561 5875 c.
2609 5837 2656 5874 a.
2706 5815 2804 5874 107
2849 5837 2902 5890 p.
2940 5819 3040 5875 Ch.
3087 5817 3201 5874 Vel.
3250 5815 3517 5888 interpres
3562 5815 3771 5872 habet:
