4142 6392
361 392 474 446 -981

1778 391 2213 447 MARTYRIUM.

3538 387 3642 437 98:!

367 551 480 604 θῶν
518 550 612 605 καὶ
647 553 837 607 Δακῶν
873 555 966 609 καὶ
1007 555 1210 627 ἑτέρων
1241 556 1449 623 πολλῶν
1477 555 1664 618 ἐθνῶν,
1688 558 1781 610 καὶ
1811 558 1960 628 νομί-

2064 565 2338 626 reportata
2366 557 2560 622 elatus,
2595 555 2662 610 ad
2705 552 3098 624 subjectioncm
3136 551 3381 606 omnium
3416 545 3518 599 sibi
3551 547 3646 598 :lti-

368 661 564 708 σαντος
610 645 692 699 ἐτι
729 645 936 701 λείπειν
981 649 1129 719 αὑτῷ
1171 649 1306 720 πρὸς
1351 651 1530 703 πᾶσαν
1584 650 1858 720 ὑποταγὴν
1899 649 1957 701 τὸ

366 736 480 790 τῶν
524 739 867 810 Χριστιανῶν
916 740 1166 805 θεοσεϐὲς
1215 742 1466 814 σύστημα
1489 785 1502 808 ,
1533 743 1626 795 καὶ
1660 743 1814 812 είμὴ
1860 742 1957 812 τὴν

369 828 480 883 τῶν
514 830 784 901 δαιμόνων
819 831 1024 886 ἕλοιντο
1051 832 1304 904 λατρείαν
1339 833 1475 903 μετὰ
1521 833 1738 886 πάντων
1770 833 1959 885 ὑπεισ-

373 922 512 975 ιέναι
544 922 651 976 τῶν
698 923 889 988 ὲθνῶν,
929 924 1168 996 διωγμὸν
1211 925 1503 996 ὑπομένειν
1537 925 1954 996 ἀπειλήσαντος,

370 1013 584 1077 πάντας
616 1012 728 1085 (95)
758 1016 883 1079 τοὺς
912 1015 1150 1079 εὐσεϐῶς
1179 1013 1436 1086 ζῶνταςῆ
1463 1015 1610 1068 θύειν
1647 1016 1957 1087 ἢτελευτᾷν

369 1105 810 1177 κατηνάγκαςεν.
859 1108 993 1161 Τότε
1039 1108 1216 1162 τοίνυν
1257 1108 1512 1179 φοϐηθεὶς
1541 1109 1682 1180 ὑπὲρ
1710 1109 1807 1179 τῆς
1839 1109 1958 1160 Ἀν-

368 1198 596 1268 τιοχέων
622 1199 953 1270 Ἐκκλησίας
974 1202 1002 1253 ὀ
1030 1203 1278 1269 γενναῖος
1307 1200 1401 1253 τοῦ
1423 1201 1660 1272 Χριστοῦ
1695 1202 1958 1272 στρατιώ-

368 1307 491 1360 της,
543 1291 804 1355 ἑκουσίως
840 1293 1004 1364 ήγετο
1049 1293 1186 1363 πρὸς
1229 1293 1496 1365 Τραϊανὸν
1531 1293 1671 1364 (94),
1701 1294 1958 1363 διάγοντα

371 1382 475 1453 μὲν
525 1383 644 1436 κατ’
665 1385 871 1438 ἐκεῖνον
906 1385 997 1438 τὸν
1045 1384 1236 1456 καιρὸν
1274 1386 1416 1440 κατὰ
1461 1385 1558 1456 τὴν
1604 1387 1954 1457 Ἀντιόχειαν,

370 1473 741 1539 σπουδάζοντα
771 1476 828 1529 δὲ
868 1477 962 1530 ἐπὶ
1008 1477 1300 1548 Ἀρμενίαν
1337 1477 1432 1530 καὶ
1460 1477 1729 1550 Πάρθους.
1779 1480 1864 1542 Ὡς
1901 1479 1958 1531 δὲ

368 1566 513 1618 κατὰ
547 1566 836 1637 πρόσωπον
869 1567 1000 1639 ἔστη
1043 1568 1312 1640 Τραῖανοῦ
1355 1568 1448 1622 τοῦ
1483 1569 1772 1640 βασιλέως·
1818 1589 1835 1620 ‹
1863 1570 1957 1633 Τίς

367 1652 440 1722 εἴ,
474 1657 826 1728 κακόδαιμον,
856 1658 956 1722 τὰς
1002 1659 1274 1731 ἡμετέρας
1327 1659 1642 1722 σπουδάζων
1689 1659 1956 1724 διατάξεις

368 1749 742 1819 ὑπερϐαίνειν,
771 1749 910 1820 μετά
934 1748 994 1802 τὸ
1018 1748 1132 1820 (95)
1155 1751 1248 1803 καὶ
1269 1750 1490 1821 ἑτέρους
1517 1751 1849 1814 ἀναπείθειν,
1869 1753 1958 1805 ἳνα

366 1839 557 1903 κακῶς
582 1839 918 1907 ἀπο).ῶνται;
941 1860 959 1892 ι
995 1842 1254 1910 Ἰγνάτιος
1283 1838 1461 1895 εἶπεν*
1493 1861 1511 1893 ι
1540 1842 1728 1907 Οὐδεὶς
1757 1843 1956 1913 Θεοφό-

2061 651 2167 704 huc
2197 650 2344 718 pium
2375 647 2814 702 Christianorum
2846 661 3046 714 corpus
3075 643 3265 698 deesse
3305 651 3476 706 ratus,
3517 653 3644 706 per-

2059 742 2508 810 secutiouemque
2529 781 2542 805 ,
2574 739 2680 793 nisi
2717 740 3025 792 daemonum
3057 735 3263 789 cultum
3296 750 3424 789 cum
3459 748 3546 787 om
3560 730 3646 782 ni-

2058 835 2162 889 bus
2189 835 2442 904 gentibus
2490 833 2966 902 amplecterentur,
2999 831 3257 895 minatus,
3289 842 3481 882 omnes
3512 827 3639 880 reli-

2058 925 2208 995 giose
2259 924 2504 978 viventes
2550 932 2646 978 aut
2701 923 3013 978 sacriﬁcare
3060 930 3153 975 aut
3205 921 3342 974 mori
3391 919 3634 989 cogebat.

2060 1016 2198 1072 Tum
2245 1032 2374 1071 vero
2416 1031 2516 1086 pro
2562 1016 2899 1070 Antiochena
2946 1012 3191 1069 Ecclesia
3248 1012 3638 1081 pertimescens

2058 1124 2358 1180 generosus
2386 1107 2593 1163 Christi
2630 1108 2810 1171 miles,
2848 1114 3041 1176 sponte
3064 1105 3264 1161 ductus
3293 1114 3376 1159 est
3407 1105 3474 1158 ad
3497 1103 3636 1157 Tra-

2054 1203 2269 1272 janum,
2299 1202 2394 1271 qui
2423 1218 2488 1257 eo
2528 1211 2771 1270 tempore
2802 1198 3108 1252 Antiochia:
3134 1197 3358 1266 quidem
3385 1196 3640 1250 moraba-

2060 1303 2168 1361 tur,
2191 1294 2285 1349 sed
2315 1302 2506 1348 contra
2529 1291 2842 1346 Armeniam
2873 1299 2928 1344 et
2949 1289 3184 1344 Parthos
3212 1289 3290 1342 ire
3325 1287 3636 1342 festinabat.

2059 1384 2130 1439 Ut
2177 1401 2308 1440 vero
2343 1386 2397 1439 in
2435 1393 2737 1453 conspectu
2784 1380 3008 1450 Trajani
3055 1377 3403 1450 imperatoris
3449 1378 3637 1432 stetit:

2065 1497 2083 1530 ι
2105 1477 2240 1544 Quis
2267 1471 2347 1541 es,
2385 1475 2582 1546 inquit,
2617 1490 2650 1530 o
2685 1474 3059 1539 cacodzemon,
3100 1472 3191 1542 qui
3239 1480 3428 1526 nostra
3479 1486 3644 1523 manv

2058 1568 2186 1623 data
2227 1567 2533 1638 transgredi
2562 1565 2809 1631 eniteris,
2841 1563 3116 1632 simulque
3160 1563 3283 1616 aliis
3331 1561 3550 1623 suades,
3584 1576 3646 1612 ιιέι

2059 1661 2201 1714 male
2229 1659 2492 1729 pereant?
2517 1677 2535 1710 ›
2580 1658 2824 1727 [gnatius
2854 1655 3175 1726 respondit:
3206 1673 3224 1705 ί
3259 1652 3432 1708 Nemo
3459 1652 3642 1706 Theo-

2057 1753 2292 1822 pherum
2339 1759 2496 1804 vocet
2542 1749 3020 1812 cacodaemonem;
3073 1745 3462 1800 abscesserunt
3496 1744 3644 1797 enim

2058 1843 2324 1898 daemonia
2357 1858 2388 1896 a
2417 1841 2590 1897 servis
2619 1841 2734 1893 Dei.
2787 1837 2882 1892 Sin
2919 1852 3068 1904 vero,
3113 1837 3242 1905 quia
3291 1835 3358 1890 iis
3409 1834 3642 1888 infestus

368 1950 463 2004 ρον
496 1934 761 1988 ἀποκαλεῖ
797 1934 1184 2006 κακοδαίμονα·
1209 1934 1551 2004 ἀφεστήκασι
1576 1936 1684 2007 γὰρ
1713 1936 1821 1990 ἀπὸ
1851 1935 1958 1989 τῶν

2062 1947 2203 1998 sum,
2240 1947 2327 1986 me
2367 1932 2531 1986 etiam
2569 1928 2772 1982 malum
2820 1929 2875 1980 in
2914 1927 3194 1982 daemonas
3220 1940 3414 1991 vocas,
3450 1939 3642 1978 assen-

363 2024 568 2078 δούλων
595 2025 688 2079 τοῦ
718 2025 853 2079 Θεοῦ
887 2027 954 2080 τά
983 2027 1254 2098 δαιμόνια.
1289 2027 1353 2079 Εἰ
1379 2027 1456 2090 δὲ,
1474 2029 1554 2081 ὅτι
1581 2028 1790 2092 τούτοις
1824 2030 1958 2082 ἐπα-

365 2117 503 2190 χθής
542 2119 678 2188 εἰμι,
708 2117 826 2190 [καὶ
869 2119 1004 2191 (96)]
1039 2121 1207 2174 κακόν
1243 2138 1308 2192 με
1344 2121 1481 2192 πρὸς
1525 2122 1650 2185 τοὺς
1699 2121 1958 2191 δαίμονας

365 2207 684 2272 ἀποκαλεῖς,
728 2209 1092 2280 συνομολογῶ.
1136 2211 1370 2284 Χριστὸν
1400 2212 1509 2282 γάρ
1553 2210 1690 2281 ἔχων
1725 2212 1959 2283 ἐπουρά-

364 2316 481 2352 νιον
541 2300 804 2369 βασιλέα,
856 2303 954 2366 τὰς
1013 2303 1216 2358 τούτων
1283 2304 1537 2359 καταλύω
1595 2304 1904 2370 ἐπιϐουλάς.
1935 2326 1952 2358 ι

367 2391 638 2460 Τραϊανὸς
671 2388 844 2445 εἶπενο
876 2412 893 2443 ι
917 2393 1026 2446 Καὶ
1048 2393 1131 2457 τίς
1155 2396 1271 2448 ἐστι
1332 2395 1600 2464 Θεοφόρος
1620 2411 1634 2458 ;
1658 2415 1675 2446 ι
1699 2395 1958 2464 Ἰγνάτιος

367 2483 721 2553 ἁπεκρίνατο·
752 2504 770 2535 ‹
811 2485 868 2536 '0
898 2485 1130 2556 Χριστὸν
1159 2486 1298 2557 έχων
1330 2488 1388 2540 ἐν
1417 2486 1678 2557 στέρνοις.
1709 2506 1725 2537 ι
1757 2487 1959 2557 Τραϊα-

368 2575 461 2638 νὸς
495 2572 665 2629 εἶπεν·
714 2597 732 2628 ι
773 2578 964 2648 Ἡμεῖς
995 2575 1087 2631 οὖν
1122 2596 1203 2631 σοι
1241 2578 1508 2651 δοκοῦμεν
1551 2580 1693 2633 κατὰ
1731 2579 1854 2633 νοῦν
1885 2579 1959 2651 μὴ

369 2666 514 2737 ἔχειν
547 2668 721 2735 θεοὺς,
755 2663 834 2733 οἷς
869 2670 962 2724 καὶ
994 2669 1256 2742 χρώμεθα
1300 2671 1606 2743 συμμάχοις
1654 2671 1791 2742 πρὸς
1836 2673 1960 2735 τοὺς

368 2761 697 2831 πολεμίουςς
739 2782 756 2814 ι
811 2763 1074 2832 Ἰγνάτιος
1120 2759 1292 2817 εἶπεν·
1337 2783 1355 2815 r
1397 2765 1477 2818 Τὰ
1529 2765 1782 2836 δαιμόνια
1852 2765 1958 2816 τῶν

372 2851 544 2904 ἐθνῶν
604 2851 759 2916 θεοὺς
824 2853 1253 2926 προσαγορεύεις
1305 2853 1685 2926 πλανώμενος·
1735 2849 1815 2918 εἷς
1852 2855 1960 2926 γὰρ

371 2943 520 2996 ἔστιν
555 2944 707 3010 Θεὸς,
737 2948 766 2998 6
797 2947 1030 3017 ποιήσας
1071 2947 1160 2999 τὸν
1193 2947 1422 3017 οὐρανὸν
1465 2949 1560 3001 καὶ
1591 2947 1688 3019 τὴν
1727 2947 1828 3018 γῆν
1867 2949 1961 3000 καὶ

371 3036 472 3106 τὴν
505 3036 802 3102 θάλασσαν,
827 3039 919 3091 καὶ
951 3037 1130 3092 πάντα
1160 3039 1227 3092 τὰ
1259 3041 1318 3092 ἐν
1356 3041 1558 3104 αὐτοῖς’
1587 3041 1680 3094 καὶ
1711 3035 1792 3104 εἷς
1827 3042 1961 3112 Χρι-

377 3128 500 3192 στὸς
534 3130 763 3202 Ἰησοῦς,
799 3134 826 3184 6
874 3131 1000 3195 Υἱὸς
1044 3131 1138 3185 τοῦ
1183 3131 1319 3185 Θεοῦ
1361 3135 1389 3186 6
1432 3133 1744 3204 μονογενὴς,
1773 3127 1833 3186 οὗ
1866 3133 1962 3203 τῆς

375 3219 653 3291 βασιλείας
685 3223 948 3295 όναίμηνῑ
980 3245 998 3277 ι
1039 3225 1304 3297 Τραϊανὸς
1329 3219 1502 3279 εἷπεψ
1534 3247 1552 3278 ι
1581 3227 1684 3278 Τὸν
1715 3243 1961 3297 σταυρω-

2058 2025 2349 2081 ῑίοινμαιειηι
2381 2023 2524 2078 enim
2557 2021 2785 2074 habeam
2816 2018 3095 2073 Christum
3128 2017 3406 2072 caelestem
3439 2031 3644 2085 regem,

2058 2118 2286 2174 insidias
2335 2118 2556 2170 illorum
2602 2116 2868 2170 dissolvo.
2903 2131 2919 2163 ι
2969 2111 3041 2165 At
3085 2109 3359 2180 Trajanus
3406 2127 3418 2162 :
3465 2105 3644 2172 «Quis

2059 2222 2163 2276 est,
2191 2211 2286 2277 ait,
2319 2207 2717 2278 Theophorus?
2744 2225 2761 2257 ι
2795 2205 3036 2274 lgnatius
3067 2202 3378 2272 respondit:
3407 2217 3424 2250 ι
3451 2201 3523 2265 ls,
3548 2199 3646 2268 qui

2060 2303 2222 2358 habet
2250 2301 2528 2356 Christum
2560 2300 2612 2352 in
2646 2307 2882 2369 pectore.
2912 2317 2930 2348 ι
2965 2295 3107 2350 Tum
3141 2293 3413 2365 Trajanus
3444 2311 3456 2346 :
3487 2312 3504 2344 ι
3536 2292 3648 2345 An-

2059 2411 2168 2450 non
2201 2395 2451 2449 videmur
2497 2391 2616 2457 tibi,
2643 2389 2858 2460 inquit,
2893 2397 2948 2443 et
2986 2404 3085 2442 nos
3116 2387 3169 2440 in
3203 2385 3388 2440 animo
3433 2394 3650 2452 gestare

2060 2489 2192 2542 deos
2237 2493 2492 2546 nostros,
2523 2481 2726 2552 quibus
2773 2480 3039 2533 adversus
3077 2477 3262 2531 hostes
3301 2472 3647 2544 adjutoribus

2063 2577 2306 2634 utimur?
2331 2595 2348 2627 ι
2391 2573 2635 2644 lgnatius
2674 2568 2957 2640 respondit
2994 2586 3007 2621 :
3039 2587 3057 2619 ι
3081 2565 3360 2621 Daemonia
3403 2564 3650 2633 gentium

2061 2685 2254 2726 errans
2285 2681 2452 2722 vocas
2484 2666 2647 2730 deos;
2681 2671 2766 2718 est
2792 2661 2938 2716 enim
2967 2674 3106 2714 unus
3137 2657 3304 2723 Deus,
3327 2657 3420 2725 qui
3449 2655 3649 2710 coelum

2062 2771 2116 2817 et
2143 2772 2345 2816 terram
2378 2766 2432 2812 et
2459 2771 2628 2818 mare,
2663 2762 2718 2809 et
2746 2751 2931 2808 omnia
2961 2766 3084 2820 quae
3115 2757 3244 2804 sunt
3269 2748 3323 2802 in
3352 2747 3442 2813 iis,
3483 2745 3646 2809 fecit;

2063 2865 2119 2911 et
2145 2868 2289 2908 unus
2313 2851 2570 2906 Christus
2599 2847 2780 2911 Jesus,
2807 2844 2983 2898 Filius
3005 2843 3099 2898 Dei
3131 2840 3467 2912 unigenitus,
3489 2837 3650 2906 cujus

2066 2960 2233 3016 regno
2258 2946 2466 2999 utinam
2492 2941 2678 2995 fruar!
2703 2957 2721 2989 ι
2755 2937 3029 3007 Trajanus
3058 2934 3229 2989 dixit:
3256 2953 3273 2984 ι
3298 2931 3454 2986 Illum
3488 2930 3652 2995 dicis,

2065 3041 2160 3113 qui
2203 3039 2304 3093 sub
2352 3035 2546 3091 l’ontio
2599 3032 2775 3086 Pilato
2841 3028 3135 3085 cruciﬁxus
3192 3025 3356 3080 est?»
3406 3023 3649 3094 lgnatius

2066 3131 2382 3202 respondit:
2408 3149 2426 3181 ι
2459 3127 2618 3193 Eum,
2647 3123 2740 3196 qui
2771 3124 2826 3177 in
2859 3136 3076 3178 crucem
3106 3119 3328 3175 sustulit
3361 3127 3650 3187 peccatum

2067 3239 2248 3280 meum
2280 3237 2405 3278 cum
2436 3220 2556 3290 ejus
2594 3219 2900 3276 inventore,
2928 3222 2983 3267 et
3013 3226 3231 3266 omnem
3264 3223 3509 3263 errorem
3537 3207 3650 3260 dae-

374 3313 534 3368 θέντα
565 3315 744 3384 λέγεις
780 3317 872 3370 ἐπὶ
906 3296 1131 3371 Ποντίου
1163 3318 1428 3384 Πιλάτου;
1453 3339 1470 3369 ι
1501 3318 1758 3387 Ἰγνάτιος
1787 3296 1955 3371 εἶπεψ

2068 3317 2379 3373 moniacum
2423 3323 2753 3380 omnemque
2799 3305 3062 3360 malitiam
3108 3304 3378 3358 damnans
3414 3298 3651 3367 subjecit

381 3425 398 3455 ι
429 3405 532 3458 Τὸν
564 3406 1062 3477 ἀνασταυρώσαντα
1092 3408 1188 3480 τὴν
1224 3411 1364 3480 ὲμὴν
1391 3409 1665 3480 ἁμαρτίαν
1697 3408 1834 3479 μετὰ
1867 3407 1960 3461 τοῦ

373 3496 575 3568 ταύτης
597 3499 842 3570 εὑρετοῦ,
869 3501 961 3553 καὶ
987 3501 1166 3553 πᾶσαν
1187 3499 1625 3554 καταδικάσαντα
1643 3499 1960 3570 δαιμονικὴν

373 3589 584 3660 πλάνην
630 3590 723 3644 καὶ
769 3591 966 3646 κακίαν
1015 3591 1118 3645 ὑπὸ
1160 3593 1284 3655 τοὺς
1326 3593 1494 3656 πόδας
1549 3591 1656 3645 τῶν
1700 3592 1862 3645 αὑτὸν
1904 3594 1962 3644 ὲν

374 3683 575 3753 καρδίᾳ
631 3684 960 3755 φοροῦντων.
986 3705 1004 3736 ο
1065 3685 1332 3757 Τραϊανὸς
1368 3679 1539 3737 εἶπενο
1595 3704 1612 3734 ε
1645 3685 1716 3737 Σὺ
1761 3679 1854 3738 οὖν
1901 3686 1960 3737 ἐν

374 3767 554 3838 ἐαυτῷ
602 3770 788 3841 φέρεις
833 3773 925 3826 τὸν
973 3773 1382 3845 σταυρωθέντα;
1405 3793 1424 3825 ι
1477 3773 1739 3842 Ἰγνάτιος
1785 3770 1959 3826 εἷπεν-

380 3879 398 3910 ι
427 3861 554 3914 Ναί·
603 3863 912 3934 γέγραπται
959 3866 1084 3937 γάρ·
1123 3864 1446 3932 Ἐνοικήσω
1482 3865 1553 3919 ἐν
1593 3865 1819 3932 αὐτοῖς,
1861 3867 1958 3919 καὶ

374 3954 852 4024 ἐμπεριπατήσω.
877 3977 896 4007 ›
947 3958 1215 4029 Τραϊανὸς
1257 3959 1593 4029 ἀπεφήνατο·
1655 3977 1672 4009 ι
1703 3957 1961 4028 Ἰγνάτιον

377 4046 811 4119 προσετάξαμεν,
838 4049 929 4103 τὸν
970 4051 1028 4102 ἐν
1058 4049 1237 4120 ἐαυτῷ
1269 4050 1494 4118 λέγοντα
1525 4051 1842 4123 περιφέρειν
1873 4051 1962 4105 τὸν

375 4138 812 4211 ἐσταυρωμένον,
859 4141 1078 4213 δέσμιον
1127 4142 1232 4194 ὑπὸ
1280 4141 1628 4213 στρατιωτῶν
1673 4144 1962 4213 γενόμενον

375 4228 603 4298 ἄγεσθαι
639 4233 789 4304 παρά
817 4233 916 4304 τὴν
949 4233 1190 4304 μεγάλην
1236 4233 1472 4304 Ῥώμην,
1508 4233 1703 4307 βρῶμα
1735 4238 1962 4306 γενησό-

380 4339 540 4392 μενον
581 4323 784 4396 θηρίων
825 4327 905 4389 εἰς
933 4326 1121 4398 τέρψιν
1155 4326 1247 4380 τοῦ
1284 4327 1457 4398 δήμου
1488 4327 1618 4398 (97).
1645 4348 1662 4379 ι
1695 4328 1910 4400 Ταύτης
1936 4331 1965 4382 6

377 4413 530 4481 ἅγιος
557 4415 764 4488 μάρτυς
793 4419 1104 4482 ἐπακούσας
1127 4419 1224 4485 τῆς
1249 4419 1596 4488 ἀποφάσεως,
1625 4420 1762 4490 μετὰ
1789 4423 1963 4492 χαρᾶς

376 4507 622 4580 ἐϐόησεν·
677 4531 695 4561 ι
723 4511 1044 4583 Εὐχαριστῶ
1088 4529 1198 4576 σοι,
1235 4513 1514 4577 Δέσποτα,
1545 4513 1626 4565 ὅτι
1673 4530 1740 4583 με
1781 4513 1963 4583 τελείᾳ

375 4605 441 4674 τῇ
473 4603 610 4674 πρὸς
634 4604 695 4656 σὲ
721 4605 909 4676 ἀγάπῃ
932 4605 1159 4675 τιμῆσαι
1190 4604 1553 4676 κατηξίωσας,
1576 4603 1654 4674 τῷ
1676 4605 1962 4675 ἁποστόλῳ

377 4712 472 4748 σου
514 4696 713 4768 Παύλῳ
758 4696 976 4768 δεσμοῖς
1023 4697 1288 4768 συνδήσας
1331 4697 1589 4768 σιδηροῖς.
1619 4717 1636 4747 ι
1677 4696 1863 4750 Ταῦτα
1895 4699 1964 4750 εί-

375 4786 528 4852 πὼν,
566 4789 660 4842 καὶ
715 4791 836 4859 μετ’
856 4789 1195 4860 εὐφροσύνης
1243 4789 1598 4861 περιθέμενος
1640 4789 1707 4842 τὰ
1747 4789 1960 4859 δεσμὰ,

376 4880 744 4952 ἐπευξάμενος
803 4882 1068 4953 πρότερον
1109 4883 1174 4951 τῇ
1220 4880 1552 4952 Ἐκκλησία,
1611 4881 1704 4932 καὶ
1761 4879 1963 4950 ταύτην

376 4973 756 5046 παραθέμενος
787 4972 924 5044 μετὰ
959 4972 1211 5044 δακρύων
1239 4971 1317 5042 τῷ
1346 4974 1557 5044 Κυρίῳ,
1591 4972 1779 5043 ὥσπερ
1808 4972 1964 5043 κριὸς

2065 3408 2295 3478 pedibus
2341 3419 2557 3467 eorum,
2589 3401 2684 3472 qui
2733 3400 2913 3469 ipsum
2961 3397 3014 3450 in
3059 3396 3222 3450 corde
3279 3402 3494 3463 gerunt.
3530 3411 3548 3442 ι
3582 3390 3652 3444 At

2067 3501 2338 3569 Trajanus
2385 3516 2398 3551 :
2433 3496 2653 3566 «Ergo,
2695 3494 2804 3558 ait,
2851 3491 2994 3560 geris
3034 3491 3088 3542 in
3143 3498 3198 3544 te
3238 3484 3596 3542 cruciﬁxum?
3626 3503 3644 3533 ι

2065 3591 2306 3664 lgnatius
2349 3587 2705 3659 responditzc
2732 3584 2872 3651 lmo;
2902 3584 3166 3654 scriptum
3208 3580 3354 3635 enim
3388 3587 3474 3632 cst
3499 3596 3511 3630 :
3535 3575 3651 3628 lla-

2069 3684 2246 3738 bitabo
2271 3690 2320 3736 et
2353 3679 2635 3734 ambulabo
2675 3679 2814 3732 inter
2843 3694 2930 3732 eos
2961 3675 3027 3729 “.
3059 3694 3077 3726 ι
3117 3673 3388 3743 Trajanus
3419 3679 3646 3725 senten—

2065 3777 2196 3829 tiam
2235 3773 2396 3826 tulit:
2432 3791 2448 3822 ι
2476 3769 2746 3840 lgnatium
2769 3811 2782 3834 ,
2819 3769 2910 3836 qui
2955 3769 3009 3821 in
3041 3781 3100 3822 se
3132 3767 3252 3836 ipso
3290 3762 3649 3818 circumferre

2066 3871 2386 3926 cruciﬁxum
2425 3866 2727 3930 contendit,
2754 3865 3024 3934 jussimus
3056 3863 3111 3916 in
3142 3862 3362 3916 vincula
3395 3877 3426 3915 a
3459 3861 3649 3914 militi-

2065 3965 2168 4018 bus
2197 3960 2504 4031 conjectum
2550 3958 2746 4013 abduci
2781 3955 3010 4011 Romam
3042 3969 3323 4026 magnam,
3357 3960 3416 4008 ut
3443 3953 3515 4009 sit
3548 3969 3647 4022 pa-

2066 4065 2184 4112 stus
2239 4053 2478 4108 ferarum
2522 4051 2590 4104 ad
2640 4049 3058 4105 delectationem
3105 4047 3311 4117 populi.
3341 4065 3358 4098 ι
3417 4044 3650 4100 Senten-

2067 4147 2198 4200 tiam
2234 4151 2377 4199 hanc
2415 4159 2542 4200 cum
2573 4149 2799 4196 sanctus
2829 4151 3038 4210 martyr
3077 4138 3340 4203 audisset,
3376 4151 3485 4206 pra:
3517 4152 3651 4206 gau-

2065 4240 2158 4294 dio
2197 4237 2523 4293 exclamavit
2563 4253 2574 4288 :
2616 4253 2632 4285 ι
2666 4232 2884 4288 Gratias
2931 4232 3026 4286 tibi
3075 4247 3198 4302 ago,
3233 4229 3483 4295 Domine,
3524 4229 3657 4298 quia.

2066 4347 2155 4387 me
2180 4330 2420 4401 perfecta
2445 4343 2573 4398 erga
2601 4337 2653 4380 te
2673 4326 2940 4381 charitate
2965 4325 3242 4380 honorare
3266 4323 3524 4393 dignatus
3567 4337 3649 4385 es,

2065 4425 2159 4494 qui
2193 4439 2278 4478 me
2312 4438 2438 4478 cum
2486 4423 2736 4492 apostolo
2773 4431 2866 4475 tuo
2901 4418 3072 4472 Paulo
3115 4419 3171 4471 in
3214 4416 3392 4470 ferrea
3432 4415 3650 4469 vincula

2067 4516 2388 4586 conjeceris.
2418 4535 2436 4567 ι
2467 4514 2593 4568 Haec
2622 4529 2747 4568 cum
2771 4511 3021 4574 dixisset,
3047 4517 3102 4564 et
3127 4508 3287 4562 hilari
3317 4509 3505 4562 animo
3538 4508 3652 4559 vin-

2068 4605 2190 4659 cula
2231 4604 2584 4674 suscepisset,
2617 4617 2854 4671 cumque
2887 4600 3044 4670 prius
3086 4608 3300 4655 orasset
3341 4614 3440 4667 pro
3472 4598 3654 4652 Eccle-

2070 4697 2173 4758 sia,
2201 4706 2255 4751 et
2290 4713 2409 4752 eam
2450 4711 2574 4750 cum
2618 4695 2875 4765 lacrymis
2913 4692 3147 4747 Domino
3189 4692 3650 4755 commendasset,

2072 4791 2245 4845 instar
2280 4789 2468 4845 arietis
2510 4789 2762 4859 insignis,
2789 4786 2887 4855 qui
2924 4785 3201 4856 egregium
3237 4799 3453 4853 gregem
3483 4784 3650 4846 ducit.

2070 4882 2243 4936 ferina
2273 4881 2582 4942 et,militari
2607 4880 2902 4934 acerbitate
2929 4885 3215 4946 correptus
3244 4883 3346 4939 est,
3384 4874 3656 4930 abducen-

2070 4971 2172 5024 dus
2207 4969 2435 5024 Romam
2461 4969 2528 5023 ad
2557 4978 2770 5038 pastum
2803 4975 3156 5022 cruentarum
3187 4965 3450 5019 ferarum.

376 5070 679 5142 ἐπίσημος,
717 5069 917 5140 ἀγέλης
959 5068 1129 5138 καλῆς
1167 5068 1486 5139 ἡγούμενος,
1526 5068 1630 5120 ὑπὸ
1665 5067 1962 5139 θηριώδους
2001 5066 2398 5138 στρατιωτικῆς
2461 5065 2764 5135 δεινότητος
2804 5061 3201 5133 συνηρπάζετο,
3235 5060 3441 5132 θηρίοις
3495 5063 3655 5132 αἱμο-

377 5167 559 5239 ϐόροις
621 5165 716 5219 ἐπὶ
771 5166 871 5235 τὴν
927 5163 1144 5234 Ῥώμην
1191 5163 1648 5234 ἀπαχθησόμενος
1703 5163 1840 5235 πρὸς
1889 5162 2070 5232 βοράν.

439 5327 482 5358 ³¹
524 5325 698 5381 Levit.
733 5343 882 5389 xxw.
914 5327 1015 5388 ης
1058 5325 1102 5380 Il
1128 5326 1253 5382 Cor.
1288 5342 1364 5385 vr.
1400 5326 1483 5380 l6.

383 5507 580 5565 «anno
625 5500 891 5565 (μιαί-εστι
944 5491 1180 5548 Grabius
1235 5493 1462 5564 corrigit
1501 5493 1712 5562 δεκάτῳ
1755 5494 1961 5565 ἐννάτῳ

376 5564 508 5624 ἕτει,
550 5563 587 5616 i.
619 5578 668 5616 e.
703 5578 754 5616 a.
793 5564 916 5617 HG.

451 5633 566 5696 (95)
607 5633 679 5686 '0.
707 5633 869 5701 φόϐος
911 5643 1035 5689 ante
1070 5633 1278 5698 πάντας
1309 5635 1361 5689 in
1396 5651 1500 5690 ms.
1541 5635 1681 5688 male
1718 5633 1960 5690 additum

377 5717 757 5762 assumentum
785 5713 888 5769 est,
919 5706 1066 5774 quod
1107 5714 1296 5760 neuter
1328 5718 1481 5761 vetus
1509 5704 1605 5758 int.
1646 5703 1875 5760 Latinus
1909 5707 1962 5758 in

379 5774 570 5844 codice
592 5789 698 5844 _suo
732 5774 965 5844 legebat.
1000 5774 1116 5829 Jac.

445 5842 832 5914 (94)7Ignatius
861 5857 1053 5914 Sponte
1092 5862 1150 5900 sc
1180 5846 1411 5900 contulit.
1449 5847 1515 5900 ad
1549 5845 1874 5914 Trajanum,
1906 5857 1965 5900 ut

379 5925 504 5968 cum
530 5913 1138 5993 placarctﬁxpositionc
1169 5917 1430 5976 doctrina:
1464 5913 1810 5990 Christianae,
1849 5930 1963 5987 aut,

2066 5497 2111 5550 si
2141 5497 2324 5552 minus
2353 5511 2477 5550 cum
2520 5495 2736 5563 placare
2765 5501 2970 5562 posset.
2998 5501 3166 5547 totam
3211 5491 3346 5563 iram
3379 5492 3499 5560 ejus
3547 5490 3663 5559 ipse

2062 5568 2362 5635 exciperet,
2397 5562 2808 5634 Ecclesiamque
2850 5563 3245 5618 Antiochenam
3297 5562 3376 5617 sic
3409 5572 3554 5616 metu
3594 5563 3659 5614 li-

2067 5653 2195 5693 bera
2207 5646 2304 5691 ret.
2333 5639 2501 5692 Cum.

2140 5708 2252 5776 (95)
2286 5708 2478 5762 Melius
2503 5706 2617 5760 τοῦ.
2656 5705 2850 5763 διιιτιι.
2917 5719 2921 5723 ·

2142 5779 2254 5844 (liti)
2284 5779 2391 5831 Καί
2420 5779 2680 5832 abundat.
2718 5778 2906 5831 Sul't‘n.

2143 5849 2250 5918 (97)
2281 5849 2392 5904 (ΗΓ.
2430 5849 2542 5920 lgn.
2572 5851 2638 5902 ad
2673 5848 2821 5902 Rom.
2856 5865 2902 5902 c.
2931 5849 2982 5898 ti.
