4142 6392
519 359 626 415 985

2036 355 2096 409 S.
2139 351 2394 409 IGNATH

3687 352 3794 408 98‘

1628 521 1718 578 Ill.
1760 521 1818 576 S.
1850 521 2095 590 Ignatius
2130 521 2416 592 Smyrnam
2447 521 2682 590 navigat.

588 663 725 718 Cum
779 664 948 718 multa
1003 679 1132 734 ergo
1185 664 1466 720 alacritate
1511 672 1563 719 et
1600 663 1819 729 laetitia,
1852 663 2093 733 patiendi

2268 660 2422 714 Μετὰ
2450 659 2652 731 πολλῆς
2684 661 2862 714 τοίνυν
2905 660 3215 733 προθυμίας
3243 661 3337 717 καὶ
3367 665 3566 735 χαρᾶς,
3601 664 3788 718 ἐπιθυ-

519 754 837 824 cupiditate,
873 755 1161 810 Antiochia
1194 755 1499 812 Seleuciam
1529 755 1829 820 descendit,
1860 765 1912 810 et
1952 755 2099 810 illinc

518 846 641 899 navi
676 856 865 901 vectus
915 856 1034 914 est;
1082 865 1319 919 cumque
1367 858 1492 920 post
1535 849 1739 904 multos
1786 848 2002 902 labores
2029 846 2098 902 ad

517 936 938 1009 Sntyrnensium
962 941 1152 995 urbem
1185 943 1507 1013 appulisset,
1536 943 1709 997 multa
1745 956 1870 996 cum
1910 941 2092 994 lmtitia

515 1042 546 1082 e
574 1028 698 1082 navi
743 1029 1046 1098 descendit,
1093 1047 1155 1086 ae
1191 1042 1439 1088 sanctum
1483 1032 1865 1104 Polycarpum,
1909 1029 2096 1102 Smyr-

514 1121 770 1175 nensium
796 1122 1137 1192 episcopum,
1159 1125 1433 1194 quondam
1453 1123 1889 1194 condiscipulum
1908 1139 2093 1188 suum,

513 1213 697 1266 videre
728 1211 1004 1268 festinavit
1033 1233 1046 1269 :
1085 1214 1303 1270 fuerant
1328 1216 1475 1270 enim
1500 1216 1631 1270 olim
1660 1215 1833 1270 sancti
1861 1215 2092 1284 apostoli

509 1300 741 1359 Joannis
766 1303 1037 1374 discipuli.
1078 1305 1235 1374 Apud
1266 1320 1427 1375 quem
1454 1306 1785 1369 diversatus,
1816 1318 1941 1358 eum
1967 1317 2093 1358 eum

510 1396 877 1464 spiritualium
909 1397 1304 1452 charismatum
1339 1397 1660 1468 participem
1695 1395 1933 1462 fecisset,
1977 1395 2094 1450 suis

508 1487 675 1541 etiam
706 1488 944 1544 vinculis
974 1497 1118 1544 esset
1148 1489 1435 1559 gloriatus,
1468 1491 1662 1546 orabat
1685 1505 1832 1555 eum,
1880 1500 1940 1542 ut
1981 1487 2096 1542 vel-

506 1580 580 1633 let
603 1581 948 1650 propositum
977 1581 1149 1650 ipsius
1176 1583 1471 1654 adjuvare;
1505 1590 1560 1637 et
1601 1582 1840 1637 maxime
1870 1581 2087 1652 quidem

505 1670 612 1727 hoc
638 1672 866 1742 rogabat
889 1681 1057 1728 totam
1091 1672 1391 1730 Ecclesiam
1426 1673 1773 1746 (exceperant
1796 1674 1940 1728 enim
1965 1689 2092 1727 sano

505 1771 655 1817 ctum
683 1763 840 1817 illum
867 1763 1048 1818 virum
1081 1764 1329 1820 civitates
1354 1773 1516 1835 atque
1541 1763 1798 1819 Ecclesia:
1828 1763 1971 1819 Asia)
1995 1779 2092 1834 per

503 1855 790 1924 episcopos
813 1866 866 1910 et
896 1856 1240 1927 presbyteros
1267 1857 1623 1919 etdiaconos,
1651 1871 1774 1911 cum
1806 1870 1996 1911 omnes
2020 1855 2089 1910 ad

503 1961 628 2001 eum
663 1947 1006 2015 festinarent,
1043 1949 1088 2002 si
1118 1947 1259 2002 forte
1284 1957 1491 2018 partem
1528 1947 1880 2004 charismatis
1919 1947 2086 2018 spiri-

2204 750 2304 823 μία
2339 750 2434 805 τοῦ
2473 750 2700 815 πάθους,
2731 751 3009 806 κατελθὼν
3053 752 3161 807 ἀπὸ
3199 753 3530 825 Ἀντιοχείας
3567 755 3646 818 εἰς
3691 755 3787 828 τὴν

2198 842 2541 908 Σελεύκειαν,
2576 843 2784 897 ἐκεῖθεν
2825 845 3004 916 εἴχετο
3044 845 3138 898 τοῦ
3181 845 3365 909 πλοός·
3405 847 3499 901 καὶ
3531 848 3788 920 προσχὼν

2202 933 2340 1003 μετά
2383 932 2552 986 πολὺν
2591 933 2841 1004 κάματον
2878 937 2944 1006 τῇ
2979 937 3300 1008 Σμυρναίων
3334 937 3487 990 πόλει
3520 937 3653 1012 (98),
3689 941 3786 993 σὺν

2197 1027 2366 1099 πολλῇ
2399 1028 2545 1098 χαρᾷ
2588 1026 2835 1090 καταϐάς
2879 1028 2979 1098 τῆς
3013 1028 3175 1100 νηὸς,
3227 1029 3453 1084 ἔσπευδε
3493 1029 3583 1083 τὸν
3632 1031 3786 1100 ἆγιον

2196 1121 2573 1192 Πολύκαρπον,
2591 1119 2682 1172 τὸν
2703 1119 3026 1193 Σμυρναίων
3047 1120 3364 1188 ἐπίσκοπον,
3383 1122 3474 1176 τὸν
3494 1140 3787 1196 συνακροα-

2195 1212 2313 1284 τὴν,
2345 1210 2665 1265 θεάσασθαιο
2698 1211 3046 1280 ἐγεγόνεισαν
3072 1213 3181 1284 γάρ
3214 1214 3378 1267 πάλαι
3413 1215 3652 1287 μαθηταὶ
3691 1214 3784 1268 τοῦ

2192 1301 2349 1369 άγῖου
2397 1300 2696 1355 ἀποστόλου
2746 1302 3020 1355 Ἰωάννου.
3075 1297 3278 1373 Παρ’ᾦ
3319 1305 3645 1376 καταχθεὶς,
3691 1304 3784 1358 καὶ

2191 1391 2581 1464 πνευματικῶν
2606 1391 2756 1464 αὐτῷ
2787 1395 3122 1466 κοινωνήσας
3152 1397 3527 1468 χαρισμάτων,
3548 1397 3642 1449 καὶ
3673 1400 3784 1462 τοῖς

2189 1483 2408 1556 δεσμοῖς
2455 1483 2893 1556 ἐγκαυχώμενος,
2940 1487 3242 1558 παρεκάλει
3273 1487 3553 1542 συναθλεῖν
3586 1492 3651 1560 τῇ
3686 1491 3784 1542 αὑ-

2190 1574 2284 1628 τοῦ
2313 1575 2568 1646 προθέσει
2590 1575 2718 1647 (99),
2746 1576 2982 1646 μάλιστα
3014 1577 3113 1648 μὲν
3142 1582 3293 1650 κοινῇ
3339 1581 3520 1633 πᾶσαν
3551 1579 3783 1652 Ἐκκλη-

2191 1667 2312 1721 σίαν
2340 1665 2660 1737 (ἐδεξιοῦντο
2702 1667 2809 1739 γάρ
2849 1668 2938 1722 τὸν
2983 1669 3136 1738 ἅγιον
3177 1670 3265 1725 διὰ
3310 1672 3418 1726 τῶν
3469 1675 3782 1728 ἐπισκόπων

2190 1759 2283 1812 καὶ
2312 1759 2699 1832 πρεσϐυτέρων
2731 1761 2826 1814 καὶ
2855 1761 3119 1816 διακόνων
3154 1765 3210 1817 αἱ
3244 1764 3344 1836 τῆς
3374 1766 3562 1830 Ἀσίας
3597 1766 3782 1831 πόλεις

2189 1854 2283 1907 καὶ
2313 1853 2654 1927 Ἐκκλησίαι,
2680 1855 2898 1910 πάντων
2924 1856 3296 1928 ἐπειγομένων
3339 1859 3476 1931 προς
3513 1860 3696 1924 αὑτὸν,
3730 1861 3782 1912 εί

2188 1964 2306 2010 πως
2355 1946 2520 2019 μέρος
2567 1948 2904 2022 χαρίσματος
2937 1947 3144 2003 λάϐωσι
3188 1951 3581 2022 πνευματικοῦ)
3635 1954 3780 2018 ἐξαι-

499 2041 666 2098 tualis
703 2043 770 2098 ab
797 2059 862 2098 eo
891 2044 1203 2114 acciperent
1229 2043 1327 2116 ");
1365 2059 1430 2098 ac
1455 2057 1568 2113 pra:
1592 2042 1805 2097 caeteris
1827 2052 2076 2096 sanctum

2184 2039 2352 2112 ρέτως
2387 2039 2445 2092 δὲ
2470 2038 2560 2092 τὸν
2585 2038 2739 2108 άγιον
2767 2039 3145 2112 Πολύκαρπον,
3172 2041 3280 2105 ἵνα,
3316 2041 3404 2095 διὰ
3437 2042 3546 2096 τῶν
3573 2043 3777 2114 θηρίων

496 2129 884 2204 Polyearpum,
933 2143 994 2189 ut
1041 2134 1204 2190 citius
1249 2150 1346 2205 per
1390 2133 1556 2201 feras,
1593 2132 1985 2203 inconspicuus
2018 2133 2073 2186 in

497 2225 704 2282 mundo
729 2225 928 2292 factus,
961 2241 1145 2282 coram
1174 2226 1395 2282 Christo
1427 2234 1790 2297 compareret.

2183 2129 2376 2183 θᾶττον
2403 2129 2614 2201 ἀφανὴς
2656 2129 2733 2201 τῷ
2778 2131 2969 2201 κόσμῳ
2999 2132 3312 2203 γενόμενος,
3352 2132 3659 2205 ἐμφανισθῇ
3700 2132 3779 2204 τῷ

2187 2220 2462 2295 προσώπῳ
2489 2220 2584 2274 τοῦ
2612 2220 2873 2294 Χριστοῦ.

1376 2385 1465 2440 IV.
1509 2383 1756 2455 Ignatius
1795 2383 1981 2437 scribit
2026 2381 2303 2447 Ecclesiis,
2343 2381 2640 2451 praesertim
2675 2379 2954 2436 Romanae.

565 2520 741 2590 Atque
777 2523 891 2577 haec
915 2522 996 2577 sic
1020 2522 1236 2577 dicebat
1259 2531 1312 2578 et
1335 2523 1413 2578 sic
1445 2521 1880 2588 contestabatur,
1906 2537 2084 2593 usque

493 2614 630 2668 adeo
662 2616 965 2670 extendens
1008 2630 1251 2669 amorem
1297 2615 1349 2669 in
1393 2615 1701 2680 Christum,
1735 2626 1794 2670 ut
1832 2631 1925 2686 per
1959 2616 2084 2684 pul-

493 2706 682 2760 chram
708 2705 1110 2762 confessionem
1139 2717 1192 2762 et
1215 2706 1454 2762 studium
1477 2721 1691 2773 eorum,
1720 2708 1813 2777 qui
1837 2721 1936 2776 pro
1959 2707 2080 2776 ejus

493 2798 794 2851 certamine
823 2798 986 2852 simul
1020 2796 1190 2852 Deum
1219 2798 1484 2864 orabant,
1519 2799 1720 2853 coelum
1747 2807 1892 2853 esset
1925 2814 2078 2854 acce-

2251 2520 2362 2572 Καὶ
2385 2516 2557 2572 ταῦτα
2585 2519 2758 2583 οὕτως
2789 2518 2994 2589 ἔλεγεν,
3029 2520 3122 2573 καὶ
3148 2519 3321 2584 οὕτως
3348 2521 3772 2594 διεμαρτύρατο,

2182 2613 2436 2668 τοσοῦτον
2480 2615 2814 2672 ἐπεκτείνων
2847 2613 2943 2686 τὴν
2981 2613 3117 2686 πρὸς
3148 2614 3381 2685 Χριστὸν
3420 2615 3662 2688 ἀγάπην,
3698 2618 3776 2683 ὡς

2179 2705 2411 2779 οὐρανοῦ
2469 2705 2677 2776 μέλλων
2715 2707 2789 2776 (l)
2820 2705 3291 2776 ἐπιλαμϐάνεσθαι
3332 2705 3419 2760 διὰ
3458 2708 3557 2778 τῆς
3602 2707 3770 2779 καλῆς

2178 2796 2469 2868 ὁμολογίας
2495 2797 2589 2851 καὶ
2623 2797 2720 2868 τῆς
2743 2796 2850 2849 τῶν
2877 2796 3283 2867 συνευχομένων
3315 2795 3456 2868 ὑπὲρ
3495 2797 3592 2868 τῆς
3609 2796 3772 2867 ἀθλήο

492 2896 708 2956 pturus,
747 2895 915 2957 utque
935 2886 1217 2954 Ecclesiis,
1255 2903 1376 2957 qua:
1399 2888 1502 2957 ipsi
1531 2903 1628 2958 per
1667 2897 1908 2943 rectores
1944 2903 2076 2944 suos

2181 2906 2314 2952 σεως
2343 2889 2601 2961 σπουδῆς,
2636 2888 2928 2942 ἀποδοῦναι
2959 2888 3015 2941 δὲ
3045 2889 3134 2942 τὸν
3161 2887 3351 2959 μισθον
3380 2891 3497 2953 ταῖς
3544 2889 3772 2960 Ἐκκλη..

491 2988 864 3045 occurrerant,
890 2980 1197 3035 mercedem
1240 2981 1506 3048 redderet,
1543 2981 1750 3052 gratias
1789 2998 1954 3052 agens
1981 2983 2075 3036 lit-

443 3107 448 3112 ι
489 3070 625 3126 teris
654 3071 720 3126 ad
755 3087 848 3127 eas
875 3073 1080 3136 missis,
1107 3089 1138 3127 e
1170 3073 1370 3142 quibus
1397 3075 1570 3143 gratia
1606 3075 1908 3144 spiritualis
1943 3092 2067 3130 cum

490 3163 636 3218 votis
663 3171 716 3217 et
739 3164 1217 3219 adhortationibus
1244 3165 1505 3220 stillabat.
1537 3164 1677 3220 Cum
1715 3182 1845 3237 ergo
1877 3181 2069 3222 omnes

489 3269 617 3323 erga
658 3268 718 3308 se
761 3254 1022 3311 benevole
1074 3256 1298 3312 allectos
1330 3266 1598 3324 cerneret,
1633 3259 1841 3313 veritus
1872 3268 1974 3324 est,
2001 3276 2069 3314 ne

2180 2984 2321 3048 σίαις
2358 2987 2476 3048 ταῖς
2516 2983 2929 3054 ὑπαντησάσαις
2969 2981 3118 3054 αὐτῷ
3151 2982 3238 3037 διὰ
3281 2983 3387 3036 τῶν
3419 2983 3769 3054 ἡγουμένων,

2179 3077 2520 3148 γραμμάτων
2551 3076 2888 3147 εὐχαριστῶν
2919 3076 2992 3146 (2)
3037 3074 3464 3146 ἐκπεμφθέντων
3505 3077 3640 3148 πρὸς
3675 3076 3773 3131 αὐο-

2177 3167 2295 3231 τὰς,
2331 3168 2708 3238 πνευματικὴν
2743 3168 2858 3237 μετ’
2900 3166 3062 3237 εὐχῆς
3095 3166 3189 3219 καὶ
3223 3165 3603 3236 παραινέσεως
3632 3165 3770 3217 ἀπο-

2177 3257 2477 3322 σταζόντων
2523 3259 2680 3330 χάριν
2732 3259 2827 3329 ('5).
2876 3257 3181 3326 Τοιγαροῦν
3223 3258 3348 3321 τοὺς
3385 3257 3592 3320 πάντας
3627 3255 3771 3328 ὁρῶν

490 3344 721 3401 fratrum
759 3347 1000 3402 charitas
1043 3347 1284 3404 studium
1336 3349 1502 3404 eundi
1556 3349 1625 3404 ad
1663 3347 1835 3404 Deum
1865 3350 2103 3405 illCitle-t

2181 3349 2430 3414 εὐνοϊκῶς
2455 3350 2832 3421 διακειμένους
2867 3349 2991 3421 περὶ
3027 3350 3210 3415 αὑτὸν,
3243 3348 3522 3420 φοϐηθεὶς,
3546 3349 3768 3419 μήποτε

490 3447 595 3503 ret,
627 3437 758 3492 dum
802 3439 1030 3507 pulchra
1065 3439 1169 3510 ipsi
1205 3451 1352 3497 esset
1383 3451 1571 3512 aperta
1605 3443 1854 3514 martyrii
1879 3443 2069 3512 janua.

487 3527 621 3594 Quae
656 3528 724 3583 ad
777 3527 1075 3585 Ecclesiam
1119 3528 1496 3586 Romanorum
1549 3532 1775 3602 scripsit
1824 3533 2069 3603 subjecta

487 3628 634 3677 sunt.

2173 3445 2207 3513 ἡ
2249 3443 2346 3513 τῆς
2391 3442 2750 3515 ἀδελφότητος
2794 3444 2995 3515 στοργὴ
3039 3444 3137 3514 τὴν
3180 3441 3317 3514 πρὸς
3349 3443 3552 3514 Κύριον
3590 3440 3760 3495 αὐτοῦ

2176 3533 2410 3606 σπουδὴν
2441 3536 2671 3606 ἐκκόψῃ,
2691 3535 2864 3606 καλῆς
2892 3533 3263 3606 ἀνεῳχθείσης
3293 3533 3441 3604 αὐτῷ
3469 3532 3639 3604 θύρας
3659 3531 3754 3585 τοῦ

2174 3626 2472 3698 μαρτυρίου
2495 3667 2509 3691 ,
2537 3622 2625 3680 οἵα
2649 3627 2784 3697 πρὸς
2815 3630 2914 3698 τὴν
2928 3624 3263 3697 Ἐκκλησίαν
3293 3625 3598 3679 ἐπιστέλλει
3625 3623 3761 3678 Ῥω-

2175 3716 2373 3787 μαίων,
2408 3717 2795 3773 ὑποτέτακται.

1151 3849 1374 3920 Legitur
1407 3852 1495 3906 hic
1517 3851 1763 3923 Epistoia
1792 3851 1852 3909 S.
1887 3853 2093 3926 Ignatii
2127 3858 2196 3912 ad
2235 3858 2524 3915 Romanos.
2576 3858 2708 3914 Vide
2747 3876 2911 3931 supra
2933 3859 3038 3916 col.
3071 3858 3199 3916 685.

1571 3976 1640 4032 ν.
1676 3977 1924 4050 Ignatius
1950 3997 1983 4033 a
2019 3979 2250 4050 Smyrna
2272 3984 2497 4039 Romam
2527 3985 2764 4040 ducitur.

550 4106 851 4178 Postquam
896 4126 1060 4182 ergo,
1096 4121 1155 4168 ut
1201 4114 1449 4180 volebat,
1494 4115 1726 4185 epistola
1762 4130 1862 4171 sua
1901 4131 2070 4186 repu-

481 4209 712 4270 gnantes
743 4201 937 4259 fratres
973 4204 1253 4261 Romanos
1299 4207 1724 4277 composuisset,
1759 4224 1790 4262 a
1831 4207 2064 4280 Smyrna

483 4295 705 4351 solvens
739 4296 1058 4368 (urgebatur
1086 4301 1232 4355 enim
1261 4317 1292 4356 a
1319 4301 1588 4360 militibus
1607 4302 2062 4374 Christophorus,

443 4430 448 4436 .
479 4395 542 4441 ut
575 4388 642 4442 ad
666 4389 884 4459 publica
915 4393 1224 4460 spectacula
1268 4410 1480 4465 magna:
1502 4395 1691 4451 Roma
1720 4407 2059 4467 properaret,

478 4493 591 4547 quo
613 4493 725 4548 prae
751 4480 927 4537 oculis
958 4484 1140 4552 populi
1159 4483 1390 4539 Romani
1419 4486 1552 4542 feris
1594 4487 1790 4543 bestiis
1831 4489 2063 4545 traditus

478 4586 738 4627 coronam
769 4575 1086 4632 certaminis
1125 4579 1585 4653 consequeretur)
1631 4581 1842 4650 appulit
1891 4579 2064 4636 Troa-

477 4663 622 4720 dem.
653 4665 858 4722 Deinde
899 4668 1051 4724 illinc
1080 4668 1344 4740 Neapolin
1378 4672 1606 4741 ductus,
1645 4689 1740 4742 per
1773 4673 2056 4744 Philippos

476 4757 789 4827 peragravit
830 4753 1202 4815 Macedoniam
1245 4769 1301 4818 et
1337 4762 1404 4818 ad
1463 4779 1585 4819 eam
1626 4762 1780 4834 Epiri
1821 4759 2058 4835 partem,

2238 4123 2595 4196 Καταρτίσας
2626 4123 2828 4190 τοίνυν,
2872 4123 2950 4189 ὡς
2984 4121 3279 4194 ἠϐούλετο,
3320 4123 3447 4186 τοὺς
3483 4123 3546 4175 ἐν
3579 4118 3763 4191 Ῥώμῃ

2171 4215 2280 4270 τῶν
2319 4216 2566 4286 ἀδελφῶν
2607 4217 2841 4280 ἄκοντας
2874 4214 2963 4269 διὰ
2994 4216 3093 4287 τῆς
3125 4213 3413 4284 ἐπιστολῆς
3445 4213 3520 4285 (4)
3539 4253 3556 4278 ,
3587 4211 3762 4276 οὕτως

2169 4305 2428 4376 ἀναχθεὶς
2451 4307 2558 4360 ἀπὸ
2586 4307 2686 4377 τῆς
2704 4305 2961 4376 Σμύρνης
2987 4303 3366 4377 (κατεπείγετο
3395 4304 3508 4375 γάρ
3532 4302 3637 4356 ὑπὸ
3653 4301 3762 4355 τῶν

2169 4395 2520 4468 στρατιωτῶν
2557 4399 2586 4451 ὁ
2630 4396 3004 4468 Χριστοφόρος
3043 4395 3122 4468 (5)
3179 4394 3382 4464 φθάσαι
3418 4394 3517 4457 τάς
3557 4393 3763 4464 φιλοτι-

2172 4487 2297 4558 μίας
2336 4487 2408 4558 (6)
2442 4489 2500 4541 ἐν
2525 4491 2590 4560 τῇ
2618 4487 2828 4560 μεγάλῃ
2875 4487 3084 4560 Ῥώμῃ,
3119 4487 3208 4542 ἵνα
3233 4487 3324 4539 ἐπ’
3353 4486 3509 4557 ὄψεσι
3537 4485 3632 4539 τοῦ
3659 4485 3760 4556 δήσ-

2174 4597 2275 4651 μου
2310 4581 2596 4651 Ῥωμαίων
2624 4580 2820 4653 θηρσὶν
2863 4580 3079 4652 ἀγρίοις
3121 4579 3467 4653 παραδοθεὶς,
3513 4577 3606 4632 τοῦ
3647 4594 3762 4630 στε-

2166 4672 2334 4742 φάνου
2373 4673 2472 4743 τῆς
2503 4673 2784 4743 ἀθλήσεως
2816 4671 3072 4745 ἐπιτύχῃ)
3107 4671 3379 4744 προσέσχε
3411 4673 3477 4742 τῇ
3519 4668 3756 4742 Τρωάδι.

2169 4759 2302 4816 Εἶτα
2351 4761 2562 4816 ἐκεῖθεν
2609 4762 2906 4833 καταχθεὶς
2940 4762 3034 4816 ἐπὶ
3081 4761 3178 4834 τὴν
3215 4761 3510 4824 Νεάπολιν,
3550 4759 3638 4813 διὰ
3666 4760 3760 4812 Φι-

475 4865 599 4919 quaa
627 4851 694 4904 ad
720 4849 1085 4922 Epidamnum
1114 4853 1217 4910 sita
1244 4864 1350 4923 est,
1378 4855 1433 4909 in
1468 4856 1762 4912 maritimis
1783 4857 1919 4913 locis
1936 4856 2060 4912 navi
2095 4870 2103 4924 1

2181 4854 2384 4909 tinmv
2415 4854 2736 4927 παρώδευεν
2762 4853 3102 4910 Μακεδονίαν
3132 4854 3228 4926 (7),
3261 4853 3357 4908 καὶ
3393 4852 3521 4926 περὶ
3555 4851 3628 4924 (8)
3657 4849 3757 4922 τὴν

547 5019 592 5051 ³³
627 5017 789 5073 Rom.
827 5035 869 5084 ι,
901 5019 986 5077 11.

688 5186 804 5261 βῆ.
835 5188 947 5261 lgn.
977 5191 1046 5244 ad
1082 5189 1235 5261 Rom.
1273 5205 1322 5245 c.
1350 5189 1403 5244 5.

569 5255 658 5328 99)
689 5257 730 5311 l.
750 5275 799 5313 e.
820 5255 1074 5328 precibus
1091 5277 1120 5314 a
1140 5259 1249 5314 Deo
1267 5269 1474 5328 petere,
1498 5266 1557 5312 ut
1587 5257 1858 5328 lgnatium
1881 5255 2061 5328 gloria

473 5327 722 5399 martyrii
743 5327 1160 5399 donaret,eique
1177 5327 1544 5384 constantiam
1565 5327 2057 5397 prteberetﬁmnc.

546 5398 621 5454 (ll
649 5398 727 5453 Ita
766 5399 1012 5454 Toupius
1041 5411 1095 5454 et
1120 5399 1484 5454 Jacobsonus.
1518 5399 1618 5453 Ms.
1654 5397 1884 5454 μέλλειν.

697 5416 727 5453 a
766 5414 1012 5454 'l'OllDIUS
1041 5414 1095 5454 Θῐ
1120 5414 1484 5454 δοοοιιςοηυδ.
1518 5414 1618 5453 MS.
1654 5414 1884 5454 μέλλειν.

570 5399 592 5451 1
649 5399 727 5453 Ita
766 5399 1012 5470 Toupius
1041 5411 1095 5456 et
1120 5399 1484 5455 Jacobsonus.
1518 5399 1618 5453 Ms.
1654 5399 1884 5469 μέλλειν.

565 5399 621 5543 2)
645 5469 797 5543 [tege
823 5471 1243 5543 εὐχαριστικῶν.
1272 5463 1477 5543 Cum,
1511 5467 1856 5543 eoxapitwv._
1882 5465 2054 5543 ξιξουιι.

568 5536 620 5610 5)
644 5536 900 5595 Similem
910 5536 1022 5596 fere
1041 5542 1372 5597 locutionem
1391 5541 1562 5596 habes
1578 5536 1635 5593 in
1656 5536 1764 5607 Er.
1787 5537 1856 5590 ad
1873 5536 2055 5607 Magn.

472 5621 526 5664 c.
555 5611 1046 5684 4,_Bpoct60ﬁvat.

547 5677 776 5752 (4)1."e.
830 5677 1162 5751 componere
1214 5682 1432 5737 animos
1469 5681 1628 5736 aliter
1675 5679 2055 5752 sentientium,

474 5749 680 5877 (ἴυὶὲυὲ
711 5753 777 5877 ald
825 5753 876 5806 id
914 5749 1278 5823 probandum,
1313 5753 1459 5823 quod
1494 5753 1610 5822 ipse
1649 5749 1927 5822 cupiebat,
1964 5749 2060 5805 ad-

477 5837 544 5876 ιιι
616 5838 642 5877 r
681 5864 693 5877 .
763 5837 883 5877 LER.

477 5835 505 5874 tl
517 5835 693 5878 acere.
717 5835 883 5879 υιειι.

2237 5179 2313 5251 (5)
2347 5177 2462 5251 Cfr.
2495 5176 2620 5251 Ign_._
2641 5174 2712 5228 ad
2744 5173 2881 5243 Eph.
2912 5189 2961 5228 c.
2992 5173 3048 5229 9.

2245 5242 2318 5322 (6')
2356 5249 2396 5302 l.
2428 5263 2477 5303 e.
2512 5242 3175 5326 ludihmagnohsurmptu
3224 5258 3256 5297 a
3297 5242 3608 5300 candidatis
3642 5261 3755 5300 ma-

2173 5313 2505 5394 gistratuum
2537 5316 2788 5394 exhiberi
2804 5313 2989 5394 soliti.
3020 5313 3217 5394 Sarra.
3243 5384 3254 5394 .

2240 5392 2312 5463 (7)
2345 5387 2715 5463 ΑᾱιΙβ-πεςῇκ
2737 5395 2797 5440 ut
2833 5385 3046 5463 legebat
3092 5393 3200 5463 νει.
3242 5384 3343 5463 in_t.
3397 5382 3589 5463 ξμιτιι.
3618 5383 3750 5463 _Cft_-.

2166 5452 2428 5526 Ac‘tfxw,
2463 5459 2550 5524 11,
2583 5452 2671 5511 ίῖζ
2697 5452 2940 5526 lgnatius
2982 5456 3071 5509 via
3109 5452 3362 5526 Egnatia,
3405 5453 3755 5526 Thessaloni-

2166 5551 2286 5589 cam
2318 5523 2442 5606 cum
2469 5523 2769 5606 Dyrrachio
2794 5523 3175 5606 (Epidamno)
3201 5525 3452 5606 iungenti
3485 5541 3620 5606 usus
3643 5536 3748 5581 est.

2165 5605 2278 5659 Cfr.
2311 5600 2462 5656 'l‘afel
2486 5595 2811 5668 ,Ἐρὶδιοία
2842 5595 3202 5668 gratulqtoria
3243 5595 3312 5668 ad
3351 5596 3749 5668 universitatem

2168 5675 2403 5744 Gotting.
2436 5665 2904 5744 1857,pp._§_,15,
2937 5676 2992 5724 et
3017 5666 3245 5722 Dissert.
3276 5666 3340 5722 de
3365 5667 3450 5721 cia
3488 5665 3734 5738 Egnatia.

2167 5739 2403 5868 Tuhing.
2433 5740 2590 5803 18M,
2626 5755 2682 5808 p.
2715 5739 2779 5792 16
2803 5754 2924 5809 sqq.

2241 5817 2312 5868 (8)
2375 5813 2447 5868 Is.
2479 5811 2604 5868 περὶ
2640 5810 2752 5864 καί.

2241 5817 2312 5888 (8)
2347 5810 2447 5870 Ms.
2479 5811 2604 5883 περὶ
2640 5810 2752 5864 καί.
