4142 6388
431 335 539 392 985

1891 316 2341 385 ’ΜΑΒΤΥΒΙΗΜ

3584 319 3688 381 θ’ἆί

435 453 721 523 Ἤπειρον,
751 450 849 523 τὴν
882 450 1019 523 πρὸς
1040 449 1389 523 Ἐπίδαμνον,
1415 450 1475 503 ἐν
1513 452 1625 513 τοῖς
1663 447 2009 519 παραθαλατ-

2123 448 2353 511 inventa,
2386 458 2483 513 per
2511 442 2851 497 Adriaticum
2884 457 3036 497 mare
3068 439 3379 511 navigavit;
3404 437 3531 495 inde
3554 439 3692 511 Tyr-

432 544 565 607 τίοις
598 544 725 615 νηὸς
756 541 1028 615 ἐπιτυχὼν
1048 583 1062 607 ,
1093 542 1244 595 ἔπλει
1277 543 1336 595 τὸ
1369 540 1708 613 Ἀδριατικὸν
1751 539 2008 607 πέλαγος,

434 632 686 687 κάκεῖθεν
728 633 926 697 ἐπιϐὰς
963 634 1054 686 τοῦ
1098 633 1465 706 Τυρρηνικοῦ,
1512 633 1605 687 καὶ
1650 631 2011 703 παραμείϐων

433 728 625 796 νήσους
655 742 713 777 τε
741 726 835 779 καὶ
863 724 1066 788 πόλεις,
1086 725 1507 795 ὑποδειχθέντων
1546 723 1622 794 τῷ
1651 724 1791 794 ἁγίῳ
1826 723 2013 776 Ποτιό-

434 814 559 877 λων,
592 816 753 878 αὐτὸς
773 814 871 886 μὲν
892 815 1125 879 ἐξελθεῖν
1157 816 1438 877 ἔσπευδεν,
1461 817 1580 869 κατ’
1606 814 1749 885 ἴχνος
1776 813 2012 884 βαδίζειν

435 905 632 959 ἐθέλων
660 904 753 958 τοῦ
775 907 1071 959 ἀποστόλου
1106 906 1340 959 Παύλου.
1377 906 1464 969 Ὠς
1478 905 1534 958 δέ
1563 906 1822 958 ἐπιπεσὸν
1841 904 2014 975 βίαιον

431 996 650 1067 πνεῦμα
675 999 737 1050 ού
766 996 1084 1071 συνεχώρει,
1109 1000 1206 1071 τῆς
1234 1000 1359 1069 νηὸς
1400 999 1465 1050 ἐκ
1508 998 1765 1069 πρύμνης
1801 999 2016 1065 ἐπειγο-

438 1087 624 1159 μένης,
660 1088 968 1159 μακαρίσας
1000 1090 1100 1159 τὴν
1126 1091 1183 1143 ἐν
1211 1089 1407 1159 ἐκείνῳ
1437 1088 1516 1159 τῷ
1548 1089 1698 1159 τόπῳ
1725 1088 1832 1142 τῶν
1863 1088 2017 1142 ἀδελ-

433 1175 550 1246 φῶν
578 1177 823 1248 ἀγάπην,
847 1177 990 1232 οὕτω
1012 1180 1300 1250 παρέπλει.
1333 1177 1633 1250 Τοιγαροῦν
1664 1180 1722 1231 ἐν
1755 1179 1853 1249 μιᾷ
1885 1178 2018 1249 ήμὲ-

434 1284 507 1339 ρᾳ
528 1269 624 1322 καὶ
653 1270 810 1323 νυκτὶ
841 1274 904 1341 τῇ
938 1272 1074 1343 αὐτῇ
1109 1273 1312 1346 ούρίοις
1338 1272 1558 1342 ἀνέμοις
1586 1271 2015 1344 προσχρησάμε-

433 1376 534 1422 νοι,
566 1362 726 1430 ἡμεῖς
757 1361 855 1430 μὲν
883 1362 1105 1426 ἄκοντες
1138 1361 1485 1433 ἀπηγόμεθα,
1513 1363 1788 1427 στένοντες
1817 1364 1911 1417 ἐπὶ
1938 1363 2017 1434 τῷ

431 1453 526 1521 ἀφ’
549 1452 705 1523 ἡμῶν
731 1455 974 1525 μέλλοντι
1007 1457 1267 1528 χωρισμῷ
1300 1457 1392 1510 τοῦ
1409 1457 1617 1511 δικαίου
1644 1457 1908 1526 γίνεσθαι.
1928 1458 2019 1529 Τῷ

431 1540 487 1594 δὲ
523 1544 641 1596 κατ’
667 1544 831 1615 εὐχὴν
863 1546 1155 1599 ἀπέϐαινεν
1199 1547 1480 1600 σπεύδοντι
1510 1546 1704 1601 θᾶττον
1738 1548 2021 1620 ἀναχωρῆ-

432 1650 525 1686 σαι
570 1633 664 1686 τοῦ
702 1637 931 1707 κόσμου,
974 1638 1059 1691 ἵνα
1105 1637 1287 1710 φθάσῃ
1327 1638 1463 1709 πρὸς
1496 1638 1556 1691 ὃν
1597 1640 1884 1711 ἠγάπησεν
1916 1638 2022 1691 Κύ-

434 1740 568 1795 ριον.
606 1727 1006 1793 Καταπλεύσας
1030 1729 1159 1798 γοῦν
1188 1732 1268 1793 είς
1294 1731 1420 1792 τοὺς
1454 1730 1679 1799 λιμένας
1708 1730 2014 1801 Ῥωμαίων,

2122 537 2353 589 rhenum
2406 535 2719 605 ingressus,
2772 534 2979 588 insulas
3038 541 3093 586 et
3148 532 3401 585 civitates
3451 531 3692 593 transiit,

2119 630 2467 697 ostensisque
2499 635 2688 681 sancto
2722 625 2839 678 viro
2865 624 3129 686 Puteolis,
3162 623 3277 693 ipse
3300 623 3522 692 quidem
3548 638 3697 691 egre-

2118 723 2172 778 di
2206 722 2483 791 cupiebat,
2516 735 2643 774 eum
2675 719 2837 773 vellet
2880 733 2975 787 per
3006 718 3233 787 vestigia
3277 715 3433 769 Pauli
3462 714 3693 783 apostoli

2117 815 2369 870 incedere
2396 814 2460 865 ³⁸.
2503 811 2642 867 Cum
2674 827 2805 864 vero
2835 810 3049 864 irruens
3085 818 3278 862 ventus
3320 807 3698 861 vehementior

2117 908 2170 962 id
2205 923 2311 961 non
2365 914 2661 975 pateretur,
2711 918 2846 958 nave
2883 919 2913 957 a
2963 903 3127 972 puppi
3174 901 3435 970 impulsa,
3476 899 3695 952 beatam

2116 996 2432 1069 praedicavit
2484 995 2809 1051 charitatem
2857 991 3087 1046 fratrum
3138 991 3285 1044 illius
3337 989 3474 1055 loci,
3516 999 3569 1041 et
3615 989 3697 1041 sic

2115 1087 2612 1157 praternavigavit.
2650 1086 2820 1155 lgitur
2848 1098 2960 1137 uno
2990 1083 3076 1137 die
3100 1091 3152 1135 et
3199 1090 3359 1135 nocte
3386 1081 3574 1133 eadem
3610 1094 3696 1131 se-

2118 1180 2314 1235 cundis
2342 1181 2519 1234 ventis
2551 1180 2636 1233 usi
2661 1177 3093 1239 abducebamur,
3129 1190 3229 1228 nos
3260 1174 3477 1243 quidem
3513 1172 3693 1236 inviti,

2121 1280 2402 1341 gementes
2426 1270 2496 1325 ob
2524 1269 2929 1340 separationem
2956 1266 3093 1329 justi
3132 1265 3281 1319 illius
3317 1280 3347 1318 a
3377 1264 3538 1317 nobis
3570 1279 3698 1315 mox

2120 1364 2385 1418 futuram.
2413 1362 2482 1416 At
2508 1362 2556 1417 ei
2585 1378 2648 1416 ex
2674 1371 2801 1417 voto
2829 1376 2916 1414 res
2945 1358 3319 1425 contingebat,
3356 1355 3633 1409 festinanti
3669 1369 3699 1407 e

2120 1455 2327 1510 mundo
2364 1454 2644 1509 discedere
2687 1462 2748 1507 ut
2781 1454 2847 1507 ad
2887 1453 3144 1506 dilectum
3181 1448 3471 1503 Dominum
3509 1462 3701 1516 perve-

2121 1548 2285 1601 niret.
2326 1545 2511 1612 Quare
2554 1562 2679 1601 cum
2709 1546 3017 1616 navigando
3046 1546 3385 1614 pervenisset
3417 1545 3469 1596 in
3512 1542 3702 1611 portus

2124 1638 2525 1704 Romanorum,
2567 1638 2801 1708 finisque
2840 1638 3106 1692 immundi
3133 1636 3425 1706 spectaculi
3455 1635 3704 1688 immine-

2125 1739 2229 1792 ret,
2278 1730 2480 1785 milites
2528 1729 2840 1784 tarditatem
2891 1714 3033 1798 aagre
3083 1727 3357 1793 ferebant;
3400 1738 3454 1779 at
3492 1725 3705 1793 episcoo

434 1816 735 1890 μελλούσης
776 1819 962 1891 λήγειν
1005 1822 1105 1892 τῆς
1124 1821 1432 1894 ἀκαθάρτου
1462 1821 1794 1892 φιλοτιμίας,
1829 1823 1878 1874 oi
1922 1822 2020 1893 μὲν

2123 1839 2226 1893 pus
2251 1823 2494 1891 gaudens
2527 1822 2849 1893 urgentibus
2870 1822 3115 1891 parebat.

431 1906 763 1976 στρατιῶται
807 1909 947 1981 ὑπὲρ
979 1911 1077 1982 τῆς
1109 1911 1441 1983 βραδυτῆτος
1470 1911 1758 1982 ήσχαλλον,
1786 1915 1816 1966 ὁ
1840 1912 1899 1965 δὲ
1949 1913 2248 1975 ἐπίσκοπος
2270 1912 2476 1985 χαίρων
2508 1913 2923 1981 κατεπείγουσιν
2948 1913 3254 1984 ὑπήκουσεν

1466 2063 1554 2121 VI.
1595 2063 1835 2134 Ignatius
1868 2064 2044 2119 Romae
2083 2082 2115 2118 a
2151 2065 2329 2119 bestiis
2360 2065 2664 2119 devoratur.

503 2220 746 2275 Ἐκεῖθεν
780 2216 873 2275 οῦν
906 2220 1191 2292 ἐώσθησαν
1232 2220 1341 2275 ἀπὸ
1380 2221 1472 2274 τοῦ
1505 2222 1837 2292 καλουμένου
1870 2223 2011 2294 Πόρ-

2198 2222 2349 2278 lllinc
2390 2239 2521 2293 ergo
2555 2224 2812 2279 abierunt
2853 2224 2922 2278 ab
2963 2238 3063 2290 eo,
3109 2222 3203 2293 qui
3250 2222 3450 2278 dicitur
3500 2224 3699 2281 Portus

430 2332 523 2369 του
559 2312 632 2385 (9)
682 2312 1095 2384 (διεπεφήμιστο
1144 2311 1252 2383 γὰρ
1306 2312 1405 2384 ήδη
1444 2312 1511 2365 τὰ
1553 2312 1693 2365 κατά
1723 2312 1813 2366 τὸν
1860 2312 2011 2381 ἆγιον

2123 2316 2251 2395 (jam
2286 2331 2416 2369 vero
2440 2330 2630 2383 sparsa
2659 2324 2776 2367 erat
2798 2314 2973 2368 sancti
3004 2314 3258 2384 martyris
3294 2313 3488 2385 fama);
3516 2317 3704 2369 obvia-

432 2402 732 2476 μάρτυρα)⁶
765 2401 1117 2473 συναντῶμεν
1148 2403 1257 2475 (10)
1297 2406 1412 2466 τοῖς
1442 2403 1692 2473 ἀδελφοῖς
1736 2402 1885 2474 φόϐῳ
1918 2404 2013 2456 καὶ

2123 2420 2243 2461 Inus
2276 2404 2537 2457 fratribus
2564 2413 2711 2457 metu
2751 2414 2804 2458 et
2828 2403 3027 2473 gaudio
3058 2403 3301 2472 repletis,
3339 2406 3702 2473 gaudentibus

432 2499 578 2568 χαρᾷ
608 2495 1082 2567 πεπληρωμένοις,
1117 2497 1401 2569 χαίρουσιν
1439 2497 1538 2568 μὲν
1586 2499 1670 2567 ἐφ’
1702 2492 1785 2561 οἷς
1816 2496 2013 2567 ἠξίων-

2123 2498 2364 2571 ςυίἀειιι,
2389 2497 2535 2567 quod
2562 2511 2861 2567 congressu
2887 2494 3198 2564 Theopbori
3224 2494 3366 2550 Deus
3390 2497 3535 2564 ipsos
3558 2506 3709 2553 esset

433 2607 493 2642 το
518 2589 617 2660 τῆς
648 2588 740 2641 τοῦ
769 2589 1037 2660 Θεοφόρου
1068 2588 1375 2659 συντυχίας,
1406 2588 1759 2660 φοϐουμένοις
1787 2588 2015 2653 δέ,διότι

2123 2591 2395 2659 dignatus,
2433 2588 2750 2644 timentibus
2784 2597 2988 2651 autem,
3024 2587 3171 2656 quod
3206 2589 3328 2642 talis
3365 2590 3701 2643 viratlmor-

434 2698 540 2752 περ
577 2681 671 2733 ἐπὶ
701 2679 933 2734 θάνατον
961 2682 989 2735 ὁ
1020 2680 1261 2744 τοιοῦτος
1290 2682 1473 2751 ἡγετο.
1503 2681 1627 2735 Τισὶ
1656 2681 1715 2734 δέ
1744 2681 1842 2735 καὶ
1874 2698 2014 2751 παρ’

2128 2682 2567 2737 temduceretur.
2589 2680 2867 2747 Quosdam
2906 2680 3070 2734 etiam
3106 2681 3340 2746 monuit,
3380 2682 3710 2751 utqniesee-

435 2772 701 2844 ήγγελλεν
725 2771 1045 2844 ἡσυχάζειν,
1078 2772 1257 2837 ζέουσι
1295 2773 1390 2825 καὶ
1429 2772 1643 2841 λέγουσι
1689 2771 2021 2826 καταπαύειν

2126 2780 2280 2837 rent,
2325 2772 2418 2841 qui
2464 2770 2749 2826 fervebant
2782 2770 3144 2839 aiebantque,
3182 2787 3239 2826 se
3285 2773 3548 2842 populum
3585 2788 3710 2827 esse

435 2864 526 2918 τὸν
559 2864 732 2935 δῆμον
779 2864 916 2936 πρὸς
961 2864 1021 2918 τὸ
1057 2865 1131 2936 μὴ
1176 2863 1455 2934 ἐπιζητεῖν
1491 2863 1789 2917 ἀπολέσθαι
1829 2863 1921 2916 τὸν
1960 2862 2021 2915 δί-

2127 2863 2448 2929 eedaturos,
2495 2878 2564 2918 ne
2596 2864 2771 2917 virum
2824 2862 3035 2933 justum
3071 2863 3137 2917 ad
3184 2880 3369 2919 necem
3419 2875 3706 2935 quaereret.

435 2974 609 3010 καιον.
651 2958 747 3019 Ὃς
800 2955 963 3019 εὐθὺς
1016 2957 1178 3025 γνοὺς
1225 2955 1302 3026 τῷ
1339 2956 1633 3027 πνεύματι,
1678 2955 1773 3010 καὶ
1820 2956 2021 3019 πάντας

2129 2953 2235 3020 Qui
2264 2969 2391 3009 cum
2426 2953 2717 3009 confestim
2753 2969 2865 3008 rem
2893 2954 3088 3022 spiritu
3134 2956 3482 3025 cognovisset
3510 2966 3563 3011 et
3590 2973 3711 3011 om-

434 3047 844 3118 ἀσπασάμενος,
880 3048 1112 3119 αἰτήσας
1152 3065 1209 3100 τε
1249 3050 1381 3118 παρ’
1415 3048 1596 3101 αὐτῶν
1639 3047 1738 3118 τὴν
1768 3046 2021 3119 ἀληθινὴν

2131 3059 2229 3099 nes
2277 3046 2591 3107 salutasset,
2643 3054 2697 3098 et
2740 3044 2808 3098 ab
2848 3044 2918 3098 iis
2966 3060 3155 3098 verum
3185 3061 3426 3101 amorem
3460 3049 3711 3116 pluribus

435 3139 677 3207 ἀγάπην,
698 3136 919 3190 πλείονά
936 3155 995 3190 τε
1012 3136 1119 3190 τῶν
1138 3138 1196 3190 ἐν
1212 3140 1276 3208 τῇ
1295 3137 1547 3209 ἐπιστολῇ
1566 3138 1868 3208 διαλεχθεὶς
1889 3137 2021 3208 (il),

2128 3137 2346 3203 verbis,
2379 3151 2544 3206 quam
2586 3136 2640 3189 in
2676 3136 2928 3206 epistola,
2971 3137 3239 3206 petiisset,
3290 3138 3467 3206 iisque
3490 3156 3711 3208 persua-

434 3230 533 3283 καὶ
560 3229 758 3292 πείσας
791 3228 869 3299 μὴ
900 3227 1164 3298 φθονῆσαι
1195 3228 1271 3298 τῷ
1306 3228 1588 3282 σπεύδοντι
1631 3230 1766 3300 πρὸς
1794 3229 1883 3282 τὸν
1910 3228 2021 3281 Κύ-

2127 3229 2327 3296 sisset,
2372 3244 2441 3283 ne
2474 3229 2578 3284 sibi
2617 3229 2924 3284 inviderent
2970 3230 3035 3283 ad
3081 3228 3371 3286 Dominum
3410 3230 3708 3299 festinanti,

2127 3336 2307 3385 nunc,
2344 3329 2638 3389 postquam
2673 3321 2853 3374 cuncti
2906 3319 3105 3375 fratres
3158 3338 3333 3391 genua
3386 3322 3707 3389 ﬂexissent,

2127 3411 2353 3480 ipseque
2391 3409 2592 3463 Filium
2626 3410 2722 3463 Dei
2750 3426 2849 3479 pro
2878 3409 3140 3466 Ecclesiis
3167 3422 3221 3466 et
3268 3429 3366 3483 pro
3404 3416 3711 3471 cessatione

2126 3500 2527 3569 persecutionis
2560 3508 2615 3554 et
2641 3515 2744 3569 pro
2771 3509 2964 3555 mutuo
2998 3500 3229 3556 fratrum
3264 3504 3406 3558 inter
3440 3520 3497 3559 se
3522 3522 3709 3561 amore

2126 3599 2383 3659 precatus
2416 3598 2601 3655 esset,
2641 3590 2911 3645 abductus
2945 3603 3027 3646 est
3062 3592 3349 3647 confestim
3398 3595 3453 3648 in
3498 3597 3712 3666 amphi-

2128 3683 2427 3737 theatrum.
2466 3681 2603 3736 Dein
2631 3682 2777 3736 illico
2812 3683 2867 3736 in
2904 3684 2957 3737 id
3010 3684 3293 3739 immissus
3334 3702 3401 3739 ex
3454 3691 3710 3743 mandato

2126 3772 2361 3828 Caesaris
2422 3773 2631 3843 pridem
2674 3774 2824 3842 dato,
2880 3776 2989 3829 line
3042 3778 3480 3845 spectaculorum
3530 3780 3711 3834 immi~

2128 3871 2290 3917 nente
2325 3863 2466 3936 (erat
2505 3862 2652 3917 enim
2688 3864 2970 3931 solemnis,
3007 3875 3066 3919 ut
3098 3868 3384 3935 putabant,
3417 3868 3555 3932 dies,
3609 3872 3707 3940 qui

2127 3953 2331 4007 dicitur
2367 3955 2612 4008 Romana
2656 3954 2845 4026 lingua
2893 3955 3086 4011 tertius
3138 3957 3406 4023 decimus,
3448 3974 3557 4027 quo
3597 3969 3710 4014 stu-

2128 4044 2282 4099 diose
2313 4046 2732 4117 convenerant),
2770 4048 2848 4102 sic
2877 4048 3190 4103 crudelibus
3230 4048 3363 4103 feris
3387 4050 3544 4119 juxta
3571 4060 3708 4105 tem-

2127 4135 2277 4203 plum
2304 4142 2390 4189 est
2413 4134 2684 4203 objectus,
2719 4144 2778 4188 ut
2812 4134 2959 4189 illico
3000 4136 3173 4189 sancti
3208 4137 3466 4206 martyris
3513 4138 3709 4207 lgnatii

2128 4227 2446 4297 impleretur
2475 4227 2808 4281 desiderium
2830 4270 2843 4292 ,
2883 4236 3041 4297 prout
3076 4228 3339 4297 scriptum
3388 4236 3470 4282 est
3500 4247 3512 4281 :
3558 4227 3709 4280 Desi-

2128 4320 2331 4372 derium
2348 4318 2487 4387 justi
2516 4328 2593 4372 est
2623 4328 2892 4389 acceptum
2907 4319 2972 4383 “;
3008 4326 3066 4373 ut
3089 4334 3281 4388 nempe
3313 4319 3446 4372 nulli
3482 4318 3707 4372 fratrum

443 3338 577 3393 ριον,
619 3320 762 3374 οὕτω
797 3320 933 3391 μετὰ
972 3320 1320 3389 γονυκλισίας
1353 3320 1571 3375 πάντων
1615 3322 1727 3373 τῶν
1757 3320 2023 3389 ἀδελφῶν,

437 3409 829 3482 παρακαλέσας
878 3409 967 3462 τὸν
1026 3410 1153 3462 Υίὸν
1200 3409 1294 3463 τοῦ
1323 3410 1459 3463 Θεοῦ
1496 3412 1633 3482 ὑπὲρ
1664 3411 1771 3463 τῶν
1796 3411 2027 3481 Ἐκκλη-

439 3502 592 3567 σιῶν,
629 3503 770 3572 ὑπὲρ
803 3501 901 3572 τῆς
921 3501 1013 3555 τοῦ
1034 3502 1275 3572 διωγμοῦ
1308 3503 1724 3567 καταπαύσεως,
1758 3504 1898 3574 ὑπὲρ
1927 3504 2027 3574 τῆς

436 3595 545 3648 τῶν
584 3594 830 3663 ἀδελφῶν
877 3594 957 3656 εἰς
1005 3593 1267 3665 ἀλλήλους
1311 3594 1565 3664 ἀγάπης,
1624 3594 1844 3666 ἀπήχθη
1890 3596 2026 3665 μετά

439 3686 673 3757 σπουδῆς
701 3688 781 3749 εἰς
824 3685 886 3738 τὸ
919 3682 1309 3755 ἀμφιθέατρον.
1352 3682 1487 3739 Εἶτα
1530 3684 1695 3748 εὐθὺς
1734 3684 2027 3756 ἐμϐληθεὶς

438 3776 579 3829 κατά
612 3776 672 3828 τὸ
714 3774 880 3829 πάλαι
914 3774 1246 3845 πρόσταγμα
1293 3774 1387 3828 τοῦ
1427 3776 1706 3847 Καίσαρος
1732 3774 1864 3845 (12),
1904 3775 2028 3846 μελ-

437 3865 644 3920 λουσῶν
668 3865 1011 3920 καταπαύειν
1043 3865 1152 3920 τῶν
1195 3864 1514 3936 φιλοτιμιῶν
1552 3862 1641 3937 (ἦν
1681 3867 1791 3935 γὰρ
1829 3869 2027 3935 ἐπιφα-

440 3957 569 4025 νὴς,
616 3954 691 4018 ὡς
738 3955 975 4018 ἐδόκουν,
1024 3957 1057 4026 ή
1103 3954 1371 4025 λεγομένη
1424 3957 1487 4025 τῇ
1532 3956 1811 4026 Ῥωμαϊκῇ
1874 3958 2023 4026 φωνῇ

439 4046 859 4118 τρισκαιδεκάτη
907 4046 1053 4117 (15),
1100 4044 1224 4099 καθ’
1263 4046 1329 4116 ἢν
1366 4046 1671 4109 σπουδαίως
1720 4046 2024 4117 συνῄεσαν),

440 4136 613 4201 οὕτως
639 4137 832 4209 θηρσὶν
864 4138 1035 4208 ὠμοῖς
1062 4138 1213 4210 παρά
1242 4137 1321 4208 τῷ
1344 4136 1460 4208 ναῷ
1484 4137 1860 4209 παρεϐάλλετο
1892 4137 2023 4207 (Η),

440 4229 515 4293 ὡς
548 4229 677 4299 παρ’
712 4229 851 4283 αὐτά
877 4227 968 4280 τοῦ
999 4228 1153 4296 ἁγίου
1190 4228 1464 4301 μάρτυρος
1479 4228 1742 4297 Ἱγνατίου
1783 4227 2025 4301 πληροῦ-

438 4312 565 4373 ’σθαι
587 4318 685 4389 τὴν
702 4318 995 4389 ἐπιθυμίαν
1017 4318 1148 4388 (-15),
1186 4317 1329 4371 κατὰ
1351 4318 1410 4370 τὸ
1439 4317 1846 4389 γεγραμμένον*
1876 4320 2029 4372 Ἐπι-

443 4412 622 4480 θυμία
659 4411 893 4463 δικαίου
936 4407 1135 4475 δεκτήο
1166 4409 1254 4461 ἵνα
1284 4408 1471 4478 μηδενί
1491 4407 1597 4460 τῶν
1621 4407 1866 4477 ἀδελφῶν
1899 4410 2021 4461 ἐπα-

2130 4409 2311 4479 gravis
2346 4410 2501 4463 tieret
2542 4410 2613 4463 ob
2648 4426 2873 4464 suarum
2910 4410 3265 4479 reliquiarum
3310 4411 3710 4475 collectionem,

443 4499 577 4571 χθὴς
605 4501 695 4553 διὰ
721 4499 821 4569 τῆς
855 4498 1119 4569 συλλογῆς
1148 4498 1240 4551 τοῦ
1269 4498 1521 4559 λειψάνου
1552 4498 1812 4569 γένηται,
1844 4498 2021 4563 καθὼς

2136 4502 2599 4572 quemadmodum
2645 4504 2798 4573 prius
2831 4504 2884 4556 in
2936 4504 3165 4572 epistola
3208 4512 3510 4573 optaverat,
3554 4518 3709 4556 suam

446 4592 660 4661 φθάσας
690 4594 749 4645 ἐν
790 4593 855 4662 τῇ
895 4591 1147 4661 ἐπιστολῇ
1183 4590 1278 4662 τὴν
1312 4590 1448 4644 ἰδίαν
1482 4590 1747 4661 ἐπεθύμει
1776 4591 2021 4659 γενέσθαι

2139 4594 2671 4648 consummationem
2707 4594 2842 4647 ﬁeri.
2874 4593 3018 4648 Sola:
3051 4595 3195 4647 enim
3221 4595 3470 4647 duriores
3496 4603 3715 4647 saneta-

443 4683 744 4737 τελείωσιν.
775 4682 931 4736 Μόνα
956 4683 1065 4753 γὰρ
1086 4684 1155 4735 τὰ
1177 4682 1487 4753 τραχύτερα
1528 4681 1634 4735 τῶν
1656 4683 1826 4751 ἁγίων
1869 4684 2021 4737 αὐτοί

2136 4701 2257 4739 rum
2279 4685 2399 4755 ejus
2422 4685 2775 4754 reliquiarum
2817 4694 2998 4753 partes
3030 4686 3260 4748 relictae,
3287 4694 3339 4739 et
3367 4684 3714 4737 Antiochiam

445 4774 716 4845 λειψάνων
770 4773 1157 4845 περιελείφθη,
1216 4774 1377 4828 ἅτινα
1432 4776 1511 4837 είς
1561 4774 1659 4846 τὴν
1700 4775 2021 4845 Ἀντιὸχειαι

2141 4780 2337 4833 ablatae
2359 4786 2521 4845 sunt,
2550 4788 2712 4848 atque
2744 4778 2796 4830 in
2822 4778 2991 4832 linteo
3019 4778 3301 4848 depositae,
3344 4787 3402 4830 ut
3424 4778 3712 4831 thesaurus

518 4955 564 4986 ⁸⁸
589 4954 712 5008 Act.
745 4968 942 5015 xxvm,
982 4951 1159 5012 15.14.
1305 4950 1351 4981 3‘
1383 4950 1547 5006 Prov.
1583 4968 1637 5019 x,
1662 4953 1753 5007 24.

545 5132 597 5199 9)
624 5129 795 5184 llodie
830 5128 880 5183 Il
916 5130 1273 5199 Portoiprope
1292 5126 1553 5199 Ostiam._
1628 5194 1648 5199 _
1758 5197 1768 5199 _

2126 5130 2232 5183 δῶν
2263 5125 2783 5199 Ἰαννουαρίωψρίθ
2820 5124 2916 5199 illo
2954 5124 3373 5199 celebrabantur
3412 5124 3557 5177 binis
3600 5123 3716 5175 die-

545 5132 597 5199 9)
624 5132 795 5184 Hodie
830 5132 880 5183 ιι
916 5132 1079 5181 Porto
1102 5142 1269 5196 prope
1292 5132 1523 5181 Ostiam.
2126 5132 2232 5183 δῶν
2263 5132 2658 5198 Ἰαννουαρίων.
2690 5132 2783 5180 Die
2820 5132 2916 5177 illo
2954 5132 3265 5179 celebrabat

523 5132 631 5273 ξιυ)
662 5200 740 5273 Ita
776 5208 1036 5273 monente
1081 5197 1316 5273 Smithio
1342 5196 1584 5273 restituit
1620 5194 1963 5273 Jacobsonus
1991 5214 2025 5273 e
2130 5201 2232 5273 bus
2270 5198 2568 5273 Sigillaria,
2617 5196 2823 5273 adjecta
2862 5195 3265 5273 Saturnalibus.

449 5263 637 5329 Codice
684 5269 983 5325 Parisiensi
1038 5283 1137 5338 pro
1188 5268 1403 5336 vulgata
1459 5267 1690 5321 lectione
1742 5267 1839 5322 σὺν
1877 5267 2027 5339 αύτῷ
2142 5338 2165 5341 Α
2202 5263 2986 5341 (l4)'Erat_amphitheatrum
3020 5274 3115 5317 aut
3153 5263 3272 5341 Ιονὶ
3324 5264 3571 5341 Latiari,
3622 5272 3715 5315 aut

669 5409 699 5415 _
786 5410 798 5415 _
871 5409 911 5415 _
955 5409 967 5415 -
1040 5336 1077 5415 ἡ-
1318 5406 1331 5415 _
1360 5405 1398 5415 ﬁ
1998 5336 2008 5339 ⁷
2135 5336 2353 5415 Stygio,
2391 5348 2445 5392 et
2483 5338 2666 5415 Diana:
2696 5351 2937 5415 sacrum;
2973 5336 3329 5415 quamobrem
3368 5336 3566 5415 mirum
3608 5350 3713 5413 non

525 5410 633 5483 (Η)
666 5409 755 5483 Sc.
786 5410 840 5483 in
871 5408 1112 5483 Epistola
1141 5422 1239 5461 sua
1268 5406 1334 5483 ad
1360 5405 1642 5483 Romanos
1702 5477 1711 5483 _
1963 5478 1994 5483 η
2146 5402 2262 5472 est:
2294 5411 2381 5463 hic
2416 5405 2969 5483 templi_me_ntion_em
2992 5402 3148 5483 ffieri.
3185 5403 3351 5483 Ctsn.
3416 5402 3582 5483 \felus
3633 5404 3717 5481 _i_n-

526 5411 607 5483 (H
666 5410 755 5464 Sc.
786 5410 840 5463 in
871 5410 1112 5478 Epistola
1141 5422 1239 5461 sua
1268 5410 1334 5459 ad
1360 5410 1642 5459 Romanos
2146 5420 2247 5472 ast,
2294 5411 2381 5463 hic
2416 5410 2599 5475 templi
2638 5410 2969 5459 mentionem
3014 5410 3148 5456 lieri.
3185 5410 3351 5457 (LLsn.
3420 5410 3582 5459 Vetus
3635 5410 3715 5480 in-

526 5410 637 5551 (12;
676 5481 765 5533 Sic
793 5480 1031 5549 loquitur
1060 5477 1304 5551 Martyrii
1340 5476 1598 5551 scriptor,
1620 5477 1905 5551 quia_an_te
1928 5478 2028 5531 ali-
2137 5490 2345 5551 terpres
2381 5494 2487 5551 non
2526 5477 2654 5544 legit
2680 5475 2756 5545 τῷ
2786 5474 3119 5551 ναῷηιιθιξρι
3151 5476 3295 5551 enim
3339 5491 3363 5551 :_
3401 5476 3464 5527 ab
3490 5472 3715 5551 _intpizs,

2134 5543 2370 5603 fortasse
2416 5543 2599 5617 legens
2641 5564 2656 5600 :
2694 5543 2846 5616 παρὰ
2890 5543 2998 5597 τῶν
3042 5544 3272 5599 ἀνοσίων
3320 5546 3434 5601 sive
3479 5543 3716 5612 ἀνόμων.

2146 5618 2345 5673 Smrn.

2138 5760 2139 5763 η
2215 5690 2325 5744 ’lSl
2368 5688 2502 5745 Vide
2540 5688 2657 5760 lgn.
2692 5686 2761 5740 ad
2792 5685 2945 5741 Rom.
2975 5700 3022 5741 c.
3058 5684 3108 5739 4.

454 5545 590 5637 quot
620 5545 879 5605 'menses'
917 5545 1240 5603 sententiam
1296 5546 1678 5616 pronuntiaret
1735 5545 2026 5616 Trajanus.

454 5623 637 5761 LL51?)
670 5690 759 5745 Sc.
796 5698 922 5761 ante
960 5686 1230 5761 Kalendas
1262 5684 1586 5761 Januaria‘s,
1630 5697 1691 5741 ut
1729 5703 1791 5761 ex
1832 5702 1961 5761 cap.
2003 5686 2033 5737 7

458 5757 682 5833 apparet
706 5781 717 5815 :
748 5759 997 5829 Ἐγένετο
1017 5759 1073 5811 δέ
1097 5757 1268 5811 ταῦτα
1292 5760 1356 5828 τῆ
1383 5757 1487 5827 πρὸ
1505 5758 1806 5831 δεκατριῶν
1830 5757 2038 5811 Καλαν-
