  <div class='ocr_page' id='page_1' title='image "/cluster/home/n/w/nwhite01/storage/ocr_20150623/5/coo.31924054872845/501.png"; bbox 0 0 4142 6388; ppageno 0'>
   <div class='ocr_carea' id='block_1_1' title="bbox 462 353 562 408">
    <p class='ocr_par' dir='ltr' id='par_1_1' title="bbox 462 353 562 408">
     <span class='ocr_line' id='line_1_1' title="bbox 462 353 562 408; baseline 0.02 -2"><span class='ocrx_word' id='word_1_1' title='bbox 462 353 562 408; x_wconf 76' lang='lat'><strong>937</strong></span> 
     </span>
    </p>
   </div>
   <div class='ocr_carea' id='block_1_2' title="bbox 1959 356 2312 416">
    <p class='ocr_par' dir='ltr' id='par_1_2' title="bbox 1959 356 2312 416">
     <span class='ocr_line' id='line_1_2' title="bbox 1959 356 2312 416; baseline -0.006 -2"><span class='ocrx_word' id='word_1_2' title='bbox 1959 359 2018 414; x_wconf 89' lang='lat' dir='ltr'><strong>S.</strong></span> <span class='ocrx_word' id='word_1_3' title='bbox 2058 356 2312 416; x_wconf 80' lang='lat' dir='ltr'><strong>lGNA‘l‘lI</strong></span> 
     </span>
    </p>
   </div>
   <div class='ocr_carea' id='block_1_3' title="bbox 3637 362 3739 417">
    <p class='ocr_par' dir='ltr' id='par_1_3' title="bbox 3637 362 3739 417">
     <span class='ocr_line' id='line_1_3' title="bbox 3637 362 3739 417; baseline 0.02 -3"><span class='ocrx_word' id='word_1_4' title='bbox 3637 362 3739 417; x_wconf 81' lang='lat'><strong>983</strong></span> 
     </span>
    </p>
   </div>
   <div class='ocr_carea' id='block_1_4' title="bbox 461 472 2059 552">
    <p class='ocr_par' dir='ltr' id='par_1_4' title="bbox 461 472 2047 548">
     <span class='ocr_line' id='line_1_4' title="bbox 461 472 2047 548; baseline 0.005 -22"><span class='ocrx_word' id='word_1_5' title='bbox 461 472 900 545; x_wconf 70' lang='lat' dir='ltr'><strong>inrestimabilis,</strong></span> <span class='ocrx_word' id='word_1_6' title='bbox 940 478 1010 532; x_wconf 93' lang='lat' dir='ltr'><strong>ob</strong></span> <span class='ocrx_word' id='word_1_7' title='bbox 1051 477 1308 548; x_wconf 79' lang='lat' dir='ltr'><strong>martyris</strong></span> <span class='ocrx_word' id='word_1_8' title='bbox 1351 478 1582 548; x_wconf 90' lang='lat' dir='ltr'><strong>gratiam</strong></span> <span class='ocrx_word' id='word_1_9' title='bbox 1624 487 1829 534; x_wconf 77' lang='lat' dir='ltr'><strong>sancta:</strong></span> <span class='ocrx_word' id='word_1_10' title='bbox 1861 478 2047 534; x_wconf 88' lang='lat' dir='ltr'><strong>Eccle—</strong></span> 
     </span>
    </p>
   </div>
   <div class='ocr_carea' id='block_1_5' title="bbox 2139 472 3741 552">
    <p class='ocr_par' dir='ltr' id='par_1_5' title="bbox 2155 474 3741 548">
     <span class='ocr_line' id='line_1_5' title="bbox 2155 474 3741 548; baseline 0 -20"><span class='ocrx_word' id='word_1_11' title='bbox 2155 474 2502 545; x_wconf 78' lang='grc' dir='ltr'><strong>ἀπεκομίσθη</strong></span> <span class='ocrx_word' id='word_1_12' title='bbox 2524 516 2537 539; x_wconf 93' lang='grc'><strong>,</strong></span> <span class='ocrx_word' id='word_1_13' title='bbox 2587 475 2681 528; x_wconf 75' lang='grc' dir='ltr'>καὶ</span> <span class='ocrx_word' id='word_1_14' title='bbox 2730 477 2787 528; x_wconf 82' lang='grc' dir='ltr'><strong>ἐν</strong></span> <span class='ocrx_word' id='word_1_15' title='bbox 2821 476 2950 546; x_wconf 84' lang='grc' dir='ltr'>λίνῳ</span> <span class='ocrx_word' id='word_1_16' title='bbox 2985 475 3245 548; x_wconf 80' lang='grc' dir='ltr'><strong>κατετέθη</strong></span> <span class='ocrx_word' id='word_1_17' title='bbox 3269 515 3282 540; x_wconf 87' lang='grc'><strong>,</strong></span> <span class='ocrx_word' id='word_1_18' title='bbox 3319 475 3590 547; x_wconf 79' lang='grc' dir='ltr'>θησαυρὸς</span> <span class='ocrx_word' id='word_1_19' title='bbox 3627 477 3741 530; x_wconf 86' lang='grc' dir='ltr'>ἀτί·</span> 
     </span>
    </p>
   </div>
   <div class='ocr_carea' id='block_1_6' title="bbox 459 567 815 626">
    <p class='ocr_par' dir='ltr' id='par_1_6' title="bbox 459 567 815 626">
     <span class='ocr_line' id='line_1_6' title="bbox 459 567 815 626; baseline 0.014 -6"><span class='ocrx_word' id='word_1_20' title='bbox 459 567 555 620; x_wconf 77' lang='lat' dir='ltr'><strong>sia:</strong></span> <span class='ocrx_word' id='word_1_21' title='bbox 587 571 815 626; x_wconf 74' lang='lat' dir='ltr'><strong>relictae.</strong></span> 
     </span>
    </p>
   </div>
   <div class='ocr_carea' id='block_1_7' title="bbox 2161 566 3739 641">
    <p class='ocr_par' dir='ltr' id='par_1_7' title="bbox 2161 566 3739 641">
     <span class='ocr_line' id='line_1_7' title="bbox 2161 566 3739 641; baseline 0.002 -23"><span class='ocrx_word' id='word_1_22' title='bbox 2161 583 2355 637; x_wconf 88' lang='grc' dir='ltr'>μητος,</span> <span class='ocrx_word' id='word_1_23' title='bbox 2390 566 2494 618; x_wconf 83' lang='grc' dir='ltr'><strong>ὑπὸ</strong></span> <span class='ocrx_word' id='word_1_24' title='bbox 2525 566 2624 636; x_wconf 81' lang='grc' dir='ltr'>τῆς</span> <span class='ocrx_word' id='word_1_25' title='bbox 2656 569 2713 619; x_wconf 78' lang='grc' dir='ltr'><strong>ἐν</strong></span> <span class='ocrx_word' id='word_1_26' title='bbox 2748 567 2824 638; x_wconf 84' lang='grc' dir='ltr'><strong>τῷ</strong></span> <span class='ocrx_word' id='word_1_27' title='bbox 2861 571 3095 641; x_wconf 79' lang='grc' dir='ltr'><strong>μάρτυρι</strong></span> <span class='ocrx_word' id='word_1_28' title='bbox 3123 568 3341 639; x_wconf 86' lang='grc' dir='ltr'>χάριτος</span> <span class='ocrx_word' id='word_1_29' title='bbox 3374 571 3438 639; x_wconf 83' lang='grc' dir='ltr'>τῇ</span> <span class='ocrx_word' id='word_1_30' title='bbox 3465 569 3595 640; x_wconf 73' lang='grc' dir='ltr'>ἁγίᾳ</span> <span class='ocrx_word' id='word_1_31' title='bbox 3626 569 3739 621; x_wconf 85' lang='grc' dir='ltr'><strong>Ἑκ-</strong></span> 
     </span>
    </p>
   </div>
   <div class='ocr_carea' id='block_1_8' title="bbox 2157 659 2953 733">
    <p class='ocr_par' dir='ltr' id='par_1_8' title="bbox 2157 659 2953 733">
     <span class='ocr_line' id='line_1_8' title="bbox 2157 659 2953 733; baseline 0.004 -22"><span class='ocrx_word' id='word_1_32' title='bbox 2157 659 2360 733; x_wconf 71' lang='grc' dir='ltr'>κλησίᾳ</span> <span class='ocrx_word' id='word_1_33' title='bbox 2387 659 2813 729; x_wconf 81' lang='grc' dir='ltr'><strong>καταλειφθέντα</strong></span> <span class='ocrx_word' id='word_1_34' title='bbox 2846 660 2953 730; x_wconf 82' lang='lat'><strong>(16)</strong></span> 
     </span>
    </p>
   </div>
   <div class='ocr_carea' id='block_1_9' title="bbox 1412 807 2776 884">
    <p class='ocr_par' dir='ltr' id='par_1_9' title="bbox 1412 807 2776 884">
     <span class='ocr_line' id='line_1_9' title="bbox 1412 807 2776 884; baseline 0.005 -23"><span class='ocrx_word' id='word_1_35' title='bbox 1412 807 1518 861; x_wconf 83' lang='lat' dir='ltr'><strong>Vll.</strong></span> <span class='ocrx_word' id='word_1_36' title='bbox 1565 808 1812 881; x_wconf 79' lang='lat' dir='ltr'><strong>Ignatius</strong></span> <span class='ocrx_word' id='word_1_37' title='bbox 1849 822 2092 867; x_wconf 83' lang='lat' dir='ltr'><strong>mortuus</strong></span> <span class='ocrx_word' id='word_1_38' title='bbox 2121 824 2339 884; x_wconf 76' lang='lat' dir='ltr'><strong>apparet</strong></span> <span class='ocrx_word' id='word_1_39' title='bbox 2371 815 2776 870; x_wconf 75' lang='lat' dir='ltr'><strong>dormientibus.</strong></span> 
     </span>
    </p>
   </div>
   <div class='ocr_carea' id='block_1_10' title="bbox 532 962 2038 1034">
    <p class='ocr_par' dir='ltr' id='par_1_10' title="bbox 532 962 2038 1034">
     <span class='ocr_line' id='line_1_10' title="bbox 532 962 2038 1034; baseline 0.003 -17"><span class='ocrx_word' id='word_1_40' title='bbox 532 962 892 1034; x_wconf 72' lang='lat' dir='ltr'><strong>Contigerant</strong></span> <span class='ocrx_word' id='word_1_41' title='bbox 921 979 1052 1017; x_wconf 90' lang='lat' dir='ltr'><strong>vero</strong></span> <span class='ocrx_word' id='word_1_42' title='bbox 1083 964 1200 1018; x_wconf 57' lang='lat' dir='ltr'><strong>hac</strong></span> <span class='ocrx_word' id='word_1_43' title='bbox 1228 979 1280 1017; x_wconf 91' lang='lat' dir='ltr'><strong>a.</strong></span> <span class='ocrx_word' id='word_1_44' title='bbox 1312 967 1367 1018; x_wconf 75' lang='grc' dir='ltr'><strong>(Ι.</strong></span> <span class='ocrx_word' id='word_1_45' title='bbox 1400 978 1498 1018; x_wconf 79' lang='lat' dir='ltr'><strong>xm</strong></span> <span class='ocrx_word' id='word_1_46' title='bbox 1531 963 1803 1020; x_wconf 84' lang='lat' dir='ltr'><strong>Kalendas</strong></span> <span class='ocrx_word' id='word_1_47' title='bbox 1834 964 2038 1021; x_wconf 84' lang='lat' dir='ltr'><strong>Janua-</strong></span> 
     </span>
    </p>
   </div>
   <div class='ocr_carea' id='block_1_11' title="bbox 462 1054 2043 1128">
    <p class='ocr_par' dir='ltr' id='par_1_11' title="bbox 462 1054 2043 1128">
     <span class='ocr_line' id='line_1_11' title="bbox 462 1054 2043 1128; baseline 0.002 -20"><span class='ocrx_word' id='word_1_48' title='bbox 462 1056 594 1123; x_wconf 80' lang='lat' dir='ltr'><strong>rias,</strong></span> <span class='ocrx_word' id='word_1_49' title='bbox 631 1057 737 1110; x_wconf 88' lang='lat' dir='ltr'><strong>hoc</strong></span> <span class='ocrx_word' id='word_1_50' title='bbox 764 1064 868 1121; x_wconf 87' lang='lat' dir='ltr'><strong>est,</strong></span> <span class='ocrx_word' id='word_1_51' title='bbox 896 1054 1211 1111; x_wconf 91' lang='lat' dir='ltr'><strong>Decembris</strong></span> <span class='ocrx_word' id='word_1_52' title='bbox 1238 1056 1524 1126; x_wconf 88' lang='lat' dir='ltr'><strong>vigesima,</strong></span> <span class='ocrx_word' id='word_1_53' title='bbox 1558 1057 1880 1113; x_wconf 84' lang='lat' dir='ltr'><strong>consulibus</strong></span> <span class='ocrx_word' id='word_1_54' title='bbox 1900 1059 2043 1128; x_wconf 90' lang='lat' dir='ltr'><strong>apud</strong></span> 
     </span>
    </p>
   </div>
   <div class='ocr_carea' id='block_1_12' title="bbox 463 1148 2045 1206">
    <p class='ocr_par' dir='ltr' id='par_1_12' title="bbox 463 1148 2045 1206">
     <span class='ocr_line' id='line_1_12' title="bbox 463 1148 2045 1206; baseline 0.003 -5"><span class='ocrx_word' id='word_1_55' title='bbox 463 1148 743 1204; x_wconf 79' lang='lat' dir='ltr'><strong>Romanos</strong></span> <span class='ocrx_word' id='word_1_56' title='bbox 787 1149 984 1204; x_wconf 82' lang='lat' dir='ltr'><strong>iterum</strong></span> <span class='ocrx_word' id='word_1_57' title='bbox 1037 1148 1177 1203; x_wconf 89' lang='lat' dir='ltr'><strong>Sura</strong></span> <span class='ocrx_word' id='word_1_58' title='bbox 1226 1159 1273 1204; x_wconf 91' lang='lat' dir='ltr'><strong>et</strong></span> <span class='ocrx_word' id='word_1_59' title='bbox 1317 1149 1638 1205; x_wconf 85' lang='lat' dir='ltr'><strong>Senecione.</strong></span> <span class='ocrx_word' id='word_1_60' title='bbox 1683 1148 1891 1205; x_wconf 84' lang='lat' dir='ltr'><strong>Horum</strong></span> <span class='ocrx_word' id='word_1_61' title='bbox 1944 1168 2045 1206; x_wconf 88' lang='lat' dir='ltr'><strong>nos</strong></span> 
     </span>
    </p>
   </div>
   <div class='ocr_carea' id='block_1_13' title="bbox 460 1242 2045 1316">
    <p class='ocr_par' dir='ltr' id='par_1_13' title="bbox 460 1242 2045 1316">
     <span class='ocr_line' id='line_1_13' title="bbox 460 1242 2045 1316; baseline 0.001 -20"><span class='ocrx_word' id='word_1_62' title='bbox 460 1243 566 1312; x_wconf 84' lang='lat' dir='ltr'><strong>ipsi</strong></span> <span class='ocrx_word' id='word_1_63' title='bbox 597 1251 933 1312; x_wconf 84' lang='lat' dir='ltr'><strong>spectatores</strong></span> <span class='ocrx_word' id='word_1_64' title='bbox 985 1242 1147 1310; x_wconf 83' lang='lat' dir='ltr'><strong>facti,</strong></span> <span class='ocrx_word' id='word_1_65' title='bbox 1191 1259 1318 1298; x_wconf 92' lang='lat' dir='ltr'><strong>cum</strong></span> <span class='ocrx_word' id='word_1_66' title='bbox 1358 1245 1413 1298; x_wconf 90' lang='lat' dir='ltr'><strong>in</strong></span> <span class='ocrx_word' id='word_1_67' title='bbox 1449 1244 1709 1316; x_wconf 86' lang='lat' dir='ltr'><strong>lacrymis</strong></span> <span class='ocrx_word' id='word_1_68' title='bbox 1745 1254 1911 1299; x_wconf 91' lang='lat' dir='ltr'><strong>totam</strong></span> <span class='ocrx_word' id='word_1_69' title='bbox 1941 1261 2045 1299; x_wconf 91' lang='lat' dir='ltr'><strong>no-</strong></span> 
     </span>
    </p>
   </div>
   <div class='ocr_carea' id='block_1_14' title="bbox 459 1333 2044 1405">
    <p class='ocr_par' dir='ltr' id='par_1_14' title="bbox 459 1333 2044 1405">
     <span class='ocr_line' id='line_1_14' title="bbox 459 1333 2044 1405; baseline 0.004 -21"><span class='ocrx_word' id='word_1_70' title='bbox 459 1343 600 1385; x_wconf 90' lang='lat' dir='ltr'><strong>ctem</strong></span> <span class='ocrx_word' id='word_1_71' title='bbox 629 1333 1025 1403; x_wconf 82' lang='lat' dir='ltr'><strong>exegissemus,</strong></span> <span class='ocrx_word' id='word_1_72' title='bbox 1061 1343 1116 1388; x_wconf 90' lang='lat' dir='ltr'><strong>et</strong></span> <span class='ocrx_word' id='word_1_73' title='bbox 1143 1335 1374 1403; x_wconf 82' lang='lat' dir='ltr'><strong>genibus</strong></span> <span class='ocrx_word' id='word_1_74' title='bbox 1409 1334 1565 1390; x_wconf 83' lang='lat' dir='ltr'><strong>ﬂexis</strong></span> <span class='ocrx_word' id='word_1_75' title='bbox 1600 1335 1883 1405; x_wconf 87' lang='lat' dir='ltr'><strong>multaque</strong></span> <span class='ocrx_word' id='word_1_76' title='bbox 1916 1352 2044 1390; x_wconf 83' lang='lat' dir='ltr'><strong>ora—</strong></span> 
     </span>
    </p>
   </div>
   <div class='ocr_carea' id='block_1_15' title="bbox 461 1423 2046 1497">
    <p class='ocr_par' dir='ltr' id='par_1_15' title="bbox 461 1423 2046 1497">
     <span class='ocr_line' id='line_1_15' title="bbox 461 1423 2046 1497; baseline 0.005 -21"><span class='ocrx_word' id='word_1_77' title='bbox 461 1423 607 1476; x_wconf 88' lang='lat' dir='ltr'><strong>tione</strong></span> <span class='ocrx_word' id='word_1_78' title='bbox 634 1423 926 1477; x_wconf 87' lang='lat' dir='ltr'><strong>Dominum</strong></span> <span class='ocrx_word' id='word_1_79' title='bbox 950 1466 965 1490; x_wconf 94' lang='lat'><strong>,</strong></span> <span class='ocrx_word' id='word_1_80' title='bbox 1008 1437 1067 1480; x_wconf 92' lang='lat' dir='ltr'><strong>ut</strong></span> <span class='ocrx_word' id='word_1_81' title='bbox 1114 1441 1215 1480; x_wconf 88' lang='lat' dir='ltr'><strong>nos</strong></span> <span class='ocrx_word' id='word_1_82' title='bbox 1239 1426 1486 1482; x_wconf 84' lang='lat' dir='ltr'><strong>inﬁrmos</strong></span> <span class='ocrx_word' id='word_1_83' title='bbox 1512 1427 1578 1482; x_wconf 89' lang='lat' dir='ltr'><strong>de</strong></span> <span class='ocrx_word' id='word_1_84' title='bbox 1612 1427 1702 1493; x_wconf 92' lang='lat' dir='ltr'><strong>iis,</strong></span> <span class='ocrx_word' id='word_1_85' title='bbox 1745 1443 1866 1497; x_wconf 67' lang='lat' dir='ltr'><strong>quae</strong></span> <span class='ocrx_word' id='word_1_86' title='bbox 1901 1427 2046 1484; x_wconf 77' lang='lat' dir='ltr'><strong>facta</strong></span> 
     </span>
    </p>
   </div>
   <div class='ocr_carea' id='block_1_16' title="bbox 459 1516 2047 1589">
    <p class='ocr_par' dir='ltr' id='par_1_16' title="bbox 459 1516 2047 1589">
     <span class='ocr_line' id='line_1_16' title="bbox 459 1516 2047 1589; baseline 0.004 -21"><span class='ocrx_word' id='word_1_87' title='bbox 459 1516 698 1581; x_wconf 81' lang='lat' dir='ltr'><strong>fuerant,</strong></span> <span class='ocrx_word' id='word_1_88' title='bbox 723 1526 904 1572; x_wconf 89' lang='lat' dir='ltr'><strong>certos</strong></span> <span class='ocrx_word' id='word_1_89' title='bbox 944 1516 1170 1584; x_wconf 87' lang='lat' dir='ltr'><strong>faceret,</strong></span> <span class='ocrx_word' id='word_1_90' title='bbox 1214 1534 1467 1574; x_wconf 85' lang='lat' dir='ltr'><strong>essemus</strong></span> <span class='ocrx_word' id='word_1_91' title='bbox 1499 1520 1730 1588; x_wconf 88' lang='lat' dir='ltr'><strong>precati,</strong></span> <span class='ocrx_word' id='word_1_92' title='bbox 1766 1535 1831 1574; x_wconf 88' lang='lat' dir='ltr'><strong>ac</strong></span> <span class='ocrx_word' id='word_1_93' title='bbox 1852 1522 2047 1589; x_wconf 89' lang='lat' dir='ltr'><strong>paulu-</strong></span> 
     </span>
    </p>
   </div>
   <div class='ocr_carea' id='block_1_17' title="bbox 458 1607 2058 1676">
    <p class='ocr_par' dir='ltr' id='par_1_17' title="bbox 458 1607 2058 1676">
     <span class='ocr_line' id='line_1_17' title="bbox 458 1607 2058 1676; baseline 0.003 -17"><span class='ocrx_word' id='word_1_94' title='bbox 458 1607 571 1660; x_wconf 88' lang='lat' dir='ltr'><strong>lum</strong></span> <span class='ocrx_word' id='word_1_95' title='bbox 620 1607 1132 1676; x_wconf 88' lang='lat' dir='ltr'><strong>obdormissemus;</strong></span> <span class='ocrx_word' id='word_1_96' title='bbox 1193 1609 1286 1662; x_wconf 88' lang='lat' dir='ltr'><strong>alii</strong></span> <span class='ocrx_word' id='word_1_97' title='bbox 1353 1609 1538 1663; x_wconf 82' lang='lat' dir='ltr'><strong>statim</strong></span> <span class='ocrx_word' id='word_1_98' title='bbox 1595 1617 1863 1664; x_wconf 84' lang='lat' dir='ltr'><strong>aStantem</strong></span> <span class='ocrx_word' id='word_1_99' title='bbox 1918 1625 2058 1664; x_wconf 85' lang='lat' dir='ltr'><strong>eum</strong></span> 
     </span>
    </p>
   </div>
   <div class='ocr_carea' id='block_1_18' title="bbox 458 1701 2041 1772">
    <p class='ocr_par' dir='ltr' id='par_1_18' title="bbox 458 1701 2041 1772">
     <span class='ocr_line' id='line_1_18' title="bbox 458 1701 2041 1772; baseline 0.003 -21"><span class='ocrx_word' id='word_1_100' title='bbox 458 1714 672 1770; x_wconf 90' lang='lat' dir='ltr'><strong>nosque</strong></span> <span class='ocrx_word' id='word_1_101' title='bbox 697 1702 1152 1770; x_wconf 89' lang='lat' dir='ltr'><strong>complectentem</strong></span> <span class='ocrx_word' id='word_1_102' title='bbox 1185 1701 1446 1768; x_wconf 90' lang='lat' dir='ltr'><strong>vidimus,</strong></span> <span class='ocrx_word' id='word_1_103' title='bbox 1478 1702 1570 1756; x_wconf 87' lang='lat' dir='ltr'><strong>alii</strong></span> <span class='ocrx_word' id='word_1_104' title='bbox 1599 1718 1796 1756; x_wconf 89' lang='lat' dir='ltr'><strong>rursus</strong></span> <span class='ocrx_word' id='word_1_105' title='bbox 1822 1717 1920 1772; x_wconf 91' lang='lat' dir='ltr'><strong>pro</strong></span> <span class='ocrx_word' id='word_1_106' title='bbox 1946 1719 2041 1756; x_wconf 86' lang='lat' dir='ltr'><strong>no-</strong></span> 
     </span>
    </p>
   </div>
   <div class='ocr_carea' id='block_1_19' title="bbox 456 1789 2043 1864">
    <p class='ocr_par' dir='ltr' id='par_1_19' title="bbox 456 1789 2043 1864">
     <span class='ocr_line' id='line_1_19' title="bbox 456 1789 2043 1864; baseline 0.003 -22"><span class='ocrx_word' id='word_1_107' title='bbox 456 1789 542 1845; x_wconf 85' lang='lat' dir='ltr'><strong>bis</strong></span> <span class='ocrx_word' id='word_1_108' title='bbox 587 1799 836 1844; x_wconf 87' lang='lat' dir='ltr'><strong>orantem</strong></span> <span class='ocrx_word' id='word_1_109' title='bbox 880 1792 1101 1846; x_wconf 89' lang='lat' dir='ltr'><strong>beatum</strong></span> <span class='ocrx_word' id='word_1_110' title='bbox 1143 1791 1414 1864; x_wconf 87' lang='lat' dir='ltr'><strong>lgnatium</strong></span> <span class='ocrx_word' id='word_1_111' title='bbox 1475 1797 1899 1862; x_wconf 72' lang='lat' dir='ltr'><strong>conspeximus,</strong></span> <span class='ocrx_word' id='word_1_112' title='bbox 1949 1793 2043 1847; x_wconf 88' lang='lat' dir='ltr'><strong>alii</strong></span> 
     </span>
    </p>
   </div>
   <div class='ocr_carea' id='block_1_20' title="bbox 457 1883 2044 1955">
    <p class='ocr_par' dir='ltr' id='par_1_20' title="bbox 457 1883 2044 1955">
     <span class='ocr_line' id='line_1_20' title="bbox 457 1883 2044 1955; baseline 0.003 -20"><span class='ocrx_word' id='word_1_113' title='bbox 457 1897 586 1936; x_wconf 89' lang='lat' dir='ltr'><strong>vero</strong></span> <span class='ocrx_word' id='word_1_114' title='bbox 616 1883 820 1938; x_wconf 90' lang='lat' dir='ltr'><strong>sudore</strong></span> <span class='ocrx_word' id='word_1_115' title='bbox 845 1885 1165 1950; x_wconf 88' lang='lat' dir='ltr'><strong>stillantem,</strong></span> <span class='ocrx_word' id='word_1_116' title='bbox 1194 1895 1452 1955; x_wconf 87' lang='lat' dir='ltr'><strong>tanquam</strong></span> <span class='ocrx_word' id='word_1_117' title='bbox 1479 1901 1509 1939; x_wconf 90' lang='lat' dir='ltr'><strong>a</strong></span> <span class='ocrx_word' id='word_1_118' title='bbox 1533 1886 1704 1940; x_wconf 90' lang='lat' dir='ltr'><strong>multo</strong></span> <span class='ocrx_word' id='word_1_119' title='bbox 1739 1886 1924 1940; x_wconf 91' lang='lat' dir='ltr'><strong>labore</strong></span> <span class='ocrx_word' id='word_1_120' title='bbox 1947 1885 2044 1940; x_wconf 88' lang='lat' dir='ltr'><strong>ad-</strong></span> 
     </span>
    </p>
   </div>
   <div class='ocr_carea' id='block_1_21' title="bbox 454 1973 2042 2046">
    <p class='ocr_par' dir='ltr' id='par_1_21' title="bbox 454 1973 2042 2046">
     <span class='ocr_line' id='line_1_21' title="bbox 454 1973 2042 2046; baseline 0.002 -20"><span class='ocrx_word' id='word_1_121' title='bbox 454 1973 783 2041; x_wconf 85' lang='lat' dir='ltr'><strong>venientem,</strong></span> <span class='ocrx_word' id='word_1_122' title='bbox 843 1985 1008 2044; x_wconf 87' lang='lat' dir='ltr'><strong>atque</strong></span> <span class='ocrx_word' id='word_1_123' title='bbox 1060 1983 1328 2030; x_wconf 89' lang='lat' dir='ltr'><strong>astantem</strong></span> <span class='ocrx_word' id='word_1_124' title='bbox 1403 1975 1650 2029; x_wconf 91' lang='lat' dir='ltr'><strong>Domino.</strong></span> <span class='ocrx_word' id='word_1_125' title='bbox 1723 1974 1859 2029; x_wconf 87' lang='lat' dir='ltr'><strong>Cum</strong></span> <span class='ocrx_word' id='word_1_126' title='bbox 1910 1989 2042 2046; x_wconf 85' lang='lat' dir='ltr'><strong>ergo</strong></span> 
     </span>
    </p>
   </div>
   <div class='ocr_carea' id='block_1_22' title="bbox 453 2064 2041 2138">
    <p class='ocr_par' dir='ltr' id='par_1_22' title="bbox 453 2064 2041 2138">
     <span class='ocr_line' id='line_1_22' title="bbox 453 2064 2041 2138; baseline 0.003 -22"><span class='ocrx_word' id='word_1_127' title='bbox 453 2064 628 2118; x_wconf 89' lang='lat' dir='ltr'><strong>multo</strong></span> <span class='ocrx_word' id='word_1_128' title='bbox 659 2080 786 2119; x_wconf 90' lang='lat' dir='ltr'><strong>cum</strong></span> <span class='ocrx_word' id='word_1_129' title='bbox 829 2067 1028 2138; x_wconf 84' lang='lat' dir='ltr'><strong>gaudio</strong></span> <span class='ocrx_word' id='word_1_130' title='bbox 1080 2068 1186 2123; x_wconf 87' lang='lat' dir='ltr'><strong>ista</strong></span> <span class='ocrx_word' id='word_1_131' title='bbox 1221 2068 1575 2134; x_wconf 86' lang='lat' dir='ltr'><strong>vidissemus,</strong></span> <span class='ocrx_word' id='word_1_132' title='bbox 1617 2075 1670 2120; x_wconf 91' lang='lat' dir='ltr'><strong>et</strong></span> <span class='ocrx_word' id='word_1_133' title='bbox 1698 2067 2041 2121; x_wconf 88' lang='lat' dir='ltr'><strong>somniorum</strong></span> 
     </span>
    </p>
   </div>
   <div class='ocr_carea' id='block_1_23' title="bbox 453 2158 2041 2224">
    <p class='ocr_par' dir='ltr' id='par_1_23' title="bbox 453 2158 2041 2224">
     <span class='ocr_line' id='line_1_23' title="bbox 453 2158 2041 2224; baseline 0.003 -15"><span class='ocrx_word' id='word_1_134' title='bbox 453 2158 569 2211; x_wconf 86' lang='lat' dir='ltr'><strong>visa</strong></span> <span class='ocrx_word' id='word_1_135' title='bbox 599 2159 1051 2224; x_wconf 86' lang='lat' dir='ltr'><strong>contulissemus,</strong></span> <span class='ocrx_word' id='word_1_136' title='bbox 1088 2159 1260 2214; x_wconf 87' lang='lat' dir='ltr'><strong>Deum</strong></span> <span class='ocrx_word' id='word_1_137' title='bbox 1308 2160 1557 2214; x_wconf 89' lang='lat' dir='ltr'><strong>datorem</strong></span> <span class='ocrx_word' id='word_1_138' title='bbox 1607 2159 1876 2213; x_wconf 86' lang='lat' dir='ltr'><strong>bonorum</strong></span> <span class='ocrx_word' id='word_1_139' title='bbox 1919 2160 2041 2214; x_wconf 89' lang='lat' dir='ltr'><strong>lau-</strong></span> 
     </span>
    </p>
   </div>
   <div class='ocr_carea' id='block_1_24' title="bbox 451 2249 2037 2322">
    <p class='ocr_par' dir='ltr' id='par_1_24' title="bbox 451 2249 2037 2322">
     <span class='ocr_line' id='line_1_24' title="bbox 451 2249 2037 2322; baseline 0.003 -20"><span class='ocrx_word' id='word_1_140' title='bbox 451 2249 738 2317; x_wconf 78' lang='lat' dir='ltr'><strong>davnnus,</strong></span> <span class='ocrx_word' id='word_1_141' title='bbox 793 2260 1048 2306; x_wconf 90' lang='lat' dir='ltr'><strong>sanctum</strong></span> <span class='ocrx_word' id='word_1_142' title='bbox 1089 2251 1268 2306; x_wconf 89' lang='lat' dir='ltr'><strong>virum</strong></span> <span class='ocrx_word' id='word_1_143' title='bbox 1313 2253 1534 2306; x_wconf 87' lang='lat' dir='ltr'><strong>beatum</strong></span> <span class='ocrx_word' id='word_1_144' title='bbox 1587 2251 2037 2322; x_wconf 60' lang='lat' dir='ltr'><strong>pratdicavimus,</strong></span> 
     </span>
    </p>
   </div>
   <div class='ocr_carea' id='block_1_25' title="bbox 451 2343 2040 2416">
    <p class='ocr_par' dir='ltr' id='par_1_25' title="bbox 451 2343 2040 2416">
     <span class='ocr_line' id='line_1_25' title="bbox 451 2343 2040 2416; baseline -0.002 -18"><span class='ocrx_word' id='word_1_145' title='bbox 451 2343 608 2399; x_wconf 86' lang='lat' dir='ltr'><strong>vobis</strong></span> <span class='ocrx_word' id='word_1_146' title='bbox 638 2353 692 2398; x_wconf 90' lang='lat' dir='ltr'><strong>et</strong></span> <span class='ocrx_word' id='word_1_147' title='bbox 729 2345 873 2399; x_wconf 92' lang='lat' dir='ltr'><strong>diem</strong></span> <span class='ocrx_word' id='word_1_148' title='bbox 910 2356 963 2400; x_wconf 91' lang='lat' dir='ltr'><strong>et</strong></span> <span class='ocrx_word' id='word_1_149' title='bbox 985 2353 1201 2415; x_wconf 85' lang='lat' dir='ltr'><strong>tempus</strong></span> <span class='ocrx_word' id='word_1_150' title='bbox 1231 2345 1688 2416; x_wconf 77' lang='lat' dir='ltr'><strong>signiﬁcavimus,</strong></span> <span class='ocrx_word' id='word_1_151' title='bbox 1714 2356 1774 2399; x_wconf 85' lang='lat' dir='ltr'><strong>ut</strong></span> <span class='ocrx_word' id='word_1_152' title='bbox 1795 2354 2040 2412; x_wconf 89' lang='lat' dir='ltr'><strong>tempore</strong></span> 
     </span>
    </p>
   </div>
   <div class='ocr_carea' id='block_1_26' title="bbox 451 2437 2037 2507">
    <p class='ocr_par' dir='ltr' id='par_1_26' title="bbox 451 2437 2037 2507">
     <span class='ocr_line' id='line_1_26' title="bbox 451 2437 2037 2507; baseline -0.001 -18"><span class='ocrx_word' id='word_1_153' title='bbox 451 2437 697 2507; x_wconf 87' lang='lat' dir='ltr'><strong>martyrii</strong></span> <span class='ocrx_word' id='word_1_154' title='bbox 740 2437 861 2506; x_wconf 87' lang='lat' dir='ltr'><strong>ejus</strong></span> <span class='ocrx_word' id='word_1_155' title='bbox 891 2437 1278 2492; x_wconf 90' lang='lat' dir='ltr'><strong>convenientes</strong></span> <span class='ocrx_word' id='word_1_156' title='bbox 1312 2437 1760 2492; x_wconf 88' lang='lat' dir='ltr'><strong>communionem</strong></span> <span class='ocrx_word' id='word_1_157' title='bbox 1795 2445 2037 2490; x_wconf 80' lang='lat' dir='ltr'><strong>nostrain</strong></span> 
     </span>
    </p>
   </div>
   <div class='ocr_carea' id='block_1_27' title="bbox 450 2528 2036 2602">
    <p class='ocr_par' dir='ltr' id='par_1_27' title="bbox 450 2528 2036 2602">
     <span class='ocr_line' id='line_1_27' title="bbox 450 2528 2036 2602; baseline -0.001 -19"><span class='ocrx_word' id='word_1_158' title='bbox 450 2529 805 2584; x_wconf 81' lang='lat' dir='ltr'><strong>testificemur</strong></span> <span class='ocrx_word' id='word_1_159' title='bbox 834 2546 960 2585; x_wconf 91' lang='lat' dir='ltr'><strong>cum</strong></span> <span class='ocrx_word' id='word_1_160' title='bbox 993 2531 1194 2585; x_wconf 83' lang='lat' dir='ltr'><strong>athleta</strong></span> <span class='ocrx_word' id='word_1_161' title='bbox 1219 2540 1272 2585; x_wconf 89' lang='lat' dir='ltr'><strong>et</strong></span> <span class='ocrx_word' id='word_1_162' title='bbox 1300 2546 1566 2602; x_wconf 83' lang='lat' dir='ltr'><strong>generoso</strong></span> <span class='ocrx_word' id='word_1_163' title='bbox 1605 2539 1846 2602; x_wconf 85' lang='lat' dir='ltr'><strong>martyre</strong></span> <span class='ocrx_word' id='word_1_164' title='bbox 1873 2528 2036 2584; x_wconf 86' lang='lat' dir='ltr'><strong>Chri-</strong></span> 
     </span>
    </p>
   </div>
   <div class='ocr_carea' id='block_1_28' title="bbox 449 2617 2038 2686">
    <p class='ocr_par' dir='ltr' id='par_1_28' title="bbox 449 2617 2038 2686">
     <span class='ocr_line' id='line_1_28' title="bbox 449 2617 2038 2686; baseline 0.002 -16"><span class='ocrx_word' id='word_1_165' title='bbox 449 2617 542 2682; x_wconf 91' lang='lat' dir='ltr'><strong>sti,</strong></span> <span class='ocrx_word' id='word_1_166' title='bbox 580 2617 675 2686; x_wconf 87' lang='lat' dir='ltr'><strong>qui</strong></span> <span class='ocrx_word' id='word_1_167' title='bbox 700 2619 1045 2673; x_wconf 89' lang='lat' dir='ltr'><strong>coneulcavit</strong></span> <span class='ocrx_word' id='word_1_168' title='bbox 1090 2620 1395 2686; x_wconf 90' lang='lat' dir='ltr'><strong>diabolum,</strong></span> <span class='ocrx_word' id='word_1_169' title='bbox 1428 2631 1481 2676; x_wconf 89' lang='lat' dir='ltr'><strong>et</strong></span> <span class='ocrx_word' id='word_1_170' title='bbox 1513 2621 1773 2676; x_wconf 87' lang='lat' dir='ltr'><strong>desiderii</strong></span> <span class='ocrx_word' id='word_1_171' title='bbox 1821 2620 1928 2686; x_wconf 90' lang='lat' dir='ltr'><strong>sui,</strong></span> <span class='ocrx_word' id='word_1_172' title='bbox 1969 2635 2038 2675; x_wconf 81' lang='lat' dir='ltr'><strong>ex</strong></span> 
     </span>
    </p>
   </div>
   <div class='ocr_carea' id='block_1_29' title="bbox 449 2709 2038 2784">
    <p class='ocr_par' dir='ltr' id='par_1_29' title="bbox 449 2709 2038 2784">
     <span class='ocr_line' id='line_1_29' title="bbox 449 2709 2038 2784; baseline 0.003 -22"><span class='ocrx_word' id='word_1_173' title='bbox 449 2725 638 2763; x_wconf 88' lang='lat' dir='ltr'><strong>amore</strong></span> <span class='ocrx_word' id='word_1_174' title='bbox 670 2709 878 2766; x_wconf 87' lang='lat' dir='ltr'><strong>Christi</strong></span> <span class='ocrx_word' id='word_1_175' title='bbox 903 2711 1156 2781; x_wconf 84' lang='lat' dir='ltr'><strong>profecti,</strong></span> <span class='ocrx_word' id='word_1_176' title='bbox 1192 2729 1417 2769; x_wconf 89' lang='lat' dir='ltr'><strong>cursum</strong></span> <span class='ocrx_word' id='word_1_177' title='bbox 1447 2715 1704 2784; x_wconf 82' lang='lat' dir='ltr'><strong>explevit,</strong></span> <span class='ocrx_word' id='word_1_178' title='bbox 1732 2715 1786 2768; x_wconf 92' lang='lat' dir='ltr'><strong>in</strong></span> <span class='ocrx_word' id='word_1_179' title='bbox 1817 2713 2038 2769; x_wconf 87' lang='lat' dir='ltr'><strong>Christo</strong></span> 
     </span>
    </p>
   </div>
   <div class='ocr_carea' id='block_1_30' title="bbox 449 2799 2036 2876">
    <p class='ocr_par' dir='ltr' id='par_1_30' title="bbox 449 2799 2036 2876">
     <span class='ocr_line' id='line_1_30' title="bbox 449 2799 2036 2876; baseline 0.003 -23"><span class='ocrx_word' id='word_1_180' title='bbox 449 2799 602 2866; x_wconf 83' lang='lat' dir='ltr'><strong>Jesu,</strong></span> <span class='ocrx_word' id='word_1_181' title='bbox 635 2799 870 2858; x_wconf 89' lang='lat' dir='ltr'><strong>Domino</strong></span> <span class='ocrx_word' id='word_1_182' title='bbox 910 2814 1132 2871; x_wconf 87' lang='lat' dir='ltr'><strong>nostro,</strong></span> <span class='ocrx_word' id='word_1_183' title='bbox 1160 2821 1255 2875; x_wconf 89' lang='lat' dir='ltr'><strong>per</strong></span> <span class='ocrx_word' id='word_1_184' title='bbox 1291 2821 1451 2875; x_wconf 88' lang='lat' dir='ltr'><strong>quem</strong></span> <span class='ocrx_word' id='word_1_185' title='bbox 1488 2815 1545 2860; x_wconf 89' lang='lat' dir='ltr'><strong>et</strong></span> <span class='ocrx_word' id='word_1_186' title='bbox 1585 2821 1711 2860; x_wconf 91' lang='lat' dir='ltr'><strong>cum</strong></span> <span class='ocrx_word' id='word_1_187' title='bbox 1741 2822 1853 2876; x_wconf 93' lang='lat' dir='ltr'><strong>quo</strong></span> <span class='ocrx_word' id='word_1_188' title='bbox 1885 2805 2036 2859; x_wconf 86' lang='lat' dir='ltr'><strong>Patri</strong></span> 
     </span>
    </p>
   </div>
   <div class='ocr_carea' id='block_1_31' title="bbox 449 2886 2032 2964">
    <p class='ocr_par' dir='ltr' id='par_1_31' title="bbox 449 2886 2032 2964">
     <span class='ocr_line' id='line_1_31' title="bbox 449 2886 2032 2964; baseline 0.008 -25"><span class='ocrx_word' id='word_1_189' title='bbox 449 2886 522 2939; x_wconf 90' lang='lat' dir='ltr'><strong>sit</strong></span> <span class='ocrx_word' id='word_1_190' title='bbox 547 2886 719 2956; x_wconf 83' lang='lat' dir='ltr'><strong>gloria</strong></span> <span class='ocrx_word' id='word_1_191' title='bbox 743 2898 799 2944; x_wconf 89' lang='lat' dir='ltr'><strong>et</strong></span> <span class='ocrx_word' id='word_1_192' title='bbox 827 2892 1071 2959; x_wconf 88' lang='lat' dir='ltr'><strong>potentia</strong></span> <span class='ocrx_word' id='word_1_193' title='bbox 1103 2909 1229 2948; x_wconf 91' lang='lat' dir='ltr'><strong>cum</strong></span> <span class='ocrx_word' id='word_1_194' title='bbox 1257 2893 1467 2964; x_wconf 88' lang='lat' dir='ltr'><strong>Spiritu</strong></span> <span class='ocrx_word' id='word_1_195' title='bbox 1494 2904 1710 2961; x_wconf 89' lang='lat' dir='ltr'><strong>sancto,</strong></span> <span class='ocrx_word' id='word_1_196' title='bbox 1738 2896 1793 2949; x_wconf 91' lang='lat' dir='ltr'><strong>in</strong></span> <span class='ocrx_word' id='word_1_197' title='bbox 1811 2896 2032 2951; x_wconf 68' lang='lat' dir='ltr'><strong>saacula.</strong></span> 
     </span>
    </p>
   </div>
   <div class='ocr_carea' id='block_1_32' title="bbox 450 2975 651 3031">
    <p class='ocr_par' dir='ltr' id='par_1_32' title="bbox 450 2975 651 3031">
     <span class='ocr_line' id='line_1_32' title="bbox 450 2975 651 3031; baseline 0.015 -3"><span class='ocrx_word' id='word_1_198' title='bbox 450 2975 651 3031; x_wconf 87' lang='lat' dir='ltr'><strong>Amen.</strong></span> 
     </span>
    </p>
   </div>
   <div class='ocr_carea' id='block_1_33' title="bbox 2229 973 3734 1045">
    <p class='ocr_par' dir='ltr' id='par_1_33' title="bbox 2229 973 3734 1045">
     <span class='ocr_line' id='line_1_33' title="bbox 2229 973 3734 1045; baseline 0 -20"><span class='ocrx_word' id='word_1_199' title='bbox 2229 973 2478 1041; x_wconf 82' lang='grc' dir='ltr'><strong>Ἐγένετο</strong></span> <span class='ocrx_word' id='word_1_200' title='bbox 2522 974 2580 1027; x_wconf 86' lang='grc' dir='ltr'><strong>δὲ</strong></span> <span class='ocrx_word' id='word_1_201' title='bbox 2622 973 2794 1028; x_wconf 81' lang='grc' dir='ltr'>ταῦτα</span> <span class='ocrx_word' id='word_1_202' title='bbox 2845 977 2909 1045; x_wconf 84' lang='grc' dir='ltr'>τῇ</span> <span class='ocrx_word' id='word_1_203' title='bbox 2955 973 3061 1045; x_wconf 82' lang='grc' dir='ltr'>πρὸ</span> <span class='ocrx_word' id='word_1_204' title='bbox 3107 973 3403 1045; x_wconf 85' lang='grc' dir='ltr'>δεκατριῶν</span> <span class='ocrx_word' id='word_1_205' title='bbox 3439 973 3734 1027; x_wconf 81' lang='grc' dir='ltr'>Καλανδῶν</span> 
     </span>
    </p>
   </div>
   <div class='ocr_carea' id='block_1_34' title="bbox 2153 1066 3734 1138">
    <p class='ocr_par' dir='ltr' id='par_1_34' title="bbox 2153 1066 3734 1138">
     <span class='ocr_line' id='line_1_34' title="bbox 2153 1066 3734 1138; baseline 0.001 -20"><span class='ocrx_word' id='word_1_206' title='bbox 2153 1066 2844 1137; x_wconf 88' lang='grc' dir='ltr'>Ἰαννουαρίων,τουτέστιν</span> <span class='ocrx_word' id='word_1_207' title='bbox 2873 1067 3194 1138; x_wconf 78' lang='grc' dir='ltr'>Δεκεμϐρίῳ</span> <span class='ocrx_word' id='word_1_208' title='bbox 3219 1068 3413 1132; x_wconf 80' lang='grc' dir='ltr'>εἰκάδι,</span> <span class='ocrx_word' id='word_1_209' title='bbox 3445 1067 3734 1119; x_wconf 84' lang='grc' dir='ltr'>ὑπατευόν-</span> 
     </span>
    </p>
   </div>
   <div class='ocr_carea' id='block_1_35' title="bbox 2154 1159 3733 1231">
    <p class='ocr_par' dir='ltr' id='par_1_35' title="bbox 2154 1159 3733 1231">
     <span class='ocr_line' id='line_1_35' title="bbox 2154 1159 3733 1231; baseline 0.001 -21"><span class='ocrx_word' id='word_1_210' title='bbox 2154 1175 2261 1210; x_wconf 86' lang='grc' dir='ltr'>των</span> <span class='ocrx_word' id='word_1_211' title='bbox 2301 1159 2450 1229; x_wconf 75' lang='grc' dir='ltr'>παρά</span> <span class='ocrx_word' id='word_1_212' title='bbox 2497 1159 2788 1230; x_wconf 85' lang='grc' dir='ltr'>Ῥωμαίοις</span> <span class='ocrx_word' id='word_1_213' title='bbox 2837 1159 2986 1231; x_wconf 84' lang='grc' dir='ltr'>Σύρα</span> <span class='ocrx_word' id='word_1_214' title='bbox 3028 1160 3122 1214; x_wconf 77' lang='grc' dir='ltr'><strong>καὶ</strong></span> <span class='ocrx_word' id='word_1_215' title='bbox 3165 1159 3416 1213; x_wconf 86' lang='grc' dir='ltr'>Σενεκίου</span> <span class='ocrx_word' id='word_1_216' title='bbox 3459 1161 3518 1214; x_wconf 86' lang='grc' dir='ltr'><strong>τὸ</strong></span> <span class='ocrx_word' id='word_1_217' title='bbox 3559 1159 3733 1212; x_wconf 89' lang='grc' dir='ltr'>δεύτε-</span> 
     </span>
    </p>
   </div>
   <div class='ocr_carea' id='block_1_36' title="bbox 2155 1250 3732 1323">
    <p class='ocr_par' dir='ltr' id='par_1_36' title="bbox 2155 1250 3732 1323">
     <span class='ocr_line' id='line_1_36' title="bbox 2155 1250 3732 1323; baseline -0.001 -20"><span class='ocrx_word' id='word_1_218' title='bbox 2155 1268 2247 1322; x_wconf 91' lang='grc' dir='ltr'><strong>ρον</strong></span> <span class='ocrx_word' id='word_1_219' title='bbox 2274 1251 2404 1321; x_wconf 83' lang='grc'><strong>(17).</strong></span> <span class='ocrx_word' id='word_1_220' title='bbox 2439 1250 2654 1304; x_wconf 78' lang='grc' dir='ltr'>Τούτων</span> <span class='ocrx_word' id='word_1_221' title='bbox 2685 1252 2952 1305; x_wconf 83' lang='grc' dir='ltr'>αὐτόπται</span> <span class='ocrx_word' id='word_1_222' title='bbox 2986 1253 3285 1323; x_wconf 85' lang='grc' dir='ltr'>γενόμενοι,</span> <span class='ocrx_word' id='word_1_223' title='bbox 3314 1252 3451 1322; x_wconf 84' lang='grc' dir='ltr'>μετὰ</span> <span class='ocrx_word' id='word_1_224' title='bbox 3481 1250 3732 1322; x_wconf 85' lang='grc' dir='ltr'>δακρύων</span> 
     </span>
    </p>
   </div>
   <div class='ocr_carea' id='block_1_37' title="bbox 2151 1343 3732 1415">
    <p class='ocr_par' dir='ltr' id='par_1_37' title="bbox 2151 1343 3732 1415">
     <span class='ocr_line' id='line_1_37' title="bbox 2151 1343 3732 1415; baseline -0.004 -16"><span class='ocrx_word' id='word_1_225' title='bbox 2151 1347 2272 1399; x_wconf 82' lang='grc' dir='ltr'>κατ’</span> <span class='ocrx_word' id='word_1_226' title='bbox 2305 1344 2450 1398; x_wconf 82' lang='grc' dir='ltr'>οἶκόν</span> <span class='ocrx_word' id='word_1_227' title='bbox 2485 1362 2543 1397; x_wconf 88' lang='grc' dir='ltr'><strong>τε</strong></span> <span class='ocrx_word' id='word_1_228' title='bbox 2581 1345 3031 1415; x_wconf 83' lang='grc' dir='ltr'>παννυχίσαντες,</span> <span class='ocrx_word' id='word_1_229' title='bbox 3061 1347 3157 1399; x_wconf 75' lang='grc' dir='ltr'><strong>καὶ</strong></span> <span class='ocrx_word' id='word_1_230' title='bbox 3199 1344 3368 1399; x_wconf 84' lang='grc' dir='ltr'>πολλὰ</span> <span class='ocrx_word' id='word_1_231' title='bbox 3401 1343 3537 1414; x_wconf 86' lang='grc' dir='ltr'><strong>μετά</strong></span> <span class='ocrx_word' id='word_1_232' title='bbox 3575 1360 3732 1410; x_wconf 88' lang='grc' dir='ltr'>γονυ-</span> 
     </span>
    </p>
   </div>
   <div class='ocr_carea' id='block_1_38' title="bbox 2149 1433 3730 1507">
    <p class='ocr_par' dir='ltr' id='par_1_38' title="bbox 2149 1433 3730 1507">
     <span class='ocr_line' id='line_1_38' title="bbox 2149 1433 3730 1507; baseline -0.003 -19"><span class='ocrx_word' id='word_1_233' title='bbox 2149 1435 2364 1498; x_wconf 87' lang='grc' dir='ltr'>κλισίας</span> <span class='ocrx_word' id='word_1_234' title='bbox 2411 1434 2505 1490; x_wconf 76' lang='grc' dir='ltr'><strong>καὶ</strong></span> <span class='ocrx_word' id='word_1_235' title='bbox 2549 1434 2787 1505; x_wconf 84' lang='grc' dir='ltr'>δεήσεως</span> <span class='ocrx_word' id='word_1_236' title='bbox 2855 1436 3333 1507; x_wconf 85' lang='grc' dir='ltr'>παρακαλέσαντες</span> <span class='ocrx_word' id='word_1_237' title='bbox 3390 1435 3480 1488; x_wconf 84' lang='grc' dir='ltr'><strong>τὸν</strong></span> <span class='ocrx_word' id='word_1_238' title='bbox 3528 1433 3730 1503; x_wconf 83' lang='grc' dir='ltr'>Κύριον</span> 
     </span>
    </p>
   </div>
   <div class='ocr_carea' id='block_1_39' title="bbox 2151 1525 3732 1598">
    <p class='ocr_par' dir='ltr' id='par_1_39' title="bbox 2151 1525 3732 1598">
     <span class='ocr_line' id='line_1_39' title="bbox 2151 1525 3732 1598; baseline -0.001 -20"><span class='ocrx_word' id='word_1_239' title='bbox 2151 1526 2564 1598; x_wconf 65' lang='grc' dir='ltr'>πληροφορῆσαι</span> <span class='ocrx_word' id='word_1_240' title='bbox 2610 1527 2734 1590; x_wconf 77' lang='grc' dir='ltr'>τοὺς</span> <span class='ocrx_word' id='word_1_241' title='bbox 2770 1525 3015 1590; x_wconf 80' lang='grc' dir='ltr'>ἀσθενεῖς</span> <span class='ocrx_word' id='word_1_242' title='bbox 3045 1529 3208 1598; x_wconf 58' lang='grc' dir='ltr'>,ἡμᾶς</span> <span class='ocrx_word' id='word_1_243' title='bbox 3245 1527 3339 1580; x_wconf 73' lang='grc' dir='ltr'>ἐπὶ</span> <span class='ocrx_word' id='word_1_244' title='bbox 3380 1530 3490 1589; x_wconf 85' lang='grc' dir='ltr'>τοῖς</span> <span class='ocrx_word' id='word_1_245' title='bbox 3541 1542 3732 1596; x_wconf 87' lang='grc' dir='ltr'>προγε-</span> 
     </span>
    </p>
   </div>
   <div class='ocr_carea' id='block_1_40' title="bbox 2149 1615 3728 1688">
    <p class='ocr_par' dir='ltr' id='par_1_40' title="bbox 2149 1615 3728 1688">
     <span class='ocr_line' id='line_1_40' title="bbox 2149 1615 3728 1688; baseline -0.001 -18"><span class='ocrx_word' id='word_1_246' title='bbox 2149 1619 2361 1686; x_wconf 87' lang='grc' dir='ltr'>γονόσιν</span> <span class='ocrx_word' id='word_1_247' title='bbox 2391 1618 2522 1688; x_wconf 84' lang='grc'><strong>(18),</strong></span> <span class='ocrx_word' id='word_1_248' title='bbox 2553 1619 2746 1688; x_wconf 82' lang='grc' dir='ltr'>μικρὸν</span> <span class='ocrx_word' id='word_1_249' title='bbox 2778 1617 3227 1687; x_wconf 83' lang='grc' dir='ltr'>ἀφυπνώσαντες,</span> <span class='ocrx_word' id='word_1_250' title='bbox 3259 1618 3310 1670; x_wconf 86' lang='grc' dir='ltr'><strong>οἱ</strong></span> <span class='ocrx_word' id='word_1_251' title='bbox 3344 1617 3441 1688; x_wconf 79' lang='grc' dir='ltr'><strong>μὲν</strong></span> <span class='ocrx_word' id='word_1_252' title='bbox 3471 1615 3728 1684; x_wconf 72' lang='grc' dir='ltr'>ἐξαίφνης</span> 
     </span>
    </p>
   </div>
   <div class='ocr_carea' id='block_1_41' title="bbox 2149 1709 3730 1782">
    <p class='ocr_par' dir='ltr' id='par_1_41' title="bbox 2149 1709 3730 1782">
     <span class='ocr_line' id='line_1_41' title="bbox 2149 1709 3730 1782; baseline -0.001 -20"><span class='ocrx_word' id='word_1_253' title='bbox 2149 1711 2445 1764; x_wconf 82' lang='grc' dir='ltr'>ἐπιστάντα</span> <span class='ocrx_word' id='word_1_254' title='bbox 2475 1711 2571 1764; x_wconf 75' lang='grc' dir='ltr'><strong>καὶ</strong></span> <span class='ocrx_word' id='word_1_255' title='bbox 2600 1713 3102 1782; x_wconf 83' lang='grc' dir='ltr'>περιπτυσσόμενον</span> <span class='ocrx_word' id='word_1_256' title='bbox 3133 1712 3281 1782; x_wconf 82' lang='grc' dir='ltr'>ἡμᾶς</span> <span class='ocrx_word' id='word_1_257' title='bbox 3313 1709 3614 1780; x_wconf 70' lang='grc' dir='ltr'>ἐϐλέπομεν</span> <span class='ocrx_word' id='word_1_258' title='bbox 3634 1749 3648 1772; x_wconf 91' lang='grc'><strong>,</strong></span> <span class='ocrx_word' id='word_1_259' title='bbox 3679 1709 3730 1760; x_wconf 72' lang='grc' dir='ltr'>οἱ</span> 
     </span>
    </p>
   </div>
   <div class='ocr_carea' id='block_1_42' title="bbox 2145 1799 3729 1874">
    <p class='ocr_par' dir='ltr' id='par_1_42' title="bbox 2145 1799 3729 1874">
     <span class='ocr_line' id='line_1_42' title="bbox 2145 1799 3729 1874; baseline -0.004 -18"><span class='ocrx_word' id='word_1_260' title='bbox 2145 1803 2201 1856; x_wconf 77' lang='grc' dir='ltr'>δὲ</span> <span class='ocrx_word' id='word_1_261' title='bbox 2236 1802 2396 1857; x_wconf 84' lang='grc' dir='ltr'>πάλιν</span> <span class='ocrx_word' id='word_1_262' title='bbox 2430 1804 2794 1874; x_wconf 84' lang='grc' dir='ltr'>ἐπευχόμενον</span> <span class='ocrx_word' id='word_1_263' title='bbox 2837 1804 2967 1873; x_wconf 83' lang='grc' dir='ltr'>ἡμῖν</span> <span class='ocrx_word' id='word_1_264' title='bbox 3016 1801 3276 1872; x_wconf 77' lang='grc' dir='ltr'>ἑωρῶμεν</span> <span class='ocrx_word' id='word_1_265' title='bbox 3321 1801 3412 1852; x_wconf 87' lang='grc' dir='ltr'><strong>τὸν</strong></span> <span class='ocrx_word' id='word_1_266' title='bbox 3462 1799 3729 1870; x_wconf 85' lang='grc' dir='ltr'>μακάριον</span> 
     </span>
    </p>
   </div>
   <div class='ocr_carea' id='block_1_43' title="bbox 2146 1890 3730 1966">
    <p class='ocr_par' dir='ltr' id='par_1_43' title="bbox 2146 1890 3730 1966">
     <span class='ocr_line' id='line_1_43' title="bbox 2146 1890 3730 1966; baseline -0.006 -17"><span class='ocrx_word' id='word_1_267' title='bbox 2146 1897 2427 1964; x_wconf 87' lang='grc' dir='ltr'>Ἰγνάτιον,</span> <span class='ocrx_word' id='word_1_268' title='bbox 2461 1896 2610 1949; x_wconf 79' lang='grc' dir='ltr'>ἄλλοι</span> <span class='ocrx_word' id='word_1_269' title='bbox 2637 1895 2693 1948; x_wconf 86' lang='grc' dir='ltr'>δὲ</span> <span class='ocrx_word' id='word_1_270' title='bbox 2731 1895 3059 1966; x_wconf 77' lang='grc' dir='ltr'>σταζόμενον</span> <span class='ocrx_word' id='word_1_271' title='bbox 3084 1894 3173 1962; x_wconf 78' lang='grc' dir='ltr'><strong>ὑφ’</strong></span> <span class='ocrx_word' id='word_1_272' title='bbox 3210 1890 3428 1963; x_wconf 86' lang='grc' dir='ltr'>ἱδρῶτος</span> <span class='ocrx_word' id='word_1_273' title='bbox 3449 1890 3524 1953; x_wconf 85' lang='grc' dir='ltr'>ὡς</span> <span class='ocrx_word' id='word_1_274' title='bbox 3551 1891 3614 1942; x_wconf 82' lang='grc' dir='ltr'><strong>ἐκ</strong></span> <span class='ocrx_word' id='word_1_275' title='bbox 3631 1906 3730 1941; x_wconf 91' lang='grc' dir='ltr'>κα-</span> 
     </span>
    </p>
   </div>
   <div class='ocr_carea' id='block_1_44' title="bbox 2148 1978 3728 2058">
    <p class='ocr_par' dir='ltr' id='par_1_44' title="bbox 2148 1978 3728 2058">
     <span class='ocr_line' id='line_1_44' title="bbox 2148 1978 3728 2058; baseline -0.007 -17"><span class='ocrx_word' id='word_1_276' title='bbox 2148 1987 2316 2058; x_wconf 84' lang='grc' dir='ltr'>μάτου</span> <span class='ocrx_word' id='word_1_277' title='bbox 2366 1986 2562 2040; x_wconf 86' lang='grc' dir='ltr'>πολλοῦ</span> <span class='ocrx_word' id='word_1_278' title='bbox 2617 1987 3098 2057; x_wconf 84' lang='grc' dir='ltr'>παραγενόμενον,</span> <span class='ocrx_word' id='word_1_279' title='bbox 3145 1984 3238 2037; x_wconf 73' lang='grc' dir='ltr'><strong>καὶ</strong></span> <span class='ocrx_word' id='word_1_280' title='bbox 3290 1981 3616 2052; x_wconf 84' lang='grc' dir='ltr'>παρεστῶτα</span> <span class='ocrx_word' id='word_1_281' title='bbox 3652 1978 3728 2049; x_wconf 79' lang='grc' dir='ltr'>τῷ</span> 
     </span>
    </p>
   </div>
   <div class='ocr_carea' id='block_1_45' title="bbox 2143 2073 3725 2153">
    <p class='ocr_par' dir='ltr' id='par_1_45' title="bbox 2143 2073 3725 2153">
     <span class='ocr_line' id='line_1_45' title="bbox 2143 2073 3725 2153; baseline -0.007 -18"><span class='ocrx_word' id='word_1_282' title='bbox 2143 2082 2352 2153; x_wconf 81' lang='grc' dir='ltr'>Κυρίῳ.</span> <span class='ocrx_word' id='word_1_283' title='bbox 2387 2081 2542 2134; x_wconf 85' lang='grc' dir='ltr'>Μετά</span> <span class='ocrx_word' id='word_1_284' title='bbox 2588 2079 2786 2150; x_wconf 83' lang='grc' dir='ltr'>πολλῆς</span> <span class='ocrx_word' id='word_1_285' title='bbox 2835 2079 3011 2131; x_wconf 81' lang='grc' dir='ltr'>τοίνυν</span> <span class='ocrx_word' id='word_1_286' title='bbox 3049 2079 3226 2148; x_wconf 83' lang='grc' dir='ltr'>χαρᾶς</span> <span class='ocrx_word' id='word_1_287' title='bbox 3279 2076 3452 2128; x_wconf 78' lang='grc' dir='ltr'>ταῦτα</span> <span class='ocrx_word' id='word_1_288' title='bbox 3498 2073 3725 2135; x_wconf 80' lang='grc' dir='ltr'>ἰδόντες,</span> 
     </span>
    </p>
   </div>
   <div class='ocr_carea' id='block_1_46' title="bbox 2143 2165 3732 2243">
    <p class='ocr_par' dir='ltr' id='par_1_46' title="bbox 2143 2165 3732 2243">
     <span class='ocr_line' id='line_1_46' title="bbox 2143 2165 3732 2243; baseline -0.008 -16"><span class='ocrx_word' id='word_1_289' title='bbox 2143 2174 2237 2227; x_wconf 73' lang='grc' dir='ltr'><strong>καὶ</strong></span> <span class='ocrx_word' id='word_1_290' title='bbox 2268 2172 2637 2243; x_wconf 76' lang='grc' dir='ltr'>συμϐαλόντες</span> <span class='ocrx_word' id='word_1_291' title='bbox 2662 2171 2760 2234; x_wconf 76' lang='grc' dir='ltr'>τὰς</span> <span class='ocrx_word' id='word_1_292' title='bbox 2796 2169 2945 2240; x_wconf 72' lang='grc' dir='ltr'>ὄψεις</span> <span class='ocrx_word' id='word_1_293' title='bbox 2979 2167 3087 2222; x_wconf 85' lang='grc' dir='ltr'><strong>τῶν</strong></span> <span class='ocrx_word' id='word_1_294' title='bbox 3119 2167 3431 2239; x_wconf 85' lang='grc' dir='ltr'>ὀνειράτων,</span> <span class='ocrx_word' id='word_1_295' title='bbox 3463 2165 3732 2237; x_wconf 78' lang='grc' dir='ltr'>ὑμνήσαν-</span> 
     </span>
    </p>
   </div>
   <div class='ocr_carea' id='block_1_47' title="bbox 2142 2257 3731 2335">
    <p class='ocr_par' dir='ltr' id='par_1_47' title="bbox 2142 2257 3731 2335">
     <span class='ocr_line' id='line_1_47' title="bbox 2142 2257 3731 2335; baseline -0.007 -15"><span class='ocrx_word' id='word_1_296' title='bbox 2142 2284 2232 2330; x_wconf 89' lang='grc' dir='ltr'><strong>τες</strong></span> <span class='ocrx_word' id='word_1_297' title='bbox 2253 2266 2342 2320; x_wconf 82' lang='grc' dir='ltr'>τὸν</span> <span class='ocrx_word' id='word_1_298' title='bbox 2374 2265 2527 2330; x_wconf 70' lang='grc' dir='ltr'>Θεὸν,</span> <span class='ocrx_word' id='word_1_299' title='bbox 2573 2266 2663 2317; x_wconf 85' lang='grc' dir='ltr'><strong>τὸν</strong></span> <span class='ocrx_word' id='word_1_300' title='bbox 2695 2264 2898 2335; x_wconf 83' lang='grc' dir='ltr'>δοτῆρα</span> <span class='ocrx_word' id='word_1_301' title='bbox 2931 2263 3040 2316; x_wconf 83' lang='grc' dir='ltr'>τῶν</span> <span class='ocrx_word' id='word_1_302' title='bbox 3077 2260 3296 2331; x_wconf 81' lang='grc' dir='ltr'>ἀγαθῶν</span> <span class='ocrx_word' id='word_1_303' title='bbox 3317 2300 3330 2323; x_wconf 93' lang='grc'><strong>,</strong></span> <span class='ocrx_word' id='word_1_304' title='bbox 3365 2260 3458 2312; x_wconf 75' lang='grc' dir='ltr'><strong>καὶ</strong></span> <span class='ocrx_word' id='word_1_305' title='bbox 3491 2257 3731 2329; x_wconf 74' lang='grc' dir='ltr'>μακαρί-</span> 
     </span>
    </p>
   </div>
   <div class='ocr_carea' id='block_1_48' title="bbox 2143 2349 3728 2426">
    <p class='ocr_par' dir='ltr' id='par_1_48' title="bbox 2143 2349 3728 2426">
     <span class='ocr_line' id='line_1_48' title="bbox 2143 2349 3728 2426; baseline -0.007 -14"><span class='ocrx_word' id='word_1_306' title='bbox 2143 2375 2332 2422; x_wconf 87' lang='grc' dir='ltr'>σαντες</span> <span class='ocrx_word' id='word_1_307' title='bbox 2353 2359 2442 2412; x_wconf 89' lang='grc' dir='ltr'><strong>τὸν</strong></span> <span class='ocrx_word' id='word_1_308' title='bbox 2471 2359 2642 2426; x_wconf 75' lang='grc' dir='ltr'>ἅγιον,</span> <span class='ocrx_word' id='word_1_309' title='bbox 2665 2353 3090 2426; x_wconf 83' lang='grc' dir='ltr'>ὲφανερώσαμεν</span> <span class='ocrx_word' id='word_1_310' title='bbox 3113 2354 3241 2424; x_wconf 87' lang='grc' dir='ltr'>ὑμῖν</span> <span class='ocrx_word' id='word_1_311' title='bbox 3267 2352 3362 2405; x_wconf 72' lang='grc' dir='ltr'>καὶ</span> <span class='ocrx_word' id='word_1_312' title='bbox 3389 2350 3485 2422; x_wconf 81' lang='grc' dir='ltr'><strong>τὴν</strong></span> <span class='ocrx_word' id='word_1_313' title='bbox 3515 2349 3728 2422; x_wconf 79' lang='grc' dir='ltr'>ἡμέραν</span> 
     </span>
    </p>
   </div>
   <div class='ocr_carea' id='block_1_49' title="bbox 2141 2443 3728 2522">
    <p class='ocr_par' dir='ltr' id='par_1_49' title="bbox 2141 2443 3728 2522">
     <span class='ocr_line' id='line_1_49' title="bbox 2141 2443 3728 2522; baseline -0.008 -16"><span class='ocrx_word' id='word_1_314' title='bbox 2141 2453 2236 2506; x_wconf 80' lang='grc' dir='ltr'><strong>καὶ</strong></span> <span class='ocrx_word' id='word_1_315' title='bbox 2276 2469 2366 2505; x_wconf 90' lang='grc' dir='ltr'><strong>τον</strong></span> <span class='ocrx_word' id='word_1_316' title='bbox 2413 2452 2623 2522; x_wconf 88' lang='grc' dir='ltr'>χρόνον,</span> <span class='ocrx_word' id='word_1_317' title='bbox 2659 2451 2746 2504; x_wconf 80' lang='grc' dir='ltr'>ἵνα</span> <span class='ocrx_word' id='word_1_318' title='bbox 2794 2449 2936 2502; x_wconf 86' lang='grc' dir='ltr'><strong>κατά</strong></span> <span class='ocrx_word' id='word_1_319' title='bbox 2963 2447 3054 2501; x_wconf 83' lang='grc' dir='ltr'><strong>τὸν</strong></span> <span class='ocrx_word' id='word_1_320' title='bbox 3078 2446 3268 2517; x_wconf 75' lang='grc' dir='ltr'>καιρὸν</span> <span class='ocrx_word' id='word_1_321' title='bbox 3294 2443 3386 2498; x_wconf 77' lang='grc' dir='ltr'>τοῦ</span> <span class='ocrx_word' id='word_1_322' title='bbox 3427 2443 3728 2515; x_wconf 78' lang='grc' dir='ltr'>μαρτυρίου</span> 
     </span>
    </p>
   </div>
   <div class='ocr_carea' id='block_1_50' title="bbox 2141 2535 3729 2616">
    <p class='ocr_par' dir='ltr' id='par_1_50' title="bbox 2141 2535 3729 2616">
     <span class='ocr_line' id='line_1_50' title="bbox 2141 2535 3729 2616; baseline -0.009 -17"><span class='ocrx_word' id='word_1_323' title='bbox 2141 2547 2497 2616; x_wconf 86' lang='grc' dir='ltr'>συναγόμενοι</span> <span class='ocrx_word' id='word_1_324' title='bbox 2539 2543 2684 2615; x_wconf 83' lang='lat'><strong>(19),</strong></span> <span class='ocrx_word' id='word_1_325' title='bbox 2724 2540 3072 2611; x_wconf 82' lang='grc' dir='ltr'>κοινωνῶμεν</span> <span class='ocrx_word' id='word_1_326' title='bbox 3119 2537 3196 2608; x_wconf 82' lang='grc' dir='ltr'>τῷ</span> <span class='ocrx_word' id='word_1_327' title='bbox 3239 2537 3447 2607; x_wconf 82' lang='grc' dir='ltr'>ἀθλητῇ</span> <span class='ocrx_word' id='word_1_328' title='bbox 3487 2535 3582 2588; x_wconf 71' lang='grc' dir='ltr'><strong>καὶ</strong></span> <span class='ocrx_word' id='word_1_329' title='bbox 3606 2551 3729 2602; x_wconf 84' lang='grc' dir='ltr'>γεν-</span> 
     </span>
    </p>
   </div>
   <div class='ocr_carea' id='block_1_51' title="bbox 2139 2625 3723 2708">
    <p class='ocr_par' dir='ltr' id='par_1_51' title="bbox 2139 2625 3723 2708">
     <span class='ocr_line' id='line_1_51' title="bbox 2139 2625 3723 2708; baseline -0.009 -17"><span class='ocrx_word' id='word_1_330' title='bbox 2139 2639 2276 2708; x_wconf 89' lang='grc' dir='ltr'>ναίῳ</span> <span class='ocrx_word' id='word_1_331' title='bbox 2307 2638 2543 2708; x_wconf 81' lang='grc' dir='ltr'>μάρτυρι</span> <span class='ocrx_word' id='word_1_332' title='bbox 2571 2632 2833 2706; x_wconf 78' lang='grc' dir='ltr'>Χριστοῦ,</span> <span class='ocrx_word' id='word_1_333' title='bbox 2869 2631 3322 2700; x_wconf 84' lang='grc' dir='ltr'>καταπατήσαντι</span> <span class='ocrx_word' id='word_1_334' title='bbox 3352 2629 3441 2680; x_wconf 78' lang='grc' dir='ltr'><strong>τὸν</strong></span> <span class='ocrx_word' id='word_1_335' title='bbox 3457 2625 3723 2689; x_wconf 73' lang='grc' dir='ltr'>διάϐολον,</span> 
     </span>
    </p>
   </div>
   <div class='ocr_carea' id='block_1_52' title="bbox 2139 2717 3731 2798">
    <p class='ocr_par' dir='ltr' id='par_1_52' title="bbox 2139 2717 3731 2798">
     <span class='ocr_line' id='line_1_52' title="bbox 2139 2717 3731 2798; baseline -0.011 -13"><span class='ocrx_word' id='word_1_336' title='bbox 2139 2733 2234 2786; x_wconf 61' lang='grc' dir='ltr'><strong>καὶ⁴</strong></span> <span class='ocrx_word' id='word_1_337' title='bbox 2285 2731 2374 2784; x_wconf 77' lang='grc' dir='ltr'>τὸν</span> <span class='ocrx_word' id='word_1_338' title='bbox 2424 2730 2524 2798; x_wconf 82' lang='grc' dir='ltr'><strong>τῆς</strong></span> <span class='ocrx_word' id='word_1_339' title='bbox 2569 2726 2914 2798; x_wconf 81' lang='grc' dir='ltr'>φιλοχρίστου</span> <span class='ocrx_word' id='word_1_340' title='bbox 2959 2721 3124 2776; x_wconf 75' lang='grc' dir='ltr'>αὐτοῦ</span> <span class='ocrx_word' id='word_1_341' title='bbox 3174 2720 3471 2791; x_wconf 82' lang='grc' dir='ltr'>ἐπιθυμίας</span> <span class='ocrx_word' id='word_1_342' title='bbox 3513 2717 3731 2770; x_wconf 84' lang='grc' dir='ltr'>τελειώ-</span> 
     </span>
    </p>
   </div>
   <div class='ocr_carea' id='block_1_53' title="bbox 2140 2810 3725 2894">
    <p class='ocr_par' dir='ltr' id='par_1_53' title="bbox 2140 2810 3725 2894">
     <span class='ocr_line' id='line_1_53' title="bbox 2140 2810 3725 2894; baseline -0.01 -16"><span class='ocrx_word' id='word_1_343' title='bbox 2140 2843 2294 2878; x_wconf 87' lang='grc' dir='ltr'>σαντι</span> <span class='ocrx_word' id='word_1_344' title='bbox 2318 2812 2538 2894; x_wconf 85' lang='grc' dir='ltr'>δρόμον,</span> <span class='ocrx_word' id='word_1_345' title='bbox 2567 2823 2625 2875; x_wconf 77' lang='grc' dir='ltr'><strong>ἐν</strong></span> <span class='ocrx_word' id='word_1_346' title='bbox 2651 2818 2870 2890; x_wconf 86' lang='grc' dir='ltr'>Χριστῴ</span> <span class='ocrx_word' id='word_1_347' title='bbox 2892 2816 3091 2888; x_wconf 82' lang='grc' dir='ltr'>Ἰησοῦ,</span> <span class='ocrx_word' id='word_1_348' title='bbox 3117 2814 3192 2886; x_wconf 79' lang='grc' dir='ltr'><strong>τῷ</strong></span> <span class='ocrx_word' id='word_1_349' title='bbox 3219 2814 3411 2885; x_wconf 85' lang='grc' dir='ltr'>Κυρίῳ</span> <span class='ocrx_word' id='word_1_350' title='bbox 3441 2811 3618 2882; x_wconf 83' lang='grc' dir='ltr'>ἡμῶν,</span> <span class='ocrx_word' id='word_1_351' title='bbox 3654 2810 3725 2863; x_wconf 84' lang='grc' dir='ltr'>δι’</span> 
     </span>
    </p>
   </div>
   <div class='ocr_carea' id='block_1_54' title="bbox 2139 2903 3728 2987">
    <p class='ocr_par' dir='ltr' id='par_1_54' title="bbox 2139 2903 3728 2987">
     <span class='ocr_line' id='line_1_54' title="bbox 2139 2903 3728 2987; baseline -0.011 -16"><span class='ocrx_word' id='word_1_352' title='bbox 2139 2909 2201 2971; x_wconf 74' lang='grc' dir='ltr'>οὗ</span> <span class='ocrx_word' id='word_1_353' title='bbox 2240 2916 2335 2970; x_wconf 74' lang='grc' dir='ltr'><strong>καὶ</strong></span> <span class='ocrx_word' id='word_1_354' title='bbox 2367 2915 2484 2987; x_wconf 82' lang='grc' dir='ltr'>μεθ’</span> <span class='ocrx_word' id='word_1_355' title='bbox 2513 2907 2574 2968; x_wconf 72' lang='grc' dir='ltr'>οὗ</span> <span class='ocrx_word' id='word_1_356' title='bbox 2605 2912 2682 2983; x_wconf 82' lang='grc' dir='ltr'>τῷ</span> <span class='ocrx_word' id='word_1_357' title='bbox 2717 2911 2893 2982; x_wconf 87' lang='grc' dir='ltr'>Πατρ“ι</span> <span class='ocrx_word' id='word_1_358' title='bbox 2920 2911 2953 2980; x_wconf 83' lang='grc' dir='ltr'>ἠ</span> <span class='ocrx_word' id='word_1_359' title='bbox 2981 2908 3108 2972; x_wconf 81' lang='grc' dir='ltr'>δόξα</span> <span class='ocrx_word' id='word_1_360' title='bbox 3156 2907 3250 2960; x_wconf 78' lang='grc' dir='ltr'><strong>καὶ</strong></span> <span class='ocrx_word' id='word_1_361' title='bbox 3291 2905 3350 2958; x_wconf 81' lang='grc' dir='ltr'><strong>τὸ</strong></span> <span class='ocrx_word' id='word_1_362' title='bbox 3384 2903 3583 2976; x_wconf 79' lang='grc' dir='ltr'>κράτος</span> <span class='ocrx_word' id='word_1_363' title='bbox 3629 2904 3728 2954; x_wconf 55' lang='grc' dir='ltr'>συθ</span> 
     </span>
    </p>
   </div>
   <div class='ocr_carea' id='block_1_55' title="bbox 2063 3000 3294 3082">
    <p class='ocr_par' dir='ltr' id='par_1_55' title="bbox 2063 3000 3294 3082">
     <span class='ocr_line' id='line_1_55' title="bbox 2063 3000 3294 3082; baseline -0.015 -13"><span class='ocrx_word' id='word_1_364' title='bbox 2063 3005 2110 3069; x_wconf 84' lang='lat' dir='ltr'><strong><em>C</em></strong></span> <span class='ocrx_word' id='word_1_365' title='bbox 2142 3010 2218 3082; x_wconf 80' lang='grc' dir='ltr'>τῷ</span> <span class='ocrx_word' id='word_1_366' title='bbox 2239 3008 2382 3079; x_wconf 82' lang='grc' dir='ltr'>ἁγίῳ</span> <span class='ocrx_word' id='word_1_367' title='bbox 2404 3007 2704 3078; x_wconf 87' lang='grc' dir='ltr'>Πνεύματι,</span> <span class='ocrx_word' id='word_1_368' title='bbox 2729 3007 2807 3068; x_wconf 88' lang='grc' dir='ltr'><strong>είς</strong></span> <span class='ocrx_word' id='word_1_369' title='bbox 2835 3001 3056 3065; x_wconf 81' lang='grc' dir='ltr'>αἰῶνας.</span> <span class='ocrx_word' id='word_1_370' title='bbox 3089 3000 3262 3071; x_wconf 89' lang='grc' dir='ltr'>Ἀμήν</span> <span class='ocrx_word' id='word_1_371' title='bbox 3283 3032 3294 3051; x_wconf 74' lang='lat'><strong>.</strong></span> 
     </span>
    </p>
   </div>
   <div class='ocr_carea' id='block_1_56' title="bbox 1186 3498 2947 3620">
    <p class='ocr_par' dir='ltr' id='par_1_56' title="bbox 1186 3498 2947 3620">
     <span class='ocr_line' id='line_1_56' title="bbox 1186 3498 2947 3620; baseline -0.003 -29"><span class='ocrx_word' id='word_1_372' title='bbox 1186 3501 1924 3620; x_wconf 80' lang='lat' dir='ltr'><strong>MARTYBIUM</strong></span> <span class='ocrx_word' id='word_1_373' title='bbox 1969 3501 2389 3592; x_wconf 84' lang='lat' dir='ltr'><strong>SANCTI</strong></span> <span class='ocrx_word' id='word_1_374' title='bbox 2476 3498 2947 3588; x_wconf 85' lang='lat' dir='ltr'><strong>[GNATII</strong></span> 
     </span>
    </p>
   </div>
   <div class='ocr_carea' id='block_1_57' title="bbox 1480 3719 2632 3783">
    <p class='ocr_par' dir='ltr' id='par_1_57' title="bbox 1480 3719 2632 3783">
     <span class='ocr_line' id='line_1_57' title="bbox 1480 3719 2632 3783; baseline -0.003 -1"><span class='ocrx_word' id='word_1_375' title='bbox 1480 3721 1832 3783; x_wconf 83' lang='lat' dir='ltr'><strong>EPISCOPI</strong></span> <span class='ocrx_word' id='word_1_376' title='bbox 1864 3719 2332 3783; x_wconf 68' lang='lat' dir='ltr'><strong>ANTIOCHI/1?.</strong></span> <span class='ocrx_word' id='word_1_377' title='bbox 2371 3719 2632 3780; x_wconf 69' lang='lat' dir='ltr'><strong>SYRI/E</strong></span> 
     </span>
    </p>
   </div>
   <div class='ocr_carea' id='block_1_58' title="bbox 447 3879 3718 4024">
    <p class='ocr_par' dir='ltr' id='par_1_58' title="bbox 447 3879 3718 4024">
     <span class='ocr_line' id='line_1_58' title="bbox 447 3879 3718 4024; baseline -0.001 -82"><span class='ocrx_word' id='word_1_378' title='bbox 447 3885 537 3942; x_wconf 65' lang='grc' dir='ltr'><strong>ΕΑ</strong></span> <span class='ocrx_word' id='word_1_379' title='bbox 601 3891 816 3946; x_wconf 89' lang='lat' dir='ltr'><strong>vetere</strong></span> <span class='ocrx_word' id='word_1_380' title='bbox 868 3885 1432 3964; x_wconf 85' lang='lat' dir='ltr'><strong>lnterpretatione,</strong></span> <span class='ocrx_word' id='word_1_381' title='bbox 1489 3886 1556 3945; x_wconf 91' lang='lat' dir='ltr'><strong>in</strong></span> <span class='ocrx_word' id='word_1_382' title='bbox 1592 3884 1983 3972; x_wconf 79' lang='lat' dir='ltr'><strong>membranis</strong></span> <span class='ocrx_word' id='word_1_383' title='bbox 2029 3882 2434 4024; x_wconf 40' lang='lat' dir='ltr'><strong>Cottotilijanis</strong></span> <span class='ocrx_word' id='word_1_384' title='bbox 2489 3889 2766 3964; x_wconf 87' lang='lat' dir='ltr'><strong>reperta.</strong></span> <span class='ocrx_word' id='word_1_385' title='bbox 2813 3888 3006 3959; x_wconf 87' lang='lat' dir='ltr'><strong>atque</strong></span> <span class='ocrx_word' id='word_1_386' title='bbox 3065 3895 3100 3940; x_wconf 82' lang='lat' dir='ltr'><strong>a</strong></span> <span class='ocrx_word' id='word_1_387' title='bbox 3160 3879 3394 3941; x_wconf 84' lang='lat' dir='ltr'><strong>Jacobo</strong></span> <span class='ocrx_word' id='word_1_388' title='bbox 3459 3879 3718 3941; x_wconf 88' lang='lat' dir='ltr'><strong>Usserio</strong></span> 
     </span>
     <span class='ocr_line' id='line_1_59' title="bbox 1853 3974 2358 4024; baseline 0.002 -1"><span class='ocrx_word' id='word_1_389' title='bbox 1853 3981 2132 4024; x_wconf 76' lang='lat' dir='ltr'><strong>primum</strong></span> <span class='ocrx_word' id='word_1_390' title='bbox 2169 3981 2202 4024; x_wconf 91' lang='lat' dir='ltr'><strong>e</strong></span> <span class='ocrx_word' id='word_1_391' title='bbox 2255 3974 2358 4024; x_wconf 76' lang='lat' dir='ltr'><strong>ita.</strong></span> 
     </span>
    </p>
   </div>
   <div class='ocr_carea' id='block_1_59' title="bbox 1849 3974 2358 4042">
    <p class='ocr_par' dir='ltr' id='par_1_59' title="bbox 1849 3974 2358 4042">
     <span class='ocr_line' id='line_1_60' title="bbox 1849 3974 2358 4042; baseline 0.002 -19"><span class='ocrx_word' id='word_1_392' title='bbox 1849 3981 2132 4042; x_wconf 79' lang='lat' dir='ltr'><strong>primum</strong></span> <span class='ocrx_word' id='word_1_393' title='bbox 2169 3974 2358 4025; x_wconf 75' lang='lat' dir='ltr'><strong>edita.</strong></span> 
     </span>
    </p>
   </div>
   <div class='ocr_carea' id='block_1_60' title="bbox 1257 4122 2973 4189">
    <p class='ocr_par' dir='ltr' id='par_1_60' title="bbox 1257 4122 2973 4189">
     <span class='ocr_line' id='line_1_61' title="bbox 1257 4122 2973 4189; baseline -0.001 -13"><span class='ocrx_word' id='word_1_394' title='bbox 1257 4126 1547 4189; x_wconf 55' lang='lat' dir='ltr'><strong>(Garamum,</strong></span> <span class='ocrx_word' id='word_1_395' title='bbox 1574 4128 1682 4178; x_wconf 81' lang='grc' dir='ltr'>νει.</span> <span class='ocrx_word' id='word_1_396' title='bbox 1711 4127 1854 4175; x_wconf 87' lang='lat' dir='ltr'><strong>Patr.</strong></span> <span class='ocrx_word' id='word_1_397' title='bbox 1888 4122 2137 4185; x_wconf 81' lang='lat' dir='ltr'><strong>Bibliotlt.,</strong></span> <span class='ocrx_word' id='word_1_398' title='bbox 2161 4125 2200 4186; x_wconf 91' lang='lat' dir='ltr'><strong>l,</strong></span> <span class='ocrx_word' id='word_1_399' title='bbox 2224 4125 2336 4184; x_wconf 77' lang='lat'><strong>299,</strong></span> <span class='ocrx_word' id='word_1_400' title='bbox 2372 4125 2598 4175; x_wconf 77' lang='lat' dir='ltr'><strong>Venetiis</strong></span> <span class='ocrx_word' id='word_1_401' title='bbox 2626 4124 2761 4184; x_wconf 72' lang='lat' dir='ltr'><strong>b765,</strong></span> <span class='ocrx_word' id='word_1_402' title='bbox 2785 4124 2973 4188; x_wconf 85' lang='lat' dir='ltr'><strong>in-fol.)</strong></span> 
     </span>
    </p>
   </div>
   <div class='ocr_carea' id='block_1_61' title="bbox 1075 4273 1384 4329">
    <p class='ocr_par' dir='ltr' id='par_1_61' title="bbox 1075 4273 1384 4329">
     <span class='ocr_line' id='line_1_62' title="bbox 1075 4273 1384 4329; baseline -0.003 0"><span class='ocrx_word' id='word_1_403' title='bbox 1075 4273 1302 4329; x_wconf 84' lang='lat' dir='ltr'><strong>CAPUT</strong></span> <span class='ocrx_word' id='word_1_404' title='bbox 1346 4275 1384 4328; x_wconf 93' lang='lat' dir='ltr'><strong>I.</strong></span> 
     </span>
    </p>
   </div>
   <div class='ocr_carea' id='block_1_62' title="bbox 514 4366 2025 4441">
    <p class='ocr_par' dir='ltr' id='par_1_62' title="bbox 514 4366 2025 4441">
     <span class='ocr_line' id='line_1_63' title="bbox 514 4366 2025 4441; baseline 0.001 -20"><span class='ocrx_word' id='word_1_405' title='bbox 514 4367 651 4422; x_wconf 89' lang='lat' dir='ltr'><strong>Cum</strong></span> <span class='ocrx_word' id='word_1_406' title='bbox 690 4366 964 4438; x_wconf 87' lang='lat' dir='ltr'><strong>Trajanus</strong></span> <span class='ocrx_word' id='word_1_407' title='bbox 1004 4366 1380 4423; x_wconf 82' lang='lat' dir='ltr'><strong>Romanorum</strong></span> <span class='ocrx_word' id='word_1_408' title='bbox 1423 4370 1666 4440; x_wconf 88' lang='lat' dir='ltr'><strong>suscepit</strong></span> <span class='ocrx_word' id='word_1_409' title='bbox 1714 4370 2025 4441; x_wconf 88' lang='lat' dir='ltr'><strong>imperium,</strong></span> 
     </span>
    </p>
   </div>
   <div class='ocr_carea' id='block_1_63' title="bbox 443 4458 2018 4534">
    <p class='ocr_par' dir='ltr' id='par_1_63' title="bbox 443 4458 2018 4534">
     <span class='ocr_line' id='line_1_64' title="bbox 443 4458 2018 4534; baseline 0.003 -21"><span class='ocrx_word' id='word_1_410' title='bbox 443 4458 688 4530; x_wconf 88' lang='lat' dir='ltr'><strong>lgnatius</strong></span> <span class='ocrx_word' id='word_1_411' title='bbox 709 4460 1215 4534; x_wconf 83' lang='lat' dir='ltr'><strong>discipulussancti</strong></span> <span class='ocrx_word' id='word_1_412' title='bbox 1249 4459 1482 4517; x_wconf 86' lang='lat' dir='ltr'><strong>Joannis</strong></span> <span class='ocrx_word' id='word_1_413' title='bbox 1514 4462 1833 4532; x_wconf 81' lang='lat' dir='ltr'><strong>apostoli-et</strong></span> <span class='ocrx_word' id='word_1_414' title='bbox 1859 4478 2018 4517; x_wconf 85' lang='lat' dir='ltr'><strong>evan-</strong></span> 
     </span>
    </p>
   </div>
   <div class='ocr_carea' id='block_1_64' title="bbox 2133 4273 3716 4346">
    <p class='ocr_par' dir='ltr' id='par_1_64' title="bbox 2133 4273 3716 4346">
     <span class='ocr_line' id='line_1_65' title="bbox 2133 4273 3716 4346; baseline -0.002 -16"><span class='ocrx_word' id='word_1_415' title='bbox 2133 4275 2546 4346; x_wconf 88' lang='lat' dir='ltr'><strong>pusillanimum</strong></span> <span class='ocrx_word' id='word_1_416' title='bbox 2583 4288 2679 4330; x_wconf 85' lang='lat' dir='ltr'><strong>aut</strong></span> <span class='ocrx_word' id='word_1_417' title='bbox 2707 4275 2986 4329; x_wconf 81' lang='lat' dir='ltr'><strong>inﬁrmum</strong></span> <span class='ocrx_word' id='word_1_418' title='bbox 3018 4276 3309 4331; x_wconf 88' lang='lat' dir='ltr'><strong>amitteret.</strong></span> <span class='ocrx_word' id='word_1_419' title='bbox 3353 4273 3597 4343; x_wconf 83' lang='lat' dir='ltr'><strong>Denique</strong></span> <span class='ocrx_word' id='word_1_420' title='bbox 3623 4274 3716 4328; x_wconf 69' lang='grc' dir='ltr'>Ιειε-</span> 
     </span>
    </p>
   </div>
   <div class='ocr_carea' id='block_1_65' title="bbox 2134 4367 3720 4437">
    <p class='ocr_par' dir='ltr' id='par_1_65' title="bbox 2134 4367 3720 4437">
     <span class='ocr_line' id='line_1_66' title="bbox 2134 4367 3720 4437; baseline 0 -15"><span class='ocrx_word' id='word_1_421' title='bbox 2134 4369 2352 4423; x_wconf 77' lang='lat' dir='ltr'><strong>labatur</strong></span> <span class='ocrx_word' id='word_1_422' title='bbox 2389 4369 2456 4423; x_wconf 92' lang='lat' dir='ltr'><strong>de</strong></span> <span class='ocrx_word' id='word_1_423' title='bbox 2503 4367 2761 4423; x_wconf 79' lang='lat' dir='ltr'><strong>Ecclesiae</strong></span> <span class='ocrx_word' id='word_1_424' title='bbox 2810 4368 3209 4436; x_wconf 88' lang='lat' dir='ltr'><strong>immobilitate,</strong></span> <span class='ocrx_word' id='word_1_425' title='bbox 3252 4384 3379 4423; x_wconf 91' lang='lat' dir='ltr'><strong>cum</strong></span> <span class='ocrx_word' id='word_1_426' title='bbox 3412 4368 3720 4437; x_wconf 87' lang='lat' dir='ltr'><strong>quiesceret</strong></span> 
     </span>
    </p>
   </div>
   <div class='ocr_carea' id='block_1_66' title="bbox 2136 4460 3716 4531">
    <p class='ocr_par' dir='ltr' id='par_1_66' title="bbox 2136 4460 3716 4531">
     <span class='ocr_line' id='line_1_67' title="bbox 2136 4460 3716 4531; baseline -0.002 -15"><span class='ocrx_word' id='word_1_427' title='bbox 2136 4460 2420 4530; x_wconf 81' lang='lat' dir='ltr'><strong>paululum</strong></span> <span class='ocrx_word' id='word_1_428' title='bbox 2455 4475 2485 4515; x_wconf 85' lang='lat' dir='ltr'><strong>a</strong></span> <span class='ocrx_word' id='word_1_429' title='bbox 2514 4462 2915 4531; x_wconf 87' lang='lat' dir='ltr'><strong>persecutione.</strong></span> <span class='ocrx_word' id='word_1_430' title='bbox 2941 4461 3337 4517; x_wconf 80' lang='lat' dir='ltr'><strong>Considerabat</strong></span> <span class='ocrx_word' id='word_1_431' title='bbox 3376 4462 3540 4516; x_wconf 91' lang='lat' dir='ltr'><strong>etiam</strong></span> <span class='ocrx_word' id='word_1_432' title='bbox 3572 4460 3716 4530; x_wconf 88' lang='lat' dir='ltr'><strong>apud</strong></span> 
     </span>
    </p>
   </div>
   <div class='ocr_carea' id='block_1_67' title="bbox 443 4552 3717 4625">
    <p class='ocr_par' dir='ltr' id='par_1_67' title="bbox 443 4552 3717 4625">
     <span class='ocr_line' id='line_1_68' title="bbox 443 4552 3717 4625; baseline 0.001 -20"><span class='ocrx_word' id='word_1_433' title='bbox 443 4552 671 4622; x_wconf 68' lang='lat' dir='ltr'><strong>gelistae,</strong></span> <span class='ocrx_word' id='word_1_434' title='bbox 701 4552 786 4606; x_wconf 88' lang='lat' dir='ltr'><strong>vir</strong></span> <span class='ocrx_word' id='word_1_435' title='bbox 814 4552 868 4605; x_wconf 91' lang='lat' dir='ltr'><strong>in</strong></span> <span class='ocrx_word' id='word_1_436' title='bbox 899 4553 1156 4608; x_wconf 88' lang='lat' dir='ltr'><strong>omnibus</strong></span> <span class='ocrx_word' id='word_1_437' title='bbox 1184 4554 1542 4625; x_wconf 85' lang='lat' dir='ltr'><strong>apostolicus,</strong></span> <span class='ocrx_word' id='word_1_438' title='bbox 1571 4555 1813 4624; x_wconf 87' lang='lat' dir='ltr'><strong>suscepit</strong></span> <span class='ocrx_word' id='word_1_439' title='bbox 1837 4553 2025 4610; x_wconf 86' lang='lat' dir='ltr'><strong>Eccle-</strong></span> <span class='ocrx_word' id='word_1_440' title='bbox 2056 4566 2102 4620; x_wconf 81' lang='grc' dir='ltr'><strong>Ι)</strong></span> <span class='ocrx_word' id='word_1_441' title='bbox 2131 4555 2508 4623; x_wconf 81' lang='lat' dir='ltr'><strong>semetipsum,</strong></span> <span class='ocrx_word' id='word_1_442' title='bbox 2551 4553 2695 4622; x_wconf 90' lang='lat' dir='ltr'><strong>quod</strong></span> <span class='ocrx_word' id='word_1_443' title='bbox 2731 4569 3010 4622; x_wconf 89' lang='lat' dir='ltr'><strong>nunquam</strong></span> <span class='ocrx_word' id='word_1_444' title='bbox 3047 4561 3234 4623; x_wconf 89' lang='lat' dir='ltr'><strong>posset</strong></span> <span class='ocrx_word' id='word_1_445' title='bbox 3263 4553 3330 4607; x_wconf 88' lang='lat' dir='ltr'><strong>ad</strong></span> <span class='ocrx_word' id='word_1_446' title='bbox 3369 4552 3717 4609; x_wconf 85' lang='lat' dir='ltr'><strong>dilectionem</strong></span> 
     </span>
    </p>
   </div>
   <div class='ocr_carea' id='block_1_68' title="bbox 441 4645 2021 4718">
    <p class='ocr_par' dir='ltr' id='par_1_68' title="bbox 441 4645 2021 4718">
     <span class='ocr_line' id='line_1_69' title="bbox 441 4645 2021 4718; baseline 0.002 -19"><span class='ocrx_word' id='word_1_447' title='bbox 441 4645 581 4699; x_wconf 87' lang='lat' dir='ltr'><strong>siam</strong></span> <span class='ocrx_word' id='word_1_448' title='bbox 639 4645 1105 4700; x_wconf 90' lang='lat' dir='ltr'><strong>Antiochenorum</strong></span> <span class='ocrx_word' id='word_1_449' title='bbox 1151 4647 1594 4718; x_wconf 83' lang='lat' dir='ltr'><strong>gubernandam;</strong></span> <span class='ocrx_word' id='word_1_450' title='bbox 1651 4663 1773 4716; x_wconf 72' lang='lat' dir='ltr'><strong>quae</strong></span> <span class='ocrx_word' id='word_1_451' title='bbox 1819 4647 1949 4701; x_wconf 92' lang='lat' dir='ltr'><strong>olim</strong></span> <span class='ocrx_word' id='word_1_452' title='bbox 1991 4663 2021 4702; x_wconf 88' lang='lat' dir='ltr'><strong>a</strong></span> 
     </span>
    </p>
   </div>
   <div class='ocr_carea' id='block_1_69' title="bbox 442 4739 2023 4813">
    <p class='ocr_par' dir='ltr' id='par_1_69' title="bbox 442 4739 2023 4813">
     <span class='ocr_line' id='line_1_70' title="bbox 442 4739 2023 4813; baseline 0.001 -18"><span class='ocrx_word' id='word_1_453' title='bbox 442 4739 858 4810; x_wconf 87' lang='lat' dir='ltr'><strong>tempestatibus</strong></span> <span class='ocrx_word' id='word_1_454' title='bbox 888 4749 944 4795; x_wconf 92' lang='lat' dir='ltr'><strong>et</strong></span> <span class='ocrx_word' id='word_1_455' title='bbox 981 4742 1459 4810; x_wconf 86' lang='lat' dir='ltr'><strong>persecutionibus</strong></span> <span class='ocrx_word' id='word_1_456' title='bbox 1503 4742 1832 4813; x_wconf 79' lang='lat' dir='ltr'><strong>agitabatur.</strong></span> <span class='ocrx_word' id='word_1_457' title='bbox 1878 4741 2023 4796; x_wconf 87' lang='lat' dir='ltr'><strong>Tan-</strong></span> 
     </span>
    </p>
   </div>
   <div class='ocr_carea' id='block_1_70' title="bbox 440 4833 2022 4904">
    <p class='ocr_par' dir='ltr' id='par_1_70' title="bbox 440 4833 2022 4904">
     <span class='ocr_line' id='line_1_71' title="bbox 440 4833 2022 4904; baseline 0.003 -17"><span class='ocrx_word' id='word_1_458' title='bbox 440 4849 604 4902; x_wconf 82' lang='lat' dir='ltr'><strong>quam</strong></span> <span class='ocrx_word' id='word_1_459' title='bbox 647 4833 827 4889; x_wconf 90' lang='lat' dir='ltr'><strong>bonus</strong></span> <span class='ocrx_word' id='word_1_460' title='bbox 863 4834 1216 4904; x_wconf 86' lang='lat' dir='ltr'><strong>gubernator,</strong></span> <span class='ocrx_word' id='word_1_461' title='bbox 1265 4849 1456 4889; x_wconf 88' lang='lat' dir='ltr'><strong>omnes</strong></span> <span class='ocrx_word' id='word_1_462' title='bbox 1490 4834 1869 4891; x_wconf 82' lang='lat' dir='ltr'><strong>infestationes</strong></span> <span class='ocrx_word' id='word_1_463' title='bbox 1906 4837 2022 4892; x_wconf 91' lang='lat' dir='ltr'><strong>suis</strong></span> 
     </span>
    </p>
   </div>
   <div class='ocr_carea' id='block_1_71' title="bbox 440 4924 2021 4998">
    <p class='ocr_par' dir='ltr' id='par_1_71' title="bbox 440 4924 2021 4998">
     <span class='ocr_line' id='line_1_72' title="bbox 440 4924 2021 4998; baseline 0.003 -20"><span class='ocrx_word' id='word_1_464' title='bbox 440 4924 788 4979; x_wconf 87' lang='lat' dir='ltr'><strong>orationibus</strong></span> <span class='ocrx_word' id='word_1_465' title='bbox 830 4925 1128 4994; x_wconf 85' lang='lat' dir='ltr'><strong>repellebat</strong></span> <span class='ocrx_word' id='word_1_466' title='bbox 1171 4934 1226 4980; x_wconf 90' lang='lat' dir='ltr'><strong>et</strong></span> <span class='ocrx_word' id='word_1_467' title='bbox 1266 4925 1528 4997; x_wconf 90' lang='lat' dir='ltr'><strong>jejuniis,</strong></span> <span class='ocrx_word' id='word_1_468' title='bbox 1587 4937 1753 4998; x_wconf 84' lang='lat' dir='ltr'><strong>atque</strong></span> <span class='ocrx_word' id='word_1_469' title='bbox 1799 4928 2021 4984; x_wconf 89' lang='lat' dir='ltr'><strong>assidua</strong></span> 
     </span>
    </p>
   </div>
   <div class='ocr_carea' id='block_1_72' title="bbox 441 5018 2015 5092">
    <p class='ocr_par' dir='ltr' id='par_1_72' title="bbox 441 5018 2015 5092">
     <span class='ocr_line' id='line_1_73' title="bbox 441 5018 2015 5092; baseline 0.003 -20"><span class='ocrx_word' id='word_1_470' title='bbox 441 5018 691 5072; x_wconf 88' lang='lat' dir='ltr'><strong>doctrina</strong></span> <span class='ocrx_word' id='word_1_471' title='bbox 721 5027 775 5072; x_wconf 91' lang='lat' dir='ltr'><strong>et</strong></span> <span class='ocrx_word' id='word_1_472' title='bbox 821 5018 1012 5074; x_wconf 88' lang='lat' dir='ltr'><strong>labore</strong></span> <span class='ocrx_word' id='word_1_473' title='bbox 1054 5019 1326 5089; x_wconf 89' lang='lat' dir='ltr'><strong>spirituali</strong></span> <span class='ocrx_word' id='word_1_474' title='bbox 1375 5020 1781 5077; x_wconf 83' lang='lat' dir='ltr'><strong>incumbentem</strong></span> <span class='ocrx_word' id='word_1_475' title='bbox 1817 5033 2015 5092; x_wconf 87' lang='lat' dir='ltr'><strong>tempe-</strong></span> 
     </span>
    </p>
   </div>
   <div class='ocr_carea' id='block_1_73' title="bbox 442 5113 2020 5185">
    <p class='ocr_par' dir='ltr' id='par_1_73' title="bbox 442 5113 2020 5185">
     <span class='ocr_line' id='line_1_74' title="bbox 442 5113 2020 5185; baseline 0.003 -20"><span class='ocrx_word' id='word_1_476' title='bbox 442 5119 640 5166; x_wconf 88' lang='lat' dir='ltr'><strong>statem</strong></span> <span class='ocrx_word' id='word_1_477' title='bbox 692 5126 792 5166; x_wconf 88' lang='lat' dir='ltr'><strong>sua</strong></span> <span class='ocrx_word' id='word_1_478' title='bbox 840 5113 1040 5167; x_wconf 83' lang='lat' dir='ltr'><strong>virtute</strong></span> <span class='ocrx_word' id='word_1_479' title='bbox 1084 5114 1390 5179; x_wconf 84' lang='lat' dir='ltr'><strong>avertebat;</strong></span> <span class='ocrx_word' id='word_1_480' title='bbox 1437 5116 1637 5170; x_wconf 90' lang='lat' dir='ltr'><strong>timens</strong></span> <span class='ocrx_word' id='word_1_481' title='bbox 1684 5130 1753 5170; x_wconf 91' lang='lat' dir='ltr'><strong>ne</strong></span> <span class='ocrx_word' id='word_1_482' title='bbox 1781 5116 2020 5185; x_wconf 89' lang='lat' dir='ltr'><strong>aliquem</strong></span> 
     </span>
    </p>
   </div>
   <div class='ocr_carea' id='block_1_74' title="bbox 514 5285 2019 5361">
    <p class='ocr_par' dir='ltr' id='par_1_74' title="bbox 514 5285 2019 5361">
     <span class='ocr_line' id='line_1_75' title="bbox 514 5285 2019 5361; baseline 0.008 -21"><span class='ocrx_word' id='word_1_483' title='bbox 514 5285 624 5359; x_wconf 90' lang='lat' dir='ltr'><strong>(l6)</strong></span> <span class='ocrx_word' id='word_1_484' title='bbox 659 5288 940 5359; x_wconf 83' lang='lat' dir='ltr'><strong>Reliquias</strong></span> <span class='ocrx_word' id='word_1_485' title='bbox 975 5291 1032 5345; x_wconf 94' lang='lat' dir='ltr'><strong>S.</strong></span> <span class='ocrx_word' id='word_1_486' title='bbox 1067 5290 1260 5361; x_wconf 86' lang='lat' dir='ltr'><strong>lgnatii</strong></span> <span class='ocrx_word' id='word_1_487' title='bbox 1309 5293 1377 5347; x_wconf 90' lang='lat' dir='ltr'><strong>ab</strong></span> <span class='ocrx_word' id='word_1_488' title='bbox 1417 5293 1551 5347; x_wconf 86' lang='lat' dir='ltr'><strong>urbe</strong></span> <span class='ocrx_word' id='word_1_489' title='bbox 1609 5292 1782 5348; x_wconf 80' lang='lat' dir='ltr'><strong>Roma</strong></span> <span class='ocrx_word' id='word_1_490' title='bbox 1820 5295 2019 5352; x_wconf 88' lang='lat' dir='ltr'><strong>relatas</strong></span> 
     </span>
    </p>
   </div>
   <div class='ocr_carea' id='block_1_75' title="bbox 441 5362 2019 5433">
    <p class='ocr_par' dir='ltr' id='par_1_75' title="bbox 441 5362 2019 5433">
     <span class='ocr_line' id='line_1_76' title="bbox 441 5362 2019 5433; baseline 0.007 -23"><span class='ocrx_word' id='word_1_491' title='bbox 441 5373 634 5414; x_wconf 89' lang='lat' dir='ltr'><strong>omnes</strong></span> <span class='ocrx_word' id='word_1_492' title='bbox 662 5375 730 5414; x_wconf 82' lang='lat' dir='ltr'><strong>ex</strong></span> <span class='ocrx_word' id='word_1_493' title='bbox 760 5362 951 5433; x_wconf 74' lang='lat' dir='ltr'><strong>ordine</strong></span> <span class='ocrx_word' id='word_1_494' title='bbox 980 5363 1229 5418; x_wconf 86' lang='lat' dir='ltr'><strong>civitates</strong></span> <span class='ocrx_word' id='word_1_495' title='bbox 1265 5372 1626 5433; x_wconf 90' lang='lat' dir='ltr'><strong>susceperunt</strong></span> <span class='ocrx_word' id='word_1_496' title='bbox 1667 5372 1721 5417; x_wconf 91' lang='lat' dir='ltr'><strong>ct</strong></span> <span class='ocrx_word' id='word_1_497' title='bbox 1772 5365 2019 5421; x_wconf 88' lang='lat' dir='ltr'><strong>humeris</strong></span> 
     </span>
    </p>
   </div>
   <div class='ocr_carea' id='block_1_76' title="bbox 443 5431 2020 5505">
    <p class='ocr_par' dir='ltr' id='par_1_76' title="bbox 443 5431 2020 5505">
     <span class='ocr_line' id='line_1_77' title="bbox 443 5431 2020 5505; baseline 0.006 -24"><span class='ocrx_word' id='word_1_498' title='bbox 443 5438 727 5505; x_wconf 76' lang='lat' dir='ltr'><strong>gestaveru</strong></span> <span class='ocrx_word' id='word_1_499' title='bbox 737 5440 812 5505; x_wconf 76' lang='lat' dir='ltr'><strong>nt.</strong></span> <span class='ocrx_word' id='word_1_500' title='bbox 838 5431 1120 5505; x_wconf 69' lang='lat' dir='ltr'><strong>Praeterea</strong></span> <span class='ocrx_word' id='word_1_501' title='bbox 1137 5431 1522 5505; x_wconf 77' lang='lat' dir='ltr'><strong>Chrysostomi</strong></span> <span class='ocrx_word' id='word_1_502' title='bbox 1547 5433 1726 5505; x_wconf 86' lang='lat' dir='ltr'><strong>adhuc</strong></span> <span class='ocrx_word' id='word_1_503' title='bbox 1745 5437 2020 5505; x_wconf 62' lang='lat' dir='ltr'><strong>tempori-</strong></span> 
     </span>
    </p>
   </div>
   <div class='ocr_carea' id='block_1_77' title="bbox 442 5495 2020 5574">
    <p class='ocr_par' dir='ltr' id='par_1_77' title="bbox 442 5495 2020 5574">
     <span class='ocr_line' id='line_1_78' title="bbox 442 5495 2020 5574; baseline 0.006 -22"><span class='ocrx_word' id='word_1_504' title='bbox 442 5495 547 5574; x_wconf 64' lang='lat' dir='ltr'><strong>bus</strong></span> <span class='ocrx_word' id='word_1_505' title='bbox 583 5499 829 5574; x_wconf 64' lang='lat' dir='ltr'><strong>reliquiae</strong></span> <span class='ocrx_word' id='word_1_506' title='bbox 847 5501 920 5574; x_wconf 27' lang='lat' dir='ltr'><strong>*S.</strong></span> <span class='ocrx_word' id='word_1_507' title='bbox 954 5501 1147 5572; x_wconf 89' lang='lat' dir='ltr'><strong>lgnatii</strong></span> <span class='ocrx_word' id='word_1_508' title='bbox 1179 5495 1521 5574; x_wconf 21' lang='lat' dir='ltr'><strong>magnopere,</strong></span> <span class='ocrx_word' id='word_1_509' title='bbox 1544 5503 1849 5560; x_wconf 66' lang='lat' dir='ltr'><strong>Antiochiae</strong></span> <span class='ocrx_word' id='word_1_510' title='bbox 1874 5495 2020 5561; x_wconf 77' lang='lat' dir='ltr'><strong>cole-</strong></span> 
     </span>
    </p>
   </div>
   <div class='ocr_carea' id='block_1_78' title="bbox 445 5568 2015 5648">
    <p class='ocr_par' dir='ltr' id='par_1_78' title="bbox 445 5568 2015 5648">
     <span class='ocr_line' id='line_1_79' title="bbox 445 5568 2015 5648; baseline 0.006 -26"><span class='ocrx_word' id='word_1_511' title='bbox 445 5568 666 5648; x_wconf 54' lang='lat' dir='ltr'><strong>bantur;</strong></span> <span class='ocrx_word' id='word_1_512' title='bbox 689 5569 813 5648; x_wconf 41' lang='lat' dir='ltr'><strong>Cnfr1</strong></span> <span class='ocrx_word' id='word_1_513' title='bbox 833 5568 1118 5648; x_wconf 65' lang='lat' dir='ltr'><strong>Chrysost.</strong></span> <span class='ocrx_word' id='word_1_514' title='bbox 1142 5568 1457 5648; x_wconf 39' lang='lat' dir='ltr'><strong>gratim-8.</strong></span> <span class='ocrx_word' id='word_1_515' title='bbox 1493 5573 1674 5644; x_wconf 84' lang='lat' dir='ltr'><strong>Ignat.</strong></span> <span class='ocrx_word' id='word_1_516' title='bbox 1700 5589 1750 5630; x_wconf 90' lang='lat' dir='ltr'><strong>c.</strong></span> <span class='ocrx_word' id='word_1_517' title='bbox 1783 5577 1837 5642; x_wconf 83' lang='lat'><strong>5,</strong></span> <span class='ocrx_word' id='word_1_518' title='bbox 1877 5576 2015 5648; x_wconf 82' lang='lat' dir='ltr'><strong>Opp.</strong></span> 
     </span>
    </p>
   </div>
   <div class='ocr_carea' id='block_1_79' title="bbox 444 5637 1187 5709">
    <p class='ocr_par' dir='ltr' id='par_1_79' title="bbox 444 5637 1187 5709">
     <span class='ocr_line' id='line_1_80' title="bbox 444 5637 1187 5709; baseline 0.009 -19"><span class='ocrx_word' id='word_1_519' title='bbox 444 5647 486 5693; x_wconf 90' lang='lat' dir='ltr'><strong>t.</strong></span> <span class='ocrx_word' id='word_1_520' title='bbox 524 5637 587 5697; x_wconf 91' lang='lat' dir='ltr'><strong>ll.</strong></span> <span class='ocrx_word' id='word_1_521' title='bbox 631 5656 682 5709; x_wconf 89' lang='lat' dir='ltr'><strong>p.</strong></span> <span class='ocrx_word' id='word_1_522' title='bbox 715 5640 838 5708; x_wconf 83' lang='lat'><strong>660,</strong></span> <span class='ocrx_word' id='word_1_523' title='bbox 868 5637 965 5696; x_wconf 57' lang='lat' dir='ltr'><strong>ed:</strong></span> <span class='ocrx_word' id='word_1_524' title='bbox 994 5642 1187 5697; x_wconf 80' lang='lat' dir='ltr'><strong>Montf.</strong></span> 
     </span>
    </p>
   </div>
   <div class='ocr_carea' id='block_1_80' title="bbox 518 5709 2018 5782">
    <p class='ocr_par' dir='ltr' id='par_1_80' title="bbox 518 5709 2018 5782">
     <span class='ocr_line' id='line_1_81' title="bbox 518 5709 2018 5782; baseline 0.005 -20"><span class='ocrx_word' id='word_1_525' title='bbox 518 5711 631 5782; x_wconf 3' lang='lat'><strong>(17),</strong></span> <span class='ocrx_word' id='word_1_526' title='bbox 660 5709 700 5763; x_wconf 95' lang='grc' dir='ltr'><strong>Ι.</strong></span> <span class='ocrx_word' id='word_1_527' title='bbox 735 5727 784 5765; x_wconf 91' lang='lat' dir='ltr'><strong>e.</strong></span> <span class='ocrx_word' id='word_1_528' title='bbox 827 5729 952 5767; x_wconf 92' lang='lat' dir='ltr'><strong>cum</strong></span> <span class='ocrx_word' id='word_1_529' title='bbox 995 5715 1158 5768; x_wconf 85' lang='lat' dir='ltr'><strong>ambo</strong></span> <span class='ocrx_word' id='word_1_530' title='bbox 1186 5713 1464 5782; x_wconf 84' lang='lat' dir='ltr'><strong>conjuncti</strong></span> <span class='ocrx_word' id='word_1_531' title='bbox 1505 5732 1742 5771; x_wconf 89' lang='lat' dir='ltr'><strong>unacum</strong></span> <span class='ocrx_word' id='word_1_532' title='bbox 1773 5719 2018 5773; x_wconf 87' lang='lat' dir='ltr'><strong>secundo</strong></span> 
     </span>
    </p>
   </div>
   <div class='ocr_carea' id='block_1_81' title="bbox 446 5781 2017 5843">
    <p class='ocr_par' dir='ltr' id='par_1_81' title="bbox 446 5781 2017 5843">
     <span class='ocr_line' id='line_1_82' title="bbox 446 5781 2017 5843; baseline 0.009 -14"><span class='ocrx_word' id='word_1_533' title='bbox 446 5781 701 5836; x_wconf 85' lang='lat' dir='ltr'><strong>consules</strong></span> <span class='ocrx_word' id='word_1_534' title='bbox 738 5792 941 5837; x_wconf 86' lang='lat' dir='ltr'><strong>essent.</strong></span> <span class='ocrx_word' id='word_1_535' title='bbox 978 5782 1165 5838; x_wconf 84' lang='lat' dir='ltr'><strong>Primo</strong></span> <span class='ocrx_word' id='word_1_536' title='bbox 1204 5781 1543 5839; x_wconf 22' lang='lat' dir='ltr'><strong>illi’unacum</strong></span> <span class='ocrx_word' id='word_1_537' title='bbox 1570 5788 1826 5843; x_wconf 81' lang='lat' dir='ltr'><strong>consules</strong></span> <span class='ocrx_word' id='word_1_538' title='bbox 1860 5799 2017 5843; x_wconf 90' lang='lat' dir='ltr'><strong>erant</strong></span> 
     </span>
    </p>
   </div>
   <div class='ocr_carea' id='block_1_82' title="bbox 447 5851 2011 5928">
    <p class='ocr_par' dir='ltr' id='par_1_82' title="bbox 447 5851 2011 5928">
     <span class='ocr_line' id='line_1_83' title="bbox 447 5851 2011 5928; baseline 0.007 -26"><span class='ocrx_word' id='word_1_539' title='bbox 447 5862 593 5904; x_wconf 86' lang='lat' dir='ltr'><strong>anno</strong></span> <span class='ocrx_word' id='word_1_540' title='bbox 631 5851 836 5908; x_wconf 76' lang='lat' dir='ltr'><strong>Christi</strong></span> <span class='ocrx_word' id='word_1_541' title='bbox 870 5853 1005 5920; x_wconf 73' lang='lat'><strong>102,</strong></span> <span class='ocrx_word' id='word_1_542' title='bbox 1047 5865 1101 5909; x_wconf 89' lang='lat' dir='ltr'><strong>et</strong></span> <span class='ocrx_word' id='word_1_543' title='bbox 1139 5855 1359 5925; x_wconf 86' lang='lat' dir='ltr'><strong>quidem</strong></span> <span class='ocrx_word' id='word_1_544' title='bbox 1387 5856 1616 5914; x_wconf 80' lang='lat' dir='ltr'><strong>Senecio</strong></span> <span class='ocrx_word' id='word_1_545' title='bbox 1653 5857 1751 5928; x_wconf 93' lang='grc' dir='ltr'><strong>ΙΙΙ,</strong></span> <span class='ocrx_word' id='word_1_546' title='bbox 1778 5860 1918 5918; x_wconf 86' lang='lat' dir='ltr'><strong>Sura</strong></span> <span class='ocrx_word' id='word_1_547' title='bbox 1951 5859 2011 5915; x_wconf 93' lang='lat' dir='ltr'><strong>ll.</strong></span> 
     </span>
    </p>
   </div>
   <div class='ocr_carea' id='block_1_83' title="bbox 2127 4642 3715 4714">
    <p class='ocr_par' dir='ltr' id='par_1_83' title="bbox 2127 4642 3715 4714">
     <span class='ocr_line' id='line_1_84' title="bbox 2127 4642 3715 4714; baseline 0.001 -17"><span class='ocrx_word' id='word_1_548' title='bbox 2127 4642 2223 4698; x_wconf 88' lang='lat' dir='ltr'><strong>Dei</strong></span> <span class='ocrx_word' id='word_1_549' title='bbox 2249 4645 2303 4698; x_wconf 92' lang='lat' dir='ltr'><strong>in</strong></span> <span class='ocrx_word' id='word_1_550' title='bbox 2331 4645 2549 4714; x_wconf 91' lang='lat' dir='ltr'><strong>plenum</strong></span> <span class='ocrx_word' id='word_1_551' title='bbox 2579 4644 2906 4714; x_wconf 86' lang='lat' dir='ltr'><strong>pertingere,</strong></span> <span class='ocrx_word' id='word_1_552' title='bbox 2936 4659 3114 4714; x_wconf 91' lang='lat' dir='ltr'><strong>neque</strong></span> <span class='ocrx_word' id='word_1_553' title='bbox 3137 4644 3436 4711; x_wconf 79' lang='lat' dir='ltr'><strong>perfectum</strong></span> <span class='ocrx_word' id='word_1_554' title='bbox 3467 4645 3715 4699; x_wconf 85' lang='lat' dir='ltr'><strong>ordinem</strong></span> 
     </span>
    </p>
   </div>
   <div class='ocr_carea' id='block_1_84' title="bbox 2124 4720 3716 4804">
    <p class='ocr_par' dir='ltr' id='par_1_84' title="bbox 2124 4720 3716 4804">
     <span class='ocr_line' id='line_1_85' title="bbox 2124 4720 3716 4804; baseline -0.001 -17"><span class='ocrx_word' id='word_1_555' title='bbox 2124 4733 2388 4788; x_wconf 76' lang='lat' dir='ltr'><strong>doctrinae</strong></span> <span class='ocrx_word' id='word_1_556' title='bbox 2416 4734 2683 4800; x_wconf 89' lang='lat' dir='ltr'><strong>obtinere,</strong></span> <span class='ocrx_word' id='word_1_557' title='bbox 2709 4734 2812 4788; x_wconf 89' lang='lat' dir='ltr'><strong>nisi</strong></span> <span class='ocrx_word' id='word_1_558' title='bbox 2855 4749 2952 4803; x_wconf 90' lang='lat' dir='ltr'><strong>per</strong></span> <span class='ocrx_word' id='word_1_559' title='bbox 2986 4720 3232 4804; x_wconf 86' lang='lat' dir='ltr'><strong>martyrii</strong></span> <span class='ocrx_word' id='word_1_560' title='bbox 3271 4732 3469 4788; x_wconf 79' lang='lat' dir='ltr'><strong>factam</strong></span> <span class='ocrx_word' id='word_1_561' title='bbox 3501 4732 3716 4787; x_wconf 78' lang='lat' dir='ltr'><strong>confes-~</strong></span> 
     </span>
    </p>
   </div>
   <div class='ocr_carea' id='block_1_85' title="bbox 2125 4822 3715 4894">
    <p class='ocr_par' dir='ltr' id='par_1_85' title="bbox 2125 4822 3715 4894">
     <span class='ocr_line' id='line_1_86' title="bbox 2125 4822 3715 4894; baseline -0.002 -14"><span class='ocrx_word' id='word_1_562' title='bbox 2125 4825 2334 4880; x_wconf 89' lang='lat' dir='ltr'><strong>sionem</strong></span> <span class='ocrx_word' id='word_1_563' title='bbox 2382 4824 2614 4879; x_wconf 91' lang='lat' dir='ltr'><strong>Domino</strong></span> <span class='ocrx_word' id='word_1_564' title='bbox 2653 4825 3142 4894; x_wconf 88' lang='lat' dir='ltr'><strong>appropinquaret.</strong></span> <span class='ocrx_word' id='word_1_565' title='bbox 3181 4822 3337 4879; x_wconf 89' lang='lat' dir='ltr'><strong>Unde</strong></span> <span class='ocrx_word' id='word_1_566' title='bbox 3379 4825 3571 4892; x_wconf 89' lang='lat' dir='ltr'><strong>paucis</strong></span> <span class='ocrx_word' id='word_1_567' title='bbox 3617 4840 3715 4877; x_wconf 90' lang='lat' dir='ltr'><strong>an-</strong></span> 
     </span>
    </p>
   </div>
   <div class='ocr_carea' id='block_1_86' title="bbox 2125 4915 3716 4986">
    <p class='ocr_par' dir='ltr' id='par_1_86' title="bbox 2125 4915 3716 4986">
     <span class='ocr_line' id='line_1_87' title="bbox 2125 4915 3716 4986; baseline 0 -17"><span class='ocrx_word' id='word_1_568' title='bbox 2125 4916 2211 4970; x_wconf 91' lang='lat' dir='ltr'><strong>nis</strong></span> <span class='ocrx_word' id='word_1_569' title='bbox 2238 4931 2566 4985; x_wconf 87' lang='lat' dir='ltr'><strong>permanens</strong></span> <span class='ocrx_word' id='word_1_570' title='bbox 2597 4915 2648 4970; x_wconf 90' lang='lat' dir='ltr'><strong>in</strong></span> <span class='ocrx_word' id='word_1_571' title='bbox 2682 4915 2949 4979; x_wconf 85' lang='lat' dir='ltr'><strong>Ecclesia,</strong></span> <span class='ocrx_word' id='word_1_572' title='bbox 3000 4916 3225 4971; x_wconf 90' lang='lat' dir='ltr'><strong>lucerna</strong></span> <span class='ocrx_word' id='word_1_573' title='bbox 3267 4915 3482 4978; x_wconf 86' lang='lat' dir='ltr'><strong>deiﬁea,</strong></span> <span class='ocrx_word' id='word_1_574' title='bbox 3527 4916 3716 4986; x_wconf 88' lang='lat' dir='ltr'><strong>singu-</strong></span> 
     </span>
    </p>
   </div>
   <div class='ocr_carea' id='block_1_87' title="bbox 2124 5008 3714 5079">
    <p class='ocr_par' dir='ltr' id='par_1_87' title="bbox 2124 5008 3714 5079">
     <span class='ocr_line' id='line_1_88' title="bbox 2124 5008 3714 5079; baseline 0 -18"><span class='ocrx_word' id='word_1_575' title='bbox 2124 5008 2301 5063; x_wconf 89' lang='lat' dir='ltr'><strong>lorum</strong></span> <span class='ocrx_word' id='word_1_576' title='bbox 2327 5008 2492 5063; x_wconf 90' lang='lat' dir='ltr'><strong>corda</strong></span> <span class='ocrx_word' id='word_1_577' title='bbox 2521 5009 2831 5064; x_wconf 89' lang='lat' dir='ltr'><strong>illuminare</strong></span> <span class='ocrx_word' id='word_1_578' title='bbox 2852 5025 2948 5078; x_wconf 89' lang='lat' dir='ltr'><strong>per</strong></span> <span class='ocrx_word' id='word_1_579' title='bbox 2974 5009 3386 5078; x_wconf 88' lang='lat' dir='ltr'><strong>Scripturarum</strong></span> <span class='ocrx_word' id='word_1_580' title='bbox 3415 5009 3714 5079; x_wconf 85' lang='lat' dir='ltr'><strong>expositio-</strong></span> 
     </span>
    </p>
   </div>
   <div class='ocr_carea' id='block_1_88' title="bbox 2124 5099 3049 5170">
    <p class='ocr_par' dir='ltr' id='par_1_88' title="bbox 2124 5099 3049 5170">
     <span class='ocr_line' id='line_1_89' title="bbox 2124 5099 3049 5170; baseline 0.004 -17"><span class='ocrx_word' id='word_1_581' title='bbox 2124 5115 2247 5154; x_wconf 91' lang='lat' dir='ltr'><strong>nem</strong></span> <span class='ocrx_word' id='word_1_582' title='bbox 2272 5100 2524 5170; x_wconf 89' lang='lat' dir='ltr'><strong>precibus</strong></span> <span class='ocrx_word' id='word_1_583' title='bbox 2556 5100 2796 5155; x_wconf 89' lang='lat' dir='ltr'><strong>assiduis</strong></span> <span class='ocrx_word' id='word_1_584' title='bbox 2829 5099 3049 5157; x_wconf 86' lang='lat' dir='ltr'><strong>meruit.</strong></span> 
     </span>
    </p>
   </div>
   <div class='ocr_carea' id='block_1_89' title="bbox 2125 5299 3707 5372">
    <p class='ocr_par' dir='ltr' id='par_1_89' title="bbox 2125 5299 3707 5372">
     <span class='ocr_line' id='line_1_90' title="bbox 2125 5299 3707 5372; baseline 0.004 -18"><span class='ocrx_word' id='word_1_585' title='bbox 2125 5299 2390 5372; x_wconf 84' lang='lat' dir='ltr'><strong>Secunda</strong></span> <span class='ocrx_word' id='word_1_586' title='bbox 2418 5301 2538 5372; x_wconf 87' lang='lat' dir='ltr'><strong>vice</strong></span> <span class='ocrx_word' id='word_1_587' title='bbox 2577 5302 2612 5355; x_wconf 92' lang='lat' dir='ltr'><strong>ii</strong></span> <span class='ocrx_word' id='word_1_588' title='bbox 2646 5301 2824 5371; x_wconf 89' lang='lat' dir='ltr'><strong>juncti</strong></span> <span class='ocrx_word' id='word_1_589' title='bbox 2871 5317 3099 5372; x_wconf 88' lang='lat' dir='ltr'><strong>munere</strong></span> <span class='ocrx_word' id='word_1_590' title='bbox 3146 5302 3515 5372; x_wconf 77' lang='lat' dir='ltr'><strong>fungebantur</strong></span> <span class='ocrx_word' id='word_1_591' title='bbox 3563 5321 3707 5360; x_wconf 91' lang='lat' dir='ltr'><strong>anno</strong></span> 
     </span>
    </p>
   </div>
   <div class='ocr_carea' id='block_1_90' title="bbox 2122 5371 3707 5442">
    <p class='ocr_par' dir='ltr' id='par_1_90' title="bbox 2122 5371 3707 5442">
     <span class='ocr_line' id='line_1_91' title="bbox 2122 5371 3707 5442; baseline 0.004 -18"><span class='ocrx_word' id='word_1_592' title='bbox 2122 5371 2602 5442; x_wconf 21' lang='lat' dir='ltr'><strong>Christi_107,ict</strong></span> <span class='ocrx_word' id='word_1_593' title='bbox 2641 5373 2861 5442; x_wconf 90' lang='lat' dir='ltr'><strong>quidem</strong></span> <span class='ocrx_word' id='word_1_594' title='bbox 2898 5371 3127 5426; x_wconf 82' lang='lat' dir='ltr'><strong>Senecio</strong></span> <span class='ocrx_word' id='word_1_595' title='bbox 3169 5371 3262 5434; x_wconf 68' lang='grc' dir='ltr'><strong>ιν,</strong></span> <span class='ocrx_word' id='word_1_596' title='bbox 3299 5373 3441 5429; x_wconf 91' lang='lat' dir='ltr'><strong>Sura</strong></span> <span class='ocrx_word' id='word_1_597' title='bbox 3489 5374 3577 5431; x_wconf 86' lang='grc' dir='ltr'><strong>ΙΙΙ.</strong></span> <span class='ocrx_word' id='word_1_598' title='bbox 3614 5375 3707 5430; x_wconf 84' lang='lat' dir='ltr'><strong>Vi-</strong></span> 
     </span>
    </p>
   </div>
   <div class='ocr_carea' id='block_1_91' title="bbox 2123 5440 3320 5512">
    <p class='ocr_par' dir='ltr' id='par_1_91' title="bbox 2123 5440 3320 5512">
     <span class='ocr_line' id='line_1_92' title="bbox 2123 5440 3320 5512; baseline 0.002 -17"><span class='ocrx_word' id='word_1_599' title='bbox 2123 5441 2317 5495; x_wconf 89' lang='lat' dir='ltr'><strong>deatur</strong></span> <span class='ocrx_word' id='word_1_600' title='bbox 2341 5440 2470 5512; x_wconf 76' lang='lat' dir='ltr'><strong>Pagi</strong></span> <span class='ocrx_word' id='word_1_601' title='bbox 2498 5440 2702 5496; x_wconf 74' lang='lat' dir='ltr'><strong>Critica</strong></span> <span class='ocrx_word' id='word_1_602' title='bbox 2732 5443 2796 5496; x_wconf 90' lang='lat' dir='ltr'><strong>ad</strong></span> <span class='ocrx_word' id='word_1_603' title='bbox 2824 5458 2953 5498; x_wconf 89' lang='lat' dir='ltr'><strong>ann.</strong></span> <span class='ocrx_word' id='word_1_604' title='bbox 2983 5443 3087 5495; x_wconf 72' lang='lat'><strong>102</strong></span> <span class='ocrx_word' id='word_1_605' title='bbox 3111 5452 3165 5496; x_wconf 92' lang='lat' dir='ltr'><strong>et</strong></span> <span class='ocrx_word' id='word_1_606' title='bbox 3197 5443 3320 5498; x_wconf 89' lang='lat'><strong>107.</strong></span> 
     </span>
    </p>
   </div>
   <div class='ocr_carea' id='block_1_92' title="bbox 2198 5511 3704 5586">
    <p class='ocr_par' dir='ltr' id='par_1_92' title="bbox 2198 5511 3704 5586">
     <span class='ocr_line' id='line_1_93' title="bbox 2198 5511 3704 5586; baseline 0.005 -21"><span class='ocrx_word' id='word_1_607' title='bbox 2198 5511 2307 5582; x_wconf 87' lang='lat'><strong>(18)</strong></span> <span class='ocrx_word' id='word_1_608' title='bbox 2335 5511 2380 5586; x_wconf 81' lang='grc' dir='ltr'><strong>Ι.</strong></span> <span class='ocrx_word' id='word_1_609' title='bbox 2413 5511 2564 5586; x_wconf 83' lang='lat' dir='ltr'><strong>e._ut</strong></span> <span class='ocrx_word' id='word_1_610' title='bbox 2596 5529 2694 5568; x_wconf 90' lang='lat' dir='ltr'><strong>nos</strong></span> <span class='ocrx_word' id='word_1_611' title='bbox 2740 5513 3001 5568; x_wconf 90' lang='lat' dir='ltr'><strong>certiores</strong></span> <span class='ocrx_word' id='word_1_612' title='bbox 3054 5512 3277 5586; x_wconf 70' lang='lat' dir='ltr'><strong>faceret,</strong></span> <span class='ocrx_word' id='word_1_613' title='bbox 3321 5531 3451 5570; x_wconf 92' lang='lat' dir='ltr'><strong>num</strong></span> <span class='ocrx_word' id='word_1_614' title='bbox 3513 5517 3704 5586; x_wconf 87' lang='lat' dir='ltr'><strong>lgnatii</strong></span> 
     </span>
    </p>
   </div>
   <div class='ocr_carea' id='block_1_93' title="bbox 2123 5581 3277 5652">
    <p class='ocr_par' dir='ltr' id='par_1_93' title="bbox 2123 5581 3277 5652">
     <span class='ocr_line' id='line_1_94' title="bbox 2123 5581 3277 5652; baseline 0.002 -17"><span class='ocrx_word' id='word_1_615' title='bbox 2123 5581 2445 5652; x_wconf 86' lang='lat' dir='ltr'><strong>martyrium</strong></span> <span class='ocrx_word' id='word_1_616' title='bbox 2476 5581 2586 5636; x_wconf 90' lang='lat' dir='ltr'><strong>Deo</strong></span> <span class='ocrx_word' id='word_1_617' title='bbox 2608 5592 2751 5638; x_wconf 86' lang='lat' dir='ltr'><strong>esset</strong></span> <span class='ocrx_word' id='word_1_618' title='bbox 2772 5595 3077 5652; x_wconf 90' lang='lat' dir='ltr'><strong>acceptum.</strong></span> <span class='ocrx_word' id='word_1_619' title='bbox 3108 5583 3277 5637; x_wconf 74' lang='lat' dir='ltr'><strong>Cum.</strong></span> 
     </span>
    </p>
   </div>
   <div class='ocr_carea' id='block_1_94' title="bbox 2194 5651 3706 5726">
    <p class='ocr_par' dir='ltr' id='par_1_94' title="bbox 2194 5651 3706 5726">
     <span class='ocr_line' id='line_1_95' title="bbox 2194 5651 3706 5726; baseline 0.011 -31"><span class='ocrx_word' id='word_1_620' title='bbox 2194 5651 2380 5726; x_wconf 69' lang='lat' dir='ltr'><strong>(19‘,__l.</strong></span> <span class='ocrx_word' id='word_1_621' title='bbox 2408 5668 2461 5726; x_wconf 54' lang='grc' dir='ltr'><strong>ς,</strong></span> <span class='ocrx_word' id='word_1_622' title='bbox 2494 5661 2553 5705; x_wconf 84' lang='grc' dir='ltr'><strong>ιιι</strong></span> <span class='ocrx_word' id='word_1_623' title='bbox 2589 5654 2655 5706; x_wconf 80' lang='grc' dir='ltr'>τὰ</span> <span class='ocrx_word' id='word_1_624' title='bbox 2691 5654 2937 5726; x_wconf 80' lang='grc' dir='ltr'>γενέθλια</span> <span class='ocrx_word' id='word_1_625' title='bbox 2966 5653 3142 5708; x_wconf 87' lang='lat' dir='ltr'><strong>sancti</strong></span> <span class='ocrx_word' id='word_1_626' title='bbox 3178 5656 3435 5726; x_wconf 80' lang='lat' dir='ltr'><strong>martyris</strong></span> <span class='ocrx_word' id='word_1_627' title='bbox 3471 5659 3706 5714; x_wconf 79' lang='lat' dir='ltr'><strong>celebro-</strong></span> 
     </span>
    </p>
   </div>
   <div class='ocr_carea' id='block_1_95' title="bbox 2124 5722 3757 5793">
    <p class='ocr_par' dir='ltr' id='par_1_95' title="bbox 2124 5722 3757 5793">
     <span class='ocr_line' id='line_1_96' title="bbox 2124 5722 3757 5793; baseline 0.004 -15"><span class='ocrx_word' id='word_1_628' title='bbox 2124 5739 2266 5778; x_wconf 89' lang='lat' dir='ltr'><strong>mns.</strong></span> <span class='ocrx_word' id='word_1_629' title='bbox 2298 5722 2370 5775; x_wconf 81' lang='lat' dir='ltr'><strong>Ea</strong></span> <span class='ocrx_word' id='word_1_630' title='bbox 2403 5722 2782 5793; x_wconf 84' lang='lat' dir='ltr'><strong>Chrysostomi</strong></span> <span class='ocrx_word' id='word_1_631' title='bbox 2815 5724 2994 5777; x_wconf 89' lang='lat' dir='ltr'><strong>adhuc</strong></span> <span class='ocrx_word' id='word_1_632' title='bbox 3022 5722 3362 5791; x_wconf 78' lang='lat' dir='ltr'><strong>temporibus</strong></span> <span class='ocrx_word' id='word_1_633' title='bbox 3403 5744 3526 5783; x_wconf 87' lang='lat' dir='ltr'><strong>esse</strong></span> <span class='ocrx_word' id='word_1_634' title='bbox 3567 5737 3705 5784; x_wconf 87' lang='lat' dir='ltr'><strong>celc-</strong></span> <span class='ocrx_word' id='word_1_635' title='bbox 3753 5731 3757 5789; x_wconf 73' lang='grc' dir='ltr'><em>ἓ</em></span> 
     </span>
    </p>
   </div>
   <div class='ocr_carea' id='block_1_96' title="bbox 2122 5793 3703 5866">
    <p class='ocr_par' dir='ltr' id='par_1_96' title="bbox 2122 5793 3703 5866">
     <span class='ocr_line' id='line_1_97' title="bbox 2122 5793 3703 5866; baseline 0.007 -21"><span class='ocrx_word' id='word_1_636' title='bbox 2122 5796 2388 5866; x_wconf 58' lang='lat' dir='ltr'><strong>l_3_i-ata,_ex</strong></span> <span class='ocrx_word' id='word_1_637' title='bbox 2419 5809 2670 5866; x_wconf 85' lang='lat' dir='ltr'><strong>sermo_ne</strong></span> <span class='ocrx_word' id='word_1_638' title='bbox 2691 5794 2811 5863; x_wconf 86' lang='lat' dir='ltr'><strong>ejus</strong></span> <span class='ocrx_word' id='word_1_639' title='bbox 2837 5793 2978 5866; x_wconf 81' lang='lat' dir='ltr'><strong>in_S.</strong></span> <span class='ocrx_word' id='word_1_640' title='bbox 3009 5793 3276 5866; x_wconf 79' lang='lat' dir='ltr'><strong>lgnatium</strong></span> <span class='ocrx_word' id='word_1_641' title='bbox 3315 5800 3703 5866; x_wconf 81' lang='lat' dir='ltr'><strong>perSpicimus.</strong></span> 
     </span>
    </p>
   </div>
   <div class='ocr_carea' id='block_1_97' title="bbox 2123 5863 3590 5940">
    <p class='ocr_par' dir='ltr' id='par_1_97' title="bbox 2123 5863 3590 5940">
     <span class='ocr_line' id='line_1_98' title="bbox 2123 5863 3590 5940; baseline 0.004 -22"><span class='ocrx_word' id='word_1_642' title='bbox 2123 5863 2255 5920; x_wconf 84' lang='lat' dir='ltr'><strong>Vide</strong></span> <span class='ocrx_word' id='word_1_643' title='bbox 2278 5863 2712 5936; x_wconf 72' lang='lat' dir='ltr'><strong>ChrysosLOpp.</strong></span> <span class='ocrx_word' id='word_1_644' title='bbox 2741 5866 2824 5921; x_wconf 82' lang='lat' dir='ltr'><strong>ed.</strong></span> <span class='ocrx_word' id='word_1_645' title='bbox 2861 5864 3050 5922; x_wconf 75' lang='lat' dir='ltr'><strong>Menti.</strong></span> <span class='ocrx_word' id='word_1_646' title='bbox 3088 5874 3124 5921; x_wconf 91' lang='lat' dir='ltr'><strong>t.</strong></span> <span class='ocrx_word' id='word_1_647' title='bbox 3163 5863 3224 5933; x_wconf 93' lang='grc' dir='ltr'><strong>ΙΙ,</strong></span> <span class='ocrx_word' id='word_1_648' title='bbox 3262 5863 3590 5940; x_wconf 59' lang='grc' dir='ltr'>ρξϐωλδιιιι.</span> 
     </span>
    </p>
   </div>
  </div>
