4142 6402
385 390 488 451 939

1003 501 1230 560 CAPUT
1271 499 1332 555 ll.

449 631 644 686 Postea
672 640 801 682 vero
825 618 951 680 cum
995 636 1140 677 nono
1175 633 1320 674 anno
1364 629 1518 684 regni
1564 612 1650 666 sui
1686 607 1956 675 Trajanus

380 733 677 784 remeasset
711 721 778 776 de
802 716 1032 774 victoria
1062 713 1390 784 Scytharum
1431 713 1486 771 et
1526 702 1730 757 Dacum
1774 707 1831 752 et
1869 695 1957 750 di-

381 833 666 875 versarum
708 812 985 885 gentium;
1019 817 1073 861 et
1113 811 1328 875 putaret
1374 797 1522 870 quod
1564 800 1752 866 posset
1796 802 1958 845 suum

383 911 672 981 imperium
703 905 969 967 amittere,
1017 899 1124 953 nisi
1164 893 1602 951 Christianorum
1647 882 1960 956 piissimum

383 975 590 1060 cultqu
619 1001 684 1055 ad
712 993 1078 1054 idololatriam
1103 989 1412 1050 inclinaret;
1437 995 1630 1037 omnes
1656 977 1752 1032 Dei
1781 975 1960 1032 culto-

384 1109 472 1151 res
525 1101 620 1148 aut
667 1089 994 1150 sacrificare,
1045 1091 1142 1137 aut
1187 1087 1334 1135 certe
1386 1074 1528 1130 mori
1581 1068 1960 1140 compellebat.

383 1188 538 1243 Tunc
570 1185 768 1240 timens
796 1196 898 1252 pro
935 1175 1175 1232 Ecclesia
1213 1169 1678 1224 Antiochenorum
1723 1159 1961 1216 fortissi-

381 1295 506 1336 mus
543 1276 747 1333 Christi
791 1273 947 1328 miles
979 1267 1244 1338 lgnatius,
1274 1263 1418 1318 ultro
1458 1256 1699 1330 perrexit
1727 1254 1795 1308 ad
1827 1251 1964 1306 Tra-

375 1374 590 1444 janum,
627 1372 1000 1423 transeuntem
1040 1361 1133 1415 illo
1171 1368 1414 1426 tempore
1455 1367 1548 1422 per
1589 1345 1960 1408 Antiochiam,

379 1475 437 1521 et
458 1463 803 1520 festinantem
827 1457 894 1512 ad
926 1452 1241 1509 Armeniam
1263 1457 1317 1504 et
1343 1446 1597 1501 Parthos.
1624 1442 1871 1510 Cumque
1906 1438 1963 1492 in

378 1557 579 1612 faciem
645 1554 787 1624 regis
835 1546 1059 1618 Trajani
1106 1542 1391 1604 astitisset,
1456 1535 1727 1606 Trajanus
1777 1531 1959 1587 dixit:

385 1669 405 1702 ‹
437 1649 572 1715 Quis
599 1663 658 1701 es
699 1655 780 1710 tu,
816 1641 1188 1700 cacodaemon,
1231 1634 1325 1704 qui
1364 1637 1552 1686 nostra
1580 1633 1847 1698 praecepta
1885 1621 1966 1676 fe-

379 1744 558 1798 stinas
591 1735 920 1808 transgredi,
953 1741 1008 1788 et
1030 1731 1151 1786 aliis
1181 1725 1478 1798 persuades
1524 1733 1582 1776 ut
1637 1719 1779 1774 male
1827 1732 1957 1786 per-

1825 361 2020 420 MART
2031 356 2269 415 YRIUM.

1990 491 2038 548 Α
2065 496 2190 536 cum
2225 475 2474 547 apostolo
2509 481 2603 527 tuo
2643 467 2812 523 Paulo
2860 461 3052 518 ferreis
3091 456 3324 514 vinculis
3356 452 3587 524 alligari.
3627 470 3647 502 ι

3546 327 3652 384 990

2061 573 2180 628 Hoc
2227 570 2435 630 dicens,
2475 575 2530 620 et
2567 578 2692 618 eum
2741 558 2926 613 lzetitia
2969 551 3275 621 suscipiens
3329 545 3567 608 vincula,
3600 551 3654 595 et

2062 679 2225 721 orans
2255 641 2432 731 primo
2466 671 2564 728 pro
2613 651 2881 711 Ecclesia,
2927 657 2980 700 et
3032 660 3154 698 eam
3214 655 3339 695 cum
3398 635 3654 706 lacrymis

2063 753 2456 814 commendans
2515 747 2791 811 Domino;
2848 743 2988 795 sicut
3041 739 3184 791 aries
3233 746 3467 801 magnus
3524 726 3653 782 boni

2063 848 2239 920 gregis
2263 847 2393 911 dux,
2431 858 2461 897 a
2498 837 2855 895 ferocissimis
2879 831 3146 886 militibus
3172 826 3496 886 ducebatur,
3522 835 3654 873 cru-

2063 937 2357 996 delissimis
2381 931 2658 995 manibus,
2683 927 2915 981 Romam
2941 921 3131 977 beStiis
3145 918 3211 973 ad
3235 913 3649 971 comestionem.

2685 1057 2913 1116 CAPUT
2955 1055 3042 1110 lli.

2135 1183 2410 1239 Tollentes
2460 1181 2628 1250 igitur
2681 1177 2904 1232 beatum
2955 1169 3246 1242 lgnatium,
3290 1160 3540 1234 pervenit
3587 1157 3655 1212 ad

2069 1278 2410 1342 Seleuciam;
2443 1273 2588 1329 unde
2619 1279 2675 1325 et
2703 1267 2969 1337 navigare
3011 1263 3339 1316 habuerunt.
3387 1253 3448 1307 Et
3483 1250 3658 1319 respi-

2066 1373 2214 1426 ciens
2262 1377 2484 1423 sanctus
2530 1364 2776 1435 lgnatius
2819 1365 2946 1429 post
3005 1354 3238 1409 multum
3303 1348 3547 1402 laborem
3589 1343 3658 1397 ad

2070 1463 2479 1536 Smyrnzeorum
2511 1458 2810 1519 civitatem,
2836 1466 2958 1506 cum
2992 1447 3165 1502 multo
3194 1441 3395 1512 gaudio
3431 1439 3657 1492 descen-

2067 1561 2203 1614 dens
2232 1556 2300 1611 de
2330 1553 2476 1619 navi,
2523 1549 2817 1606 festinabat
2856 1548 3109 1598 sanctum
3151 1535 3508 1606 Polyearpum
3543 1528 3661 1592 cpi-

2069 1663 2298 1720 scopum
2356 1645 2768 1716 Smyrnmorum
2826 1633 3203 1702 coadjutorem
3246 1640 3408 1682 suum
3456 1621 3659 1675 videre.

2069 1745 2313 1800 Fuerunt
2361 1711 2544 1795 autem
2590 1733 2751 1790 ambo
2800 1725 3056 1796 discipuli
3111 1718 3341 1776 Joannis
3403 1711 3659 1784 apostoli.

377 1834 550 1891 ean”
594 1852 613 1884 ³
674 1829 919 1902 lgnauus
947 1824 1126 1880 dm“
1176 1838 1196 1872 ⁸
1239 1817 1411 1873 Nemo
1445 1813 1834 1906 Theoph°f“_m
1873 1823 1964 1864 ω’
1995 1837 2036 1891 Β
2067 1837 2240 1906 Quem
2266 1834 2370 1891 sibi
2413 1830 2710 1886 adductum
2752 1825 2946 1878 beatus
2988 1817 3323 1886 Polycarpus
3366 1809 3578 1870 videns,
3612 1811 3665 1857 et

376 1930 752 1986 codaemonem
793 1929 986 1985 vocat;
1025 1917 1187 1986 longe
1224 1912 1370 1968 enim
1407 1924 1437 1962 a
1477 1906 1652 1964 servis
1695 1903 1792 1959 Dei
1817 1915 1967 1956 rece-

377 2023 520 2077 dunt
542 2021 840 2074 damtones.
867 2011 993 2066 Scio
1019 2007 1236 2079 quidem
1259 2002 1387 2074 quia
1412 2000 1676 2055 molestus
1700 1996 1780 2051 eis
1809 2009 1964 2059 sum;

376 2122 668 2186 propterea
718 2123 805 2163 me
859 2103 1003 2159 male
1053 2098 1491 2156 cacodaemonern
1526 2089 1758 2146 vocasti.
1785 2086 1970 2143 Conti-

379 2179 503 2262 teor
531 2203 676 2260 enim
706 2215 793 2255 me
819 2196 1100 2253 Christum
1127 2205 1310 2262 regem
1352 2187 1590 2250 habere;
1635 2193 1689 2237 et
1728 2179 1970 2235 dissolvo

378 2301 604 2354 illorum
636 2293 888 2351 consilia.
931 2309 949 2341 ι
999 2285 1273 2355 Trajanus
1304 2279 1440 2336 dixit
1476 2296 1489 2331 :
1545 2295 1565 2328 ε
1617 2274 1684 2328 Ει
1725 2272 1850 2343 quis
1887 2279 1973 2326 est

381 2386 787 2460 Theophorus?
827 2403 846 2437 ι
880 2380 1123 2454 lgnatius
1151 2375 1288 2431 dixit
1320 2391 1333 2427 :
1374 2391 1391 2424 ι
1428 2370 1533 2437 Qui
1561 2367 1841 2422 Christum
1873 2364 1970 2417 ha-

381 2487 477 2540 bet
507 2455 560 2537 in
594 2487 836 2552 pectore.
877 2495 896 2527 ι
936 2471 1210 2542 Trajanus
1233 2467 1366 2522 dixit
1397 2483 1410 2518 :
1450 2482 1468 2514 ι
1505 2461 1572 2515 Et
1601 2475 1702 2514 nos
1740 2472 1849 2512 non
1877 2455 1972 2510 tibi

381 2578 637 2631 videmur
688 2571 891 2637 habere
947 2565 1078 2620 deos
1124 2562 1179 2616 in
1225 2566 1467 2629 pectore,
1521 2567 1662 2622 quos
1709 2549 1974 2604 habemus

385 2669 744 2725 auxiliatores
787 2669 977 2718 contra
1023 2653 1247 2710 hostes?
1282 2670 1300 2702 ι
1345 2646 1585 2719 lgnatius
1617 2642 1800 2697 dixit:
1853 2657 1872 2687 ι
1908 2637 1975 2691 Et

384 2760 660 2818 daemonia
689 2755 932 2828 gentium
955 2751 1088 2806 deos
1128 2745 1472 2804 existimans,
1505 2752 1679 2794 erras.
1714 2732 1869 2788 Unus
1892 2739 1977 2785 est

385 2855 535 2910 enim
573 2851 736 2917 Deus,
770 2845 864 2918 qui
892 2841 1243 2899 fecitccelum
1266 2847 1320 2890 et
1344 2843 1568 2894 terram,
1601 2842 1751 2883 mare
1773 2837 1826 2879 et
1853 2839 1975 2878 om-

385 2949 482 3002 nia
535 2960 658 3016 quae
702 2945 757 2996 in
806 2940 890 2995 eis
933 2945 1061 2992 sunt
1104 2953 1118 2989 :
1171 2940 1228 2986 et
1271 2943 1415 2984 unus
1463 2921 1777 2994 unigenitus
1818 2916 1978 2971 Jesus

386 3041 648 3096 Christus
678 3035 852 3091 Filius
889 3032 1030 3102 ejus,
1082 3026 1242 3096 cujus
1278 3018 1578 3077 amicitiam
1625 3011 1910 3083 acquisivi.
1951 3027 1972 3060 ›

389 3134 668 3204 Trajanus
712 3127 850 3183 dixit
903 3101 929 3179 :7
969 3141 987 3174 ι
1034 3117 1371 3175 Cruciﬁxum
1411 3111 1550 3166 dicis
1591 3124 1621 3163 a
1655 3104 1851 3160 Pontio
1891 3101 1980 3156 Pi-

2070 1926 2430 2001 spiritualiter
2450 1922 2500 1978 ei
2531 1915 2970 1976 communicans,
3004 1918 3057 1963 et
3085 1904 3319 1960 vinculis
3354 1901 3474 1970 ejus
3501 1912 3666 1951 coex-

2070 1991 2302 2083 sultans,
2327 2025 2486 2086 rogat
2514 2027 2640 2068 eum
2679 2011 2760 2064 ire
2787 2007 2854 2061 ad
2892 2001 3234 2075 propositum
3267 2011 3450 2052 suum.
3493 1991 3668 2062 Magis

2071 2122 2254 2168 autem
2300 2105 2672 2164 communiter
2712 2098 2895 2154 omnis
2931 2091 3175 2149 Ecclesia
3215 2099 3371 2158 rogat
3413 2100 3537 2140 cum
3573 2097 3667 2151 per

2072 2211 2324 2260 sanctum
2385 2199 2705 2269 episcopum
2761 2189 3149 2258 Polyearpum,
3194 2189 3248 2236 et
3298 2193 3395 2249 per
3445 2184 3668 2231 sanctos

2071 2295 2426 2367 presbyteros
2477 2297 2531 2344 et
2590 2287 2878 2342 diaconos.
2926 2276 3035 2334 Sed
3086 2283 3141 2329 et
3173 2285 3367 2327 omnes
3409 2264 3670 2321 Ecclesiae

2072 2361 2216 2443 Asia:
2242 2361 2596 2439 festinabant
2650 2377 2718 2431 ad
2775 2389 2923 2439 eum,
2975 2380 3036 2425 ut
3083 2367 3544 2438 participarentur
3601 2361 3669 2414 de

2075 2478 2343 2552 spirituali
2376 2477 2493 2546 ejus
2539 2468 2941 2528 benedictione.
2981 2461 3217 2516 Maxime
3248 2466 3430 2512 autem
3459 2464 3513 2509 et
3539 2469 3669 2508 san-

2074 2584 2224 2630 ctum
2257 2571 2622 2641 Polyearpum
2659 2561 3045 2618 hortabantur,
3096 2565 3156 2609 ut
3203 2566 3328 2606 eum
3375 2548 3667 2609 animaret,

2075 2684 2186 2738 quo
2212 2669 2630 2721 consummatus
2659 2673 2690 2712 a
2740 2651 2954 2718 bestiis,
2992 2647 3286 2704 invisibilis
3337 2641 3546 2697 mundo
3588 2636 3669 2693 ef-

2077 2760 2275 2824 fectus,
2305 2761 2733 2827 praesentaretur
2761 2744 3050 2801 obtutibus
3075 2739 3302 2796 Christi.

2153 2851 2270 2924 (90)

2661 2997 2702 3053 E
2736 2993 2985 3053 CAPITE
3022 2991 3090 3048 V.

2160 3161 2174 3175 .
2215 3162 2230 3176 .
2267 3163 2278 3174 .
2317 3160 2330 3174 .
2367 3158 2381 3172 .
2415 3157 2432 3172 .
2469 3156 2483 3170 .
2524 3114 2592 3168 Et
2625 3113 2820 3168 exinde
2862 3107 3240 3179 proficiscens,
3274 3101 3452 3171 Troj2c
3477 3113 3673 3168 appro-

385 3228 539 3284 lam?
571 3246 589 3278 ³
633 3221 881 3294 Ῑῧηίηίυδ
906 3216 1045 3272 dixit
1075 3231 1090 3267 ³
1145 3230 1163 3264 ⁸
1206 3209 1366 3264 mum
1407 3205 1502 3276 qui
1546 3197 1818 3294 crueifl‘it
1839 3209 1980 3294 ξπ·
2009 3189 2052 3247 C
2088 3213 2392 3284 pinquavit.
2426 3208 2708 3263 Adductus
2734 3211 2916 3258 autem
2943 3198 3249 3268 Neapolim,
3276 3210 3372 3264 per
3398 3191 3666 3259 Philippe-

387 3331 596 3384 catum,
628 3325 684 3372 et
726 3315 1070 3369 inventorem
1110 3305 1272 3376 ejus;
1322 3309 1378 3356 et
1419 3297 1514 3368 qui
1568 3309 1676 3350 non
1719 3288 1985 3361 justiﬁcat

390 3414 668 3469 idolorum
693 3406 1034 3466 servitorem,
1073 3396 1168 3454 sed
1200 3394 1295 3465 qui
1327 3393 1383 3447 in
1415 3388 1582 3446 corde
1620 3400 1722 3440 suo
1745 3383 1870 3435 ohoc
1894 3394 1984 3434 sa-

388 3508 490 3579 pit.
531 3523 550 3557 »
582 3501 856 3570 Trajanus
907 3493 1093 3550 dixit:
1138 3508 1158 3542 ‹
1203 3487 1288 3542 Tu
1337 3498 1468 3554 ergo
1514 3483 1573 3535 in
1615 3477 1792 3545 teipso
1825 3471 1984 3528 Chri-

392 3566 538 3657 stum
568 3566 789 3667 gestas?
821 3611 840 3644 ι
870 3587 1111 3660 lgnatius
1137 3582 1276 3636 dixit
1321 3597 1335 3633 :
1374 3595 1393 3628 ‹
1431 3573 1652 3644 Utique.
1706 3566 1982 3636 Scriptum

390 3703 478 3750 est
497 3656 643 3748 enim
677 3707 692 3743 :
731 3656 1000 3739 Habitebo
1030 3680 1088 3732 in
1115 3677 1211 3737 eis,
1245 3683 1294 3726 et
1333 3664 1694 3725 inambulabo.
1731 3680 1750 3712 ι
1787 3656 1982 3726 Trajan

392 3802 500 3842 nus
530 3782 714 3839 dixit:
758 3796 777 3829 ‹
809 3773 1078 3847 lgnatium
1127 3763 1339 3827 censui,
1379 3760 1652 3814 dicentem
1699 3753 1757 3807 in
1803 3750 1984 3819 seipso

395 3878 681 3936 continere
713 3869 1062 3930 crucifixum,
1093 3863 1338 3916 vinetum
1383 3869 1412 3908 a
1449 3849 1718 3906 militibus
1758 3839 1982 3915 perduci

396 3973 463 4028 ad
492 3982 748 4040 magnam
783 3963 977 4019 urbem
1010 3956 1268 4015 Romam,
1296 3961 1480 4004 escam
1507 3940 1696 3998 bestiis
1721 3952 1820 4008 pro
1848 3950 1982 3989 avo-

397 4035 613 4120 catione
633 4058 840 4131 populi.
877 4074 895 4107 ι
937 4050 1091 4107 lianc
1117 4043 1448 4103 sententiam
1495 4035 1724 4092 audiens
1763 4035 1985 4086 sanctus

398 4167 607 4226 martyr
644 4150 910 4224 lgnatius,
947 4159 1072 4200 eum
1130 4137 1331 4209 gaudio
1371 4127 1687 4191 exsultavit,
1739 4123 1930 4179 dicens
1969 4137 1983 4172 :

405 4269 424 4301 ι
461 4212 803 4303 ϐηἶιίξιενιὶιή
844 4212 968 4310 ago,
1025 4233 1274 4296 Domine,
1326 4223 1586 4298 quoniam
1622 4233 1712 4273 me
1750 4212 1988 4285 perfecte

399 4338 687 4397 honorasti
739 4337 794 4389 in
839 4303 1291 4390 tua-dilectione,
1333 4329 1387 4376 et
1425 4317 1650 4387 dignum
1687 4324 1774 4364 me
1807 4303 1987 4362 fecisti

475 4515 590 4588 (ΞΟ)
627 4513 901 4588 [ntegrum
941 4513 1104 4575 caput
1135 4503 1190 4588 ξ,
1218 4513 1354 4588 cum
1412 4502 1564 4566 parte
1606 4489 1855 4588 proximle
1897 4499 1987 4540 se-

504 4551 567 4570 ..u
630 4551 738 4567 ..ην
782 4551 901 4563 ......
943 4551 1002 4560 ν,
1048 4551 1103 4558 _-
1145 4551 1190 4566 _,
1234 4551 1289 4556 ν

403 4551 658 4658 qu‘entis,
699 4551 853 4658 aliaest
906 4592 938 4631 a
981 4551 1667 4658 Iris.'Colttoniatio;"qti:e
1703 4559 1921 4658 qlqidem
1959 4571 1991 4610 e
2023 4551 2066 4606 D

405 4628 567 4780 qtertiq
596 4628 1001 4736 lgioatianartim
1035 4628 1391 4714 epistolarum
1420 4628 1991 4692 collectore’Usserius

406 4744 545 4780 sunt)
569 4735 698 4780 eVIt.

406 4728 698 4785 sunnlevit.

477 4747 508 4798 p
552 4747 698 4782 tevu.

480 4747 594 4870 (ξι)
635 4795 764 4870 Leg.
794 4810 812 4842 ι
846 4786 1263 4870 Tyrrl‘tenicttm.
1305 4800 1323 4832 ›

482 4845 595 4938 ἆἑῇ
633 4845 784 4919 Klter
831 4845 988 4938 vetus
1031 4859 1364 4938 interpres“:
1429 4867 1448 4899 ‹
1484 4845 1751 4938 ‘Qstenslis
1802 4846 1994 4896 saneto

406 4914 774 5003 rddéhéfi"
803 4914 892 4986 ubi
939 4914 1277 5003 legendum:
1310 4921 1572 5003 Puteolis.
1619 4937 1637 4967 ι
1669 4914 1771 4997 llic
1811 4921 1994 4965 autem

406 4988 770 5065 Cottoiiianus
820 4988 1089 5069 interpres
1150 5013 1168 5046 ι
1230 4988 1913 5069 Pontiolum_episcopnm
1969 4999 1987 5031 ι

407 5079 718 5143 fabricavit,
746 5087 910 5144 quem
953 5052 1006 5123 et
1034 5052 1223 5122 sancto
1249 5135 1259 5144 _
1284 5063 1488 5144 lgnatio
1535 5052 1755 5136 obviam
1796 5052 1994 5106 exiisse

409 5137 589 5214 finxit,
611 5127 926 5214 Graecorum
951 5155 1070 5214 qua;
1097 5127 1339 5191 vertebat
1358 5135 1622 5186 Actorum
1642 5127 1825 5181 minus
1850 5131 1994 5176 recte

412 5208 678 5294 percepta
693 5208 981 5292 sententia.
1006 5208 1214 5294 lisssn.

485 5272 598 5360 (ἐῶ
640 5283 896 5360 Exactior
923 5281 1146 5360 quidem
1175 5277 1320 5360 alius
1343 5272 1824 5360 vetus_interpres.

640 5333 888 5429 Reliqua
923 5333 1120 5429 tierunt
1161 5347 1422 5429 Actorum
1481 5333 1732 5429 similiter
1781 5333 1990 5417 praesti-

420 5405 1143 5500 tisset'tlt,"tii‘si1interpretis
1173 5415 1475 5474 obstitisset
1513 5407 1758 5482 ἀκρισία,
1793 5407 1887 5475 qui
1937 5405 1994 5457 in

2085 3305 2198 3361 sios
2231 3302 2450 3358 transiit
2497 3295 2875 3353 Macedoniam
2915 3291 3171 3362 pedibus,
3203 3295 3258 3341 et
3296 3285 3521 3354 Epirum
3551 3296 3675 3350 quae

2083 3395 2348 3464 estjuxta
2374 3388 2763 3461 Epidamnium
2815 3397 2974 3439 secus
3028 3395 3210 3443 mare;
3266 3385 3430 3444 atque
3477 3372 3674 3428 exinde

2083 3486 2267 3542 navim
2299 3480 2700 3543 conscendens,
2736 3474 3015 3545 navigavit
3043 3487 3140 3542 per
3161 3469 3500 3523 Adriaticum
3523 3465 3678 3533 pela-

2083 3595 2204 3652 gus.
2249 3576 2318 3631 Et
2362 3591 2486 3631 cum
2534 3573 2662 3627 inde
2703 3568 3028 3625 ascenderet
3073 3564 3140 3618 ad
3171 3561 3500 3632 Tyranicum
3534 3557 3673 3627 (21),

2083 3649 2368 3729 ostensum
2401 3673 2485 3721 est
2517 3671 2708 3720 saneto
2751 3657 3004 3714 Pontiolo
3045 3655 3158 3726 (9.9.)
3204 3651 3483 3722 episcOpo,
3528 3649 3676 3717 quod

2083 3765 2199 3836 ipse
2223 3760 2557 3818 transiturus
2580 3764 2744 3811 esset.
2776 3751 2844 3805 Et
2870 3750 3084 3805 obviam
3119 3747 3168 3800 ei
3209 3745 3416 3806 exiens,
3449 3740 3677 3795 festina-

2084 3830 2180 3912 bat
2213 3852 2368 3923 sequi
2397 3851 2518 3920 ejus
2545 3846 2778 3916 vestigia
2820 3851 3080 3911 tanquam
3114 3835 3346 3907 apostoli
3391 3832 3566 3886 Pauli.
3615 3830 3680 3885 Et

2087 3961 2198 4000 non
2246 3942 2422 4013 potuit
2464 3937 2644 4008 sequi,
2684 3935 2884 4004 spiritu
2917 3930 3074 3985 navis
3103 3942 3278 3998 prorae
3303 3923 3676 3978 imaunibcnte.

2089 4038 2156 4092 Et
2186 4036 2451 4108 lgnatius,
2479 4031 2800 4086 beatificaus
2833 4027 2887 4080 in
2912 4039 2977 4080 eo
3010 4024 3134 4077 loco
3176 4020 3398 4073 fratrem
3425 4029 3586 4070 suum
3625 4014 3682 4066 in

2087 4106 2382 4186 dilectione
2411 4125 2550 4198 (es),
2598 4123 2674 4176 ita
2719 4117 3017 4189 navigavit.
3057 4113 3305 4182 Denique
3343 4124 3454 4162 una
3495 4106 3585 4160 die
3630 4112 3686 4158 et

2087 4237 2151 4277 ea
2197 4222 2358 4275 nocte
2397 4213 2675 4287 prosperis
2723 4210 2903 4266 ventis
2933 4207 3042 4274 usi,
3085 4209 3454 4276 pervenerunt
3484 4197 3552 4253 ad
3592 4212 3685 4251 ur-

2089 4315 2212 4369 bem
2239 4312 2468 4367 Romam
2502 4307 2616 4379 (24)

2093 4497 2264 4553 rebus
2305 4501 2598 4564 postquam
2646 4487 2877 4541 Romam
2933 4480 3206 4562 attigisset
3236 4473 3475 4550 lgnatius
3518 4484 3689 4538 expo-

2095 4543 2654 4633 nendisfpostbabita
2683 4570 2873 4633 eorum
2911 4554 3006 4622 qui
3038 4543 3210 4630 agoni
3249 4543 3519 4620 martyris.
3542 4555 3684 4608 pra:-

2097 4647 2280 4694 sentes
2295 4611 2548 4689 adfuisse
2583 4645 2641 4684 se
2667 4611 3292 4694 dixerunt’narratione,
3320 4611 3684 4694 recentiorem

2096 4706 2454 4777 biograpbum
2503 4680 2864 4777 sequivmagis
2901 4693 3104 4772 voluit;
3142 4687 3235 4757 qui
3285 4680 3689 4777 poeti'ca'plane

2096 4750 2418 4856 lic'leolor'igos
2442 4750 2724 4826 sertrfones
2750 4750 2888 4819 initer
2916 4750 3300 4830 imperatorem
3333 4764 3386 4806 et
3417 4750 3686 4820 lgnatium

2160 4849 2170 4856 ’
2197 4849 2207 4856 ’
2394 4853 2403 4856 ‘
2601 4840 2703 4856 "H
2771 4846 2812 4856 “
2852 4833 2995 4856 -·“·-²⁴“
3027 4835 3426 4856 ⁶Λ··--ιηηιηισιιιή
3462 4834 3658 4856 nun-Ara

2099 4849 2299 4904 ibidem
2322 4833 2731 4901 intercessisse,
2765 4846 2817 4888 et
2852 4833 3000 4886 varia
3027 4835 3427 4904 tormentorum
3461 4834 3683 4890 genera,

2099 4927 2226 4972 ante
2271 4896 2576 4970 extremum
2631 4896 2991 4977 supplicium,
3051 4896 3344 4977 pertulisse
3392 4899 3688 4958 martyrem

2099 4968 2442 5043 commentus
2471 4990 2588 5044 est;
2620 4968 3112 5044 cum-cruciatuum
3143 4968 3359 5020 illorum
3386 4975 3565 5039 neque
3595 4973 3688 5009 an-

2099 5059 2337 5126 tiquiora
2372 5055 2530 5126 Acta,
2559 5033 2737 5116 neque
2770 5047 2884 5126 ipse
2905 5041 3308 5126 _l\lctaphrastes_
3338 5033 3688 5126 'tncntioq‘tem

2098 5097 2530 5186 ς’
2549 5097 2750 5188 {£6651
2771 5097 3083 5188 Parthicam
3117 5105 3519 5188 expeditionem
3548 5097 3686 5188 Tlra-

2092 5201 2284 5268 janum
2335 5168 2902 5268 nunquaeromam
2951 5168 3204 5258 rediisse;
3249 5177 3482 5268 idleoque
3525 5168 3690 5224 rebus

2098 5243 2218 5324 istis
2269 5243 2534 5320 interesjse
2579 5260 2806 5313 omnino
2854 5269 2960 5307 non
2995 5249 3259 5324 potuisse,
3293 5243 3544 5297 Romana
3589 5252 3692 5292 nos

2097 5318 2571 5396 dvoceatﬁbistoria.
2608 5327 2896 5392 Ussentus,
2929 5325 2982 5378 in
2995 5318 3219 5392 praefat.
