4142 6426
450 391 551 450 995

1558 394 1997 450 RESCRIPTUM
2037 394 2123 448 DE
2156 393 2618 451 CHRISTIANIS.

3606 400 3712 455 994

651 560 717 620 C.
751 558 944 619 Plinii
1002 556 1281 620 Secundi
1313 602 1328 629 ,
1361 556 1677 637 Bithyniae
1728 558 2158 637 proprmtoris,
2198 559 2272 620 ad
2316 559 2612 620 eumdem
2666 562 2744 620 de
2770 560 3039 633 eisdem,
3078 560 3324 622 Relatio
3359 561 3505 641 (26).

523 721 780 775 Sclemne
815 730 897 774 est
920 721 1086 787 mihi,
1112 720 1351 783 domine,
1378 720 1561 774 omnia
1588 720 1656 774 de
1686 721 1889 791 quibus
1914 720 2020 774 du-
2052 722 2097 778 Α
2125 736 2213 775 res
2244 737 2417 776 annos
2440 765 2454 789 ,
2517 736 2626 775 non
2683 738 2843 776 nemo
2881 723 3045 777 etiam
3079 734 3202 777 ante
3235 724 3423 794 viginti
3456 742 3708 795 quoque;

449 816 583 879 bito,
617 814 685 867 ad
743 822 794 867 te
851 811 1077 867 referre.
1128 810 1264 879 Quis
1308 814 1453 867 enim
1487 818 1666 881 potest
1711 813 1909 867 melius
1939 812 2023 866 vel

450 907 850 963 cunctationem
912 920 1091 960 meam
1142 920 1354 977 regere,
1404 906 1491 960 vel
1538 905 1903 975 ignorantiam
1936 904 2024 957 in-

449 1002 698 1058 Struere?
727 1000 1147 1072 Cognitionibus
1169 1000 1236 1055 de
1269 998 1601 1055 Christianis
1631 997 1853 1053 interfui
1883 1014 2024 1052 nun-

448 1110 657 1165 quam:
706 1093 828 1147 ideo
854 1092 1039 1148 nescio
1079 1093 1231 1162 quid,
1286 1101 1339 1146 et
1371 1100 1662 1162 quatenus,
1720 1100 1814 1145 aut
1841 1090 2025 1161 puniri

449 1188 653 1253 soleat,
684 1194 777 1241 aut
800 1186 991 1255 quaeri.
1026 1182 1136 1239 Nec
1179 1184 1527 1239 mediocriter
1576 1183 1848 1249 haesitavi,
1882 1183 2024 1237 sitne

446 1279 666 1349 aliquod
710 1277 1004 1333 discrimen
1051 1277 1313 1331 aatatum?
1373 1291 1442 1330 an
1487 1276 1790 1345 quamlibet
1849 1274 2022 1328 teneri

450 1374 585 1426 nihil
615 1388 645 1427 a
676 1371 1082 1427 robustioribus
1111 1369 1407 1424 differant?
1435 1368 1664 1423 deturne
1690 1367 2025 1437 paenitentiae

444 1465 644 1518 ‘venia?
672 1479 740 1518 an
765 1464 838 1528 ei,
871 1464 965 1534 qui
992 1464 1220 1519 omnino
1245 1461 1597 1517 Christianus
1628 1461 1760 1525 fuit,
1791 1462 2021 1517 desiisse

448 1566 557 1609 non
594 1554 810 1624 prosit?
834 1570 1034 1609 nomen
1067 1555 1268 1623 ipsum,
1306 1553 1523 1608 etiamsi
1562 1552 1781 1623 flagitiis
1815 1561 2021 1620 careat,

445 1664 513 1701 an
553 1647 754 1716 ﬂagitia
781 1647 1109 1701 cohaerentia
1135 1646 1343 1700 nomini
1371 1644 1704 1715 puniantur?
1726 1644 1944 1699 Interim
1966 1645 2023 1699 in

445 1738 533 1803 iis,
564 1739 656 1807 qui
699 1737 767 1792 ad
811 1752 897 1792 me
936 1746 1199 1807 tanquam
1250 1736 1549 1791 Christiani
1605 1734 2019 1801 deferebantur,

446 1832 593 1885 hlmc
626 1844 747 1885 sum
800 1840 1019 1886 secutus
1072 1829 1317 1883 modum.
1368 1827 1705 1898 Interrogavi
1735 1829 1917 1898 ipsos,
1952 1844 2019 1883 an

445 1929 633 1975 essent
674 1919 1013 1975 Christiani?
1046 1920 1370 1975 confitentes
1405 1920 1603 1975 iterum
1653 1935 1719 1974 ac
1751 1920 1912 1974 tertio
1938 1921 2024 1973 in-

444 2012 741 2082 terrogavi,
774 2012 1098 2081 supplicium
1133 2012 1375 2067 minatus
1409 2030 1421 2065 :
1456 2024 1865 2081 perseverantes
1894 2013 2021 2068 duci

438 2106 599 2176 jussi.
640 2103 827 2174 Neque
869 2105 1016 2159 enim
1051 2103 1369 2158 dubitabam
1411 2103 1821 2173 (qualecunque
1850 2113 2016 2170 esset,

444 2198 593 2267 quod
626 2196 952 2267 faterentur)
981 2196 1348 2266 pervicaciam
1385 2204 1532 2250 certe
1569 2204 1624 2249 et
1668 2195 2019 2250 inflexibilem

442 2290 869 2345 obstinationem
902 2290 1102 2344 debere
1129 2290 1333 2359 puniri.

513 2382 756 2437 Fuerunt
808 2382 899 2437 alii
951 2378 1152 2438 similis
1187 2382 1474 2448 amentire,
1507 2395 1644 2451 quos
1676 2379 1827 2451 (quia
1872 2380 2020 2436 cives

442 2473 677 2529 Romani
735 2477 912 2544 erant)
977 2474 1233 2530 annotavi
1276 2474 1329 2527 in
1389 2471 1589 2528 Urbem
1624 2473 2017 2529 remittendos:

443 2583 570 2621 mox
597 2567 716 2636 ipso
746 2575 1001 2631 tractatu,
1040 2580 1099 2620 ut
1134 2567 1248 2619 ﬁeri
1277 2566 1435 2629 solet,
1473 2566 1806 2619 diffundente
1827 2581 1883 2621 se
1907 2566 2019 2621 cri-

442 2655 618 2717 mine,
650 2654 832 2723 plures
870 2654 1083 2724 species
1115 2655 1446 2709 inciderunt.
1483 2654 1808 2725 Propositus
1841 2665 1924 2710 est
1950 2656 1984 2709 li
2005 2684 2020 2697 -

441 2745 616 2800 bellus
646 2746 765 2800 sine
813 2755 1057 2812 auctore,
1089 2747 1386 2800 multorum
1431 2746 1653 2800 nomina
1689 2748 1976 2801 continens
2001 2788 2016 2811 ,

439 2838 534 2908 qui
567 2847 829 2908 negarent
863 2854 922 2893 se
951 2854 1073 2893 esse
1102 2837 1483 2907 Christianos,
1518 2848 1612 2893 aut
1651 2838 1821 2895 fuisse
1847 2879 1861 2904 ,
1892 2855 2016 2894 cum

440 2940 716 3000 praeeunte
781 2946 868 2985 me
925 2931 1057 2986 deos
1112 2932 1483 3001 appellarent,
1538 2942 1593 2987 et
1636 2931 1859 3002 imagini
1913 2940 2018 2985 tua:

440 3025 627 3093 (quam
674 3031 897 3093 propter
938 3024 1043 3078 hoc
1084 3022 1360 3094 jusseram
1408 3040 1534 3079 cum
1574 3024 1885 3079 simulacris
1916 3040 2017 3077 nu-

439 3119 650 3169 minum
709 3114 913 3187 afferri)
963 3116 1121 3170 thure
1167 3130 1232 3170 ac
1272 3117 1400 3171 vino
1432 3118 1837 3187 supplicarent,
1874 3132 2015 3186 pra:-

438 3216 584 3260 terea
611 3207 1000 3261 maledicerent
1027 3204 1248 3261 Christo
1266 3210 1521 3276 (quorum
1544 3207 1681 3261 nihil
1709 3206 1828 3277 cogi
1852 3222 2016 3277 posse

436 3298 715 3363 dicuntur,
748 3298 842 3366 qui
875 3306 1003 3353 sunt
1033 3313 1219 3351 revera
1268 3297 1630 3367 Christiani):
1660 3298 2014 3353 dimittendos

2129 826 2322 865 omnes
2377 820 2430 865 et
2481 812 2771 882 imaginem
2829 823 2975 867 tuam
3025 814 3363 883 deorumque
3415 815 3709 872 simulacra

2128 903 2371 956 venerati
2408 914 2558 969 sunt,
2590 912 2644 958 et
2669 901 2892 958 Christo
2938 903 3358 962 maledixerunt.

2197 992 2561 1049 Affirmabant
2611 1005 2793 1050 autem
2847 996 2990 1050 hanc
3066 995 3238 1050 fuisse
3290 1012 3563 1052 summam
3622 997 3709 1052 vel

2126 1085 2302 1155 culpa:
2343 1101 2485 1152 suae,
2539 1088 2623 1141 vel
2682 1088 2921 1154 erroris,
2976 1090 3120 1157 quod
3163 1096 3350 1143 essent
3384 1089 3529 1143 soliti
3565 1098 3710 1144 stan

2127 1176 2217 1230 die
2255 1185 2381 1233 ante
2433 1178 2609 1232 lucem
2667 1180 2997 1244 convenire,
3057 1195 3393 1249 carmenque
3448 1181 3705 1245 Christo,

2126 1269 2284 1339 quasi
2345 1268 2456 1323 Deo
2484 1308 2499 1333 ,
2534 1270 2714 1325 dicere
2764 1286 2952 1326 secum
3006 1271 3278 1338 invicem;
3320 1285 3488 1340 seque
3518 1286 3707 1326 sacra-

2126 1372 2313 1415 mento
2350 1376 2458 1415 non
2506 1361 2559 1414 in
2618 1361 2797 1417 scelus
2826 1362 3044 1431 aliquod
3094 1364 3457 1431 obstringere,
3503 1364 3596 1416 sed
3639 1379 3709 1418 ne

2124 1452 2301 1517 furta,
2321 1469 2390 1507 ne
2422 1454 2729 1520 latrocinia,
2765 1471 2832 1508 ne
2859 1455 3125 1509 adulteria
3169 1455 3574 1509 committerent
3598 1496 3612 1521 ,
3640 1471 3709 1509 ne

2127 1544 2287 1599 fidem
2320 1544 2593 1611 fallerent,
2630 1562 2697 1600 ne
2715 1546 3019 1616 depositum
3056 1547 3309 1616 appellati
3340 1547 3705 1617 abnegarent,

2123 1639 2326 1708 quibus
2359 1640 2616 1709 peractis,
2646 1656 2854 1694 morem
2887 1641 2999 1699 sibi.
3024 1641 3339 1695 discedendi
3362 1640 3553 1706 fuisse,
3586 1658 3709 1695 rur-

2124 1746 2327 1799 susque
2351 1731 2580 1786 cocundi
2603 1733 2671 1787 ad
2698 1733 3022 1802 capiendum
3057 1734 3241 1788 cibum
3270 1776 3284 1801 ,
3327 1735 3705 1804 promiscuum

2122 1830 2302 1875 tamen
2357 1831 2412 1876 et
2453 1823 2775 1889 innoxium;
2809 1826 2953 1893 quod
3006 1826 3185 1895 ipsum
3226 1824 3411 1880 facere
3445 1827 3703 1895 desiisse,

2122 1924 2245 1981 post
2290 1914 2527 1968 edictum
2583 1931 2788 1982 meum,
2839 1931 2954 1985 quo
3005 1918 3307 1972 secundum
3332 1920 3589 1974 mandata
3613 1928 3707 1975 tua

2126 2003 2380 2060 hetaerias
2433 2020 2555 2060 esse
2602 2016 2902 2061 vetueram.
2938 2006 3059 2073 Quo
3108 2009 3283 2076 magis
3331 2014 3705 2067 necessarium

2123 2096 2348 2161 credidi,
2384 2111 2450 2150 ex
2473 2097 2685 2151 duabus
2716 2099 2950 2164 ancillis,
2979 2114 3102 2169 qtue
3136 2099 3402 2155 ministra:
3428 2101 3697 2157 diceban-

2124 2196 2231 2251 tur,
2278 2188 2408 2256 quid
2442 2197 2584 2242 esset
2628 2190 2741 2242 veri
2787 2199 2842 2243 et
2880 2205 2977 2259 per
3002 2199 3270 2245 tormenta
3298 2208 3561 2261 quarere.
3598 2194 3704 2249 Scd

2124 2279 2267 2332 nihil
2292 2279 2439 2333 aliud
2478 2280 2686 2345 inveni,
2716 2297 2881 2350 quam
2918 2281 3361 2350 superstitionem
3400 2298 3621 2351 pravam
3651 2294 3705 2340 et

2122 2371 2473 2427 immodicam
2507 2391 2518 2426 :
2566 2374 2796 2444 ideoque
2842 2375 3010 2430 dilata
3046 2375 3357 2446 cegnitione
3400 2376 3467 2430 ad
3495 2392 3701 2433 consu-

2120 2458 2342 2517 lendum
2378 2475 2426 2518 te
2447 2465 2684 2519 decurri.

2192 2555 2323 2612 Visa
2355 2567 2437 2613 est
2459 2560 2605 2612 enim
2638 2559 2772 2612 mihi
2802 2574 2890 2613 res
2915 2559 3077 2630 digna
3119 2559 3547 2628 consultatione,
3581 2577 3699 2616 ma-

2122 2649 2267 2704 xime
2310 2663 2534 2721 propter
2556 2651 2984 2721 periclitantium
3016 2669 3325 2708 numerum.
3362 2654 3512 2709 Multi
3553 2656 3702 2710 enim

2119 2740 2299 2798 omnis
2329 2743 2528 2808 aetatis,
2565 2744 2745 2799 omnis
2778 2744 3011 2810 ordinis,
3034 2745 3324 2815 utriusque
3348 2762 3511 2801 sexus
3536 2746 3699 2801 etiam

2120 2843 2386 2888 vocantur
2417 2834 2473 2888 in
2507 2835 2833 2904 periculum,
2867 2843 2921 2888 et
2947 2836 3311 2892 vocabuntur.
3338 2836 3525 2909 Neque
3553 2840 3701 2893 enim

2120 2929 2369 2984 civitates
2390 2938 2625 2993 tantum,
2660 2930 2753 2983 sed
2776 2931 2927 2984 vicos
2947 2931 3111 2984 etiam
3137 2940 3301 3001 atque
3325 2948 3484 3002 agros
3512 2949 3701 3003 super-

2120 3022 2359 3078 stitionis
2386 3022 2548 3077 istius
2586 3023 2840 3091 contagio
2873 3010 3165 3093 pervagata
3197 3030 3300 3088 est,
3336 3041 3457 3094 quae
3488 3026 3702 3080 videtur

2118 3116 2237 3170 sisti
2272 3124 2325 3170 et
2358 3115 2559 3186 corrigi
2597 3129 2780 3184 posse.
2830 3112 2992 3169 Certe
3041 3115 3175 3170 satis
3237 3127 3482 3184 constat,
3532 3133 3701 3188 prope

2114 3206 2226 3276 jam
2253 3206 2496 3261 desolata
2529 3206 2729 3275 templa
2753 3207 2985 3276 coepisse
3011 3207 3277 3261 celebrari
3301 3248 3315 3272 ,
3340 3216 3394 3261 et
3422 3224 3576 3262 sacra
3610 3225 3701 3263 so-

2117 3299 2319 3353 lemnia
2345 3300 2437 3353 diu
2478 3298 2794 3353 intermissa
2842 3300 3034 3368 repeti,
3066 3299 3382 3369 passimque
3412 3301 3595 3353 venire
3620 3301 3701 3354 vi-

436 3387 640 3456 putavi.
667 3388 773 3441 Alii
800 3389 869 3442 ab
904 3388 1083 3444 indice
1111 3390 1401 3454 nominati,
1426 3405 1548 3445 esse
1578 3405 1637 3445 se
1666 3389 2011 3444 Christianos
2042 3416 2084 3472 ρ
2119 3394 2317 3445 ctimas
2342 3408 2355 3455 ;
2385 3406 2618 3459 quarum
2654 3392 2835 3444 adhuc
2861 3391 3175 3444 rarissimus
3219 3400 3430 3459 emptor
3457 3390 3699 3445 invenie-

436 3479 712 3543 dixerunt,
755 3489 810 3533 et
861 3495 989 3534 mox
1025 3490 1397 3551 negaverunt;
1427 3480 1597 3536 fuisse
1640 3482 1882 3551 quidem,
1918 3481 2011 3534 sed

436 3572 685 3639 desiisse,
728 3573 947 3643 quidam
980 3583 1106 3629 ante
1137 3575 1457 3640 triennium,
1485 3575 1708 3645 quidam
1734 3584 1857 3629 ante
1883 3575 2007 3643 plu-

2122 3481 2298 3535 batur.
2325 3479 2403 3534 Ex
2435 3496 2548 3549 quo
2591 3480 2750 3534 facile
2800 3492 2883 3535 est
2913 3482 3148 3549 opinari,
3181 3496 3303 3550 qua:
3335 3481 3490 3535 turba
3520 3482 3700 3535 homi-

2122 3589 2252 3627 num
2281 3571 2561 3627 emendari
2602 3572 2812 3641 possit,
2847 3572 2893 3627 si
2924 3573 2996 3627 sit
3024 3572 3353 3641 ptenitentiaa
3379 3572 3552 3627 locus.

1232 3922 1485 4003 Trajani
1530 3922 1969 4001 imperatoris,
2006 3921 2084 3985 de
2120 3915 2525 3992 Christianis,
2558 3919 2986 3997 Rescriptum.

491 4088 759 4159 Trajanus
774 4088 949 4142 Plinio
978 4086 1035 4141 S.
1053 4085 1249 4142 Actum
1271 4102 1432 4156 quem
1447 4086 1704 4151 debuisti,
1720 4086 1793 4140 mi
1815 4085 2016 4139 Secun-

434 4183 532 4247 de,
561 4183 613 4235 in
641 4180 982 4236 excutiendis
1015 4179 1197 4233 causis
1219 4171 1851 4248 eorum,quiChristiani
1871 4176 1938 4230 ad
1964 4185 2015 4230 te

433 4274 595 4328 delati
625 4273 859 4338 fuerant,
882 4281 1102 4327 secutus
1130 4286 1209 4325 es.
1240 4268 1421 4340 Neque
1450 4270 1593 4324 enim
1620 4270 1671 4322 in
1696 4269 2011 4322 universum

433 4363 664 4434 aliquid,
689 4364 833 4434 quod
859 4364 1016 4433 quasi
1038 4373 1243 4417 certam
1271 4362 1499 4415 formam
1519 4361 1735 4425 habeat,
1754 4359 2013 4414 constitui

433 4467 630 4527 potest.
663 4455 1035 4525 Conquirendi
1081 4468 1189 4508 non
1222 4462 1379 4519 sunt;
1414 4452 1460 4507 si
1493 4451 1809 4507 deferantur
1842 4460 1895 4506 et
1924 4466 2013 4504 ar-

2124 4098 2183 4138 se
2221 4082 2596 4139 Christianum
2630 4098 2771 4146 esse,
2809 4082 2969 4152 idque
3008 4081 3187 4150 reipsa
3232 4079 3583 4137 manifestum
3621 4083 3696 4140 fe-

2121 4176 2258 4229 cerit
2330 4176 2419 4246 (id
2457 4185 2542 4251 est
2599 4174 2958 4245 supplicando
2988 4172 3093 4227 diis
3127 4174 3392 4242 nostris),
3440 4177 3694 4242 quamvis

2118 4275 2407 4336 suspectus
2460 4268 2513 4322 in
2567 4266 2899 4337 praeteritum
2941 4264 3127 4331 fuerit,
3170 4265 3384 4319 veniam
3414 4281 3479 4319 ex
3512 4268 3692 4341 paeni-

2118 4360 2284 4413 tentia
2321 4359 2597 4429 impetret.
2626 4359 2753 4413 Sine
2788 4366 3012 4412 auctore
3039 4372 3168 4411 vero
3197 4358 3464 4426 prepositi
3498 4359 3689 4425 libelli,

2117 4452 2266 4505 nullo
2289 4453 2521 4507 crimine
2545 4452 2725 4508 locum
2752 4452 2955 4505 habere
2987 4451 3204 4505 debent.
3230 4448 3365 4504 Nam
3395 4460 3448 4506 et
3469 4452 3690 4521 pessimi

433 4560 666 4620 guautur
686 4590 702 4614 ,
734 4548 995 4619 puniendi
1021 4556 1150 4602 sunt
1177 4566 1188 4600 :
1221 4547 1294 4601 ita
1327 4554 1509 4601 tamen
1532 4553 1591 4599 ut
1616 4544 1709 4615 qui
1738 4544 2016 4615 negaverit
2046 4538 2090 4593 D
2122 4544 2376 4614 exempli,
2402 4561 2500 4600 nec
2534 4545 2703 4601 nostri
2728 4541 2913 4599 sarculi
2941 4551 3039 4596 est.

430 4860 539 4929 jam
568 4873 719 4912 mors
748 4859 911 4911 etiam
943 4856 1047 4911 fuit
1090 4855 1702 4929 multorumbonorum
1748 4854 2007 4929 concilia-

434 4924 577 4995 trix;
610 4949 627 4980 ι
681 4930 810 4997 quia
869 4930 1013 4991 hoc,
1054 4928 1336 4997 nimirum,
1372 4926 1665 4997 decretum
1738 4924 2013 4997 mitiorem

432 4992 714 5056 effecisset
743 4999 1174 5067 persecutionem
1199 5039 1212 5060 ,
1242 4995 1338 5067 Δἰξὸν
1356 4994 1603 5067 ῥιωγμὸν
1626 4992 2010 5065 μετριώτερον,

436 5082 497 5126 ut
544 5072 595 5123 in
648 5064 882 5139 Trajani
901 5068 1126 5139 historia
1170 5064 1329 5139 habet
1356 5064 1616 5139 Zonaras.
1732 5064 1737 5065 ⁷
2003 5114 2010 5121 ,

506 5140 619 5195 Sub
651 5134 809 5194 tertio
842 5137 1063 5205 Trajani
1096 5136 1404 5201 consulatu,
1440 5134 1620 5205 quiiin
1645 5149 1849 5205 annum
1882 5148 2005 5187 terte

434 5211 760 5266 Christianae
800 5203 989 5263 incidit
1023 5206 1407 5269 centesimum,
1432 5203 1493 5258 C.
1531 5204 1767 5257 Plinium
1796 5203 2003 5258 Kalen-

432 5283 520 5336 dis
591 5280 1007 5361 Septembribus
1054 5278 1417 5361 consulatum“
1457 5290 1616 5356 suum
1651 5274 2001 5361 lipn'orarium

435 5353 644 5417 iniisse,
667 5344 725 5403 in
755 5351 1056 5420 primorum
1078 5361 1348 5420 anulorum
1375 5344 1595 5420 Tr_ajani
1625 5344 1818 5420 tabella
1841 5344 2004 5397 chr0-

434 5415 685 5491 nologiCa
715 5415 827 5490 jam
859 5418 1259 5491 indicavimus;
1289 5428 1399 5491 quo
1446 5416 1565 5491 ipso
1594 5415 1757 5491 e_tiat_n
1783 5427 1927 5467 anno
1948 5423 2002 5491 et

434 5492 521 5562 die
569 5483 835 5562 insignem
865 5490 1041 5562 _illum
1076 5483 1457 5562 panegyricum
1495 5484 1562 5538 ad
1599 5483 1999 5562 Trajanumnab

434 5561 552 5630 ipso
587 5554 756 5615 fuisse
788 5554 1144 5619 habitum,in
1173 5554 1419 5625 ejusdem
1449 5564 1775 5630 argumento
1803 5554 2002 5630 conlir-

434 5624 549 5685 mat
579 5631 816 5701 Lipsius.
847 5630 961 5701 Sub
991 5624 1213 5701 quarto:
1235 5637 1415 5680 tamen
1435 5624 1672 5701 _Trajani
1712 5624 2000 5701 consulatu

437 5693 663 5755 l'actunf
698 5700 803 5754 hoc
853 5700 967 5753 vult
1008 5693 1320 5752 Batonius:
1356 5696 1449 5766 qui
1493 5693 1720 5766 etauuo
1750 5693 2003 5766 proximo

434 5771 671 5825 Plinium
696 5769 1031 5841 provi_nciam
1059 5764 1901 5841 suscepisseadministrandam,
1921 5772 2003 5815 at-

434 5858 540 5911 que
574 5842 673 5897 has
697 5833 777 5895 'ad
832 5838 1131 5910 Trajanum
1166 5833 1376 5893 lit—teras
1420 5836 1636 5892 dedisse
1685 5833 1999 5900 existimat;

2121 4850 2355 4920 indeque
2381 4867 2399 4898 «
2443 4847 2643 4920 erroris
2684 4842 2933 4920 redargui
2964 4843 3087 4910 jure
3134 4858 3296 4920 posse
3326 4862 3344 4894 ι
3389 4838 3687 4920 Eusebium

2120 4921 2222 4977 sibi
2251 4911 2419 4974 videri
2449 4917 2717 4989 significat
2738 4911 2927 4989 ,_apud
2959 4927 3120 4989 quem
3158 4916 3347 4989 positae
3381 4927 3459 4965 ea:
3484 4911 3687 4989 fuerint

2121 5009 2266 5046 anno
2293 5010 2312 5041 ί
2347 4982 2636 5043 undecimo
2676 5003 2692 5034 ι
2735 4984 2977 5051 ejusdem
3014 4982 3384 5051 imperatoris,
3422 4982 3503 5035 vel
3541 4999 3560 5033 ε
3584 4983 3683 5037 de-

2111 5064 2305 5117 cimo»
2368 5058 2586 5127 potius,
2643 5064 2812 5127 ιιι-εκ
2870 5050 3683 5127 _emendatioribus_lﬂusebiani

2111 5120 2673 5188 Chronici'codicibus
2700 5122 2968 5191 Iosephus
3003 5121 3245 5189 Scaliger
3272 5122 3458 5175 edidit.
3490 5120 3685 5175 Videa.

2111 5214 2199 5256 tur
2229 5204 2342 5271 ipse
2373 5199 2661 5271 Barouius,
2690 5196 2987 5271 adannum
3007 5192 3348 5271 Christilt‘M:
3377 5193 3552 5271 (num.
3579 5192 3685 5271 fet

2110 5275 2190 5341 5),
2225 5259 2387 5341 quem
2417 5284 2537 5322 terte
2572 5266 2900 5341 Christiana:
2930 5261 3167 5341 vulgaris
3209 5259 3393 5341 «eam
3422 5259 3683 5341 Chronico

2110 5331 2209 5397 suo
2245 5331 2396 5395 'rccte
2426 5345 2677 5391 numerat
2708 5334 2769 5386 D.
2806 5333 3090 5397 Petavius;
3117 5331 3240 5385 licet
3262 5332 3327 5385 ad
3354 5346 3478 5384 eum
3511 5332 3684 5385 histo-

2110 5414 2245 5467 riam
2278 5412 2418 5465 hane
2460 5423 2567 5461 non
2615 5414 2763 5461 recte
2794 5404 3012 5458 referat.
3047 5402 3222 5466 Quam
3271 5402 3502 5453 infirmis
3535 5402 3680 5455 enim

2106 5482 2434 5543 Baroniana,
2471 5493 2636 5547 quam
2692 5476 2781 5529 ille
2806 5482 3024 5547 sec_utu_s_
3047 5480 3164 5547 est,
3201 5471 3468 5547 sententia
3495 5471 3680 5547 innixa

2108 5555 2274 5606 fuerit
2334 5540 2707 5605 fundamentis
2731 5587 2745 5611 ,
2782 5559 2833 5619 _a
2876 5543 2935 5597 P.
2984 5542 3255 5619 liallqixip
3288 5541 3538 5619 pluribus
3564 5540 3679 5619 jam

2108 5624 2311 5692 pridem
2336 5610 2744 5692 est‘_ostensum,
2772 5614 2961 5667 Natat.
2982 5614 3038 5665 in
3072 5611 3176 5666 Vit.
3206 5610 3567 5682 lgnatii,cap.
3591 5611 3677 5677 M,

2106 5689 2301 5763 quaast.
2332 5689 2624 5765 1._Uss§n.
2826 5754 2837 5765 .

2180 5765 2292 5835 (‘26)
2332 5760 2473 5816 Plin.
2511 5760 2604 5814 lib.
2661 5773 2715 5822 ι,
2756 5754 2913 5824 epist,
2943 5752 3034 5806 97,
