4142 6390
485 331 590 387 995

1708 333 1764 385 S.
1807 330 2267 387 POLYCARPUS
2307 329 2615 386 MARTYR.

3655 341 3759 396 996

1244 502 1628 564 Tertulliani
1680 502 1758 563 dc
1817 503 1936 564 hoc
1992 503 2244 582 Trajani
2280 505 2613 580 Resct-npto
2659 501 2998 565 sententia.

555 665 775 722 Plinius
802 665 1122 732 Secundus,
1153 683 1278 723 cum
1307 668 1644 738 provinciam
1678 676 1907 735 regeret,
1931 667 2078 720 dam-
2105 673 2153 729 Α
2183 668 2479 736 quirendos
2539 679 2598 722 ut
2661 669 2979 724 innocentes
3006 707 3020 733 ,
3077 675 3131 723 et
3173 668 3400 723 mandat
3444 669 3753 738 puniendos

482 761 630 815 natis
680 759 1009 830 quibusdam
1067 759 1433 825 Christianis,
1495 761 1824 832 quibusdam
1891 761 2066 832 gradu

481 851 676 922 pulsis,
735 853 854 921 ipsa
899 862 1079 906 tamen
1117 853 1467 907 multitudine
1511 852 1886 922 perturbatus,
1936 852 2067 922 quid

480 943 547 996 de
569 951 766 997 caetero
795 953 979 1012 ageret
1013 944 1293 999 consuluit
1323 954 1455 999 tunc
1489 943 1790 1014 Trajanum
1831 944 2068 1013 impera-

481 1045 657 1088 torem
683 1053 694 1087 :
730 1034 995 1104 allegans,
1026 1045 1224 1105 praztcr
1256 1036 1681 1091 obstinationem
1715 1051 1824 1090 non
1855 1035 2068 1089 sacrifi-

479 1127 662 1191 candi,
693 1127 830 1180 nihil
875 1128 1021 1182 aliud
1075 1144 1134 1182 se
1162 1128 1230 1183 de
1263 1129 1630 1184 sacramentis
1676 1143 1868 1183 eorum
1912 1142 2064 1182 com-

478 1220 708 1289 perisse,
771 1235 935 1289 quam
1000 1228 1179 1274 coetus
1238 1219 1598 1273 antelucanos
1644 1218 1712 1272 ad
1757 1217 2059 1272 canendam

476 1313 718 1379 Christo,
770 1321 829 1366 ut
874 1311 1019 1378 Deo,
1055 1320 1109 1366 et
1166 1310 1234 1365 ad
1287 1310 1773 1366 confmderandum
1821 1309 2063 1378 discipli-

479 1421 631 1470 nam,
662 1405 1050 1472 homicidium,
1087 1404 1445 1469 adulterium,
1479 1402 1751 1468 fraudem,
1777 1403 2059 1473 perﬁdiam

475 1507 530 1551 ct
565 1506 760 1552 caetera
797 1499 1002 1552 scelera
1041 1497 1412 1566 prohibentes.
1457 1495 1614 1550 Tunc
1658 1495 1930 1566 Trajanus
1978 1511 2064 1550 re-

477 1589 719 1658 scripsit.
749 1589 852 1644 hoc
897 1604 1071 1658 genus
1106 1588 1465 1658 inquirendos
1498 1587 1722 1659 quidem
1765 1602 1873 1642 non
1907 1601 2058 1653 esse;

477 1682 692 1736 oblatos
722 1698 852 1735 vero
883 1683 1066 1751 puniri
1101 1691 1378 1751 oportere.

547 1773 592 1829 0
639 1775 967 1830 sententiam
1019 1775 1347 1829 necessitate
1396 1772 1719 1829 confusam!
1763 1771 1935 1843 Negat
1971 1774 2052 1826 in-

2175 768 2236 812 ut
2272 769 2556 814 nocentes.
2593 758 2780 816 Parcit
2825 769 2878 816 et
2920 765 3073 816 saavlt
3108 779 3121 814 :
3151 760 3463 815 dissimulat
3498 771 3551 815 et
3573 766 3753 815 anim-

2185 851 2438 905 advertit.
2491 849 2634 917 Quid
2677 852 3029 922 temetipsum
3074 867 3308 908 censura
3345 851 3756 906 circumvenis?

2178 943 2236 997 Si
2271 944 2522 1009 damnas,
2556 960 2656 998 cur
2677 961 2783 999 non
2817 955 2871 1000 et
2903 945 3182 1015 inquiris?
3234 944 3291 999 Si
3329 960 3440 998 non
3479 944 3745 1014 inquiris,

2176 1051 2276 1090 cur
2292 1051 2402 1091 non
2418 1045 2472 1090 et
2493 1036 2769 1091 absolvis?
2787 1035 3120 1092 Latronibus
3153 1037 3490 1106 vestigandis
3509 1052 3606 1104 per
3629 1037 3750 1089 uni-

2151 1144 2367 1200 versas
2394 1129 2705 1197 provincias
2741 1130 2999 1185 militaris
3024 1131 3192 1184 statio
3235 1129 3465 1184 sortitur
3495 1148 3508 1182 :
3537 1130 3591 1183 in
3624 1145 3747 1184 reos

2172 1221 2477 1291 majestatis
2507 1230 2561 1276 et
2583 1222 2835 1290 publicos
2852 1223 3038 1278 hostes
3057 1223 3237 1276 omnis
3254 1223 3420 1276 homo
3445 1221 3604 1276 miles
3627 1230 3744 1284 est;

2167 1315 2235 1368 ad
2259 1315 2460 1378 socios,
2490 1314 2557 1368 ad
2590 1313 2843 1369 conscios
2877 1329 3052 1384 usque
3083 1314 3370 1384 inquisitio
3401 1314 3740 1368 extenditur.

2172 1404 2360 1459 Solum
2401 1405 2776 1460 Christianum
2806 1405 3010 1475 inquiri
3041 1420 3150 1460 non
3186 1403 3334 1471 licet,
3365 1403 3548 1459 oﬂ‘erri
3580 1403 3740 1460 licet.

2169 1495 2327 1565 quasi
2376 1495 2523 1551 aliud
2562 1504 2752 1550 actura
2793 1505 2940 1551 esset
2969 1496 3277 1567 inquisitio,
3307 1511 3473 1566 quam
3511 1496 3737 1550 oblatio.

2167 1588 2453 1645 Damnatis
2482 1605 2613 1660 ergo
2645 1589 2922 1656 oblatum,
2957 1605 3120 1660 quem
3151 1604 3315 1644 nemo
3342 1587 3515 1642 voluit
3557 1588 3744 1658 requi-

2162 1681 2326 1737 situm
2351 1699 2366 1747 ;
2401 1682 2680 1752 qui,puto,
2695 1682 2804 1752 jam
2831 1697 2940 1736 non
2969 1682 3092 1736 ideo
3116 1681 3320 1735 meruit
3349 1695 3592 1750 poenam,
3611 1680 3741 1750 quia

2158 1790 2362 1830 nocens
2394 1784 2480 1830 est
2506 1793 2518 1828 :
2546 1775 2638 1830 sed
2664 1774 2824 1844 quia,
2857 1790 2964 1828 non
3001 1773 3395 1844 requirendus,
3422 1774 3694 1829 inventus.

2563 2034 2741 2042 ——_—.

1049 2245 1259 2458 S.
1428 2242 3191 2458 POLYCABPUS

1813 2643 2421 2758 MARTYR

846 2938 2241 3097 SMYRN/EORUM
2351 2941 3385 3101 EPISCOPUS

1546 3411 2712 3541 PROLEGOMENA

1119 3830 1354 3894 (Ηεινειε,
1384 3806 1593 3880 Patrum
1631 3828 2009 3892 apostolicorum
2050 3840 2054 3867 ι

2157 3837 2228 3885 ra,
2264 3825 2343 3872 ed.
2373 3825 2418 3883 5,
2445 3822 2683 3885 Tubingaa
2711 3820 2850 3881 1847,
2876 3821 3045 3883 in-8°.)

1213 4115 1360 4203 DE
1425 4115 2016 4209 EPISTOLA
2069 4121 2164 4210 S.
2241 4116 2964 4211 POLYCARPI.

533 4329 572 4384 l.
613 4328 689 4384 De
711 4327 906 4397 patria,
939 4341 1157 4398 genere,
1188 4325 1310 4381 loco
1354 4343 1419 4383 ac
1457 4339 1700 4399 tempore
1742 4332 2040 4388 nativitatis

2149 4333 2242 4386 καὶ
2274 4332 2560 4404 ὑπηρετῶν
2594 4332 2685 4385 τοῦ
2720 4331 2925 4402 Κυρίου
2947 4370 2961 4396 ,
3008 4330 3106 4402 τὴν
3139 4329 3440 4402 ἐπισκοπὴν
3487 4332 3739 4409 ὲγκεχειέ

465 4423 522 4477 S.
550 4421 831 4494 l’olycarpi
862 4421 996 4474 nihil
1022 4429 1359 4489 compertum
1389 4421 1669 4478 habemus.
1707 4422 1838 4489 Quae
1857 4434 2038 4480 autem
2070 4445 2118 4506 Β
2151 4425 2424 4497 ρισμένος.
2492 4423 2623 4493 Ejus
2689 4435 2867 4477 tamen
2916 4421 3178 4478 Ecclesiae
3230 4424 3606 4493 episcopatum
3657 4425 3727 4478 ab

461 4518 529 4571 de
551 4515 842 4585 apostolici
875 4513 1039 4583 hujus
1067 4512 1168 4566 viri
1197 4513 1307 4567 vita
1344 4515 1410 4569 ad
1442 4531 1542 4569 nos
1565 4526 1948 4584 pervenerunt,
1979 4533 2045 4572 ca

461 4607 781 4663 Gallandius
817 4606 956 4660 bene
988 4605 1264 4675 congessit
1304 4605 1402 4676 (Ι).
1452 4626 1470 4657 ι
1507 4607 1588 4661 Ab
1622 4610 1883 4678 apostolis
1917 4625 2042 4664 eum

459 4705 736 4767 edoctum,
770 4710 824 4756 et
857 4716 983 4756 cum
1021 4702 1230 4766 multis,
1278 4701 1370 4770 qui
1416 4699 1709 4754 Dominum
1771 4703 2038 4768 viderant,

463 4796 804 4852 familiariter
836 4804 1112 4849 versatum
1137 4809 1258 4848 esse
1282 4801 1510 4848 testatur
1531 4793 1766 4849 lrcnzeus
1799 4795 1900 4866 (‘2),
1923 4795 2042 4864 ejus
2093 4861 2103 4871 ⁸

463 4887 789 4958 discipulus,
811 4887 897 4940 his
919 4885 1130 4939 verbis:
1156 4886 1265 4938 Kal.
1298 4885 1656 4956 Πολύκαρπος
1681 4886 1784 4938 ὑπὸ
1811 4886 2044 4939 ἀποστό-

459 4978 564 5031 λων
589 4976 968 5048 μαθητευθεὶς,
990 4975 1083 5028 καὶ
1106 4974 1569 5044 συναναστραφεὶς
1589 4973 1802 5037 πολλοῖς
1816 4977 1928 5037 τοῖς
1949 4973 2040 5026 τὸν

458 5069 692 5142 Χριστὸν
727 5067 1047 5138 ἑωρακόσιν.
1086 5065 1352 5136 Deinceps
1383 5064 1788 5136 Stnyrnaiorum
1824 5065 2039 5135 episco-

457 5177 586 5231 pum
618 5160 686 5213 ab
717 5159 852 5228 ipsis
882 5156 1246 5210 familiaribus
1265 5171 1328 5210 ac
1360 5155 1630 5209 ministris
1658 5153 1876 5208 Domini
1908 5169 2041 5208 con-

457 5255 733 5316 stitutum,
789 5257 914 5319 post
943 5249 1203 5303 Irenaeum
1246 5249 1283 5301 l.
1318 5263 1368 5302 c.
1399 5247 1566 5301 tradit
1617 5245 1886 5302 Eusebius
1937 5245 2037 5315 ('5),

456 5346 534 5399 sic
571 5343 844 5403 scribens:
883 5340 1002 5392 Τῶν
1035 5339 1345 5393 ἀποστόλων
1379 5336 1641 5409 ὁμιλητὴς
1661 5335 2034 5408 Πολύκαρπος,

452 5439 553 5503 sit:
589 5435 731 5492 κατὰ
781 5433 1030 5505 Σμύρναν
1054 5431 1379 5502 Ἐκκλησίας
1413 5431 1548 5501 πρὸς
1593 5427 1702 5481 τῶν
1753 5427 2035 5480 αὐτοπτῶν

526 5619 602 5682 ιι)
639 5615 782 5668 Bibl.
814 5624 912 5667 vel.
943 5611 1081 5676 PP.,
1124 5621 1162 5666 t.
1194 5610 1236 5677 l,
1267 5609 1508 5682 Profleg"
1544 5626 1767 5682 ρηιιιιιι
1806 5626 1887 5680 sq.

527 5689 602 5742 '2)
656 5686 781 5738 Adv.
808 5685 936 5738 Iuer.
970 5699 1052 5744 ιιι,
1083 5683 1137 5738 ὅ,
1166 5682 1322 5753 Apud
1345 5681 1544 5737 Euseb.
1582 5681 1655 5736 H.
1683 5681 1773 5748 E.,
1796 5697 1846 5735 Iv
1907 5681 1991 5734 Η.

527 5760 602 5825 (ἵν)
648 5757 714 5807 ιι.
754 5754 840 5821 Ε.,
874 5769 956 5818 ιιι,
985 5753 1072 5807 56.

2147 4515 2358 4572 Joanne
2383 4515 2634 4585 apostolo
2664 4514 2844 4583 ipsum
2890 4514 3167 4583 accepisse
3187 4556 3201 4580 ,
3229 4515 3410 4583 prodit
3435 4513 3727 4568 Tertullia-

2146 4627 2252 4666 nus
2288 4611 2394 4681 (4):
2432 4609 2612 4662 Edant
2649 4623 2808 4677 ergo,
2852 4607 3056 4677 inquit,
3092 4608 3318 4677 origines
3363 4607 3725 4662 Ecclesiarum

2145 4719 2398 4765 suarum;
2421 4700 2658 4754 evolvant
2691 4700 2926 4753 ordinem
2951 4700 3313 4770 episcoporum
3352 4717 3599 4766 suorum,
3645 4705 3725 4754 ila

2143 4812 2236 4866 per
2262 4793 2614 4848 successiones
2640 4793 2704 4846 ab
2738 4793 2892 4846 initio
2917 4792 3300 4859 decurrentem,
3333 4803 3388 4845 ut
3417 4793 3618 4861 primus
3635 4792 3726 4846 ille

2145 4891 2416 4960 episcopus
2442 4885 2670 4955 aliquem
2699 4900 2764 4938 ea:
2792 4885 3046 4953 apostolis
3089 4885 3167 4939 vel
3214 4885 3522 4954 apostolicis
3569 4885 3722 4948 viris,

2142 4978 2234 5048 qui
2281 4986 2453 5030 tamen
2498 4991 2618 5028 cum
2648 4975 2901 5044 apostolis
2953 4975 3438 5039 perseveraverint,
3482 4974 3725 5027 habuerit

2142 5077 2408 5122 auctorem
2437 5076 2486 5118 et
2521 5074 2901 5118 antecessorem
2919 5104 2930 5116 .
2956 5105 2968 5118 .
2990 5105 3003 5118 .
3029 5065 3165 5118 sicut
3198 5064 3594 5134 Smyrnworum
3621 5064 3725 5116 Ec-

2142 5161 2301 5214 clesia
2326 5158 2683 5228 Polycarpum
2714 5159 2778 5211 ab
2802 5157 3010 5212 Joanne
3052 5158 3368 5212 collocatum
3400 5158 3580 5226 refert.
3612 5157 3721 5212 Nc-

2141 5267 2247 5321 que
2275 5251 2432 5304 aliter
2464 5265 2594 5303 sane
2614 5247 2978 5318 Hieronymus
3007 5249 3082 5318 (5)
3108 5265 3120 5298 :
3146 5247 3475 5318 Polgcarpus
3495 5291 3510 5317 ,
3545 5247 3720 5302 Joan-

2141 5347 2222 5396 nis
2258 5341 2482 5412 apostoli
2509 5341 2839 5411 discipulus,
2881 5349 2930 5394 et
2969 5341 3033 5394 ab
3071 5357 3129 5394 eo
3169 5340 3409 5412 Smyrna:
3445 5343 3719 5413 episcopus

2139 5434 2438 5489 ordinatus.

2214 5616 2289 5702 (ξ)
2334 5614 2756 5702 tlte‘prwscript”
2780 5628 2830 5666 c.
2849 5611 2946 5702 '32.

2331 5681 2505 5739 Catal.
2541 5681 2725 5754 script.
2755 5682 2905 5752 eccl.,
2941 5698 2991 5738 c.
3021 5681 3106 5738 17.
