4142 6382
375 335 477 390 997

377 634 473 686 site
503 631 766 684 tribuitur
793 669 808 693 ,
846 627 912 682 ad
945 627 1306 696 Polycarpum
1338 633 1586 676 nostrum
1621 622 1692 676 sit
1717 620 1958 675 referen-

377 727 531 785 dum,
559 723 683 792 jure
711 721 1049 782 dubitamus,
1087 732 1210 772 cum
1235 731 1335 769 nec
1367 729 1544 768 annus
1573 713 1869 768 nativitatis
1895 711 1952 766 8.

378 813 688 886 Polycarpi,
725 827 824 866 nec
850 820 1087 878 tempus,
1115 824 1223 877 quo
1263 805 1616 876 Apocalypsis
1645 803 1957 872 conscripta

378 917 481 966 est,
519 903 677 957 nobis
709 903 867 972 plane
893 899 1211 954 innotuerit.

377 1049 382 1052 ,
457 1016 475 1048 ‹
508 996 640 1066 Ejus
669 1006 849 1049 autem
885 991 1055 1048 animi
1087 999 1142 1045 et
1176 987 1422 1059 corporis
1452 988 1608 1041 dotes
1629 1025 1643 1049 ,
1677 985 1956 1054 pietatem,

381 1089 710 1149 doctrinam,
743 1101 959 1139 morum
978 1083 1298 1154 gravitatem
1316 1094 1500 1135 coram
1522 1087 1816 1147 spectatus,
1842 1091 1960 1145 gra-

380 1182 540 1249 phice
556 1179 798 1248 depingit
828 1176 1065 1230 lrenaaus
1088 1173 1189 1242 (6),
1212 1173 1298 1227 his
1321 1171 1502 1225 verbis
1527 1168 1807 1221 Florinum
1833 1167 1963 1220 allo-

381 1281 574 1326 cutus:
627 1268 742 1322 Vidi
773 1277 840 1330 te,
873 1283 993 1320 cum
1014 1264 1185 1318 adhuc
1214 1280 1341 1332 puer
1362 1277 1564 1324 essem,
1609 1261 1664 1312 in
1713 1258 1961 1328 inferiore

381 1363 510 1416 Asia
541 1361 680 1430 apud
706 1354 1369 1428 Polycarpum,splendide
1391 1362 1630 1421 agentem
1653 1351 1707 1402 in
1738 1349 1960 1419 palatio,

380 1467 430 1510 et
449 1469 759 1524 magnopere
788 1451 1136 1510 laborantem.
1175 1457 1231 1500 ut
1263 1456 1310 1499 te
1343 1445 1426 1498 illi
1454 1443 1790 1513 approbares.
1861 1440 1961 1493 Et-

380 1547 518 1598 enim
531 1563 593 1598 ea
617 1560 734 1614 quae
750 1552 872 1596 tunc
895 1540 1142 1610 temporis
1165 1548 1311 1608 gesta
1333 1544 1475 1598 sunt,
1501 1534 1687 1587 melius
1711 1532 1965 1586 memoria

385 1647 738 1706 teneohquam
766 1633 863 1686 illa
899 1649 1014 1702 qua:
1045 1647 1209 1698 nuper
1241 1627 1578 1690 acciderunt;
1600 1665 1614 1678 .
1644 1665 1656 1677 .
1689 1665 1702 1678 .
1742 1625 1870 1678 adeo
1906 1632 1962 1675 ut

381 1737 431 1780 et
456 1728 627 1779 locum
660 1727 831 1794 ipsum
866 1724 1070 1793 possim
1087 1722 1258 1774 dicere
1286 1721 1339 1773 in
1376 1734 1477 1789 quo
1502 1717 1683 1770 beatus
1707 1714 1965 1784 Polycar—

1289 321 1820 380 PROLEGOMENA.
1859 351 1920 360 -—
1964 319 1999 371 Ι.
2042 317 2130 371 DE
2165 315 2383 370 EPIST.
2429 313 2487 369 8.
2526 312 2928 368 POLYCARPI.

380 479 382 488 ε
448 450 587 507 Num
624 448 943 520 praeclarum
970 447 1098 501 illud
1125 444 1518 505 testimonium,
1543 442 1688 512 quod
1719 443 1771 495 in
1803 442 1948 510 Apo-
1981 448 2022 502 Β

285 571 293 581 -
377 543 583 612 calypsi
614 539 844 595 Joannis
891 539 992 609 (ιι,
1020 538 1075 603 8,
1112 538 1224 605 11),
1261 535 1457 605 Angela
1490 534 1730 604 Smyrna:
1775 533 1956 587 Eccle-

3531 313 3637 369 998

2125 437 2352 491 Mortem
2405 434 2462 488 S.
2516 433 2801 506 Polycarpi
2839 433 2972 487 Acta
3019 433 3266 503 martyrii
3306 431 3427 502 ejus
3479 433 3642 488 nobis

2062 531 2304 584 tradunt.
2331 528 2450 594 Quo
2465 535 2644 581 autem
2681 542 2824 581 anno
2855 525 3051 594 praesul
3077 525 3318 593 optimus
3338 541 3368 580 e
3390 527 3496 580 vita
3524 527 3642 583 dis-

2066 622 2328 686 cesserit,
2385 621 2528 674 inter
2566 619 2759 674 doctos
2795 626 2850 673 et
2893 633 3077 671 rerum
3128 617 3641 683 chronologicarum

2060 713 2354 782 magistros
2385 711 2715 781 disputatur.
2734 710 3096 781 Polycarpum
3125 725 3270 764 anno
3298 709 3396 762 147
3415 724 3641 778 passum

2061 821 2184 860 esse
2223 805 2339 858 vult
2367 803 2730 870 Pearsonius,
2777 819 2940 873 quem
2975 815 3281 872 sequuntur
3311 801 3639 866 Dodvvellus,

2061 898 2295 961 Caveus,
2351 894 2663 950 Lardnerus
2712 893 3118 949 etGallandius
3172 895 3272 965 (8).
3327 893 3640 948 Secundum

2064 989 2409 1042 Baraterium
2441 996 2496 1041 et
2530 985 2861 1042 Stierenium
2898 987 2974 1058 (9)
3006 987 3289 1057 Polycarpi
3321 987 3642 1058 martyrium

2061 1079 2252 1134 referri
2285 1079 2445 1134 debet
2476 1077 2541 1132 ad
2576 1093 2778 1132 annum
2806 1079 2899 1132 161
2928 1079 3120 1149 ;juxta
3140 1079 3412 1133 Norisium
3444 1087 3498 1132 et
3528 1077 3644 1132 Til-

2062 1171 2386 1225 lenioutium
2420 1171 2484 1224 ad
2516 1185 2718 1224 annum
2771 1169 2910 1236 166;
2948 1171 3103 1240 juxta
3136 1171 3496 1239 Scaligerum,
3533 1171 3644 1224 Va-

2065 1261 2258 1315 lesium
2287 1301 2302 1326 ,
2338 1259 2678 1314 Gieselerum
2715 1269 2768 1314 et
2798 1259 3132 1322 Ncaudrum,
3163 1259 3230 1312 ad
3272 1275 3473 1312 annum
3506 1258 3641 1323 167ς

2064 1353 2338 1407 Barouius
2361 1352 2618 1422 denique,
2652 1351 2930 1416 Usserius,
2959 1350 3226 1405 Nourrius
3261 1360 3314 1404 et
3346 1351 3460 1417 alii,
3494 1367 3641 1406 anno

2067 1445 2171 1499 169
2191 1444 2552 1515 Polycarpum
2572 1444 2833 1514 martyrio
2851 1451 3172 1498 coronatura
3191 1441 3358 1496 fuisse
3376 1450 3641 1497 statuunt.

2065 1537 2302 1592 Petitum
2357 1536 2403 1590 si
2434 1536 2646 1598 audias,
2682 1535 2964 1606 Polycarpi
2993 1534 3177 1603 passio
3209 1533 3273 1587 ad
3302 1549 3504 1587 annum
3542 1534 3646 1590 175

2065 1630 2328 1698 pertinet;
2370 1627 2675 1697 Basnagius
2704 1628 2759 1681 in
2789 1642 2994 1680 annum
3029 1625 3128 1679 178
3154 1634 3382 1680 mortem
3406 1625 3525 1694 ejus
3557 1641 3648 1680 re-

2062 1721 2184 1790 jicit
2209 1719 2344 1787 (ιο).

380 1833 479 1885 pus
505 1814 686 1868 sedens
720 1811 1047 1874 disserebat;
1089 1825 1358 1879 Ρτοεεδεηε
1403 1822 1606 1876 quoque
1647 1805 1758 1875 ei!“
1793 1813 1842 1859 ει
1881 1807 1966 1859 ἱπ-
1994 1841 2037 1895 B
2137 1811 2200 1866 11.
2241 1830 2258 1862 ι
2287 1810 2471 1880 Neque
2494 1811 2670 1866 solum
2692 1811 2855 1864 verbo
2883 1818 2938 1864 et
2958 1810 3210 1880 exemplo
3235 1826 3450 1880 gregem
3485 1824 3647 1863 suum

384 1921 614 1974 gressus,
646 1905 764 1958 vitae
795 1903 957 1955 totius
987 1901 1213 1970 formam
1247 1909 1294 1952 et
1326 1898 1560 1967 corporis
1584 1897 1835 1966 speciem;
1862 1913 1966 1950 ser-

384 2009 562 2047 mones
588 1992 805 2061 denique
833 2005 962 2060 quos
990 1989 1058 2041 ad
1095 1988 1346 2058 papulum
1371 1987 1614 2052 habebat,
1639 1997 1686 2040 et
1728 1986 1965 2054 familia-

387 2101 495 2140 rem
514 2083 941 2138 consuetudinem
956 2097 1072 2150 qua:
1091 2080 1174 2134 illi
1203 2096 1321 2133 cum
1343 2078 1572 2141 Joanne,
1605 2089 1656 2134 ut
1688 2078 1961 2143 narrabat,

388 2185 580 2228 etcum
611 2173 826 2242 reliquis
855 2173 945 2242 qui
980 2171 1259 2224 Dominum
1289 2173 1458 2240 ipsum
1496 2171 1767 2236 vidissent,
1801 2172 1965 2223 inter-

390 2274 656 2328 cesserat;
691 2272 739 2317 et
777 2262 1005 2332 qualiter
1041 2261 1187 2315 dicta
1227 2261 1444 2315 illorum
1487 2263 1962 2325 commemorabat;

387 2368 435 2409 et
464 2370 780 2425 quiscunque
808 2354 872 2406 de
912 2351 1134 2404 Domino
1159 2351 1222 2403 ab
1249 2351 1434 2404 iisdem
1465 2351 1729 2404 audierat.
1760 2349 1837 2404 De
1860 2351 1963 2403 mi-

387 2445 584 2499 raculis
614 2445 810 2514 quoque
837 2441 984 2496 illius
1014 2458 1076 2494 ac
1102 2443 1164 2495 de
1196 2441 1460 2504 doctrina,
1486 2451 1642 2511 prout
1680 2442 1744 2494 ab
1779 2443 1846 2494 iis
1874 2441 1964 2510 qui

399 2536 622 2591 Verbum
666 2537 786 2589 vita:
827 2535 930 2602 ipsi
951 2542 1358 2602 conspexerant,
1396 2533 1725 2602 Polycarpus
1760 2549 1966 2601 accepe-

388 2640 494 2692 rat,
535 2629 713 2682 eodem
741 2642 958 2696 prorsus
983 2625 1136 2679 modo
1179 2625 1456 2694 referebat,
1497 2626 1553 2678 in
1584 2627 1822 2679 omnibus
1846 2641 1965 2677 cum

390 2719 671 2789 Scriptura
716 2735 870 2772 sacra
903 2718 1247 2770 consentiens.
1275 2714 1549 2772 Hactenus
1578 2715 1836 2780 lrenazus,
1871 2716 1965 2785 qui

387 2821 442 2865 et
468 2811 596 2864 alibi
625 2809 944 2864 summatim
979 2809 1032 2862 in
1078 2809 1326 2863 eamdem
1355 2807 1683 2862 sententiam
1711 2807 1825 2863 haec
1856 2815 1966 2860 tra-

386 2903 465 2956 dit
481 2902 559 2971 (7)
583 2920 595 2955 :
618 2900 721 2955 Sed
747 2909 796 2953 et
823 2898 1152 2968 Polycarpus
1168 2939 1182 2954 .
1206 2936 1222 2952 .
1245 2940 1258 2954 .
1282 2915 1431 2968 quem
1458 2915 1549 2952 nos
1573 2915 1774 2968 quoque
1793 2898 1965 2950 adhuc

389 2993 741 3045 adolescentes
765 2991 992 3044 vidimus
1021 2990 1172 3059 (vixit
1209 2991 1348 3044 enim
1368 2991 1685 3054 diutissime,
1725 2998 1774 3042 et
1801 2990 1855 3041 in
1883 2987 1968 3040 ul—

389 3087 519 3138 tima
547 3094 827 3149 senectute,
852 3099 1060 3137 summa
1088 3098 1205 3136 cum
1235 3082 1407 3152 gloria
1450 3081 1660 3135 illustre
1695 3096 1964 3150 perpessus

2068 1903 2304 1958 instituit
2335 1914 2524 1971 pastor
2545 1902 2807 1971 optimus,
2839 1917 3027 1956 verum
3062 1903 3227 1956 etiam
3273 1903 3491 1970 scriptis
3516 1917 3646 1953 eru-

2065 1993 2199 2047 divit
2221 2009 2379 2048 saera
2404 1993 2653 2048 doctrina
2685 1992 2902 2048 refertis
2928 2034 2942 2058 ,
2985 2003 3148 2062 atque
3186 1994 3304 2046 viro
3345 1993 3648 2064 apostolico

2065 2087 2224 2156 plane
2246 2085 2446 2157 dignis.
2474 2084 2550 2140 Dc
2578 2085 2663 2142 his
2686 2085 2802 2140 haec
2824 2085 2988 2138 habet
3019 2087 3068 2138 in
3095 2086 3324 2154 cpistola
3344 2086 3504 2139 modo
3530 2085 3648 2138 lau-

2064 2179 2190 2232 data
2221 2177 2457 2232 lrenazus
2485 2177 2633 2246 (ll):
2668 2178 2777 2231 Καὶ
2814 2179 2879 2232 ὲκ
2899 2175 3008 2230 τῶν
3041 2177 3340 2230 ἐπιστολῶν
3363 2178 3419 2230 δὲ
3456 2175 3643 2240 αὑτοῦ,

2071 2261 2144 2321 ὧν
2162 2268 2467 2321 ἐπέστειλεν
2490 2269 2609 2338 ἦτοι
2628 2269 2750 2331 ταῖς
2763 2267 3104 2336 γειτνιώσαις
3129 2268 3492 2339 Ἐκκλησίαις,
3528 2271 3649 2322 ἐπι-

2066 2360 2334 2431 στηρίζων
2363 2359 2561 2423 αὐτὰς,
2603 2359 2634 2430 ἢ
2671 2358 2778 2411 τῶν
2811 2358 3053 2427 ἀδελφῶν
3084 2377 3220 2421 τισι,
3256 2360 3522 2413 νουθετῶν
3550 2363 3648 2414 αὖ·

2065 2453 2191 2514 τοὺς
2239 2451 2332 2504 καὶ
2378 2449 2840 2521 προέρεπὸμενος,
2872 2450 3094 2504 δύναται
3129 2453 3528 2523 φανερωθῆναι.
3568 2451 3645 2506 Ex

2066 2543 2236 2597 variis
2262 2552 2442 2596 tamen
2472 2541 2720 2610 epistolis
2747 2540 3156 2612 Polycarpianis
3185 2541 3249 2594 ad
3277 2558 3375 2595 nos
3399 2557 3508 2595 una
3534 2557 3648 2609 per-

2071 2636 2240 2700 venit,
2271 2652 2393 2705 quae
2430 2645 2514 2690 est
2543 2636 2608 2689 ad
2638 2633 3046 2704 Philippeuscs;
3089 2635 3513 2688 luculentissima
3536 2634 3612 2686 sci

2065 2728 2212 2790 licet,
2250 2727 2433 2797 judice
2457 2727 2576 2797 ipso
2602 2726 2806 2780 [remeo
2837 2726 2970 2792 (1‘2),
2998 2741 3060 2778 es:
3082 2743 3206 2794 qua,
3239 2727 3534 2794 quicunque
3561 2741 3648 2776 sa-

2067 2821 2195 2874 lutis
2237 2837 2351 2875 suae
2395 2837 2579 2874 curam
2609 2828 2828 2891 gerunt,
2853 2831 3119 2888 poterunt,
3153 2822 3198 2873 si
3227 2821 3415 2880 volent,
3449 2830 3497 2873 et
3531 2822 3648 2889 for-

2068 2929 2210 2965 mam
2235 2913 2358 2980 ﬁdei
2393 2911 2572 2978 illius,
2607 2921 2657 2966 et
2697 2912 3129 2981 praedicationem
3166 2912 3407 2965 veritatis
3457 2917 3648 2982 cogno-

2068 3006 2395 3069 scere;adeo
2441 3013 2500 3058 ut
2525 3005 2668 3060 haud
2689 3006 2875 3058 mirari
2891 3005 3098 3064 subeat.
3121 3005 3164 3060 si
3190 3007 3330 3074 apud
3363 3005 3648 3074 priiuwvns

2069 3096 2413 3151 Christianos
2437 3104 2588 3150 tanto
2613 3096 2664 3149 in
2707 3097 2884 3165 pretio
2914 3105 2968 3150 et
2999 3097 3205 3151 honore
3246 3096 3408 3150 fuerit
3439 3097 3647 3162 habita,

389 3174 728 3242 martyrium,
761 3173 981 3226 excessit
1005 3189 1031 3226 e
1054 3172 1208 3240 vita),
1231 3188 1294 3226 ea
1320 3187 1521 3237 semper
1550 3171 1727 3224 docuit
1758 3186 1874 3240 qua
1905 3171 1962 3222 ab

2073 3195 2130 3239 ut
2151 3185 2203 3238 in
2237 3185 2411 3240 sacris
2439 3200 2629 3239 eorum
2653 3186 2890 3240 etetihus
2923 3185 3025 3253 legi
3053 3187 3421 3244 consueverit,
3454 3201 3648 3254 quem-

388 3265 644 3336 apostolis
663 3265 949 3328 didicerat,
982 3273 1031 3318 et
1063 3281 1179 3333 qua:
1200 3266 1488 3317 etiamnum
1508 3264 1673 3317 tradit
1705 3261 1964 3327 Ecclesia,

387 3367 435 3409 et
473 3371 590 3425 qua:
627 3355 743 3410 sola
766 3364 887 3408 sunt
909 3371 1046 3408 vera.

466 3467 484 3498 ‹
523 3446 618 3501 llis
649 3454 832 3501 autem
860 3447 1151 3510 enarratis,
1169 3445 1466 3516 paucisque
1489 3445 1808 3515 interjectis,
1835 3445 1965 3500 illud

389 3554 607 3608 quoque
651 3537 820 3592 refert
851 3536 908 3593 8.
939 3536 1102 3592 Pater
1124 3579 1138 3603 ,
1185 3546 1488 3591 memoratu
1541 3537 1765 3606 dignum
1796 3555 1810 3590 :
1848 3535 1968 3606 Ipse

389 3633 529 3683 enim
557 3629 909 3698 Polycarpus,
953 3629 1152 3698 inquit,
1185 3645 1302 3681 cum
1332 3630 1381 3682 ei
1403 3627 1692 3699 aliquando
1725 3628 1967 3682 Marcion

390 3723 703 3776 occurrisset
729 3723 1070 3790 dixissetque,
1091 3721 1452 3788 Ἐπιγίνωσκε
1487 3721 1652 3790 ἡμᾶς·
1677 3720 1964 3788 respondit,

389 3813 770 3882 Ἐπιγινὼσκω
801 3813 894 3866 τὸν
927 3814 1267 3885 πρωτότοκον
1299 3811 1393 3864 τοῦ
1428 3813 1660 3866 Σατανᾶ.
1703 3832 1720 3863 ›

459 3904 586 3960 Haec
613 3904 801 3959 Romae
825 3904 1046 3960 ﬁebant.
1085 3903 1362 3959 Antonino
1390 3905 1534 3958 enim
1586 3905 1886 3973 imperante
1911 3914 1966 3959 et

390 3999 620 4053 Aniceto
650 3995 949 4052 Ecclesiam
999 3997 1353 4068 gubernante,
1390 3996 1446 4050 S.
1489 3995 1818 4067 Polycarpus
1853 3995 1966 4049 Ro-

392 4105 540 4144 mam
565 4097 651 4144 est
679 4088 983 4158 profectus,
1027 4097 1088 4142 ut
1118 4089 1363 4142 diversas
1404 4088 1471 4142 de
1513 4088 1838 4142 celebrando
1865 4086 1965 4141 Pa-

395 4184 580 4239 schate
605 4183 891 4252 opiniones
925 4188 1292 4250 componeret.
1332 4178 1436 4234 Sed
1481 4187 1673 4233 neuter
1697 4179 1872 4242 alteri,
1910 4188 1968 4232 ut

393 4291 424 4329 a
459 4268 614 4329 more
641 4289 741 4330 suo
765 4273 1102 4335 discederet,
1138 4272 1466 4341 persuadere
1497 4271 1692 4340 potuit.
1737 4269 1794 4324 ln
1835 4287 1967 4341 pace

393 4368 579 4438 igitur,
602 4366 820 4420 vinculo
847 4364 1131 4419 charitatis
1152 4363 1376 4417 minime
1406 4371 1598 4432 rupto,
1637 4362 1968 4434 Polycarpus

397 4475 427 4512 a
452 4459 510 4513 S.
537 4459 763 4513 Aniceto
786 4456 1058 4521 discessit,
1087 4464 1370 4525 postquam
1395 4471 1502 4508 non
1527 4471 1754 4524 paucos,
1783 4455 1967 4510 deser-

396 4553 466 4606 tis
504 4549 773 4604 Valentini
820 4556 875 4603 et
922 4547 1217 4602 Marcionis
1249 4547 1549 4613 erroribus,
1577 4548 1643 4602 ad
1673 4547 1970 4603 Ecclesiam
2005 4525 2048 4579 θ

397 4644 714 4698 reduxerat.

471 4761 547 4828 (6)
590 4759 691 4829 Ep.
720 4759 788 4812 ad
824 4757 1032 4812 Florin.
1068 4759 1207 4826 apud
1242 4755 1442 4829 Euseb.
1464 4755 1609 4829 Hist.
1636 4758 1765 4811 eccl.
1804 4775 1856 4823 v,
1879 4759 1969 4812 20.

469 4826 546 4900 (7)
589 4826 722 4900 Adv.
746 4830 875 4882 hwr.
900 4844 982 4893 ιιι,
1005 4829 1214 4900 5,apu_d
1244 4826 1439 4881 Euseb.
1476 4827 1617 4900 Hist.
1638 4829 1762 4900 eccl.
1793 4845 1865 4893 tv,
1887 4830 1972 4884 14.

472 4898 549 4968 (8)
589 4899 843 4953 Biblioth.
893 4912 1120 4952 veterum
1166 4898 1423 4962 Patrum,
1455 4907 1494 4950 t.
1534 4898 1587 4962 l,
1640 4899 1845 4968 Pruleg.
1871 4941 1885 4963 ,
1918 4916 1971 4969 p.

401 4986 466 5025 XC
495 4986 581 5025 δα.

469 4986 935 5107 (3)1.Stiet‘eniusw
939 5034 1159 5107 eberdos
1180 5035 1705 5107 ΤοάεεῙαΙιζΙιιδιιήἊ
1731 5037 1783 5092 d.
1803 5036 1970 5092 Mart.

403 5110 457 5162 in
479 5105 694 5176 illlgenii
727 5105 1038 5176 Zeitschrift
1067 5106 1158 5174 [ἂν
1178 5107 1262 5159 die
1283 5105 1408 5160 hist".
1447 5105 1621 5160 Theol.
1652 5108 1810 5172 1842,
1835 5107 1972 5163 fasc.

333 5187 442 5242 1|,
477 5194 529 5246 p.
559 5175 649 5244 54)
706 5176 928 5244 conjicit
981 5175 1337 5248 P_oly_earp_um
1379 5192 1524 5248 anno
1572 5176 1666 5230 161
1710 5179 1975 5248 martyrio

400 5244 524 5302 esse
556 5256 874 5317 coronatum
899 5286 914 5310 ,
943 5244 1363 5317 quia'Eusebius
1397 5245 1580 5314 (Hist.
1609 5247 1735 5299 eccl.
1764 5244 1974 5317 ηαδ)

403 5317 769 5371 narrationem
796 5316 862 5369 de
887 5315 1145 5384 martyrio
1177 5315 1457 5385 Polycarpi
1494 5332 1616 5371 cum
1651 5318 1758 5369 line
1781 5315 1975 5385 capitis

365 5433 376 5440 .
403 5387 471 5440 14
493 5387 800 5440 arctissimc
828 5385 1110 5452 conjungit
1133 5426 1148 5449 ,
1180 5384 1284 5437 ubi
1305 5387 1373 5439 de
1405 5395 1578 5438 morte
1608 5384 1869 5439 Antonini
1895 5386 1973 5439 Pii

401 5465 453 5524 et
485 5457 551 5510 de
583 5457 737 5510 initio
774 5455 986 5524 imperii
1019 5453 1185 5508 Marci
1217 5455 1416 5508 Aurelii
1443 5455 1605 5508 verba
1638 5453 1856 5511 fecerat.
1886 5457 1968 5510 Cf.

405 5523 667 5594 Tubinger
693 5523 864 5580 tlteol.’
889 5523 1315 5594 Quartalschrift
1348 5524 1506 5589 1845,
1540 5541 1592 5592 p.
1628 5525 1746 5578 144.

476 5597 587 5718 (110)
635 5595 765 5650 Vide
787 5594 1079 5651 Jacobsou.
1110 5596 1238 5650 edit.
1263 5594 1492 5649 Patrum
1519 5595 1767 5663 apostol.,
1800 5595 1886 5650 ed.
1908 5613 1967 5661 ιι,

513 5707 525 5718 .
555 5683 606 5718 ι).
642 5683 791 5718 LVIII.

403 5677 444 5722 t.
486 5677 525 5731 Ι,
555 5683 606 5731 p.
642 5683 791 5720 LVIII.

479 5683 606 5804 (lilp).
634 5683 830 5805 112;]de
866 5732 1240 5804 Florin.,apud
1267 5732 1464 5789 Euseb.
1498 5733 1639 5791 Hist.
1662 5736 1786 5790 eccl.
1809 5735 1950 5802 v,20

485 5807 595 5878 (1‘2)
635 5807 790 5877 Apud
830 5805 1028 5862 Euseb.
1064 5806 1207 5859 Hist.
1237 5805 1364 5861 eccl.
1395 5821 1469 5872 ιν,
1494 5806 1580 5860 14.

2070 3278 2361 3332 admodum
2387 3277 2452 3330 ad
2487 3293 2659 3346 usque
2691 3276 3011 3349 Hieronymi
3044 3277 3156 3348 (15)
3189 3286 3403 3331 aetatem
3433 3276 3649 3332 factita-

2069 3379 2183 3424 tum
2220 3367 2387 3422 fuisse
2416 3369 2689 3422 novimus.
2726 3388 2744 3419 ›

2139 3460 2225 3514 111.
2252 3460 2323 3516 De
2352 3462 2597 3531 epistolae
2627 3470 2829 3516 nostra:
2859 3461 3155 3526 authentia,
3193 3475 3222 3513 a
3249 3459 3648 3514 Centuriatori-

2068 3555 2170 3609 bus
2201 3553 2782 3624 Magdeburgensibus,
2809 3553 3011 3607 Dallaao
3049 3562 3103 3607 et
3139 3553 3262 3606 aliis
3301 3551 3412 3622 (14)
3449 3553 3501 3604 iu
3545 3552 3649 3604 du-

2067 3645 2218 3699 bium
2248 3656 2460 3710 vocata,
2495 3645 2698 3714 optimc
2724 3645 3022 3714 disputavit
3053 3645 3132 3696 vir
3173 3644 3524 3698 doctissimus
3555 3641 3648 3696 Ni-

2069 3737 2257 3791 colaus
2286 3736 2334 3790 lc
2349 3734 2566 3806 Nourry
2593 3735 2728 3805 (15),
2771 3737 2928 3805 cujus
2958 3736 3122 3790 verba
3160 3735 3402 3789 referens
3426 3777 3440 3800 ,
3476 3735 3646 3789 lecto-

2049 3825 2220 3884 ribus
2246 3829 2385 3898 grati
2415 3828 2622 3897 aliquid
2649 3828 2828 3884 facere
2863 3836 3024 3897 puto:
3060 3847 3079 3878 ς
3108 3826 3279 3881 Nemo
3308 3835 3411 3890 est,
3444 3827 3643 3896 inquit,

2069 3922 2161 3992 qui
2193 3921 2296 3976 hac
2320 3921 2372 3975 in
2395 3921 2627 3991 epistola
2645 3937 2836 3976 omnes
2867 3921 3156 3990 scriptoris
3178 3919 3465 3990 apostolici
3490 3931 3646 3974 notas

2069 4026 2123 4070 et
2145 4015 2493 4069 characteres
2510 4012 2669 4069 facile
2691 4028 2800 4066 non
2819 4013 3238 4067 animadvertat.
3259 4010 3470 4081 Ubique
3497 4012 3641 4066 enim

2069 4106 2254 4170 verba,
2293 4105 2487 4176 stylus,
2518 4105 2817 4174 ingenium,
2847 4105 3062 4174 aliaque
3085 4104 3267 4158 omnia
3295 4104 3439 4156 illam
3465 4119 3494 4156 a
3527 4102 3647 4155 viro

2068 4212 2194 4252 vere
2223 4196 2547 4266 apostolico,
2580 4195 2692 4248 imo
2723 4204 2778 4249 et
2804 4195 2873 4249 ab
2902 4196 3134 4264 ipsomet
3164 4193 3463 4265 Polycarpo
3510 4194 3648 4248 seri-

2068 4299 2216 4360 ptam
2254 4303 2377 4343 esse
2398 4298 2584 4357 aperte
2603 4288 2862 4357 produnt.

2147 4399 2164 4429 ι
2195 4375 2379 4447 Neque
2397 4393 2526 4432 vero
2545 4378 2658 4447 ipsa
2681 4387 2890 4431 tantum
2911 4376 3162 4445 epistola,
3183 4375 3276 4430 sed
3297 4385 3459 4430 testes
3483 4375 3648 4429 etiam

2072 4467 2486 4537 locupletissimi
2513 4506 2528 4530 ,
2571 4467 2829 4536 omnique
2855 4467 3175 4535 exceptione
3215 4467 3451 4535 majores
3473 4509 3486 4532 ,
3518 4467 3649 4520 illud

2076 4561 2218 4614 idem
2270 4559 2580 4614 firmissime
2631 4568 2962 4613 asseverant.
2998 4557 3201 4610 Horum
3244 4574 3436 4626 agmen
3493 4559 3650 4612 ducit

2073 4654 2340 4715 Irenazus,
2380 4651 2760 4721 Lugdunensis
2805 4649 3117 4717 episcopus,
3159 4647 3513 4719 ctPolycarpi
3549 4665 3649 4703 no-

2176 4767 2257 4834 15)
2301 4763 2477 4818 Catal.
2502 4764 2683 4830 script.
2712 4761 2839 4814 eccl.
2881 4777 2930 4814 c.
2961 4759 3046 4834 17.

2176 4767 2257 4834 15)
2301 4767 2477 4818 Catal.
2502 4767 2683 4830 script.
2712 4767 2839 4814 eccl.
2881 4777 2930 4814 c.
2961 4767 3046 4812 17.

2145 4767 2260 4905 (lli)
2301 4834 2562 4905 Dallaeuni
2595 4837 2826 4905 maxime
2861 4831 3031 4905 secuti
3067 4827 3510 4905 _supt$em_l_er1ts
3542 4828 3646 4898 (ad

2077 4898 2485 4967 Baum'garten.,
2517 4901 2916 4967 Untersuclmng
2941 4900 3096 4953 llzeol.
3129 4898 3313 4953 Streit.
3351 4899 3411 4964 11,
3439 4899 3506 4952 56
3533 4905 3643 4967 sq.)

2079 4917 2485 4967 uaumgarten.,
2517 4917 3096 5020 umersucnung/meor.
3129 4917 3313 4953 atreu.
3351 4917 3411 4964 ιι,
3439 4917 3506 4952 ου
3533 4917 3618 4967 sq.
3629 4917 3643 4964 )

2075 4987 2127 5030 et
2151 4975 2363 5038 Roster,
2395 4971 2759 5041 Bibliothekd.
2779 4969 2849 5023 K.
2933 4981 3049 5022 ater
3073 4971 3114 5035 Ι,
3137 4970 3206 5022 95
3223 4986 3304 5038 sq.
3330 4968 3649 5041 Nuper-rime

2074 5045 2359 5114 epistolam
2404 5042 2462 5095 S.
2491 5039 2774 5114 POlycarpi
2811 5042 2862 5093 in
2897 5041 3121 5114 dubium
3154 5041 3388 5114 vocavit
3419 5039 3644 5114 Schwe-

2076 5107 2278 5184 glerus,
2303 5107 2812 5181 Tubingeusis(Das
2835 5109 3190 5178 nachapostol.
3217 5107 3490 5172 Zeitalter,
3516 5117 3554 5162 t.
3579 5108 3644 5174 11,

2076 5201 2130 5254 p.
2162 5185 2264 5237 154
2295 5184 2464 5252 sqq.).

2145 5255 2259 5323 (15)
2297 5247 2496 5322 Appar.
2523 5251 2592 5323 ad
2621 5249 2879 5323 Biblioth.
2902 5264 3046 5323 mag.
3075 5247 3324 5323 l_’_atru_m,
3363 5257 3400 5302 ι.
3427 5247 3468 5302 1.
3503 5247 3640 5302 Ριξοο

2077 5317 2162 5377 ter
2186 5317 2478 5376 Nourrium
2517 5321 2618 5374 cfr.
2674 5319 2934 5375 Pearson.
2973 5319 3180 5371 Vindic.
3234 5317 3412 5388 lgnat.
3439 5357 3453 5379 ,
3496 5334 3548 5386 p.
3582 5333 3643 5383 Il,

2076 5410 2194 5462 cap.
2228 5394 2260 5447 5
2291 5392 2534 5462 (supra);
2564 5389 2852 5462 Mosheim,
2880 5389 3260 5462 Comm_qnt._de
3284 5389 3641 5462 re_b.7(.'hrist.,

2077 5457 2262 5532 p.162
2288 5457 2306 5528 ;“
2332 5457 2623 5514 TillcmOut
2645 5501 2658 5525 ,
2706 5460 3015 5532 Mentoires,
3052 5457 3121 5532 ll,
3159 5460 3283 5532 5‘27;
3305 5457 3466 5532 _lttig_,
3500 5459 3640 5532 Diss.

2075 5529 2138 5586 de
2172 5533 2537 5586 lueresiarchts
2584 5530 2888 5597 apostelictv
2923 5529 3116 5589 (etatis,
3143 5545 3195 5596 p.
3227 5529 3327 5581 186
3361 5538 3414 5580 et
3450 5529 3500 5580 in
3536 5529 3636 5596 Ap-

2076 5605 2319 5672 pendiee,
2342 5618 2393 5670 p.
2427 5603 2485 5672 iii
2514 5617 2622 5672 sq.;
2659 5599 2856 5661 Lucke,
2875 5600 3215 5672 geminentur
3247 5600 3445 5672 iiberrd.
3467 5597 3644 5672 Briefe

2074 5667 2161 5726 des
2202 5667 2401 5741 Evang.
2441 5667 2741 5741 Joltannes,
2786 5685 2839 5740 p.
2873 5671 2926 5735 5,
2958 5668 3012 5731 4;
3048 5667 3275 5727 Mohlcr,
3342 5667 3642 5739 I’atrolog.,

2077 5753 2096 5797 t
2145 5743 2182 5810 Ι,
2216 5759 2266 5812 p.
2297 5740 2599 5796 155-165,
