4142 6384
489 364 591 420 999

1661 355 1719 410 S.
1753 348 2219 409 POLYCARPUS
2246 344 2559 403 MARTYR.

3621 337 3765 397 1000

490 481 589 535 stri
609 479 935 549 discipulus,
967 477 1062 548 qui
1096 477 1151 531 in
1189 476 1552 548 agnoscendis
1596 476 1683 529 vel
1719 471 2069 543 designaudis
2100 473 2147 531 Α
2173 468 2291 524 suis
2322 466 2462 537 ipsis
2496 462 2803 527 sodalibus,
2831 460 3075 532 ejusdem
3101 468 3263 516 sectae
3292 457 3441 524 Viris,
3470 471 3504 512 a
3531 472 3663 511 vero
3688 457 3762 510 ita

493 573 741 642 magistri
774 572 857 626 sui
885 570 1132 641 epistolis
1164 570 1278 625 falli
1310 586 1417 625 non
1454 575 1689 639 poterat.
1743 565 1794 622 ls
1829 568 1977 620 enim
2007 566 2076 620 de

494 666 595 720 hac
624 664 907 735 Polycarpi
944 664 1172 733 epistola
1208 665 1325 719 haec
1345 662 1625 717 memoria:
1653 660 1879 715 tradidit
1918 658 2032 731 (16)
2058 676 2071 711 :

496 762 651 811 Ἐστι
669 759 725 811 δὲ
757 759 849 812 κα)⁵
872 756 1124 828 ἐπιστολὴ
1142 756 1501 827 Πολυκάρπου
1528 754 1665 826 πρὸς
1684 752 2076 824 Φιλιππησίους

492 850 849 920 γεγραμμένη
878 890 891 912 ,
926 848 1234 918 ἱκανωτάτη
1258 889 1272 913 ,
1309 847 1367 914 ἐξ
1393 843 1461 917 ἧς
1502 848 1597 900 καὶ
1631 846 1721 900 τὸν
1757 845 2078 916 χαρακτῆρα

492 941 589 1011 τῆς
623 939 856 1002 πίστεως
892 937 1056 992 αὑτοῦ
1082 979 1096 1003 ,
1134 941 1226 993 καὶ
1257 938 1317 993 τὸ
1351 940 1611 1011 κήρυγμα
1649 938 1751 1009 τῆς
1798 936 2075 1009 ἀληθείας,

492 1034 539 1083 οἱ
571 1030 904 1103 βουλόμενοι,
927 1031 1020 1083 καὶ
1040 1029 1415 1099 φροντίζοντες
1437 1028 1536 1099 τῆς
1553 1027 1759 1081 ἑαυτῶν
1781 1026 2076 1099 σωτηρίας,

491 1121 746 1174 δύνανται
788 1120 981 1191 μαθεῖν
1002 1159 1016 1173 .
1040 1159 1053 1173 .
1078 1161 1091 1174 .
1116 1160 1129 1173 .
1181 1116 1369 1174 lrenazi
1412 1119 1697 1174 sententia:
1754 1117 2081 1187 subscripsit

494 1212 787 1267 Eusebius.
812 1212 891 1265 Ac
917 1227 985 1266 ne
1016 1210 1162 1281 quis,
1207 1212 1274 1265 de
1301 1227 1409 1280 qua
1437 1209 1721 1281 Polycarpi
1747 1207 1975 1279 epistola
2000 1206 2081 1260 lo-

492 1315 717 1375 quatur,
759 1305 928 1357 ullam
976 1319 1219 1373 unquam
1266 1304 1414 1357 litem
1463 1316 1685 1356 movere
1738 1308 1953 1372 posset,
1989 1300 2082 1356 ille

494 1399 675 1468 plures
696 1416 762 1453 ex
784 1399 971 1453 eadem
1000 1399 1230 1467 epistola
1259 1396 1431 1463 locos,
1456 1397 1626 1466 quiin
1650 1411 1713 1450 ea
1743 1396 1908 1450 etiam
1933 1410 2082 1449 nunc

494 1490 864 1558 reperiuntur,
882 1488 1109 1543 ﬁdeliter
1127 1488 1490 1557 transcripsit.
1522 1484 1613 1541 Sic
1634 1497 1813 1541 autem
1838 1487 1926 1541 ille
1942 1486 2076 1557 (l7):

494 1582 604 1633 Καὶ
635 1583 664 1634 ὁ
696 1580 1053 1652 Πολύκαρπος
1081 1580 1136 1633 δὲ
1170 1580 1372 1633 τούτων
1404 1579 1582 1633 αὐτῶν
1619 1580 1999 1650 (epistularum
2017 1579 2076 1636 S.

494 1674 719 1744 Ignalii)
754 1674 1025 1745 μέμνηται
1060 1674 1116 1725 ὲν
1136 1676 1204 1744 τῇ
1234 1673 1510 1745 φερομένῃ
1529 1672 1693 1726 αὐτοῦ
1728 1672 1863 1745 πρὸς
1894 1672 2083 1726 Φιλιπ-

496 1768 726 1836 πησίους
770 1767 1061 1838 ἐπιστολῇ,
1110 1766 1335 1835 φάσκων
1370 1764 1552 1828 αὐτοῖς
1587 1767 1815 1837 ῥήμασι,
1851 1783 1904 1817 κ.
1940 1783 1989 1818 τ.
2026 1764 2075 1818 λ.

2177 560 2413 615 alienam
2433 556 2629 620 videri,
2656 563 2717 609 ut
2733 553 2983 624 Moynius
3002 552 3115 623 (‘22)
3138 551 3205 605 de
3226 566 3292 605 ea
3320 551 3399 605 sic
3426 558 3611 619 aperte
3633 562 3763 617 pro-

2176 649 2427 705 nuntiet:
2468 646 2759 716 Nunquam
2800 645 2950 714 potui
2996 642 3214 712 pedibus
3247 657 3340 694 nec
3368 640 3548 692 animo
3594 637 3672 690 ire
3707 637 3764 688 in

2176 740 2491 796 sententiam
2532 736 2858 792 celeberrimi
2901 735 3131 795 Dallwi,
3163 734 3256 803 qui
3294 734 3429 784 hanc
3474 728 3763 798 Pulycarpi

2176 833 2453 903 epistolam
2480 843 2588 885 tam
2620 830 2890 892 celebrem,
2926 846 2988 881 ac
3013 829 3202 898 ubique
3231 837 3495 880 terrarum
3523 825 3601 876 ita
3624 836 3765 891 prce-

2178 926 2416 978 dicatam
2440 964 2457 990 ,
2489 932 2785 991 suspectam
2833 922 3047 975 reddere
3074 927 3294 973 conatus
3329 927 3438 972 est.
3464 957 3479 971 .
3497 956 3509 970 .
3536 956 3549 970 .
3577 915 3764 985 Neque

2177 1016 2317 1069 enim
2335 1013 2483 1067 video
2508 1012 2771 1082 quomodo
2790 1027 2917 1075 opus
2936 1020 3165 1075 tantum,
3185 1008 3427 1062 omnibus
3454 1010 3533 1061 ita
3556 1016 3761 1072 notum,

2178 1105 2257 1159 uel
2294 1105 2571 1158 minimam
2593 1104 2658 1157 de
2683 1120 2739 1157 se
2766 1105 2934 1173 possit
2963 1104 3196 1156 excitare
3221 1101 3596 1170 suspicionem.
3620 1096 3763 1150 Nul-

2178 1197 2288 1251 lum
2318 1199 2506 1268 quippe
2533 1205 2707 1250 exstat
2731 1212 2860 1266 opus
2883 1197 3035 1266 cujus
3070 1197 3300 1250 certiora
3331 1195 3764 1248 animadvertan-

2181 1301 2269 1345 tur
2289 1292 2528 1345 veritatis
2546 1300 2879 1361 argumenta,
2902 1307 3061 1360 quam
3091 1289 3317 1361 epistola
3352 1288 3422 1342 ad
3452 1287 3764 1359 Philippen-

2181 1398 2296 1447 ses;
2330 1399 2393 1435 ac
2413 1383 2460 1435 si
2488 1383 2552 1435 de
2581 1382 2678 1435 illa
2711 1382 2957 1435 dubitare
2980 1381 3181 1447 liceret,
3216 1378 3422 1433 nullum
3453 1389 3589 1433 esset
3614 1378 3763 1434 anti-

2180 1474 2401 1543 quitatis
2442 1483 2836 1527 monumentum
2874 1473 3025 1543 cujus
3063 1473 3195 1542 ﬁdes
3243 1474 3407 1527 etiam
3456 1471 3660 1526 incerta
3700 1484 3765 1525 ac

2184 1566 2347 1620 dubia
2379 1583 2481 1620 non
2509 1566 2819 1620 labasceret.
2857 1585 2875 1617 ι

2256 1656 2345 1713 ιν.
2382 1656 2503 1713 Jam
2555 1658 2623 1713 de
2656 1658 2961 1727 integritate
2981 1655 3298 1711 dicendum.
3333 1653 3569 1710 Dallzeus
3591 1695 3607 1721 ,
3637 1668 3765 1709 cum

2181 1760 2350 1805 totam
2378 1750 2663 1821 epistolam
2690 1750 2918 1818 rejicere
2954 1763 3012 1803 se
3040 1762 3201 1818 posse
3229 1763 3339 1801 non
3372 1755 3650 1817 speraret,
3680 1747 3767 1801 ul-

498 1859 855 1929 (Sequuntur
884 1861 1047 1915 verba
1073 1858 1361 1930 Polycarpi
1394 1876 1461 1915 ex
1490 1874 1612 1928 cap.
1650 1859 1683 1913 9
1710 1867 1763 1913 et
1788 1858 1898 1927 15).
1928 1856 1995 1910 ΕΙ.
2022 1856 2075 1911 in

2183 1841 2371 1895 timam
2401 1851 2547 1897 certe
2572 1841 2693 1911 ejus
2718 1848 2928 1911 partem
2950 1839 3251 1912 Polycarpo
3274 1840 3613 1910 suppositam
3634 1853 3767 1894 con-

496 1952 605 2006 alio
641 1953 781 2006 libro
813 1951 1081 2006 Eusebius
1112 1951 1263 2021 (18):
1303 1952 1360 2005 '0
1397 1951 1495 2022 μέν
1530 1968 1611 2005 τοι
1645 1949 2001 2023 Πολύκαρπος
2020 1952 2077 2003 ὲν

493 2046 559 2114 τῇ
592 2042 892 2117 δηλωθείσῃ
926 2043 1060 2117 πρὸς
1086 2042 1480 2114 Φιλιππησίους
1512 2042 1676 2096 αὐτοῦ
1719 2045 1936 2114 γραφῇ,
1983 2059 2080 2111 φε-

497 2137 697 2207 ρομένῃ
732 2137 811 2199 είς
836 2134 1014 2208 δεῦρο,
1050 2134 1312 2207 κέχρηταί
1338 2152 1448 2187 τισι
1484 2134 1813 2207 μαρτυρίαις
1846 2134 1952 2187 ἀπὸ
1984 2135 2083 2205 τῆς

494 2226 699 2299 Πέτρου
735 2226 1005 2300 προτέρας
1054 2229 1343 2299 ἐπιστολῆς
1379 2230 1463 2298 (e.
1493 2244 1547 2297 ς.
1591 2243 1640 2282 c.
1681 2226 1732 2291 1,
1765 2228 1822 2290 2,
1854 2227 1908 2293 5,
1943 2227 1994 2294 7,
2026 2226 2082 2294 8,

498 2318 610 2391 10).
641 2318 880 2375 Eusebio
908 2320 1119 2374 accedit
1166 2318 1571 2391 Hieronymus,
1620 2319 1715 2389 qui
1748 2319 1924 2373 eidem
1967 2318 2084 2387 epi-

492 2412 648 2465 stola:
679 2426 840 2466 suum
865 2425 1087 2480 quoque
1119 2412 1269 2465 dedit
1304 2411 1683 2465 testimonium
1718 2409 1833 2479 (19)
1862 2429 1873 2463 :
1917 2407 2083 2479 Ρυιμ.

495 2520 706 2573 corpus,
740 2502 966 2557 Joannis
991 2504 1222 2572 apostoli
1246 2503 1564 2571 discipulus,
1589 2513 1637 2557 et
1664 2503 1728 2556 ab
1755 2520 1813 2557 eo
1840 2501 2084 2572 Smyrnae

492 2596 765 2663 episcopus
804 2596 1113 2659 ordinatus,
1162 2596 1323 2648 totius
1360 2595 1503 2649 Asia:
1532 2595 1773 2664 princeps
1806 2595 1945 2663 fuit,
1972 2603 2079 2649 etc.

497 2688 721 2753 Scripsit
749 2689 817 2741 ad
856 2685 1220 2757 Philippenses
1244 2688 1397 2741 valde
1428 2687 1610 2741 utilem
1634 2688 1935 2756 epistolam,
1966 2704 2083 2757 qua:

499 2796 661 2851 usque
684 2780 836 2833 hodie
867 2779 921 2833 in
949 2780 1094 2834 Asiae
1120 2788 1373 2832 conventu
1402 2779 1613 2849 legitur.
1641 2778 1719 2832 Ex
1744 2778 1943 2848 quibus
1966 2777 2086 2833 Ilie-

499 2873 709 2943 ronynii
738 2871 921 2925 verbis
938 2870 1227 2935 discimus,
1246 2886 1355 2924 non
1384 2870 1565 2924 solum
1594 2868 1662 2924 ab
1689 2868 1780 2923 illo
1807 2870 1949 2923 hanc
1976 2869 2087 2939 epi-

499 2963 696 3016 stolam
726 2961 1027 3032 Polycarpo
1058 2961 1281 3028 ascribi,
1315 2960 1410 3015 sed
1441 2976 1561 3014 eam
1599 2962 1841 3031 insuper,
1868 2976 2083 3015 summa

498 3070 631 3108 cura
656 3054 708 3108 in
734 3054 986 3109 ecclesiis
1018 3063 1383 3117 asservatam,
1420 3052 1493 3106 ibi
1541 3053 1785 3109 maximo
1825 3052 1997 3108 fuisse
2026 3054 2082 3107 in

497 3146 692 3216 pretio.

576 3258 596 3290 α
628 3237 723 3293 llis
751 3246 932 3293 autem
961 3238 1137 3293 tribus
1168 3236 1622 3309 locupletissimis
1650 3237 1883 3297 testibus
1916 3238 2081 3292 innu-

498 3330 791 3385 merabiles
822 3329 985 3394 alios,
1021 3329 1066 3384 si
1096 3330 1227 3398 quid
1258 3345 1395 3399 opus
1430 3338 1597 3396 esset,
1621 3328 1923 3400 adiungere
1957 3345 2085 3400 pos-

498 3439 704 3488 semus,
734 3422 1013 3485 Pliotium,
1048 3420 1370 3481 Maximum.
1401 3422 1803 3478 'l‘heodoretum
1829 3432 2086 3478 caeteros-

496 3531 603 3585 que
630 3531 841 3581 omnes,
878 3514 971 3584 qui
1004 3515 1071 3569 de
1105 3514 1207 3569 hac
1253 3510 1541 3585 Polycarpi
1596 3516 1824 3587 epistola
1878 3514 2086 3585 aliquid

496 3607 754 3675 deinceps
784 3605 1006 3676 scriptis
1052 3605 1473 3660 mandaverunt.
1522 3605 1626 3660 Sed
1683 3622 1807 3661 cum
1863 3605 2085 3661 illorum

497 3714 638 3768 quos
669 3698 780 3769 jam
824 3700 1117 3754 citavimus
1144 3739 1158 3761 ,
1194 3698 1475 3769 diligentia
1507 3708 1562 3753 et
1596 3700 1701 3755 ﬁde
1728 3699 1877 3755 nulla
1912 3701 2087 3769 major

498 3790 796 3844 desiderari
826 3798 1013 3859 queat,
1051 3790 1232 3843 inutili
1263 3790 1498 3843 aliorum
1536 3790 1865 3846 nominatim
1901 3792 2086 3863 appel-

498 3881 789 3935 landorum
820 3898 983 3951 opera
1011 3882 1260 3936 lubenter
1291 3881 1736 3951 supersedemus.

573 3991 591 4024 ι
622 3973 851 4028 Constat
871 3974 1074 4043 itaque,
1106 3973 1249 4027 hanc
1272 3974 1556 4042 epistolam
1584 3990 1689 4027 non
1715 3974 1881 4028 alium
1918 3990 2083 4044 quam

496 4062 858 4135 Polycarpum
886 4064 1142 4119 habuisse
1169 4077 1475 4119 auctorem.
1506 4064 1788 4121 Mirandus
1813 4082 1942 4136 ergo
1959 4066 2086 4121 Dal-

500 4156 655 4222 lmus,
692 4157 783 4223 qui
820 4172 1013 4210 omnes
1048 4155 1252 4227 ingenii
1301 4157 1385 4210 sui
1427 4156 1573 4210 vires
1601 4171 1668 4211 eo
1721 4157 1975 4223 intendit,
2026 4167 2088 4211 ut

501 4247 742 4315 aliquam
778 4246 1009 4315 hujusce
1034 4244 1303 4316 epistolas,
1332 4260 1497 4314 quam
1530 4243 1686 4300 falsis
1728 4246 2086 4315 opinionibus

501 4337 619 4392 suis
649 4352 757 4389 non
786 4334 969 4391 favere
996 4337 1288 4399 sentiebat,
1320 4336 1739 4402 dubitationem,
1772 4338 1855 4391 vel
1888 4339 2084 4393 saltem

502 4428 873 4496 suspicionem
893 4443 1225 4498 quocunque
1243 4429 1459 4481 tandem
1487 4428 1651 4481 modo
1671 4429 1897 4498 injiciat.
1925 4428 2087 4485 Nullo

2111 3194 2159 3257 Ο

2182 1934 2373 2000 tendit,
2402 1934 2739 1989 assentiente
2766 1934 3001 2003 Moynio.
3042 1932 3151 1987 Sed

2324 2049 2392 2118 a)
2424 2046 2543 2102 Jam
2580 2047 2855 2103 Eusebius
2880 2049 2897 2115 (
2922 2045 3067 2101 Hist.
3098 2046 3228 2101 eccl.
3261 2062 3346 2111 ιιι,
3372 2045 3470 2116 56)
3499 2046 3768 2116 posterio-

2181 2155 2297 2194 rem
2321 2140 2465 2194 hanc
2496 2138 2745 2208 epismlze
2770 2147 2976 2208 partem
3007 2139 3343 2208 citat,atque
3359 2154 3424 2192 ex
3454 2154 3517 2193 ea
3549 2139 3621 2210 (c.
3653 2138 3766 2206 15),

2183 2242 2245 2287 ut
2298 2248 2366 2287 ex
2414 2230 2889 2301 praaeedentibus,
2954 2231 3205 2301 quaedam
3257 2229 3547 2302 Polycarpi
3601 2233 3770 2287 verba

2182 2323 2554 2393 transcripsit.

2326 2414 2680 2483 b)Eusebius
2712 2423 2772 2469 ut
2803 2414 2939 2469 bene
2978 2413 3311 2469 Pearsonius
3336 2414 3496 2470 docet
3527 2414 3769 2486 (25-21),

2185 2522 2286 2561 nee
2318 2504 2455 2570 falli,
2483 2520 2582 2560 nec
2612 2504 2803 2560 fallere
2828 2503 3023 2574 potuit.
3062 2501 3192 2557 Erat
3213 2503 3360 2556 enim
3397 2511 3511 2556 tota
3540 2502 3771 2571 epistola

2184 2600 2444 2655 omnibus
2474 2600 2750 2668 exposita;
2782 2606 2901 2651 erat
2938 2597 2992 2650 in
3045 2594 3306 2651 Ecclesiis
3351 2595 3609 2651 Asiaticis
3640 2605 3773 2651 tunc

2184 2689 2481 2760 temporis,
2512 2705 2639 2744 cum
2672 2688 2940 2743 scriberet
2988 2684 3295 2753 Eusebius,
3340 2685 3557 2754 publice
3596 2686 3769 2754 lecta;

2184 2793 2347 2839 norat
2394 2798 2515 2838 eam
2564 2780 2951 2852 Hieronymus,
2999 2780 3158 2849 cujus
3188 2779 3454 2845 versioni,
3490 2778 3595 2834 nisi
3650 2778 3772 2833 aliis

2185 2883 2507 2945 occupatus,
2542 2872 2918 2935 incubuisset,
2949 2879 3003 2925 et
3043 2879 3227 2924 tamen
3271 2868 3582 2924 Eusebiana
3629 2885 3775 2922 nun-

2185 2983 2347 3039 quam
2380 2965 2677 3021 recusavit.
2724 2962 2800 3018 De
2834 2963 2926 3017 illa
2953 2964 3120 3034 igitur
3158 2962 3431 3033 particula
3469 2978 3635 3033 quam
3676 2978 3774 3016 ex-

2186 3058 2410 3129 scripsit
2431 3056 2725 3121 Eusebius,
2751 3054 2993 3110 dubitari
3017 3070 3126 3108 non
3153 3062 3353 3124 potest,
3382 3054 3486 3107 nisi
3512 3053 3676 3107 etiam
3707 3052 3776 3107 de

2186 3158 2301 3205 tota
2330 3150 2561 3219 epistola
2595 3147 2761 3203 simul
2792 3148 3000 3216 absque
3037 3145 3147 3199 ulla
3193 3145 3407 3198 ratione
3434 3143 3773 3198 dubitemus.

2258 3239 2393 3305 Quae
2422 3237 2656 3293 Dallaaus
2685 3252 2751 3291 ex
2781 3236 3011 3306 epistola
3041 3236 3157 3307 ipsa
3191 3245 3383 3290 contra
3406 3234 3773 3303 integritatem

2185 3332 2414 3404 profert,
2457 3331 2664 3385 nullius
2692 3330 2959 3384 momenti
2987 3345 3133 3396 esse,
3170 3327 3333 3383 facile
3363 3328 3685 3398 perspicies.

2331 3426 2395 3494 a)
2429 3423 2884 3478 Decentissimam
2911 3421 3157 3491 epistola:
3181 3421 3485 3475 clausulam
3510 3435 3558 3474 c.
3594 3418 3662 3472 12
3685 3419 3773 3472 in-

2186 3515 2383 3579 veniri,
2419 3515 2628 3584 reliqua
2660 3513 2826 3585 igitur
2854 3521 3042 3582 postea
3078 3512 3289 3581 adjecta
3319 3526 3464 3575 esse,
3489 3508 3777 3565 contendit

2186 3608 2272 3661 vir
2300 3607 2545 3661 criticus.
2578 3604 2685 3660 Sed
2716 3604 2984 3660 clausulis
3018 3604 3291 3674 ejusmodi
3325 3613 3447 3656 ante
3484 3603 3647 3656 ﬁnem
3691 3608 3776 3655 to-

2187 3697 2298 3751 tius
2326 3698 2570 3767 epistolae
2594 3696 2652 3751 S.
2680 3696 2883 3751 Paulus
2900 3710 3120 3766 quoque
3137 3704 3191 3749 et
3214 3694 3470 3750 Clemens
3489 3693 3776 3747 Romanus

2187 3790 2275 3845 usi
2302 3799 2431 3844 sunt
2459 3808 2473 3856 ;
2505 3789 2609 3845 cfr.
2640 3788 2709 3843 ad
2742 3788 2902 3844 Rom.
2947 3805 3015 3842 xx
3037 3829 3051 3851 ,
3084 3788 3190 3853 5'5;
3217 3788 3285 3842 ad
3316 3788 3518 3857 Ephes.
3551 3802 3635 3852 ιιι,
3668 3785 3771 3853 21ς

2188 3879 2210 3933 ι
2235 3881 2407 3935 Clem.
2438 3887 2505 3938 ad
2530 3886 2653 3941 Cor.
2699 3897 2858 3951 capp.
2896 3882 2987 3946 20,
3018 3881 3111 3946 58,
3141 3881 3233 3946 45,
3258 3880 3348 3945 50,
3378 3880 3464 3935 58.

2330 3972 2398 4041 b)
2431 3971 2723 4040 lmpostor,
2757 3972 2802 4026 si
2837 3970 3097 4025 Dallaaum
3135 3972 3329 4027 audias
3352 4012 3366 4038 ,
3398 3973 3472 4026 ita
3503 3971 3772 4041 loquitur,

2189 4070 2249 4117 ut
2282 4064 2572 4132 lgnatium,
2610 4079 2719 4133 quo
2747 4072 2993 4132 tempore
3027 4063 3143 4118 haec
3174 4064 3377 4133 scripta
3403 4072 3554 4126 sunt,
3593 4064 3777 4119 adhuc

2189 4170 2478 4224 superesse
2504 4155 2795 4225 signiﬁcet.
2838 4154 2914 4208 De
2946 4156 3060 4224 ipso
3079 4200 3093 4223 ,
3141 4158 3319 4226 inquit
3343 4172 3393 4211 c.
3419 4157 3509 4223 15,
3535 4155 3772 4227 lgnatio,

2186 4258 2237 4301 et
2264 4247 2328 4300 de
2354 4247 2461 4313 his,
2496 4249 2586 4317 qui
2611 4263 2729 4300 cum
2754 4263 2812 4300 eo
2854 4260 3001 4311 sunt,
3035 4247 3175 4317 quod
3206 4248 3402 4301 certius
3431 4249 3773 4318 agnoveritis,

2188 4340 2505 4409 signiﬁcate.
2542 4338 2749 4392 Prioris
2776 4347 2959 4392 autem
2988 4340 3163 4408 partis
3195 4350 3387 4395 auctor
3416 4340 3491 4433 Le.
3529 4342 3776 4411 9)-aper-

2188 4432 2403 4485 tissime
2428 4431 2679 4493 aﬂirmat,
2702 4430 2969 4501 lgnatium
2994 4432 3107 4500 jam
3141 4431 3313 4487 fuisse
3338 4430 3637 4486 mortuum.
3665 4430 3776 4487 Fu-

499 4518 648 4573 euim
707 4519 813 4572 alio
848 4518 916 4572 ad
971 4518 1024 4572 id
1078 4518 1423 4589 probandum
1474 4517 1666 4571 nititur
1719 4519 2083 4586 ﬁrmamento,
2118 4549 2162 4603 Ι)
2191 4524 2285 4580 tile
2330 4526 2434 4580 hoc
2481 4533 2887 4593 argumentum.
2948 4524 3005 4578 Si
3046 4526 3193 4579 enim
3238 4526 3399 4580 verba
3452 4526 3541 4580 illa
3593 4542 3643 4580 c.
3681 4526 3770 4591 13,

500 4625 666 4681 quam
702 4609 1100 4665 Stichometria
1128 4651 1142 4676 ,
1176 4625 1298 4678 quae
1324 4609 1379 4663 in
1427 4609 1575 4663 calce
1618 4608 2083 4681 Chronographize

500 4700 791 4771 Nicepltori
815 4702 1413 4771 Constantinopolitani
1434 4702 1642 4770 adjecta
1667 4711 1749 4757 est
1774 4701 1909 4771 (20).
1933 4722 1952 4754 ι
1970 4701 2085 4757 Hoc

502 4804 683 4848 autem
734 4793 1101 4862 fragmentum
1134 4809 1164 4847 a
1197 4792 1510 4863 Nicephoro
1561 4808 1908 4863 nequaquam
1950 4795 2087 4848 scri-

502 4896 653 4955 ptum
684 4885 879 4949 fuisse,
912 4886 1073 4956 eique
1096 4902 1381 4956 perperam
1415 4902 1444 4940 a
1468 4886 1669 4940 Dallaeo
1693 4886 1917 4950 ascribi,
1948 4886 2087 4940 invi-

504 4980 606 5033 Ctis
626 4980 903 5035 rationum
927 4980 1221 5034 momentis
1238 4981 1547 5035 docuerunt
1564 4978 1832 5037 Nourrius
1851 4992 1905 5036 et
1921 4980 2080 5037 Pear-

504 5073 695 5125 sonius
730 5071 867 5140 (21).

575 5161 844 5217 Praeterea
885 5162 1160 5219 Nourrius
1211 5165 1442 5235 adjicit,
1482 5183 1499 5215 ι
1535 5164 1849 5235 opinionem
1902 5164 2084 5218 Dallaei

578 5407 693 5531 (liti)
731 5406 865 5463 Adv.
895 5408 1025 5463 Iuer.
1056 5415 1139 5475 in,
1164 5410 1216 5463 '5.
1239 5408 1395 5480 Apud
1424 5407 1721 5464 Eusebium
1760 5406 1906 5462 Hist.
1931 5412 2057 5462 ecct.

510 5493 583 5544 ιν,

582 5548 694 5617 (17)
736 5549 880 5603 Hist.
912 5555 1063 5618 eccl.,
1090 5566 1171 5617 ιιι,
1198 5551 1285 5605 56.

584 5618 695 5687 (18)
740 5619 883 5673 Hist.
909 5622 1058 5683 eccl.,
1094 5622 1273 5685 ιν,1ι1.

584 5688 697 5759 (19)
738 5688 914 5743 Catal.
942 5694 1127 5759 script.
1155 5692 1306 5755 eccl.,
1347 5707 1394 5743 c.
1426 5692 1510 5745 17.

585 5758 697 5827 (2‘4!)
736 5759 998 5829 Quisquis
1030 5758 1219 5814 auctor
1254 5762 1324 5816 sit
1355 5760 1756 5817 Stichometria:
1780 5804 1794 5826 ,
1835 5763 1924 5817 ille
1970 5777 2079 5815 non

516 5839 842 5890 pl'OllUnttztl,
876 5832 1133 5897 epistolas
1150 5830 1205 5884 S.
1227 5830 1416 5902 lgnatii
1435 5842 1489 5888 et
1509 5830 1790 5903 Polycarpi
1816 5848 1935 5890 esse
1957 5848 2080 5901 sup-

2186 4618 2460 4676 mendacii
2513 4625 2805 4682 accusata,
2854 4615 3044 4671 Graeca
3096 4618 3273 4672 adhuc
3329 4626 3612 4674 exstarent
3646 4618 3775 4689 (καὶ

2185 4712 2313 4786 περὶ
2368 4709 2629 4779 Ἰγνατίου
2683 4711 2776 4763 καὶ
2826 4712 2955 4781 περὶ
2997 4708 3108 4762 τῶν
3162 4710 3280 4780 μετ’
3331 4711 3553 4781 αὐτοῦ),
3610 4725 3772 4765 nemo

2185 4814 2333 4860 certe
2361 4802 2738 4866 contenderet,
2766 4800 3035 4872 lgnatium
3061 4804 3233 4857 adhuc
3261 4804 3433 4857 vivum
3459 4804 3569 4858 illis
3600 4804 3774 4874 signi-

2184 4896 2337 4951 ﬁcari
2372 4904 2467 4948 aut
2499 4894 2672 4946 innui.

2252 4985 2317 5040 ν.
2354 4985 2653 5055 Epistolam
2681 4984 2740 5038 S.
2769 4983 3058 5055 Polycarpi
3086 4986 3250 5055 paulo
3289 4997 3411 5055 post
3446 4988 3771 5058 martyrium

2189 5078 2246 5133 S.
2285 5076 2477 5147 Ignatii
2516 5084 2793 5129 exaratam
2833 5091 2990 5139 esse,
3028 5090 3094 5129 ex
3144 5078 3377 5147 epistola
3421 5079 3540 5147 ipsa
3582 5080 3774 5133 erudi-

2186 5184 2334 5233 mur,
2360 5184 2409 5223 c.
2452 5168 2538 5221 13.
2570 5166 2684 5223 Cfr.
2718 5184 2905 5237 supra,
2931 5183 3054 5238 quae
3081 5169 3150 5225 de
3181 5181 3424 5242 tempore
3476 5172 3670 5227 mortis
3708 5172 3767 5227 S.

2185 5409 2476 5481 posititias.
2498 5407 2651 5463 Nuda
2669 5410 2813 5464 enim
2833 5409 2921 5463 hic
2943 5409 3135 5482 lgnatii
3163 5421 3214 5465 et
3230 5409 3517 5482 Polycarpi
3545 5414 3771 5470 nomina

2189 5490 2490 5551 ponuntur,
2518 5495 2693 5552 neque
2721 5482 2801 5535 vel
2827 5482 2908 5552 de
2922 5481 3167 5549 epistolis
3182 5482 3267 5535 vel
3295 5481 3362 5535 de
3393 5485 3772 5552 suppositione

2189 5548 2488 5621 quidquam
2516 5548 2834 5604 afﬁrmatur.
2870 5548 2911 5601 E
2944 5548 3199 5604 eontextu
3230 5553 3411 5621 potius
3440 5548 3609 5621 patet,
3627 5554 3770 5612 duos

2187 5621 2291 5675 hos
2316 5620 2505 5691 Patres
2532 5635 2563 5691 a
2595 5636 2805 5691 canone
2824 5622 3000 5673 solum
3041 5621 3097 5674 S.
3135 5620 3658 5691 Scr’iptttl'm’at'ceri.

2262 5691 2375 5765 (gl)
2416 5689 2687 5765 j’indiciaa
2710 5690 3031 5765 lgnatianw,
3066 5708 3120 5761 p.
3144 5708 3182 5755 1,
3214 5689 3323 5746 citi
3348 5698 3586 5765 (supra).

2261 5758 2375 5827 (2‘2)
2416 5758 2631 5827 Proleg.
2659 5761 2724 5813 ad
2746 5758 2922 5815 'Varia
2953 5758 3129 5815 sacra.

2257 5830 2473 5900 (25-24)
2527 5829 2729 5887 Vindic.
2750 5830 2957 5902 lgnat.,
2982 5847 3034 5901 p.
3067 5833 3338 5904 tt,cap.
