4142 6410
366 370 499 426 1001

1118 368 1652 429 PROLEGOMENA.
1692 402 1761 411 ——
1797 370 1861 426 ll.
1899 366 1987 423 DE
2024 364 2387 424 MARTYRL’)
2422 367 2477 424 S.
2511 361 2919 425 POLYCARPI.

3489 368 3627 426 10οξ

361 487 557 558 lgnatii
604 487 1008 558 disputavimus
1037 488 1132 559 (in
1171 487 1494 560 praefatione
1537 488 1606 542 ad
1645 486 1766 558 ejus
1806 486 1936 556 Epi-
1968 490 2014 545 Α
2041 502 2108 543 ex
2152 489 2385 543 Andreae
2417 486 2629 542 Schotti
2680 487 2993 557 apographo
3020 485 3282 540 Claudius
3324 484 3627 544 Salmasius

362 580 577 644 stolas).

431 670 523 726 Vl.
556 672 684 728 Hac
707 674 936 745 epistola
958 688 1153 728 manca
1181 674 1415 728 habetur
1437 672 1493 726 in
1514 670 1774 727 omnibus
1791 669 1943 725 Grae-

361 762 444 818 cis
474 765 758 821 codicibus
805 766 983 821 mstis.
1042 763 1148 819 Ubi
1195 774 1375 820 autem
1409 764 1626 819 codices
1660 764 1940 828 deticiunt,

360 855 439 910 ibi
467 856 815 913 continenter
863 858 1206 913 subnectitur
1238 856 1470 928 epistola
1512 854 1794 921 Barnabas,
1848 854 1945 909 sed

361 946 538 1015 capite
564 954 817 1002 truncato
848 946 986 1018 (25).

433 1036 628 1093 Totam
665 1054 792 1093 vero
825 1038 1109 1110 Polycarpi
1139 1037 1425 1108 epistolam
1456 1045 1616 1095 vetus
1642 1036 1804 1093 nobis
1828 1052 1946 1092 ser-

360 1131 511 1185 vavit
557 1132 757 1196 versio,
805 1147 968 1201 quam
1009 1133 1220 1201 primus
1262 1130 1401 1186 1498
1444 1130 1695 1198 Parisiis,
1730 1132 1800 1185 ab
1824 1131 1944 1200 ipso

360 1223 659 1289 inventam,
687 1223 963 1293 evulgavit
985 1222 1225 1280 Jacobus
1245 1223 1422 1278 Faber
1447 1222 1814 1292 Stapulensis.

435 1314 622 1370 Graece
649 1325 703 1370 et
731 1315 922 1370 Latine
944 1317 1154 1385 primus
1182 1316 1472 1386 epistolam
1504 1316 1559 1370 in
1591 1316 1768 1371 lucem
1806 1330 1938 1386 pro-

360 1406 488 1461 tulit
527 1406 699 1461 Duaci
748 1408 888 1462 1655
928 1406 1125 1463 Petrus
1167 1407 1493 1473 Halloixius,
1526 1423 1592 1463 ex
1622 1409 1941 1479 apographo

358 1500 643 1556 Francisci
691 1499 970 1568 Turriani,
1022 1518 1053 1557 a
1095 1502 1215 1557 viro
1253 1502 1574 1558 doctissimo
1603 1500 1805 1556 Jacobo
1833 1500 1944 1555 δὴ*

360 1593 564 1648 mondo
595 1592 654 1648 S.
700 1592 749 1648 J.
777 1594 845 1649 ad
876 1596 1029 1649 illum
1074 1595 1400 1651 transmisso
1429 1594 1564 1667 (26).
1608 1594 1739 1650 Post
1766 1609 1939 1649 annos

360 1688 432 1744 14
471 1686 711 1746 Jacobus
746 1688 998 1747 Usserius
1027 1691 1175 1746 aliud
1216 1705 1411 1747 nactus
1446 1692 1758 1762 exemplar,
1788 1691 1937 1761 quod

2048 597 2214 636 manu
2238 597 2338 636 sua
2367 581 2700 649 descriptum
2746 594 2871 633 cum
2922 578 3107 634 lsaaco
3143 577 3341 633 Vossio
3370 595 3623 635 commu-

2047 675 2345 737 nicaverat,
2380 672 2512 727 illud
2544 672 2777 728 contulit
2805 687 2930 727 cum
2970 673 3117 728 edito
3145 671 3514 739 Halloixiano,
3543 681 3617 728 at-

2046 782 2153 837 que
2178 767 2321 822 hanc
2352 766 2802 837 Polycarpianam
2837 767 3123 835 epistolam
3156 782 3281 821 cum
3318 774 3500 821 vetere
3538 767 3624 820 iu-

2044 868 2278 931 terprete
2314 860 2547 916 Londini
2575 858 2849 929 evulgavit
2874 858 3043 924 1647;
3073 874 3237 928 quam
3263 859 3456 915 deinde
3481 872 3622 913 nova

2045 954 2492 1022 interpretatione
2566 953 2885 1007 adornatam
2961 951 3215 1006 exhibuit
3288 950 3618 1007 Cotelerius.

2044 1045 2204 1099 Anno
2236 1044 2377 1100 1709
2405 1044 2607 1114 prodiit
2636 1043 2861 1099 Thomte
2886 1041 3105 1098 Smithii
3136 1042 3302 1097 editio
3332 1054 3622 1112 praestans,

2042 1150 2274 1205 eamque
2300 1145 2521 1190 secutus
2544 1145 2628 1192 est
2649 1135 2986 1191 Gallandius.
3009 1133 3219 1190 Novam
3252 1135 3485 1206 denique
3514 1137 3627 1191 edi.

2043 1228 2249 1283 tionem
2276 1227 2415 1282 1858
2444 1237 2501 1283 et
2530 1227 2670 1282 1840
2707 1227 2861 1297 (edit.
2896 1225 2958 1295 ιι)
2990 1226 3276 1280 adornavit
3299 1225 3624 1282 Guilielmus

2042 1321 2404 1389 Jacobsonus,
2436 1320 2718 1376 codicibus
2752 1319 3038 1387 Vaticano,
3080 1317 3334 1373 Parisino
3367 1326 3422 1373 et
3450 1318 3616 1373 Medi-

2044 1413 2545 1470 ceo-Laurentiano
2566 1428 2723 1469 usus.

2114 1506 2225 1561 Vll.
2270 1506 2346 1561 De
2377 1506 2664 1579 Polycarpi
2705 1506 2951 1560 doctrina
2992 1505 3407 1575 disputaverunt
3450 1504 3617 1559 Luma

2044 1613 2212 1669 penis
2238 1599 2388 1670 (27),
2426 1598 2734 1671 Heynsius,
2791 1598 2989 1654 Junius
3040 1614 3105 1654 ac
3153 1613 3259 1653 van
3300 1596 3448 1653 Gilse
3478 1596 3629 1667 (ἓὸ),

2046 1685 2337 1743 Mwhlerus
2384 1689 2498 1762 (29)
2525 1698 2580 1745 et
2611 1690 2724 1744 alii.

1104 2083 1252 2173 DE
1326 2076 1968 2171 MABTYRIO
2026 2077 2120 2167 S.
2174 2075 2893 2169 POLYCARPI.

430 2311 473 2368 Ι.
509 2330 528 2363 ‹
569 2310 710 2365 Inter
759 2304 1104 2378 praeclariora
1157 2298 1545 2356 ecclesiasticae
1592 2293 1935 2364 antiquitatis
1968 2293 2013 2352 Β
2043 2291 2235 2345 borum
2277 2292 2419 2345 serie
2470 2290 2525 2344 in
2560 2292 2817 2346 omnibus
2847 2299 3077 2358 retenta,
3114 2293 3341 2363 soloque
3375 2296 3617 2365 particu-

355 2410 716 2460 mouumenta
772 2397 968 2453 merito
1024 2402 1341 2449 recensetur
1394 2389 1635 2460 Epistola
1682 2384 1938 2440 Ecclesiae

359 2493 711 2568 Smyrnensis
746 2492 812 2546 de
842 2488 1107 2559 martyrio
1137 2484 1196 2540 S.
1238 2482 1547 2554 Polycarpi,
1583 2480 1740 2543 adeo,
1782 2485 1843 2530 ut
1873 2476 1939 2528 il-

356 2592 467 2643 lam
500 2603 636 2659 pene
684 2586 953 2653 integram
998 2578 1267 2634 Eusebius
1315 2575 1574 2628 Historia:
1618 2586 1732 2627 sua:
1763 2585 1937 2623 neres-

356 2681 503 2734 sario
532 2675 865 2731 inserendam
895 2667 1293 2726 existimaverit
1323 2664 1457 2736 (50).
1505 2662 1765 2729 Quinimo
1810 2660 1936 2714 illu-

358 2773 489 2828 stris
530 2771 650 2838 ejus
692 2769 964 2835 interpres
995 2762 1248 2817 Valesius
1279 2773 1345 2814 eo
1376 2755 1663 2829 processit,
1696 2762 1755 2809 ut
1786 2754 1933 2808 allir-

356 2864 522 2919 marit
549 2863 687 2933 (51),
715 2857 1004 2930 Polycarpi
1041 2856 1270 2926 ejusque
1301 2852 1578 2908 sociorum
1610 2847 1936 2920 martyrium

355 2958 552 3013 litteris
600 2954 862 3015 traditum
910 2966 1033 3006 esse
1081 2948 1324 3005 omnium
1372 2945 1645 3015 primum,
1692 2942 1939 3012 Actaque

356 3058 657 3119 martyrum
696 3045 845 3099 nulla
891 3052 1107 3098 exstare
1154 3039 1499 3109 antiquiora;
1530 3053 1631 3092 nec
1674 3034 1937 3091 dubitarit

357 3139 630 3212 proinde,
683 3139 817 3208 quin
869 3135 960 3190 illa
1007 3132 1421 3205 Smyrnensium
1472 3128 1702 3201 epistola
1757 3128 1937 3198 primo

354 3233 480 3287 foco
512 3232 688 3301 posita
718 3228 883 3283 fuerit
923 3227 991 3281 ab
1021 3225 1279 3290 Eusebio,
1305 3224 1360 3277 in
1390 3224 1531 3277 libro
1553 3236 1713 3292 quem
1742 3218 1938 3274 inscri-

358 3324 464 3393 psit
482 3322 771 3391 Ἀρχαίων
789 3316 1129 3390 μαρτυριῶν
1143 3312 1485 3385 συναγωγή.
1505 3312 1738 3367 Molliter
1753 3323 1935 3365 tamen

354 3415 710 3484 excipiendus
758 3412 843 3466 vir
889 3410 1277 3475 doctissimus;
1312 3407 1556 3461 nondum
1599 3404 1800 3473 quippe
1842 3403 1936 3457 de-

354 3516 519 3574 tecta,
544 3522 655 3577 quo
686 3516 929 3574 tempore
957 3502 1047 3556 ille
1078 3500 1159 3555 sic
1190 3499 1492 3564 sentiebat,
1523 3496 1658 3551 Acta
1689 3494 1936 3565 martyrii

357 3598 418 3654 S.
454 3598 651 3671 lgnatii
681 3597 915 3653 sincera.
948 3613 968 3646 ι
1004 3592 1081 3647 lta
1114 3591 1432 3647 Gallaudius
1457 3589 1591 3661 (52).

425 3711 490 3767 ll.
523 3711 760 3780 Insignis
788 3711 903 3765 haac
930 3709 997 3764 de
1026 3707 1286 3778 martyrio
1309 3705 1367 3762 S.
1391 3702 1673 3775 Polycarpi
1705 3702 1933 3772 epistola

354 3807 684 3871 rectissime,
732 3812 794 3859 ut
840 3802 1111 3858 Smithius
1159 3801 1318 3855 docet
1363 3798 1478 3868 (55)

353 3899 674 3968 ἐγκύκλιος
700 3897 816 3952 sive
842 3895 1135 3965 encyclica,
1159 3902 1221 3947 ut
1254 3908 1321 3946 ex
1360 3888 1713 3958 inscriptione
1752 3894 1929 3956 patet;

356 4000 547 4061 utpote
579 3989 647 4044 ad
679 3989 861 4044 varias
891 3986 1191 4051 Ecclesias,
1217 3994 1329 4039 tam
1365 3983 1423 4036 in
1461 3982 1590 4036 Asia
1623 3980 1821 4034 minori
1852 3979 1934 4033 vi-

356 4084 512 4138 cinas
535 4123 549 4147 ,
581 4097 747 4153 quam
774 4082 906 4136 alibi
947 4081 1005 4134 in
1048 4078 1173 4133 aliis
1210 4074 1529 4146 provinciis,
1561 4072 1710 4127 κατὰ
1739 4070 1934 4125 πάντα

354 4175 546 4228 τόπον
595 4172 957 4238 transmissa;
1000 4185 1125 4241 qua:
1173 4168 1241 4223 de
1292 4168 1362 4223 iis
1415 4166 1573 4230 solis,
1621 4180 1744 4235 quae
1790 4162 1933 4218 κατὰ

356 4266 578 4331 Πόντον,
595 4266 759 4334 juxta
790 4264 1025 4319 Pontum
1062 4262 1183 4317 sitae
1216 4268 1393 4327 erant,
1420 4258 1565 4313 male
1607 4258 1939 4326 interpreta-

356 4368 448 4413 tur
484 4357 754 4413 Eusebius
790 4356 927 4428 (54),
978 4370 1080 4425 pro
1117 4353 1341 4418 πάσαις
1380 4350 1509 4417 ταῖς
1551 4349 1704 4403 κατὰ
1738 4346 1934 4402 πάντα

354 4450 564 4512 τόπον,
598 4465 722 4504 cum
754 4450 823 4505 ad
873 4464 1067 4505 omnes
1105 4446 1412 4507 Ecclesias,
1469 4442 1561 4496 ubi
1608 4441 1934 4497 Christianae

354 4540 639 4612 religionis
668 4540 940 4610 professio
966 4541 1203 4611 vigebat,
1233 4554 1331 4610 per
1353 4536 1629 4593 Orientem
1662 4536 1933 4606 praecipue

355 4648 602 4701 sparsas,
631 4634 825 4689 debeat
852 4633 1141 4704 propagari
1168 4642 1223 4687 et
1248 4632 1463 4687 extendi
1500 4631 1569 4686 ab
1594 4631 1726 4700 ipsis
1748 4629 1933 4684 Phila-

354 4726 745 4795 delphensibus
774 4726 912 4798 (55),
938 4734 1203 4795 quantum
1232 4724 1283 4778 in
1317 4724 1447 4793 ipsis
1482 4731 1619 4788 erat,
1650 4720 1773 4787 τοῖς
1799 4721 1933 4775 ἐπέ-

355 4835 527 4873 mra
555 4817 844 4888 ἀδελφοῖς
883 4814 1342 4873 communicanda
1392 4814 1546 4884 (56);
1593 4814 1783 4868 eadem
1808 4828 1933 4868 ver-

2037 2382 2168 2437 laris
2215 2380 2513 2450 Ecclesiae,
2567 2383 2635 2438 ad
2679 2398 2841 2454 quam
2892 2383 3169 2455 dirigitur,
3227 2386 3449 2441 nomine
3498 2400 3620 2442 mu-

2040 2484 2174 2531 tato.
2215 2496 2233 2528 ι

2109 2568 2197 2625 lll.
2232 2568 2383 2626 Hanc
2410 2570 2697 2641 epistolam
2728 2586 2839 2626 non
2882 2574 3146 2629 continuo
3176 2580 3302 2643 post
3327 2571 3619 2643 Polycarpi

2037 2663 2384 2733 martyrium,
2430 2664 2525 2718 sed
2574 2664 2857 2734 aliquanto
2906 2675 3029 2734 post
3077 2675 3321 2736 tempore
3351 2681 3383 2721 a
3423 2664 3616 2736 Smyra

2037 2758 2171 2811 meis
2194 2756 2453 2826 scriptam
2480 2755 2650 2812 fuisse
2673 2754 3221 2813 contenditValesius
3238 2758 3576 2829 (57).dicens
3603 2779 3615 2812 ;

2043 2866 2063 2901 ι
2104 2849 2241 2904 Cum
2271 2848 2725 2904 Philomelienses
2757 2849 2823 2904 de
2855 2848 3141 2921 Polycarpi
3176 2852 3441 2922 martyrio
3470 2850 3616 2907 fama

2040 2951 2250 2997 tantum
2304 2958 2366 2997 ac
2394 2957 2618 2996 rumore
2649 2953 2808 2997 tenus
2851 2942 3190 3009 audiissent,
3220 2944 3430 2998 litteras
3454 2944 3619 2999 dede—

2037 3045 2167 3091 runt
2220 3035 2288 3091 ad
2346 3035 2754 3106 Smyrnzeorum
2810 3034 3147 3101 Ecclesiam,
3204 3046 3495 3107 rogantes,
3560 3042 3619 3090 ut

2037 3136 2262 3194 cuncta,
2294 3142 2417 3196 quae
2445 3128 2498 3180 in
2532 3125 2837 3181 beatissimi
2870 3127 2971 3181 viri
3011 3128 3267 3197 passione
3294 3137 3447 3198 gesta
3494 3127 3613 3183 fueo

2036 3231 2182 3289 rant,
2229 3221 2551 3292 singillatim
2599 3221 2899 3292 perscripta
2942 3222 3009 3276 ad
3048 3222 3199 3291 ipsos
3243 3223 3611 3277 mitterentur.

2036 3315 2195 3383 Quod
2236 3315 2458 3386 quidem
2508 3313 2871 3369 libentissime
2918 3315 3291 3382 praestiterunt
3325 3313 3614 3385 Smyrnaei,

2037 3411 2237 3480 scripta
2268 3408 2337 3464 ad
2382 3408 2532 3478 ipsos
2560 3405 2812 3475 epistola,
2842 3421 3007 3476 quam
3051 3406 3104 3460 in
3150 3406 3404 3461 manibus
3444 3405 3615 3460 habe-

2037 3518 2182 3557 mus.
2229 3502 2285 3556 ld
2332 3509 2515 3556 autem
2575 3499 2924 3554 subindicaut
2969 3498 3056 3551 his
3108 3498 3291 3552 verbis
3335 3499 3419 3567 (c.
3454 3496 3558 3566 20)
3596 3512 3609 3549 :

2037 3591 2196 3665 ὑμεῖς
2221 3593 2319 3663 μὲν
2342 3587 2436 3646 οὖν
2464 3589 2730 3661 ἠξιώσατε
2759 3589 2846 3642 διὰ
2872 3586 3130 3643 πλειόνων
3158 3587 3458 3660 δηλωθῆναι
3485 3588 3615 3659 ὑμῖν

2038 3683 2106 3737 τὰ
2149 3685 2435 3755 γενόμενα.
2488 3701 2506 3733 ι
2542 3681 2648 3735 Sed
2696 3681 2868 3750 primo
2911 3694 3054 3733 anno
3102 3689 3225 3749 post
3271 3688 3503 3734 mortem
3552 3680 3610 3734 S.

1499 3771 1514 3862 ζ
1553 3812 1575 3851 ε
1616 3771 1938 3865 δίείίροιθει
1961 3804 2008 3865 C
2040 3774 2326 3847 Polycarpi
2360 3783 2477 3829 acta
2518 3775 2635 3828 hmc
2681 3771 2992 3841 conscripta
3021 3786 3143 3826 esse
3169 3771 3294 3826 inde
3323 3787 3389 3826 ex
3418 3786 3484 3826 eo
3512 3788 3613 3842 ap-

2037 3877 2210 3938 paret,
2236 3867 2381 3937 quod
2416 3866 2627 3936 primus
2656 3864 2773 3919 dies
2802 3864 3214 3919 anniversarius
3257 3864 3423 3933 hujus
3465 3882 3613 3920 mar-

2037 3960 2165 4031 tyrii
2199 3958 2444 4013 nondum
2473 3957 2779 4013 celebratus
2817 3954 2942 4022 fuit,
2977 3965 3033 4009 ut
3056 3971 3122 4010 ex
3147 3971 3267 4025 cap.
3307 3956 3373 4011 18
3402 3960 3612 4027 perspi-

2038 4063 2144 4103 Clm
2152 4064 2236 4104 llS.

2108 4160 2199 4215 ιν.
2243 4160 2542 4232 Epistolam
2589 4166 2656 4216 de
2707 4172 2973 4231 martyrio
3020 4158 3343 4231 Polycarpi,
3388 4160 3613 4214 nomine

2036 4253 2293 4309 Ecclesiae
2345 4248 2696 4324 Smyrnensis
2754 4253 2824 4307 ab
2888 4251 3150 4307 Evaresto
3209 4251 3608 4321 conscriptam,

2036 4346 2252 4402 Marcus
2290 4348 2547 4417 quidam,
2588 4362 2685 4401 seu
2719 4344 3021 4400 Martianus
3053 4343 3203 4415 (58),
3241 4344 3309 4399 ad
3335 4343 3613 4399 Philome-

2039 4439 2241 4493 lienses
2272 4440 2495 4508 pertulit
2535 4440 2673 4509 (59).
2726 4437 3015 4507 Exemplar
3068 4446 3247 4491 autem
3302 4436 3468 4506 hujus
3494 4436 3611 4504 eri-

2042 4532 2196 4587 stolae
2236 4532 2427 4586 habuit
2468 4532 2738 4595 lrenaeus,
2775 4530 2923 4599 quod
2958 4527 3128 4583 Gaius
3156 4527 3278 4597 ejus
3306 4527 3611 4594 discipulus

2040 4624 2349 4694 descripsit,
2378 4633 2432 4679 et
2455 4630 2579 4692 post
2606 4638 2730 4678 eum
2755 4619 3008 4676 Socrates
3031 4619 3250 4688 quidam
3266 4618 3605 4681 Corinthius,

2039 4727 2201 4787 atque
2230 4719 2390 4781 alius,
2420 4715 2644 4770 Pionius
2673 4715 2895 4769 nomine
2920 4713 3055 4786 (40).

2109 4809 2177 4865 ν.
2211 4810 2467 4881 Epistola:
2511 4806 2857 4862 varncnsis
2892 4805 3148 4861 Ecclesia:
3187 4805 3452 4876 optimum
3502 4803 3608 4855 Eu-

430 5000 549 5075 (25)
585 4999 722 5075 Vide
746 4999 960 5075 Proleg.
987 4998 1054 5055 ad
1081 4998 1242 5069 epist.
1279 4998 1337 5053 S.
1368 4996 1665 5064 Barnabaz,
1700 4997 1929 5067 hujusce
1960 5006 2005 5061 ι)
2031 4995 2176 5075 melii
2215 4993 2504 5065 epistolam
2539 4986 3151 5075 nostramninescript‘am
3172 4984 3604 5075 [fictisse‘ftat‘uit

353 5069 569 5128 Pati-ul.
599 5083 636 5126 t.
665 5069 730 5125 ll.
758 5070 915 5126 Em'r.

451 5145 543 5211 26)
570 5141 685 5197 (ππ.
708 5141 924 5211 Proleg.
959 5141 1024 5196 ad
1060 5138 1117 5193 S.
1146 5137 1470 5211 Barnaham.

450 5207 542 5277 27)
573 5212 718 5266 Hist.
756 5207 911 5265 theoi.
948 5213 1072 5265 crit.
1102 5218 1141 5263 t.
1179 5210 1219 5274 1,
1245 5225 1298 5277 p.
1331 5207 1594 5263 551-556.

428 5277 550 5365 (28).
576 5281 1074 5365 ϐοηξιερξαείονιεέ.
1098 5281 1177 5365 (ξς.
1213 5277 1728 5365 ιΙιεοζρρὶρηΡαιναηι
1757 5286 1931 5347 apost.

355 5348 573 5421 morali,
606 5371 660 5422 p.
686 5352 886 5418 60-69,
927 5368 979 5422 p.
1015 5351 1220 5422 74-84,
1253 5348 1527 5422 [275-78.

457 5419 860 5493 ‘29)Patrolog.
891 5419 997 5488 tfl,
1024 5438 1077 5493 p.
1108 5419 1365 5476 159-162.

486 5438 552 5493 :9)
584 5438 860 5492 rati-0mg.
891 5438 931 5476 ι.
959 5438 997 5488 ι,
1108 5445 1111 5451 ⁴

486 5494 543 5563 0)
576 5494 718 5548 Hist.
755 5492 882 5547 εδει.
911 5509 987 5559 1v,
1057 5494 1111 5548 5.

452 5566 541 5633 51)
574 5563 714 5618 Ibid.
748 5574 863 5617 not.
888 5566 938 5616 1.

428 5635 544 5704 (52)
576 5634 811 5689 Biblioth
840 5645 1069 5704 veterum
1094 5632 1320 5704 Patrum
1373 5632 1410 5704 _l.
1443 5645 1494 5685 c.
1525 5643 1836 5704 p_._1_.xxxtx.

429 5700 543 5776 (55)
583 5705 761 5761 Schol.
793 5704 979 5776 inVEp.
1005 5703 1220 5774 Smyrn.
1252 5701 1425 5768 Eccl.,
1461 5716 1515 5770 p.
1542 5700 1663 5754 115.

430 5776 544 5845 (56)
583 5778 730 5830 Hist.
762 5775 891 5830 eccl.
922 5792 994 5839 tv,
1026 5776 1113 5830 15.
1389 5845 1397 5846 7
1463 5843 1478 5846 _
1510 5845 1516 5846 ί
1745 5836 1837 5846 Μ,

430 5835 544 5919 (55)
574 5846 690 5902 Non
736 5835 1280 5915 Philadelphensibus.
1310 5845 1403 5903 sed
1453 5841 1702 5900 ﬁdelibus
1740 5835 1891 5891 Philo
1918 5864 1925 5873 α

587 5943 865 6005 Pyrum“
922 5942 1040 6003 Gn.
1104 5942 1178 6003 V.

2025 5054 2389 5129 Jacobsouus,
2417 5078 2581 5133 quem
2607 5076 2707 5133 uos
2730 5058 2902 5133 secuti
2930 5054 3139 5133 sumus.
3172 5054 3436 5133 Cfr._quae
3464 5054 3604 5109 infra

2063 5137 2096 5191 d
2129 5126 2538 5204 inscriptionem
2561 5130 2737 5204 hujus
2773 5126 3028 5204 Epistolas:
3057 5127 3459 5179 adnotavimus.

2105 5204 2221 5273 (56)
2380 5202 2530 5276 Eccl.
2557 5196 2878 5276 gm'yrnqgc.
2907 5196 2998 5249 20.

2126 5265 2216 5338 57)
2245 5265 2370 5328 Not.
2412 5274 2436 5326 1
2468 5273 2533 5327 ad
2560 5265 2759 5325 Euseb.
2793 5266 2938 5320 Hist.
2970 5266 3097 5319 πει.
3130 5281 3203 5332 tv,
3233 5265 3319 5319 15.

2125 5346 2213 5411 58)
2239 5343 2318 5398 lta
2348 5344 2567 5398 exhibet
2595 5349 2763 5411 vet_us
2780 5338 3068 5411 interpres.

2129 5406 2220 5483 59)
2252 5413 2383 5467 Vide
2413 5412 2635 5483 Martyr.
2672 5408 2979 5483 Polycarpi,
3007 5406 3175 5483 ego,

2129 5424 2220 5483 59)
2257 5424 2383 5467 Vide
2413 5424 2635 5481 martyr.
2672 5424 2979 5478 relycarpt,
3007 5424 3055 5461 c.
3084 5424 3175 5460 zu.

2102 5424 2218 5556 (4ορ
2248 5482 2592 5556 Ιιήιιηοηὲέ.
2619 5484 2759 5556 Acta
2781 5474 3135 5556 qntiaedainhS.
3157 5475 3439 5556 Po,ycarpi
3467 5492 3601 5556 apti-

2032 5536 2525 5618 ria‘,—Pionioihiuic
2556 5550 2762 5605 auctori
2798 5536 2944 5601 'falso
2976 5548 3209 5618 tributa,
3248 5536 3440 5602 Petrus
3468 5536 3599 5599 Hala

2030 5614 2233 5679 loirtius
2272 5625 2326 5677 in
2354 5622 2487 5677 Vitis
2514 5620 2740 5674 Patrum
2771 5617 3057 5682 t)riental.,
3087 5627 3127 5670 t.
3160 5614 3202 5680 l,
3240 5626 3294 5669 et
3324 5624 3444 5685 post
3475 5632 3597 5669 eum

2033 5693 2329 5751 Bollandus
2368 5694 2534 5751 edidit
2584 5693 2636 5747 in
2678 5689 2825 5744 Actis
2860 5685 3216 5753 Sanctorum,
3258 5687 3327 5740 ad
3358 5688 3500 5743 diem
3529 5685 3598 5739 26

2027 5764 2251 5821 lanuar.

3210 5918 3289 5976 32
