4142 6386
508 372 648 428 1003

1706 364 2195 424 δμροιγαιιιιιη
2228 347 2587 427 nanivms

3616 373 3756 429 1006

510 492 692 545 sebius
744 487 971 558 prabuit
1016 486 1423 552 testimonium,
1483 485 1575 556 qui
1644 486 1912 557 potiorem
1964 488 2083 558 ejus
2114 496 2155 548 Α
2188 488 2320 544 false
2369 490 2738 555 ascribuntur,
2772 489 3019 557 genuina
3069 488 3473 559 Smyrnaorum
3515 488 3761 559 epistola

510 594 714 653 partem
746 580 999 634 Historia:
1044 594 1157 633 sua
1203 579 1471 643 inseruit,
1508 578 1659 633 hisce
1702 578 1884 633 verbis
1917 579 2031 647 (4i)
2068 597 2079 631 :

521 675 607 727 Ἐν
638 670 815 742 τούτῳ
863 670 919 723 δὲ
966 670 1252 741 (tempore)
1292 672 1322 722 ό
1371 668 1763 741 Πολύκαρπος,
1811 668 2083 739 μεγίστων

504 767 599 838 τὴν
657 764 839 821 Ἀσίαν
888 762 1407 833 ἁναθορυὸησάνυων
1456 761 1745 831 διωγμῶν,
1799 762 2084 833 μαρτυρίῳ

504 859 822 913 τελειοῦται.
875 856 1327 923 Ἀναγκαιότατον
1369 854 1427 907 δὲ
1462 853 1629 907 αὑτοῦ
1673 854 1733 906 τὸ
1770 853 1955 917 τέλος,
1987 855 2081 921 ὲγ-

503 952 730 1023 γράφως
776 949 857 1001 ἔτι
914 949 1243 1020 φερόμενον,
1290 946 1529 1016 ἡγοῦμαι
1578 945 1688 998 δεῖν
1742 945 1932 1017 μνήμῃ
1982 945 2082 1013 τῆς

503 1044 743 1116 ἱστορίας
789 1042 950 1113 τῆσδε
1001 1040 1353 1094 καταθέσθαι.
1407 1040 1562 1091 Ἔστι
1605 1038 1663 1091 δὲ
1712 1039 1746 1108 ἡ
1784 1037 1969 1109 γραφὴ
2016 1037 2080 1090 ὲκ

503 1132 798 1203 προσώπου
840 1128 909 1203 ἦς
940 1130 1102 1191 αὐτὸς
1148 1129 1472 1199 Ἐκκλησίας
1518 1130 1735 1198 ἠγεῖτο,
1770 1130 1889 1190 ταῖς
1938 1127 2081 1181 κατὰ

504 1225 703 1278 Πόντον
752 1224 1068 1294 παροικίαις
1124 1222 1191 1275 τὰ
1246 1222 1366 1274 κατ’
1415 1220 1575 1273 αὑτὸν
1630 1220 2081 1290 ἀποσημαίνουσα

501 1318 589 1371 διὰ
621 1316 844 1377 τούτων,
874 1332 927 1367 κ.
956 1332 1005 1367 τ.
1038 1314 1089 1367 λ.
1124 1312 1439 1383 Sequuntur
1482 1311 1645 1366 verba
1687 1309 1939 1379 Epistola
1976 1324 2077 1364 no—

503 1420 649 1466 εινεε.

573 1501 798 1564 Ibidem,
827 1508 1116 1570 postquam
1155 1498 1425 1552 Eusebius
1460 1496 1629 1551 multa
1663 1495 1888 1564 protulit
1918 1510 1983 1549 ex
2016 1509 2078 1547 ea

501 1591 753 1659 epistola,
787 1589 1064 1645 concludit
1106 1588 1191 1642 his
1224 1587 1399 1641 verbis
1428 1602 1441 1636 :
1476 1586 1555 1638 Τὰ
1591 1585 1688 1655 μὲν
1720 1583 1784 1657 δὴ
1812 1584 1951 1637 κατὰ
1988 1583 2081 1636 τὸν

503 1682 807 1753 θαυμάσιον
853 1683 949 1735 καὶ
988 1678 1343 1734 ἀποστολικὸν
1392 1676 1747 1747 Πολύκαρπον
1769 1715 1783 1738 ,
1838 1674 2077 1728 τοιούτου

502 1776 808 1847 κατηξίωτο
838 1776 1043 1838 τέλους,
1072 1774 1180 1827 τῶν
1203 1773 1345 1827 κατὰ
1378 1771 1475 1842 τὴν
1504 1770 1824 1841 Σμυρναίων
1853 1769 2079 1838 Ἐκκλη-

2188 581 2329 633 mala
2366 579 2555 634 fraude
2601 580 2869 649 adjunxit.
2905 580 3099 635 Verbis
3136 581 3281 633 enim
3326 580 3508 643 καθὼς
3531 580 3762 650 δηλώσω

2186 676 2245 726 ὲν
2278 672 2355 743 τῷ
2394 672 2629 742 καθεξῆς
2670 671 3130 727 Pseudo—Pionius
3163 672 3386 736 indicat,
3423 673 3756 740 sequentibus

2187 766 2245 827 (ἰ.
2275 782 2325 821 e.
2356 766 2506 819 Actis
2548 765 2753 833 spuriis
2782 765 3029 835 adjectis)
3077 780 3137 818 se
3178 764 3584 819 declaraturum
3610 778 3754 828 esse,

2185 873 2306 917 aua
2352 856 2691 928 Polycarpus
2728 872 2823 925 per
2866 856 3252 911 revelationem
3290 854 3397 928 ipsi
3440 854 3760 910 manifesta-

2186 949 2339 1003 verit.

2256 1036 2368 1092 VII.
2438 1036 2737 1107 Epistolam
2803 1036 3057 1093 Ecclesia
3128 1034 3481 1107 Smyrnensis
3548 1035 3759 1104 primus

2183 1130 2367 1185 Graec
2411 1140 2465 1184 et
2507 1129 2699 1184 Latine
2742 1129 2856 1200 (sed
2892 1129 3081 1185 Graec
3116 1144 3223 1183 non
3270 1128 3561 1199 integram)
3591 1127 3761 1181 edidit

2182 1224 2377 1280 Petrus
2406 1223 2709 1278 Iialloixius
2736 1224 2790 1277 in
2828 1222 2960 1277 Vitis
2987 1222 3213 1276 Patrum
3240 1221 3470 1284 0rient.,
3504 1227 3544 1273 t.
3578 1217 3754 1289 l(47).

2183 1320 2450 1387 Integram
2496 1323 2681 1369 autem
2725 1330 2845 1368 eam
2886 1329 3030 1368 anno
3074 1312 3211 1366 1617
3262 1309 3496 1365 Londini
3538 1326 3605 1364 ex
3649 1308 3760 1363 Me-

2183 1403 2401 1472 nologio
2455 1401 2643 1457 Graco
2700 1417 2833 1456 mss.
2870 1400 3094 1458 Barocc.
3140 1399 3415 1471 evulgavit
3473 1397 3761 1462 Usserius,

2182 1493 2408 1550 Parisiis
2446 1493 2772 1549 Cotelerius.
2816 1492 3081 1548 Eamdem
3121 1493 3317 1549 deinde
3356 1484 3511 1547 Actis
3552 1502 3759 1562 marty-

2182 1604 2301 1641 rum
2339 1587 2557 1641 sinceris
2596 1585 2897 1641 Ruinartus
2938 1588 3203 1653 intexuit,
3243 1596 3299 1641 et
3339 1586 3610 1641 Smithius
3644 1587 3761 1640 edi-

2181 1682 2317 1737 tioni
2356 1680 2491 1752 Epp.
2517 1680 2711 1750 Ignatii
2752 1690 2806 1734 et
2848 1679 3134 1752 Polycarpi
3174 1679 3383 1734 addidit
3424 1679 3585 1734 1709.
3614 1678 3761 1732 Smi—

2183 1773 2354 1827 thium
2392 1781 2613 1827 secutus
2652 1780 2737 1827 est
2778 1771 3117 1827 Gallandius.
3162 1770 3526 1826 Novissimam
3570 1780 3627 1827 et
3652 1771 3763 1825 ele-

502 1868 625 1921 σίαν
654 1866 898 1935 ἀδελφῶν
920 1865 1017 1936 τὴν
1047 1863 1309 1936 ἱστορίαν,
1342 1863 1399 1915 ὲν
1490 1858 1874 1930 δεδηλώκαμεν
1901 1857 2080 1913 αὐτῶν

2185 1866 2563 1938 εθιιιίςεὶιιιειιιι
2606 1865 2903 1920 editionem
2955 1865 3097 1918 1858
3158 1874 3212 1919 et
3275 1865 3416 1919 1840
3466 1864 3635 1935 (edit.
3687 1865 3760 1933 ιι)

500 1960 811 2029 Ἐπιστολῇ,
842 1955 1330 2027 κατατεθειμένων.

574 2053 649 2107 De
692 2051 953 2122 martyrio
999 2049 1057 2104 S.
1110 2046 1394 2119 Polycarpi
1436 2043 1673 2100 lrenaus
1717 2044 1832 2113 (42)
1862 2057 2082 2113 quoque

500 2145 664 2199 verba
696 2143 821 2198 fecit
850 2159 863 2193 :
906 2142 1027 2194 Ἐπὶ
1052 2140 1188 2193 πολὺ
1216 2139 1325 2209 γὰρ
1358 2136 1657 2208 παρέμεινε
1681 2135 2079 2207 (Polycarpus)°

500 2232 596 2285 καὶ
628 2231 769 2284 πάνυ
794 2228 1078 2300 γηραλέος,
1117 2226 1343 2293 ἐνδόξως
1366 2225 1459 2278 καὶ
1486 2225 1889 2293 ἐπιφανέστατα
1936 2242 2079 2295 μαρ-

497 2327 760 2398 τυρήσας,
794 2322 985 2393 ἐξῆλθε
1016 2321 1108 2375 τοῦ
1141 2320 1276 2391 βίου.

572 2419 840 2473 Similiter
868 2415 1235 2487 Hieronymus
1266 2414 1379 2487 (43)
1402 2430 1415 2466 :
1443 2413 1637 2467 Postea
1664 2429 1803 2477 vero,
1829 2424 2081 2483 regnante

504 2511 582 2566 Μ.
628 2512 895 2565 Antonino
935 2518 985 2563 et
1023 2508 1088 2563 L.
1132 2508 1349 2562 Aurelio
1389 2506 1700 2571 Commodo,
1742 2516 1933 2576 quarta
1965 2513 2085 2575 post

504 2602 771 2659 Neronem
796 2602 1175 2673 persecutione,
1210 2600 1472 2671 Smyrnae,
1501 2601 1708 2655 sedente
1750 2601 2081 2668 proconsule,

498 2705 552 2749 et
592 2696 833 2748 universo
880 2694 1071 2763 populo
1112 2693 1171 2746 in
1219 2692 1608 2763 amphitheatro
1665 2692 1916 2747 adversus
1964 2708 2082 2747 eum

498 2797 835 2857 personante,
864 2785 974 2855 igni
1005 2784 1238 2838 traditus
1261 2793 1358 2837 est.

575 2878 663 2934 Vl.
698 2877 891 2933 Totam
923 2878 1178 2933 Ecclesia
1201 2876 1554 2948 Smyrnensis
1580 2875 1864 2944 epistolam
1900 2890 2082 2942 nemo,

500 2988 663 3043 quem
687 2972 879 3035 sciam,
910 2972 965 3026 in
994 2970 1222 3025 dubium
1248 2969 1484 3033 vocavit,
1510 2968 1725 3037 ipsique
1756 2966 1929 3023 critici
1961 2966 2089 3037 rigi-

501 3065 715 3121 dissimi
758 3064 974 3118 laudem
1014 3063 1065 3117 ei
1107 3061 1415 3115 tribuerunt
1450 3060 1585 3129 (44).
1620 3058 1722 3121 Iis,
1751 3074 1873 3129 qua
1919 3074 2085 3127 supra

503 3159 583 3228 (n.
612 3158 665 3226 1)
688 3171 757 3210 ex
787 3153 1007 3209 Valcsio
1042 3151 1393 3223 protulimus,
1429 3163 1492 3204 ea
1537 3148 1833 3211 addemus,
1864 3162 1988 3215 qua
2022 3147 2085 3200 il-
2114 3208 2153 3228 η

502 3247 874 3304 lnstrissimus
914 3244 1226 3314 Sealigerus
1268 3242 1325 3296 in
1355 3238 1940 3295 Animadversionibus
1969 3239 2084 3295 suis

504 3339 831 3396 Eusebianis
863 3339 939 3408 (p.
976 3336 1100 3405 12I)
1140 3334 1338 3389 eﬂ‘atus
1378 3342 1481 3389 est.
1531 3331 1662 3387 Hac
1699 3341 1854 3397 sunt,
1884 3332 2082 3402 inquit,

502 3433 863 3487 vetustissima
891 3429 989 3483 illa
1023 3428 1275 3482 Ecclesia?
1297 3428 1585 3497 martyrio,
1611 3441 1835 3497 quorum
1864 3424 2088 3479 lectione

502 3527 715 3595 piorum
746 3524 954 3577 animus
1003 3522 1078 3573 ita
1109 3520 1354 3589 afﬁcitur,
1390 3526 1449 3572 ut
1480 3533 1750 3585 nunquam
1787 3526 1941 3571 satur
1964 3516 2087 3571 inde

503 3618 720 3680 redeat;
752 3616 890 3686 quod
918 3614 1128 3685 quidem
1156 3614 1233 3665 ita
1260 3628 1390 3677 esse,
1418 3611 1776 3681 unusquisque
1802 3625 1897 3679 pro
1928 3617 2088 3679 captu

506 3724 602 3763 suo
645 3717 695 3761 et
747 3700 1083 3760 conscientia
1118 3703 1274 3757 modo
1330 3703 1526 3756 sentire
1568 3710 1758 3771 potest.
1802 3699 1955 3755 Certe
1993 3715 2087 3771 ego

504 3800 639 3856 nihil
664 3815 895 3871 unquam
925 3800 979 3851 in
1017 3796 1243 3851 historia
1281 3795 1641 3849 ecclesiastica
1682 3794 1813 3859 uidi,
1853 3810 1887 3847 a
1934 3792 2087 3862 cujus

506 3892 731 3946 lectione
768 3888 1082 3942 commotior
1124 3885 1400 3950 recedam,
1430 3893 1487 3938 ut
1532 3900 1636 3938 non
1684 3882 1912 3953 amplius
1942 3898 2087 3936 meus

506 3999 618 4039 esse
646 3981 850 4036 videar.

580 4074 795 4129 Nostris
825 4070 1165 4142 temporibus
1180 4069 1485 4141 prasertim
1521 4067 1819 4124 Mablerus
1848 4066 2090 4138 epistola

508 4164 674 4233 hujus
714 4176 941 4217 causam
979 4160 1090 4231 egit
1129 4161 1268 4232 (45).

582 4252 886 4307 Nonnullas
922 4250 1175 4315 lacinias,
1228 4248 1534 4321 prasertim
1582 4246 1824 4303 fabulam
1873 4247 1943 4304 de
1991 4264 2089 4305 co-

509 4344 697 4399 lumba
727 4358 777 4397 c.
814 4342 902 4409 16,
934 4341 1191 4411 Epistola
1235 4348 1442 4395 nostra
1486 4354 1517 4393 a
1562 4338 1960 4409 posterioribus
1994 4340 2093 4395 ad-

510 4437 655 4491 ditas
700 4450 842 4501 esse,
898 4432 1298 4489 contenderunt
1350 4429 1669 4486 Heumanus
1711 4429 1825 4501 (46)
1870 4440 1925 4487 et
1967 4431 2088 4499 alii;

515 4546 627 4589 non
656 4526 836 4597 plane,
860 4534 922 4581 ut
947 4525 1183 4592 videtur,
1214 4524 1436 4595 injuste.

585 4642 855 4715 Equidem
888 4642 1137 4697 ultimam
1166 4640 1364 4711 capitis
1395 4639 1469 4693 9.2
1506 4638 1849 4709 particulam,
1877 4653 1998 4709 qua
2021 4637 2090 4694 de

510 4735 705 4791 Pionio
738 4736 1004 4806 loquitur,
1045 4734 1292 4805 spuriam
1340 4746 1539 4788 censeo
1583 4741 1638 4787 et
1680 4732 1747 4787 ab
1781 4732 1874 4786 illo
1905 4730 2089 4786 confe-

512 4840 680 4897 ctam,
710 4829 805 4899 qui
837 4828 1188 4899 supposititia
1221 4826 1323 4881 ista
1355 4824 1415 4879 S.
1442 4823 1729 4895 Polycarpi
1767 4832 1910 4890 acta,
1952 4838 2093 4894 quo-

514 4936 637 4977 rum
699 4935 862 4990 supra
917 4919 1247 4973 mentionem
1306 4917 1574 4981 fecimus,
1623 4931 1855 4986 quaque
1896 4914 2089 4970 Pionio

587 5101 701 5171 (Μ)
735 5098 882 5153 Hist.
910 5097 1036 5171 eccl.
1062 5112 1134 5161 tv,
1162 5097 1250 5171 1ξ.

739 5172 871 5223 Adv.
910 5168 1060 5223 Har.
1091 5183 1177 5233 ιιι,
1204 5168 1258 5221 5.
1292 5166 1449 5236 Apud
1480 5162 1677 5220 Euseb.
1718 5161 1865 5217 Hist.
1903 5162 2090 5217 eecles.

518 5258 713 5381 ιγ’(ιὲἕ)
736 5308 1125 5381 gatalLscript.
1163 5307 1293 5381 θεοί.
1324 5323 1373 5361 c.
1403 5306 1492 5381 17.

592 5374 709 5449 (44)
736 5379 869 5435 Vide
897 5374 1541 5449 Tilleinonyﬂémoires,
1576 5388 1705 5449 ete.,
1739 5388 1779 5433 t.
1807 5374 1853 5449 Il
1874 5416 1889 5442 ,
1910 5391 1965 5447 p.
1989 5375 2093 5449 341

522 5467 669 5520 sqq.,
691 5447 829 5506 edit.
855 5449 1081 5520 Yeneta,
1109 5447 1249 5502 1732
1300 5458 1355 5503 et
1378 5447 1592 5505 Fabric.
1632 5448 1776 5503 Bibl.
1812 5447 1931 5515 Gr.,
1964 5447 2095 5504 edit.

525 5518 759 5591 Harles.,
782 5530 823 5577 t.
858 5518 969 5588 VII,
1001 5536 1055 5591 p.
1078 5521 1168 5575 51.

2111 5744 2184 5761 ’Ἴ

2184 1958 2381 2013 Oxonii
2435 1959 2709 2027 evulgavit
2765 1956 3139 2023 Jacobsonus,
3198 1957 3375 2013 tribus
3440 1957 3759 2020 codicibus,

2184 2051 2542 2116 Barocciano,
2567 2050 2816 2108 Parisino
2831 2061 2887 2105 et
2901 2045 3585 2105 Casareo-Vindobonensi
3605 2065 3759 2104 usus.

2256 2142 2391 2198 VIII.
2434 2141 2511 2198 De
2553 2144 2798 2196 doctrina
2841 2142 3007 2211 hujus
3047 2142 3294 2212 epistola
3334 2140 3436 2197 cl‘r.
3478 2140 3762 2212 Lumpcr.,

2185 2233 2329 2289 Hist.
2366 2234 2525 2290 theol.
2558 2236 2703 2302 crit.,
2729 2244 2770 2289 t.
2796 2236 2874 2299 ιι,
2899 2250 2953 2304 ρ.
2986 2235 3248 2289 453-459.

2259 2326 2350 2381 IX.
2398 2327 2677 2383 Addamus
2722 2328 2959 2397 denique
3012 2343 3136 2397 qua
3178 2326 3422 2383 Thomas
3467 2327 3761 2395 Smithius,

2182 2420 2339 2475 testis
2367 2420 2663 2493 αὐτόπτης,
2700 2421 2767 2474 de
2812 2418 3133 2492 Smyrncnsi
3179 2420 3606 2490 amphitheatro,
3651 2437 3765 2490 quo

2186 2510 2244 2565 S.
2290 2511 2625 2583 Polycarpus
2665 2522 2874 2584 martyr
2913 2513 3185 2584 gloriosus
3227 2514 3384 2579 obiit,
3428 2515 3605 2585 deque
3644 2516 3765 2585 ejus

2185 2603 2437 2672 sepulcro
2474 2613 2696 2658 enarrat
2731 2604 2817 2659 his
2847 2605 3026 2660 verbis
3057 2603 3171 2675 (48)
3204 2620 3217 2656 :
3256 2622 3276 2655 ι
3318 2604 3397 2659 Ad
3444 2606 3647 2672 latera,
3680 2606 3759 2658 in-

2183 2696 2339 2767 quit,
2376 2695 2603 2750 alterius
2647 2704 2819 2765 porta
2855 2696 3035 2763 arcis,
3076 2712 3200 2765 qua
3246 2697 3313 2752 ad
3353 2697 3619 2752 orientem
3656 2707 3762 2761 est,

2185 2789 2367 2843 adhuc
2402 2789 2654 2843 visuntur
2679 2789 2802 2843 dua
2836 2791 3053 2859 aquila,
3084 2789 3459 2845 Romanorum
3503 2790 3763 2860 insignia,

2185 2880 2530 2951 Iargiuscula
2574 2890 2629 2935 et
2680 2881 2819 2935 belle
2851 2882 3071 2952 quidem
3107 2882 3413 2938 delineata.
3452 2880 3591 2937 Hine
3624 2882 3771 2936 inter

2188 2974 2653 3039 descendendum,
2685 2973 2924 3043 amplum
2971 2974 3442 3044 amphitheatrum
3492 2975 3560 3029 ad
3600 2972 3767 3028 Nota-

2189 3066 2480 3136 peliotem,
2514 3081 2624 3135 quo
2670 3064 2728 3121 S.
2777 3065 3114 3137 Polycarpus
3162 3067 3426 3137 martyrio
3470 3080 3767 3123 coronatus

2188 3170 2306 3224 est,
2351 3158 2677 3212 intravimus
2698 3197 2713 3221 ,
2746 3157 3009 3227 gradibus
3055 3158 3238 3213 saxeis
3269 3173 3300 3212 a
3335 3157 3533 3213 Turcis
3573 3159 3640 3214 ad
3670 3174 3766 3213 or-

2190 3248 2403 3303 nandas
2425 3248 2568 3301 ades
2602 3248 2753 3301 illinc
2779 3246 3032 3302 sublatis.
3069 3248 3126 3301 In
3158 3248 3318 3318 cujus
3350 3248 3612 3304 lateribus
3645 3248 3768 3303 dua

2189 3356 2456 3405 caverna,
2498 3340 2699 3410 quibus
2738 3340 3134 3395 claudebantur
3165 3340 3373 3404 leones.
3403 3341 3506 3396 sibi
3533 3342 3769 3396 invicem

2188 3441 2558 3501 opponuntur.
2588 3429 2915 3501 Sepulcrum
2966 3430 3023 3485 S.
3064 3430 3374 3502 Polycarpi,
3407 3432 3553 3502 quod
3596 3433 3649 3487 in
3681 3433 3766 3487 la—

2188 3530 2304 3579 tere
2333 3523 2540 3577 montis
2579 3522 2842 3577 adversus
2874 3519 3292 3580 Euro-austrum
3326 3524 3507 3578 adhuc
3546 3539 3769 3579 conser-

2188 3624 2370 3683 vatur,
2412 3614 2586 3669 Graci
2610 3615 2698 3669 die
2726 3613 2885 3679 festo,
2911 3615 3084 3683 ipsius
3107 3616 3387 3670 memoria
3422 3626 3769 3680 consecrato,

2189 3725 2291 3780 pro
2327 3723 2504 3775 more,
2540 3709 2635 3777 qui
2675 3707 2819 3777 apud
2858 3708 3010 3778 ipsos
3048 3708 3280 3774 obtinet,
3320 3709 3638 3763 solemniter
3678 3709 3766 3761 in-

2191 3802 2396 3857 visunt.
2450 3799 2627 3855 Situm
2683 3808 2768 3855 est
2814 3800 2868 3854 in
2929 3800 3165 3870 quadam
3221 3800 3470 3867 aedicula,
3525 3802 3776 3857 ecclesia

2190 3894 2333 3950 forte
2359 3895 2581 3959 sacello,
2615 3894 2737 3957 alii,
2764 3909 2861 3963 per
2885 3910 3050 3965 quam
3093 3894 3223 3949 illuc
3245 3896 3638 3950 transeundum
3663 3906 3770 3961 est,

2189 3991 2468 4058 contigua.
2511 3988 2570 4040 In
2623 3987 2728 4041 hoe
2764 3994 3122 4041 monumento
3173 3986 3569 4053 instaurando,
3612 3988 3657 4043 si
3699 3990 3771 4042 ab

2188 4078 2644 4150 impressionibus
2684 4079 2883 4143 aeriis,
2923 4078 2969 4132 si
3009 4093 3040 4132 a
3075 4078 3306 4142 Turcis,
3347 4080 3394 4133 si
3434 4095 3464 4133 a
3500 4078 3776 4135 Christia—

2192 4172 2278 4227 nis
2313 4169 2776 4237 Occidentalibus,
2805 4171 2897 4239 qui
2938 4168 3242 4239 lragntenta
3280 4172 3573 4226 marmoris
3610 4172 3772 4241 quasi

2192 4273 2273 4319 tot
2319 4264 2583 4333 reliquias
2638 4263 2835 4317 exinde
2882 4262 3111 4329 tollunt,
3161 4263 3389 4317 ladatur
3444 4272 3775 4318 temeretur-

2192 4372 2331 4427 que;
2373 4356 2662 4412 laudabilis
2702 4355 2919 4410 illorum
2975 4356 3279 4411 collocatur
3318 4370 3482 4425 opera
3507 4397 3523 4422 ,
3564 4352 3670 4409 olla
3710 4355 3777 4408 ti-

2195 4449 2309 4504 ctili
2349 4464 2570 4519 quoque
2609 4447 3040 4517 illicjapposita,
3084 4449 3137 4502 in
3177 4464 3343 4518 quam
3384 4448 3621 4518 quisque
3658 4446 3777 4501 fere

2119 4547 2167 4606 1)
2192 4556 2303 4611 pra
2354 4540 2737 4605 veneratione,
2774 4555 2881 4609 qua
2931 4555 3061 4610 erga
3110 4539 3219 4593 τὸν
3262 4539 3779 4610 Μεγαλομάρτυρο

2199 4650 2298 4708 pro
2335 4634 2557 4690 Christo
2607 4633 2808 4689 invicta
2862 4633 3032 4687 animi
3083 4634 3373 4703 prasentia
3426 4634 3566 4687 mori
3606 4634 3781 4687 susti-

2192 4737 2411 4783 nentem
2452 4726 2649 4792 fertur,
2690 4726 2801 4780 illic
2853 4726 3052 4780 ductus
3103 4727 3371 4796 pauculos
3410 4740 3605 4795 aspros
3640 4740 3777 4778 con-

2186 4822 2342 4893 jicit,
2392 4828 2453 4875 ut
2497 4820 2553 4874 in
2604 4834 2768 4873 omne
2822 4834 2998 4874 avum
3049 4828 3332 4888 perennet.
3382 4837 3401 4870 ›
3446 4816 3574 4874 Hae
3627 4816 3778 4871 Smi-

2198 4914 2364 4969 thius.

2268 5090 2384 5161 (45)
2414 5088 2718 5160 Patrolog.,
2754 5097 2796 5145 t.
2826 5087 2868 5156 l,
2902 5104 2955 5160 p.
2978 5088 3104 5144 410.
3136 5087 3252 5145 Cfr.
3290 5086 3561 5155 Neander,
3585 5086 3777 5143 Kirclr.

2199 5160 2385 5217 Gesch.
2420 5172 2460 5216 t.
2491 5162 2533 5229 I,
2567 5177 2623 5231 p.
2666 5161 2788 5215 759.

2270 5232 2385 5301 (46)
2415 5231 2550 5287 Vide
2568 5230 2694 5285 not.
2726 5230 2792 5286 ad
2828 5248 2878 5288 c.
2912 5232 3001 5287 16.

2272 5299 2386 5371 (47)
2416 5302 2546 5358 Duae
2577 5312 2796 5357 exstant
2821 5304 3101 5358 versiones
3138 5300 3399 5370 antiqua,
3424 5314 3655 5371 quarum
3697 5299 3780 5354 al-

2198 5380 2312 5429 tera
2340 5374 2689 5444 metaphrasis
2716 5374 2897 5443 potius
2925 5388 3090 5444 quam
3122 5374 3420 5444 versioest.

2274 5444 2388 5515 (48)
2403 5437 2595 5515 mm.
2628 5437 2760 5511 sep't.
2790 5437 3137 5515 Asia-Eccl“
3158 5458 3212 5515 p_.
3254 5442 3379 5509 164,
3410 5441 3540 5499 edit.
3576 5437 3787 5509 0:00.,

2204 5513 2377 5572 1672(
2400 5513 2657 5586 Lumper.
2687 5515 2725 5570 l.
2755 5529 2832 5581 c.,
2858 5526 2897 5571 t.
2932 5515 2997 5583 II,
3024 5529 3079 5586 p.
3111 5513 3242 5571 461.
