4142 6386
429 348 567 404 1005
1511 358 1848 415 EPISTULA
1885 361 1976 416 AD
2010 362 2065 417 Pl

2040 358 2516 422 ’HILIPPENSES.
3537 373 3676 433 1006

618 691 1056 864 ΤΟΥ
1145 698 1822 869 ΑΓΙΟΥ
1913 704 3484 884 ΠΟΛΥΚΑΡΠΟΥ

1304 1011 1704 1068 ΕΠΙΣΚΟΠΟΥ
1732 1010 2065 1071 ΣΜΥΡΝΗΣ
2104 1020 2224 1073 ΚΑΙ
2273 1020 2800 1076 ἰΕΡΟΜᾹΡΤΥΡΟΣ

653 1217 1121 1352 ΠΡΟΣ
1206 1152 2463 1364 ΦΙΑῙΠΠΗΣΙΟΥΣ
2552 1236 3433 1372 ΕΠΙΣΤΟΑΗ

808 502 941 507 ,,
1315 513 2905 537 -Ἡ
3440 523 3447 527 ,

1119 1627 1797 1793 SANCTI
1893 1637 2983 1799 POLYCARPI

599 1937 1480 2035 SMYRNIEORUM
1567 1944 2118 2039 EPISCOPI
2196 1950 2351 2038 ET
2442 1950 3465 2049 HIEROMABTYRIS

1633 2178 2412 2311 EPISTOLA

1388 2464 1577 2578 AD
1652 2464 2664 2583 PHILIPPENSES

386 2824 740 2907 Πολύκαρπος
792 2832 888 2888 καὶ
920 2835 968 2888 οἱ
1004 2835 1101 2889 σὺν
1150 2835 1300 2907 αὐτῷ
1333 2835 1693 2912 πρεσϐύτεροι
1742 2844 1806 2913 τῇ
1840 2842 1964 2897 Ἐκ-
1992 2849 2022 2906 Α

2011 2849 2040 2907 λ
2070 2840 2403 2914 Polycarpus
2431 2850 2483 2899 et
2512 2847 2605 2915 qui
2632 2839 2756 2903 cum
2795 2860 2861 2901 eo
2887 2846 3187 2919 presbyteri
3224 2847 3483 2907 Ecclesiae
3528 2851 3647 2920 Del,

454 2926 653 2998 κλησίᾳ
694 2926 788 2980 τοῦ
839 2926 974 2980 Θεοῦ
1008 2931 1074 3000 τῇ
1109 2931 1447 3004 παροικούσῃ
1495 2932 1793 2997 Φιλίππους
1828 2934 1961 3006 (49)·

2139 2950 2261 3004 quae
2290 2936 2668 3006 peregrinatur
2714 2936 3008 3007 Philippis:
3064 2940 3442 2996 misericordia
3486 2943 3646 2998 vobis

453 3021 600 3086 ἔλεος
641 3023 769 3092 ὑμῖν
802 3022 896 3073 καὶ
927 3022 1115 3092 εἰρήνη
1160 3021 1313 3093 παρὰ
1353 3022 1488 3076 Θεοῦ
1521 3027 1965 3099 παντοκράτορος

2138 3030 2195 3076 et
2231 3036 2338 3091 pax
2383 3037 2415 3077 a
2459 3022 2571 3078 Deo
2616 3026 3022 3094 omnipotente,
3055 3035 3108 3081 et
3152 3043 3182 3081 a
3231 3027 3462 3085 Domino
3516 3030 3644 3087 Jesu

450 3113 545 3165 καὶ
566 3113 770 3185 Κυρίου
788 3111 961 3183 Ἰησοῦ
982 3112 1220 3184 Χριστοῦ
1256 3113 1348 3166 τοῦ
1380 3115 1630 3186 Σωτῆρος
1647 3115 1805 3188 ἡμῶν
1827 3115 1966 3186 πλη.

1690 3115 1805 3187 μῶν
1827 3115 1966 3186 πλη-
2142 3112 2366 3170 Christo
2391 3112 2677 3171 Salvatore
2698 3124 2888 3171 nostro
2911 3118 3322 3188 multiplicetur.

451 3202 695 3257 θυνθείη.

640 3220 672 3274 η
1014 3299 1058 3352 Ι.
1105 3296 1251 3352 Laus
1281 3296 1343 3352 ob
1384 3298 1760 3371 benignitatem
1792 3317 1917 3372 erga
1946 3300 2144 3366 fratres
2180 3296 2384 3350 vinctos
2417 3302 2467 3347 et
2500 3292 2561 3346 ob
2587 3294 2796 3362 ﬁrmam
2823 3294 3002 3362 ﬁdem.

442 3412 755 3485 Συνεχάρην
804 3413 935 3484 ὑμῖν
983 3413 1235 3483 μεγάλως
1265 3415 1323 3467 ὲν
1356 3415 1548 3486 Κυρίῳ
1588 3416 1745 3487 ἡμῶν
1778 3414 1953 3487 Ἰησοῦ

2131 3409 2459 3480 Magnopere
2489 3407 2819 3479 congavisus
2850 3422 2972 3463 sum
3008 3407 3165 3464 vobis
3198 3409 3253 3463 in
3286 3408 3517 3467 Domino
3538 3424 3642 3468 noa

372 3503 613 3575 Χριστῷ,
648 3503 961 3575 δεξαμένοις
991 3504 1060 3558 τὰ
1095 3506 1387 3577 μιμήματα
1419 3506 1518 3575 τῆς
1550 3505 1781 3577 ἀληθοῦς
1813 3498 1953 3575 ἁγά-

2059 3508 2177 3558 stro
2220 3500 2350 3557 Jesu
2393 3499 2635 3564 Christo,
2685 3499 2832 3569 quod
2868 3514 3012 3554 verte
3049 3500 3340 3556 charitatis
3371 3502 3640 3575 imagines

372 3610 502 3667 πης,
538 3596 632 3649 καὶ
666 3595 1081 3667 προπέμψασιν,
1106 3597 1183 3660 ὡς
1215 3597 1477 3651 ἐπέϐαλεν
1498 3599 1646 3668 ὑμῖν,
1671 3598 1795 3661 τοὺς
1814 3599 1952 3651 ἐνει-

2057 3594 2401 3663 suscepistis,
2432 3601 2487 3646 et
2512 3590 2657 3661 quod
2688 3600 2853 3661 prout
2877 3591 3061 3646 decuit
3088 3607 3207 3661 vos,
3236 3594 3483 3650 comitati
3506 3598 3641 3653 estis

370 3684 682 3757 λημμένους
713 3689 827 3749 τοῖς
859 3687 1223 3759 ἁγιοπρεπέσι
1255 3687 1491 3759 δεσμοῖς,
1516 3689 1672 3743 ἆτινά
1702 3690 1816 3743 ἐστι
1835 3690 1950 3743 δια-

2055 3700 2170 3751 eos,
2200 3685 2294 3755 qui
2320 3682 2583 3753 implicati
2614 3692 2742 3737 sunt
2768 3682 3020 3749 vinculis,
3053 3699 3174 3754 quae
3205 3686 3412 3742 sanctis
3441 3702 3641 3742 conve-

368 3775 589 3847 ϐήματα
624 3775 732 3829 τῶν
767 3775 985 3848 ἀληθῶς
1018 3777 1125 3831 ὑπὸ
1156 3777 1292 3831 Θεοῦ
1327 3778 1420 3831 καὶ
1452 3778 1544 3831 τοῦ
1565 3777 1769 3850 Κυρίου
1793 3778 1949 3850 ήμῶν

2054 3778 2238 3844 niunt,
2266 3790 2497 3847 quaeque
2544 3773 2855 3830 diademata
2903 3784 3032 3829 sunt
3078 3790 3315 3841 eorum,
3366 3778 3462 3847 qui
3510 3794 3640 3834 vere

368 3867 791 3938 ὲκλελεγμένων·
835 3868 929 3921 καὶ
978 3869 1059 3921 ὅτι
1093 3870 1127 3940 ἡ
1162 3868 1353 3939 βεϐαία
1384 3869 1484 3941 τῆς
1515 3869 1749 3933 πίστεως
1794 3869 1951 3941 ὑμῶν

2052 3877 2183 3925 sunt
2219 3884 2250 3923 a
2283 3868 2394 3923 Deo
2424 3875 2478 3921 et
2502 3864 2731 3921 Domino
2760 3872 2950 3920 nostro
2982 3864 3175 3930 electi;
3203 3872 3257 3919 et
3288 3867 3437 3935 quod
3476 3867 3635 3923 ﬁrma

370 3960 524 4031 ῥίζα,
571 3960 630 4026 ἐξ
679 3960 922 4032 ἀρχαίων
968 3961 1439 4033 καταγγελλομένη
1487 3962 1731 4033 χρόνων,
1785 3962 1946 4037 μέχρι

2055 3959 2178 4015 ﬁdei
2207 3967 2403 4014 vestrae
2442 3956 2619 4023 radix,
2651 3955 2721 4011 ab
2757 3956 2998 4026 antiquis
3033 3957 3373 4025 temporibus
3422 3975 3636 4014 annun-

367 4050 466 4105 νῦν
512 4051 774 4123 διαμένει,
810 4052 903 4105 καὶ
952 4054 1291 4124 καρποφορεῖ
1322 4055 1401 4116 εἰς
1433 4046 1525 4106 τὸν
1556 4053 1760 4125 Κύριον
1791 4053 1949 4125 ἡμῶν
1980 4060 2003 4117 ί

1996 4060 2024 4115 3
2053 4053 2207 4117 tiata,
2243 4064 2418 4121 usque
2444 4048 2624 4104 adhuc
2651 4049 2669 4079 ί
2703 4054 2990 4117 permanet
3021 4062 3087 4103 ac
3116 4046 3356 4104 fructum
3389 4048 3549 4105 affert
3575 4052 3632 4106 in

365 4140 577 4215 Ἰησοῦν
609 4143 864 4215 Χριστὸν,
898 4143 957 4207 δς
989 4145 1279 4215 ὑπέμεινεν
1329 4144 1469 4215 ὑπὲρ
1509 4144 1618 4197 τῶν
1662 4143 1947 4215 ἁμαρτιῶν

2052 4141 2287 4196 Ι)οωίηο
2329 4146 2520 4194 nostro
2558 4136 2687 4193 Jesu
2724 4136 2967 4201 Christo,
3000 4138 3095 4207 qui
3127 4153 3227 4207 pro
3259 4139 3503 4208 peccatis
3533 4155 3634 4193 noa

365 4230 525 4303 ήμῶν
557 4232 661 4297 ἕως
694 4233 924 4287 θανάτου
959 4234 1316 4304 καταντῆσαι,
1344 4254 1362 4286 ι
1391 4235 1450 4289 ὃν
1481 4235 1699 4307 ἤγειρεν
1731 4237 1760 4289 ὁ
1789 4234 1944 4302 Θεὸς,

2051 4233 2181 4289 stris
2212 4246 2387 4301 usque
2428 4230 2497 4285 ad
2540 4237 2771 4284 mortem
2807 4227 3063 4283 devenire
3093 4229 3374 4294 sustinuit,
3421 4248 3440 4280 ι
3468 4245 3634 4299 quem

364 4322 533 4386 λύσας
566 4322 664 4386 τὰς
697 4322 892 4387 ὠδῖνας
925 4323 1019 4376 τοῦ
1053 4323 1199 4394 ᾅδου.
1235 4325 1331 4388 Είς
1374 4325 1433 4378 δν
1475 4326 1576 4378 οὐκ
1611 4324 1808 4388 ἰδόντες
1850 4341 1943 4377 πι-

2048 4320 2402 4378 resuscitavit
2448 4319 2593 4375 Deus
2623 4352 2639 4383 ,
2689 4318 2886 4375 solutis
2930 4317 3215 4374 doloribus
3273 4317 3473 4373 inferni
3497 4321 3540 4373 ².
3573 4318 3632 4374 ln

366 4412 606 4476 στεύετε,
630 4413 978 4477 πιστεύοντες
996 4414 1053 4467 δὲ
1084 4413 1413 4483 ἀγαλλιᾶσθε
1436 4415 1579 4485 χαρᾷ
1593 4413 1944 4485 ἀνεκλαλήτῳ

2049 4427 2211 4485 quem
2244 4428 2355 4469 non
2381 4412 2629 4467 videntes
2655 4410 2900 4475 creditis,
2922 4410 3206 4466 credentes
3236 4419 3419 4465 autem
3446 4411 3633 4467 exsul-

364 4505 459 4559 καὶ
489 4504 874 4578 δεδοξασμένῃ·
903 4523 922 4557 ι
946 4508 1027 4569 είς
1060 4508 1127 4578 ἢν
1163 4506 1347 4559 πολλοὶ
1385 4505 1742 4577 ἐπιθυμοῦσιν
1768 4509 1942 4562 εἰσελ-

2047 4504 2174 4559 tatis
2216 4503 2402 4559 laetitia
2444 4503 2798 4558 inenarrabili
2828 4512 2881 4557 et
2911 4503 3214 4573 glorilicata
3240 4502 3296 4568 ³;
3330 4521 3348 4554 ι
3377 4502 3431 4556 in
3463 4518 3628 4572 quam

363 4588 509 4661 θεῖν,
544 4596 743 4660 εἰδότες
775 4598 857 4650 ὅτι
918 4616 936 4648 ‹
963 4596 1148 4669 χάριτί
1200 4600 1323 4651 ὲστε
1358 4598 1723 4669 σεσωσμένοι,
1756 4600 1855 4652 οὐκ
1876 4603 1936 4672 ἐξ

2043 4595 2201 4649 multi
2251 4595 2568 4650 desiderant
2614 4595 2863 4661 introire,
2910 4595 3166 4657 scientes,
3195 4595 3344 4664 quod
3403 4613 3422 4646 ι
3452 4596 3628 4666 gratia

361 4685 561 4758 ἔργων,
589 4708 609 4740 ο
648 4688 784 4741 ἀλλὰ
803 4688 1068 4761 Θελήματι
1084 4688 1243 4755 Θεοῦ,
1262 4689 1349 4742 διὰ
1366 4689 1540 4749 Ἰησοῦ
1563 4689 1818 4762 Χριστοῦ.

2042 4688 2175 4743 estis
2202 4687 2416 4751 salvati,
2450 4702 2557 4742 non
2589 4703 2656 4742 ex
2683 4689 2941 4758 operibus
2977 4688 3021 4753 ⁸,
3049 4705 3069 4737 ι
3113 4686 3207 4742 sed
3224 4687 3506 4743 voluntate
3528 4687 3625 4743 Del

2044 4794 2139 4849 per
2159 4776 2346 4833 Jesum
2376 4777 2679 4833 Christum.

1586 4890 1652 4943 Il.
1693 4890 2011 4945 Adhortatio
2039 4891 2108 4945 ad
2138 4891 2405 4945 virtutem.

432 5001 546 5073 (50)
587 5021 605 5053 ι
647 5002 739 5055 Διὸ
785 5003 1195 5073 ἀναζωσάμενοι
1245 5003 1343 5067 τὰς
1388 5002 1595 5072 ὀσφύας
1646 5002 1802 5073 ὑμῶν
1834 5002 1945 5075 (51)

2130 5022 2148 5053 ι
2175 5004 2405 5073 Propter
2431 5003 2575 5073 quod
2600 5003 2867 5059 succincti
2892 5003 3112 5059 lumbos
3138 5010 3349 5059 vestros
3367 5002 3389 5035 ⁵
3420 5002 3619 5058 servite

357 5091 678 5147 δουλεύσατε
712 5093 789 5164 τῷ
820 5093 941 5165 Θεῷ
991 5096 1051 5147 ὲν
1085 5094 1234 5165 φόϐῳ
1264 5113 1282 5145 ι
1335 5095 1428 5147 καὶ
1479 5094 1726 5165 ἀληθείᾳ,
1760 5096 1950 5149 ἀπολί-

2050 5096 2161 5151 Deo
2189 5096 2245 5149 in
2280 5096 2477 5151 timore
2504 5098 2524 5128 ⁸
2553 5115 2572 5147 ι
2604 5105 2659 5150 οι
2681 5084 2929 5162 νενίιείο,
2948 5096 3318 5166 relinquentes
3334 5095 3496 5151 inane
3520 5111 3619 5149 va-

357 5183 553 5247 πόντες
585 5182 683 5254 τὴν
711 5184 877 5254 κενὴν
915 5183 1301 5254 ματαιολογίαν
1337 5183 1430 5237 καὶ
1464 5181 1561 5253 τὴν
1594 5181 1703 5235 τῶν
1737 5182 1947 5236 πολλῶν

2049 5187 2355 5257 niloquium
2403 5196 2459 5242 et
2504 5187 2650 5259 vulgi
2701 5199 2968 5253 errorem,
3004 5206 3023 5239 ι
3051 5187 3335 5244 credentes
3373 5186 3429 5241 in
3470 5202 3617 5251 eum,

358 5274 587 5347 πλάνην,
629 5296 647 5327 ι
677 5276 1065 5340 πιστεύσαντες
1115 5278 1194 5340 είς
1241 5272 1331 5328 τὸν
1375 5275 1665 5347 ἐγείραντα
1696 5275 1788 5327 τὸν
1834 5275 1949 5328 Κύ-

2049 5277 2144 5346 qui
2176 5276 2467 5332 Dominum
2500 5286 2751 5333 nostram
2799 5277 2986 5334 Jesum
3010 5276 3290 5338 Christum
3322 5293 3354 5332 e
3383 5277 3618 5332 mortuis

438 5415 456 5449 ⁸
482 5414 681 5486 Philip.
709 5416 816 5482 1,5.
896 5416 917 5445 ⁸
938 5413 1060 5468 Act.
1088 5428 1151 5476 ιι,
1180 5411 1271 5466 24.
1350 5410 1371 5441 ³
1393 5412 1413 5463 Ι
1436 5400 1583 5465 Petr.
1620 5423 1660 5476 1,
1694 5407 1747 5463 8.
1825 5407 2061 5480 Ἐριιθε.
2088 5409 2265 5480 ιι,8,9.
2286 5413 2307 5445 ⁵
2335 5412 2522 5469 IPetr.
2548 5413 2704 5482 1,15;
2740 5414 2940 5485 Ephes.
2968 5415 3153 5483 vi,l7.
3229 5414 3411 5471 ‘Psal.
3438 5432 3498 5481 ιι,
3528 5416 3613 5469 ll.

360 5624 371 5639 ξ
430 5569 543 5639 (49)
568 5569 648 5623 ita
664 5562 1778 5639 Jacobsonusecod.Y_at.Alii¢bt).£§rcocg.
1810 5560 1923 5639 Cir.
1955 5568 1998 5627 C
2031 5567 2101 5619 ad
2128 5564 2371 5639 Corinth.
2416 5584 2466 5624 c.
2514 5568 2566 5624 9.
2598 5568 2713 5624 Cfr.
2746 5568 3139 5639 Prolegomena
3172 5580 3364 5625 nostra
3392 5570 3459 5626 ad
3493 5571 3613 5636 epis

356 5638 378 5693 Ι
422 5632 596 5695 Clem.
628 5640 680 5711 l_,
700 5648 754 5711 et
783 5640 1194 5711 inscriptionem
1213 5635 1385 5705 Epist.
1420 5634 1565 5690 Eccl.
1601 5632 1821 5703 Siuyrn.
1862 5634 1931 5689 de
2036 5639 2209 5711 stolas
2240 5638 2296 5711 ξ.
2331 5639 2649 5703 Clementis,
2684 5656 2738 5696 n.
2763 5642 2797 5694 5
2829 5632 3007 5711 (Patr.
3043 5640 3136 5695 Gr.
3167 5650 3204 5695 t.
3234 5640 3298 5709 l).
3450 5696 3471 5707 νη

355 5706 973 5791 ωηειχτὶρΡοξγοοςρίί
1020 5789 1027 5791 Α
1264 5777 1279 5791 _
1328 5775 1382 5791 Μ
1552 5784 1589 5791 _r
1709 5773 1801 5791 π,
1840 5783 1852 5791 ⁸
1914 5790 1928 5791 7
2105 5706 2555 5779 (51)Prouomen
2580 5712 2820 5768 restituit
2840 5706 3191 5777 'Jacohsouus
3219 5706 3286 5769 ei
3315 5712 3471 5769 codd:

356 5804 359 5805 ν
434 5773 544 5861 βο)
588 5773 802 5836 Similia
848 5773 1100 5852 leguntur
1140 5777 1281 5850 apud
1325 5773 1929 5845 Clementem,Epist.t
