  <div class='ocr_page' id='page_1' title='image "/cluster/home/n/w/nwhite01/storage/ocr_20150623/5/coo.31924054872845/511.png"; bbox 0 0 4142 6416; ppageno 0'>
   <div class='ocr_carea' id='block_1_1' title="bbox 512 350 645 404">
    <p class='ocr_par' dir='ltr' id='par_1_1' title="bbox 512 350 645 404">
     <span class='ocr_line' id='line_1_1' title="bbox 512 350 645 404; baseline -0.008 0"><span class='ocrx_word' id='word_1_1' title='bbox 512 350 645 404; x_wconf 73' lang='grc'><strong>1607</strong></span> 
     </span>
    </p>
   </div>
   <div class='ocr_carea' id='block_1_2' title="bbox 1712 352 2579 413">
    <p class='ocr_par' dir='ltr' id='par_1_2' title="bbox 1712 352 2579 413">
     <span class='ocr_line' id='line_1_2' title="bbox 1712 352 2579 413; baseline 0.009 -8"><span class='ocrx_word' id='word_1_2' title='bbox 1712 352 1766 406; x_wconf 91' lang='lat' dir='ltr'><strong>S.</strong></span> <span class='ocrx_word' id='word_1_3' title='bbox 1812 352 2192 410; x_wconf 81' lang='lat' dir='ltr'><strong>POLYCARPI</strong></span> <span class='ocrx_word' id='word_1_4' title='bbox 2224 357 2579 413; x_wconf 63' lang='lat' dir='ltr'><strong>MARTYIHS</strong></span> 
     </span>
    </p>
   </div>
   <div class='ocr_carea' id='block_1_3' title="bbox 3632 361 3770 416">
    <p class='ocr_par' dir='ltr' id='par_1_3' title="bbox 3632 361 3770 416">
     <span class='ocr_line' id='line_1_3' title="bbox 3632 361 3770 416; baseline 0.014 -2"><span class='ocrx_word' id='word_1_5' title='bbox 3632 362 3653 414; x_wconf 89' lang='grc'><strong>1</strong></span> <span class='ocrx_word' id='word_1_6' title='bbox 3666 361 3770 416; x_wconf 82' lang='grc'><strong>008</strong></span> 
     </span>
    </p>
   </div>
   <div class='ocr_carea' id='block_1_4' title="bbox 506 472 2094 553">
    <p class='ocr_par' dir='ltr' id='par_1_4' title="bbox 506 472 2082 543">
     <span class='ocr_line' id='line_1_4' title="bbox 506 472 2082 543; baseline 0.004 -19"><span class='ocrx_word' id='word_1_7' title='bbox 506 473 809 539; x_wconf 63' lang='grc' dir='ltr'>δυεοίιιικίι,</span> <span class='ocrx_word' id='word_1_8' title='bbox 844 473 1004 543; x_wconf 83' lang='lat' dir='ltr'><strong>eique</strong></span> <span class='ocrx_word' id='word_1_9' title='bbox 1029 472 1257 542; x_wconf 79' lang='lat' dir='ltr'><strong>gloriam</strong></span> <span class='ocrx_word' id='word_1_10' title='bbox 1283 472 1429 528; x_wconf 90' lang='lat' dir='ltr'><strong>dedit</strong></span> <span class='ocrx_word' id='word_1_11' title='bbox 1454 474 1471 503; x_wconf 89' lang='grc'><strong>⁷</strong></span> <span class='ocrx_word' id='word_1_12' title='bbox 1505 492 1522 525; x_wconf 71' lang='grc' dir='ltr'><strong>ν</strong></span> <span class='ocrx_word' id='word_1_13' title='bbox 1551 488 1613 527; x_wconf 87' lang='lat' dir='ltr'><strong>ac</strong></span> <span class='ocrx_word' id='word_1_14' title='bbox 1642 474 1825 527; x_wconf 85' lang='lat' dir='ltr'><strong>sedem</strong></span> <span class='ocrx_word' id='word_1_15' title='bbox 1855 476 1920 529; x_wconf 89' lang='lat' dir='ltr'><strong>ad</strong></span> <span class='ocrx_word' id='word_1_16' title='bbox 1952 478 2082 529; x_wconf 78' lang='lat' dir='ltr'><strong>dex-</strong></span> 
     </span>
    </p>
   </div>
   <div class='ocr_carea' id='block_1_5' title="bbox 2168 472 3772 553">
    <p class='ocr_par' dir='ltr' id='par_1_5' title="bbox 2188 479 3772 553">
     <span class='ocr_line' id='line_1_5' title="bbox 2188 479 3772 553; baseline 0.001 -22"><span class='ocrx_word' id='word_1_17' title='bbox 2188 496 2302 549; x_wconf 86' lang='grc' dir='ltr'>ριον</span> <span class='ocrx_word' id='word_1_18' title='bbox 2351 480 2509 550; x_wconf 82' lang='grc' dir='ltr'>ήμῶν</span> <span class='ocrx_word' id='word_1_19' title='bbox 2527 480 2733 549; x_wconf 81' lang='grc' dir='ltr'>Ἰησοῦν</span> <span class='ocrx_word' id='word_1_20' title='bbox 2786 482 3018 553; x_wconf 68' lang='grc' dir='ltr'>Χριστὸν</span> <span class='ocrx_word' id='word_1_21' title='bbox 3069 482 3134 535; x_wconf 88' lang='grc' dir='ltr'><strong>ἐκ</strong></span> <span class='ocrx_word' id='word_1_22' title='bbox 3185 480 3427 549; x_wconf 80' lang='grc' dir='ltr'>νεκρῶν,</span> <span class='ocrx_word' id='word_1_23' title='bbox 3480 480 3572 533; x_wconf 78' lang='grc' dir='ltr'><strong>καὶ</strong></span> <span class='ocrx_word' id='word_1_24' title='bbox 3616 479 3772 533; x_wconf 84' lang='grc' dir='ltr'>δόντα</span> 
     </span>
    </p>
   </div>
   <div class='ocr_carea' id='block_1_6' title="bbox 510 563 2083 633">
    <p class='ocr_par' dir='ltr' id='par_1_6' title="bbox 510 563 2083 633">
     <span class='ocr_line' id='line_1_6' title="bbox 510 563 2083 633; baseline 0.003 -19"><span class='ocrx_word' id='word_1_25' title='bbox 510 572 649 616; x_wconf 88' lang='lat' dir='ltr'><strong>tram</strong></span> <span class='ocrx_word' id='word_1_26' title='bbox 695 577 889 626; x_wconf 89' lang='lat' dir='ltr'><strong>suam;</strong></span> <span class='ocrx_word' id='word_1_27' title='bbox 937 563 1023 617; x_wconf 91' lang='lat' dir='ltr'><strong>cui</strong></span> <span class='ocrx_word' id='word_1_28' title='bbox 1076 563 1318 633; x_wconf 86' lang='lat' dir='ltr'><strong>subjecta</strong></span> <span class='ocrx_word' id='word_1_29' title='bbox 1354 573 1481 617; x_wconf 91' lang='lat' dir='ltr'><strong>sunt</strong></span> <span class='ocrx_word' id='word_1_30' title='bbox 1531 563 1715 616; x_wconf 87' lang='lat' dir='ltr'><strong>omnia</strong></span> <span class='ocrx_word' id='word_1_31' title='bbox 1763 566 2003 619; x_wconf 67' lang='lat' dir='ltr'><strong>cwlestia</strong></span> <span class='ocrx_word' id='word_1_32' title='bbox 2032 575 2083 619; x_wconf 92' lang='lat' dir='ltr'><strong>et</strong></span> 
     </span>
    </p>
   </div>
   <div class='ocr_carea' id='block_1_7' title="bbox 505 654 2086 727">
    <p class='ocr_par' dir='ltr' id='par_1_7' title="bbox 505 654 2086 727">
     <span class='ocr_line' id='line_1_7' title="bbox 505 654 2086 727; baseline 0.003 -22"><span class='ocrx_word' id='word_1_33' title='bbox 505 654 815 720; x_wconf 84' lang='lat' dir='ltr'><strong>terrestria;</strong></span> <span class='ocrx_word' id='word_1_34' title='bbox 851 654 936 709; x_wconf 91' lang='lat' dir='ltr'><strong>cui</strong></span> <span class='ocrx_word' id='word_1_35' title='bbox 964 654 1146 708; x_wconf 91' lang='lat' dir='ltr'><strong>omnis</strong></span> <span class='ocrx_word' id='word_1_36' title='bbox 1173 654 1402 723; x_wconf 74' lang='lat' dir='ltr'><strong>spiritus</strong></span> <span class='ocrx_word' id='word_1_37' title='bbox 1442 655 1642 719; x_wconf 90' lang='lat' dir='ltr'><strong>servit;</strong></span> <span class='ocrx_word' id='word_1_38' title='bbox 1677 656 1771 724; x_wconf 90' lang='lat' dir='ltr'><strong>qui</strong></span> <span class='ocrx_word' id='word_1_39' title='bbox 1814 657 1962 711; x_wconf 83' lang='lat' dir='ltr'><strong>venit</strong></span> <span class='ocrx_word' id='word_1_40' title='bbox 1995 658 2086 727; x_wconf 87' lang='lat' dir='ltr'><strong>ju—</strong></span> 
     </span>
    </p>
   </div>
   <div class='ocr_carea' id='block_1_8' title="bbox 503 744 2082 815">
    <p class='ocr_par' dir='ltr' id='par_1_8' title="bbox 503 744 2082 815">
     <span class='ocr_line' id='line_1_8' title="bbox 503 744 2082 815; baseline 0.002 -17"><span class='ocrx_word' id='word_1_41' title='bbox 503 744 606 799; x_wconf 76' lang='lat' dir='ltr'><strong>dex</strong></span> <span class='ocrx_word' id='word_1_42' title='bbox 653 746 901 800; x_wconf 87' lang='lat' dir='ltr'><strong>vivorum</strong></span> <span class='ocrx_word' id='word_1_43' title='bbox 960 756 1015 801; x_wconf 89' lang='lat' dir='ltr'><strong>et</strong></span> <span class='ocrx_word' id='word_1_44' title='bbox 1070 746 1499 810; x_wconf 64' lang='lat' dir='ltr'><strong>mortuorum“;</strong></span> <span class='ocrx_word' id='word_1_45' title='bbox 1555 746 1715 815; x_wconf 83' lang='lat' dir='ltr'><strong>cujus</strong></span> <span class='ocrx_word' id='word_1_46' title='bbox 1759 748 2082 815; x_wconf 74' lang='lat' dir='ltr'><strong>sanguinem</strong></span> 
     </span>
    </p>
   </div>
   <div class='ocr_carea' id='block_1_9' title="bbox 504 836 2083 906">
    <p class='ocr_par' dir='ltr' id='par_1_9' title="bbox 504 836 2083 906">
     <span class='ocr_line' id='line_1_9' title="bbox 504 836 2083 906; baseline 0.004 -19"><span class='ocrx_word' id='word_1_47' title='bbox 504 836 644 892; x_wconf 87' lang='lat' dir='ltr'><strong>Deus</strong></span> <span class='ocrx_word' id='word_1_48' title='bbox 677 836 917 906; x_wconf 87' lang='lat' dir='ltr'><strong>requiret</strong></span> <span class='ocrx_word' id='word_1_49' title='bbox 958 837 1025 890; x_wconf 91' lang='lat' dir='ltr'><strong>ab</strong></span> <span class='ocrx_word' id='word_1_50' title='bbox 1069 837 1136 891; x_wconf 92' lang='lat' dir='ltr'><strong>iis</strong></span> <span class='ocrx_word' id='word_1_51' title='bbox 1175 838 1267 906; x_wconf 90' lang='lat' dir='ltr'><strong>qui</strong></span> <span class='ocrx_word' id='word_1_52' title='bbox 1309 852 1417 891; x_wconf 92' lang='lat' dir='ltr'><strong>non</strong></span> <span class='ocrx_word' id='word_1_53' title='bbox 1458 837 1687 892; x_wconf 87' lang='lat' dir='ltr'><strong>credunt</strong></span> <span class='ocrx_word' id='word_1_54' title='bbox 1722 837 1774 891; x_wconf 89' lang='lat' dir='ltr'><strong>in</strong></span> <span class='ocrx_word' id='word_1_55' title='bbox 1825 838 1998 892; x_wconf 89' lang='lat' dir='ltr'><strong>illum.</strong></span> <span class='ocrx_word' id='word_1_56' title='bbox 2030 841 2083 894; x_wconf 90' lang='lat' dir='ltr'><strong>ls</strong></span> 
     </span>
    </p>
   </div>
   <div class='ocr_carea' id='block_1_10' title="bbox 503 931 2081 1000">
    <p class='ocr_par' dir='ltr' id='par_1_10' title="bbox 503 931 2081 1000">
     <span class='ocr_line' id='line_1_10' title="bbox 503 931 2081 1000; baseline 0.001 -17"><span class='ocrx_word' id='word_1_57' title='bbox 503 946 650 996; x_wconf 86' lang='lat' dir='ltr'><strong>vero,</strong></span> <span class='ocrx_word' id='word_1_58' title='bbox 682 932 775 1000; x_wconf 89' lang='lat' dir='ltr'><strong>qui</strong></span> <span class='ocrx_word' id='word_1_59' title='bbox 807 931 985 1000; x_wconf 90' lang='lat' dir='ltr'><strong>ipsum</strong></span> <span class='ocrx_word' id='word_1_60' title='bbox 1019 932 1312 985; x_wconf 79' lang='lat' dir='ltr'><strong>suscitavit</strong></span> <span class='ocrx_word' id='word_1_61' title='bbox 1349 946 1379 985; x_wconf 90' lang='lat' dir='ltr'><strong>e</strong></span> <span class='ocrx_word' id='word_1_62' title='bbox 1408 932 1661 996; x_wconf 88' lang='lat' dir='ltr'><strong>mortuis,</strong></span> <span class='ocrx_word' id='word_1_63' title='bbox 1690 941 1743 986; x_wconf 92' lang='lat' dir='ltr'><strong>et</strong></span> <span class='ocrx_word' id='word_1_64' title='bbox 1771 946 1872 986; x_wconf 91' lang='lat' dir='ltr'><strong>nos</strong></span> <span class='ocrx_word' id='word_1_65' title='bbox 1900 932 2081 987; x_wconf 88' lang='lat' dir='ltr'><strong>susci-</strong></span> 
     </span>
    </p>
   </div>
   <div class='ocr_carea' id='block_1_11' title="bbox 500 1022 2081 1094">
    <p class='ocr_par' dir='ltr' id='par_1_11' title="bbox 500 1022 2081 1094">
     <span class='ocr_line' id='line_1_11' title="bbox 500 1022 2081 1094; baseline 0.001 -17"><span class='ocrx_word' id='word_1_66' title='bbox 500 1023 701 1088; x_wconf 79' lang='lat' dir='ltr'><strong>tabit’,</strong></span> <span class='ocrx_word' id='word_1_67' title='bbox 730 1024 777 1079; x_wconf 93' lang='lat' dir='ltr'><strong>si</strong></span> <span class='ocrx_word' id='word_1_68' title='bbox 830 1022 1123 1079; x_wconf 83' lang='lat' dir='ltr'><strong>fecerimus</strong></span> <span class='ocrx_word' id='word_1_69' title='bbox 1172 1026 1511 1078; x_wconf 78' lang='lat' dir='ltr'><strong>voluntatem</strong></span> <span class='ocrx_word' id='word_1_70' title='bbox 1558 1025 1678 1094; x_wconf 88' lang='lat' dir='ltr'><strong>ejus</strong></span> <span class='ocrx_word' id='word_1_71' title='bbox 1721 1033 1775 1078; x_wconf 90' lang='lat' dir='ltr'><strong>et</strong></span> <span class='ocrx_word' id='word_1_72' title='bbox 1805 1024 1860 1078; x_wconf 91' lang='lat' dir='ltr'><strong>in</strong></span> <span class='ocrx_word' id='word_1_73' title='bbox 1907 1024 2081 1093; x_wconf 85' lang='lat' dir='ltr'><strong>ipsius</strong></span> 
     </span>
    </p>
   </div>
   <div class='ocr_carea' id='block_1_12' title="bbox 499 1115 2080 1186">
    <p class='ocr_par' dir='ltr' id='par_1_12' title="bbox 499 1115 2080 1186">
     <span class='ocr_line' id='line_1_12' title="bbox 499 1115 2080 1186; baseline 0.001 -17"><span class='ocrx_word' id='word_1_74' title='bbox 499 1118 773 1172; x_wconf 87' lang='lat' dir='ltr'><strong>mandatis</strong></span> <span class='ocrx_word' id='word_1_75' title='bbox 817 1117 1303 1181; x_wconf 88' lang='lat' dir='ltr'><strong>ambulaverimus,</strong></span> <span class='ocrx_word' id='word_1_76' title='bbox 1337 1130 1402 1170; x_wconf 88' lang='lat' dir='ltr'><strong>ac</strong></span> <span class='ocrx_word' id='word_1_77' title='bbox 1444 1115 1801 1171; x_wconf 84' lang='lat' dir='ltr'><strong>dilexerimus</strong></span> <span class='ocrx_word' id='word_1_78' title='bbox 1848 1131 1912 1170; x_wconf 90' lang='lat' dir='ltr'><strong>ea</strong></span> <span class='ocrx_word' id='word_1_79' title='bbox 1957 1131 2080 1186; x_wconf 68' lang='lat' dir='ltr'><strong>quae</strong></span> 
     </span>
    </p>
   </div>
   <div class='ocr_carea' id='block_1_13' title="bbox 499 1208 2078 1281">
    <p class='ocr_par' dir='ltr' id='par_1_13' title="bbox 499 1208 2078 1281">
     <span class='ocr_line' id='line_1_13' title="bbox 499 1208 2078 1281; baseline 0.001 -17"><span class='ocrx_word' id='word_1_80' title='bbox 499 1212 614 1281; x_wconf 91' lang='lat' dir='ltr'><strong>ipse</strong></span> <span class='ocrx_word' id='word_1_81' title='bbox 641 1209 865 1277; x_wconf 78' lang='lat' dir='ltr'><strong>dilexit,</strong></span> <span class='ocrx_word' id='word_1_82' title='bbox 901 1210 1244 1267; x_wconf 85' lang='lat' dir='ltr'><strong>abstinentes</strong></span> <span class='ocrx_word' id='word_1_83' title='bbox 1277 1213 1346 1267; x_wconf 86' lang='lat' dir='ltr'><strong>ab</strong></span> <span class='ocrx_word' id='word_1_84' title='bbox 1375 1211 1524 1266; x_wconf 88' lang='lat' dir='ltr'><strong>omni</strong></span> <span class='ocrx_word' id='word_1_85' title='bbox 1543 1208 2078 1279; x_wconf 73' lang='lat' dir='ltr'><strong>injustitia,l‘rauda—</strong></span> 
     </span>
    </p>
   </div>
   <div class='ocr_carea' id='block_1_14' title="bbox 498 1301 2074 1370">
    <p class='ocr_par' dir='ltr' id='par_1_14' title="bbox 498 1301 2074 1370">
     <span class='ocr_line' id='line_1_14' title="bbox 498 1301 2074 1370; baseline -0.001 -13"><span class='ocrx_word' id='word_1_86' title='bbox 498 1304 667 1365; x_wconf 87' lang='lat' dir='ltr'><strong>tione,</strong></span> <span class='ocrx_word' id='word_1_87' title='bbox 715 1302 968 1367; x_wconf 90' lang='lat' dir='ltr'><strong>avaritia,</strong></span> <span class='ocrx_word' id='word_1_88' title='bbox 1018 1304 1433 1370; x_wconf 78' lang='lat' dir='ltr'><strong>obtrectatione,</strong></span> <span class='ocrx_word' id='word_1_89' title='bbox 1469 1303 1608 1357; x_wconf 89' lang='lat' dir='ltr'><strong>lalso</strong></span> <span class='ocrx_word' id='word_1_90' title='bbox 1653 1301 1968 1357; x_wconf 85' lang='lat' dir='ltr'><strong>testimonio</strong></span> <span class='ocrx_word' id='word_1_91' title='bbox 1999 1302 2074 1369; x_wconf 82' lang='grc'><strong>¹⁶;</strong></span> 
     </span>
    </p>
   </div>
   <div class='ocr_carea' id='block_1_15' title="bbox 500 1395 2073 1466">
    <p class='ocr_par' dir='ltr' id='par_1_15' title="bbox 500 1395 2073 1466">
     <span class='ocr_line' id='line_1_15' title="bbox 500 1395 2073 1466; baseline -0.002 -15"><span class='ocrx_word' id='word_1_92' title='bbox 500 1417 520 1451; x_wconf 77' lang='grc' dir='ltr'><strong>ι</strong></span> <span class='ocrx_word' id='word_1_93' title='bbox 552 1414 661 1453; x_wconf 89' lang='lat' dir='ltr'><strong>non</strong></span> <span class='ocrx_word' id='word_1_94' title='bbox 688 1398 973 1452; x_wconf 87' lang='lat' dir='ltr'><strong>reddentes</strong></span> <span class='ocrx_word' id='word_1_95' title='bbox 1009 1398 1216 1451; x_wconf 90' lang='lat' dir='ltr'><strong>malum</strong></span> <span class='ocrx_word' id='word_1_96' title='bbox 1250 1412 1348 1466; x_wconf 89' lang='lat' dir='ltr'><strong>pro</strong></span> <span class='ocrx_word' id='word_1_97' title='bbox 1380 1396 1557 1461; x_wconf 89' lang='lat' dir='ltr'><strong>malo,</strong></span> <span class='ocrx_word' id='word_1_98' title='bbox 1595 1410 1696 1450; x_wconf 86' lang='lat' dir='ltr'><strong>nec</strong></span> <span class='ocrx_word' id='word_1_99' title='bbox 1726 1395 2073 1449; x_wconf 89' lang='lat' dir='ltr'><strong>maledictum</strong></span> 
     </span>
    </p>
   </div>
   <div class='ocr_carea' id='block_1_16' title="bbox 495 1491 2075 1562">
    <p class='ocr_par' dir='ltr' id='par_1_16' title="bbox 495 1491 2075 1562">
     <span class='ocr_line' id='line_1_16' title="bbox 495 1491 2075 1562; baseline -0.004 -15"><span class='ocrx_word' id='word_1_100' title='bbox 495 1508 594 1562; x_wconf 89' lang='lat' dir='ltr'><strong>pro</strong></span> <span class='ocrx_word' id='word_1_101' title='bbox 621 1491 913 1547; x_wconf 88' lang='lat' dir='ltr'><strong>maledicto</strong></span> <span class='ocrx_word' id='word_1_102' title='bbox 946 1492 1012 1556; x_wconf 82' lang='lat'><strong>“,</strong></span> <span class='ocrx_word' id='word_1_103' title='bbox 1041 1510 1058 1541; x_wconf 77' lang='grc' dir='ltr'><strong>ι</strong></span> <span class='ocrx_word' id='word_1_104' title='bbox 1090 1506 1190 1545; x_wconf 90' lang='lat' dir='ltr'><strong>nec</strong></span> <span class='ocrx_word' id='word_1_105' title='bbox 1218 1505 1464 1560; x_wconf 83' lang='lat' dir='ltr'><strong>pugnum</strong></span> <span class='ocrx_word' id='word_1_106' title='bbox 1496 1502 1597 1558; x_wconf 91' lang='lat' dir='ltr'><strong>pro</strong></span> <span class='ocrx_word' id='word_1_107' title='bbox 1618 1502 1823 1556; x_wconf 85' lang='lat' dir='ltr'><strong>pugno,</strong></span> <span class='ocrx_word' id='word_1_108' title='bbox 1854 1501 1954 1541; x_wconf 87' lang='lat' dir='ltr'><strong>nec</strong></span> <span class='ocrx_word' id='word_1_109' title='bbox 1979 1502 2075 1541; x_wconf 79' lang='lat' dir='ltr'><strong>ex-</strong></span> 
     </span>
    </p>
   </div>
   <div class='ocr_carea' id='block_1_17' title="bbox 493 1583 2072 1653">
    <p class='ocr_par' dir='ltr' id='par_1_17' title="bbox 493 1583 2072 1653">
     <span class='ocr_line' id='line_1_17' title="bbox 493 1583 2072 1653; baseline -0.006 -13"><span class='ocrx_word' id='word_1_110' title='bbox 493 1584 853 1640; x_wconf 87' lang='lat' dir='ltr'><strong>secrationem</strong></span> <span class='ocrx_word' id='word_1_111' title='bbox 891 1598 991 1653; x_wconf 91' lang='lat' dir='ltr'><strong>pro</strong></span> <span class='ocrx_word' id='word_1_112' title='bbox 1018 1583 1438 1645; x_wconf 78' lang='lat' dir='ltr'><strong>exsecratione;</strong></span> <span class='ocrx_word' id='word_1_113' title='bbox 1477 1594 1749 1634; x_wconf 90' lang='lat' dir='ltr'><strong>memores</strong></span> <span class='ocrx_word' id='word_1_114' title='bbox 1775 1588 1955 1634; x_wconf 88' lang='lat' dir='ltr'><strong>autem</strong></span> <span class='ocrx_word' id='word_1_115' title='bbox 1981 1593 2072 1632; x_wconf 86' lang='lat' dir='ltr'><strong>eo-</strong></span> 
     </span>
    </p>
   </div>
   <div class='ocr_carea' id='block_1_18' title="bbox 494 1669 2067 1743">
    <p class='ocr_par' dir='ltr' id='par_1_18' title="bbox 494 1669 2067 1743">
     <span class='ocr_line' id='line_1_18' title="bbox 494 1669 2067 1743; baseline -0.002 -15"><span class='ocrx_word' id='word_1_116' title='bbox 494 1690 641 1740; x_wconf 86' lang='lat' dir='ltr'><strong>rum,</strong></span> <span class='ocrx_word' id='word_1_117' title='bbox 668 1689 791 1743; x_wconf 85' lang='lat' dir='ltr'><strong>quae</strong></span> <span class='ocrx_word' id='word_1_118' title='bbox 819 1674 956 1729; x_wconf 80' lang='lat' dir='ltr'><strong>dixit</strong></span> <span class='ocrx_word' id='word_1_119' title='bbox 984 1672 1252 1727; x_wconf 91' lang='lat' dir='ltr'><strong>Dominus</strong></span> <span class='ocrx_word' id='word_1_120' title='bbox 1281 1672 1484 1727; x_wconf 86' lang='lat' dir='ltr'><strong>docens</strong></span> <span class='ocrx_word' id='word_1_121' title='bbox 1512 1689 1525 1724; x_wconf 92' lang='lat'><strong>:</strong></span> <span class='ocrx_word' id='word_1_122' title='bbox 1556 1689 1575 1722; x_wconf 81' lang='grc' dir='ltr'><strong>ι</strong></span> <span class='ocrx_word' id='word_1_123' title='bbox 1598 1669 1776 1725; x_wconf 83' lang='lat' dir='ltr'><strong>Nolite</strong></span> <span class='ocrx_word' id='word_1_124' title='bbox 1798 1670 2067 1740; x_wconf 84' lang='lat' dir='ltr'><strong>judicare,</strong></span> 
     </span>
    </p>
   </div>
   <div class='ocr_carea' id='block_1_19' title="bbox 491 1760 2066 1835">
    <p class='ocr_par' dir='ltr' id='par_1_19' title="bbox 491 1760 2066 1835">
     <span class='ocr_line' id='line_1_19' title="bbox 491 1760 2066 1835; baseline -0.002 -17"><span class='ocrx_word' id='word_1_125' title='bbox 491 1781 561 1820; x_wconf 89' lang='lat' dir='ltr'><strong>ne</strong></span> <span class='ocrx_word' id='word_1_126' title='bbox 586 1765 908 1835; x_wconf 88' lang='lat' dir='ltr'><strong>judicemini</strong></span> <span class='ocrx_word' id='word_1_127' title='bbox 939 1766 1014 1829; x_wconf 82' lang='lat'><strong>&quot;;</strong></span> <span class='ocrx_word' id='word_1_128' title='bbox 1066 1764 1345 1830; x_wconf 89' lang='lat' dir='ltr'><strong>dimittite,</strong></span> <span class='ocrx_word' id='word_1_129' title='bbox 1377 1772 1431 1818; x_wconf 90' lang='lat' dir='ltr'><strong>et</strong></span> <span class='ocrx_word' id='word_1_130' title='bbox 1474 1761 1779 1817; x_wconf 85' lang='lat' dir='ltr'><strong>dimittetur</strong></span> <span class='ocrx_word' id='word_1_131' title='bbox 1805 1760 1961 1815; x_wconf 89' lang='lat' dir='ltr'><strong>vobis</strong></span> <span class='ocrx_word' id='word_1_132' title='bbox 1991 1760 2066 1826; x_wconf 82' lang='lat'><strong>”;</strong></span> 
     </span>
    </p>
   </div>
   <div class='ocr_carea' id='block_1_20' title="bbox 489 1824 2143 1925">
    <p class='ocr_par' dir='ltr' id='par_1_20' title="bbox 489 1824 2143 1925">
     <span class='ocr_line' id='line_1_20' title="bbox 489 1824 2143 1925; baseline -0.004 -14"><span class='ocrx_word' id='word_1_133' title='bbox 489 1857 849 1923; x_wconf 87' lang='lat' dir='ltr'><strong>miseremini,</strong></span> <span class='ocrx_word' id='word_1_134' title='bbox 872 1866 932 1911; x_wconf 90' lang='lat' dir='ltr'><strong>ut</strong></span> <span class='ocrx_word' id='word_1_135' title='bbox 953 1856 1388 1912; x_wconf 87' lang='lat' dir='ltr'><strong>misericordiam</strong></span> <span class='ocrx_word' id='word_1_136' title='bbox 1418 1854 1836 1925; x_wconf 86' lang='lat' dir='ltr'><strong>consequamini</strong></span> <span class='ocrx_word' id='word_1_137' title='bbox 1866 1853 1937 1919; x_wconf 74' lang='grc'><strong>¹⁸;</strong></span> <span class='ocrx_word' id='word_1_138' title='bbox 1966 1850 2068 1923; x_wconf 78' lang='lat' dir='ltr'><strong>[in]</strong></span> <span class='ocrx_word' id='word_1_139' title='bbox 2103 1824 2143 1881; x_wconf 74' lang='grc' dir='ltr'><strong>Β</strong></span> 
     </span>
    </p>
   </div>
   <div class='ocr_carea' id='block_1_21' title="bbox 487 1942 2063 2019">
    <p class='ocr_par' dir='ltr' id='par_1_21' title="bbox 487 1942 2063 2019">
     <span class='ocr_line' id='line_1_21' title="bbox 487 1942 2063 2019; baseline -0.004 -15"><span class='ocrx_word' id='word_1_140' title='bbox 487 1964 597 2019; x_wconf 88' lang='lat' dir='ltr'><strong>qua</strong></span> <span class='ocrx_word' id='word_1_141' title='bbox 626 1964 883 2004; x_wconf 87' lang='lat' dir='ltr'><strong>mensura</strong></span> <span class='ocrx_word' id='word_1_142' title='bbox 907 1949 1081 2003; x_wconf 86' lang='lat' dir='ltr'><strong>mensi</strong></span> <span class='ocrx_word' id='word_1_143' title='bbox 1112 1946 1351 2012; x_wconf 78' lang='lat' dir='ltr'><strong>fueritis,</strong></span> <span class='ocrx_word' id='word_1_144' title='bbox 1396 1949 1715 2003; x_wconf 88' lang='lat' dir='ltr'><strong>remetietur</strong></span> <span class='ocrx_word' id='word_1_145' title='bbox 1743 1942 1899 2001; x_wconf 87' lang='lat' dir='ltr'><strong>vobis</strong></span> <span class='ocrx_word' id='word_1_146' title='bbox 1926 1945 2002 2010; x_wconf 61' lang='lat' dir='ltr'><strong>is;</strong></span> <span class='ocrx_word' id='word_1_147' title='bbox 2043 1963 2063 1997; x_wconf 73' lang='grc' dir='ltr'><strong>ι</strong></span> 
     </span>
    </p>
   </div>
   <div class='ocr_carea' id='block_1_22' title="bbox 486 2038 2067 2110">
    <p class='ocr_par' dir='ltr' id='par_1_22' title="bbox 486 2038 2067 2110">
     <span class='ocr_line' id='line_1_22' title="bbox 486 2038 2067 2110; baseline -0.003 -14"><span class='ocrx_word' id='word_1_148' title='bbox 486 2052 569 2096; x_wconf 89' lang='lat' dir='ltr'><strong>et:</strong></span> <span class='ocrx_word' id='word_1_149' title='bbox 608 2058 627 2092; x_wconf 82' lang='grc' dir='ltr'><strong>ι</strong></span> <span class='ocrx_word' id='word_1_150' title='bbox 655 2040 805 2096; x_wconf 87' lang='lat' dir='ltr'><strong>Beati</strong></span> <span class='ocrx_word' id='word_1_151' title='bbox 836 2054 1127 2110; x_wconf 87' lang='lat' dir='ltr'><strong>pauperes,</strong></span> <span class='ocrx_word' id='word_1_152' title='bbox 1154 2048 1208 2095; x_wconf 91' lang='lat' dir='ltr'><strong>et</strong></span> <span class='ocrx_word' id='word_1_153' title='bbox 1233 2039 1326 2108; x_wconf 93' lang='lat' dir='ltr'><strong>qui</strong></span> <span class='ocrx_word' id='word_1_154' title='bbox 1359 2038 1801 2108; x_wconf 84' lang='lat' dir='ltr'><strong>persecutionem</strong></span> <span class='ocrx_word' id='word_1_155' title='bbox 1843 2038 2067 2107; x_wconf 89' lang='lat' dir='ltr'><strong>patiun-</strong></span> 
     </span>
    </p>
   </div>
   <div class='ocr_carea' id='block_1_23' title="bbox 489 2128 1729 2205">
    <p class='ocr_par' dir='ltr' id='par_1_23' title="bbox 489 2128 1729 2205">
     <span class='ocr_line' id='line_1_23' title="bbox 489 2128 1729 2205; baseline -0.006 -17"><span class='ocrx_word' id='word_1_156' title='bbox 489 2143 600 2201; x_wconf 85' lang='lat' dir='ltr'><strong>tur,</strong></span> <span class='ocrx_word' id='word_1_157' title='bbox 627 2134 889 2205; x_wconf 85' lang='lat' dir='ltr'><strong>quoniam</strong></span> <span class='ocrx_word' id='word_1_158' title='bbox 924 2133 1171 2203; x_wconf 93' lang='lat' dir='ltr'><strong>ipsorum</strong></span> <span class='ocrx_word' id='word_1_159' title='bbox 1201 2140 1286 2187; x_wconf 90' lang='lat' dir='ltr'><strong>est</strong></span> <span class='ocrx_word' id='word_1_160' title='bbox 1315 2145 1544 2200; x_wconf 83' lang='lat' dir='ltr'><strong>regnum</strong></span> <span class='ocrx_word' id='word_1_161' title='bbox 1569 2128 1686 2184; x_wconf 90' lang='lat' dir='ltr'><strong>Dei.</strong></span> <span class='ocrx_word' id='word_1_162' title='bbox 1712 2148 1729 2180; x_wconf 76' lang='grc' dir='ltr'><strong>ι</strong></span> 
     </span>
    </p>
   </div>
   <div class='ocr_carea' id='block_1_24' title="bbox 2187 567 3773 646">
    <p class='ocr_par' dir='ltr' id='par_1_24' title="bbox 2187 567 3773 646">
     <span class='ocr_line' id='line_1_24' title="bbox 2187 567 3773 646; baseline 0.002 -22"><span class='ocrx_word' id='word_1_163' title='bbox 2187 571 2335 641; x_wconf 77' lang='grc' dir='ltr'>αὐτῷ</span> <span class='ocrx_word' id='word_1_164' title='bbox 2382 570 2540 636; x_wconf 81' lang='grc' dir='ltr'>δόξαν</span> <span class='ocrx_word' id='word_1_165' title='bbox 2575 573 2688 643; x_wconf 74' lang='grc'>(52)</span> <span class='ocrx_word' id='word_1_166' title='bbox 2736 593 2753 624; x_wconf 74' lang='grc' dir='ltr'><strong>ι</strong></span> <span class='ocrx_word' id='word_1_167' title='bbox 2794 575 2885 627; x_wconf 83' lang='grc' dir='ltr'><strong>καὶ</strong></span> <span class='ocrx_word' id='word_1_168' title='bbox 2936 574 3125 646; x_wconf 83' lang='grc' dir='ltr'>θρόνον</span> <span class='ocrx_word' id='word_1_169' title='bbox 3177 576 3241 626; x_wconf 87' lang='grc' dir='ltr'><strong>ἐκ</strong></span> <span class='ocrx_word' id='word_1_170' title='bbox 3291 573 3481 640; x_wconf 81' lang='grc' dir='ltr'>δεξιῶν</span> <span class='ocrx_word' id='word_1_171' title='bbox 3513 567 3773 641; x_wconf 68' lang='grc' dir='ltr'>αὐτοί)οῷ</span> 
     </span>
    </p>
   </div>
   <div class='ocr_carea' id='block_1_25' title="bbox 2187 660 3770 739">
    <p class='ocr_par' dir='ltr' id='par_1_25' title="bbox 2187 660 3770 739">
     <span class='ocr_line' id='line_1_25' title="bbox 2187 660 3770 739; baseline 0.003 -23"><span class='ocrx_word' id='word_1_172' title='bbox 2187 664 2430 735; x_wconf 82' lang='grc' dir='ltr'><strong>ὑπετάγη</strong></span> <span class='ocrx_word' id='word_1_173' title='bbox 2483 664 2552 718; x_wconf 84' lang='grc' dir='ltr'><strong>τά</strong></span> <span class='ocrx_word' id='word_1_174' title='bbox 2584 666 2763 719; x_wconf 86' lang='grc' dir='ltr'>πάντα</span> <span class='ocrx_word' id='word_1_175' title='bbox 2812 667 3115 739; x_wconf 76' lang='grc' dir='ltr'>ἐπουράνια</span> <span class='ocrx_word' id='word_1_176' title='bbox 3147 668 3241 721; x_wconf 72' lang='grc' dir='ltr'><strong>καὶ</strong></span> <span class='ocrx_word' id='word_1_177' title='bbox 3275 667 3508 736; x_wconf 76' lang='grc' dir='ltr'><strong>ἐπίγεια·</strong></span> <span class='ocrx_word' id='word_1_178' title='bbox 3541 660 3585 734; x_wconf 85' lang='grc' dir='ltr'>ᾧ</span> <span class='ocrx_word' id='word_1_179' title='bbox 3618 669 3770 721; x_wconf 81' lang='grc' dir='ltr'>πᾶσα</span> 
     </span>
    </p>
   </div>
   <div class='ocr_carea' id='block_1_26' title="bbox 2186 756 3766 831">
    <p class='ocr_par' dir='ltr' id='par_1_26' title="bbox 2186 756 3766 831">
     <span class='ocr_line' id='line_1_26' title="bbox 2186 756 3766 831; baseline 0.004 -24"><span class='ocrx_word' id='word_1_180' title='bbox 2186 756 2319 826; x_wconf 85' lang='grc' dir='ltr'>πνοὴ</span> <span class='ocrx_word' id='word_1_181' title='bbox 2339 756 2608 828; x_wconf 82' lang='grc' dir='ltr'>λατρεύει·</span> <span class='ocrx_word' id='word_1_182' title='bbox 2628 756 2685 819; x_wconf 81' lang='grc' dir='ltr'>ὃς</span> <span class='ocrx_word' id='word_1_183' title='bbox 2714 756 2931 828; x_wconf 77' lang='grc' dir='ltr'>ἔρχεται</span> <span class='ocrx_word' id='word_1_184' title='bbox 2960 758 3154 831; x_wconf 81' lang='grc' dir='ltr'>κριτὴς</span> <span class='ocrx_word' id='word_1_185' title='bbox 3180 756 3398 822; x_wconf 78' lang='grc' dir='ltr'>ζώντων</span> <span class='ocrx_word' id='word_1_186' title='bbox 3429 758 3520 811; x_wconf 79' lang='grc' dir='ltr'>καὶ</span> <span class='ocrx_word' id='word_1_187' title='bbox 3539 758 3766 830; x_wconf 68' lang='grc' dir='ltr'>νεκρῶψ</span> 
     </span>
    </p>
   </div>
   <div class='ocr_carea' id='block_1_27' title="bbox 2182 841 3771 921">
    <p class='ocr_par' dir='ltr' id='par_1_27' title="bbox 2182 841 3771 921">
     <span class='ocr_line' id='line_1_27' title="bbox 2182 841 3771 921; baseline 0.003 -22"><span class='ocrx_word' id='word_1_188' title='bbox 2182 841 2242 900; x_wconf 75' lang='grc' dir='ltr'><strong>οὗ</strong></span> <span class='ocrx_word' id='word_1_189' title='bbox 2276 848 2335 900; x_wconf 77' lang='grc' dir='ltr'>τὸ</span> <span class='ocrx_word' id='word_1_190' title='bbox 2377 842 2519 918; x_wconf 79' lang='grc' dir='ltr'>αἷμα</span> <span class='ocrx_word' id='word_1_191' title='bbox 2560 845 2853 921; x_wconf 76' lang='grc' dir='ltr'>ἐκζητήσει</span> <span class='ocrx_word' id='word_1_192' title='bbox 2885 853 2914 903; x_wconf 84' lang='grc' dir='ltr'>ὁ</span> <span class='ocrx_word' id='word_1_193' title='bbox 2946 850 3079 915; x_wconf 77' lang='grc' dir='ltr'>Θεὸς</span> <span class='ocrx_word' id='word_1_194' title='bbox 3116 850 3225 904; x_wconf 85' lang='grc' dir='ltr'><strong>ἀπὸ</strong></span> <span class='ocrx_word' id='word_1_195' title='bbox 3258 849 3367 902; x_wconf 88' lang='grc' dir='ltr'><strong>τῶν</strong></span> <span class='ocrx_word' id='word_1_196' title='bbox 3399 850 3771 904; x_wconf 82' lang='grc' dir='ltr'>ἀπειθούντων</span> 
     </span>
    </p>
   </div>
   <div class='ocr_carea' id='block_1_28' title="bbox 2182 937 3766 1013">
    <p class='ocr_par' dir='ltr' id='par_1_28' title="bbox 2182 937 3766 1013">
     <span class='ocr_line' id='line_1_28' title="bbox 2182 937 3766 1013; baseline 0.002 -21"><span class='ocrx_word' id='word_1_197' title='bbox 2182 937 2349 1009; x_wconf 83' lang='grc' dir='ltr'>αὐτῷ.</span> <span class='ocrx_word' id='word_1_198' title='bbox 2392 939 2449 991; x_wconf 77' lang='grc' dir='ltr'>Ὀ</span> <span class='ocrx_word' id='word_1_199' title='bbox 2468 939 2523 992; x_wconf 86' lang='grc' dir='ltr'><strong>δέ</strong></span> <span class='ocrx_word' id='word_1_200' title='bbox 2544 940 2761 1011; x_wconf 77' lang='grc' dir='ltr'>ἐγείρας</span> <span class='ocrx_word' id='word_1_201' title='bbox 2776 941 2941 995; x_wconf 79' lang='grc' dir='ltr'>αὐτὸν</span> <span class='ocrx_word' id='word_1_202' title='bbox 2962 944 3026 995; x_wconf 89' lang='grc' dir='ltr'><strong>ἐκ</strong></span> <span class='ocrx_word' id='word_1_203' title='bbox 3041 941 3250 1013; x_wconf 83' lang='grc' dir='ltr'>νεκρῶν</span> <span class='ocrx_word' id='word_1_204' title='bbox 3273 943 3367 995; x_wconf 76' lang='grc' dir='ltr'><strong>καὶ</strong></span> <span class='ocrx_word' id='word_1_205' title='bbox 3397 944 3545 1013; x_wconf 75' lang='grc' dir='ltr'>ἡμᾶς</span> <span class='ocrx_word' id='word_1_206' title='bbox 3565 943 3766 1013; x_wconf 80' lang='grc' dir='ltr'>ἐγερεῖ,</span> 
     </span>
    </p>
   </div>
   <div class='ocr_carea' id='block_1_29' title="bbox 2180 1030 3770 1105">
    <p class='ocr_par' dir='ltr' id='par_1_29' title="bbox 2180 1030 3770 1105">
     <span class='ocr_line' id='line_1_29' title="bbox 2180 1030 3770 1105; baseline 0.002 -23"><span class='ocrx_word' id='word_1_207' title='bbox 2180 1030 2274 1083; x_wconf 76' lang='grc' dir='ltr'>ἐὰν</span> <span class='ocrx_word' id='word_1_208' title='bbox 2292 1030 2535 1101; x_wconf 83' lang='grc' dir='ltr'>ποιῶμεν</span> <span class='ocrx_word' id='word_1_209' title='bbox 2548 1031 2713 1084; x_wconf 78' lang='grc' dir='ltr'>αὐτοῦ</span> <span class='ocrx_word' id='word_1_210' title='bbox 2729 1032 2789 1085; x_wconf 86' lang='grc' dir='ltr'><strong>τὸ</strong></span> <span class='ocrx_word' id='word_1_211' title='bbox 2809 1032 3039 1104; x_wconf 81' lang='grc' dir='ltr'>θέλημα,</span> <span class='ocrx_word' id='word_1_212' title='bbox 3061 1034 3155 1087; x_wconf 76' lang='grc' dir='ltr'><strong>καὶ</strong></span> <span class='ocrx_word' id='word_1_213' title='bbox 3174 1032 3533 1105; x_wconf 70' lang='grc' dir='ltr'>πορευώμεθα</span> <span class='ocrx_word' id='word_1_214' title='bbox 3563 1034 3621 1086; x_wconf 86' lang='grc' dir='ltr'><strong>ἐν</strong></span> <span class='ocrx_word' id='word_1_215' title='bbox 3648 1036 3770 1097; x_wconf 77' lang='grc' dir='ltr'>ταῖς</span> 
     </span>
    </p>
   </div>
   <div class='ocr_carea' id='block_1_30' title="bbox 2179 1122 3769 1196">
    <p class='ocr_par' dir='ltr' id='par_1_30' title="bbox 2179 1122 3769 1196">
     <span class='ocr_line' id='line_1_30' title="bbox 2179 1122 3769 1196; baseline 0.003 -23"><span class='ocrx_word' id='word_1_216' title='bbox 2179 1122 2421 1185; x_wconf 77' lang='grc' dir='ltr'>ἐντολαῖς</span> <span class='ocrx_word' id='word_1_217' title='bbox 2437 1123 2624 1187; x_wconf 82' lang='grc' dir='ltr'>αὑτοῦ,</span> <span class='ocrx_word' id='word_1_218' title='bbox 2642 1124 2733 1177; x_wconf 77' lang='grc' dir='ltr'><strong>καὶ</strong></span> <span class='ocrx_word' id='word_1_219' title='bbox 2748 1124 3054 1196; x_wconf 84' lang='grc' dir='ltr'>ἀγαπῶμεν</span> <span class='ocrx_word' id='word_1_220' title='bbox 3071 1125 3106 1179; x_wconf 84' lang='grc' dir='ltr'><strong>ἀ</strong></span> <span class='ocrx_word' id='word_1_221' title='bbox 3122 1126 3428 1195; x_wconf 79' lang='grc' dir='ltr'>ἠγάπησεν,</span> <span class='ocrx_word' id='word_1_222' title='bbox 3442 1124 3769 1194; x_wconf 83' lang='grc' dir='ltr'>ἀπεχόμενοι</span> 
     </span>
    </p>
   </div>
   <div class='ocr_carea' id='block_1_31' title="bbox 2177 1212 3764 1287">
    <p class='ocr_par' dir='ltr' id='par_1_31' title="bbox 2177 1212 3764 1287">
     <span class='ocr_line' id='line_1_31' title="bbox 2177 1212 3764 1287; baseline 0.002 -21"><span class='ocrx_word' id='word_1_223' title='bbox 2177 1212 2357 1284; x_wconf 84' lang='grc' dir='ltr'>πάσης</span> <span class='ocrx_word' id='word_1_224' title='bbox 2390 1215 2623 1280; x_wconf 81' lang='grc' dir='ltr'><strong>ἀδικίας,</strong></span> <span class='ocrx_word' id='word_1_225' title='bbox 2650 1216 2983 1284; x_wconf 80' lang='grc' dir='ltr'>πλεονεξίας,</span> <span class='ocrx_word' id='word_1_226' title='bbox 3006 1217 3390 1287; x_wconf 81' lang='grc' dir='ltr'>φιλαργυρίας,</span> <span class='ocrx_word' id='word_1_227' title='bbox 3413 1216 3764 1281; x_wconf 81' lang='grc' dir='ltr'>καταλαλιᾶς,</span> 
     </span>
    </p>
   </div>
   <div class='ocr_carea' id='block_1_32' title="bbox 2175 1307 3763 1379">
    <p class='ocr_par' dir='ltr' id='par_1_32' title="bbox 2175 1307 3763 1379">
     <span class='ocr_line' id='line_1_32' title="bbox 2175 1307 3763 1379; baseline 0.001 -20"><span class='ocrx_word' id='word_1_228' title='bbox 2175 1307 2645 1379; x_wconf 79' lang='grc' dir='ltr'>ψευδομαρτυρίας</span> <span class='ocrx_word' id='word_1_229' title='bbox 2668 1326 2680 1339; x_wconf 78' lang='grc'><em>’</em></span> <span class='ocrx_word' id='word_1_230' title='bbox 2710 1326 2728 1359; x_wconf 81' lang='lat' dir='ltr'><strong>t</strong></span> <span class='ocrx_word' id='word_1_231' title='bbox 2744 1309 2817 1379; x_wconf 81' lang='grc' dir='ltr'>μὴ</span> <span class='ocrx_word' id='word_1_232' title='bbox 2840 1308 3190 1373; x_wconf 79' lang='grc' dir='ltr'>ἀποδιδόντες</span> <span class='ocrx_word' id='word_1_233' title='bbox 3221 1309 3390 1363; x_wconf 87' lang='grc' dir='ltr'>κακὸν</span> <span class='ocrx_word' id='word_1_234' title='bbox 3412 1309 3532 1362; x_wconf 80' lang='grc' dir='ltr'>ἀντὶ</span> <span class='ocrx_word' id='word_1_235' title='bbox 3564 1308 3763 1374; x_wconf 86' lang='grc' dir='ltr'>κακοῦ,</span> 
     </span>
    </p>
   </div>
   <div class='ocr_carea' id='block_1_33' title="bbox 2174 1400 3760 1473">
    <p class='ocr_par' dir='ltr' id='par_1_33' title="bbox 2174 1400 3760 1473">
     <span class='ocr_line' id='line_1_33' title="bbox 2174 1400 3760 1473; baseline 0 -20"><span class='ocrx_word' id='word_1_236' title='bbox 2174 1402 2206 1471; x_wconf 83' lang='grc' dir='ltr'>ἢ</span> <span class='ocrx_word' id='word_1_237' title='bbox 2236 1400 2502 1473; x_wconf 85' lang='grc' dir='ltr'>λοιδορίαν</span> <span class='ocrx_word' id='word_1_238' title='bbox 2526 1403 2647 1455; x_wconf 75' lang='grc' dir='ltr'>ἀντὶ</span> <span class='ocrx_word' id='word_1_239' title='bbox 2675 1400 2961 1473; x_wconf 85' lang='grc' dir='ltr'>λοιδορίας,</span> <span class='ocrx_word' id='word_1_240' title='bbox 2991 1421 3009 1453; x_wconf 71' lang='grc' dir='ltr'><strong>ι</strong></span> <span class='ocrx_word' id='word_1_241' title='bbox 3035 1402 3068 1473; x_wconf 88' lang='grc' dir='ltr'>ἢ</span> <span class='ocrx_word' id='word_1_242' title='bbox 3102 1401 3326 1473; x_wconf 85' lang='grc' dir='ltr'>γρόνθον</span> <span class='ocrx_word' id='word_1_243' title='bbox 3359 1402 3479 1455; x_wconf 76' lang='grc' dir='ltr'>ἀντὶ</span> <span class='ocrx_word' id='word_1_244' title='bbox 3510 1400 3760 1473; x_wconf 85' lang='grc' dir='ltr'>γρόνθου,</span> 
     </span>
    </p>
   </div>
   <div class='ocr_carea' id='block_1_34' title="bbox 2174 1487 3763 1566">
    <p class='ocr_par' dir='ltr' id='par_1_34' title="bbox 2174 1487 3763 1566">
     <span class='ocr_line' id='line_1_34' title="bbox 2174 1487 3763 1566; baseline 0 -19"><span class='ocrx_word' id='word_1_245' title='bbox 2174 1494 2205 1565; x_wconf 77' lang='grc' dir='ltr'>ἢ</span> <span class='ocrx_word' id='word_1_246' title='bbox 2242 1495 2487 1566; x_wconf 81' lang='grc' dir='ltr'>κατάραν</span> <span class='ocrx_word' id='word_1_247' title='bbox 2520 1494 2642 1548; x_wconf 81' lang='grc' dir='ltr'>ἀντὶ</span> <span class='ocrx_word' id='word_1_248' title='bbox 2674 1496 2946 1565; x_wconf 86' lang='grc' dir='ltr'>κατάρας·</span> <span class='ocrx_word' id='word_1_249' title='bbox 2987 1494 3414 1566; x_wconf 86' lang='grc' dir='ltr'>μνημονεύοντες</span> <span class='ocrx_word' id='word_1_250' title='bbox 3449 1494 3563 1566; x_wconf 81' lang='grc'>(55)</span> <span class='ocrx_word' id='word_1_251' title='bbox 3597 1494 3654 1547; x_wconf 86' lang='grc' dir='ltr'><strong>δὲ</strong></span> <span class='ocrx_word' id='word_1_252' title='bbox 3686 1487 3763 1547; x_wconf 84' lang='grc' dir='ltr'>ὧν</span> 
     </span>
    </p>
   </div>
   <div class='ocr_carea' id='block_1_35' title="bbox 2173 1580 3761 1657">
    <p class='ocr_par' dir='ltr' id='par_1_35' title="bbox 2173 1580 3761 1657">
     <span class='ocr_line' id='line_1_35' title="bbox 2173 1580 3761 1657; baseline -0.001 -21"><span class='ocrx_word' id='word_1_253' title='bbox 2173 1580 2324 1639; x_wconf 78' lang='grc' dir='ltr'>εἶπεν</span> <span class='ocrx_word' id='word_1_254' title='bbox 2346 1588 2373 1638; x_wconf 85' lang='grc' dir='ltr'>ὁ</span> <span class='ocrx_word' id='word_1_255' title='bbox 2407 1586 2611 1657; x_wconf 84' lang='grc' dir='ltr'>Κύριος</span> <span class='ocrx_word' id='word_1_256' title='bbox 2655 1584 2921 1638; x_wconf 87' lang='grc' dir='ltr'>διδάσκων</span> <span class='ocrx_word' id='word_1_257' title='bbox 2945 1602 2958 1614; x_wconf 81' lang='grc'><em>’</em></span> <span class='ocrx_word' id='word_1_258' title='bbox 2997 1584 3110 1655; x_wconf 73' lang='grc'>(54)</span> <span class='ocrx_word' id='word_1_259' title='bbox 3150 1605 3167 1636; x_wconf 74' lang='grc' dir='ltr'><strong>ι</strong></span> <span class='ocrx_word' id='word_1_260' title='bbox 3199 1585 3291 1656; x_wconf 83' lang='grc' dir='ltr'><strong>Μὴ</strong></span> <span class='ocrx_word' id='word_1_261' title='bbox 3322 1586 3539 1647; x_wconf 85' lang='grc' dir='ltr'>κρίνετε</span> <span class='ocrx_word' id='word_1_262' title='bbox 3569 1585 3655 1638; x_wconf 83' lang='grc' dir='ltr'>τνα</span> <span class='ocrx_word' id='word_1_263' title='bbox 3686 1583 3761 1655; x_wconf 82' lang='grc' dir='ltr'>μὴ</span> 
     </span>
    </p>
   </div>
   <div class='ocr_carea' id='block_1_36' title="bbox 2172 1674 3758 1747">
    <p class='ocr_par' dir='ltr' id='par_1_36' title="bbox 2172 1674 3758 1747">
     <span class='ocr_line' id='line_1_36' title="bbox 2172 1674 3758 1747; baseline -0.001 -20"><span class='ocrx_word' id='word_1_264' title='bbox 2172 1676 2397 1747; x_wconf 86' lang='grc' dir='ltr'>κριθῆτε</span> <span class='ocrx_word' id='word_1_265' title='bbox 2438 1694 2450 1706; x_wconf 92' lang='grc'><strong>·</strong></span> <span class='ocrx_word' id='word_1_266' title='bbox 2489 1677 2680 1745; x_wconf 82' lang='grc' dir='ltr'>ἀφίετε</span> <span class='ocrx_word' id='word_1_267' title='bbox 2706 1716 2721 1741; x_wconf 91' lang='grc'><strong>,</strong></span> <span class='ocrx_word' id='word_1_268' title='bbox 2774 1677 2869 1729; x_wconf 78' lang='grc' dir='ltr'>καὶ</span> <span class='ocrx_word' id='word_1_269' title='bbox 2935 1675 3267 1747; x_wconf 82' lang='grc' dir='ltr'>ἀφεθήσεται</span> <span class='ocrx_word' id='word_1_270' title='bbox 3314 1676 3477 1746; x_wconf 88' lang='grc' dir='ltr'>ὑμῖν·</span> <span class='ocrx_word' id='word_1_271' title='bbox 3520 1674 3717 1728; x_wconf 82' lang='grc' dir='ltr'>ἐλεεῖτε</span> <span class='ocrx_word' id='word_1_272' title='bbox 3741 1713 3758 1738; x_wconf 96' lang='grc'><strong>,</strong></span> 
     </span>
    </p>
   </div>
   <div class='ocr_carea' id='block_1_37' title="bbox 2172 1760 3759 1839">
    <p class='ocr_par' dir='ltr' id='par_1_37' title="bbox 2172 1760 3759 1839">
     <span class='ocr_line' id='line_1_37' title="bbox 2172 1760 3759 1839; baseline 0.001 -22"><span class='ocrx_word' id='word_1_273' title='bbox 2172 1766 2258 1820; x_wconf 81' lang='grc' dir='ltr'><strong>ἵνα</strong></span> <span class='ocrx_word' id='word_1_274' title='bbox 2308 1767 2563 1839; x_wconf 80' lang='grc' dir='ltr'>ὲλεηθῆτε</span> <span class='ocrx_word' id='word_1_275' title='bbox 2587 1784 2600 1797; x_wconf 70' lang='grc'><strong><em>⁵</em></strong></span> <span class='ocrx_word' id='word_1_276' title='bbox 2626 1767 2709 1839; x_wconf 85' lang='grc' dir='ltr'>[ἐν</span> <span class='ocrx_word' id='word_1_277' title='bbox 2737 1766 2871 1839; x_wconf 87' lang='grc'>(55)]</span> <span class='ocrx_word' id='word_1_278' title='bbox 2922 1760 2967 1835; x_wconf 84' lang='grc' dir='ltr'>ᾧ</span> <span class='ocrx_word' id='word_1_279' title='bbox 3003 1768 3184 1839; x_wconf 81' lang='grc' dir='ltr'>μέτρῳ</span> <span class='ocrx_word' id='word_1_280' title='bbox 3220 1770 3465 1838; x_wconf 81' lang='grc' dir='ltr'>μετρεῖτε</span> <span class='ocrx_word' id='word_1_281' title='bbox 3491 1806 3505 1830; x_wconf 97' lang='grc'><strong>,</strong></span> <span class='ocrx_word' id='word_1_282' title='bbox 3540 1768 3759 1836; x_wconf 87' lang='grc' dir='ltr'>ἀντιμε-</span> 
     </span>
    </p>
   </div>
   <div class='ocr_carea' id='block_1_38' title="bbox 2175 1857 3761 1929">
    <p class='ocr_par' dir='ltr' id='par_1_38' title="bbox 2175 1857 3761 1929">
     <span class='ocr_line' id='line_1_38' title="bbox 2175 1857 3761 1929; baseline 0 -19"><span class='ocrx_word' id='word_1_283' title='bbox 2175 1857 2503 1929; x_wconf 84' lang='grc' dir='ltr'>τρηθήσεται</span> <span class='ocrx_word' id='word_1_284' title='bbox 2554 1858 2716 1928; x_wconf 83' lang='grc' dir='ltr'>ὑμῖν·</span> <span class='ocrx_word' id='word_1_285' title='bbox 2749 1877 2768 1910; x_wconf 72' lang='grc' dir='ltr'><strong>ι</strong></span> <span class='ocrx_word' id='word_1_286' title='bbox 2813 1859 2906 1911; x_wconf 81' lang='grc' dir='ltr'><strong>καὶ</strong></span> <span class='ocrx_word' id='word_1_287' title='bbox 2957 1858 3040 1910; x_wconf 86' lang='grc' dir='ltr'>ὃτι</span> <span class='ocrx_word' id='word_1_288' title='bbox 3090 1876 3109 1908; x_wconf 76' lang='grc' dir='ltr'><strong>ι</strong></span> <span class='ocrx_word' id='word_1_289' title='bbox 3142 1857 3418 1929; x_wconf 87' lang='grc' dir='ltr'>Μακάριοι</span> <span class='ocrx_word' id='word_1_290' title='bbox 3463 1859 3511 1909; x_wconf 87' lang='grc' dir='ltr'>οἱ</span> <span class='ocrx_word' id='word_1_291' title='bbox 3555 1859 3761 1927; x_wconf 69' lang='grc' dir='ltr'>πτωχοὶ</span> 
     </span>
    </p>
   </div>
   <div class='ocr_carea' id='block_1_39' title="bbox 2177 1946 3757 2021">
    <p class='ocr_par' dir='ltr' id='par_1_39' title="bbox 2177 1946 3757 2021">
     <span class='ocr_line' id='line_1_39' title="bbox 2177 1946 3757 2021; baseline 0.001 -20"><span class='ocrx_word' id='word_1_292' title='bbox 2177 1946 2288 2021; x_wconf 88' lang='grc'>(56)</span> <span class='ocrx_word' id='word_1_293' title='bbox 2322 1948 2414 2001; x_wconf 77' lang='grc' dir='ltr'>καὶ</span> <span class='ocrx_word' id='word_1_294' title='bbox 2445 1951 2493 2002; x_wconf 81' lang='grc' dir='ltr'>οἱ</span> <span class='ocrx_word' id='word_1_295' title='bbox 2518 1948 2841 2019; x_wconf 85' lang='grc' dir='ltr'>διωκόμενοι</span> <span class='ocrx_word' id='word_1_296' title='bbox 2893 1949 3078 2003; x_wconf 74' lang='grc' dir='ltr'>ἕνεκεν</span> <span class='ocrx_word' id='word_1_297' title='bbox 3123 1950 3466 2019; x_wconf 83' lang='grc' dir='ltr'>δικαιοσύνης</span> <span class='ocrx_word' id='word_1_298' title='bbox 3490 1989 3504 2015; x_wconf 95' lang='grc'><strong>,</strong></span> <span class='ocrx_word' id='word_1_299' title='bbox 3543 1950 3626 2003; x_wconf 84' lang='grc' dir='ltr'>ὅτι</span> <span class='ocrx_word' id='word_1_300' title='bbox 3660 1952 3757 2003; x_wconf 86' lang='grc' dir='ltr'><strong>αὑ-</strong></span> 
     </span>
    </p>
   </div>
   <div class='ocr_carea' id='block_1_40' title="bbox 2173 2040 3169 2112">
    <p class='ocr_par' dir='ltr' id='par_1_40' title="bbox 2173 2040 3169 2112">
     <span class='ocr_line' id='line_1_40' title="bbox 2173 2040 3169 2112; baseline -0.001 -19"><span class='ocrx_word' id='word_1_301' title='bbox 2173 2040 2282 2094; x_wconf 90' lang='grc' dir='ltr'><strong>τῶν</strong></span> <span class='ocrx_word' id='word_1_302' title='bbox 2318 2044 2460 2094; x_wconf 88' lang='grc' dir='ltr'>ἐστιν</span> <span class='ocrx_word' id='word_1_303' title='bbox 2493 2043 2527 2112; x_wconf 85' lang='grc' dir='ltr'>ἡ</span> <span class='ocrx_word' id='word_1_304' title='bbox 2562 2040 2807 2111; x_wconf 85' lang='grc' dir='ltr'>βασιλεία</span> <span class='ocrx_word' id='word_1_305' title='bbox 2838 2040 2933 2094; x_wconf 84' lang='grc' dir='ltr'>τοῦ</span> <span class='ocrx_word' id='word_1_306' title='bbox 2966 2041 3122 2094; x_wconf 81' lang='grc' dir='ltr'>Θεοῦ.</span> <span class='ocrx_word' id='word_1_307' title='bbox 3152 2063 3169 2092; x_wconf 71' lang='grc' dir='ltr'><strong>ι</strong></span> 
     </span>
    </p>
   </div>
   <div class='ocr_carea' id='block_1_41' title="bbox 1194 2280 3047 2354">
    <p class='ocr_par' dir='ltr' id='par_1_41' title="bbox 1194 2280 3047 2354">
     <span class='ocr_line' id='line_1_41' title="bbox 1194 2280 3047 2354; baseline -0.002 -16"><span class='ocrx_word' id='word_1_308' title='bbox 1194 2287 1286 2339; x_wconf 88' lang='lat' dir='ltr'><strong>lll.</strong></span> <span class='ocrx_word' id='word_1_309' title='bbox 1323 2283 1447 2338; x_wconf 89' lang='lat' dir='ltr'><strong>Non</strong></span> <span class='ocrx_word' id='word_1_310' title='bbox 1487 2292 1803 2354; x_wconf 81' lang='lat' dir='ltr'><strong>arroganter</strong></span> <span class='ocrx_word' id='word_1_311' title='bbox 1834 2282 1945 2337; x_wconf 63' lang='lat' dir='ltr'><strong>hac</strong></span> <span class='ocrx_word' id='word_1_312' title='bbox 1970 2282 2165 2336; x_wconf 80' lang='lat' dir='ltr'><strong>scribo.</strong></span> <span class='ocrx_word' id='word_1_313' title='bbox 2201 2280 2405 2336; x_wconf 85' lang='lat' dir='ltr'><strong>Paulus</strong></span> <span class='ocrx_word' id='word_1_314' title='bbox 2430 2289 2721 2351; x_wconf 67' lang='lat' dir='ltr'><strong>praceptor</strong></span> <span class='ocrx_word' id='word_1_315' title='bbox 2751 2290 2917 2335; x_wconf 80' lang='lat' dir='ltr'><strong>vester</strong></span> <span class='ocrx_word' id='word_1_316' title='bbox 2948 2290 3047 2335; x_wconf 84' lang='lat' dir='ltr'><strong>est.</strong></span> 
     </span>
    </p>
   </div>
   <div class='ocr_carea' id='block_1_42' title="bbox 554 2436 2063 2511">
    <p class='ocr_par' dir='ltr' id='par_1_42' title="bbox 554 2436 2063 2511">
     <span class='ocr_line' id='line_1_42' title="bbox 554 2436 2063 2511; baseline -0.005 -12"><span class='ocrx_word' id='word_1_317' title='bbox 554 2444 716 2511; x_wconf 80' lang='lat' dir='ltr'><strong>Haec,</strong></span> <span class='ocrx_word' id='word_1_318' title='bbox 753 2442 950 2498; x_wconf 84' lang='lat' dir='ltr'><strong>fratres</strong></span> <span class='ocrx_word' id='word_1_319' title='bbox 971 2482 987 2506; x_wconf 91' lang='lat'><strong>,</strong></span> <span class='ocrx_word' id='word_1_320' title='bbox 1021 2456 1132 2497; x_wconf 90' lang='lat' dir='ltr'><strong>non</strong></span> <span class='ocrx_word' id='word_1_321' title='bbox 1176 2439 1323 2510; x_wconf 91' lang='lat' dir='ltr'><strong>quod</strong></span> <span class='ocrx_word' id='word_1_322' title='bbox 1357 2438 1495 2493; x_wconf 90' lang='lat' dir='ltr'><strong>mihi</strong></span> <span class='ocrx_word' id='word_1_323' title='bbox 1527 2451 1784 2508; x_wconf 76' lang='lat' dir='ltr'><strong>arrogem</strong></span> <span class='ocrx_word' id='word_1_324' title='bbox 1806 2477 1823 2503; x_wconf 93' lang='lat'><strong>,</strong></span> <span class='ocrx_word' id='word_1_325' title='bbox 1878 2436 2063 2492; x_wconf 90' lang='lat' dir='ltr'><strong>scribo</strong></span> 
     </span>
    </p>
   </div>
   <div class='ocr_carea' id='block_1_43' title="bbox 482 2529 2059 2607">
    <p class='ocr_par' dir='ltr' id='par_1_43' title="bbox 482 2529 2059 2607">
     <span class='ocr_line' id='line_1_43' title="bbox 482 2529 2059 2607; baseline -0.006 -14"><span class='ocrx_word' id='word_1_326' title='bbox 482 2540 638 2595; x_wconf 90' lang='lat' dir='ltr'><strong>vobis</strong></span> <span class='ocrx_word' id='word_1_327' title='bbox 688 2537 755 2593; x_wconf 91' lang='lat' dir='ltr'><strong>de</strong></span> <span class='ocrx_word' id='word_1_328' title='bbox 796 2536 1046 2607; x_wconf 84' lang='lat' dir='ltr'><strong>justitia;</strong></span> <span class='ocrx_word' id='word_1_329' title='bbox 1099 2532 1195 2589; x_wconf 90' lang='lat' dir='ltr'><strong>sed</strong></span> <span class='ocrx_word' id='word_1_330' title='bbox 1246 2533 1375 2603; x_wconf 84' lang='lat' dir='ltr'><strong>quia</strong></span> <span class='ocrx_word' id='word_1_331' title='bbox 1414 2546 1515 2586; x_wconf 89' lang='lat' dir='ltr'><strong>vos</strong></span> <span class='ocrx_word' id='word_1_332' title='bbox 1555 2529 1900 2601; x_wconf 89' lang='lat' dir='ltr'><strong>provocastis</strong></span> <span class='ocrx_word' id='word_1_333' title='bbox 1952 2544 2059 2585; x_wconf 89' lang='lat' dir='ltr'><strong>me.</strong></span> 
     </span>
    </p>
   </div>
   <div class='ocr_carea' id='block_1_44' title="bbox 481 2622 2065 2700">
    <p class='ocr_par' dir='ltr' id='par_1_44' title="bbox 481 2622 2065 2700">
     <span class='ocr_line' id='line_1_44' title="bbox 481 2622 2065 2700; baseline -0.006 -15"><span class='ocrx_word' id='word_1_334' title='bbox 481 2628 670 2700; x_wconf 84' lang='lat' dir='ltr'><strong>Neque</strong></span> <span class='ocrx_word' id='word_1_335' title='bbox 709 2629 856 2683; x_wconf 91' lang='lat' dir='ltr'><strong>enim</strong></span> <span class='ocrx_word' id='word_1_336' title='bbox 888 2642 989 2698; x_wconf 79' lang='lat' dir='ltr'><strong>ego</strong></span> <span class='ocrx_word' id='word_1_337' title='bbox 1011 2666 1025 2690; x_wconf 90' lang='lat'><strong>,</strong></span> <span class='ocrx_word' id='word_1_338' title='bbox 1066 2640 1243 2696; x_wconf 89' lang='lat' dir='ltr'><strong>neque</strong></span> <span class='ocrx_word' id='word_1_339' title='bbox 1276 2624 1417 2679; x_wconf 89' lang='lat' dir='ltr'><strong>alius</strong></span> <span class='ocrx_word' id='word_1_340' title='bbox 1448 2623 1554 2678; x_wconf 85' lang='lat' dir='ltr'><strong>mei</strong></span> <span class='ocrx_word' id='word_1_341' title='bbox 1605 2622 1802 2678; x_wconf 88' lang='lat' dir='ltr'><strong>similis</strong></span> <span class='ocrx_word' id='word_1_342' title='bbox 1834 2622 1978 2677; x_wconf 91' lang='lat' dir='ltr'><strong>beati</strong></span> <span class='ocrx_word' id='word_1_343' title='bbox 2009 2630 2065 2676; x_wconf 91' lang='lat' dir='ltr'><strong>et</strong></span> 
     </span>
    </p>
   </div>
   <div class='ocr_carea' id='block_1_45' title="bbox 483 2716 2062 2792">
    <p class='ocr_par' dir='ltr' id='par_1_45' title="bbox 483 2716 2062 2792">
     <span class='ocr_line' id='line_1_45' title="bbox 483 2716 2062 2792; baseline -0.004 -16"><span class='ocrx_word' id='word_1_344' title='bbox 483 2720 704 2792; x_wconf 77' lang='lat' dir='ltr'><strong>gloriosi</strong></span> <span class='ocrx_word' id='word_1_345' title='bbox 730 2719 882 2773; x_wconf 88' lang='lat' dir='ltr'><strong>Pauli</strong></span> <span class='ocrx_word' id='word_1_346' title='bbox 910 2718 1232 2789; x_wconf 90' lang='lat' dir='ltr'><strong>sapientiam</strong></span> <span class='ocrx_word' id='word_1_347' title='bbox 1260 2716 1480 2786; x_wconf 89' lang='lat' dir='ltr'><strong>assequi</strong></span> <span class='ocrx_word' id='word_1_348' title='bbox 1499 2718 1774 2786; x_wconf 77' lang='lat' dir='ltr'><strong>potest”;</strong></span> <span class='ocrx_word' id='word_1_349' title='bbox 1808 2716 1902 2786; x_wconf 90' lang='lat' dir='ltr'><strong>qui</strong></span> <span class='ocrx_word' id='word_1_350' title='bbox 1934 2730 2062 2771; x_wconf 86' lang='lat' dir='ltr'><strong>cum</strong></span> 
     </span>
    </p>
   </div>
   <div class='ocr_carea' id='block_1_46' title="bbox 482 2808 2063 2881">
    <p class='ocr_par' dir='ltr' id='par_1_46' title="bbox 482 2808 2063 2881">
     <span class='ocr_line' id='line_1_46' title="bbox 482 2808 2063 2881; baseline -0.002 -15"><span class='ocrx_word' id='word_1_351' title='bbox 482 2820 629 2869; x_wconf 83' lang='lat' dir='ltr'><strong>esset</strong></span> <span class='ocrx_word' id='word_1_352' title='bbox 660 2811 803 2881; x_wconf 90' lang='lat' dir='ltr'><strong>apud</strong></span> <span class='ocrx_word' id='word_1_353' title='bbox 833 2824 966 2873; x_wconf 89' lang='lat' dir='ltr'><strong>vos,</strong></span> <span class='ocrx_word' id='word_1_354' title='bbox 1002 2823 1187 2864; x_wconf 87' lang='lat' dir='ltr'><strong>coram</strong></span> <span class='ocrx_word' id='word_1_355' title='bbox 1220 2808 1539 2864; x_wconf 88' lang='lat' dir='ltr'><strong>hominibus</strong></span> <span class='ocrx_word' id='word_1_356' title='bbox 1590 2820 1722 2864; x_wconf 87' lang='lat' dir='ltr'><strong>tunc</strong></span> <span class='ocrx_word' id='word_1_357' title='bbox 1752 2808 2063 2863; x_wconf 81' lang='lat' dir='ltr'><strong>viventibus</strong></span> 
     </span>
    </p>
   </div>
   <div class='ocr_carea' id='block_1_47' title="bbox 482 2898 2063 2975">
    <p class='ocr_par' dir='ltr' id='par_1_47' title="bbox 482 2898 2063 2975">
     <span class='ocr_line' id='line_1_47' title="bbox 482 2898 2063 2975; baseline -0.004 -16"><span class='ocrx_word' id='word_1_358' title='bbox 482 2902 720 2975; x_wconf 81' lang='lat' dir='ltr'><strong>perfecte</strong></span> <span class='ocrx_word' id='word_1_359' title='bbox 750 2917 815 2957; x_wconf 91' lang='lat' dir='ltr'><strong>ac</strong></span> <span class='ocrx_word' id='word_1_360' title='bbox 835 2902 1064 2956; x_wconf 85' lang='lat' dir='ltr'><strong>ﬁrmiter</strong></span> <span class='ocrx_word' id='word_1_361' title='bbox 1086 2901 1313 2956; x_wconf 90' lang='lat' dir='ltr'><strong>verbum</strong></span> <span class='ocrx_word' id='word_1_362' title='bbox 1341 2899 1591 2955; x_wconf 88' lang='lat' dir='ltr'><strong>veritatis</strong></span> <span class='ocrx_word' id='word_1_363' title='bbox 1616 2900 1839 2967; x_wconf 91' lang='lat' dir='ltr'><strong>docuit;</strong></span> <span class='ocrx_word' id='word_1_364' title='bbox 1874 2898 1971 2970; x_wconf 93' lang='lat' dir='ltr'><strong>qui</strong></span> <span class='ocrx_word' id='word_1_365' title='bbox 2006 2906 2063 2953; x_wconf 91' lang='lat' dir='ltr'><strong>et</strong></span> 
     </span>
    </p>
   </div>
   <div class='ocr_carea' id='block_1_48' title="bbox 480 2990 2061 3061">
    <p class='ocr_par' dir='ltr' id='par_1_48' title="bbox 480 2990 2061 3061">
     <span class='ocr_line' id='line_1_48' title="bbox 480 2990 2061 3061; baseline -0.003 -12"><span class='ocrx_word' id='word_1_366' title='bbox 480 2996 683 3049; x_wconf 84' lang='lat' dir='ltr'><strong>absens</strong></span> <span class='ocrx_word' id='word_1_367' title='bbox 705 2992 860 3048; x_wconf 84' lang='lat' dir='ltr'><strong>vobis</strong></span> <span class='ocrx_word' id='word_1_368' title='bbox 882 2991 1100 3061; x_wconf 88' lang='lat' dir='ltr'><strong>scripsit</strong></span> <span class='ocrx_word' id='word_1_369' title='bbox 1118 2991 1399 3061; x_wconf 88' lang='lat' dir='ltr'><strong>epistolas,</strong></span> <span class='ocrx_word' id='word_1_370' title='bbox 1425 2991 1481 3045; x_wconf 90' lang='lat' dir='ltr'><strong>in</strong></span> <span class='ocrx_word' id='word_1_371' title='bbox 1503 3006 1641 3061; x_wconf 89' lang='lat' dir='ltr'><strong>quas</strong></span> <span class='ocrx_word' id='word_1_372' title='bbox 1658 2990 1703 3046; x_wconf 90' lang='lat' dir='ltr'><strong>si</strong></span> <span class='ocrx_word' id='word_1_373' title='bbox 1720 2991 2061 3058; x_wconf 89' lang='lat' dir='ltr'><strong>intueamini,</strong></span> 
     </span>
    </p>
   </div>
   <div class='ocr_carea' id='block_1_49' title="bbox 479 3080 2058 3154">
    <p class='ocr_par' dir='ltr' id='par_1_49' title="bbox 479 3080 2058 3154">
     <span class='ocr_line' id='line_1_49' title="bbox 479 3080 2058 3154; baseline -0.004 -12"><span class='ocrx_word' id='word_1_374' title='bbox 479 3084 738 3141; x_wconf 63' lang='lat' dir='ltr'><strong>aediﬁcari</strong></span> <span class='ocrx_word' id='word_1_375' title='bbox 793 3082 1046 3154; x_wconf 87' lang='lat' dir='ltr'><strong>poteritis</strong></span> <span class='ocrx_word' id='word_1_376' title='bbox 1097 3081 1151 3135; x_wconf 93' lang='lat' dir='ltr'><strong>in</strong></span> <span class='ocrx_word' id='word_1_377' title='bbox 1205 3080 1345 3145; x_wconf 81' lang='lat' dir='ltr'><strong>ﬁde,</strong></span> <span class='ocrx_word' id='word_1_378' title='bbox 1400 3096 1526 3152; x_wconf 65' lang='lat' dir='ltr'><strong>quae</strong></span> <span class='ocrx_word' id='word_1_379' title='bbox 1574 3080 1732 3136; x_wconf 91' lang='lat' dir='ltr'><strong>vobis</strong></span> <span class='ocrx_word' id='word_1_380' title='bbox 1794 3080 2058 3145; x_wconf 85' lang='lat' dir='ltr'><strong>estdata,</strong></span> 
     </span>
    </p>
   </div>
   <div class='ocr_carea' id='block_1_50' title="bbox 487 3174 2062 3249">
    <p class='ocr_par' dir='ltr' id='par_1_50' title="bbox 487 3174 2062 3249">
     <span class='ocr_line' id='line_1_50' title="bbox 487 3174 2062 3249; baseline -0.001 -18"><span class='ocrx_word' id='word_1_381' title='bbox 487 3197 507 3231; x_wconf 70' lang='grc' dir='ltr'><strong>ι</strong></span> <span class='ocrx_word' id='word_1_382' title='bbox 537 3190 768 3249; x_wconf 71' lang='lat' dir='ltr'><strong>quaeque</strong></span> <span class='ocrx_word' id='word_1_383' title='bbox 797 3182 883 3230; x_wconf 90' lang='lat' dir='ltr'><strong>est</strong></span> <span class='ocrx_word' id='word_1_384' title='bbox 908 3183 1084 3229; x_wconf 89' lang='lat' dir='ltr'><strong>mater</strong></span> <span class='ocrx_word' id='word_1_385' title='bbox 1115 3174 1361 3228; x_wconf 90' lang='lat' dir='ltr'><strong>omnium</strong></span> <span class='ocrx_word' id='word_1_386' title='bbox 1415 3182 1666 3228; x_wconf 90' lang='lat' dir='ltr'><strong>nostrum</strong></span> <span class='ocrx_word' id='word_1_387' title='bbox 1698 3174 1762 3237; x_wconf 70' lang='lat'><strong>‘7,</strong></span> <span class='ocrx_word' id='word_1_388' title='bbox 1793 3190 1813 3225; x_wconf 73' lang='grc' dir='ltr'><strong>ι</strong></span> <span class='ocrx_word' id='word_1_389' title='bbox 1870 3174 2062 3229; x_wconf 83' lang='lat' dir='ltr'><strong>subse-</strong></span> 
     </span>
    </p>
   </div>
   <div class='ocr_carea' id='block_1_51' title="bbox 2240 2434 3757 2509">
    <p class='ocr_par' dir='ltr' id='par_1_51' title="bbox 2240 2434 3757 2509">
     <span class='ocr_line' id='line_1_51' title="bbox 2240 2434 3757 2509; baseline 0.001 -20"><span class='ocrx_word' id='word_1_390' title='bbox 2240 2435 2445 2503; x_wconf 83' lang='grc' dir='ltr'>Ταῦτα,</span> <span class='ocrx_word' id='word_1_391' title='bbox 2474 2436 2713 2504; x_wconf 78' lang='grc' dir='ltr'>ἀδελφοὶ,</span> <span class='ocrx_word' id='word_1_392' title='bbox 2735 2435 2835 2490; x_wconf 84' lang='grc' dir='ltr'><strong>οὐκ</strong></span> <span class='ocrx_word' id='word_1_393' title='bbox 2860 2434 3081 2507; x_wconf 86' lang='grc' dir='ltr'>ἐμαυτῷ</span> <span class='ocrx_word' id='word_1_394' title='bbox 3102 2436 3399 2508; x_wconf 79' lang='grc' dir='ltr'>ἐπιτρέψας</span> <span class='ocrx_word' id='word_1_395' title='bbox 3413 2437 3609 2509; x_wconf 82' lang='grc' dir='ltr'>γράφω</span> <span class='ocrx_word' id='word_1_396' title='bbox 3631 2437 3757 2509; x_wconf 83' lang='grc' dir='ltr'>ὑμῖν</span> 
     </span>
    </p>
   </div>
   <div class='ocr_carea' id='block_1_52' title="bbox 2167 2526 3754 2600">
    <p class='ocr_par' dir='ltr' id='par_1_52' title="bbox 2167 2526 3754 2600">
     <span class='ocr_line' id='line_1_52' title="bbox 2167 2526 3754 2600; baseline 0 -19"><span class='ocrx_word' id='word_1_397' title='bbox 2167 2529 2296 2599; x_wconf 74' lang='grc' dir='ltr'>περὶ</span> <span class='ocrx_word' id='word_1_398' title='bbox 2326 2528 2424 2598; x_wconf 84' lang='grc' dir='ltr'>τῆς</span> <span class='ocrx_word' id='word_1_399' title='bbox 2455 2526 2798 2597; x_wconf 83' lang='grc' dir='ltr'>δικαιοσύνης</span> <span class='ocrx_word' id='word_1_400' title='bbox 2834 2527 2984 2597; x_wconf 84' lang='grc'>(57)·</span> <span class='ocrx_word' id='word_1_401' title='bbox 3021 2527 3135 2580; x_wconf 89' lang='grc' dir='ltr'>ἀλλ’</span> <span class='ocrx_word' id='word_1_402' title='bbox 3170 2529 3294 2582; x_wconf 71' lang='grc' dir='ltr'><strong>ἐπε)⁸</strong></span> <span class='ocrx_word' id='word_1_403' title='bbox 3327 2528 3487 2598; x_wconf 82' lang='grc' dir='ltr'>ὑμεῖς</span> <span class='ocrx_word' id='word_1_404' title='bbox 3522 2546 3754 2600; x_wconf 88' lang='grc' dir='ltr'>προεπε-</span> 
     </span>
    </p>
   </div>
   <div class='ocr_carea' id='block_1_53' title="bbox 2166 2616 3756 2690">
    <p class='ocr_par' dir='ltr' id='par_1_53' title="bbox 2166 2616 3756 2690">
     <span class='ocr_line' id='line_1_53' title="bbox 2166 2616 3756 2690; baseline 0 -18"><span class='ocrx_word' id='word_1_405' title='bbox 2166 2619 2467 2673; x_wconf 82' lang='grc' dir='ltr'>καλέσασθὲ</span> <span class='ocrx_word' id='word_1_406' title='bbox 2492 2636 2578 2689; x_wconf 90' lang='grc' dir='ltr'><strong>με.</strong></span> <span class='ocrx_word' id='word_1_407' title='bbox 2603 2617 2741 2671; x_wconf 72' lang='grc' dir='ltr'>Οὔτε</span> <span class='ocrx_word' id='word_1_408' title='bbox 2775 2617 2885 2689; x_wconf 89' lang='grc' dir='ltr'><strong>γάρ</strong></span> <span class='ocrx_word' id='word_1_409' title='bbox 2917 2617 3050 2687; x_wconf 86' lang='grc' dir='ltr'>ἐγὼ,</span> <span class='ocrx_word' id='word_1_410' title='bbox 3075 2616 3200 2671; x_wconf 73' lang='grc' dir='ltr'>οὕτε</span> <span class='ocrx_word' id='word_1_411' title='bbox 3234 2618 3392 2683; x_wconf 81' lang='grc' dir='ltr'>ἄλλος</span> <span class='ocrx_word' id='word_1_412' title='bbox 3425 2620 3611 2689; x_wconf 85' lang='grc' dir='ltr'>ὅμοιος</span> <span class='ocrx_word' id='word_1_413' title='bbox 3634 2619 3756 2690; x_wconf 79' lang='grc' dir='ltr'>ἐμοὶ</span> 
     </span>
    </p>
   </div>
   <div class='ocr_carea' id='block_1_54' title="bbox 2165 2709 3757 2782">
    <p class='ocr_par' dir='ltr' id='par_1_54' title="bbox 2165 2709 3757 2782">
     <span class='ocr_line' id='line_1_54' title="bbox 2165 2709 3757 2782; baseline -0.001 -18"><span class='ocrx_word' id='word_1_414' title='bbox 2165 2709 2386 2765; x_wconf 90' lang='grc' dir='ltr'>δύναται</span> <span class='ocrx_word' id='word_1_415' title='bbox 2420 2711 2888 2781; x_wconf 84' lang='grc' dir='ltr'>κατακολουθῆσαι</span> <span class='ocrx_word' id='word_1_416' title='bbox 2919 2713 2987 2781; x_wconf 81' lang='grc' dir='ltr'>τῇ</span> <span class='ocrx_word' id='word_1_417' title='bbox 3024 2711 3188 2782; x_wconf 79' lang='grc' dir='ltr'>σοφίᾳ</span> <span class='ocrx_word' id='word_1_418' title='bbox 3227 2709 3322 2763; x_wconf 78' lang='grc' dir='ltr'>τοῦ</span> <span class='ocrx_word' id='word_1_419' title='bbox 3359 2710 3627 2782; x_wconf 89' lang='grc' dir='ltr'>μακαρίου</span> <span class='ocrx_word' id='word_1_420' title='bbox 3662 2711 3757 2763; x_wconf 74' lang='grc' dir='ltr'>καὶ</span> 
     </span>
    </p>
   </div>
   <div class='ocr_carea' id='block_1_55' title="bbox 2167 2801 3755 2872">
    <p class='ocr_par' dir='ltr' id='par_1_55' title="bbox 2167 2801 3755 2872">
     <span class='ocr_line' id='line_1_55' title="bbox 2167 2801 3755 2872; baseline -0.003 -15"><span class='ocrx_word' id='word_1_421' title='bbox 2167 2802 2380 2867; x_wconf 84' lang='grc' dir='ltr'>ἐνδόξου</span> <span class='ocrx_word' id='word_1_422' title='bbox 2406 2803 2652 2855; x_wconf 85' lang='grc' dir='ltr'>Παύλου·</span> <span class='ocrx_word' id='word_1_423' title='bbox 2694 2801 2753 2865; x_wconf 84' lang='grc' dir='ltr'>ὃς</span> <span class='ocrx_word' id='word_1_424' title='bbox 2784 2802 3075 2872; x_wconf 85' lang='grc' dir='ltr'>γενόμενος</span> <span class='ocrx_word' id='word_1_425' title='bbox 3126 2803 3186 2854; x_wconf 90' lang='grc' dir='ltr'><strong>ἐν</strong></span> <span class='ocrx_word' id='word_1_426' title='bbox 3220 2802 3370 2872; x_wconf 83' lang='grc' dir='ltr'>ὑμῖν,</span> <span class='ocrx_word' id='word_1_427' title='bbox 3405 2801 3547 2855; x_wconf 84' lang='grc' dir='ltr'>κατὰ</span> <span class='ocrx_word' id='word_1_428' title='bbox 3583 2802 3755 2872; x_wconf 82' lang='grc' dir='ltr'>πρόσ-</span> 
     </span>
    </p>
   </div>
   <div class='ocr_carea' id='block_1_56' title="bbox 2166 2889 3756 2963">
    <p class='ocr_par' dir='ltr' id='par_1_56' title="bbox 2166 2889 3756 2963">
     <span class='ocr_line' id='line_1_56' title="bbox 2166 2889 3756 2963; baseline -0.001 -18"><span class='ocrx_word' id='word_1_429' title='bbox 2166 2910 2313 2945; x_wconf 89' lang='grc' dir='ltr'>ωπον</span> <span class='ocrx_word' id='word_1_430' title='bbox 2345 2892 2453 2946; x_wconf 86' lang='grc' dir='ltr'><strong>τῶν</strong></span> <span class='ocrx_word' id='word_1_431' title='bbox 2486 2892 2607 2945; x_wconf 86' lang='grc' dir='ltr'>τότε</span> <span class='ocrx_word' id='word_1_432' title='bbox 2652 2890 2955 2962; x_wconf 87' lang='grc' dir='ltr'>ἀνθρώπων</span> <span class='ocrx_word' id='word_1_433' title='bbox 2990 2889 3229 2957; x_wconf 80' lang='grc' dir='ltr'>ἐδίδαξεν</span> <span class='ocrx_word' id='word_1_434' title='bbox 3257 2891 3501 2963; x_wconf 78' lang='grc' dir='ltr'>ἀκριϐῶς</span> <span class='ocrx_word' id='word_1_435' title='bbox 3536 2893 3630 2945; x_wconf 73' lang='grc' dir='ltr'>καὶ</span> <span class='ocrx_word' id='word_1_436' title='bbox 3668 2892 3756 2962; x_wconf 85' lang='grc' dir='ltr'><strong>βε-</strong></span> 
     </span>
    </p>
   </div>
   <div class='ocr_carea' id='block_1_57' title="bbox 2166 2982 3757 3055">
    <p class='ocr_par' dir='ltr' id='par_1_57' title="bbox 2166 2982 3757 3055">
     <span class='ocr_line' id='line_1_57' title="bbox 2166 2982 3757 3055; baseline -0.002 -16"><span class='ocrx_word' id='word_1_437' title='bbox 2166 2986 2333 3050; x_wconf 78' lang='grc' dir='ltr'>ϐαίως</span> <span class='ocrx_word' id='word_1_438' title='bbox 2365 2985 2456 3039; x_wconf 84' lang='grc' dir='ltr'><strong>τὸν</strong></span> <span class='ocrx_word' id='word_1_439' title='bbox 2489 2985 2619 3055; x_wconf 75' lang='grc' dir='ltr'>περ),</span> <span class='ocrx_word' id='word_1_440' title='bbox 2652 2983 2907 3054; x_wconf 87' lang='grc' dir='ltr'>ἀληθείας</span> <span class='ocrx_word' id='word_1_441' title='bbox 2951 2982 3107 3052; x_wconf 84' lang='grc' dir='ltr'>λόγον</span> <span class='ocrx_word' id='word_1_442' title='bbox 3133 3000 3145 3013; x_wconf 90' lang='grc'><strong>·</strong></span> <span class='ocrx_word' id='word_1_443' title='bbox 3187 2982 3245 3047; x_wconf 82' lang='grc' dir='ltr'>ὃς</span> <span class='ocrx_word' id='word_1_444' title='bbox 3278 2985 3372 3037; x_wconf 78' lang='grc' dir='ltr'>καὶ</span> <span class='ocrx_word' id='word_1_445' title='bbox 3420 2983 3576 3038; x_wconf 86' lang='grc' dir='ltr'>ἀπὼν</span> <span class='ocrx_word' id='word_1_446' title='bbox 3628 2986 3757 3055; x_wconf 88' lang='grc' dir='ltr'>ὑμῖν</span> 
     </span>
    </p>
   </div>
   <div class='ocr_carea' id='block_1_58' title="bbox 2164 3073 3754 3148">
    <p class='ocr_par' dir='ltr' id='par_1_58' title="bbox 2164 3073 3754 3148">
     <span class='ocr_line' id='line_1_58' title="bbox 2164 3073 3754 3148; baseline -0.002 -18"><span class='ocrx_word' id='word_1_447' title='bbox 2164 3076 2404 3148; x_wconf 66' lang='grc' dir='ltr'>ἔγραψεν</span> <span class='ocrx_word' id='word_1_448' title='bbox 2438 3074 2726 3138; x_wconf 85' lang='grc' dir='ltr'>ἐπιστολὰς</span> <span class='ocrx_word' id='word_1_449' title='bbox 2761 3074 2909 3145; x_wconf 86' lang='grc'>(58),</span> <span class='ocrx_word' id='word_1_450' title='bbox 2952 3077 3032 3137; x_wconf 83' lang='grc' dir='ltr'><strong>είς</strong></span> <span class='ocrx_word' id='word_1_451' title='bbox 3064 3074 3132 3138; x_wconf 79' lang='grc' dir='ltr'><strong>ἀς</strong></span> <span class='ocrx_word' id='word_1_452' title='bbox 3165 3073 3261 3128; x_wconf 84' lang='grc' dir='ltr'>ἐὰν</span> <span class='ocrx_word' id='word_1_453' title='bbox 3294 3074 3629 3147; x_wconf 85' lang='grc' dir='ltr'>ἐγκύπτητε.</span> <span class='ocrx_word' id='word_1_454' title='bbox 3661 3075 3754 3127; x_wconf 85' lang='grc' dir='ltr'>δυ-</span> 
     </span>
    </p>
   </div>
   <div class='ocr_carea' id='block_1_59' title="bbox 2165 3166 3753 3240">
    <p class='ocr_par' dir='ltr' id='par_1_59' title="bbox 2165 3166 3753 3240">
     <span class='ocr_line' id='line_1_59' title="bbox 2165 3166 3753 3240; baseline -0.001 -19"><span class='ocrx_word' id='word_1_455' title='bbox 2165 3167 2461 3240; x_wconf 87' lang='grc' dir='ltr'>νηθήσεσθε</span> <span class='ocrx_word' id='word_1_456' title='bbox 2491 3166 2887 3237; x_wconf 83' lang='grc' dir='ltr'>οἰκοδομεῖσθαι</span> <span class='ocrx_word' id='word_1_457' title='bbox 2914 3169 2992 3232; x_wconf 84' lang='grc' dir='ltr'><strong>είς</strong></span> <span class='ocrx_word' id='word_1_458' title='bbox 3006 3170 3105 3240; x_wconf 84' lang='grc' dir='ltr'><strong>τὴν</strong></span> <span class='ocrx_word' id='word_1_459' title='bbox 3132 3170 3374 3222; x_wconf 86' lang='grc' dir='ltr'>δοθεῖσαν</span> <span class='ocrx_word' id='word_1_460' title='bbox 3400 3169 3528 3237; x_wconf 83' lang='grc' dir='ltr'>ὑμῖν</span> <span class='ocrx_word' id='word_1_461' title='bbox 3552 3168 3753 3232; x_wconf 85' lang='grc' dir='ltr'>πίστιν,</span> 
     </span>
    </p>
   </div>
   <div class='ocr_carea' id='block_1_60' title="bbox 480 3256 2094 3341">
    <p class='ocr_par' dir='ltr' id='par_1_60' title="bbox 480 3264 2094 3341">
     <span class='ocr_line' id='line_1_60' title="bbox 480 3264 2094 3341; baseline -0.003 -16"><span class='ocrx_word' id='word_1_462' title='bbox 480 3279 684 3340; x_wconf 87' lang='lat' dir='ltr'><strong>quente</strong></span> <span class='ocrx_word' id='word_1_463' title='bbox 732 3283 862 3341; x_wconf 89' lang='lat' dir='ltr'><strong>spe,</strong></span> <span class='ocrx_word' id='word_1_464' title='bbox 918 3266 1259 3339; x_wconf 61' lang='lat' dir='ltr'><strong>praecedente</strong></span> <span class='ocrx_word' id='word_1_465' title='bbox 1306 3266 1576 3321; x_wconf 88' lang='lat' dir='ltr'><strong>charitate</strong></span> <span class='ocrx_word' id='word_1_466' title='bbox 1625 3265 1682 3320; x_wconf 93' lang='lat' dir='ltr'><strong>in</strong></span> <span class='ocrx_word' id='word_1_467' title='bbox 1714 3264 1887 3321; x_wconf 86' lang='lat' dir='ltr'><strong>Deum</strong></span> <span class='ocrx_word' id='word_1_468' title='bbox 1919 3274 1974 3320; x_wconf 90' lang='lat' dir='ltr'><strong>et</strong></span> <span class='ocrx_word' id='word_1_469' title='bbox 2004 3265 2094 3320; x_wconf 64' lang='lat' dir='ltr'><strong>in‘</strong></span> 
     </span>
    </p>
   </div>
   <div class='ocr_carea' id='block_1_61' title="bbox 2168 3256 3753 3341">
    <p class='ocr_par' dir='ltr' id='par_1_61' title="bbox 2168 3256 3753 3329">
     <span class='ocr_line' id='line_1_61' title="bbox 2168 3256 3753 3329; baseline 0.003 -20"><span class='ocrx_word' id='word_1_470' title='bbox 2168 3278 2188 3309; x_wconf 72' lang='grc' dir='ltr'><strong>ι</strong></span> <span class='ocrx_word' id='word_1_471' title='bbox 2217 3258 2339 3328; x_wconf 75' lang='grc' dir='ltr'>ἣτις</span> <span class='ocrx_word' id='word_1_472' title='bbox 2383 3256 2501 3309; x_wconf 75' lang='grc' dir='ltr'>ἐστὶ</span> <span class='ocrx_word' id='word_1_473' title='bbox 2536 3257 2718 3327; x_wconf 88' lang='grc' dir='ltr'>μήτηρ</span> <span class='ocrx_word' id='word_1_474' title='bbox 2762 3258 2981 3310; x_wconf 85' lang='grc' dir='ltr'>πάντων</span> <span class='ocrx_word' id='word_1_475' title='bbox 3026 3259 3182 3329; x_wconf 81' lang='grc' dir='ltr'>ἡμῶν</span> <span class='ocrx_word' id='word_1_476' title='bbox 3232 3259 3366 3329; x_wconf 85' lang='grc'>(59),</span> <span class='ocrx_word' id='word_1_477' title='bbox 3398 3280 3416 3311; x_wconf 73' lang='grc' dir='ltr'><strong>ι</strong></span> <span class='ocrx_word' id='word_1_478' title='bbox 3453 3261 3753 3315; x_wconf 87' lang='grc' dir='ltr'>ἐπακολου-</span> 
     </span>
    </p>
   </div>
   <div class='ocr_carea' id='block_1_62' title="bbox 476 3356 2059 3430">
    <p class='ocr_par' dir='ltr' id='par_1_62' title="bbox 476 3356 2059 3430">
     <span class='ocr_line' id='line_1_62' title="bbox 476 3356 2059 3430; baseline -0.002 -16"><span class='ocrx_word' id='word_1_479' title='bbox 476 3359 761 3415; x_wconf 79' lang='lat' dir='ltr'><strong>Christum</strong></span> <span class='ocrx_word' id='word_1_480' title='bbox 791 3369 845 3416; x_wconf 90' lang='lat' dir='ltr'><strong>et</strong></span> <span class='ocrx_word' id='word_1_481' title='bbox 876 3361 932 3415; x_wconf 90' lang='lat' dir='ltr'><strong>in</strong></span> <span class='ocrx_word' id='word_1_482' title='bbox 959 3358 1295 3430; x_wconf 81' lang='lat' dir='ltr'><strong>proximum.</strong></span> <span class='ocrx_word' id='word_1_483' title='bbox 1339 3356 1397 3413; x_wconf 92' lang='lat' dir='ltr'><strong>Si</strong></span> <span class='ocrx_word' id='word_1_484' title='bbox 1433 3359 1561 3429; x_wconf 89' lang='lat' dir='ltr'><strong>quis</strong></span> <span class='ocrx_word' id='word_1_485' title='bbox 1591 3357 1739 3413; x_wconf 87' lang='lat' dir='ltr'><strong>enim</strong></span> <span class='ocrx_word' id='word_1_486' title='bbox 1774 3358 1915 3412; x_wconf 90' lang='lat' dir='ltr'><strong>intra</strong></span> <span class='ocrx_word' id='word_1_487' title='bbox 1943 3358 2059 3412; x_wconf 62' lang='lat' dir='ltr'><strong>haec</strong></span> 
     </span>
    </p>
   </div>
   <div class='ocr_carea' id='block_1_63' title="bbox 477 3448 2058 3522">
    <p class='ocr_par' dir='ltr' id='par_1_63' title="bbox 477 3448 2058 3522">
     <span class='ocr_line' id='line_1_63' title="bbox 477 3448 2058 3522; baseline -0.003 -15"><span class='ocrx_word' id='word_1_488' title='bbox 477 3452 664 3519; x_wconf 73' lang='lat' dir='ltr'><strong>fuerit,</strong></span> <span class='ocrx_word' id='word_1_489' title='bbox 714 3453 1034 3507; x_wconf 87' lang='lat' dir='ltr'><strong>mandatum</strong></span> <span class='ocrx_word' id='word_1_490' title='bbox 1062 3451 1294 3522; x_wconf 63' lang='lat' dir='ltr'><strong>justitiaa</strong></span> <span class='ocrx_word' id='word_1_491' title='bbox 1327 3451 1604 3521; x_wconf 87' lang='lat' dir='ltr'><strong>implevit;</strong></span> <span class='ocrx_word' id='word_1_492' title='bbox 1642 3465 1769 3510; x_wconf 83' lang='lat' dir='ltr'><strong>nam</strong></span> <span class='ocrx_word' id='word_1_493' title='bbox 1799 3448 1893 3520; x_wconf 90' lang='lat' dir='ltr'><strong>qui</strong></span> <span class='ocrx_word' id='word_1_494' title='bbox 1925 3448 2058 3503; x_wconf 86' lang='lat' dir='ltr'><strong>cha-</strong></span> 
     </span>
    </p>
   </div>
   <div class='ocr_carea' id='block_1_64' title="bbox 476 3543 1775 3615">
    <p class='ocr_par' dir='ltr' id='par_1_64' title="bbox 476 3543 1775 3615">
     <span class='ocr_line' id='line_1_64' title="bbox 476 3543 1775 3615; baseline -0.002 -15"><span class='ocrx_word' id='word_1_495' title='bbox 476 3546 692 3603; x_wconf 82' lang='lat' dir='ltr'><strong>ritatem</strong></span> <span class='ocrx_word' id='word_1_496' title='bbox 720 3546 901 3612; x_wconf 88' lang='lat' dir='ltr'><strong>habet,</strong></span> <span class='ocrx_word' id='word_1_497' title='bbox 937 3546 1098 3615; x_wconf 83' lang='lat' dir='ltr'><strong>longe</strong></span> <span class='ocrx_word' id='word_1_498' title='bbox 1129 3552 1214 3604; x_wconf 85' lang='lat' dir='ltr'><strong>est</strong></span> <span class='ocrx_word' id='word_1_499' title='bbox 1245 3544 1314 3598; x_wconf 90' lang='lat' dir='ltr'><strong>ab</strong></span> <span class='ocrx_word' id='word_1_500' title='bbox 1345 3543 1494 3598; x_wconf 91' lang='lat' dir='ltr'><strong>omni</strong></span> <span class='ocrx_word' id='word_1_501' title='bbox 1530 3552 1775 3614; x_wconf 88' lang='lat' dir='ltr'><strong>peccato.</strong></span> 
     </span>
    </p>
   </div>
   <div class='ocr_carea' id='block_1_65' title="bbox 2160 3345 3755 3420">
    <p class='ocr_par' dir='ltr' id='par_1_65' title="bbox 2160 3345 3755 3420">
     <span class='ocr_line' id='line_1_65' title="bbox 2160 3345 3755 3420; baseline 0.001 -19"><span class='ocrx_word' id='word_1_502' title='bbox 2160 3348 2360 3418; x_wconf 82' lang='grc' dir='ltr'>θούσης</span> <span class='ocrx_word' id='word_1_503' title='bbox 2400 3347 2499 3417; x_wconf 84' lang='grc' dir='ltr'><strong>τῆς</strong></span> <span class='ocrx_word' id='word_1_504' title='bbox 2544 3345 2755 3409; x_wconf 84' lang='grc' dir='ltr'>ἐλπίδος</span> <span class='ocrx_word' id='word_1_505' title='bbox 2778 3384 2795 3411; x_wconf 91' lang='grc'><strong>,</strong></span> <span class='ocrx_word' id='word_1_506' title='bbox 2827 3348 3174 3418; x_wconf 88' lang='grc' dir='ltr'>προαγούσης</span> <span class='ocrx_word' id='word_1_507' title='bbox 3213 3349 3311 3418; x_wconf 82' lang='grc' dir='ltr'><strong>τῆς</strong></span> <span class='ocrx_word' id='word_1_508' title='bbox 3360 3349 3611 3420; x_wconf 85' lang='grc' dir='ltr'>ἀγάπης,</span> <span class='ocrx_word' id='word_1_509' title='bbox 3653 3350 3755 3419; x_wconf 81' lang='grc' dir='ltr'><strong>τῆς</strong></span> 
     </span>
    </p>
   </div>
   <div class='ocr_carea' id='block_1_66' title="bbox 2146 3420 3755 3512">
    <p class='ocr_par' dir='ltr' id='par_1_66' title="bbox 2146 3420 3755 3512">
     <span class='ocr_line' id='line_1_66' title="bbox 2146 3420 3755 3512; baseline 0.002 -22"><span class='ocrx_word' id='word_1_510' title='bbox 2146 3420 2242 3501; x_wconf 56' lang='grc' dir='ltr'><strong>ἐίς</strong></span> <span class='ocrx_word' id='word_1_511' title='bbox 2287 3438 2423 3490; x_wconf 78' lang='grc' dir='ltr'>Θεὸν</span> <span class='ocrx_word' id='word_1_512' title='bbox 2464 3436 2565 3491; x_wconf 73' lang='grc' dir='ltr'>καὶ</span> <span class='ocrx_word' id='word_1_513' title='bbox 2599 3438 2832 3509; x_wconf 85' lang='grc' dir='ltr'>Χριστὸν</span> <span class='ocrx_word' id='word_1_514' title='bbox 2861 3442 2956 3493; x_wconf 80' lang='grc' dir='ltr'>καὶ</span> <span class='ocrx_word' id='word_1_515' title='bbox 2982 3442 3062 3503; x_wconf 88' lang='grc' dir='ltr'><strong>είς</strong></span> <span class='ocrx_word' id='word_1_516' title='bbox 3091 3440 3183 3493; x_wconf 81' lang='grc' dir='ltr'><strong>τὸν</strong></span> <span class='ocrx_word' id='word_1_517' title='bbox 3210 3440 3459 3510; x_wconf 87' lang='grc' dir='ltr'>πλησίον.</span> <span class='ocrx_word' id='word_1_518' title='bbox 3480 3441 3604 3494; x_wconf 83' lang='grc' dir='ltr'><strong>Ἐὰν</strong></span> <span class='ocrx_word' id='word_1_519' title='bbox 3645 3442 3755 3512; x_wconf 85' lang='grc' dir='ltr'>γάρ</span> 
     </span>
    </p>
   </div>
   <div class='ocr_carea' id='block_1_67' title="bbox 2163 3526 3756 3605">
    <p class='ocr_par' dir='ltr' id='par_1_67' title="bbox 2163 3526 3756 3605">
     <span class='ocr_line' id='line_1_67' title="bbox 2163 3526 3756 3605; baseline 0.002 -23"><span class='ocrx_word' id='word_1_520' title='bbox 2163 3547 2245 3593; x_wconf 88' lang='grc' dir='ltr'><strong>τις</strong></span> <span class='ocrx_word' id='word_1_521' title='bbox 2278 3529 2481 3583; x_wconf 87' lang='grc' dir='ltr'>τούτων</span> <span class='ocrx_word' id='word_1_522' title='bbox 2504 3528 2653 3591; x_wconf 86' lang='grc' dir='ltr'>ἐντὸς</span> <span class='ocrx_word' id='word_1_523' title='bbox 2742 3530 2872 3603; x_wconf 90' lang='grc'>(60),</span> <span class='ocrx_word' id='word_1_524' title='bbox 2911 3532 3273 3603; x_wconf 87' lang='grc' dir='ltr'>πεπλήρωκεν</span> <span class='ocrx_word' id='word_1_525' title='bbox 3309 3533 3527 3605; x_wconf 80' lang='grc' dir='ltr'>ἐντολὴν</span> <span class='ocrx_word' id='word_1_526' title='bbox 3550 3534 3756 3587; x_wconf 89' lang='grc' dir='ltr'>δικαιο-</span> 
     </span>
    </p>
   </div>
   <div class='ocr_carea' id='block_1_68' title="bbox 2168 3621 3755 3695">
    <p class='ocr_par' dir='ltr' id='par_1_68' title="bbox 2168 3621 3755 3695">
     <span class='ocr_line' id='line_1_68' title="bbox 2168 3621 3755 3695; baseline 0.002 -21"><span class='ocrx_word' id='word_1_527' title='bbox 2168 3622 2360 3691; x_wconf 88' lang='grc' dir='ltr'>σύνης·</span> <span class='ocrx_word' id='word_1_528' title='bbox 2424 3622 2453 3673; x_wconf 91' lang='grc' dir='ltr'>ὁ</span> <span class='ocrx_word' id='word_1_529' title='bbox 2500 3622 2609 3692; x_wconf 80' lang='grc' dir='ltr'>γὰρ</span> <span class='ocrx_word' id='word_1_530' title='bbox 2637 3621 2774 3691; x_wconf 78' lang='grc' dir='ltr'>ἔχων</span> <span class='ocrx_word' id='word_1_531' title='bbox 2828 3623 3071 3692; x_wconf 83' lang='grc' dir='ltr'>ἀγάπην,</span> <span class='ocrx_word' id='word_1_532' title='bbox 3126 3623 3343 3695; x_wconf 84' lang='grc' dir='ltr'>μακράν</span> <span class='ocrx_word' id='word_1_533' title='bbox 3398 3625 3515 3677; x_wconf 85' lang='grc' dir='ltr'>ἐστι</span> <span class='ocrx_word' id='word_1_534' title='bbox 3571 3623 3755 3694; x_wconf 73' lang='grc' dir='ltr'>πόσης</span> 
     </span>
    </p>
   </div>
   <div class='ocr_carea' id='block_1_69' title="bbox 2166 3716 2459 3785">
    <p class='ocr_par' dir='ltr' id='par_1_69' title="bbox 2166 3716 2459 3785">
     <span class='ocr_line' id='line_1_69' title="bbox 2166 3716 2459 3785; baseline -0.003 -17"><span class='ocrx_word' id='word_1_535' title='bbox 2166 3716 2459 3785; x_wconf 81' lang='grc' dir='ltr'>ἁμαρτίας.</span> 
     </span>
    </p>
   </div>
   <div class='ocr_carea' id='block_1_70' title="bbox 1117 3866 3101 3941">
    <p class='ocr_par' dir='ltr' id='par_1_70' title="bbox 1117 3866 3101 3941">
     <span class='ocr_line' id='line_1_70' title="bbox 1117 3866 3101 3941; baseline 0.002 -19"><span class='ocrx_word' id='word_1_536' title='bbox 1117 3866 1207 3922; x_wconf 87' lang='lat' dir='ltr'><strong>IV.</strong></span> <span class='ocrx_word' id='word_1_537' title='bbox 1245 3867 1543 3939; x_wconf 79' lang='lat' dir='ltr'><strong>Fugiamus</strong></span> <span class='ocrx_word' id='word_1_538' title='bbox 1576 3870 1900 3933; x_wconf 81' lang='lat' dir='ltr'><strong>avaritiam;</strong></span> <span class='ocrx_word' id='word_1_539' title='bbox 1935 3868 2214 3924; x_wconf 80' lang='lat' dir='ltr'><strong>doceamus</strong></span> <span class='ocrx_word' id='word_1_540' title='bbox 2249 3887 2343 3924; x_wconf 77' lang='lat' dir='ltr'><strong>nos</strong></span> <span class='ocrx_word' id='word_1_541' title='bbox 2378 3872 2553 3941; x_wconf 81' lang='lat' dir='ltr'><strong>ipsos,</strong></span> <span class='ocrx_word' id='word_1_542' title='bbox 2587 3888 2779 3927; x_wconf 77' lang='lat' dir='ltr'><strong>uxores</strong></span> <span class='ocrx_word' id='word_1_543' title='bbox 2811 3881 2860 3926; x_wconf 86' lang='lat' dir='ltr'><strong>et</strong></span> <span class='ocrx_word' id='word_1_544' title='bbox 2895 3872 3101 3926; x_wconf 77' lang='lat' dir='ltr'><strong>viduas.</strong></span> 
     </span>
    </p>
   </div>
   <div class='ocr_carea' id='block_1_71' title="bbox 553 4023 2060 4095">
    <p class='ocr_par' dir='ltr' id='par_1_71' title="bbox 553 4023 2060 4095">
     <span class='ocr_line' id='line_1_71' title="bbox 553 4023 2060 4095; baseline 0 -17"><span class='ocrx_word' id='word_1_545' title='bbox 553 4044 573 4078; x_wconf 74' lang='grc' dir='ltr'><strong>ι</strong></span> <span class='ocrx_word' id='word_1_546' title='bbox 618 4023 957 4095; x_wconf 84' lang='lat' dir='ltr'><strong>Principium</strong></span> <span class='ocrx_word' id='word_1_547' title='bbox 1006 4033 1187 4079; x_wconf 86' lang='lat' dir='ltr'><strong>autem</strong></span> <span class='ocrx_word' id='word_1_548' title='bbox 1237 4024 1485 4079; x_wconf 89' lang='lat' dir='ltr'><strong>omnium</strong></span> <span class='ocrx_word' id='word_1_549' title='bbox 1536 4023 1807 4079; x_wconf 88' lang='lat' dir='ltr'><strong>malorum</strong></span> <span class='ocrx_word' id='word_1_550' title='bbox 1840 4033 1924 4079; x_wconf 90' lang='lat' dir='ltr'><strong>est</strong></span> <span class='ocrx_word' id='word_1_551' title='bbox 1955 4024 2060 4078; x_wconf 88' lang='lat' dir='ltr'><strong>ha-</strong></span> 
     </span>
    </p>
   </div>
   <div class='ocr_carea' id='block_1_72' title="bbox 474 4114 2056 4187">
    <p class='ocr_par' dir='ltr' id='par_1_72' title="bbox 474 4114 2056 4187">
     <span class='ocr_line' id='line_1_72' title="bbox 474 4114 2056 4187; baseline -0.001 -15"><span class='ocrx_word' id='word_1_552' title='bbox 474 4116 639 4173; x_wconf 87' lang='lat' dir='ltr'><strong>bendi</strong></span> <span class='ocrx_word' id='word_1_553' title='bbox 692 4117 1056 4187; x_wconf 69' lang='lat' dir='ltr'><strong>cupiditas”.</strong></span> <span class='ocrx_word' id='word_1_554' title='bbox 1088 4135 1109 4168; x_wconf 69' lang='grc' dir='ltr'><strong>ι</strong></span> <span class='ocrx_word' id='word_1_555' title='bbox 1166 4114 1413 4172; x_wconf 87' lang='lat' dir='ltr'><strong>Scientes</strong></span> <span class='ocrx_word' id='word_1_556' title='bbox 1464 4131 1618 4186; x_wconf 83' lang='lat' dir='ltr'><strong>ergo,</strong></span> <span class='ocrx_word' id='word_1_557' title='bbox 1652 4116 1799 4187; x_wconf 93' lang='lat' dir='ltr'><strong>quod</strong></span> <span class='ocrx_word' id='word_1_558' title='bbox 1869 4134 1888 4169; x_wconf 69' lang='grc' dir='ltr'><strong>ς</strong></span> <span class='ocrx_word' id='word_1_559' title='bbox 1920 4116 2056 4172; x_wconf 88' lang='lat' dir='ltr'><strong>nihil</strong></span> 
     </span>
    </p>
   </div>
   <div class='ocr_carea' id='block_1_73' title="bbox 474 4207 2055 4279">
    <p class='ocr_par' dir='ltr' id='par_1_73' title="bbox 474 4207 2055 4279">
     <span class='ocr_line' id='line_1_73' title="bbox 474 4207 2055 4279; baseline 0.001 -16"><span class='ocrx_word' id='word_1_560' title='bbox 474 4210 764 4264; x_wconf 88' lang='lat' dir='ltr'><strong>intulimus</strong></span> <span class='ocrx_word' id='word_1_561' title='bbox 797 4210 852 4262; x_wconf 90' lang='lat' dir='ltr'><strong>in</strong></span> <span class='ocrx_word' id='word_1_562' title='bbox 887 4211 1034 4263; x_wconf 89' lang='lat' dir='ltr'><strong>hunc</strong></span> <span class='ocrx_word' id='word_1_563' title='bbox 1062 4207 1328 4262; x_wconf 89' lang='lat' dir='ltr'><strong>mundum</strong></span> <span class='ocrx_word' id='word_1_564' title='bbox 1354 4249 1369 4274; x_wconf 92' lang='lat'><strong>,</strong></span> <span class='ocrx_word' id='word_1_565' title='bbox 1404 4209 1500 4264; x_wconf 86' lang='lat' dir='ltr'><strong>sed</strong></span> <span class='ocrx_word' id='word_1_566' title='bbox 1534 4224 1636 4264; x_wconf 89' lang='lat' dir='ltr'><strong>nec</strong></span> <span class='ocrx_word' id='word_1_567' title='bbox 1666 4208 1883 4264; x_wconf 84' lang='lat' dir='ltr'><strong>auferre</strong></span> <span class='ocrx_word' id='word_1_568' title='bbox 1923 4208 2055 4279; x_wconf 90' lang='lat' dir='ltr'><strong>quid</strong></span> 
     </span>
    </p>
   </div>
   <div class='ocr_carea' id='block_1_74' title="bbox 473 4300 2055 4371">
    <p class='ocr_par' dir='ltr' id='par_1_74' title="bbox 473 4300 2055 4371">
     <span class='ocr_line' id='line_1_74' title="bbox 473 4300 2055 4371; baseline 0.001 -16"><span class='ocrx_word' id='word_1_569' title='bbox 473 4302 724 4356; x_wconf 89' lang='lat' dir='ltr'><strong>valemus</strong></span> <span class='ocrx_word' id='word_1_570' title='bbox 748 4302 815 4365; x_wconf 83' lang='grc'>¹⁹,</span> <span class='ocrx_word' id='word_1_571' title='bbox 850 4320 867 4352; x_wconf 76' lang='grc' dir='ltr'><strong>ι</strong></span> <span class='ocrx_word' id='word_1_572' title='bbox 903 4315 1184 4355; x_wconf 88' lang='lat' dir='ltr'><strong>armemur</strong></span> <span class='ocrx_word' id='word_1_573' title='bbox 1228 4300 1400 4355; x_wconf 89' lang='lat' dir='ltr'><strong>armis</strong></span> <span class='ocrx_word' id='word_1_574' title='bbox 1428 4300 1657 4371; x_wconf 65' lang='lat' dir='ltr'><strong>justitiaa</strong></span> <span class='ocrx_word' id='word_1_575' title='bbox 1678 4303 1746 4368; x_wconf 78' lang='lat'><strong>&#39;°,</strong></span> <span class='ocrx_word' id='word_1_576' title='bbox 1783 4312 1837 4357; x_wconf 87' lang='lat' dir='ltr'><strong>et</strong></span> <span class='ocrx_word' id='word_1_577' title='bbox 1857 4302 2055 4358; x_wconf 86' lang='lat' dir='ltr'><strong>docea-</strong></span> 
     </span>
    </p>
   </div>
   <div class='ocr_carea' id='block_1_75' title="bbox 476 4390 2050 4462">
    <p class='ocr_par' dir='ltr' id='par_1_75' title="bbox 476 4390 2050 4462">
     <span class='ocr_line' id='line_1_75' title="bbox 476 4390 2050 4462; baseline 0.003 -17"><span class='ocrx_word' id='word_1_578' title='bbox 476 4406 603 4447; x_wconf 89' lang='lat' dir='ltr'><strong>mus</strong></span> <span class='ocrx_word' id='word_1_579' title='bbox 631 4390 871 4462; x_wconf 90' lang='lat' dir='ltr'><strong>primum</strong></span> <span class='ocrx_word' id='word_1_580' title='bbox 907 4406 1008 4445; x_wconf 90' lang='lat' dir='ltr'><strong>nos</strong></span> <span class='ocrx_word' id='word_1_581' title='bbox 1044 4391 1213 4461; x_wconf 87' lang='lat' dir='ltr'><strong>ipsos,</strong></span> <span class='ocrx_word' id='word_1_582' title='bbox 1242 4390 1527 4448; x_wconf 88' lang='lat' dir='ltr'><strong>ambulare</strong></span> <span class='ocrx_word' id='word_1_583' title='bbox 1562 4393 1614 4446; x_wconf 94' lang='lat' dir='ltr'><strong>in</strong></span> <span class='ocrx_word' id='word_1_584' title='bbox 1650 4394 1912 4448; x_wconf 89' lang='lat' dir='ltr'><strong>mandato</strong></span> <span class='ocrx_word' id='word_1_585' title='bbox 1940 4392 2050 4449; x_wconf 89' lang='lat' dir='ltr'><strong>Do-</strong></span> 
     </span>
    </p>
   </div>
   <div class='ocr_carea' id='block_1_76' title="bbox 2245 4026 3753 4099">
    <p class='ocr_par' dir='ltr' id='par_1_76' title="bbox 2245 4026 3753 4099">
     <span class='ocr_line' id='line_1_76' title="bbox 2245 4026 3753 4099; baseline 0.002 -23"><span class='ocrx_word' id='word_1_586' title='bbox 2245 4045 2261 4075; x_wconf 73' lang='grc' dir='ltr'><strong>ι</strong></span> <span class='ocrx_word' id='word_1_587' title='bbox 2289 4026 2456 4097; x_wconf 84' lang='grc' dir='ltr'>Ἀρχὴ</span> <span class='ocrx_word' id='word_1_588' title='bbox 2495 4026 2552 4078; x_wconf 89' lang='grc' dir='ltr'><strong>δέ</strong></span> <span class='ocrx_word' id='word_1_589' title='bbox 2583 4026 2799 4081; x_wconf 84' lang='grc' dir='ltr'>πάντων</span> <span class='ocrx_word' id='word_1_590' title='bbox 2834 4026 3086 4098; x_wconf 84' lang='grc' dir='ltr'>χαλεπῶν</span> <span class='ocrx_word' id='word_1_591' title='bbox 3115 4026 3464 4099; x_wconf 87' lang='grc' dir='ltr'>φιλαργυρία.</span> <span class='ocrx_word' id='word_1_592' title='bbox 3493 4046 3510 4079; x_wconf 76' lang='grc' dir='ltr'><strong>ι</strong></span> <span class='ocrx_word' id='word_1_593' title='bbox 3534 4026 3753 4089; x_wconf 59' lang='lat' dir='ltr'><strong>mas—.2;</strong></span> 
     </span>
    </p>
   </div>
   <div class='ocr_carea' id='block_1_77' title="bbox 2163 4112 3751 4191">
    <p class='ocr_par' dir='ltr' id='par_1_77' title="bbox 2163 4112 3751 4191">
     <span class='ocr_line' id='line_1_77' title="bbox 2163 4112 3751 4191; baseline 0.001 -19"><span class='ocrx_word' id='word_1_594' title='bbox 2163 4112 2256 4172; x_wconf 77' lang='grc' dir='ltr'>οὖν</span> <span class='ocrx_word' id='word_1_595' title='bbox 2293 4118 2373 4171; x_wconf 79' lang='grc' dir='ltr'><strong>ὅτι</strong></span> <span class='ocrx_word' id='word_1_596' title='bbox 2424 4138 2443 4168; x_wconf 80' lang='grc' dir='ltr'><strong>ι</strong></span> <span class='ocrx_word' id='word_1_597' title='bbox 2469 4118 2617 4171; x_wconf 80' lang='grc' dir='ltr'>οὐδὲν</span> <span class='ocrx_word' id='word_1_598' title='bbox 2658 4119 3057 4191; x_wconf 82' lang='grc' dir='ltr'>εἰσηνέγκαμεν</span> <span class='ocrx_word' id='word_1_599' title='bbox 3094 4122 3173 4184; x_wconf 85' lang='grc' dir='ltr'><strong>είς</strong></span> <span class='ocrx_word' id='word_1_600' title='bbox 3213 4120 3302 4173; x_wconf 85' lang='grc' dir='ltr'><strong>τὸν</strong></span> <span class='ocrx_word' id='word_1_601' title='bbox 3345 4120 3546 4191; x_wconf 82' lang='grc' dir='ltr'>κόσμον</span> <span class='ocrx_word' id='word_1_602' title='bbox 3571 4159 3586 4183; x_wconf 98' lang='grc'><strong>,</strong></span> <span class='ocrx_word' id='word_1_603' title='bbox 3629 4120 3751 4173; x_wconf 77' lang='grc' dir='ltr'>ἀλλ’</span> 
     </span>
    </p>
   </div>
   <div class='ocr_carea' id='block_1_78' title="bbox 2163 4207 3749 4282">
    <p class='ocr_par' dir='ltr' id='par_1_78' title="bbox 2163 4207 3749 4282">
     <span class='ocr_line' id='line_1_78' title="bbox 2163 4207 3749 4282; baseline 0.001 -21"><span class='ocrx_word' id='word_1_604' title='bbox 2163 4208 2285 4261; x_wconf 77' lang='grc' dir='ltr'>οὐδὲ</span> <span class='ocrx_word' id='word_1_605' title='bbox 2318 4207 2623 4278; x_wconf 82' lang='grc' dir='ltr'>ἐξενεγκεῖν</span> <span class='ocrx_word' id='word_1_606' title='bbox 2650 4227 2702 4263; x_wconf 91' lang='grc' dir='ltr'><strong>τι</strong></span> <span class='ocrx_word' id='word_1_607' title='bbox 2734 4210 2951 4281; x_wconf 73' lang='grc' dir='ltr'>ἔχομεν,</span> <span class='ocrx_word' id='word_1_608' title='bbox 2983 4231 3001 4263; x_wconf 69' lang='grc' dir='ltr'><strong>ο</strong></span> <span class='ocrx_word' id='word_1_609' title='bbox 3039 4210 3391 4282; x_wconf 84' lang='grc' dir='ltr'>ὁπλισὼμεθα</span> <span class='ocrx_word' id='word_1_610' title='bbox 3422 4213 3535 4275; x_wconf 89' lang='grc' dir='ltr'>τοῖς</span> <span class='ocrx_word' id='word_1_611' title='bbox 3561 4210 3749 4273; x_wconf 83' lang='grc' dir='ltr'>ὅπλοις</span> 
     </span>
    </p>
   </div>
   <div class='ocr_carea' id='block_1_79' title="bbox 2161 4302 3751 4375">
    <p class='ocr_par' dir='ltr' id='par_1_79' title="bbox 2161 4302 3751 4375">
     <span class='ocr_line' id='line_1_79' title="bbox 2161 4302 3751 4375; baseline 0.002 -22"><span class='ocrx_word' id='word_1_612' title='bbox 2161 4302 2259 4371; x_wconf 82' lang='grc' dir='ltr'>τῆς</span> <span class='ocrx_word' id='word_1_613' title='bbox 2285 4302 2649 4373; x_wconf 86' lang='grc' dir='ltr'>δικαιοσύνης,</span> <span class='ocrx_word' id='word_1_614' title='bbox 2680 4303 2772 4357; x_wconf 74' lang='grc' dir='ltr'>κα).</span> <span class='ocrx_word' id='word_1_615' title='bbox 2801 4302 3100 4374; x_wconf 79' lang='grc' dir='ltr'>διδάξωμεν</span> <span class='ocrx_word' id='word_1_616' title='bbox 3128 4304 3354 4367; x_wconf 78' lang='grc' dir='ltr'>ἑαυτοὺς</span> <span class='ocrx_word' id='word_1_617' title='bbox 3384 4303 3621 4375; x_wconf 85' lang='grc' dir='ltr'>πρῶτον,</span> <span class='ocrx_word' id='word_1_618' title='bbox 3652 4319 3751 4356; x_wconf 83' lang='grc' dir='ltr'>πο-</span> 
     </span>
    </p>
   </div>
   <div class='ocr_carea' id='block_1_80' title="bbox 2161 4392 3747 4470">
    <p class='ocr_par' dir='ltr' id='par_1_80' title="bbox 2161 4392 3747 4470">
     <span class='ocr_line' id='line_1_80' title="bbox 2161 4392 3747 4470; baseline 0.003 -25"><span class='ocrx_word' id='word_1_619' title='bbox 2161 4392 2410 4464; x_wconf 84' lang='grc' dir='ltr'>ρεύεσθαι</span> <span class='ocrx_word' id='word_1_620' title='bbox 2457 4394 2516 4447; x_wconf 84' lang='grc' dir='ltr'><strong>ἐν</strong></span> <span class='ocrx_word' id='word_1_621' title='bbox 2552 4398 2618 4466; x_wconf 81' lang='grc' dir='ltr'>τῇ</span> <span class='ocrx_word' id='word_1_622' title='bbox 2659 4396 2844 4467; x_wconf 81' lang='grc' dir='ltr'>ἐντολῇ</span> <span class='ocrx_word' id='word_1_623' title='bbox 2890 4397 2983 4450; x_wconf 79' lang='grc' dir='ltr'>τοῦ</span> <span class='ocrx_word' id='word_1_624' title='bbox 3026 4397 3229 4470; x_wconf 85' lang='grc' dir='ltr'>Κυρίου</span> <span class='ocrx_word' id='word_1_625' title='bbox 3262 4396 3403 4468; x_wconf 84' lang='grc'>(61)·</span> <span class='ocrx_word' id='word_1_626' title='bbox 3433 4396 3622 4449; x_wconf 79' lang='grc' dir='ltr'>ἔπειτα</span> <span class='ocrx_word' id='word_1_627' title='bbox 3652 4396 3747 4449; x_wconf 71' lang='grc' dir='ltr'><strong>καὶ</strong></span> 
     </span>
    </p>
   </div>
   <div class='ocr_carea' id='block_1_81' title="bbox 551 4565 3747 4640">
    <p class='ocr_par' dir='ltr' id='par_1_81' title="bbox 551 4565 3747 4640">
     <span class='ocr_line' id='line_1_81' title="bbox 551 4565 3747 4640; baseline 0.002 -20"><span class='ocrx_word' id='word_1_628' title='bbox 551 4568 573 4598; x_wconf 87' lang='grc'><strong>⁷</strong></span> <span class='ocrx_word' id='word_1_629' title='bbox 596 4568 618 4620; x_wconf 90' lang='grc' dir='ltr'>Ι</span> <span class='ocrx_word' id='word_1_630' title='bbox 644 4566 852 4640; x_wconf 66' lang='lat' dir='ltr'><strong>Petr.t,</strong></span> <span class='ocrx_word' id='word_1_631' title='bbox 877 4565 971 4640; x_wconf 67' lang='grc' dir='ltr'>Ἢ.</span> <span class='ocrx_word' id='word_1_632' title='bbox 1008 4567 1070 4640; x_wconf 31' lang='grc'><strong>-.⁸</strong></span> <span class='ocrx_word' id='word_1_633' title='bbox 1097 4568 1219 4623; x_wconf 84' lang='lat' dir='ltr'><strong>Act.</strong></span> <span class='ocrx_word' id='word_1_634' title='bbox 1252 4584 1384 4640; x_wconf 78' lang='lat' dir='ltr'><strong>xvii,</strong></span> <span class='ocrx_word' id='word_1_635' title='bbox 1415 4568 1506 4622; x_wconf 75' lang='lat' dir='ltr'><strong>5L</strong></span> <span class='ocrx_word' id='word_1_636' title='bbox 1545 4639 1554 4640; x_wconf 15' lang='grc' dir='ltr'>ί</span> <span class='ocrx_word' id='word_1_637' title='bbox 1584 4570 1657 4640; x_wconf 59' lang='grc' dir='ltr'>ξι</span> <span class='ocrx_word' id='word_1_638' title='bbox 1684 4568 1809 4625; x_wconf 88' lang='lat' dir='ltr'><strong>Cor.</strong></span> <span class='ocrx_word' id='word_1_639' title='bbox 1834 4586 1908 4631; x_wconf 63' lang='grc' dir='ltr'><strong>τι,</strong></span> <span class='ocrx_word' id='word_1_640' title='bbox 1941 4571 2123 4637; x_wconf 74' lang='grc'>14;11</span> <span class='ocrx_word' id='word_1_641' title='bbox 2156 4571 2282 4626; x_wconf 87' lang='lat' dir='ltr'><strong>Cor.</strong></span> <span class='ocrx_word' id='word_1_642' title='bbox 2316 4588 2390 4634; x_wconf 81' lang='lat' dir='ltr'><strong>iv,</strong></span> <span class='ocrx_word' id='word_1_643' title='bbox 2428 4573 2527 4639; x_wconf 68' lang='lat'><strong>14;</strong></span> <span class='ocrx_word' id='word_1_644' title='bbox 2566 4572 2727 4627; x_wconf 83' lang='lat' dir='ltr'><strong>Rom.</strong></span> <span class='ocrx_word' id='word_1_645' title='bbox 2763 4575 2988 4640; x_wconf 76' lang='grc' dir='ltr'>νιιι,11.</span> <span class='ocrx_word' id='word_1_646' title='bbox 3067 4575 3150 4628; x_wconf 87' lang='grc' dir='ltr'><strong>¹⁰Ι</strong></span> <span class='ocrx_word' id='word_1_647' title='bbox 3172 4572 3365 4629; x_wconf 89' lang='lat' dir='ltr'><strong>Thess.</strong></span> <span class='ocrx_word' id='word_1_648' title='bbox 3395 4591 3449 4639; x_wconf 93' lang='lat' dir='ltr'><strong>v,</strong></span> <span class='ocrx_word' id='word_1_649' title='bbox 3479 4573 3570 4627; x_wconf 73' lang='lat'><strong>2‘2.</strong></span> <span class='ocrx_word' id='word_1_650' title='bbox 3649 4572 3689 4602; x_wconf 85' lang='lat'>“</span> <span class='ocrx_word' id='word_1_651' title='bbox 3722 4572 3747 4625; x_wconf 82' lang='grc' dir='ltr'><strong>Ι</strong></span> 
     </span>
    </p>
   </div>
   <div class='ocr_carea' id='block_1_82' title="bbox 474 4636 1405 4703">
    <p class='ocr_par' dir='ltr' id='par_1_82' title="bbox 474 4636 1405 4703">
     <span class='ocr_line' id='line_1_82' title="bbox 474 4636 1405 4703; baseline 0.002 -14"><span class='ocrx_word' id='word_1_652' title='bbox 474 4636 622 4694; x_wconf 84' lang='lat' dir='ltr'><strong>Pctr.</strong></span> <span class='ocrx_word' id='word_1_653' title='bbox 655 4653 738 4703; x_wconf 87' lang='lat' dir='ltr'><strong>tu,</strong></span> <span class='ocrx_word' id='word_1_654' title='bbox 770 4638 824 4692; x_wconf 86' lang='lat'><strong>9.</strong></span> <span class='ocrx_word' id='word_1_655' title='bbox 934 4639 978 4668; x_wconf 88' lang='grc'>¹²</span> <span class='ocrx_word' id='word_1_656' title='bbox 1008 4636 1199 4693; x_wconf 83' lang='lat' dir='ltr'><strong>Matth.</strong></span> <span class='ocrx_word' id='word_1_657' title='bbox 1225 4654 1325 4701; x_wconf 88' lang='lat' dir='ltr'><strong>vn,</strong></span> <span class='ocrx_word' id='word_1_658' title='bbox 1352 4639 1405 4691; x_wconf 90' lang='grc'>1.</span> 
     </span>
    </p>
   </div>
   <div class='ocr_carea' id='block_1_83' title="bbox 420 4706 1948 4778">
    <p class='ocr_par' dir='ltr' id='par_1_83' title="bbox 420 4706 1948 4778">
     <span class='ocr_line' id='line_1_83' title="bbox 420 4706 1948 4778; baseline 0.001 -15"><span class='ocrx_word' id='word_1_659' title='bbox 420 4728 425 4735; x_wconf 93' lang='grc'><strong>·</strong></span> <span class='ocrx_word' id='word_1_660' title='bbox 473 4706 609 4765; x_wconf 82' lang='lat' dir='ltr'><strong>Luc.</strong></span> <span class='ocrx_word' id='word_1_661' title='bbox 633 4724 707 4774; x_wconf 78' lang='lat' dir='ltr'><strong>v1,</strong></span> <span class='ocrx_word' id='word_1_662' title='bbox 749 4708 837 4762; x_wconf 80' lang='lat'><strong>&#39;58.</strong></span> <span class='ocrx_word' id='word_1_663' title='bbox 918 4708 963 4739; x_wconf 80' lang='grc'>¹⁶</span> <span class='ocrx_word' id='word_1_664' title='bbox 986 4707 1197 4764; x_wconf 85' lang='lat' dir='ltr'><strong>IIPetr.</strong></span> <span class='ocrx_word' id='word_1_665' title='bbox 1232 4724 1315 4774; x_wconf 91' lang='grc' dir='ltr'>ιιι,</span> <span class='ocrx_word' id='word_1_666' title='bbox 1355 4709 1443 4763; x_wconf 87' lang='grc'><strong>15.</strong></span> <span class='ocrx_word' id='word_1_667' title='bbox 1524 4710 1566 4739; x_wconf 84' lang='grc'><strong>¹⁷</strong></span> <span class='ocrx_word' id='word_1_668' title='bbox 1597 4710 1716 4763; x_wconf 89' lang='lat' dir='ltr'><strong>Gal.</strong></span> <span class='ocrx_word' id='word_1_669' title='bbox 1749 4706 1948 4778; x_wconf 74' lang='grc' dir='ltr'>ιν,26.</span> 
     </span>
    </p>
   </div>
   <div class='ocr_carea' id='block_1_84' title="bbox 544 4863 2055 4937">
    <p class='ocr_par' dir='ltr' id='par_1_84' title="bbox 544 4863 2055 4937">
     <span class='ocr_line' id='line_1_84' title="bbox 544 4863 2055 4937; baseline -0.001 -16"><span class='ocrx_word' id='word_1_670' title='bbox 544 4865 657 4937; x_wconf 75' lang='grc'>(52)</span> <span class='ocrx_word' id='word_1_671' title='bbox 687 4863 940 4937; x_wconf 67' lang='lat' dir='ltr'><strong>CfrJgn.</strong></span> <span class='ocrx_word' id='word_1_672' title='bbox 969 4866 1038 4919; x_wconf 85' lang='lat' dir='ltr'><strong>ad</strong></span> <span class='ocrx_word' id='word_1_673' title='bbox 1073 4863 1314 4937; x_wconf 29' lang='lat' dir='ltr'><strong>Smyrna,</strong></span> <span class='ocrx_word' id='word_1_674' title='bbox 1341 4881 1397 4937; x_wconf 83' lang='lat' dir='ltr'><strong>c.</strong></span> <span class='ocrx_word' id='word_1_675' title='bbox 1436 4863 1492 4937; x_wconf 85' lang='grc'>6,</span> <span class='ocrx_word' id='word_1_676' title='bbox 1523 4864 1591 4918; x_wconf 89' lang='lat' dir='ltr'><strong>ad</strong></span> <span class='ocrx_word' id='word_1_677' title='bbox 1624 4863 1796 4923; x_wconf 80' lang='grc' dir='ltr'>Τναίί.</span> <span class='ocrx_word' id='word_1_678' title='bbox 1823 4881 1873 4921; x_wconf 88' lang='lat' dir='ltr'><strong>c.</strong></span> <span class='ocrx_word' id='word_1_679' title='bbox 1900 4867 1958 4930; x_wconf 88' lang='lat'><strong>9,</strong></span> <span class='ocrx_word' id='word_1_680' title='bbox 1985 4866 2055 4921; x_wconf 84' lang='lat' dir='ltr'><strong>ad</strong></span> 
     </span>
    </p>
   </div>
   <div class='ocr_carea' id='block_1_85' title="bbox 474 4934 1692 5060">
    <p class='ocr_par' dir='ltr' id='par_1_85' title="bbox 474 4934 1692 5060">
     <span class='ocr_line' id='line_1_85' title="bbox 474 4934 1692 5060; baseline -0.002 -69"><span class='ocrx_word' id='word_1_681' title='bbox 474 4934 691 5060; x_wconf 57' lang='lat' dir='ltr'><strong>Stagna.</strong></span> <span class='ocrx_word' id='word_1_682' title='bbox 722 4952 774 4991; x_wconf 91' lang='lat' dir='ltr'><strong>c.</strong></span> <span class='ocrx_word' id='word_1_683' title='bbox 800 4936 835 4989; x_wconf 74' lang='grc'>2</span> <span class='ocrx_word' id='word_1_684' title='bbox 856 4955 866 4989; x_wconf 93' lang='lat'><strong>:</strong></span> <span class='ocrx_word' id='word_1_685' title='bbox 887 4935 961 4998; x_wconf 78' lang='grc' dir='ltr'>ὡς</span> <span class='ocrx_word' id='word_1_686' title='bbox 996 4976 1011 4989; x_wconf 94' lang='grc'><strong>.</strong></span> <span class='ocrx_word' id='word_1_687' title='bbox 1051 4976 1065 4988; x_wconf 94' lang='grc'><strong>.</strong></span> <span class='ocrx_word' id='word_1_688' title='bbox 1105 4976 1117 4987; x_wconf 95' lang='grc'><strong>.</strong></span> <span class='ocrx_word' id='word_1_689' title='bbox 1156 4934 1347 4990; x_wconf 88' lang='grc' dir='ltr'>ἐαυτὸν</span> <span class='ocrx_word' id='word_1_690' title='bbox 1380 4935 1692 5006; x_wconf 81' lang='grc' dir='ltr'>ἀνέστησεν.</span> 
     </span>
     <span class='ocr_line' id='line_1_86' title="bbox 547 5004 1691 5060; baseline 0 0"><span class='ocrx_word' id='word_1_691' title='bbox 547 5008 561 5060; x_wconf 86' lang='grc' dir='ltr'><strong>ί</strong></span> <span class='ocrx_word' id='word_1_692' title='bbox 607 5005 762 5060; x_wconf 78' lang='lat' dir='ltr'><strong>5llta</strong></span> <span class='ocrx_word' id='word_1_693' title='bbox 807 5004 1148 5060; x_wconf 82' lang='lat' dir='ltr'><strong>Jacobsonus</strong></span> <span class='ocrx_word' id='word_1_694' title='bbox 1187 5021 1251 5060; x_wconf 84' lang='lat' dir='ltr'><strong>ex</strong></span> <span class='ocrx_word' id='word_1_695' title='bbox 1288 5004 1474 5060; x_wconf 91' lang='lat' dir='ltr'><strong>codd..</strong></span> <span class='ocrx_word' id='word_1_696' title='bbox 1518 5022 1618 5060; x_wconf 87' lang='lat' dir='ltr'><strong>nro</strong></span> <span class='ocrx_word' id='word_1_697' title='bbox 1659 5022 1691 5059; x_wconf 88' lang='lat' dir='ltr'><strong>v</strong></span> 
     </span>
    </p>
   </div>
   <div class='ocr_carea' id='block_1_86' title="bbox 547 5004 2053 5090">
    <p class='ocr_par' dir='ltr' id='par_1_86' title="bbox 547 5004 2053 5090">
     <span class='ocr_line' id='line_1_87' title="bbox 547 5004 2053 5090; baseline -0.001 -30"><span class='ocrx_word' id='word_1_698' title='bbox 547 5004 762 5090; x_wconf 54' lang='lat' dir='ltr'><strong>$35)lta</strong></span> <span class='ocrx_word' id='word_1_699' title='bbox 807 5004 1148 5062; x_wconf 82' lang='lat' dir='ltr'><strong>Jacobsonus</strong></span> <span class='ocrx_word' id='word_1_700' title='bbox 1187 5021 1251 5062; x_wconf 84' lang='lat' dir='ltr'><strong>ex</strong></span> <span class='ocrx_word' id='word_1_701' title='bbox 1288 5004 1474 5073; x_wconf 90' lang='lat' dir='ltr'><strong>codd.,</strong></span> <span class='ocrx_word' id='word_1_702' title='bbox 1518 5004 1618 5076; x_wconf 82' lang='lat' dir='ltr'><strong>pro</strong></span> <span class='ocrx_word' id='word_1_703' title='bbox 1659 5006 1807 5078; x_wconf 77' lang='lat' dir='ltr'><strong>vulg.</strong></span> <span class='ocrx_word' id='word_1_704' title='bbox 1841 5021 2053 5079; x_wconf 83' lang='grc' dir='ltr'>μνημο-</span> 
     </span>
    </p>
   </div>
   <div class='ocr_carea' id='block_1_87' title="bbox 472 5094 2052 5215">
    <p class='ocr_par' dir='ltr' id='par_1_87' title="bbox 472 5094 2052 5215">
     <span class='ocr_line' id='line_1_88' title="bbox 472 5094 778 5139; baseline -0.003 -9"><span class='ocrx_word' id='word_1_705' title='bbox 472 5094 778 5139; x_wconf 77' lang='grc' dir='ltr'>νεύσαντες.</span> 
     </span>
     <span class='ocr_line' id='line_1_89' title="bbox 547 5146 2052 5215; baseline 0.003 -15"><span class='ocrx_word' id='word_1_706' title='bbox 547 5147 660 5215; x_wconf 73' lang='grc'>(54)</span> <span class='ocrx_word' id='word_1_707' title='bbox 689 5146 865 5201; x_wconf 90' lang='lat' dir='ltr'><strong>Simili</strong></span> <span class='ocrx_word' id='word_1_708' title='bbox 898 5146 1012 5201; x_wconf 85' lang='lat' dir='ltr'><strong>fere</strong></span> <span class='ocrx_word' id='word_1_709' title='bbox 1038 5148 1201 5202; x_wconf 89' lang='lat' dir='ltr'><strong>modo</strong></span> <span class='ocrx_word' id='word_1_710' title='bbox 1228 5148 1376 5203; x_wconf 83' lang='lat' dir='ltr'><strong>varia</strong></span> <span class='ocrx_word' id='word_1_711' title='bbox 1408 5148 1526 5203; x_wconf 90' lang='lat' dir='ltr'><strong>loca</strong></span> <span class='ocrx_word' id='word_1_712' title='bbox 1565 5163 1631 5202; x_wconf 85' lang='lat' dir='ltr'><strong>ex</strong></span> <span class='ocrx_word' id='word_1_713' title='bbox 1658 5147 1966 5215; x_wconf 73' lang='lat' dir='ltr'><strong>Evangeliis</strong></span> <span class='ocrx_word' id='word_1_714' title='bbox 1998 5150 2052 5204; x_wconf 93' lang='lat' dir='ltr'><strong>in</strong></span> 
     </span>
    </p>
   </div>
   <div class='ocr_carea' id='block_1_88' title="bbox 471 5217 2057 5287">
    <p class='ocr_par' dir='ltr' id='par_1_88' title="bbox 471 5217 2057 5287">
     <span class='ocr_line' id='line_1_90' title="bbox 471 5217 2057 5287; baseline 0.002 -17"><span class='ocrx_word' id='word_1_715' title='bbox 471 5233 644 5287; x_wconf 71' lang='lat' dir='ltr'><strong>unum</strong></span> <span class='ocrx_word' id='word_1_716' title='bbox 669 5219 944 5287; x_wconf 84' lang='lat' dir='ltr'><strong>contraxit</strong></span> <span class='ocrx_word' id='word_1_717' title='bbox 966 5217 1219 5273; x_wconf 85' lang='lat' dir='ltr'><strong>Clemens</strong></span> <span class='ocrx_word' id='word_1_718' title='bbox 1244 5218 1527 5273; x_wconf 81' lang='lat' dir='ltr'><strong>Romanus</strong></span> <span class='ocrx_word' id='word_1_719' title='bbox 1555 5234 1641 5287; x_wconf 89' lang='lat' dir='ltr'><strong>ep.</strong></span> <span class='ocrx_word' id='word_1_720' title='bbox 1660 5235 1697 5282; x_wconf 90' lang='grc' dir='ltr'><strong>ι,</strong></span> <span class='ocrx_word' id='word_1_721' title='bbox 1722 5235 1772 5272; x_wconf 87' lang='lat' dir='ltr'><strong>c.</strong></span> <span class='ocrx_word' id='word_1_722' title='bbox 1802 5219 1893 5272; x_wconf 76' lang='grc'><strong>15.</strong></span> <span class='ocrx_word' id='word_1_723' title='bbox 1910 5219 2057 5273; x_wconf 86' lang='lat' dir='ltr'><strong>Con-</strong></span> 
     </span>
    </p>
   </div>
   <div class='ocr_carea' id='block_1_89' title="bbox 474 5285 2053 5359">
    <p class='ocr_par' dir='ltr' id='par_1_89' title="bbox 474 5285 2053 5359">
     <span class='ocr_line' id='line_1_91' title="bbox 474 5285 2053 5359; baseline 0.004 -20"><span class='ocrx_word' id='word_1_724' title='bbox 474 5285 980 5359; x_wconf 68' lang='lat' dir='ltr'><strong>fer_Prolegomena</strong></span> <span class='ocrx_word' id='word_1_725' title='bbox 1008 5297 1197 5343; x_wconf 88' lang='lat' dir='ltr'><strong>nostra</strong></span> <span class='ocrx_word' id='word_1_726' title='bbox 1230 5290 1297 5344; x_wconf 91' lang='lat' dir='ltr'><strong>ad</strong></span> <span class='ocrx_word' id='word_1_727' title='bbox 1322 5285 1604 5359; x_wconf 78' lang='lat' dir='ltr'><strong>Epistolas</strong></span> <span class='ocrx_word' id='word_1_728' title='bbox 1642 5287 1699 5342; x_wconf 89' lang='lat' dir='ltr'><strong>S.</strong></span> <span class='ocrx_word' id='word_1_729' title='bbox 1730 5288 2053 5357; x_wconf 88' lang='lat' dir='ltr'><strong>Clementis,</strong></span> 
     </span>
    </p>
   </div>
   <div class='ocr_carea' id='block_1_90' title="bbox 472 5357 2046 5500">
    <p class='ocr_par' dir='ltr' id='par_1_90' title="bbox 472 5357 2046 5500">
     <span class='ocr_line' id='line_1_92' title="bbox 472 5357 2046 5500; baseline -0.002 -14"><span class='ocrx_word' id='word_1_730' title='bbox 472 5357 659 5500; x_wconf 30' lang='lat'><strong>“3353)</strong></span> <span class='ocrx_word' id='word_1_731' title='bbox 691 5426 1144 5498; x_wconf 68' lang='lat' dir='ltr'><strong>Prtepositionem</strong></span> <span class='ocrx_word' id='word_1_732' title='bbox 1179 5432 1259 5495; x_wconf 88' lang='grc' dir='ltr'><strong>ἐν,</strong></span> <span class='ocrx_word' id='word_1_733' title='bbox 1295 5445 1470 5500; x_wconf 83' lang='lat' dir='ltr'><strong>quam</strong></span> <span class='ocrx_word' id='word_1_734' title='bbox 1499 5429 1731 5500; x_wconf 77' lang='lat' dir='ltr'><strong>deletam</strong></span> <span class='ocrx_word' id='word_1_735' title='bbox 1758 5430 1875 5483; x_wconf 88' lang='lat' dir='ltr'><strong>vult</strong></span> <span class='ocrx_word' id='word_1_736' title='bbox 1909 5428 2046 5484; x_wconf 87' lang='lat' dir='ltr'><strong>Smi-</strong></span> 
     </span>
    </p>
   </div>
   <div class='ocr_carea' id='block_1_91' title="bbox 473 5497 1984 5568">
    <p class='ocr_par' dir='ltr' id='par_1_91' title="bbox 473 5497 1984 5568">
     <span class='ocr_line' id='line_1_93' title="bbox 473 5497 1984 5568; baseline 0.003 -18"><span class='ocrx_word' id='word_1_737' title='bbox 473 5497 646 5561; x_wconf 90' lang='lat' dir='ltr'><strong>thius,</strong></span> <span class='ocrx_word' id='word_1_738' title='bbox 679 5514 789 5568; x_wconf 88' lang='lat' dir='ltr'><strong>non</strong></span> <span class='ocrx_word' id='word_1_739' title='bbox 819 5497 1125 5568; x_wconf 85' lang='lat' dir='ltr'><strong>agnoscunt</strong></span> <span class='ocrx_word' id='word_1_740' title='bbox 1156 5497 1327 5554; x_wconf 41' lang='lat' dir='ltr'><strong>codd.‘</strong></span> <span class='ocrx_word' id='word_1_741' title='bbox 1344 5500 1511 5554; x_wconf 89' lang='lat' dir='ltr'><strong>Laur.</strong></span> <span class='ocrx_word' id='word_1_742' title='bbox 1546 5499 1667 5554; x_wconf 84' lang='lat' dir='ltr'><strong>Vat.</strong></span> <span class='ocrx_word' id='word_1_743' title='bbox 1698 5499 1984 5555; x_wconf 69' lang='lat' dir='ltr'><strong>Jsconson.</strong></span> 
     </span>
    </p>
   </div>
   <div class='ocr_carea' id='block_1_92' title="bbox 544 5566 2048 5636">
    <p class='ocr_par' dir='ltr' id='par_1_92' title="bbox 544 5566 2048 5636">
     <span class='ocr_line' id='line_1_94' title="bbox 544 5566 2048 5636; baseline 0.001 -14"><span class='ocrx_word' id='word_1_744' title='bbox 544 5568 659 5636; x_wconf 83' lang='grc'>(56)</span> <span class='ocrx_word' id='word_1_745' title='bbox 691 5566 961 5623; x_wconf 82' lang='lat' dir='ltr'><strong>Smithius</strong></span> <span class='ocrx_word' id='word_1_746' title='bbox 1002 5580 1055 5623; x_wconf 91' lang='lat' dir='ltr'><strong>et</strong></span> <span class='ocrx_word' id='word_1_747' title='bbox 1094 5568 1378 5625; x_wconf 85' lang='lat' dir='ltr'><strong>Buchatus</strong></span> <span class='ocrx_word' id='word_1_748' title='bbox 1420 5571 1628 5624; x_wconf 88' lang='lat' dir='ltr'><strong>addunt</strong></span> <span class='ocrx_word' id='word_1_749' title='bbox 1652 5586 1719 5623; x_wconf 81' lang='lat' dir='ltr'><strong>ex</strong></span> <span class='ocrx_word' id='word_1_750' title='bbox 1763 5572 1931 5624; x_wconf 86' lang='lat' dir='ltr'><strong>veteri</strong></span> <span class='ocrx_word' id='word_1_751' title='bbox 1959 5572 2048 5624; x_wconf 93' lang='lat' dir='ltr'><strong>in-</strong></span> 
     </span>
    </p>
   </div>
   <div class='ocr_carea' id='block_1_93' title="bbox 472 5638 2049 5722">
    <p class='ocr_par' dir='ltr' id='par_1_93' title="bbox 472 5638 2049 5722">
     <span class='ocr_line' id='line_1_95' title="bbox 472 5638 2049 5722; baseline 0.004 -33"><span class='ocrx_word' id='word_1_752' title='bbox 472 5647 706 5722; x_wconf 69' lang='lat' dir='ltr'><strong>terprete</strong></span> <span class='ocrx_word' id='word_1_753' title='bbox 755 5647 865 5693; x_wconf 89' lang='lat' dir='ltr'><strong>ete</strong></span> <span class='ocrx_word' id='word_1_754' title='bbox 919 5640 976 5692; x_wconf 87' lang='lat' dir='ltr'><strong>S.</strong></span> <span class='ocrx_word' id='word_1_755' title='bbox 1027 5638 1219 5722; x_wconf 60' lang='lat' dir='ltr'><strong>Matth.</strong></span> <span class='ocrx_word' id='word_1_756' title='bbox 1270 5656 1323 5703; x_wconf 77' lang='grc' dir='ltr'><strong>ν,</strong></span> <span class='ocrx_word' id='word_1_757' title='bbox 1374 5642 1427 5703; x_wconf 81' lang='grc'>5,</span> <span class='ocrx_word' id='word_1_758' title='bbox 1478 5639 1555 5721; x_wconf 75' lang='grc' dir='ltr'>τῷ</span> <span class='ocrx_word' id='word_1_759' title='bbox 1590 5640 1856 5722; x_wconf 59' lang='grc' dir='ltr'>πνεύματι</span> <span class='ocrx_word' id='word_1_760' title='bbox 1886 5642 2049 5711; x_wconf 87' lang='lat' dir='ltr'><strong>(post</strong></span> 
     </span>
    </p>
   </div>
   <div class='ocr_carea' id='block_1_94' title="bbox 472 5708 2043 5851">
    <p class='ocr_par' dir='ltr' id='par_1_94' title="bbox 472 5708 2043 5851">
     <span class='ocr_line' id='line_1_96' title="bbox 475 5708 2043 5789; baseline 0.006 -32"><span class='ocrx_word' id='word_1_761' title='bbox 475 5708 726 5789; x_wconf 82' lang='grc' dir='ltr'>πτωχοί),</span> <span class='ocrx_word' id='word_1_762' title='bbox 751 5723 915 5776; x_wconf 90' lang='lat' dir='ltr'><strong>quam</strong></span> <span class='ocrx_word' id='word_1_763' title='bbox 949 5708 1167 5777; x_wconf 83' lang='lat' dir='ltr'><strong>quidem</strong></span> <span class='ocrx_word' id='word_1_764' title='bbox 1210 5725 1398 5763; x_wconf 88' lang='lat' dir='ltr'><strong>vocem</strong></span> <span class='ocrx_word' id='word_1_765' title='bbox 1430 5708 1635 5764; x_wconf 85' lang='lat' dir='ltr'><strong>omittit</strong></span> <span class='ocrx_word' id='word_1_766' title='bbox 1663 5708 1943 5767; x_wconf 40' lang='lat' dir='ltr'><strong>S.&#39;Lucas‘</strong></span> <span class='ocrx_word' id='word_1_767' title='bbox 1966 5728 2043 5777; x_wconf 84' lang='lat' dir='ltr'><strong>v1,</strong></span> 
     </span>
     <span class='ocr_line' id='line_1_97' title="bbox 472 5776 2039 5851; baseline 0.005 -23"><span class='ocrx_word' id='word_1_768' title='bbox 472 5776 560 5831; x_wconf 73' lang='lat'><strong>9.0.</strong></span> <span class='ocrx_word' id='word_1_769' title='bbox 599 5779 739 5842; x_wconf 77' lang='lat' dir='ltr'><strong>Quid.</strong></span> <span class='ocrx_word' id='word_1_770' title='bbox 763 5788 943 5833; x_wconf 87' lang='lat' dir='ltr'><strong>autem</strong></span> <span class='ocrx_word' id='word_1_771' title='bbox 971 5789 1135 5847; x_wconf 88' lang='lat' dir='ltr'><strong>vetat,</strong></span> <span class='ocrx_word' id='word_1_772' title='bbox 1173 5778 1231 5834; x_wconf 89' lang='lat' dir='ltr'><strong>S.</strong></span> <span class='ocrx_word' id='word_1_773' title='bbox 1266 5779 1482 5843; x_wconf 81' lang='lat' dir='ltr'><strong>Patrem</strong></span> <span class='ocrx_word' id='word_1_774' title='bbox 1513 5783 1690 5837; x_wconf 88' lang='lat' dir='ltr'><strong>locum</strong></span> <span class='ocrx_word' id='word_1_775' title='bbox 1722 5784 2039 5851; x_wconf 87' lang='lat' dir='ltr'><strong>parallelum</strong></span> 
     </span>
    </p>
   </div>
   <div class='ocr_carea' id='block_1_95' title="bbox 1516 4638 3129 4778">
    <p class='ocr_par' dir='ltr' id='par_1_95' title="bbox 1516 4638 3129 4778">
     <span class='ocr_line' id='line_1_98' title="bbox 1516 4638 3129 4711; baseline 0.004 -20"><span class='ocrx_word' id='word_1_776' title='bbox 1516 4639 1560 4669; x_wconf 86' lang='grc'><strong>¹³</strong></span> <span class='ocrx_word' id='word_1_777' title='bbox 1591 4638 1723 4694; x_wconf 85' lang='lat' dir='ltr'><strong>Luc.</strong></span> <span class='ocrx_word' id='word_1_778' title='bbox 1766 4656 1842 4708; x_wconf 84' lang='lat' dir='ltr'><strong>v1,</strong></span> <span class='ocrx_word' id='word_1_779' title='bbox 1890 4640 1996 4707; x_wconf 79' lang='lat'><strong>57;</strong></span> <span class='ocrx_word' id='word_1_780' title='bbox 2030 4642 2217 4695; x_wconf 87' lang='lat' dir='ltr'><strong>Matth.</strong></span> <span class='ocrx_word' id='word_1_781' title='bbox 2253 4659 2326 4707; x_wconf 69' lang='grc' dir='ltr'>γι,</span> <span class='ocrx_word' id='word_1_782' title='bbox 2362 4644 2461 4707; x_wconf 66' lang='grc'><strong>12,</strong></span> <span class='ocrx_word' id='word_1_783' title='bbox 2502 4643 2590 4698; x_wconf 73' lang='grc'><strong>14.</strong></span> <span class='ocrx_word' id='word_1_784' title='bbox 2671 4645 2716 4674; x_wconf 69' lang='grc'>³⁸</span> <span class='ocrx_word' id='word_1_785' title='bbox 2754 4638 2886 4698; x_wconf 72' lang='lat' dir='ltr'><strong>Luc.</strong></span> <span class='ocrx_word' id='word_1_786' title='bbox 2918 4661 3005 4711; x_wconf 75' lang='lat' dir='ltr'><strong>vr,</strong></span> <span class='ocrx_word' id='word_1_787' title='bbox 3040 4645 3129 4698; x_wconf 79' lang='grc'>56.</span> 
     </span>
     <span class='ocr_line' id='line_1_99' title="bbox 1524 4710 3118 4778; baseline 0.005 -16"><span class='ocrx_word' id='word_1_788' title='bbox 1524 4710 1566 4739; x_wconf 84' lang='grc'><strong>¹⁷</strong></span> <span class='ocrx_word' id='word_1_789' title='bbox 1597 4710 1716 4763; x_wconf 87' lang='lat' dir='ltr'><strong>Gal.</strong></span> <span class='ocrx_word' id='word_1_790' title='bbox 1749 4726 1824 4778; x_wconf 76' lang='grc' dir='ltr'><strong>ιν,</strong></span> <span class='ocrx_word' id='word_1_791' title='bbox 1857 4710 1948 4764; x_wconf 75' lang='grc'><strong>26.</strong></span> <span class='ocrx_word' id='word_1_792' title='bbox 2048 4712 2137 4765; x_wconf 77' lang='grc'><strong>⁸⁸1</strong></span> <span class='ocrx_word' id='word_1_793' title='bbox 2171 4710 2315 4766; x_wconf 87' lang='lat' dir='ltr'><strong>Tim.</strong></span> <span class='ocrx_word' id='word_1_794' title='bbox 2346 4728 2424 4778; x_wconf 82' lang='lat' dir='ltr'><strong>Vl,</strong></span> <span class='ocrx_word' id='word_1_795' title='bbox 2461 4713 2550 4767; x_wconf 88' lang='grc'>10.</span> <span class='ocrx_word' id='word_1_796' title='bbox 2659 4715 2701 4746; x_wconf 80' lang='grc'>¹⁹</span> <span class='ocrx_word' id='word_1_797' title='bbox 2732 4714 2867 4770; x_wconf 82' lang='lat' dir='ltr'><strong>Ibid.</strong></span> <span class='ocrx_word' id='word_1_798' title='bbox 2924 4714 2971 4769; x_wconf 92' lang='lat'><strong>7.</strong></span> <span class='ocrx_word' id='word_1_799' title='bbox 3072 4717 3118 4747; x_wconf 82' lang='grc'><strong>²⁰</strong></span> 
     </span>
    </p>
   </div>
   <div class='ocr_carea' id='block_1_96' title="bbox 3211 4641 3745 4709">
    <p class='ocr_par' dir='ltr' id='par_1_96' title="bbox 3211 4641 3745 4709">
     <span class='ocr_line' id='line_1_100' title="bbox 3211 4641 3745 4709; baseline 0 -12"><span class='ocrx_word' id='word_1_800' title='bbox 3211 4646 3255 4677; x_wconf 76' lang='grc'><strong>’⁸</strong></span> <span class='ocrx_word' id='word_1_801' title='bbox 3296 4644 3490 4699; x_wconf 86' lang='lat' dir='ltr'><strong>Matth.</strong></span> <span class='ocrx_word' id='word_1_802' title='bbox 3527 4658 3636 4709; x_wconf 81' lang='lat' dir='ltr'><strong>vn,</strong></span> <span class='ocrx_word' id='word_1_803' title='bbox 3670 4641 3745 4709; x_wconf 78' lang='lat'><strong>2;</strong></span> 
     </span>
    </p>
   </div>
   <div class='ocr_carea' id='block_1_97' title="bbox 2659 4714 3563 4786">
    <p class='ocr_par' dir='ltr' id='par_1_97' title="bbox 2659 4714 3563 4786">
     <span class='ocr_line' id='line_1_101' title="bbox 2659 4714 3563 4786; baseline 0.003 -20"><span class='ocrx_word' id='word_1_804' title='bbox 2659 4715 2701 4746; x_wconf 80' lang='grc'>¹⁹</span> <span class='ocrx_word' id='word_1_805' title='bbox 2732 4714 2867 4770; x_wconf 84' lang='lat' dir='ltr'><strong>Ibid.</strong></span> <span class='ocrx_word' id='word_1_806' title='bbox 2924 4714 2971 4769; x_wconf 93' lang='lat'><strong>7.</strong></span> <span class='ocrx_word' id='word_1_807' title='bbox 3072 4717 3118 4747; x_wconf 83' lang='grc'><strong>²⁰</strong></span> <span class='ocrx_word' id='word_1_808' title='bbox 3139 4714 3337 4786; x_wconf 81' lang='lat' dir='ltr'><strong>Ephes.</strong></span> <span class='ocrx_word' id='word_1_809' title='bbox 3373 4731 3448 4780; x_wconf 87' lang='grc' dir='ltr'><strong>νι,</strong></span> <span class='ocrx_word' id='word_1_810' title='bbox 3476 4715 3563 4769; x_wconf 83' lang='grc'>11.</span> 
     </span>
    </p>
   </div>
   <div class='ocr_carea' id='block_1_98' title="bbox 2168 4864 3744 4941">
    <p class='ocr_par' dir='ltr' id='par_1_98' title="bbox 2168 4864 3744 4941">
     <span class='ocr_line' id='line_1_102' title="bbox 2168 4864 3744 4941; baseline 0.003 -20"><span class='ocrx_word' id='word_1_811' title='bbox 2168 4867 2226 4922; x_wconf 90' lang='lat' dir='ltr'><strong>S.</strong></span> <span class='ocrx_word' id='word_1_812' title='bbox 2261 4864 2424 4923; x_wconf 67' lang='lat' dir='ltr'><strong>Lucae</strong></span> <span class='ocrx_word' id='word_1_813' title='bbox 2466 4867 2539 4941; x_wconf 4' lang='lat' dir='ltr'><strong>in,</strong></span> <span class='ocrx_word' id='word_1_814' title='bbox 2576 4867 2760 4941; x_wconf 88' lang='lat' dir='ltr'><strong>animo</strong></span> <span class='ocrx_word' id='word_1_815' title='bbox 2808 4867 3427 4941; x_wconf 67' lang='lat' dir='ltr'><strong>habuisse?Crednero,</strong></span> <span class='ocrx_word' id='word_1_816' title='bbox 3465 4870 3559 4941; x_wconf 90' lang='lat' dir='ltr'><strong>qui</strong></span> <span class='ocrx_word' id='word_1_817' title='bbox 3597 4869 3744 4941; x_wconf 83' lang='lat' dir='ltr'><strong>(Bei-</strong></span> 
     </span>
    </p>
   </div>
   <div class='ocr_carea' id='block_1_99' title="bbox 2168 4869 3742 5012">
    <p class='ocr_par' dir='ltr' id='par_1_99' title="bbox 2168 4869 3742 5012">
     <span class='ocr_line' id='line_1_103' title="bbox 2168 4869 3742 4941; baseline 0.003 -20"><span class='ocrx_word' id='word_1_818' title='bbox 2168 4869 2226 4922; x_wconf 92' lang='lat' dir='ltr'><strong>S.</strong></span> <span class='ocrx_word' id='word_1_819' title='bbox 2261 4869 2424 4923; x_wconf 67' lang='lat' dir='ltr'><strong>Lucae</strong></span> <span class='ocrx_word' id='word_1_820' title='bbox 2466 4869 2521 4921; x_wconf 91' lang='lat' dir='ltr'><strong>in</strong></span> <span class='ocrx_word' id='word_1_821' title='bbox 2576 4869 2760 4921; x_wconf 90' lang='lat' dir='ltr'><strong>animo</strong></span> <span class='ocrx_word' id='word_1_822' title='bbox 2808 4869 3427 4935; x_wconf 85' lang='lat' dir='ltr'><strong>habuisse?Crednero,</strong></span> <span class='ocrx_word' id='word_1_823' title='bbox 3465 4870 3559 4941; x_wconf 90' lang='lat' dir='ltr'><strong>qui</strong></span> <span class='ocrx_word' id='word_1_824' title='bbox 3619 4869 3742 4925; x_wconf 83' lang='lat' dir='ltr'><strong>Bei-</strong></span> 
     </span>
     <span class='ocr_line' id='line_1_104' title="bbox 2168 4869 3742 5012; baseline 0.003 -22"><span class='ocrx_word' id='word_1_825' title='bbox 2168 4941 2316 5012; x_wconf 73' lang='lat' dir='ltr'><strong>trdge</strong></span> <span class='ocrx_word' id='word_1_826' title='bbox 2345 4953 2441 4990; x_wconf 76' lang='lat' dir='ltr'><strong>zur</strong></span> <span class='ocrx_word' id='word_1_827' title='bbox 2474 4937 2781 5012; x_wconf 65' lang='lat' dir='ltr'><strong>Einleitung</strong></span> <span class='ocrx_word' id='word_1_828' title='bbox 2809 4938 2862 4991; x_wconf 84' lang='lat' dir='ltr'><strong>in</strong></span> <span class='ocrx_word' id='word_1_829' title='bbox 2897 4940 2983 5012; x_wconf 71' lang='lat' dir='ltr'><strong>dte</strong></span> <span class='ocrx_word' id='word_1_830' title='bbox 3012 4940 3140 4992; x_wconf 81' lang='lat' dir='ltr'><strong>bibl.</strong></span> <span class='ocrx_word' id='word_1_831' title='bbox 3174 4938 3441 5012; x_wconf 56' lang='lat' dir='ltr'><strong>Schriften</strong></span> <span class='ocrx_word' id='word_1_832' title='bbox 3461 4958 3506 5012; x_wconf 17' lang='lat' dir='ltr'><strong>Vl,</strong></span> <span class='ocrx_word' id='word_1_833' title='bbox 3535 4869 3627 5012; x_wconf 50' lang='lat'><strong>21$</strong></span> <span class='ocrx_word' id='word_1_834' title='bbox 3660 4943 3742 4994; x_wconf 87' lang='lat' dir='ltr'><strong>vi-</strong></span> 
     </span>
    </p>
   </div>
   <div class='ocr_carea' id='block_1_100' title="bbox 2158 5008 3738 5092">
    <p class='ocr_par' dir='ltr' id='par_1_100' title="bbox 2158 5008 3738 5092">
     <span class='ocr_line' id='line_1_105' title="bbox 2158 5008 3738 5092; baseline 0.002 -31"><span class='ocrx_word' id='word_1_835' title='bbox 2158 5008 2322 5062; x_wconf 89' lang='lat' dir='ltr'><strong>detur</strong></span> <span class='ocrx_word' id='word_1_836' title='bbox 2370 5010 2661 5092; x_wconf 72' lang='lat' dir='ltr'><strong>suspicari,</strong></span> <span class='ocrx_word' id='word_1_837' title='bbox 2715 5009 2792 5079; x_wconf 86' lang='grc' dir='ltr'>τῷ</span> <span class='ocrx_word' id='word_1_838' title='bbox 2823 5009 3095 5092; x_wconf 77' lang='grc' dir='ltr'>πνεύματι</span> <span class='ocrx_word' id='word_1_839' title='bbox 3134 5011 3279 5091; x_wconf 78' lang='lat' dir='ltr'><strong>apud</strong></span> <span class='ocrx_word' id='word_1_840' title='bbox 3425 5008 3738 5066; x_wconf 62' lang='lat' dir='ltr'><strong>Matthaeum</strong></span> 
     </span>
    </p>
   </div>
   <div class='ocr_carea' id='block_1_101' title="bbox 2158 5088 3744 5202">
    <p class='ocr_par' dir='ltr' id='par_1_101' title="bbox 2158 5088 3744 5202">
     <span class='ocr_line' id='line_1_106' title="bbox 2158 5088 3744 5200; baseline 0.002 -69"><span class='ocrx_word' id='word_1_841' title='bbox 2158 5088 2535 5159; x_wconf 73' lang='lat' dir='ltr'><strong>assumentum</strong></span> <span class='ocrx_word' id='word_1_842' title='bbox 2561 5095 2688 5200; x_wconf 83' lang='lat' dir='ltr'><strong>lesse</strong></span> <span class='ocrx_word' id='word_1_843' title='bbox 2712 5088 3033 5136; x_wconf 83' lang='lat' dir='ltr'><strong>recentioris</strong></span> <span class='ocrx_word' id='word_1_844' title='bbox 3062 5088 3183 5148; x_wconf 65' lang='lat' dir='ltr'><strong>aevi,</strong></span> <span class='ocrx_word' id='word_1_845' title='bbox 3210 5088 3526 5151; x_wconf 86' lang='lat' dir='ltr'><strong>neutiquam</strong></span> <span class='ocrx_word' id='word_1_846' title='bbox 3549 5098 3744 5137; x_wconf 86' lang='lat' dir='ltr'><strong>assen-</strong></span> 
     </span>
     <span class='ocr_line' id='line_1_107' title="bbox 2161 5158 2636 5202; baseline 0.002 -2"><span class='ocrx_word' id='word_1_847' title='bbox 2161 5158 2247 5201; x_wconf 85' lang='lat' dir='ltr'><strong>lll‘l</strong></span> <span class='ocrx_word' id='word_1_848' title='bbox 2285 5165 2527 5202; x_wconf 84' lang='lat' dir='ltr'><strong>possum.</strong></span> <span class='ocrx_word' id='word_1_849' title='bbox 2585 5166 2636 5202; x_wconf 83' lang='grc' dir='ltr'><strong>ι).</strong></span> 
     </span>
    </p>
   </div>
   <div class='ocr_carea' id='block_1_102' title="bbox 2161 5158 3741 5291">
    <p class='ocr_par' dir='ltr' id='par_1_102' title="bbox 2161 5158 3741 5291">
     <span class='ocr_line' id='line_1_108' title="bbox 2161 5158 2636 5218; baseline 0.002 -18"><span class='ocrx_word' id='word_1_850' title='bbox 2161 5158 2247 5201; x_wconf 82' lang='lat' dir='ltr'><strong>tm</strong></span> <span class='ocrx_word' id='word_1_851' title='bbox 2285 5165 2527 5218; x_wconf 90' lang='lat' dir='ltr'><strong>possum.</strong></span> <span class='ocrx_word' id='word_1_852' title='bbox 2561 5158 2636 5202; x_wconf 82' lang='lat' dir='ltr'><strong>In.</strong></span> 
     </span>
     <span class='ocr_line' id='line_1_109' title="bbox 2173 5218 3741 5291; baseline 0.003 -20"><span class='ocrx_word' id='word_1_853' title='bbox 2173 5218 2343 5291; x_wconf 81' lang='lat'><strong>_(57)</strong></span> <span class='ocrx_word' id='word_1_854' title='bbox 2375 5219 2637 5273; x_wconf 83' lang='lat' dir='ltr'><strong>Similiter</strong></span> <span class='ocrx_word' id='word_1_855' title='bbox 2675 5220 2919 5291; x_wconf 89' lang='lat' dir='ltr'><strong>loquitur</strong></span> <span class='ocrx_word' id='word_1_856' title='bbox 2966 5218 3023 5274; x_wconf 91' lang='lat' dir='ltr'><strong>S.</strong></span> <span class='ocrx_word' id='word_1_857' title='bbox 3058 5218 3300 5291; x_wconf 84' lang='lat' dir='ltr'><strong>lgnalius</strong></span> <span class='ocrx_word' id='word_1_858' title='bbox 3340 5222 3395 5275; x_wconf 93' lang='lat' dir='ltr'><strong>in</strong></span> <span class='ocrx_word' id='word_1_859' title='bbox 3444 5220 3621 5291; x_wconf 79' lang='lat' dir='ltr'><strong>Epist.</strong></span> <span class='ocrx_word' id='word_1_860' title='bbox 3666 5223 3741 5276; x_wconf 79' lang='lat' dir='ltr'><strong>ad</strong></span> 
     </span>
    </p>
   </div>
   <div class='ocr_carea' id='block_1_103' title="bbox 2124 5280 3596 5361">
    <p class='ocr_par' dir='ltr' id='par_1_103' title="bbox 2124 5280 3596 5361">
     <span class='ocr_line' id='line_1_110' title="bbox 2124 5280 3596 5361; baseline 0.001 -17"><span class='ocrx_word' id='word_1_861' title='bbox 2124 5280 2143 5344; x_wconf 71' lang='grc' dir='ltr'><em>ἶ</em></span> <span class='ocrx_word' id='word_1_862' title='bbox 2168 5280 2418 5361; x_wconf 60' lang='lat' dir='ltr'><strong>Ephesios</strong></span> <span class='ocrx_word' id='word_1_863' title='bbox 2448 5306 2496 5344; x_wconf 92' lang='lat' dir='ltr'><strong>c.</strong></span> <span class='ocrx_word' id='word_1_864' title='bbox 2527 5291 2561 5343; x_wconf 81' lang='lat'><strong>5</strong></span> <span class='ocrx_word' id='word_1_865' title='bbox 2581 5308 2593 5320; x_wconf 79' lang='grc'><em>’</em></span> <span class='ocrx_word' id='word_1_866' title='bbox 2627 5290 2702 5342; x_wconf 85' lang='grc' dir='ltr'><strong>Οὐ</strong></span> <span class='ocrx_word' id='word_1_867' title='bbox 2734 5280 3111 5361; x_wconf 68' lang='grc' dir='ltr'>διατάσσομαῖ</span> <span class='ocrx_word' id='word_1_868' title='bbox 3128 5292 3256 5361; x_wconf 81' lang='grc' dir='ltr'>ὑμῖν</span> <span class='ocrx_word' id='word_1_869' title='bbox 3287 5292 3363 5355; x_wconf 82' lang='grc' dir='ltr'>ὡς</span> <span class='ocrx_word' id='word_1_870' title='bbox 3384 5291 3461 5345; x_wconf 83' lang='grc' dir='ltr'><strong>ῶν</strong></span> <span class='ocrx_word' id='word_1_871' title='bbox 3492 5280 3596 5358; x_wconf 65' lang='grc' dir='ltr'>τις.</span> 
     </span>
    </p>
   </div>
   <div class='ocr_carea' id='block_1_104' title="bbox 2235 5360 3741 5431">
    <p class='ocr_par' dir='ltr' id='par_1_104' title="bbox 2235 5360 3741 5431">
     <span class='ocr_line' id='line_1_111' title="bbox 2235 5360 3741 5431; baseline 0.001 -17"><span class='ocrx_word' id='word_1_872' title='bbox 2235 5360 2346 5431; x_wconf 86' lang='grc'>(58)</span> <span class='ocrx_word' id='word_1_873' title='bbox 2379 5360 2648 5431; x_wconf 81' lang='lat' dir='ltr'><strong>Epistolas</strong></span> <span class='ocrx_word' id='word_1_874' title='bbox 2683 5362 2750 5414; x_wconf 85' lang='lat' dir='ltr'><strong>de</strong></span> <span class='ocrx_word' id='word_1_875' title='bbox 2787 5380 2805 5412; x_wconf 75' lang='grc' dir='ltr'><strong>ι</strong></span> <span class='ocrx_word' id='word_1_876' title='bbox 2837 5378 2943 5415; x_wconf 89' lang='lat' dir='ltr'><strong>una</strong></span> <span class='ocrx_word' id='word_1_877' title='bbox 2975 5360 3253 5430; x_wconf 48' lang='lat' dir='ltr'><strong>{epistola</strong></span> <span class='ocrx_word' id='word_1_878' title='bbox 3287 5364 3392 5417; x_wconf 87' lang='lat' dir='ltr'><strong>dici</strong></span> <span class='ocrx_word' id='word_1_879' title='bbox 3421 5374 3607 5417; x_wconf 84' lang='lat' dir='ltr'><strong>monet</strong></span> <span class='ocrx_word' id='word_1_880' title='bbox 3632 5363 3741 5417; x_wconf 48' lang='lat' dir='ltr'><strong>Coo</strong></span> 
     </span>
    </p>
   </div>
   <div class='ocr_carea' id='block_1_105' title="bbox 2159 5430 3737 5500">
    <p class='ocr_par' dir='ltr' id='par_1_105' title="bbox 2159 5430 3737 5500">
     <span class='ocr_line' id='line_1_112' title="bbox 2159 5430 3737 5500; baseline 0.003 -17"><span class='ocrx_word' id='word_1_881' title='bbox 2159 5430 2399 5493; x_wconf 85' lang='lat' dir='ltr'><strong>telerius,</strong></span> <span class='ocrx_word' id='word_1_882' title='bbox 2434 5430 2528 5500; x_wconf 92' lang='lat' dir='ltr'><strong>qui</strong></span> <span class='ocrx_word' id='word_1_883' title='bbox 2584 5441 2638 5483; x_wconf 90' lang='lat' dir='ltr'><strong>et</strong></span> <span class='ocrx_word' id='word_1_884' title='bbox 2678 5432 2833 5499; x_wconf 90' lang='lat' dir='ltr'><strong>plura</strong></span> <span class='ocrx_word' id='word_1_885' title='bbox 2872 5434 3118 5500; x_wconf 79' lang='lat' dir='ltr'><strong>exempla</strong></span> <span class='ocrx_word' id='word_1_886' title='bbox 3157 5433 3332 5486; x_wconf 82' lang='lat' dir='ltr'><strong>aﬂert.</strong></span> <span class='ocrx_word' id='word_1_887' title='bbox 3371 5433 3659 5489; x_wconf 80' lang='lat' dir='ltr'><strong>Cotisentit</strong></span> <span class='ocrx_word' id='word_1_888' title='bbox 3684 5434 3737 5488; x_wconf 88' lang='lat' dir='ltr'><strong>ei</strong></span> 
     </span>
    </p>
   </div>
   <div class='ocr_carea' id='block_1_106' title="bbox 2154 5500 3735 5574">
    <p class='ocr_par' dir='ltr' id='par_1_106' title="bbox 2154 5500 3735 5574">
     <span class='ocr_line' id='line_1_113' title="bbox 2154 5500 3735 5574; baseline 0.003 -22"><span class='ocrx_word' id='word_1_889' title='bbox 2154 5500 2229 5556; x_wconf 88' lang='lat' dir='ltr'><strong>De</strong></span> <span class='ocrx_word' id='word_1_890' title='bbox 2259 5501 2476 5574; x_wconf 78' lang='lat' dir='ltr'><strong>Wcttc,</strong></span> <span class='ocrx_word' id='word_1_891' title='bbox 2537 5500 2675 5554; x_wconf 82' lang='lat' dir='ltr'><strong>Einl.</strong></span> <span class='ocrx_word' id='word_1_892' title='bbox 2712 5504 2767 5554; x_wconf 77' lang='lat' dir='ltr'><strong>in</strong></span> <span class='ocrx_word' id='word_1_893' title='bbox 2801 5502 2855 5555; x_wconf 77' lang='grc' dir='ltr'><strong>ά.</strong></span> <span class='ocrx_word' id='word_1_894' title='bbox 2895 5501 2967 5555; x_wconf 91' lang='lat' dir='ltr'><strong>N.</strong></span> <span class='ocrx_word' id='word_1_895' title='bbox 3023 5500 3081 5555; x_wconf 87' lang='lat' dir='ltr'><strong>T.</strong></span> <span class='ocrx_word' id='word_1_896' title='bbox 3126 5504 3259 5556; x_wconf 86' lang='lat' dir='ltr'><strong>edit.</strong></span> <span class='ocrx_word' id='word_1_897' title='bbox 3306 5505 3487 5567; x_wconf 83' lang='lat' dir='ltr'><strong>tertia,</strong></span> <span class='ocrx_word' id='word_1_898' title='bbox 3531 5504 3558 5574; x_wconf 85' lang='lat'>§</span> <span class='ocrx_word' id='word_1_899' title='bbox 3607 5504 3735 5569; x_wconf 78' lang='grc'>150,</span> 
     </span>
    </p>
   </div>
   <div class='ocr_carea' id='block_1_107' title="bbox 2148 5573 2349 5626">
    <p class='ocr_par' dir='ltr' id='par_1_107' title="bbox 2148 5573 2349 5626">
     <span class='ocr_line' id='line_1_114' title="bbox 2148 5573 2349 5626; baseline -0.015 0"><span class='ocrx_word' id='word_1_900' title='bbox 2148 5582 2265 5626; x_wconf 86' lang='grc' dir='ltr'>ιιοι.</span> <span class='ocrx_word' id='word_1_901' title='bbox 2293 5573 2349 5625; x_wconf 92' lang='lat' dir='ltr'><strong>d.</strong></span> 
     </span>
    </p>
   </div>
   <div class='ocr_carea' id='block_1_108' title="bbox 2222 5641 3659 5714">
    <p class='ocr_par' dir='ltr' id='par_1_108' title="bbox 2222 5641 3659 5714">
     <span class='ocr_line' id='line_1_115' title="bbox 2222 5641 3659 5714; baseline 0.002 -19"><span class='ocrx_word' id='word_1_902' title='bbox 2222 5643 2334 5714; x_wconf 86' lang='grc'>(59)</span> <span class='ocrx_word' id='word_1_903' title='bbox 2368 5642 2444 5696; x_wconf 92' lang='lat' dir='ltr'><strong>lta</strong></span> <span class='ocrx_word' id='word_1_904' title='bbox 2478 5641 2822 5698; x_wconf 85' lang='lat' dir='ltr'><strong>Jacobsonus</strong></span> <span class='ocrx_word' id='word_1_905' title='bbox 2851 5659 2914 5697; x_wconf 81' lang='lat' dir='ltr'><strong>ex</strong></span> <span class='ocrx_word' id='word_1_906' title='bbox 2946 5653 3122 5714; x_wconf 66' lang='lat' dir='ltr'><strong>tripus</strong></span> <span class='ocrx_word' id='word_1_907' title='bbox 3155 5652 3313 5698; x_wconf 80' lang='lat' dir='ltr'><strong>codd.</strong></span> <span class='ocrx_word' id='word_1_908' title='bbox 3344 5645 3450 5698; x_wconf 83' lang='lat' dir='ltr'><strong>Alii</strong></span> <span class='ocrx_word' id='word_1_909' title='bbox 3479 5644 3659 5714; x_wconf 81' lang='grc' dir='ltr'>ὑμῶν.</span> 
     </span>
    </p>
   </div>
   <div class='ocr_carea' id='block_1_109' title="bbox 2220 5712 3210 5785">
    <p class='ocr_par' dir='ltr' id='par_1_109' title="bbox 2220 5712 3210 5785">
     <span class='ocr_line' id='line_1_116' title="bbox 2220 5712 3210 5785; baseline 0.001 -19"><span class='ocrx_word' id='word_1_910' title='bbox 2220 5712 2333 5785; x_wconf 81' lang='grc'>(60)</span> <span class='ocrx_word' id='word_1_911' title='bbox 2367 5714 2686 5785; x_wconf 72' lang='grc' dir='ltr'>ᾼάόθιιιιυιη</span> <span class='ocrx_word' id='word_1_912' title='bbox 2722 5714 2957 5785; x_wconf 85' lang='grc' dir='ltr'>πλήρης.</span> <span class='ocrx_word' id='word_1_913' title='bbox 2998 5712 3210 5767; x_wconf 76' lang='lat' dir='ltr'><strong>Reum.</strong></span> 
     </span>
    </p>
   </div>
   <div class='ocr_carea' id='block_1_110' title="bbox 2217 5784 3733 5855">
    <p class='ocr_par' dir='ltr' id='par_1_110' title="bbox 2217 5784 3733 5855">
     <span class='ocr_line' id='line_1_117' title="bbox 2217 5784 3733 5855; baseline 0.001 -18"><span class='ocrx_word' id='word_1_914' title='bbox 2217 5784 2330 5854; x_wconf 85' lang='grc'>(61)</span> <span class='ocrx_word' id='word_1_915' title='bbox 2372 5784 2583 5839; x_wconf 84' lang='lat' dir='ltr'><strong>Similia</strong></span> <span class='ocrx_word' id='word_1_916' title='bbox 2631 5784 2885 5855; x_wconf 76' lang='lat' dir='ltr'><strong>leguntur</strong></span> <span class='ocrx_word' id='word_1_917' title='bbox 2932 5785 2988 5839; x_wconf 91' lang='lat' dir='ltr'><strong>in</strong></span> <span class='ocrx_word' id='word_1_918' title='bbox 3027 5785 3259 5852; x_wconf 87' lang='lat' dir='ltr'><strong>epistola</strong></span> <span class='ocrx_word' id='word_1_919' title='bbox 3296 5804 3311 5841; x_wconf 95' lang='grc' dir='ltr'><strong>ι</strong></span> <span class='ocrx_word' id='word_1_920' title='bbox 3344 5787 3520 5843; x_wconf 89' lang='lat' dir='ltr'><strong>Clem.</strong></span> <span class='ocrx_word' id='word_1_921' title='bbox 3564 5784 3733 5842; x_wconf 70' lang='lat' dir='ltr'><strong>Rom.</strong></span> 
     </span>
    </p>
   </div>
  </div>
