4142 6390
425 459 564 515 1009

1557 456 1898 512 EPISTOLA
1938 458 2027 511 AD
2060 454 2569 511 PIIILIPPENSES.

3552 447 3688 503 1010

419 584 519 642 τὰς
553 581 817 649 γυναῖκας
858 579 887 631 ὑ
898 578 1013 650 μῶν
1046 580 1103 631 ὲν
1151 580 1216 649 τῇ
1249 577 1467 652 δοθείσῃ
1493 579 1681 642 αὐταῖς
1708 579 1889 632 πίστει
1918 583 2008 633 καὶ

2116 578 2271 641 mini,
2305 576 2501 631 deinde
2533 580 2585 628 et
2624 580 2836 628 vestras
2882 586 3106 637 uxores,
3162 571 3442 626 ambuiare
3496 571 3549 623 in
3586 570 3689 622 ﬁde

420 673 610 746 ἀγάπῃ
657 674 753 726 καὶ
781 673 995 743 ἁγνείᾳ,
1040 670 1377 742 στεργούσας
1406 672 1533 735 τοὺς
1571 670 1780 725 ἑαυτῶν
1812 671 2011 742 ἄνδρας

418 766 476 817 ὲν
506 765 655 836 πάσῃ
685 764 915 836 ἀληθείᾳ
948 803 964 828 ,
996 764 1089 816 καὶ
1116 761 1417 831 ἀγαπώσαις
1450 762 1657 826 πάντας
1686 762 1746 827 ἐξ
1792 763 1907 816 ῖσου
1950 765 2009 816 ἐν

419 854 569 927 πάσῃ
613 854 933 924 ἐγκρατείᾳ,
984 853 1077 905 καὶ
1119 851 1189 905 τὰ
1210 851 1377 904 τέκνα
1424 851 1700 905 παιδεύειν
1744 851 1842 923 τὴν
1881 870 2010 906 παι-

415 946 563 1000 δείαν
588 946 684 999 τοῦ
735 945 900 1014 φόϐου
945 944 1039 997 τοῦ
1088 943 1225 997 Θεοῦ
1276 942 1385 1011 (62)
1409 960 1422 973 ·
1452 942 1551 1007 τὰς
1588 946 1763 1016 χήρας
1803 961 2014 1014 σωφρο-

416 1036 614 1100 νούσας
656 1037 785 1108 περὶ
825 1036 924 1107 τὴν
968 1034 1062 1088 τοῦ
1093 1034 1297 1106 Κυρίου
1344 1032 1547 1099 πίστιν,
1584 1035 2013 1106 ἐντυγχανούσας

416 1128 774 1191 ἀδιαλείπτως
805 1128 933 1198 περ).
972 1127 1208 1191 πάντων,
1241 1126 1460 1198 μακρὰν
1488 1125 1654 1190 οὔσας
1686 1126 1865 1198 πάσης
1892 1126 2010 1179 δια-

417 1222 598 1293 ϐολῆς,
628 1222 976 1285 καταλαλιᾶς,
1002 1220 1503 1292 ψευδομαρτυρίας,
1526 1220 1889 1292 φιλαργυρίας
1913 1223 2009 1274 καὶ

419 1314 618 1377 παντὸς
666 1312 872 1368 κακοῦ·
926 1312 1305 1381 γινωσκούσας
1366 1313 1448 1365 ὅτι
1493 1314 1599 1365 εἰσὶ
1623 1312 2011 1385 θυσιαστήριον

417 1403 528 1475 (65)
555 1404 713 1468 Θεοῦ,
737 1406 831 1460 καὶ
856 1406 939 1459 ὅτι
970 1404 1146 1458 πάντα
1172 1407 1618 1474 μωμοσκοπεῖται
1645 1404 1778 1476 (61),
1809 1406 1901 1459 καὶ
1926 1405 2011 1458 λέ-

415 1497 579 1569 ληθεν
612 1498 771 1550 αὐτὸν
799 1498 971 1557 οὐδὲν.
988 1497 1112 1552 οὔτε
1131 1498 1429 1569 λογισμῶν,
1456 1496 1580 1550 οὔτε
1611 1498 1858 1563 ἐννοιῶν,
1884 1497 2009 1552 οὕτε

414 1603 466 1639 τι
492 1587 602 1641 τῶν
633 1586 891 1660 κρυπτῶν
918 1588 1019 1657 τῆς
1049 1588 1300 1660 καρδίας.

2108 672 2243 741 ipsis
2295 670 2494 725 tradita
2527 678 2581 723 et
2612 668 2667 721 in
2701 667 2971 722 charitate
3011 676 3066 720 et
3098 665 3384 730 castitate,
3437 672 3686 718 amantes

2106 762 2253 816 viros
2286 775 2418 815 suos
2464 760 2516 813 in
2552 757 2702 811 omni
2734 758 2997 823 veritate,
3032 772 3097 811 ac
3127 756 3416 826 diligentes
3460 765 3687 809 cunctos

2105 854 2409 923 aequaliter,
2444 852 2497 904 in
2532 850 2680 904 omni
2714 848 3081 913 continentia,
3113 854 3167 901 et
3205 846 3423 901 erudire
3455 845 3598 900 ﬁlios
3633 844 3685 897 in

2105 944 2394 1013 disciplina
2429 940 2643 995 timoris
2672 940 2764 994 Dei
2788 957 2801 1005 ;
2839 939 3034 1019 viduas
3063 953 3195 993 vero
3223 938 3536 1002 doceamus,
3565 951 3686 991 esse

2106 1037 2403 1106 prudentes
2434 1034 2581 1088 circa
2629 1031 2788 1085 Iidem
2833 1029 3075 1087 Domini.
3130 1029 3536 1098 interpellantes
3567 1027 3686 1081 sine

2114 1127 2519 1183 intermissione
2549 1139 2649 1194 pro
2681 1123 2939 1177 omnibus
2982 1124 3049 1187 ²¹,
3079 1123 3236 1191 longe
3274 1120 3588 1175 recedentes
3616 1120 3686 1174 ab

2112 1220 2263 1274 omni
2310 1218 2618 1282 calumnia,
2674 1215 3104 1278 detrectatione,
3160 1213 3294 1268 falso
3346 1212 3681 1275 testimonio,

2109 1313 2342 1369 avaritia
2377 1320 2430 1366 et
2460 1310 2614 1366 omni
2647 1309 2822 1373 malo;
2876 1314 3268 1377 cognoscentes
3289 1349 3303 1373 ,
3335 1306 3483 1376 quod
3515 1305 3684 1359 altare

2114 1405 2209 1459 Dei
2241 1405 2381 1467 sint,
2414 1410 2469 1456 et
2503 1400 2649 1470 quod
2693 1399 2786 1453 ille
2835 1398 3020 1451 omnia
3063 1396 3210 1450 clare
3242 1394 3566 1465 perspiciat,
3601 1393 3684 1447 ni—

2112 1495 2298 1565 hilque
2340 1507 2466 1548 eum
2514 1491 2709 1555 lateat,
2743 1504 2845 1544 nec
2874 1487 3320 1552 ratiociniorum,
3353 1500 3455 1540 nec
3480 1483 3687 1557 cogita-

2105 1588 2341 1652 tionum,
2375 1599 2476 1639 nec
2509 1584 2811 1654 quidquam
2846 1580 3188 1636 occultorum
3230 1577 3431 1634 cordis.

1348 1743 1415 1801 ν.
1454 1743 1638 1814 Οῄῑεὶα
1667 1744 2046 1811 diaconorum,
2097 1744 2351 1813 juvenum
2387 1751 2435 1796 et
2470 1742 2756 1810 virginum.

485 1897 700 1961 Είδὸτες
730 1892 823 1951 οὖν
854 1898 935 1951 ὅτι
1000 1916 1019 1951 ι
1044 1897 1176 1961 Θεὸς
1207 1898 1268 1950 οὐ
1305 1896 1723 1970 μυκτηρίζεται,
1751 1919 1768 1950 ι
1797 1898 2007 1968 ὀφείλο-

418 2010 517 2063 μεν
550 1991 716 2057 ἀξίως
747 1992 846 2060 τῆς
880 1991 1096 2062 ἐντολῆς
1128 1990 1293 2046 αὐτοῦ
1328 1991 1422 2044 καὶ
1452 1990 1611 2062 δόξης
1657 1994 1998 2063 περιπατεῖν.

428 2083 663 2153 Ὁμοίως
707 2083 945 2136 διάκονοι
990 2082 1271 2153 ἄμεμπτοι
1319 2082 1655 2137 κατενώπιον
1699 2084 1864 2138 αὐτοῦ
1908 2084 2005 2156 τῆς

413 2162 783 2244 δικαιοσύνης,
808 2174 883 2237 ὡς
915 2174 1051 2227 Θεοῦ
1083 2173 1179 2227 καὶ
1209 2175 1447 2247 Χριστοῦ
1470 2175 1581 2246 (65)
1615 2176 1872 2241 διάκονοι,
1908 2177 2006 2231 καὶ

414 2265 516 2318 οὐκ
545 2263 852 2335 ἀνθρώπων
870 2283 885 2296 ο
910 2266 984 2337 μὴ
1014 2265 1275 2329 διάὸολοι,
1304 2266 1377 2337 μὴ
1396 2266 1595 2335 δίλογοι
1618 2268 1752 2337 (66),
1772 2268 2007 2340 ἀφιλάρ-

413 2373 593 2427 γυροι,
616 2360 907 2427 ἐγκρατεῖς
929 2358 1059 2429 περ).
1081 2357 1278 2423 πάντα,
1300 2357 1683 2430 εὔσπλαγχνοι,
1702 2361 2004 2431 ἐπιμελεῖς,

415 2450 775 2521 πορευόμενοι
809 2450 948 2504 κατὰ
979 2451 1079 2521 τὴν
1110 2450 1371 2522 ἀλήθειαν
1402 2450 1497 2504 τοῦ
1529 2452 1757 2523 Κυρίου,
1790 2452 1849 2517 ὃς
1880 2454 2005 2521 ὲγέ-

415 2559 537 2595 νετο
566 2542 811 2606 διάκονος
844 2542 1061 2596 πάντων
1080 2561 1093 2574 ·
1142 2536 1187 2612 ᾧ
1219 2544 1313 2598 ἐὰν
1346 2545 1808 2618 εὐαρεστήσωμεν
1840 2551 1899 2601 ὲν
1928 2547 2006 2619 τῷ

416 2633 511 2687 νῦν
542 2632 733 2697 αἰῶνι,
782 2633 1184 2705 ἀποληψόμεθα
1229 2637 1325 2690 κα)⁹
1357 2637 1446 2690 τὸν
1482 2636 1777 2708 μέλλοντα,
1825 2638 2007 2704 καθὼς

417 2723 687 2793 ὑπέσχετο
719 2724 850 2793 ἡμῖν
882 2725 1096 2795 ἐγεῖραι
1126 2727 1277 2795 ἡμᾶς
1309 2727 1374 2779 ἐκ
1405 2727 1638 2799 νεκρῶν,
1673 2729 1768 2781 καὶ
1799 2730 1880 2783 ὅτι
1912 2730 2008 2784 saw

417 2813 863 2885 πολιτευσώμεθα
908 2816 1075 2882 ἀξίως
1120 2816 1321 2881 αὑτοῦ,
1375 2837 1393 2869 ‹
1431 2818 1529 2872 καὶ
1576 2819 2008 2889 συμϐασιλεύσο-

421 2920 522 2975 μεν
570 2905 684 2975 (67)
731 2925 751 2957 ι
804 2906 988 2978 αὐτῷ,
1055 2908 1171 2977 εἴγε
1220 2909 1568 2981 πιστεύομεν.
1639 2912 1869 2983 Ὁμοίως
1915 2914 2009 2967 καὶ

416 2996 672 3067 νεώτεροι
704 2996 981 3069 ἄμεμπτοι
1016 3002 1073 3052 ὲν
1104 3001 1258 3066 πᾶσι,
1282 3001 1389 3073 πρὸ
1422 3003 1622 3067 παντὸς
1654 3005 2009 3076 προνοοῦντες

416 3088 678 3156 ἁγνείας,
728 3089 824 3142 καὶ
869 3090 1371 3161 χαλιναγωγοῦντες
1415 3095 1639 3158 ἑαυτοὺς
1671 3096 1779 3149 ἀπὸ
1810 3098 2010 3162 παντὸς

418 3177 608 3231 κακοῦ.
646 3180 825 3234 Καλὸν
855 3181 963 3253 γὰρ
996 3182 1054 3235 τὸ
1085 3184 1618 3255 ἀνακόπτεσθαι(68)
1639 3187 1746 3241 ἀπὸ
1765 3187 1870 3242 τῶν
1892 3190 2011 3241 ὲπι-

2182 1897 2428 1954 Scientes
2477 1910 2630 1966 ergo,
2664 1893 2811 1964 quod
2870 1913 2889 1944 ε
2922 1891 3067 1947 Deus
3101 1906 3208 1945 non
3244 1889 3504 1947 irridetur
3545 1890 3591 1922 ”
3615 1929 3630 1953 ,
3663 1908 3683 1943 ι

2108 1991 2372 2046 debemus
2414 1988 2578 2059 digne
2628 1986 2885 2040 mandato
2918 2000 2983 2039 ac
3006 1985 3285 2038 voluntate
3327 1982 3450 2051 ejus
3494 1982 3690 2036 ambu-

2108 2083 2242 2137 lare.
2294 2078 2558 2135 Similiter
2586 2078 2803 2133 diaconi
2850 2078 2904 2131 in
2943 2086 3239 2146 conspectu
3291 2076 3519 2145 justitiai
3563 2075 3686 2144 ejus

2106 2173 2370 2243 inculpati
2404 2187 2529 2227 esse
2559 2170 2777 2235 debent,
2811 2170 2955 2226 sicut
2991 2169 3226 2223 ministri
3261 2167 3355 2223 Dei
3381 2177 3435 2223 et
3455 2168 3679 2231 Christi,

2107 2282 2215 2321 non
2265 2266 2586 2329 hominum;
2638 2278 2705 2317 ne
2756 2261 3184 2317 calumniatores
3246 2262 3376 2326 sint,
3428 2276 3496 2315 ne
3526 2259 3687 2315 bilin-

2106 2372 2239 2427 gues
2281 2355 2349 2422 ",
2402 2371 2503 2410 nec
2536 2355 2718 2420 avari;
2757 2354 2851 2409 sed
2899 2354 3249 2408 continentes
3298 2354 3353 2407 in
3401 2352 3683 2417 omnibus,

2106 2447 2517 2513 misericordes,
2571 2445 2787 2510 seduli,
2840 2444 3155 2502 incedentes
3208 2445 3361 2514 juxta
3399 2444 3684 2499 veritatem

2108 2537 2347 2603 Domini,
2372 2538 2467 2608 qui
2506 2538 2753 2592 omnium
2804 2538 3055 2593 minister
3085 2536 3265 2593 factus
3294 2545 3379 2591 est
3403 2534 3481 2603 ﬂ*;
3516 2535 3606 2590 cui
3640 2534 3687 2589 si

2108 2630 2164 2685 in
2197 2631 2301 2686 hoc
2324 2630 2525 2685 saaculo
2552 2630 2947 2700 placuerimus,
2982 2629 3312 2699 recipiemus
3340 2638 3395 2685 et
3413 2627 3685 2692 futurum,

2107 2722 2571 2791 quemadmodum
2623 2722 2898 2791 pollicitus
2925 2730 3010 2777 est
3048 2720 3227 2787 nobis,
3255 2720 3403 2790 quod
3452 2721 3690 2776 resusci-

2110 2814 2245 2870 tabit
2276 2830 2377 2872 nos
2412 2830 2444 2870 e
2479 2815 2732 2879 mortuis,
2776 2814 3054 2885 quodque.
3096 2813 3144 2867 si
3170 2812 3333 2883 digne
3372 2812 3493 2882 ipso
3539 2812 3691 2867 viva—

2110 2921 2234 2961 mus
2264 2908 2335 2973 “,
2377 2925 2397 2958 ι
2425 2907 2590 2962 etiam
2625 2923 2752 2963 cum
2784 2921 2851 2961 eo
2884 2904 3237 2975 regnabimus
3259 2906 3326 2969 ³⁸,
3358 2923 3379 2956 ι
3418 2903 3690 2973 siquidem

2110 2997 2410 3053 credimus.
2468 2997 2646 3053 Simili
2678 2998 2842 3053 modo
2871 3006 2924 3053 et
2952 2996 3185 3067 juvenes
3222 2996 3275 3049 in
3310 2994 3569 3050 omnibus
3602 2995 3689 3048 iu-

2111 3092 2413 3162 culpabiles
2450 3092 2583 3159 sint,
2630 3100 2760 3147 ante
2810 3091 2996 3146 omnia
3058 3090 3279 3146 solliciti
3311 3090 3378 3145 de
3415 3090 3689 3152 castitate,

2111 3206 2178 3246 ac
2206 3205 2267 3245 se
2296 3188 2366 3244 ab
2396 3188 2549 3243 omni
2583 3186 2731 3241 malo
2759 3183 3124 3241 refrenantes.
3157 3182 3371 3237 Bonum
3409 3183 3554 3237 enim
3584 3192 3687 3246 est,

416 3268 625 3340 θυμιῶν
657 3271 766 3325 τῶν
799 3272 909 3343 (69)
946 3277 1004 3327 ὲν
1037 3274 1114 3345 τῷ
1146 3276 1358 3348 κόσμῳ,
1393 3279 1475 3330 ὄτι
1511 3280 1663 3334 πᾶσα
1700 3299 1719 3331 ι
1746 3279 2008 3351 ἐπιθυμία

2113 3280 2362 3337 abscindi
2404 3295 2433 3334 a
2476 3279 2868 3348 cupiditatibus
2900 3277 3065 3347 hujus
3097 3278 3309 3342 mundi,
3343 3277 3471 3347 quia
3507 3277 3689 3331 omnis

417 3360 559 3414 κατά
591 3359 685 3413 τοῦ
720 3362 1031 3433 πνεύματος
1064 3367 1422 3437 στρατεύεται
1442 3385 1455 3399 ο
1485 3388 1503 3419 ι
1540 3368 1635 3421 καὶ
1672 3388 1689 3419 ι
1713 3368 1838 3423 οὔτε
1871 3370 2008 3442 πόρε

416 3470 518 3517 νοι,
553 3453 676 3508 οὔτε
712 3457 967 3527 μαλακοὶ,
1001 3457 1123 3512 οὔτε
1155 3462 1530 3531 ἀρσενοκοῖται
1564 3461 1841 3531 βασιλείαν
1873 3464 2009 3516 Θεοῦ

418 3544 953 3618 κληρονομήσουσιν,
995 3568 1013 3599 ι
1079 3549 1203 3604 οὗτε
1266 3554 1313 3605 οἱ
1362 3551 1640 3616 ποιοῦντες
1698 3554 1767 3607 τὰ
1810 3554 2005 3608 ἄτοπα.

418 3637 509 3690 Διὸ
553 3637 673 3691 δέον
717 3639 1022 3710 ἀπέχεσθαι
1067 3643 1175 3696 ἀπὸ
1221 3644 1447 3698 πάντων
1503 3644 1725 3709 τούτων,
1774 3647 2010 3700 ὑποτασ-

420 3728 682 3798 σομένους
731 3733 844 3795 τοῖς
890 3733 1282 3806 πρεσϐυτέροις
1328 3735 1423 3788 καὶ
1461 3735 1749 3801 διακόνοις,
1781 3737 1854 3801 ὡς
1886 3736 2007 3807 Θεῷ

420 3818 516 3871 καὶ
560 3820 780 3891 Χριστῷ
826 3822 973 3892 (70)”
1021 3823 1119 3887 τὰς
1182 3823 1484 3897 παρθένους
1528 3826 1586 3880 ὲν
1632 3826 1850 3899 ἀμώμῳ
1912 3828 2007 3882 καὶ

422 3912 557 3985 ἁγνῇ
594 3914 896 3986 συνειδήσει
930 3920 1273 3987 περιπατεῖν.

2118 3392 2137 3425 ι
2168 3372 2440 3441 cupiditas
2468 3371 2667 3425 militat
2695 3370 2961 3424 adversus
2986 3370 3245 3438 spiritum
3270 3368 3337 3432 ³⁷,
3377 3386 3397 3419 ι
3458 3374 3512 3421 et
3545 3384 3566 3419 ι
3596 3382 3692 3420 ne-

2112 3480 2221 3534 que
2250 3461 2555 3526 fornicarii,
2605 3475 2784 3530 neque
2828 3460 3043 3523 molles,
3092 3474 3268 3528 neque
3315 3459 3689 3514 masculorum

2112 3555 2499 3611 concubitores
2552 3568 2781 3624 regnum
2806 3550 2903 3607 Dei
2946 3551 3305 3621 possidebunt
3338 3552 3406 3615 ⁸⁸,
3444 3569 3462 3602 ι
3515 3566 3691 3619 neque

2113 3647 2207 3718 qui
2238 3646 2445 3700 absona
2490 3644 2719 3699 faciunt.
2764 3642 2946 3709 Quare
2975 3651 3187 3712 oportet
3224 3643 3293 3697 ab
3324 3642 3408 3698 his
3436 3641 3693 3696 omnibus

2115 3740 2419 3805 abstinere,
2470 3737 2668 3806 subjici
2717 3746 2896 3791 autem
2954 3735 3283 3806 presbyteris
3326 3743 3381 3789 et
3422 3734 3691 3799 diaconis,

2116 3843 2372 3901 tanquam
2412 3831 2522 3886 Deo
2554 3830 2881 3895 etChristo;
2917 3828 3157 3899 virgines
3203 3842 3333 3882 vero
3373 3835 3587 3898 oportet
3635 3826 3693 3882 in

2118 3924 2469 3979 immaculata
2493 3933 2547 3979 et
2571 3931 2722 3978 casta
2756 3921 3093 3976 conscientia
3122 3920 3339 3990 degere.

1340 4073 1429 4128 Vl.
1482 4074 1665 4146 O/ﬁcia
1698 4079 2121 4148 presbyterorum
2150 4089 2200 4135 et
2236 4080 2405 4150 ofﬁcia
2439 4080 2761 4135 communia.

492 4231 605 4285 Kal
648 4232 697 4284 oi
745 4229 1107 4301 πρεσϐύτεροι
1152 4230 1209 4283 δὲ
1255 4229 1654 4303 εὔσπλαγχνοι,
1689 4236 1769 4297 είς
1801 4234 2009 4298 πάντας

424 4323 716 4395 ἐλεήμονες
735 4363 750 4387 ,
786 4322 1205 4393 ἐπιστρέφοντες
1236 4322 1303 4377 τὰ
1334 4323 1839 4395 ἁποπεπλανημένα
1871 4325 2006 4395 (71),

424 4414 884 4485 ὲπισκεπτόμενοι
946 4414 1152 4479 πάντας
1212 4413 1491 4479 ἀσθενεῖς,
1558 4416 1631 4487 μὴ
1678 4416 2010 4488 ἀμελοῦντες

424 4508 634 4578 χήρας,
679 4505 1005 4578 ἢόρφανοῦ,
1052 4506 1380 4578 ἢπένητος·
1430 4507 1563 4561 ἀλλὰ
1613 4528 1630 4558 ι
1658 4508 2011 4580 προνοοῦντες

422 4600 513 4653 ἀεὶ
543 4599 636 4652 τοῦ
672 4598 836 4652 καλοῦ
884 4597 1113 4653 ἐνώπιον
1158 4598 1294 4652 Θεοῦ
1327 4601 1422 4653 καὶ
1466 4598 1792 4671 ἀνθρώπων,
1822 4622 1838 4653 ι
1876 4604 2013 4655 ἀπε-

2189 4235 2255 4290 Et
2297 4235 2599 4308 presbyteri
2647 4237 2761 4293 sint
2806 4236 2873 4293 ad
2922 4236 3461 4293 commiserationem
3510 4239 3694 4309 proni,

2116 4329 2502 4385 misericordes
2528 4345 2655 4401 erga
2689 4342 2941 4397 cunctos,
2990 4331 3303 4386 aberrantia
3348 4332 3693 4397 reducentes,

2115 4422 2401 4477 visitantes
2467 4421 2715 4477 inﬁrmos
2775 4437 2989 4488 omnes,
3051 4438 3159 4477 non
3223 4423 3560 4495 negligentes
3610 4425 3695 4478 vi-

2116 4511 2304 4577 duam,
2334 4521 2426 4567 aut
2449 4513 2737 4582 pupillum,
2768 4522 2868 4567 aut
2899 4528 3231 4582 pauperem;
3291 4514 3386 4568 sed
3430 4533 3447 4565 ‹
3472 4514 3696 4569 solliciti

2118 4618 2333 4671 semper
2359 4603 2425 4657 de
2466 4604 2608 4657 bono
2630 4618 2817 4658 coram
2850 4602 2962 4658 Deo
2992 4613 3049 4659 et
3069 4604 3384 4658 hominibus
3409 4605 3478 4667 υ,
3511 4622 3529 4656 ι
3568 4604 3697 4660 abs-

423 4690 645 4761 χόμενοι
706 4689 888 4762 πάσης
948 4691 1150 4762 ὀργῆς,
1216 4690 1708 4761 προσωποληψίας,
1773 4693 2008 4764 κρίσεως

2116 4694 2351 4749 tinentes
2374 4694 2443 4749 ab
2459 4694 2610 4748 omni
2637 4696 2736 4760 ira,
2754 4695 3073 4763 acceptione
3093 4693 3695 4765 personarum,jndicio

496 4846 596 4918 '_‘_l
615 4843 811 4901 Thess.
841 4861 896 4918 vi,
930 4844 1030 4918 17Ἀ
1063 4845 1250 4918 νβειι.
1278 4861 1351 4910 vr,
1389 4845 1441 4918 7.
1481 4846 1564 4918 ,ξ’
1598 4847 1616 4898 l
1643 4844 1786 4918 Tim.
1819 4848 1972 4910 ul,8.
2055 4848 2100 4880 "
2128 4846 2320 4902 Matth.
2350 4848 2549 4910 “.28.
2626 4847 2922 4918 "Philipp.
2961 4864 2999 4913 I,
3026 4848 3117 4902 ‘27.
3194 4846 3239 4879 ⁸⁸
3262 4847 3307 4899 ll
3337 4845 3479 4901 Tim.
3508 4862 3568 4913 ιι,
3602 4847 3692 4904 12.

425 4914 470 4948 ³⁷
506 4914 703 4983 [Petra
736 4933 796 4981 ιι,
828 4917 915 4970 11.
993 4916 1036 4948 ³⁸
1063 4917 1085 4969 I
1114 4916 1243 4971 Cor.
1279 4932 1351 4982 νι,
1381 4916 1433 4981 9,
1471 4915 1558 4970 10.
1639 4920 1682 4949 ‘9
1719 4916 1879 4971 Rem.
1917 4934 2008 4981 xu,

2119 4921 2207 4985 ;ll
2230 4918 2357 4975 Cor.
2387 4935 2503 4981 vut,
2536 4920 2623 4973 21.

426 5100 497 5155 ad
521 5099 792 5161 Corinth.,
825 5113 980 5168 capp.
1005 5098 1027 5151 1
1059 5105 1113 5153 et
1133 5097 1226 5150 21.
1253 5096 1367 5152 Cir.
1396 5096 1786 5167 Prolegomena
1821 5108 2008 5153 nostra

427 5171 493 5225 ad
525 5169 802 5240 Epistolas
844 5169 1244 5240 S._Clementis,
1280 5184 1333 5240 ιι.
1369 5169 1422 5221 5.

499 5237 613 5307 (6‘2)
656 5238 745 5294 Sc.
770 5237 1073 5310 διδάξωμεν
1105 5237 1349 5310 ἑαυτούς.

501 5311 619 5379 (65)
661 5310 734 5364 lla
775 5308 1121 5364 Jacobsonus
1167 5324 1233 5362 ex
1268 5308 1443 5379 tribus
1471 5308 1646 5379 codd.
1684 5318 1737 5361 et
1770 5318 1876 5362 vet.
1927 5310 2011 5361 in-

428 5377 685 5450 terprete.
723 5380 827 5433 Alli
877 5379 1256 5450 θυσιαστήρια.
1295 5377 1709 5450 Constitutiones
1744 5379 2012 5450 apostolo-

429 5448 547 5503 rum
582 5452 675 5505 lib.
718 5467 777 5511 ιι,
814 5466 863 5505 c.
895 5450 989 5509 9.6.
1027 5448 1166 5503 hanc
1213 5448 1679 5517 comparationem
1722 5449 2010 5502 viduarum

428 5536 555 5576 cum
602 5522 869 5591 altaribus
899 5537 928 5574 a
962 5519 1265 5591 Polycarpo
1295 5528 1712 5591 mutuatteesse
1738 5519 2008 5591 videnttu'.

501 5592 616 5651 (64)
664 5592 737 5645 lta
778 5587 1122 5645 Jacobsonus
1169 5587 1234 5643 ex
1290 5589 1411 5660 cod.
1468 5587 1641 5660 Vatic.
1701 5589 1807 5642 Alii
1855 5588 2013 5660 ήμῶν

430 5665 738 5715 σκοπεῖται.
775 5662 885 5714 Cl‘r.
926 5676 939 5714 ι
969 5660 1139 5714 Clem.
1170 5661 1238 5712 ad
1273 5657 1421 5717 Cor...
1456 5674 1505 5713 c.
1534 5659 1623 5712 41.

506 5732 621 5803 (65)
664 5729 1267 5803 lta_._iacobsonus_cum
1302 5730 1488 5803 tribus
1508 5730 1663 5783 codd.
1692 5739 1752 5803 get
1776 5729 2012 5803 (vct._in-

434 5797 694 5858 ternrcte.
746 5801 885 5855 Huic
924 5801 1138 5855 lectioni
1169 5804 1334 5855 etiam
1371 5797 1655 5869 Syriacum
1692 5800 1853 5868 hujus
1885 5798 2012 5869 Epi-

436 5873 591 5930 stula:
639 5873 1002 5941 fragmentum
1058 5872 1234 5933 favet,
1293 5872 1437 5938 quod
1468 5870 1799 5935 Curetonus,
1830 5886 1882 5938 p.
1916 5871 2007 5933 51,

440 5942 564 6013 (cfr.
601 5960 719 6014 sup.
751 5958 801 6012 p.
840 5941 959 6010 151)
994 5944 1280 5997 nobiscum
1317 5942 1761 5998 communicavit.
1797 5942 1902 5997 Alii
1935 5941 2009 5996 lc-

2118 5108 2313 5170 gerunt
2348 5102 2405 5170 εν
2429 5099 2665 5170 Χριστῷ.

2190 5170 2304 5238 (66)
2349 5169 2423 5224 Ita
2454 5169 2798 5225 Jacobsonus
2832 5184 2862 5222 e
2890 5170 3064 5226 tribus
3095 5169 3257 5223 Codd.

2191 5240 2303 5307 (67)
2347 5239 2658 5309 Legendum
2708 5239 3100 5310 βασιλεύσομεν
3156 5255 3281 5310 cum
3341 5238 3523 5300 codd.,
3584 5252 3695 5291 non

2121 5308 2531 5381 βασιλεύσωμεν
2563 5326 2687 5365 cum
2712 5308 2871 5364 libris
2900 5308 3202 5379 impressis.
3243 5308 3358 5363 Jac.

2192 5382 2306 5449 (68)
2346 5377 2798 5436 lta'Jacobsonus
2831 5396 2899 5434 ex
2946 5377 3119 5435 tribus
3171 5381 3329 5434 codd.
3371 5388 3426 5433 et
3462 5387 3566 5433 ret.
3606 5377 3693 5432 in-

2120 5460 2371 5521 terprete.
2410 5451 2549 5505 Male
2581 5451 2670 5505 alii
2707 5449 3139 5514 ὰνακύπτεσθαι,
3175 5466 3455 5521 emergere.

2193 5518 2308 5590 (69)
2348 5522 2569 5577 Addidit
2595 5520 2938 5577 Jacobsonus
2970 5521 3079 5574 τῶν
3102 5537 3168 5576 ex
3204 5518 3329 5575 cod.
3361 5518 3531 5574 Vatic.

2197 5593 2311 5664 (70)
2350 5592 2682 5664 Polycarpus
2720 5592 2961 5664 episcopi
3011 5608 3119 5664 non
3165 5590 3295 5644 facit
3333 5591 3695 5664 mentionem,

2124 5662 2325 5733 quippe
2354 5662 2471 5730 qui,
2502 5663 2828 5733 verecundia
2882 5662 3201 5733 impeditus,
3235 5677 3360 5717 eum
3410 5662 3577 5715 nollet
3607 5677 3701 5715 co-

2126 5732 2353 5787 hortari.
2385 5733 2518 5788 Vide
2550 5732 2743 5797 Bothe,
2779 5732 2904 5799 Anf.
2937 5748 2990 5801 p.
3022 5733 3125 5787 409
3151 5749 3233 5801 sq.

2194 5804 2307 5870 (7|)
2351 5804 2491 5876 Lege
2525 5804 2664 5876 τοὺς
2724 5799 3323 5876 ἀποπεπλανημένους,
3382 5801 3487 5856 nisi
3559 5799 3699 5858 forte

2122 5876 2370 5947 πρόϐατα
2405 5871 2755 5946 intelligatur.
2790 5871 2907 5928 Jun.
