4142 6384
511 414 641 467 1011

1706 420 1764 473 S.
1805 421 2187 478 POEYCARPJ
2220 422 2572 479 MARTYRIS

3621 435 3760 487 1612

509 533 743 600 injusto;
774 534 931 603 longe
956 534 1274 591 recedentes
1293 536 1361 591 ab
1382 540 1529 592 omni
1558 540 1820 609 avaritia;
1848 559 1953 597 non
1973 545 2081 599 cito

2186 546 2403 597 ἁδίκου’
2443 545 2661 615 μακρὰν
2703 544 2854 609 ὄντες
2887 547 3066 615 πάσης
3111 547 3506 619 φιλαργυρίας⁸
3545 551 3618 620 μὴ
3665 568 3763 603 ταν·

506 626 788 680 credentes
811 625 1074 681 adversus
1101 628 1340 697 aliquem
1368 647 1383 694 ;
1413 645 1523 685 non
1551 632 1725 686 severi
1760 634 1988 688 nimium
2022 636 2077 690 in

502 716 728 784 judicio,
762 716 1019 785 scientes,
1048 735 1153 774 nos
1175 710 1368 776 omnes
1397 723 1671 778 debitores
1699 740 1820 780 esse
1850 729 2075 795 peccati.

512 807 569 861 Si
602 823 732 879 ergo
773 809 1135 878 deprecamur
1167 813 1482 879 Dominum,
1518 824 1579 870 ut
1618 817 1777 871 nobis
1815 818 2075 886 dimittat,

501 900 763 956 debemus
793 909 848 956 et
874 918 976 959 nos
1006 905 1280 960 dimittere
1303 908 1377 974 3°;
1407 923 1532 962 nam
1561 923 1748 963 coram
1774 909 1992 966 Domini
2023 921 2078 968 et

503 991 597 1044 Dei
624 992 798 1047 oculis
826 1010 1041 1061 sumus,
1069 1006 1124 1051 et
1160 1015 1179 1048 ι
1209 1013 1403 1053 omnes
1430 1008 1557 1055 ante
1605 1000 1845 1055 tribunal
1870 1002 2075 1059 Christi

501 1097 675 1153 stare,
722 1098 776 1142 et
811 1106 1259 1162 unumquemque
1302 1109 1402 1162 pro
1443 1110 1500 1150 se
1535 1097 1802 1150 rationem
1849 1098 2074 1153 reddere

500 1188 711 1247 oportet
734 1180 800 1233 ³¹.
835 1200 852 1231 ι
916 1181 1006 1236 Sic
1037 1182 1224 1252 itaque
1257 1185 1564 1240 serviamus
1614 1187 1691 1240 illi
1718 1202 1843 1242 cum
1878 1188 2073 1242 timore

498 1279 552 1325 et
585 1272 733 1326 omni
768 1275 1095 1339 reverentia,
1127 1276 1269 1329 sicut
1300 1278 1554 1346 praecepit
1582 1278 1715 1347 ipse,
1740 1288 1794 1333 et
1818 1278 2068 1347 apostoli,

498 1363 593 1431 qui
628 1364 787 1418 nobis
817 1362 1172 1435 Evangelium
1208 1368 1633 1431 annuntiarunt,
1683 1379 1737 1424 et
1774 1372 2068 1439 prophetae,

496 1452 589 1521 qui
652 1451 871 1507 Domini
936 1457 1111 1511 nostri
1190 1456 1482 1511 adventum
1544 1460 2066 1530 praasigniﬁcarunt;

496 1545 759 1611 studiose,
811 1548 956 1617 quod
996 1548 1201 1602 bonum
1247 1558 1352 1616 est,
1390 1560 1686 1615 sectantes,
1732 1551 2069 1608 abstinentes

494 1650 525 1690 a
569 1636 844 1693 scandalis
888 1649 942 1692 et
996 1654 1024 1692 a
1060 1638 1210 1694 falsis
1266 1638 1529 1695 fratribus
1567 1650 1621 1695 et
1665 1643 1735 1695 ab
1783 1644 1850 1697 iis
1880 1644 1973 1712 qui
2012 1645 2066 1699 in

495 1727 766 1799 hypocrisi
801 1744 999 1783 nomen
1025 1730 1242 1785 Domini
1273 1732 1475 1798 ferunt,
1500 1735 1593 1802 qui
1626 1750 1793 1790 vanos
1818 1735 2068 1793 homines

493 1820 553 1883 in
583 1835 826 1881 errorem
863 1823 1150 1881 inducunt.

2180 636 2319 706 χέως
2352 636 2697 701 πιστεύοντες
2743 639 2885 691 κατά
2916 656 3056 701 τινος
3076 656 3087 668 ·
3128 640 3201 710 μὴ
3234 641 3499 711 ἀπότομοι
3545 644 3602 695 ὲν
3634 644 3758 714 x55—

2182 743 2283 792 σει,
2318 728 2516 793 εἰδότες
2560 731 2641 782 ὅτι
2674 731 2871 793 πάντες
2915 731 3186 800 ὀφειλέται
3234 734 3401 803 ἐσμὲν
3459 735 3756 806 ἁμαρτίας.

2179 821 2241 876 Ei
2274 816 2369 874 οὖν
2399 821 2634 892 δεόμεθα
2666 823 2758 875 τοῦ
2778 823 2981 894 Κυρίου
3002 863 3017 887 ,
3066 825 3153 879 ἵνα
3185 828 3316 895 ἡμῖν
3349 828 3460 897 ἀφῇ
3484 867 3497 891 ,
3544 827 3751 896 ὀφείλο-

2182 931 2281 988 μεν
2313 914 2408 967 καὶ
2440 915 2602 984 ἡμεῖς
2647 914 2900 983 ἀφιέναι·
2936 916 3196 969 ἀπέναντι
3228 916 3337 988 γὰρ
3382 916 3489 970 τῶν
3520 917 3613 970 τοῦ
3644 920 3759 972 Κυη

2181 1004 2297 1075 ρίου
2344 1003 2438 1056 καὶ
2482 1002 2619 1056 Θεοῦ
2666 1007 2833 1074 ὲσμεν
2877 1004 3192 1076 ὀφθαλμῶν,
3240 1006 3334 1059 καὶ
3383 1025 3402 1057 ι
3427 1006 3636 1071 πάντας
3676 1009 3759 1062 δεῖ

2177 1097 2522 1167 παραστῆναι
2566 1094 2644 1166 τῷ
2690 1095 2894 1167 βήματι
2938 1098 3031 1150 τοῦ
3064 1097 3336 1168 Χριστοῦ,
3384 1098 3479 1151 καὶ
3524 1100 3757 1154 ἕκαστον

2177 1190 2316 1261 ὑπὲρ
2362 1188 2554 1242 ἑαυτοῦ
2599 1188 2754 1257 λόγον
2798 1187 3000 1243 δοῦναι.
3030 1208 3047 1241 ι
3096 1190 3280 1253 Οὕτως
3334 1186 3426 1243 οὖν
3458 1191 3756 1245 δουλεύσω-

2177 1298 2276 1351 μεν
2308 1280 2455 1350 αὐτῷ
2490 1281 2630 1351 μετά
2676 1280 2841 1349 φόϐου
2876 1280 2971 1337 καὶ
3003 1280 3184 1352 πάσης
3216 1282 3538 1347 εὐλαϐείας,
3571 1283 3754 1348 καθὼς

2173 1368 2334 1431 αὐτὸς
2367 1368 2666 1421 ἐνετείλατο
2686 1408 2700 1431 ,
2738 1369 2833 1423 καὶ
2864 1371 2910 1422 oi
2944 1371 3430 1443 εύαγγελισάμενοι
3476 1375 3606 1443 ἡμῖν
3639 1374 3751 1442 (72)

2173 1459 2496 1527 ἀπόστολοι,
2530 1460 2627 1513 καὶ
2670 1462 2719 1517 οἱ
2752 1462 3028 1531 προφῆται
3049 1503 3063 1526 ,
3097 1464 3144 1515 oi
3178 1464 3623 1534 προκηρύξαντες
3654 1466 3753 1536 τὴν

2171 1551 2381 1605 ἔλευσιν
2424 1552 2515 1605 τοῦ
2550 1553 2755 1625 Κυρίου
2802 1553 2957 1623 ἡμῶν
2978 1572 2990 1585 ο
3027 1554 3266 1625 ζηλωταὶ
3310 1556 3441 1625 περὶ
3471 1556 3530 1609 τὸ
3563 1556 3749 1621 καλὸν,

2169 1645 2497 1715 ἀπεχόμενοι
2544 1645 2652 1698 τῶν
2700 1646 3010 1699 σκανδάλων
3068 1648 3162 1700 καὶ
3206 1647 3315 1701 τῶν
3370 1647 3752 1717 ψευδαδέλφων

2168 1737 2264 1791 καὶ
2308 1738 2415 1790 τῶν
2456 1740 2514 1790 ὲν
2555 1737 2838 1807 ὑποκρίσει
2886 1737 3160 1807 φερόντων
3204 1738 3264 1791 τὸ
3307 1738 3477 1809 ὄνομα
3510 1739 3622 1808 (75)
3654 1738 3749 1792 τοῦ

2166 1830 2397 1902 Κυρίου,
2429 1830 2625 1894 οἵτινες
2657 1828 3012 1884 ἀποπλανῶσι
3044 1830 3234 1894 κενοὺς
3265 1829 3603 1903 ἀνθρώπους.

1234 2000 1340 2057 VII.
1380 2003 1573 2074 Fugite
1607 2003 1833 2060 Docetas
1854 2045 1869 2070 ,
1904 2013 1954 2061 et
1986 2014 2309 2075 perseverate
2340 2008 2396 2059 in
2413 2005 2635 2075 jejuniis
2668 2016 2719 2060 et
2743 2007 3002 2062 oratione.

565 2171 584 2205 ε
615 2154 802 2209 Omnis
852 2153 997 2208 enim
1042 2154 1134 2224 qui
1187 2172 1295 2210 non
1344 2155 1631 2213 confessus
1688 2157 1851 2213 fuerit
1876 2157 2060 2215 Jesum

2242 2178 2260 2210 ι
2295 2159 2412 2223 Πᾶς
2457 2159 2586 2231 γὰρ,
2620 2159 2678 2223 ὃς
2718 2158 2784 2213 ἂν
2820 2160 2894 2230 μὴ
2939 2160 3210 2232 ὁμολογῇ,
3258 2160 3468 2233 Ἰησοῦν
3512 2160 3749 2232 Χριστὸν

485 2246 764 2300 Christum
813 2247 866 2301 in
899 2263 1064 2302 carne
1104 2248 1350 2314 venisse,
1390 2249 1764 2306 Antichristus
1803 2261 1886 2306 est
1920 2252 1991 2319 ³²;
2042 2272 2061 2305 ι

485 2347 542 2393 et
571 2338 665 2407 qui
699 2354 806 2393 non
838 2340 1125 2395 confessus
1172 2338 1337 2394 fuerit
1387 2342 1710 2412 martyrium
1760 2345 1964 2408 crucis,
1999 2359 2066 2398 ex

483 2430 705 2485 diabolo
747 2440 862 2498 est;
912 2442 966 2485 et
1014 2433 1106 2501 qui
1137 2431 1365 2503 Eloquia
1406 2431 1622 2487 Domini
1672 2434 1739 2488 ad
1795 2435 2064 2490 desideria

486 2538 582 2576 sua
630 2524 951 2590 traduxerit,
1004 2526 1307 2596 dixeritque
1350 2541 1452 2581 nec
1478 2527 1934 2581 resurrectionem
1966 2543 2067 2582 nec

482 2617 749 2685 judicium
796 2634 948 2682 esse,
988 2621 1075 2674 hic
1114 2621 1509 2689 primogenitus
1540 2628 1623 2675 est
1654 2618 1889 2675 Satanae.
1939 2620 2064 2676 Ideo

486 2708 858 2778 relinquentes
904 2711 1198 2765 vanitatem
1246 2711 1543 2764 multorum
1577 2720 1631 2765 et
1652 2709 1819 2766 falsas
1856 2710 2061 2766 doctri-

485 2815 610 2864 nas,
656 2802 724 2854 ad
765 2802 1019 2857 traditam
1073 2804 1228 2858 nobis
1281 2803 1349 2858 ab
1402 2802 1558 2857 initio
1607 2803 1912 2857 doctrinam
1968 2818 2057 2857 re-

484 2904 765 2947 vertamur
794 2894 858 2959 ³³,
900 2913 917 2945 ι
941 2896 1231 2965 vigilantes
1263 2896 1318 2950 in
1352 2896 1693 2951 orationibus
1708 2896 1753 2927 “
1783 2915 1801 2947 ι
1852 2906 1907 2950 et
1932 2912 2057 2966 per—

486 2993 799 3040 severanles
841 2986 895 3040 in
927 2986 1177 3055 jejuniis,
1207 2987 1474 3055 precibus
1526 2997 1778 3057 rogantes
1811 2988 2057 3041 omnium

486 3086 898 3145 conspectorem
932 3076 1125 3142 Deum,
1168 3097 1184 3127 ι
1216 3093 1283 3132 ne
1316 3094 1415 3132 nos
1454 3078 1677 3133 inducat
1710 3080 1763 3132 in
1799 3079 2055 3133 tentatio-

484 3182 608 3221 nem
636 3167 702 3233 ³⁸,
745 3187 763 3218 ι
820 3170 965 3224 sicut
988 3170 1125 3224 dixit
1152 3170 1415 3226 Dominus
1446 3188 1460 3224 :
1517 3192 1534 3223 ι
1565 3171 1803 3240 Spiritus
1836 3171 2057 3240 quidem

481 3268 766 3333 promptus
794 3268 898 3327 est,
932 3275 1062 3316 caro
1093 3271 1275 3318 autem
1307 3263 1523 3317 inﬁrma
1548 3262 1612 3316 ’°.
1641 3281 1659 3313 ι

2162 2251 2220 2301 ὲν
2255 2251 2420 2321 σαρκὶ
2452 2250 2798 2322 ἐληλυθέναι,
2846 2250 3213 2321 Ἀντίχριστός
3247 2253 3361 2304 ἐστι
3382 2268 3429 2302 Ἰ
3467 2251 3561 2305 καὶ
3589 2251 3648 2314 ὃς
3677 2251 3747 2307 ἂν

2166 2340 2240 2410 μὴ
2273 2342 2505 2412 ὁμολογῇ
2539 2341 2599 2394 τὸ
2633 2340 2934 2412 μαρτύριον
2965 2340 3058 2393 τοῦ
3104 2341 3340 2414 σταυροῦ
3361 2382 3376 2406 ,
3411 2345 3473 2395 ἐκ
3506 2341 3598 2394 τοῦ
3629 2341 3747 2394 δια-

2163 2434 2317 2488 ϐόλου
2366 2435 2511 2487 ὲστί⁸
2549 2434 2645 2487 καὶ
2674 2434 2733 2497 ὃς
2775 2434 2843 2486 ἂν
2889 2433 3153 2507 μεθοδεύῃ
3194 2435 3263 2488 τά
3293 2434 3464 2503 Λόγια
3506 2435 3599 2489 τοῦ
3632 2438 3745 2488 Κυ-

2163 2528 2279 2599 ρίου
2332 2528 2470 2598 πρὸς
2514 2526 2613 2590 τὰς
2667 2525 2801 2589 ιδίας
2852 2525 3185 2596 ἐπιθυμίας,
3232 2526 3327 2579 καὶ
3380 2526 3549 2599 λέγῃ,
3604 2529 3743 2598 μήτε

2159 2620 2455 2674 ἀνάστασιν
2490 2619 2624 2689 μήτε
2659 2618 2838 2689 κρίσιν
2871 2616 3032 2684 εἶναι,
3065 2614 3218 2682 οὗτος
3250 2620 3592 2691 πρωτότοκός
3624 2623 3740 2673 ἐστι

2163 2711 2254 2764 τοῦ
2287 2712 2521 2764 Σατανᾶ.
2580 2712 2671 2764 Διὸ
2702 2711 3092 2775 ἀπολείποντες
3124 2712 3235 2781 (74)
3270 2713 3368 2782 τὴν
3402 2712 3739 2782 ματαιότητα

2164 2800 2272 2853 τῶν
2303 2799 2512 2853 πολλῶν
2542 2800 2639 2853 καὶ
2670 2800 2769 2864 τάς
2799 2800 3308 2869 ψευδοδιδασκαλίας
3342 2801 3477 2870 (75),
3524 2802 3616 2854 ἐπὶ
3648 2802 3739 2855 τὸν

2159 2892 2217 2959 ἐξ
2263 2893 2440 2963 ἀρχῆς
2485 2894 2616 2963 ἡμῖν
2668 2892 3042 2964 παραδοθέντα
3085 2893 3241 2963 λόγον
3300 2893 3733 2964 ἐπιστρέψωμεν,

2164 3002 2182 3035 ι
2208 2984 2465 3053 νήφοντες
2498 2982 2632 3053 πρὸς
2666 2982 2760 3044 τὰς
2792 2981 2957 3051 εὐχὰς
2976 3022 2991 3043 ,
3019 3000 3036 3031 ι
3074 2981 3169 3035 καὶ
3201 2980 3734 3053 προσκαρτεροῦντες

2159 3072 2465 3143 νηστείαις,
2522 3072 2772 3143 δεήσεσιν
2832 3072 3140 3143 αἰτούμενοι
3196 3073 3287 3125 τὸν
3351 3072 3735 3143 παντεπόπτην

2158 3164 2312 3229 Θεὸν,
2382 3184 2400 3215 ι
2447 3165 2521 3235 μὴ
2582 3165 2912 3231 εἰσενεγκεῖν
2968 3165 3116 3234 ἡμᾶς
3175 3166 3256 3227 εἰς
3318 3163 3655 3236 πειρασμὸν,
3711 3182 3731 3213 ι

2161 3253 2343 3317 καθὼς
2375 3249 2528 3307 εἶπεν
2559 3256 2589 3306 ό
2611 3253 2847 3326 Κύριοςο
2888 3272 2907 3305 ι
2930 3255 3003 3307 Τὸ
3044 3254 3142 3325 μὲν
3176 3253 3394 3326 πνεῦμα
3434 3254 3732 3325 πρόθυμον,

2081 3323 2125 3379 C
2157 3349 2192 3417 ἠ
2224 3346 2281 3400 δὲ
2313 3345 2451 3420 σὰρξ
2482 3323 2732 3417 ἀσθενής.
2759 3365 2777 3398 ι

1510 3521 1642 3577 VIII.
1675 3521 2012 3577 Perseverate
2040 3522 2093 3577 in
2121 3537 2211 3591 spe
2242 3531 2292 3575 et
2324 3521 2379 3575 in
2412 3521 2692 3591 patientia.

554 3678 926 3739 indesinenter
972 3695 1103 3751 ergo
1152 3694 1566 3750 perseveremus
1616 3678 1670 3737 in
1722 3693 1819 3748 spe
1866 3686 2054 3733 nostra

477 3784 531 3835 et
566 3777 793 3849 pignore
811 3777 1037 3846 iustitiae
1062 3787 1281 3842 nostrae,
1307 3777 1453 3847 quod
1481 3786 1565 3831 est
1592 3777 1846 3831 Christus
1869 3774 2052 3842 Jesus,

483 3887 502 3918 ι
537 3868 631 3936 qui
682 3878 903 3937 peccata
939 3878 1125 3927 nostra
1162 3871 1216 3923 in
1251 3883 1480 3938 corpore
1512 3884 1613 3923 suo
1647 3884 1811 3938 super
1842 3869 2049 3938 lignum

2262 3674 2646 3738 Ἀδιαλείπτως
2708 3668 2801 3727 οῦν
2862 3673 3368 3747 προσκαρτερῶμεν
3428 3677 3494 3746 τῇ
3556 3674 3733 3736 ἐλπίδι

2149 3766 2309 3840 ἡμῶν
2352 3767 2447 3819 καὶ
2492 3765 2567 3836 τῷ
2601 3765 2882 3837 ἀρραϐὦνι
2925 3767 3022 3837 τῆς
3054 3765 3413 3836 ,δικαιοσύνης
3444 3768 3622 3836 ήμῶν,
3669 3768 3731 3830 ὅς

2148 3860 2265 3910 ἐστι
2322 3859 2557 3929 Χριστὸς
2602 3858 2839 3928 Ἰησοῦς,
2909 3877 2927 3906 ε
2966 3858 3025 3921 ὃς
3085 3859 3385 3929 ἀνήνεγκεν
3445 3860 3601 3930 ἡμῶν
3632 3861 3732 3933 τὰς

475 3959 699 4029 pertulit
722 3960 789 4027 ³⁷,
829 3960 924 4029 qui
957 3969 1239 4030 peccatum
1282 3976 1391 4015 non
1436 3961 1599 4027 fecit,
1647 3977 1748 4016 nec
1798 3960 2049 4016 inventus

2164 3949 2420 4021 ἱιμαρτίας
2466 3948 2543 4019 τῷ
2590 3949 2704 4019 ίδίῳ
2750 3949 2961 4020 σώματι
3003 3951 3094 4003 ἐπὶ
3139 3951 3198 4004 τὸ
3232 3951 3405 4019 ξύλον,
3446 3952 3504 4015 ὃς
3550 3954 3732 4025 ἀμαρ-

475 4060 563 4107 est
589 4053 749 4108 dolus
782 4052 838 4107 in
873 4068 968 4107 ore
996 4052 1119 4122 ejus
1150 4053 1230 4119 ’3;
1265 4072 1283 4104 ι
1337 4053 1431 4109 sed
1467 4064 1688 4123 propter
1735 4069 1858 4119 nos,
1892 4064 1952 4107 ut
1992 4053 2046 4107 in

2164 4039 2264 4093 τίαν
2295 4040 2396 4092 ούκ
2427 4040 2699 4110 ἐποίησεν,
2732 4040 2853 4093 οὐδὲ
2894 4041 3093 4113 εὑρέθη
3127 4041 3275 4105 δόλος
3301 4045 3358 4096 ἐν
3390 4042 3467 4113 τῷ
3498 4043 3731 4113 στόματι

474 4146 597 4221 ipso
624 4145 875 4199 vivamus
897 4144 963 4210 ³⁹,
998 4145 1181 4199 omnia
1215 4146 1496 4201 sustinuit.
1544 4146 1852 4199 lmitatores
1882 4147 2046 4215 igitur

475 4238 650 4292 simus
698 4237 971 4305 patientiae
1001 4238 1151 4307 ejus;
1198 4246 1253 4291 et
1291 4238 1336 4291 si
1370 4239 1642 4308 patiamur
1690 4249 1910 4308 propter
1942 4255 2043 4293 no-

473 4345 602 4385 men
648 4331 768 4399 ejus
789 4330 875 4398 ”,
930 4331 1102 4401 gloria
1154 4331 1305 4385 illum
1358 4332 1680 4387 afﬁciamus.
1734 4332 1848 4387 Hoc
1896 4335 2041 4386 enim

472 4423 784 4491 exemplum
836 4424 995 4478 nobis
1049 4423 1235 4494 posuit
1294 4425 1349 4485 in
1403 4439 1463 4480 se
1516 4425 1667 4503 ipso,
1714 4434 1768 4480 et
1829 4440 1931 4479 nos
1989 4425 2043 4479 id

471 4515 828 4579 credidimus.

2148 4131 2394 4185 αὐτοῦ’»
2462 4131 2598 4185 ἀλλὰ
2653 4132 2721 4185 δι’
2777 4133 2945 4202 ἡμᾶς,
3010 4134 3096 4185 ἴνα
3148 4133 3400 4205 ζήσωμεν
3457 4136 3514 4187 ὲν
3558 4132 3728 4203 αὐτῷ,

2149 4222 2329 4275 πάντα
2377 4223 2638 4293 ὑπέμεινε
2672 4222 2804 4295 (76).
2857 4224 3110 4294 Μιμηταὶ
3154 4222 3247 4277 οὖν
3294 4222 3580 4295 γενώμεθα
3631 4224 3729 4294 τῆς

2149 4314 2428 4384 ὑπομονῆς
2459 4315 2624 4367 αὑτοῦ
2653 4332 2666 4344 ·
2720 4315 2816 4369 κα)⁹
2848 4314 2942 4368 ὲάν
2984 4315 3283 4386 πάσχωμεν
3340 4315 3427 4369 διά
3456 4316 3516 4369 τὸ
3557 4316 3729 4385 ὄνομα

2147 4405 2333 4470 αὐτοῦ,
2383 4405 2693 4477 δοξάζωμεν
2726 4407 2838 4477 (77)
2871 4407 3053 4460 αὐτόν.
3100 4408 3301 4461 Τοῦτον
3332 4408 3439 4479 γὰρ
3473 4410 3605 4479 ἡμῖν
3636 4409 3729 4461 τὸν

2149 4496 2513 4569 ὑπογραμμὸν
2557 4497 2720 4569 ἔθηκε
2751 4497 2817 4551 δι’
2850 4499 3062 4565 ἑαυτοῦ,
3096 4500 3192 4553 κα)¹
3223 4501 3383 4571 ἡμεῖς
3427 4499 3581 4553 τοῦτο
3612 4499 3727 4568 (78)

2073 4600 2119 4657 Ῑ)
2148 4589 2573 4661 ἐπιστεύσαμεν.

1373 4753 1463 4819 IX.
1500 4754 1807 4813 Exerceatis
1840 4760 2154 4828 patientiam
2185 4762 2423 4832 exemplo
2458 4760 2684 4834 Ignatii,
2710 4778 2817 4828 etc.

538 4893 691 4980 Rogo
738 4911 921 4981 itaque
968 4926 1066 4967 vos
1108 4926 1319 4977 omnes,
1355 4920 1414 4965 ut
1446 4911 1715 4967 obediatis
1748 4913 1913 4968 verbo
1944 4913 2032 4984 ju-

537 5089 583 5122 ³ο
616 5089 806 5143 Matth.
829 5107 904 5153 vt,
930 5091 1018 5154 ιε,
1052 5091 1138 5144 Μ.
1217 5091 1257 5121 ³¹
1294 5090 1451 5147 Rom.
1477 5106 1590 5154 xw,
1628 5092 1714 5154 10,
1747 5093 1834 5145 12.

465 5177 543 5226 vi,
569 5161 666 5225 i5;
699 5177 846 5225 xxvr,
870 5162 929 5214 M
948 5201 959 5213 .

465 5232 511 5262 ‘°
539 5230 661 5286 Act.
685 5247 737 5296 v,
768 5228 827 5284 41
856 5249 870 5297 ;
905 5233 924 5284 1
955 5230 1103 5286 Petr.
1144 5248 1217 5297 ιν,
1257 5233 1340 5285 16.

536 5403 653 5485 (72)
693 5405 795 5460 Ms.
834 5407 999 5530 ῆμᾶς.

536 5477 647 5530 175)
687 5476 801 5530 Cir.
876 5495 966 5530 sm.

534 5477 647 5544 (75)
687 5476 801 5531 Cir.
851 5476 966 5546 lgn.
1016 5478 1085 5530 ad
1130 5476 1265 5547 Eph.
1318 5494 1368 5532 c.
1414 5478 1483 5529 7:
1514 5476 1653 5546 δόλῳ
1698 5476 1924 5547 πονηρῷ
1977 5478 2038 5531 τὸ

462 5547 633 5619 ὄνομα
666 5548 1003 5619 περιφέρειν.
1035 5548 1153 5603 Jac.

536 5617 649 5684 (74)
690 5617 767 5671 ita
797 5617 1068 5673 extribus
1108 5620 1266 5674 codd.
1300 5619 1535 5675 restituit
1563 5617 1906 5672 Jacobsonus
1932 5632 2032 5686 pro

1940 5094 1983 5126 ³²
2016 5093 2217 5149 lJoan.
2251 5109 2323 5158 Iv,
2360 5096 2417 5151 5.

1054 5160 1097 5191 ³⁸
1129 5160 1317 5235 Matth.
1351 5178 1499 5226 xxvr,
1529 5163 1632 5227 M;
1674 5161 1841 5218 Marc.
1881 5180 1994 5232 xw,
2026 5165 2115 5221 58.
2194 5166 2239 5196 ³⁷
2271 5167 2291 5218 l
2318 5164 2461 5225 Petr.
2489 5181 2549 5235 ιι,
2578 5167 2668 5222 21.

2215 4916 2327 4986 (79)
2361 4917 2668 4988 Παρακαλῶ
2698 4915 2790 4973 οὖν
2825 4920 3032 4984 πάντας
3086 4922 3230 4993 ὑμᾶς
3279 4922 3596 4993 πειθαρχεῖν
3648 4924 3724 4994 τῷ

2519 5096 2564 5127 ³³
2593 5096 2717 5153 Jud.
2754 5099 2807 5151 5.
2886 5098 2972 5152 ³⁵1
3000 5099 3145 5153 Petr.
3179 5116 3250 5159 Iv,
3280 5099 3330 5155 7.
3448 5100 3493 5132 ³⁵
3530 5100 3720 5155 Matth.

2776 5170 2819 5201 ³⁸
2848 5170 3009 5237 Ibid.,
3046 5170 3139 5225 22.
3237 5168 3516 5226 ³³110³11.
3554 5187 3626 5235 ιν,
3662 5172 3718 5229 9.

2142 5413 2342 5486 τρόπον
2367 5413 2437 5486 δι’
2473 5415 2620 5486 ἡμᾶς
2659 5416 3045 5485 ὑπομείναντα.

2213 5485 2326 5552 (77)
2359 5485 2433 5538 Ita
2460 5484 2803 5540 Jacobsonus
2832 5503 2863 5541 e
2890 5488 3012 5543 cod.
3046 5484 3715 5541 Mediceo-Laurentianu.

2144 5552 2301 5640 Vulg;
2312 5626 2322 5640 ἱ
2334 5554 2495 5640 δρξάζ
2498 5575 2525 5608 ο
2526 5573 2651 5640 μεν.

2210 5626 2326 5690 (78)
2358 5627 2418 5680 L.
2449 5626 2643 5695 τούτῳ·
2679 5626 2781 5692 vel,
2810 5627 2856 5682 si
2891 5627 3190 5683 retineatur
3232 5626 3411 5693 τοῦτο,
3446 5627 3713 5682 subintel-

463 5687 610 5765 νοις.
642 5688 1021 5765 ἀπολιπόντες.
1073 5688 1408 5765 Polycarpus
1462 5690 1775 5765 respexisse
1816 5689 2031 5743 videtur

2164 5687 2240 5765 igc
2266 5687 2425 5749 εἷναι.
2461 5687 2653 5751 Spurii.

464 5755 644 5829 lucljni
678 5758 1069 5829 SgaClcmentis,
1102 5755 1190 5829 ep:
1228 5777 1243 5813 ι
1273 5755 1341 5814 ai!
1366 5760 1631 5825 Corinth.,
1660 5777 1707 5813 ο.
1746 5759 1796 5811 7.

537 5824 648 5887 (75)
688 5828 798 5879 Cir.
836 5844 995 5896 supra
1030 5847 1077 5882 (τ.
1110 5824 1162 5883 ε’.

539 5896 649 5963 (76)
689 5896 801 5950 ιζιιυ.
844 5898 954 5967 lgn.
1009 5900 1075 5954 ad
1106 5900 1286 5977 Polyc.
1342 5920 1386 5958 ρ.
1438 5904 1469 5957 5
1503 5922 1510 5956 ;
1562 5904 1646 5959 τὸν
1682 5908 1820 5963 κατὰ
1856 5909 2042 5991 πάντα

2210 5768 2322 5835 (79)
2365 5768 2537 5822 Totus
2569 5769 2656 5820 hic
2686 5767 2838 5821 locus
2870 5784 3043 5836 usque
3071 5769 3135 5821 ad
3186 5769 3495 5823 ἀναστάντα
3527 5776 3608 5824 est
3641 5767 3713 5825 ah

2139 5838 2372 5897 Eusebio
2412 5840 2697 5915 repetitus,
2740 5837 2882 5893 Hist.
2922 5837 3047 5893 εισι.
3086 5855 3169 5907 ιιι,
3204 5840 3291 5895 56.
