4142 6424
465 375 604 431 ωιῦ

1606 376 1945 433 EPISTULA
2003 377 2093 431 AD
2135 376 2639 433 PHILIPPENSES.

3589 373 3721 429 ιθιι

456 492 603 560 λόγῳ
780 494 876 565 τῆς
920 494 1293 566 δικαιοσύνης,
1338 498 1432 552 καί
1463 497 1650 550 ἀσκεῖν
1685 500 1864 552 πᾶσαν
1911 500 2026 551 ὑπο

2145 499 2328 566 stitize,
2361 508 2416 553 et
2447 514 2667 553 omnem
2723 498 3039 567 patientiam
3096 495 3418 561 exerceatis,
3470 512 3633 565 quam
3668 505 3723 550 et

458 588 647 657 μονὴν,
681 587 749 657 ἢν
782 589 877 641 καὶ
901 589 1016 657 (81)
1066 588 1206 642 ἴδετε
1240 590 1359 643 κατ’
1394 590 1740 661 ὀφθαλμοὺς,
1782 593 1842 645 οὐ
1881 593 2039 663 μόνον

455 680 514 731 ὲν
559 682 670 742 τοῖς
718 680 1010 752 μακαρίοις
1058 680 1301 752 Ίγνατίῳ
1343 682 1436 735 καὶ
1468 682 1699 752 Ζωσὶμῳ
1746 682 1839 737 καὶ
1884 683 2037 737 Ῥού-

454 772 702 841 φῳ(82),
743 773 880 827 ἀλλά
912 774 1008 827 καὶ
1046 777 1105 827 ὲν
1144 774 1325 837 ἄλλοις
1370 777 1482 837 τοῖς
1526 775 1584 841 ἐξ
1629 774 1804 846 ὑμῶν,
1853 777 1949 831 καὶ
1980 779 2039 831 ἐν

450 860 601 931 αὐτῷ
631 862 829 933 Παύλῳ
862 864 955 917 καὶ
983 865 1094 928 τοῖς
1126 864 1329 927 λοιποῖς
1353 864 1669 929 ἀποστόλοις
1692 884 1705 896 ·
1732 867 2036 938 πεπεισμέ-

454 970 577 1016 νους
609 953 749 1022 (85),
782 954 864 1007 ὃτι
891 948 1035 1009 οὗτοι
1077 956 1278 1019 πάντες
1313 956 1413 1009 οὐκ
1457 956 1538 1019 εἰς
1571 956 1727 1009 κενὸν
1774 955 2031 1028 ἔδραμον,

452 1044 566 1101 ἀλλ’
600 1048 658 1100 ὲν
691 1047 870 1101 πίστει
902 1048 996 1102 καὶ
1027 1046 1374 1120 δικαιοσύνῃ’
1411 1049 1505 1101 καὶ
1535 1050 1616 1102 ὃτι
1647 1051 1727 1113 εἰς
1759 1050 1849 1103 τὸν
1880 1051 2032 1120 ὀφει-

448 1141 673 1211 λόμενον
721 1141 904 1205 αὐτοῖς
949 1141 1113 1194 τόπον
1159 1141 1267 1194 εἰσὶ
1300 1142 1450 1214 παρὰ
1498 1140 1576 1211 τῷ
1606 1142 1797 1215 Κυρίῳ
1823 1144 1957 1215 (84),
1990 1137 2034 1213 ᾧ

448 1233 544 1285 καὶ
589 1233 911 1286 συνέπαθον.
947 1233 1022 1286 Οὐ
1068 1233 1177 1303 γάρ
1222 1234 1314 1285 τὸν
1357 1233 1453 1286 νῦν
1498 1232 1795 1306 ἠγάπησαν
1838 1235 2031 1301 αἰῶνα,

444 1324 581 1379 ἀλλά
612 1326 703 1379 τὸν
735 1326 876 1398 ὑπὲρ
908 1326 1064 1397 ἡμῶν
1096 1325 1436 1380 ἀποθανόντα
1455 1367 1470 1390 ,
1523 1326 1619 1381 καὶ
1647 1327 1715 1381 δι’
1747 1330 1896 1398 ἡμᾶς
1928 1329 2033 1382 ὑπὸ

2147 592 2326 646 oculis
2372 592 2506 662 ipsis
2532 592 2768 655 vidistis,
2808 606 2917 644 non
2962 591 3139 644 solum
3190 589 3245 643 in
3289 588 3463 643 beatis
3514 588 3722 658 lgnatio

2142 694 2197 740 et
2232 684 2456 740 Zosimo
2501 694 2556 739 et
2588 683 2754 749 Rufo,
2791 684 2886 739 sed
2918 685 3081 738 etiam
3118 683 3170 736 in
3205 681 3349 747 aliis,
3383 681 3477 751 qui
3524 696 3592 735 ex
3625 695 3725 733 vo-

2141 778 2248 845 bis,
2282 792 2347 832 ac
2378 778 2434 831 in
2474 777 2595 847 ipso
2622 776 2793 830 Paulo
2839 776 3160 843 caeterisque
3211 773 3507 843 apostolis;
3554 780 3723 840 utque

2141 871 2265 927 sitis
2291 870 2563 940 persuasi,
2591 869 2737 940 quod
2767 870 2820 923 hi
2853 883 3048 923 omnes
3081 867 3135 921 in
3170 881 3404 921 vacuum
3459 880 3568 919 non
3623 880 3723 918 cu-

2140 963 2514 1028 currerint“,
2564 962 2660 1017 sed
2712 962 2767 1016 in
2820 961 2926 1016 lide
2976 976 3041 1015 ac
3084 960 3340 1030 justitia;
3392 967 3446 1012 et
3477 957 3623 1026 quod
3665 957 3721 1009 in

2140 1054 2324 1111 debito
2374 1054 2509 1124 ipsis
2552 1054 2672 1109 loco
2702 1054 2813 1108 sint
2842 1053 2985 1123 apud
3012 1051 3325 1115 Dominum,
3356 1064 3482 1103 cum
3523 1062 3632 1117 quo
3666 1056 3721 1100 et

2139 1148 2289 1219 passi
2313 1157 2464 1204 sunt.
2494 1144 2613 1201 Non
2644 1146 2793 1200 enim
2822 1159 3062 1216 praesens
3095 1142 3354 1198 saeculum
3386 1139 3716 1201 dilexerunt,

2141 1242 2234 1297 sed
2260 1256 2409 1305 eum,
2433 1240 2527 1309 qui
2556 1254 2656 1309 pro
2684 1238 2841 1292 nobis
2875 1246 3126 1291 mortuus
3149 1244 3251 1297 est,
3283 1248 3345 1288 ac
3370 1240 3589 1302 propter
3617 1244 3718 1283 nos

2141 1350 2170 1388 a
2195 1332 2333 1405 [Deo
2358 1341 2441 1388 est
2463 1328 2866 1400 resuscitatus].

445 1415 565 1487 [τοῦ
596 1417 731 1471 Θεοῦ
760 1417 1131 1472 ἀνασταθέντα
1160 1417 1298 1489 (85)]
1339 1418 1473 1489 (86).

1706 1512 1775 1568 Χ.
1818 1514 2133 1570 Adhortatio
2160 1514 2228 1568 ad
2264 1514 2507 1567 virtutes.

517 1668 938 1741 (Desiderantur
980 1668 1197 1741 (ἔνατα,
1237 1686 1357 1739 qua:
1395 1668 1729 1740 sequentibus
1776 1670 2159 1738 respondeant,
2199 1677 2390 1741 praeter
2435 1682 2634 1741 pauca,
2671 1678 2797 1741 quia
2827 1646 3615 1741 servavit7Eus_ebius,77quce7que
3647 1653 3716 1737 ad

441 1726 601 1810 caput
634 1738 791 1794 XIII
827 1741 1111 1810 pertinent.
1152 1726 1352 1795 Latina
1382 1726 1561 1796 aut'em
1590 1750 1803 1795 exstant
1844 1726 1899 1794 in
1937 1741 2097 1795 veteri
2138 1726 2370 1793 vei-sione
2405 1726 2445 1790 α’
2466 1726 2871 1790 ΙαευὸοἸίάὺει·
2894 1730 3201 1801 Staputensi
3242 1746 3293 1782 α.
3326 1727 3462 1783 1498
3490 1726 3716 1779 Parisiis

443 1811 737 1882 evulgato.)

544 1964 600 2020 In
655 1965 742 2021 his
786 1981 918 2039 ergo
964 1976 1139 2035 state,
1199 1977 1255 2023 et
1305 1967 1523 2024 Domini
1586 1970 1871 2039 exemplar
1918 1948 2256 2039 sequimini,
2324 1966 2468 2021 ﬁrmi
2520 1965 2573 2019 in
2641 1964 2745 2019 fide
2796 1972 2851 2018 et
2898 1959 3302 2022 immutabiles,
3357 1955 3715 2011 fraternitatis

438 2071 718 2119 amatores
751 2063 889 2133 (87),
926 2064 1216 2136 diligentes
1247 2068 1480 2122 invicem
1505 2108 1520 2133 ,
1571 2067 1627 2123 in
1656 2068 1893 2123 veritate
1926 2066 2142 2132 sociati,
2169 2064 2651 2121 mansuetudinem
2677 2061 2897 2115 Domini
2934 2057 3047 2130 (88)
3082 2053 3329 2111 alterutri
3366 2060 3711 2123 praestantes,

439 2155 652 2212 nullum
681 2158 1064 2229 despicientes.
1103 2160 1243 2217 Cum
1285 2164 1515 2233 potestis
1549 2163 1874 2220 benefacere
1896 2205 1913 2231 ,
1954 2163 2123 2218 nolite
2160 2161 2408 2225 diderre,
2444 2160 2573 2231 quia
2613 2178 2631 2209 ι
2654 2158 3003 2227 eleemosyna
3042 2152 3111 2208 de
3144 2160 3320 2206 morte
3355 2149 3553 2204 liberat
3588 2146 3652 2199 “.
3687 2165 3705 2195 ι

435 2247 644 2307 Omnes
658 2252 816 2308 vobis
831 2253 1064 2311 invicem
1083 2257 1313 2327 subjecti
1333 2266 1528 2325 estote,
1551 2278 1569 2309 ι
1593 2260 2062 2315 conversationem
2096 2267 2335 2313 vestram
2361 2253 2894 2326 irreprehensibilem
2926 2251 3187 2305 habentes
3202 2247 3255 2302 in
3271 2245 3523 2320 gentibus
3538 2241 3604 2305 ⁸³,
3619 2262 3634 2293 ι
3652 2245 3713 2295 ut

435 2358 507 2398 ex
545 2345 706 2402 bonis
737 2349 998 2416 operibus
1028 2353 1230 2408 vestris
1259 2362 1313 2410 et
1347 2369 1447 2410 vos
1474 2355 1694 2411 laudem
1745 2355 2047 2426 accipiatis,
2091 2363 2147 2411 et
2182 2353 2449 2408 Dominus
2493 2352 2547 2405 in
2576 2349 2731 2405 vobis
2764 2363 2872 2403 non
2917 2346 3346 2415 blasphemetur.
3394 2338 3485 2393 Vae
3526 2348 3708 2391 autem

441 2440 541 2503 illi.
571 2455 668 2510 per
695 2457 860 2513 quem
893 2461 1094 2503 nomen
1127 2446 1345 2505 Domini
1381 2451 1798 2522 blasphematur
1824 2450 1891 2506 “.
1939 2450 2300 2507 Sobrietatem
2339 2464 2471 2519 ergo
2502 2447 2694 2502 docete
2734 2457 2956 2509 omnes;
3004 2442 3057 2494 in
3100 2454 3206 2509 qua
3252 2445 3305 2490 et
3338 2449 3434 2489 vos
3477 2446 3710 2487 conver-

441 2548 664 2588 samtm.

1174 2639 1266 2696 XI.
1291 2641 1653 2698 Contristatus
1684 2660 1803 2699 sum
1830 2658 1925 2712 pro
1967 2643 2215 2707 Valente;
2253 2652 2426 2695 cavete
2454 2640 2598 2693 vobis
2625 2642 2688 2690 ab
2718 2633 2969 2689 avaritia.

507 2786 681 2844 Nimis
706 2792 1062 2850 contristatus
1094 2809 1216 2850 sum
1243 2810 1342 2864 pro
1376 2794 1634 2864 Valente,
1664 2799 1756 2867 qui
1794 2797 2079 2868 presbyter
2111 2795 2290 2851 factus
2328 2802 2413 2850 est
2453 2791 2749 2859 aliquando
2782 2788 2926 2859 apud
2965 2801 3098 2851 vos;
3130 2782 3274 2856 quod
3314 2784 3395 2836 sic
3431 2774 3712 2868 ignoretis

436 2869 620 2933 locum
641 2919 657 2944 ,
691 2882 787 2950 qui
817 2881 978 2937 datus
1009 2893 1095 2938 est
1123 2884 1192 2939 ei.
1230 2883 1424 2941 Moneo
1460 2885 1647 2955 itaque
1672 2865 1768 2940 vos
1796 2865 1864 2940 ut
1892 2865 2214 2941 abstineatis
2247 2883 2317 2939 ab
2343 2881 2570 2938 avaritia
2606 2880 2743 2951 (89),
2773 2888 2827 2933 et
2857 2879 2978 2932 sitis
3006 2876 3143 2931 casti
3165 2884 3220 2930 et
3246 2888 3487 2929 veraces.
3522 2865 3709 2922 Absti-

438 2978 564 3025 uete
584 2985 682 3026 vos
711 2971 779 3026 ab
800 2972 951 3027 omni
987 2975 1154 3031 malo.
1183 2974 1286 3041 Qui
1317 2984 1501 3030 autem
1544 2975 1599 3029 in
1638 2975 1726 3031 his
1762 2991 1874 3030 non
1901 2985 2079 3045 potest
2107 2976 2526 3045 se‘gubernare,
2561 2972 2839 3043 quomodo
2868 2970 2959 3026 alii
2991 2968 3102 3040 (90)
3131 2968 3237 3022 hoc
3264 2960 3620 3036 pronuntiat?
3650 2957 3710 3013 Si

439 3062 565 3130 quis
595 3079 704 3119 non
742 3064 1073 3121 abstinuerit
1108 3082 1168 3122 se
1196 3068 1265 3122 ab
1296 3068 1547 3132 avaritia,
1591 3067 1660 3122 ab
1707 3067 2014 3123 idololatria
2045 3066 2524 3137 coinquinabitur,
2555 3076 2610 3120 et
2646 3072 2904 3133 tanquam
2950 3063 3091 3117 inter
3124 3069 3312 3131 gentes
3349 3054 3706 3127 judicabitur.

434 3151 541 3219 Qui
570 3164 753 3211 autem
785 3157 1034 3227 ignorant
1059 3160 1325 3229 judicium
1362 3158 1616 3215 Domini?
1646 3179 1665 3213 ι
1701 3159 1783 3215 Αη
1813 3161 2116 3226 nescimus,
2141 3161 2269 3231 quia
2300 3159 2476 3215 sancti
2517 3158 2780 3214 mundum
2811 3156 3140 3227 judicabunt
3166 3154 3251 3207 ιιι
3285 3173 3303 3204 ι
3342 3153 3485 3207 sicut
3508 3148 3711 3203 Paulus

435 3245 598 3302 docet
630 3247 765 3321 (91).
800 3248 914 3321 Ego
943 3258 1124 3306 autem
1154 3251 1290 3305 nihil
1312 3252 1419 3305 tale
1441 3251 1589 3307 sensi
1624 3250 1677 3305 in
1703 3250 1881 3318 vobis,
1906 3251 1992 3306 vel
2011 3250 2214 3315 audivi,
2240 3250 2294 3304 in
2310 3252 2512 3321 quibus
2538 3249 2806 3305 laboravit
2831 3248 3022 3304 beatus
3053 3246 3256 3301 Paulus
3285 3244 3421 3313 (92),
3452 3242 3545 3312 qui
3577 3245 3710 3299 estis

440 3336 671 3410 [laudati
704 3340 844 3414 (95)]
876 3342 932 3397 in
967 3343 1238 3414 principio
1267 3346 1515 3415 epistolae
1543 3346 1684 3417 ejus.
1712 3346 1789 3403 De
1820 3349 1975 3403 vobis
2000 3348 2201 3403 etenim
2235 3348 2505 3419 gloriatur
2534 3349 2586 3401 in
2621 3346 2879 3402 omnibus
2909 3344 3199 3409 Ecclesiis,
3226 3356 3347 3413 quae
3378 3340 3548 3395 Deum
3580 3340 3711 3395 solae

437 3441 570 3490 tunc
611 3448 1007 3506 cognoverant;
1036 3455 1137 3495 nos
1168 3440 1281 3511 (94)
1307 3450 1489 3497 autem
1510 3443 1753 3497 nondum
1792 3458 2141 3498 noveramus.
2180 3441 2347 3498 Valde
2374 3455 2525 3511 ergo,
2552 3441 2771 3507 fratres,
2805 3439 3103 3496 contristor
3125 3453 3223 3507 pro
3259 3435 3352 3491 illo
3374 3444 3428 3489 et
3456 3450 3552 3503 pro
3576 3447 3709 3487 con-

432 3527 563 3598 juge
595 3529 748 3599 ejus;
781 3530 984 3601 quibus
1004 3532 1095 3587 det
1122 3531 1388 3589 Dominus
1411 3534 1784 3603 paenitentiam
1819 3550 2025 3589 veram.
2060 3534 2237 3591 Sobrii
2263 3549 2393 3605 ergo
2413 3542 2586 3589 estote
2611 3543 2665 3589 et
2687 3548 2784 3588 vos
2811 3533 2866 3587 in
2893 3532 3028 3597 hoc;
3069 3549 3089 3581 ι
3128 3538 3183 3584 et
3215 3545 3322 3584 non
3352 3528 3494 3583 sicut
3524 3525 3708 3579 inimi-

437 3636 534 3678 cos
570 3625 708 3679 tales
731 3625 1057 3680 existimetis
1085 3626 1153 3692 “,
1184 3644 1203 3677 ι
1241 3626 1336 3681 sed
1371 3627 1513 3683 sicut
1540 3629 1818 3698 passibilia
1843 3631 2088 3686 membra
2116 3639 2171 3685 et
2200 3628 2438 3684 errantia
2470 3644 2564 3684 eos
2587 3635 2854 3692 revocate,
2883 3623 3209 3680 utomnium
3240 3632 3481 3677 vestrum
3503 3635 3704 3690 corpus

438 3717 682 3773 salvetis.
719 3717 836 3773 Hoc
860 3720 1009 3774 enim
1038 3729 1285 3790 agentes,
1312 3737 1411 3778 vos
1431 3723 1579 3793 ipsos
1612 3723 1896 3778 :ediﬁcatis
1926 3724 1993 3778 ⁸⁷.

781 3872 900 3929 ΧΠ.
941 3872 1204 3945 Ignoscite
1223 3876 1294 3930 ei.
1328 3874 1471 3931 Deus
1506 3876 1650 3931 vobis
1675 3878 1896 3933 virtutes
1934 3878 2157 3934 tribuat.
2196 3878 2358 3934 Orate
2385 3895 2479 3949 pro
2500 3877 2765 3943 omnibus,
2791 3877 2953 3931 etiam
2981 3891 3074 3945 pro
3106 3875 3357 3929 inimicis.

507 4027 739 4085 Conﬁdo
771 4029 918 4085 enim
951 4045 1048 4086 vos
1089 4030 1227 4086 bene
1252 4031 1581 4087 exercitatos
1610 4047 1731 4089 esse
1762 4033 1817 4087 in
1843 4037 2014 4090 sacris
2040 4034 2255 4100 litteris,
2280 4043 2334 4089 et
2363 4034 2497 4090 nihil
2526 4020 2624 4090 vos
2646 4034 2807 4094 latet;
2846 4032 2981 4087 mihi
3010 4040 3192 4086 autem
3235 4046 3341 4084 non
3370 4038 3454 4085 est
3478 4044 3702 4083 conceso

439 4134 561 4176 sum
583 4123 746 4179 modo
769 4122 904 4193 (95).
935 4121 1007 4178 Ut
1036 4122 1454 4197 his'Scripturis
1483 4126 1692 4182 dictum
1729 4137 1855 4184 est:
1906 4151 1924 4180 ι
1969 4126 2272 4185 lrascimini
2324 4138 2380 4185 et
2415 4128 2580 4184 nolite
2609 4141 2837 4198 peccare
2872 4128 2938 4194 “,
2970 4146 2988 4179 ι
3024 4135 3112 4182 et:
3154 4144 3172 4179 ‹
3212 4123 3304 4180 Sol
3337 4140 3445 4179 non
3487 4123 3705 4180 occidat

509 4302 904 4379 ft_Philipp._n,
929 4304 1027 4379 i767;
1064 4305 1183 4379 Gal.
1211 4324 1271 4372 ιι,
1305 4308 1356 4363 2.
1400 4308 1444 4341 "
1475 4308 1611 4366 Tob.
1638 4326 1713 4377 ιν,
1744 4309 1794 4365 li
1830 4330 1845 4375 ;
1882 4328 1981 4377 xu,
2013 4313 2026 4368 ε

2136 4314 2150 4344 ³
2181 4311 2368 4369 lPetr.
2406 4329 2468 4375 ιι,
2507 4314 2590 4366 12.
2667 4312 2712 4344 ⁸⁵
2736 4312 2861 4367 lsai.
2885 4327 2981 4377 LII,
3004 4310 3039 4365 5
3067 4318 3122 4365 et
3144 4312 3257 4379 ign.
3293 4309 3360 4364 ad
3384 4306 3551 4362 Trall.
3571 4323 3620 4363 c.
3646 4307 3699 4363 8.

438 4373 484 4408 ⁸⁵
511 4377 534 4429 l
558 4376 686 4433 Cor.
720 4373 794 4443 vi,
819 4375 872 4430 2.
953 4376 999 4408 ⁸⁸
1024 4379 1070 4431 ΙΙ
1098 4377 1293 4434 Thess.
1322 4395 1406 4447 ιιι,
1436 4380 1525 4436 15.
1599 4382 1644 4412 ⁵⁷
1677 4373 1706 4434 ι’
1727 4373 1858 4438 Cor.
1894 4373 1997 4453 xu,
2024 4394 2026 4408 ‘

2192 4384 2237 4416 ⁸⁸
2258 4383 2404 4440 Psal.
2436 4373 2507 4448 iv,
2545 4385 2600 4439 5.

738 4546 794 4607 q.
830 4548 851 4582 ‹
883 4531 1161 4607 mandato.
1182 4552 1233 4607 7:7
1257 4530 1522 4607 Wocustt.
1550 4603 1570 4607 _
1677 4605 1689 4607 _
2048 4541 2092 4597 Β
2117 4538 2351 4604 videtur,
2396 4539 2555 4607 cujus
2590 4538 2852 4593 facinoris
2889 4554 3028 4593 uxor
3055 4538 3175 4606 ejus
3207 4538 3478 4607 particeps
3503 4536 3701 4593 fuerat.

662 4603 775 4679 ἕαί
800 4604 1070 4679 ex__tribus
1095 4602 1253 4679 codd.
1288 4603 1908 4679 restituitJacobsonus.
1961 4678 1969 4679 7
2120 4608 2311 4664 Wocu.
2338 4601 2409 4650 4
2437 4601 2749 4664 Jacobsono
2772 4617 2952 4663 autem
2977 4616 3030 4661 et
3060 4601 3183 4663 aliis
3208 4601 3237 4659 ὃ
3257 4601 3581 4679 πλεονέκτης
3620 4618 3703 4661 est

511 4671 626 4749 (82)
662 4670 1243 4749 Testeiliartyrologio
1296 4672 1580 4749 Rotriano,
1644 4675 1931 4749 Philippis
1959 4678 2013 4730 in
2124 4698 2143 4730 ι
2181 4680 2415 4745 adulter,
2460 4700 2478 4731 ι
2511 4681 2639 4749 quia
2686 4695 2787 4734 sua
2821 4693 2992 4733 uxore
3031 4693 3139 4749 non
3175 4687 3259 4733 est
3287 4670 3620 4749 contentus;
3638 4689 3702 4749 nt

438 4740 886 4815 Macedonia7l87
936 4740 1249 4815 Decembris
1286 4745 1595 4801 celebratur
1648 4740 1847 4802 natalis
1911 4746 2013 4803 SS.
2116 4750 2278 4804 docet
2322 4740 2582 4805 Suicerus
2620 4750 2846 4804 etllem.
2880 4749 3034 4803 Alex.
3079 4748 3280 4803 Strom.
3324 4764 3421 4811 ιιι,
3463 4763 3513 4815 p.
3555 4740 3696 4811 552;

437 4820 742 4887 martyrum
771 4811 893 4887 Bul‘t
926 4824 982 4887 et
1007 4812 1232 4868 Zosimi.
1493 4885 1501 4887 7
1536 4886 1555 4887 77
2123 4839 2142 4871 ‹
2184 4822 2471 4884 avaritia,»
2505 4816 2846 4883 πλεονεξία.ι
2877 4819 3231 4881 adulterium,
3277 4837 3295 4868 ι
3325 4811 3486 4887 cujus
3508 4818 3699 4887 ﬂagitii

508 4881 627 5019 (85)
658 4882 941 4954 Conjunge
972 4884 1086 4937 haec
1116 4899 1241 4939 cum
1266 4885 1586 4956 παρακαλῶ.
2116 4901 2170 4945 et
2199 4881 2480 4962 presbyter
2510 4881 2726 4945 Valens
2741 4897 2795 4942 et
2824 4890 2944 4959 ejus
2976 4903 3114 4943 uxor
3142 4881 3695 4943 accusari'videntur.

532 4953 625 5019 84)
650 4952 767 5007 Cfr.
801 4969 815 5006 ι
849 4954 1021 5009 Clem.
1056 4953 1212 5009 Rom.
1249 4957 1318 5008 ad
1336 4956 1487 5019 Cor.,
1518 4974 1567 5012 c.
1590 4958 1644 5012 5.
2190 4959 2306 5019 (90)
2339 4961 2451 5019 [λης
2482 4962 2625 5015 aliis.
2648 4979 2684 5019 ν»
2709 4958 2879 5015 αλιι..

650 4952 815 5031 (ξιτ.)
849 4954 1021 5009 Clem.
1056 4953 1212 5031 liom.
1249 4957 1318 5031 ad
1336 4952 1487 5023 Cor.,
1518 4974 1567 5031 ο.
1590 4958 1644 5031 5_.
1750 5030 1759 5031 7
1790 5030 1795 5031 7

2190 4952 2306 5031 (90)
2339 4952 2451 5031 [ξμς
2482 4962 2625 5015 aliis.
2646 4979 2684 5029 ,ι
2709 4952 2879 5031 Cant;

511 5023 627 5097 (εξ)
663 5022 744 5078 Ita
782 5025 889 5094 leg.
932 5040 1030 5094 pro
1059 5025 1391 5093 ἀναστάντα,
1422 5022 1569 5095 quod
1602 5028 1870 5085 Eusebius
1917 5031 2020 5085 ha-

2188 5022 2301 5097 (9ti
2354 5022 2561 5085 verba:
2611 5022 2822 5084 (sicut
2864 5029 3070 5083 Paulus
3116 5028 3299 5094 docet,
3354 5047 3373 5079 ι
3419 5026 3698 5083 Creduero

436 5096 774 5170 Μερεξὲῖει·
1005 5165 1017 5170 ,
1258 5168 1268 5170 _
1515 5167 1526 5170 Α
1576 5167 1585 5170 7
2117 5100 2288 5169 (Eint.
2323 5102 2361 5155 i.
2384 5101 2440 5155 ά.
2474 5100 2545 5154 Ν.
2584 5099 2645 5154 Τ.
2680 5114 2732 5168 p.
2767 5100 2894 5170 445)
2940 5107 3194 5169 suspecta
3232 5099 3555 5170 sunt,7quia
3593 5098 3697 5170 Ptl-f

514 5164 1121 5242 (88)77Haec_7posterio_ra
1158 5168 1356 5242 verba,
1403 5167 1621 5242 uncinis
1665 5170 1900 5242 inclusa,
1947 5186 2015 5226 ex
2116 5164 2370 5242 charpus
2418 5164 2693 5241 nusquam
2732 5164 2933 5226 nomen
2975 5164 3261 5241 scriptoris
3291 5171 3361 5225 ab
3397 5164 3518 5239 ipso
3543 5169 3696 5223 citati

443 5234 667 5311 Eusebii
700 5244 754 5291 et
779 5234 1072 5311 Nicephori
1110 5234 1386 5311 7citatione
1432 5240 1703 5311 supplevit
1732 5238 2011 5296 Usserius.
2115 5234 2376 5311 proferat.

443 5255 667 5291 150881)“
700 5255 754 5291 Cl
779 5255 1072 5305 mcepnort
1124 5255 1386 5292 crtattone
1432 5255 1495 5293 Sll
1540 5255 1703 5307 ριθνιι
1735 5255 2011 5296 08861⁸1118.
2115 5255 2376 5311 proterat.

441 5306 687 5384 Codices
715 5322 882 5384 7mss.,
909 5307 1057 5384 nulla
1086 5306 1429 5384 interposita
1488 5255 1839 5384 distinctione.
1893 5320 2016 5384 post
2186 5312 2301 5384 (9‘2)
2331 5311 2541 5367 Similia
2566 5311 2710 5381 apud
2740 5310 2857 5381 lgn.
2888 5310 2958 5364 ad
2977 5310 3158 5383 Magn.
3187 5311 3313 5366 c.“
3350 5320 3404 5366 et
3419 5312 3488 5365 ad
3523 5308 3690 5366 Tralt.

440 5376 569 5450 ῥπό,
603 5378 863 5450 exhibent
901 5376 1142 5450 τὸν-λαὸν
1181 5376 1337 5450 κενὸν
1370 5377 1433 5450 [ἰ.
1464 5393 1529 5450 e.7
1548 5379 1757 5450 καινὸν]
1792 5376 2013 5450 ἑτοίμα·
2115 5398 2163 5437 c.
2190 5376 2238 5437 8.

438 5444 570 5520 ζων,
599 5465 653 5501 κ.
683 5465 732 5501 τ.
758 5447 833 5520 λλ,
862 5461 895 5501 a
919 5447 1118 5517 quibus
1150 5444 1564 5520 scilicet'verbis
1592 5444 1863 5520 incipiunt
1891 5444 2016 5506 Bar-

438 5519 594 5589 nabas
617 5534 740 5589 qua:
766 5517 953 5589 Graece
981 5529 1294 5588 supersunt.
1327 5517 1443 5573 Jac.

354 5640 355 5643 η
447 5658 469 5662 _
510 5587 769 5662 (87)7Cfr.
802 5587 820 5641 1
854 5587 997 5644 Petr.
1031 5587 1212 5656 ιι,17;
1240 5590 1336 5661 τὴν
1369 5588 1705 5661 ἀδελφότητα
1738 5593 2009 5661 ἀγαπᾶτε.

438 5658 627 5855 :(88)
692 5750 711 5783 ι
743 5729 954 5786 Domini
986 5750 1003 5783 ι
1066 5732 1303 5787 restituit
1365 5731 1705 5790 Jacobsonus
1764 5750 1829 5790 ex
1888 5736 2008 5790 cod.

486 5817 603 5855 aur.

486 5817 627 5944 “('83)
662 5872 947 5946 Presbyter
985 5873 1087 5932 iste
1130 5875 1389 5947 pecunias
1419 5891 1721 5949 pauperum
1752 5878 2015 5935 avertisse

2188 5452 2303 5526 (95)
2355 5452 2509 5510 Hanc
2540 5451 3099 5526 7voce_m_7addenda_m
3156 5451 3349 5508 suadet
3400 5451 3689 5508 Smithius.

2117 5523 2263 5581 Laus
2285 5540 2349 5595 ea
2376 5525 2645 5595 reperitur
2676 5523 2910 5595 P_hilipp.
2941 5538 2977 5589 ι,
3013 5524 3046 5578 5
3074 5538 3158 5593 sq.

2188 5596 2302 5665 (94)
2336 5592 2484 5651 Per}
2525 5609 2624 5665 nos
2656 5612 2675 5644 ι
2706 5593 3064 5665 Polycarpum
3095 5594 3271 5663 ipsum
3301 5594 3553 5663 intelligit
3592 5592 3695 5649 Us-

2116 5662 2323 5733 serius;
2351 5666 2555 5720 rectius
2581 5662 2821 5719 forsitan
2851 5683 2870 5715 ι
2921 5662 3283 5734 Smyrnenses
3314 5685 3330 5716 ι
3364 5662 3691 5729 Cotélerius,

2114 5736 2319 5860 JSmith,
2370 5734 2603 5792 Ruchat.
2631 5735 2748 5789 Cir.
2777 5735 2895 5790 Act.
2922 5752 3035 5801 xw,
3064 5735 3119 5800 6,
3162 5736 3248 5797 1‘2,
3294 5751 3418 5791 cum
3460 5752 3578 5803 XIX,
3606 5736 3692 5790 ω.

2148 5823 2228 5860 ac.

2148 5823 2228 5860 AC.

2187 5878 2323 5946 ('95l
2369 5878 2524 5936 Varie
2557 5877 2702 5935 hunc
2733 5878 2911 5937 locum
2967 5878 3345 5949 explicucrunt
3383 5879 3484 5934 viri
3525 5879 3690 5934 docti.
