4142 6450
405 418 544 475 1615
1566 416 1621 469 S.
1663 416 1998 471 POLYCARI

2101 415 2436 471 llARTYRIS
3515 416 3654 474 1016

406 551 570 605 super
602 534 939 591 iracundiam
976 543 1209 585 vestram
1246 531 1309 584 ‘9.
1353 551 1369 581 ι
1404 531 1601 585 Beatus
1640 532 1735 599 qui
1791 532 2097 587 meminerit
2136 532 2278 601 (96);
2315 533 2458 601 quod
2487 548 2587 600 ego
2618 533 2780 588 credo
2814 548 2932 588 esse
2980 533 3033 587 in
3067 533 3242 589 vobis.
3284 533 3428 590 Deus
3472 547 3652 591 autem

407 640 459 683 et
490 629 649 683 Pater
678 628 888 681 Domini
920 626 1089 680 nostri
1126 625 1253 680 Jesu
1294 624 1519 686 Christi,
1555 632 1609 677 ct
1639 624 1754 692 ipse
1790 627 2155 694 sempiternus
2183 624 2421 694 pontifex
2445 664 2458 688 ,
2496 624 2589 678 Dei
2624 625 2794 679 Filius
2820 624 2979 681 .lcsus
3005 626 3278 693 Christus,
3300 627 3530 683 aediﬁcet
3561 645 3655 685 \us

407 722 461 773 in
493 723 594 776 lide
611 732 662 776 et
691 722 939 782 veritate.
969 731 1023 776 et
1052 721 1104 773 in
1131 720 1279 774 omni
1311 720 1747 785 mansuetudine,
1784 730 1837 774 et
1872 721 1991 774 sine
2023 721 2327 784 iracundia,
2359 730 2412 772 et
2448 722 2500 773 in
2533 721 2789 789 patientia
2823 730 2876 774 et
2905 721 3313 791 longanimitate
3338 730 3391 775 et
3419 722 3657 775 toleran-

408 815 478 867 tia
507 822 562 867 ct
591 816 867 877 castitate;
894 822 947 867 et
974 816 1063 868 det
1097 814 1255 869 vobis
1280 822 1477 867 sortem
1501 824 1555 867 et
1576 824 1783 882 partem
1816 815 1957 867 inter
1983 824 2201 869 sanctos
2238 830 2397 879 suos,
2430 821 2485 866 et
2512 812 2668 867 nobis
2703 813 2982 867 vobiscum
3014 821 3068 867 et
3096 815 3349 869 omnibus
3392 814 3486 883 qui
3527 825 3659 870 sunt

407 905 513 957 sub
540 905 698 964 cmlo,
733 904 824 972 qui
854 903 1112 957 credituri
1144 912 1273 957 sunt
1312 905 1364 957 in
1395 903 1681 957 Dominum
1716 913 1965 959 nostrum
2007 904 2193 958 Jesum
2221 904 2504 959 Christum
2540 913 2595 958 et
2624 905 2679 958 in
2710 905 2883 974 ipsius
2912 905 3152 970 Patrem,
3178 906 3271 975 qui
3306 924 3325 957 ι
3362 907 3658 961 resuscita-

405 997 483 1049 vit
513 1010 636 1048 cum
660 1011 688 1049 a
711 996 938 1049 mortuis
969 996 1038 1050 '°.
1077 1013 1094 1043 ι
1126 992 1231 1047 Pro
1250 997 1505 1050 omnibus
1526 996 1729 1050 sanctis
1754 1006 1926 1050 orate.
1950 996 2112 1051 Orate
2135 997 2299 1051 etiam
2321 1012 2420 1066 pro
2450 996 2670 1065 regibus
2699 1006 2752 1052 et
2773 999 3133 1067 potestatibus
3156 1010 3210 1053 et
3232 998 3566 1067 principibus
3587 998 3656 1061 ⁸¹,

407 1099 569 1157 atque
592 1104 690 1157 pro
718 1088 1174 1157 persequentibus
1203 1099 1256 1142 et
1278 1090 1586 1144 odientibus
1618 1105 1717 1144 vos
1748 1090 1793 1121 "
1815 1131 1828 1157 ,
1854 1099 1907 1144 et
1938 1105 2039 1159 pro
2077 1089 2314 1144 inimicis
2345 1092 2560 1145 crucis:
2602 1098 2663 1143 ut
2694 1089 2907 1147 fructus
2941 1100 3120 1147 vester
3146 1090 3468 1147 manifestus
3496 1091 3568 1145 sit
3604 1091 3661 1145 in

406 1182 682 1244 omnibus,
717 1191 775 1235 ut
805 1182 924 1236 sitis
958 1184 1011 1235 in
1036 1183 1129 1237 illo
1159 1182 1403 1252 perfecti.

916 1336 1051 1391 Xlll.
1090 1336 1357 1407 Epistolas
1385 1347 1584 1392 vestras
1625 1338 1963 1393 Antiochenis
1995 1338 2230 1393 tradam.
2270 1337 2428 1393 Vobis
2458 1338 2713 1406 epistolas
2745 1337 2949 1409 lgnatii
2979 1339 3157 1394 mitto.

483 1493 793 1563 Scripsistis
840 1494 904 1547 ad
940 1508 1026 1547 me
1071 1502 1123 1546 et
1151 1508 1250 1547 vos
1278 1502 1332 1547 ct
1360 1490 1621 1561 lgnatius,
1663 1502 1743 1557 ut,
1776 1494 1822 1548 si
1856 1493 1980 1563 quis

2151 1493 2262 1565 (97)
2310 1494 2615 1567 Ἐγράψατέ
2658 1513 2747 1567 μοι
2780 1496 2873 1550 καὶ
2908 1498 3066 1567 ὑμεῖς
3098 1500 3191 1553 καὶ
3238 1498 3493 1568 Ἰγνάτιος
3529 1499 3663 1571 (98),

410 1585 551 1640 forte
577 1584 629 1656 [e
653 1584 911 1655 Smyrna]
945 1584 997 1639 in
1026 1584 1239 1656 Syriam
1278 1585 1741 1653 proﬁcisceretur,
1776 1594 1987 1641 vestras

411 1693 629 1748 quoque
661 1678 869 1731 litteras
899 1692 963 1730 eo
985 1677 1247 1740 deferret;
1267 1678 1408 1746 quod
1442 1678 1660 1746 quidem
1685 1677 1986 1745 perﬁciam,

412 1768 457 1820 si
497 1775 715 1835 tempus
753 1778 1119 1835 opportunum
1151 1777 1346 1821 nactus
1388 1766 1574 1833 fuero;
1613 1768 1697 1822 vel
1729 1783 1828 1838 ego
1850 1767 1985 1837 ipse,

414 1860 497 1913 vel
527 1875 626 1929 per
668 1860 835 1912 alium
863 1858 1198 1928 quempiam,
1231 1876 1392 1929 quem
1416 1860 1647 1929 legatum
1679 1869 1732 1914 et
1760 1876 1859 1929 pro
1887 1875 1988 1914 vo-

411 1951 498 2006 bis
526 1952 755 2009 mittam.
800 1950 1073 2021 Epistolas
1113 1950 1335 2019 lgnatii,
1363 1967 1497 2021 quas
1520 1952 1586 2006 ad
1616 1967 1701 2005 me
1724 1952 1891 2018 misit,
1930 1960 1986 2006 et

412 2051 639 2098 cunctas
674 2044 806 2098 alias
836 2060 973 2113 quas
1002 2045 1287 2106 habemus.
1320 2045 1386 2098 ad
1414 2059 1512 2099 vos
1548 2044 1819 2109 misimus,
1847 2044 1990 2099 sicut

414 2135 748 2202 mandastis;
777 2152 916 2205 quas
955 2138 1173 2207 quidem
1197 2138 1324 2191 huic
1362 2137 1603 2206 epistolae
1628 2137 1983 2205 subjecimus.

415 2227 492 2283 Ex
524 2230 605 2283 eis
651 2245 908 2300 magnum
954 2229 1190 2285 fructum
1241 2231 1521 2300 percipere
1574 2230 1728 2284 vobis
1781 2230 1984 2285 licebit.

412 2320 705 2376 Continent
757 2322 902 2377 enim
951 2322 1110 2377 tidem
1158 2332 1213 2377 et
1271 2323 1592 2394 patientiam
1643 2331 1697 2377 et
1751 2323 1987 2377 :edilica-

412 2414 614 2468 tionem
646 2429 887 2480 omnem,
915 2414 982 2468 ad
1006 2413 1295 2470 Dominum
1320 2425 1567 2469 nostrum
1604 2415 1985 2485 pertinentem.

2093 1586 2201 1649 ἵνα,
2235 1585 2329 1639 ἐάν
2362 1603 2446 1649 τις
2478 1586 2785 1658 ἀπέρχηται
2818 1590 2898 1651 εἰς
2930 1588 3130 1659 Συρίαν
3150 1589 3285 1659 (99),
3310 1590 3403 1643 καὶ
3435 1590 3502 1643 τὰ
3536 1592 3665 1661 παρ’

2092 1677 2246 1748 ὑμῶν
2276 1678 2584 1751 ἁποκομίσῃ
2607 1678 2907 1750 γράμματα
2931 1697 2943 1708 °
2975 1682 3111 1753 ὅπερ
3141 1684 3368 1754 ποιήσω,
3402 1682 3498 1736 ἐὰν
3520 1683 3669 1737 λάϐω

2093 1772 2284 1843 καιρὸν
2319 1770 2556 1833 εὔθετον,
2597 1770 2705 1824 εἴτε
2752 1772 2883 1840 ἐγὼ,
2919 1774 3028 1825 εἴτε
3073 1774 3132 1827 ὃν
3165 1775 3365 1845 πέμψω
3406 1775 3657 1846 πρεσϐεύ-

2094 1881 2255 1919 σοντα
2302 1863 2394 1917 καὶ
2440 1862 2566 1934 περὶ
2606 1862 2780 1933 ὑμῶν.
2824 1862 2934 1928 Τὰς
2978 1865 3264 1929 ἐπιστολὰς
3296 1866 3557 1933 Ἰγνατίου
3592 1866 3669 1936 (l‘)

2093 1958 2190 2021 τὰς
2235 1956 2577 2028 πεμφθείσας
2612 1957 2744 2027 ἡμῖν
2786 1958 2877 2010 ὑπ’
2932 1958 3120 2022 αὐτοῦ,
3167 1958 3263 2012 καὶ
3308 1958 3495 2022 ἄλλας,
3539 1961 3672 2023 ὅσας

2092 2048 2309 2118 εἴχομεν
2343 2049 2474 2120 παρ’
2504 2050 2658 2119 ἡμῖν,
2692 2046 3018 2118 ἐπέμψαμεν
3051 2049 3198 2118 ὑμῖν,
3242 2047 3420 2112 καθὼς
3471 2048 3673 2102 eversi-

2091 2140 2286 2193 λασΟε·
2319 2140 2521 2203 αἵτινες
2555 2139 2990 2209 ὑποτεταγμέναι
3014 2140 3122 2191 εἰσὶ
3154 2142 3220 2210 τῇ
3253 2138 3507 2210 ἐπιστολῇ
3545 2139 3674 2192 ταύ-

2092 2248 2191 2306 τῃο
2228 2232 2286 2297 ἐξ
2307 2225 2381 2286 ὧν
2416 2231 2624 2303 μεγάλα
2654 2230 2995 2303 ὠφεληθῆναι
3017 2230 3331 2302 δυνήσεσθε.
3353 2230 3674 2301 Περιέχουσι

2090 2326 2201 2395 γὰρ
2235 2324 2414 2378 πίστιν
2448 2322 2542 2375 καὶ
2574 2322 2850 2393 ὑπομονὴν
2883 2321 2978 2375 καὶ
3015 2323 3196 2375 πᾶσαν
3227 2320 3531 2393 οἰκοδομὴν,
3578 2321 3675 2392 τὴν

2092 2415 2171 2477 εἰς
2190 2415 2279 2467 τὸν
2312 2414 2514 2485 Κύριον
2546 2412 2701 2485 ἡμῶν
2732 2413 3060 2484 ἀνήκουσαν.

488 2568 566 2636 (2)
593 2566 658 2623 Ει
693 2567 758 2623 de
787 2569 907 2639 ipso
932 2567 1140 2640 lgnatio
1166 2570 1267 2640 (5),
1303 2578 1356 2624 et
1382 2570 1449 2625 de
1474 2571 1581 2634 his,
1614 2572 1708 2641 qui
1733 2585 1857 2624 cum
1901 2584 1967 2624 eo
1992 2578 2140 2633 sunt,
2170 2569 2317 2640 quod
2345 2569 2547 2624 certius
2574 2567 2927 2639 agnoveritis,
2957 2565 3281 2638 signiﬁcate.

1380 2724 1522 2778 XIV.
1558 2725 1878 2781 Commendo
1916 2724 2057 2778 vobis
2092 2723 2436 2779 Crescentem.
2483 2722 2681 2777 Valete.

491 2879 615 2936 ilice
639 2879 792 2935 vobis
822 2880 1015 2949 scripsi
1040 2895 1136 2950 per
1165 2879 1532 2945 Crescentem,
1558 2894 1720 2949 quem
1748 2878 1802 2932 in
1825 2888 2150 2949 praesentem
2173 2879 2250 2949 (It)
2281 2878 2424 2933 diem
2456 2877 2833 2933 commendavi
2865 2876 3043 2941 vobis,
3066 2884 3121 2931 et
3155 2890 3303 2931 nunc
3325 2874 3671 2931 commendo.

419 2971 788 3027 Conversatus
822 2981 907 3027 est
938 2973 1085 3027 enim
1127 2972 1413 3027 nobiscum
1459 2972 1892 3042 inculpabiliter;
1936 2972 2099 3027 credo
2139 2972 2268 3040 quia
2310 2982 2365 3026 et
2402 2972 2685 3027 vobiscum
2731 2972 3006 3026 similiter.
3056 2969 3313 3025 Sororem
3346 2980 3527 3024 auten.
3552 2968 3675 3038 ejus

422 3065 695 3120 habebitis
731 3067 1191 3131 commendatam,
1216 3079 1341 3119 cum
1368 3064 1576 3120 venerit
1608 3064 1675 3120 ad
1702 3078 1821 3118 vos.
1861 3063 2170 3120 Incolumes
2196 3072 2369 3118 estote
2401 3064 2457 3116 in
2491 3062 2725 3117 Domino
2763 3061 2891 3117 Jesu
2914 3061 3156 3117 Christo.
3180 3060 3366 3116 Gratia
3400 3076 3527 3115 eam
3556 3076 3677 3116 om-

421 3161 586 3216 nibus
608 3159 762 3215 vobis
795 3160 892 3231 (5).
921 3160 1117 3214 Amen.

429 3362 3668 3398 MM

1494 3586 2036 3693 ANTIQUA
2112 3581 2557 3677 VERSIO

1137 3802 1550 3863 EPISTOLJE
1610 3802 1671 3861 S.
1723 3799 2176 3862 POLYCARPI
2236 3799 2344 3859 AD
2379 3797 2962 3859 PHILIPPENSES.

1196 3985 1529 4048 (COTELERIUS,
1564 3984 1739 4034 Patres
1761 3978 2034 4046 apostolici,
2060 3980 2421 4031 ed.Amstelod.
2450 3978 2590 4038 1724,
2627 3985 2664 4027 t.
2694 3980 2735 4038 Ι,
2762 3992 2811 4041 p.
2843 3977 2973 4041 190.)

431 4162 778 4234 I'olycarpus,
822 4171 870 4217 et
905 4163 994 4232 qui
1032 4177 1152 4214 cum
1186 4177 1246 4213 eo
1286 4169 1409 4214 sunt
1455 4159 1776 4229 presbyteri,
1820 4156 2005 4211 Eccle-
2039 4158 2083 4218 B
2113 4164 2305 4211 nostro
2340 4154 2475 4211 ‘Jesu
2521 4154 2765 4220 Christo,
2820 4152 3128 4222 suscipiens
3177 4149 3462 4205 imitabilia
3513 4150 3680 4206 verba

496 4257 592 4309 sit:
624 4257 719 4307 Dei
747 4271 864 4324 qua:
891 4263 967 4307 est
1004 4252 1261 4321 Philippis
1287 4295 1302 4319 ,
1348 4250 1711 4305 misericordia
1754 4251 1927 4311 vobis,
1956 4258 2006 4302 et

500 4362 607 4405 pas:
630 4364 663 4399 a
697 4344 805 4398 Deo
834 4347 1205 4414 omnipotente,
1238 4352 1286 4397 et
1322 4342 1451 4397 Jesu
1483 4344 1696 4399 Christo
1734 4341 2006 4396 Saluatore

500 4448 678 4492 nostro
712 4437 962 4492 abundet.

500 4532 539 4586 ι.
581 4530 1006 4601 Congratulatus
1037 4545 1157 4584 sum
1190 4528 1347 4584 vobis
1377 4526 1665 4599 magnifice
1697 4526 1750 4580 in
1776 4524 2007 4580 Domino

502 4692 546 4721 “
577 4690 774 4759 Ephes.
813 4705 885 4753 iv,
917 4687 1006 4742 26.
1083 4687 1128 4718 ⁵⁰
1157 4685 1277 4743 Gal.
1312 4701 1350 4749 ι,
1385 4685 1435 4739 1.
1512 4685 1556 4715 ⁵¹
1585 4685 1607 4735 1
1638 4681 1781 4736 Tim.
1808 4698 1867 4745 ιι,
1900 4681 1953 4734 2.

433 4846 563 4901 Mihi
610 4859 807 4900 sensus
845 4858 966 4898 esse
1009 4842 1261 4895 videtur:
1314 4859 1333 4889 ‹
1370 4837 1475 4892 Vos
1522 4838 1785 4889 librorum
1828 4849 2015 4889 sacro.-

433 4934 553 4973 rum
588 4917 814 4970 scientia
858 4913 1095 4982 polletis,
1125 4926 1231 4980 qua
1264 4926 1364 4979 ego
1403 4910 1735 4982 adhuc__non
1777 4906 2009 4982 gaudeo.

434 4988 623 5057 igitur,
661 4994 721 5039 ut
754 4985 810 5038 in
844 4976 929 5037 liis
964 4984 1116 5037 libris
1143 4976 1348 5035 dictum
1379 4988 1483 5044 est,
1512 4977 1680 5031 nolite
1705 4978 1780 5031 ita
1825 4976 2013 5041 irasci,

436 5070 493 5111 ut
510 5057 762 5126 peccetis.
791 5075 809 5105 ι

508 5117 620 5196 (96)
651 5126 740 5179 Sc.
783 5145 800 5177 ι
834 5125 997 5194 hujus
1028 5123 1325 5193 Scriptura:
1352 5136 1522 5175 sacra:
1552 5118 1814 5174 mandati.
1849 5137 1867 5168 ι
1901 5117 2009 5170 Alii

436 5200 623 5265 legunt
656 5215 671 5251 :
707 5216 725 5247 ι
759 5196 1068 5250 crediderit.
1100 5213 1117 5243 ι

513 5267 623 5339 (97)
650 5267 931 5339 Habentur
969 5266 1082 5318 hare
1110 5264 1319 5339 Graeca
1337 5264 1486 5339 apud
1511 5261 1804 5339 Eusebium
1860 5258 2007 5339 Hist.

438 5331 704 5404 ρεαδιηιιι,
738 5334 826 5389 56.
852 5334 969 5388 Cfr.
1005 5351 1168 5402 supra
1213 5350 1263 5387 c.
1302 5331 1386 5387 ll).
1419 5334 1530 5388 Cir.
1580 5336 1647 5389 de
1685 5333 1787 5385 hoc
1828 5331 2007 5399 capite

446 5411 637 5471 liothe,
664 5410 810 5476 Αηι..
828 5421 897 5476 Ρ.
933 5404 1058 5459 485.

538 5478 627 5544 98)
663 5473 795 5530 Vide
824 5475 939 5544 lgu.
967 5475 1034 5526 ad
1070 5473 1275 5543 Polyc.,
1308 5489 1358 5528 c.
1391 5474 1446 5528 8.

538 5487 604 5530 υδ
667 5487 795 5530 Vide
825 5487 939 5544 Igu.
967 5487 1034 5526 ad
1070 5487 1275 5543 l'otyc.,
1308 5489 1358 5528 c.
1391 5487 1446 5528 δ.

515 5487 689 5619 (9911.
723 5562 772 5600 e.
803 5564 840 5619 _<
878 5544 1248 5619 Antiochiam.
1294 5544 1595 5619 »_lgiialius
1640 5542 2010 5619 (_c._7)_Poly-

446 5612 615 5687 carpo
658 5616 1029 5687 mandaverat,
1066 5626 1126 5669 ut
1167 5616 1282 5683 ipse
1325 5612 1559 5684 legatum
1609 5617 1675 5687 ad
1713 5612 2011 5687 Ecclesiam

448 5682 841 5741 Antiochenam
877 5685 1140 5745 mitteret,
1166 5682 1235 5738 ob
1269 5682 1456 5753 pacem
1500 5686 1829 5748 restitutam,
1859 5692 1912 5737 et
1937 5682 2010 5753 (c.

448 5761 503 5823 8)
544 5757 673 5811 huic
711 5758 886 5824 legato
903 5756 1067 5808 simul
1104 5755 1361 5821 epistolas
1384 5756 1614 5809 aliarum
1649 5753 2015 5808 Ecclesiarum

450 5828 834 5891 gratulatorias
864 5826 1115 5879 traderet.
1138 5825 1336 5877 Praster
1363 5825 1465 5879 hoc
1500 5825 1686 5895 lgnntii
1707 5825 2016 5877 mandatum

448 5896 821 5965 I'hilippcnses
846 5910 1063 5965 quoque
1087 5897 1189 5966 ipsi
1213 5896 1568 5966 l‘olycarpum
1596 5896 1845 5967 precibus
1875 5896 2022 5951 adic-

2061 4680 2106 4710 "
2132 4677 2323 4733 Matth.
2348 4692 2403 4739 v,
2429 4676 2519 4735 44.

2039 5475 2080 5530 C
2115 5476 2235 5523 ctus
2258 5477 2375 5520 erat
2398 5465 2540 5535 (vide
2557 5480 2605 5517 c.
2630 5465 2661 5518 9

2108 4245 2420 4301 dilectionis
2451 4261 2616 4315 quam
2664 4244 2979 4300 ostendistis
3026 4244 3079 4296 in
3118 4242 3245 4306 illis,
3288 4242 3383 4311 qui
3413 4241 3683 4311 praemissi

2109 4346 2259 4403 sunt,
2298 4337 2434 4393 viris
2463 4337 2688 4404 sanctis,
2731 4335 3012 4391 decorosis
3034 4336 3080 4367 ⁸³
3114 4334 3349 4388 vinculis
3394 4333 3681 4398 οοιιιιειιὶε,

2110 4440 2232 4501 quae
2262 4439 2391 4486 sunt
2433 4445 2649 4485 corona:
2675 4429 2860 4483 electa
2899 4426 3032 4489 Deo,
3068 4426 3216 4480 illius
3242 4426 3355 4480 veri
3386 4425 3563 4495 regni,
3590 4439 3684 4494 per

2111 4522 2403 4578 Dominum
2433 4530 2682 4576 nostrum
2710 4519 2897 4577 Jesum
2925 4518 3240 4587 Christum;
3268 4528 3324 4574 et
3352 4519 3481 4588 quia
3516 4517 3686 4572 ﬁrmi-

2604 4664 2674 4707 ’¹⁵³
2702 4674 2775 4729 al.
2812 4674 3049 4730 decoris.

2110 4840 2253 4896 rant,
2299 4839 2359 4884 ut
2398 4831 2642 4899 ipsorum
2688 4830 2973 4899 epistolam
3016 4845 3117 4883 suo
3145 4831 3322 4899 legato
3362 4830 3598 4884 traderet
3618 4828 3685 4884 ad

2111 4903 2482 4959 Antiochenos
2512 4900 2912 4970 perlerendam.
2935 4899 3027 4953 His
3052 4902 3191 4955 votis
3213 4917 3269 4955 se
3290 4915 3686 4969 responsurum

2111 4991 2233 5030 esse
2261 4972 2593 5041 Rolycarpus
2622 4972 2926 5041 pollicetur.

2184 5046 2263 5114 (l)
2284 5038 2644 5114 Designaritur
2668 5043 2789 5114 duae
2815 5040 3005 5109 lgnatii
3027 5040 3323 5114 Epistolte;
3349 5054 3459 5095 una
3485 5041 3553 5095 ad
3581 5038 3687 5114 Bo—

2115 5110 2426 5234 lylea-rpumé
2455 5112 2625 5165 altera
2655 5112 2724 5166 ad
2755 5112 3037 5182 Polycarpi
3055 5129 3151 5168 seu
3173 5110 3561 5180 Smyrnensem
3581 5110 3686 5165 Ec-

2115 5203 2141 5234 r.
2166 5197 2354 5234 asiam.
2431 5198 2523 5234 or.

2112 5182 2354 5241 c'lesiam.
2386 5182 2523 5236 Cor.

2185 5259 2262 5324 (2)
2288 5251 2411 5306 Haec
2440 5252 2642 5307 iterum
2680 5254 2825 5321 apud
2859 5253 3038 5309 solum
3066 5262 3307 5307 veterem
3334 5252 3687 5321 interpretem

2112 5334 2347 5381 exstant.

2187 5398 2269 5464 (5)
2308 5392 2641 5464 Polycarpus
2676 5394 2743 5447 de
2779 5401 2955 5447 morte
2994 5392 3183 5463 lgnalii
3212 5392 3323 5460 jam
3359 5392 3561 5464 certior
3602 5390 3687 5443 fa.

2665 5465 2715 5587 ξ
2746 5467 2836 5587 scil
2868 5462 3332 5528 circuitistantias,
3358 5462 3525 5527 dicta,
3556 5472 3686 5525 etc.,

2699 5544 2771 5587 at.
2828 5550 2910 5587 AC.
2959 5566 2973 5579 ο

2118 5548 2177 5594 ιιι
2204 5533 2434 5594 videtur,
2466 5533 2771 5604 ignorabat.
2795 5533 2910 5588 διο.
2959 5566 2973 5579 ο

2189 5608 2267 5679 (4)
2304 5599 2775 5679 ltadaéobsonus.
2828 5605 3044 5679 Vulg._t_
3080 5602 3457 5679 in_prazse_nti.
3495 5599 3687 5679 )‘FOF-

2120 5671 2266 5734 tassé
2312 5677 2642 5745 Polycarpus
2667 5677 2887 5744 scripsit
2920 5671 3058 5728 ε’ἀεὶ
3096 5671 3256 5744 μέχρι
3282 5671 3375 5725 τοῦ
3401 5671 3688 5742 παρόντος,

2128 5771 2143 5803 ι
2184 5764 2416 5817 semper,
2450 5760 2621 5813 usque
2651 5746 2718 5797 ad
2746 5748 2887 5817 hanc
2909 5747 3071 5817 diem.
3111 5764 3129 5794 ι

2194 5820 2270 5884 (Ξῖ)
2304 5810 2377 5871 ita
2404 5810 2767 5873 fisco—bsonas.
2810 5814 2963 5886 Vulg.
3008 5837 3025 5867 ι
3064 5816 3114 5868 in
3142 5814 3313 5885 gratia
3349 5830 3471 5869 cum
3513 5810 3689 5865 ou'ni-

2124 5894 2226 5949 bus
2268 5890 2481 5944 vestris.
2525 5904 2543 5938 ι
