4142 6418
441 399 574 462 10ιῖ

1540 399 1880 457 EPISTOLA
1913 400 2005 456 AD
2039 400 2548 457 PHILIPPENSES.

3578 404 3718 462 1018

440 535 523 578 tas
556 522 681 577 ﬁdei
713 528 910 577 vestra:
940 535 970 575 a
1002 520 1275 591 principio
1316 538 1492 591 usque
1529 537 1679 576 nunc
1706 529 2021 591 permanet,
2056 528 2100 581 Α
2132 537 2305 586 mum,
2341 521 2626 575 ambulare
2666 520 2720 573 in
2755 520 3029 577 mandatis
3063 519 3319 588 Domini;
3372 534 3426 577 et
3457 528 3582 591 post
3615 522 3719 578 hoc

438 626 493 671 et
522 615 817 670 fructiﬁcat
838 616 894 668 in
926 615 1158 670 Domino
1185 614 1315 671 Jesu
1361 616 1601 681 Christo,
1632 616 1729 685 qui
1759 615 2022 669 sustinuit

438 722 538 777 pro
573 706 815 776 peccatis
865 706 1072 761 nostris
1112 722 1287 776 usque
1334 705 1402 759 ad
1456 714 1687 760 mortem
1732 722 1750 760 :
1790 724 1809 757 ι
1856 721 2020 774 quem

440 798 790 855 resuscitavit
845 798 1012 863 Deus,
1058 799 1369 854 dissolvens
1422 799 1641 853 dolores
1692 796 1891 852 inferni
1916 798 1964 829 ⁵⁵⁵
2005 816 2018 851 :

439 907 604 961 quem
634 907 760 946 cum
807 907 917 945 non
947 892 1227 957 videritis,
1277 907 1424 946 nunc
1462 891 1719 961 diligitis;
1755 890 1809 943 in
1856 905 2021 960 quem

440 1000 589 1039 nunc
637 1000 749 1038 non
800 984 1153 1054 aspicientes,
1208 985 1466 1050 creditis;
1522 984 1807 1038 credentes
1839 990 2020 1036 autem

440 1079 748 1149 gaudebitis
778 1079 978 1146 gaudio
1009 1078 1385 1144 inenarrabili,
1424 1087 1479 1131 et
1521 1077 1827 1147 gloriﬁcato
1849 1077 2024 1142 “uin

440 1170 590 1241 quod
622 1170 777 1225 multi
794 1172 1111 1227 desiderant
1138 1170 1399 1237 introire;
1433 1170 1672 1225 scientes
1695 1169 1825 1240 quia
1855 1189 1872 1220 ι
1900 1185 2026 1237 gra-

442 1266 516 1321 tia
548 1264 680 1320 salvi
708 1264 834 1319 facti
864 1264 1019 1327 estis,
1053 1283 1072 1316 »
1111 1278 1221 1317 non
1249 1279 1315 1317 ex
1344 1262 1603 1332 operibus
1625 1263 1693 1330 ",
1730 1264 1823 1318 sed
1848 1263 1903 1317 in
1926 1277 2025 1317 vo-

440 1358 651 1411 luntate
683 1356 800 1422 Dei,
831 1372 928 1426 per
956 1349 1140 1411 Iesum
1172 1355 1477 1410 Christum.

512 1448 576 1504 ll.
617 1467 636 1502 ι
674 1449 905 1518 Propter
945 1449 1092 1519 quod
1145 1448 1408 1503 succincti
1459 1447 1675 1503 lumbos
1718 1457 1932 1503 vestros
1955 1448 2025 1514 "',

441 1541 641 1596 servite
671 1539 783 1595 Deo
806 1556 930 1595 cum
963 1541 1161 1595 timore
1176 1540 1243 1607 ⁸⁸,
1282 1559 1301 1591 ι
1336 1547 1391 1593 et
1417 1539 1470 1593 in
1501 1540 1763 1605 veritate;
1798 1540 2028 1594 dimisso

442 1635 594 1688 inani
624 1633 943 1703 vaniloquio
969 1642 1023 1687 et
1058 1633 1229 1687 multo
1244 1633 1290 1664 ⁸ο
1314 1648 1521 1687 errore.
1549 1651 1567 1683 ι
1591 1632 1810 1687 Credite
1824 1648 1956 1702 ergo
1974 1634 2029 1686 in

442 1724 596 1778 illum
645 1725 739 1794 qui
786 1724 1139 1779 resuscitavit
1189 1722 1484 1777 Dominum
1541 1733 1792 1777 nostrum
1839 1722 2026 1778 Jesum

440 1813 724 1868 Christum
773 1829 840 1868 ex
884 1814 1117 1868 mortuis
1140 1857 1155 1879 ,
1190 1822 1246 1868 et
1286 1813 1433 1867 dedit
1464 1812 1512 1866 ei
1557 1812 1784 1883 gloriam
1806 1812 1877 1875 '°,
1913 1831 1934 1865 ι
1977 1823 2032 1867 et

2124 614 2291 669 etiam
2324 614 2585 668 mulieres
2615 620 2850 679 vestras,
2891 613 2945 667 in
2976 613 3078 668 ﬁde
3100 630 3224 684 qure
3254 614 3379 669 data
3408 624 3494 669 est
3523 614 3635 680 eis,
3667 624 3722 669 ct

2124 704 2439 769 dilectione,
2473 712 2528 757 et
2548 704 2836 769 castitate;
2865 715 3115 758 amantes
3139 719 3273 759 suos
3306 704 3459 759 viros
3486 705 3542 759 in
3568 704 3721 757 omni

2123 801 2353 855 veritate
2384 810 2437 854 et
2470 800 2741 855 charitate
2760 841 2776 864 ,
2805 798 3095 869 diligentes
3121 814 3316 854 omnes
3347 799 3635 869 :equaliter
3665 798 3721 852 in

2125 894 2278 948 omni
2321 894 2684 957 continentia,
2725 903 2782 947 et
2811 894 2955 949 ﬁlios
2988 894 3207 948 erudire
3244 893 3299 947 in
3330 893 3623 963 disciplina
3667 900 3724 946 et

2128 984 2327 1039 timore
2360 985 2475 1039 Dei.
2520 983 2711 1039 Vidua:
2734 1000 2867 1038 vero
2902 984 3116 1054 pudicae
3152 985 3297 1039 circa
3329 984 3489 1039 ﬁdem
3514 984 3611 1039 Dei
3636 984 3723 1037 in-

2126 1075 2417 1145 terpellent
2448 1076 2793 1131 incessanter
2825 1090 2925 1145 pro
2953 1075 3251 1131 omnibus:
3301 1076 3624 1146 elongantes
3660 1088 3723 1129 se

2128 1169 2198 1223 ab
2226 1168 2484 1223 omnibus
2513 1168 2805 1224 diabolicis
2828 1169 2874 1200 ⁶⁸
2906 1168 3364 1233 detractionibus,
3400 1178 3454 1223 et
3481 1168 3621 1223 falso
3642 1175 3724 1222 te-

2126 1259 2411 1326 stimonio,
2444 1268 2499 1314 et
2529 1262 2598 1315 ab
2626 1262 2778 1315 omni
2807 1261 2989 1328 malo;
3036 1268 3437 1332 cognoscentes
3469 1260 3710 1331 seipsas,

2127 1350 2259 1421 quia
2312 1358 2443 1406 sunt
2495 1352 2800 1407 sacrarium
2850 1352 2981 1419 Dei;
3028 1352 3289 1422 quoniam
3345 1352 3529 1406 omnia
3579 1351 3726 1407 Deus

2128 1443 2417 1514 prospicit,
2451 1451 2507 1499 et
2540 1444 2678 1498 nihil
2709 1460 2837 1500 eum
2877 1446 3042 1511 latet;
3078 1460 3255 1512 neque
3294 1444 3577 1515 cogitatio,
3622 1459 3724 1499 ne-

2129 1551 2237 1607 que
2264 1535 2627 1600 conscientia,
2660 1552 2837 1607 neque
2862 1537 3085 1607 aliquod
3119 1536 3364 1590 abditum
3399 1535 3604 1590 cordis.

2203 1627 2269 1683 V.
2305 1628 2552 1684 Scientes
2584 1645 2717 1701 ergo
2741 1631 2872 1701 quia
2907 1648 2924 1682 ι
2964 1629 3110 1684 Deus
3137 1644 3245 1683 non
3272 1628 3558 1682 deridetur
3586 1628 3664 1693 ⁶⁹,
3699 1645 3719 1679 ι

2131 1723 2395 1778 debemus
2428 1723 2592 1793 digne
2637 1724 2691 1777 in
2734 1723 3010 1778 mandatis
3043 1722 3188 1791 ejus,
3231 1730 3286 1776 et
3314 1721 3488 1791 gloria
3532 1719 3728 1774 ambu-

2134 1814 2269 1869 lare.
2304 1814 2569 1869 Similiter
2600 1816 2819 1870 diaconi
2853 1814 3219 1885 inculpabiles
3258 1814 3369 1869 sint
3401 1814 3456 1867 in
3491 1828 3729 1883 conspe-

441 1906 625 1966 sedem
655 1906 708 1960 in
736 1904 958 1959 dextera
985 1921 1084 1960 sua
1112 1923 1125 1959 :
1151 1904 1239 1959 cui
1272 1904 1519 1973 subjecta
1550 1912 1681 1958 sunt
1710 1904 1897 1959 omnia
1919 1920 2031 1959 coe—
2065 1886 2107 1945 Β
2133 1915 2224 1961 ctu
2263 1907 2492 1976 justitiae
2530 1909 2671 1978 ejus,
2722 1909 2868 1964 sicut
2912 1907 3011 1962 Dei
3049 1917 3103 1963 et
3134 1907 3343 1962 Christi
3385 1906 3651 1973 ministri,
3673 1915 3731 1962 et

441 1996 620 2061 lestia,
654 2004 709 2050 et
755 1996 1073 2061 terrestria,
1111 2005 1164 2049 et
1206 1995 1565 2050 subterranea
1588 1996 1631 2025 ⁶¹
1675 2012 1687 2047 :
1724 1995 1813 2049 cui
1850 1996 2031 2050 omnis

441 2088 669 2158 Spiritus
716 2088 920 2155 servit;
964 2088 1059 2157 qui
1093 2096 1357 2142 venturus
1389 2094 1474 2141 est
1498 2085 1748 2156 judicare
1779 2087 1935 2141 vivos
1977 2093 2033 2141 et

443 2188 735 2234 mortuos:
773 2179 933 2248 cujus
975 2179 1300 2249 sanguinem
1360 2178 1607 2247 requiret
1645 2178 1791 2233 Deus
1835 2179 1906 2232 ab
1949 2178 2031 2233 eis

440 2272 537 2342 qui
582 2288 689 2326 non
728 2272 1083 2327 crediderunt
1130 2271 1185 2325 in
1222 2286 1389 2326 eum:
1441 2271 1536 2342 qui
1580 2279 1634 2327 et
1681 2270 2033 2326 resuscitavit

438 2378 563 2418 eum
594 2378 625 2416 a
678 2363 913 2417 mortuis
965 2380 979 2417 :
1018 2361 1113 2431 qui
1152 2370 1208 2417 et
1238 2377 1342 2418 nos
1387 2362 1821 2418 resuscitaturus
1855 2372 1939 2418 est
1974 2362 2030 2417 in

438 2458 549 2511 vita
574 2458 641 2523 σί,
679 2457 725 2513 si
758 2456 1058 2512 fecerimus
1090 2457 1425 2512 voluntatem
1451 2456 1593 2525 ejus,
1624 2466 1679 2511 et
1712 2456 2032 2512 ambulave-

441 2548 616 2603 rimus
642 2549 696 2602 in
728 2548 1007 2603 mandatis
1050 2549 1245 2618 ipsius,
1287 2558 1343 2604 et
1373 2548 1735 2605 dilexerimus
1758 2565 1885 2619 quze
1914 2550 2032 2619 ipse

439 2640 629 2695 dilexit
656 2659 668 2694 :
704 2641 1045 2696 abstinentes
1070 2656 1172 2696 nos
1201 2642 1268 2695 ab
1290 2643 1443 2715 omni
1474 2642 1767 2712 injustitia,
1795 2643 1900 2698 hoc
1922 2650 2027 2707 est,

440 2744 471 2783 ιι
517 2730 966 2800 concupiscentia
999 2772 1014 2797 ,
1066 2731 1136 2785 ab
1184 2732 1436 2796 avaritia,
1488 2747 1519 2787 a
1569 2733 1947 2800 detractione,
1998 2748 2030 2787 a

441 2820 579 2875 falso
636 2823 955 2877 testimonio
1003 2841 1016 2877 :
1079 2842 1098 2873 ι
1153 2839 1266 2878 non
1335 2824 1625 2879 reddentes
1683 2825 1888 2879 malum
1931 2840 2032 2895 pro

439 2913 608 2980 malo,
641 2923 739 2969 aut
774 2915 1033 2984 injuriam
1066 2930 1167 2984 pro
1208 2914 1410 2985 injuria
1435 2916 1502 2983 ⁸³,
1543 2935 1561 2967 ι
1606 2926 1701 2971 aut
1741 2925 2032 2973 contume-

441 3004 571 3059 liam
600 3021 700 3075 pro
736 3007 1092 3070 contumelia,
1127 3016 1224 3062 aut
1270 3007 1620 3063 maledictum
1656 3023 1752 3078 pro
1801 3009 2033 3063 maledi-

438 3104 549 3151 cto.
574 3096 907 3153 Mementote
936 3100 1083 3168 quod
1115 3097 1382 3155 Dominus
1418 3101 1623 3155 docens
1655 3101 1792 3155 dixit
1820 3119 1833 3155 :
1874 3120 1894 3153 ι
1924 3098 2034 3155 Νο-

440 3190 533 3244 lite
560 3190 836 3260 judicare,
867 3207 935 3246 ne
960 3192 1321 3261 judicemini;
1347 3192 1632 3259 dimittite,
1655 3194 2034 3249 etdimittetur

438 3282 596 3337 vobis
638 3299 651 3337 :
688 3302 708 3334 ι
756 3283 1121 3350 miseremini,
1156 3291 1210 3339 et
1242 3283 1511 3342 Dominus
1540 3287 1894 3341 miserebitur
1938 3303 2031 3342 ve-

439 3373 564 3428 stri.
603 3390 621 3423 (
658 3372 778 3439 Qua
813 3373 959 3427 enim
993 3391 1252 3431 mensura
1284 3378 1465 3431 mensi
1499 3375 1739 3445 fueritis,
1775 3380 2029 3434 remetie-

440 3474 531 3520 tur
560 3466 750 3520 eadem
787 3467 947 3522 vobis
971 3467 1037 3521 “.
1074 3487 1092 3521 ι
1132 3467 1199 3522 Ει
1229 3470 1378 3539 quod
1409 3469 1616 3524 dictum
1652 3478 1740 3526 est
1777 3489 1790 3524 :
1833 3490 1851 3522 ι
1880 3471 2034 3527 Beati

440 3573 710 3627 pauperes
747 3558 975 3628 spiritu,
1010 3567 1067 3615 et
1110 3561 1205 3630 qui
1249 3561 1690 3629 persecutionem
1741 3563 2030 3632 patiuntur

439 3660 663 3720 propter
704 3650 981 3721 justitiam
1022 3670 1037 3707 :
1073 3654 1336 3724 quoniam
1377 3656 1626 3724 ipsorum
1665 3665 1750 3711 est
1795 3671 2027 3728 regnum

438 3748 643 3800 cmloru
653 3761 703 3798 m
732 3746 798 3799 ⁵⁸.
841 3764 861 3797 ι

510 3837 599 3892 lll.
646 3836 775 3893 Haec
810 3847 1018 3907 autem,
1051 3837 1251 3895 fratres
1285 3840 1415 3907 mei,
1450 3856 1560 3897 non
1603 3858 1635 3898 a
1674 3843 1888 3913 meipso
1924 3843 2032 3898 im-

438 3947 639 4001 perans
672 3933 739 3998 6°,
792 3933 979 3988 scribo
1030 3933 1187 3987 vobis
1221 3934 1290 3988 de
1331 3933 1581 4004 justitia;
1635 3936 1732 3991 sed
1763 3936 2028 4006 quoniam

438 4038 539 4077 vos
568 4025 929 4094 provocastis.
957 4022 1191 4093 Propter
1214 4026 1362 4095 quod
1387 4041 1565 4095 neque
1591 4041 1714 4097 ego,
1750 4043 1928 4097 neque
1950 4027 2029 4083 si-

438 4115 587 4171 milis
632 4115 774 4170 alius
804 4116 934 4182 mei,
980 4116 1184 4185 poterit
1230 4118 1388 4187 sequi
1422 4119 1749 4188 sapientiam
1787 4119 1933 4174 beati
1973 4127 2029 4175 et

438 4210 664 4280 gloriosi
692 4208 885 4276 Pauli;
920 4210 1013 4279 qui
1047 4208 1153 4264 fuit
1183 4210 1327 4279 apud
1368 4228 1486 4277 vos,
1534 4220 1591 4267 et
1618 4213 1773 4267 visus
1802 4223 1887 4269 est
1932 4228 2027 4269 se-

436 4302 681 4357 cundum
731 4303 927 4357 faciem
961 4303 1091 4370 illis,
1137 4305 1231 4373 qui
1268 4315 1400 4360 tunc
1427 4314 1608 4373 erant,
1656 4306 1978 4363 hominibus
2010 4326 2024 4361 :

438 4394 535 4464 qui
560 4394 750 4448 docuit
778 4393 1086 4449 certissime
1117 4403 1284 4465 atque
1321 4396 1639 4452 ﬁrmissime
1673 4398 1902 4452 verbum
1934 4414 2028 4453 ve-

438 4488 617 4542 ritatis
647 4505 660 4541 ε
691 4487 787 4556 qui
826 4496 882 4542 et
926 4487 1127 4543 absens
1159 4489 1384 4559 scripsit
1417 4490 1575 4545 vobis
1605 4491 1905 4561 epistolas;
1954 4492 2025 4547 ad

2132 2014 2239 2053 non
2276 2000 2596 2067 hominum;
2626 2015 2736 2053 non
2771 1999 3180 2061 criminatores,
3234 2014 3415 2068 neque
3447 1999 3727 2053 detracto-

2130 2106 2241 2155 rcs,
2277 2105 2458 2160 neque
2504 2092 2689 2158 avari;
2726 2091 2821 2146 sed
2852 2092 3037 2146 omnia
3082 2091 3405 2158 tolerantes,
3440 2090 3497 2144 in
3546 2089 3730 2143 omni-

2131 2185 2236 2239 bus
2268 2183 2688 2249 misericordes,
2717 2183 3008 2253 diligentes
3036 2183 3093 2236 in
3124 2182 3403 2246 omnibus,
3438 2181 3731 2235 ambulan-

2130 2285 2214 2333 tes
2246 2277 2302 2331 in
2332 2277 2561 2331 veritate
2591 2275 2833 2340 Domini,
2866 2275 2961 2345 qui
2990 2274 3169 2329 factus
3198 2284 3283 2329 est
3324 2274 3577 2328 minister
3608 2289 3729 2327 om-

2130 2368 2283 2422 nium
2312 2386 2326 2429 ;
2358 2368 2446 2423 cui
2483 2368 2530 2424 si
2556 2368 3066 2437 complaceamus"o
3102 2366 3157 2421 in
3198 2367 3301 2420 hoc
3331 2364 3558 2429 saeculo,
3596 2380 3725 2434 per-

2132 2460 2401 2530 cipiemus
2426 2475 2492 2515 ea
2524 2476 2647 2531 quae
2686 2458 2872 2514 futura
2908 2467 3070 2527 sunt;
3104 2459 3409 2515 secundum
3445 2457 3596 2526 quod
3640 2471 3727 2511 re—

2131 2553 2390 2625 promisit
2427 2553 2761 2609 resuscitare
2797 2568 2900 2609 nos
2945 2568 2977 2606 a
3005 2553 3265 2618 mortuis,
3297 2560 3353 2608 et
3390 2552 3436 2608 si
3464 2552 3628 2622 digne
3659 2565 3728 2605 eo

2132 2646 2444 2702 conversati
2477 2645 2773 2711 fuerimus,
2806 2654 2862 2701 et
2892 2646 2937 2700 si
2965 2646 3390 2711 crediderimus,
3421 2658 3729 2713 conregna-

2132 2738 2315 2795 bimus
2348 2754 2474 2794 cum
2509 2753 2596 2793 eo.
2642 2737 2883 2793 Juvenes
2932 2738 3188 2793 similiter
3222 2738 3583 2807 inculpabiles
3619 2737 3731 2791 sint

2133 2831 2189 2886 in
2238 2831 2534 2898 omnibus;
2578 2845 2798 2885 omnem
2830 2830 3200 2901 ignorantiam
3233 2831 3278 2861 τί
3324 2829 3688 2899 praevidentes
3711 2868 3726 2893 ,

2134 2921 2478 2978 refrenantes
2501 2937 2561 2977 se
2592 2922 2662 2976 ab
2692 2921 2844 2975 omni
2886 2922 3058 2975 malo.
3092 2920 3307 2974 Bonum
3337 2927 3423 2975 est
3460 2919 3606 2973 enim
3632 2917 3731 2971 ab-

2135 3015 2311 3072 scindi
2343 3016 2411 3070 ab
2439 3016 2699 3070 omnibus
2726 3015 3192 3085 concupiscentiis
3219 3013 3429 3068 mundi.
3455 3011 3729 3080 Quoniam

2136 3109 2319 3164 omnis
2367 3108 2819 3178 concupiscentia
2875 3125 2893 3158 ι
2941 3107 3207 3163 adversus
3268 3106 3524 3176 spiritum
3585 3104 3733 3159 mili-

2136 3206 2218 3254 tat
2238 3200 2323 3265 7‘;
2368 3218 2387 3250 ι
2424 3197 2554 3268 quia
2588 3216 2607 3249 ι
2644 3213 2823 3268 neque
2843 3196 3154 3263 fornicarii,
3188 3211 3366 3265 neque
3393 3196 3613 3258 molles,
3642 3209 3733 3249 ne-

2133 3303 2244 3358 que
2279 3287 2651 3343 masculorum
2687 3287 3107 3351 concubitores,
3154 3301 3382 3356 regnum
3426 3285 3521 3340 Dei
3558 3284 3734 3354 possi-

2133 3380 2423 3447 debunt",
2456 3398 2475 3431 ι
2527 3396 2705 3449 neque
2740 3379 2928 3436 illicita
2977 3379 3263 3434 facientes.
3303 3377 3532 3447 Propter
3579 3377 3729 3446 quod

2133 3472 2400 3527 abstineri
2441 3481 2662 3542 oportet
2711 3472 2782 3526 ab
2814 3471 3075 3526 omnibus
3126 3471 3231 3525 his.
3270 3468 3515 3538 Sulijecti
3553 3476 3730 3522 estote

2092 3556 2097 3557 γ
2131 3564 2465 3634 presbyteris
2487 3572 2541 3618 et
2570 3564 2838 3628 diaconis,
2868 3562 3012 3618 sicut
3049 3561 3166 3615 Deo
3194 3570 3249 3615 et
3278 3560 3520 3614 Christo.
3549 3558 3730 3629 Virgi-

2132 3672 2253 3718 nes,
2287 3656 2359 3709 im
2372 3655 2643 3710 maculata
2671 3666 2725 3709 et
2751 3663 2901 3709 casta
2931 3653 3270 3708 conscientia
3296 3651 3596 3706 ambulate.

2205 3745 2292 3801 Vl.
2333 3746 2640 3817 Presbyteri
2704 3745 2983 3815 simplices
3008 3745 3140 3810 sint,
3174 3744 3228 3797 in
3268 3743 3531 3798 omnibus
3561 3742 3728 3798 mise-

2129 3843 2401 3909 ricordes,
2430 3857 2623 3896 omnes
2646 3841 2717 3895 ab
2746 3855 2935 3894 errore
2963 3848 3371 3903 convertentes,
3405 3853 3597 3893 omnes
3638 3838 3724 3891 in-

2131 3935 2321 3991 ﬁrmos
2371 3934 2683 4000 visitantes,
2718 3933 2917 3988 viduas
2946 3940 3003 3987 et
3057 3931 3296 4002 pupillos
3342 3938 3398 3985 et
3457 3944 3726 4000 pauperes

2130 4040 2240 4080 non
2272 4025 2643 4097 negligentes;
2675 4022 2772 4077 sed
2799 4037 3018 4092 semper
3044 4039 3062 4070 ‹
3091 4021 3441 4090 providentes
3468 4020 3609 4073 bona
3633 4035 3729 4074 co-

2128 4131 2249 4169 ram
2282 4114 2394 4170 Dco
2423 4123 2480 4170 et
2518 4113 2839 4169 hominibus
2862 4110 2932 4168 ⁷⁸.
2975 4132 2993 4166 ι
3034 4111 3321 4167 Abstinete
3347 4126 3448 4166 vos
3480 4111 3549 4165 ab
3571 4109 3725 4165 omni

2129 4207 2440 4273 iracundia,
2480 4223 2510 4261 a
2540 4206 2755 4277 judicio
2796 4205 3027 4276 injusto,
3056 4205 3217 4275 longe
3256 4204 3325 4258 ab
3358 4203 3508 4258 omni
3542 4203 3727 4257 avari~

2130 4301 2204 4355 tia
2236 4308 2414 4355 estote
2444 4318 2458 4354 :
2491 4316 2599 4354 non
2627 4299 2739 4354 cito
2768 4299 3131 4353 consentiatis
3158 4298 3426 4351 adversus
3458 4295 3722 4364 aliquem,

2128 4392 2197 4447 ne
2230 4391 2750 4463 praavaricemini‘in
2789 4390 3033 4461 judicio;
3071 4393 3310 4446 scientes
3347 4388 3477 4459 quia
3512 4387 3725 4442 debito.

2131 4501 2218 4540 res
2245 4500 2439 4540 sumus
2471 4482 2700 4553 peccati.
2738 4482 2797 4537 Si
2838 4498 2973 4553 ergo
3005 4483 3371 4552 deprecamur
3398 4479 3717 4544 Dominum,

437 4596 576 4650 quas
607 4580 995 4645 deﬁcctamini,
1030 4592 1089 4636 ut
1125 4582 1348 4650 possitis
1375 4583 1633 4638 aediﬁcari
1678 4584 1732 4637 in
1763 4584 1867 4640 ﬁde
1901 4600 2024 4653 quae
2055 4608 2099 4662 Β
2130 4586 2189 4633 ιιι
2214 4578 2373 4632 nobis
2398 4577 2666 4643 dimittat;
2698 4576 2964 4630 debemus
2990 4574 3159 4629 etiam
3205 4590 3307 4628 nos
3349 4572 3629 4626 dimittere
3651 4571 3719 4626 ⁷⁸.

436 4670 563 4723 data
606 4678 691 4725 est
729 4670 906 4736 vobis,
952 4687 1076 4741 quae
1108 4682 1193 4729 est
1237 4682 1415 4728 mater
1445 4675 1695 4729 omnium
1744 4685 2023 4744 nostrum,

436 4762 805 4832 subsequente
840 4779 957 4833 spe,
991 4766 1328 4835 przecedente
1353 4767 1667 4834 dilectione,
1710 4784 1834 4837 qua:
1860 4769 2023 4824 estin

438 4853 570 4921 Deo,
602 4864 657 4910 et
690 4856 744 4909 in
776 4857 1019 4926 Christo,
1046 4867 1100 4913 et
1126 4858 1180 4911 in
1205 4858 1480 4927 proximo.
1508 4858 1564 4913 Si
1596 4860 1742 4915 enim
1771 4861 1897 4929 quis
1927 4862 2025 4915 ho-

437 4967 560 5004 rum
595 4950 936 5006 intrinsecus
970 4950 1216 5019 repletus
1246 4948 1418 5005 fuerit
1458 4951 1735 5006 mandatis
1769 4952 2021 5020 justitiae,

434 5057 490 5099 ct
542 5043 797 5099 habuerit
841 5040 1228 5107 dilectionem,
1281 5041 1443 5112 longe
1470 5052 1557 5096 est
1590 5041 1661 5097 ab
1692 5042 1842 5096 omni
1886 5058 2018 5112 pec-

435 5148 577 5206 cato.

454 5268 461 5278 .
506 5226 598 5283 IV.
653 5227 995 5298 Principium
1057 5232 1241 5281 autem
1297 5224 1545 5281 omnium
1603 5224 1881 5279 malorum
1940 5232 2026 5280 est

435 5321 687 5375 avaritia.
739 5319 951 5375 Scitote
998 5335 1150 5391 ergo,
1205 5319 1338 5389 quia
1392 5335 1412 5368 ι
1447 5317 1584 5372 nihil
1626 5317 1917 5371 intulimus
1963 5317 2019 5371 in

436 5414 584 5468 hunc
608 5413 897 5479 mundum,
924 5427 1101 5481 neque
1125 5409 1343 5466 auferre
1358 5423 1654 5473 possumus
1672 5408 1738 5462 ⁸⁷.
1775 5426 1795 5461 ι
1827 5410 2022 5463 Arme-

435 5521 561 5559 mur
588 5506 759 5561 armis
787 5505 1047 5577 justitiae;
1079 5512 1134 5559 et
1174 5504 1473 5559 doceamus
1497 5502 1867 5571 nosmetipsos
1898 5501 2016 5572 pri-

505 5640 553 5673 “
572 5640 788 5703 Actcn,
809 5639 902 5694 24.
1005 5639 1051 5670 ⁸⁵
1075 5640 1095 5690 l
1124 5636 1269 5692 Petr.
1294 5651 1335 5704 ι,
1369 5635 1421 5690 8.

435 5714 481 5779 99
516 5713 533 5763 l
563 5709 708 5765 Petr.
736 5727 777 5774 ι,
808 5711 901 5764 21.
978 5710 1019 5741 ⁶¹
1051 5708 1269 5779 Philipp

435 5778 484 5808 "
506 5781 696 5835 Matth.
729 5797 782 5845 v,
813 5780 995 5847 3,10;
1068 5777 1212 5837 ιλιιρᾷ
1237 5777 1334 5843 CVI,
1363 5779 1454 5833 20.
1535 5777 1581 5809 “
1610 5778 1650 5847 f.

435 5849 481 5919 7°
513 5852 586 5907 αἰ.
624 5853 753 5905 huic
781 5853 827 5905 si
863 5852 1158 5919 placemus.
1237 5851 1284 5881 τ’
1310 5850 1554 5916 ἀγνοίας.

436 5918 503 5973 i7
579 5923 647 5995 is
677 5918 869 5977 Matth.
896 5939 968 5990 γι,
1006 5923 1091 5990 l2,
1130 5922 1213 5976 ιι.

1710 5777 2029 5845 impetratis.

1518 5634 1963 5714 "_l§phes._u,_8,_
1982 5635 2035 5690 9.
2075 5634 2127 5714 .‘A’
2164 5635 2185 5688 Ι
2218 5631 2552 5714 Ρειιξ..ι,“15.

1274 5748 1287 5762 .
1314 5724 1374 5771 ιι,
1406 5707 1496 5763 10.
1573 5707 1616 5738 ⁶²
1644 5706 1718 5760 al.
1754 5708 1818 5759 ad
1846 5706 1924 5758 vel
1950 5707 2009 5758 in
2037 5706 2227 5758 vitam.

2107 5775 2151 5805 ⁸⁷
2182 5776 2201 5827 Ι
2239 5773 2382 5827 Tim.
2435 5791 2511 5841 vn,
2542 5777 2595 5830 7.

1634 5850 1677 5879 ⁷³
1714 5849 1731 5899 1
1767 5847 1909 5901 l’etr.
1943 5862 2002 5911 ll,
2034 5846 2120 5899 Η.

1292 5921 1336 5953 ⁷⁸
1372 5920 1527 5978 Rom.
1566 5937 1673 5986 xxv,
1713 5918 1794 5985 10,
1832 5918 1895 5972 12
1924 5927 1977 5974 et
2010 5918 2055 5971 ll
2087 5916 2213 5972 Cor.
2254 5932 2305 5977 γ,
2338 5917 2424 5972 10.

2128 4671 2271 4725 Ante
2293 4678 2651 4739 conspectum
2678 4668 2825 4723 enim
2853 4667 3143 4722 oculorum
3167 4664 3387 4720 Domini
3418 4679 3644 4731 sumus;
3668 4672 3724 4717 ct

2130 4766 2153 4813 t
2186 4777 2380 4818 omnes
2425 4770 2643 4832 oportet
2689 4769 2874 4816 astare
2929 4768 3057 4815 ante
3102 4758 3348 4814 tribunal
3395 4757 3626 4821 Christi,
3667 4765 3719 4807 et

2127 4868 2579 4924 unumquemque
2628 4867 2727 4922 pro
2774 4867 2835 4908 se
2872 4850 3144 4905 rationem
3194 4846 3422 4905 reddere
3441 4848 3511 4902 ⁷⁸.
3562 4867 3582 4899 ι
3626 4845 3720 4901 Sic

2124 4961 2256 5016 ergo
2282 4946 2592 5001 serviamus
2615 4944 2667 4999 ei
2691 4960 2818 4997 cum
2852 4944 3072 5007 timore,
3099 4953 3155 4996 ct
3190 4941 3339 5001 omni
3370 4938 3714 5005 reverentia;

2125 5037 2427 5091 secundum
2449 5036 2597 5105 quod
2621 5035 3147 5104 evangelizaverunt
3171 5030 3330 5085 nobis
3355 5029 3590 5099 apostoli
3618 5027 3721 5082 Do-

2133 5128 2287 5193 mini,
2313 5136 2367 5183 et
2388 5127 2665 5197 prophetae
2689 5125 3158 5180 annuntiaverunt
3183 5122 3475 5176 adventum
3498 5119 3717 5175 Domini

2129 5218 2301 5271 nostri
2345 5215 2475 5272 Jesu
2500 5216 2709 5291 Christi
2753 5234 2766 5269 :
2813 5216 3055 5270 zelantes
3088 5215 3265 5279 bona;
3309 5212 3647 5267 abstinentes
3682 5226 3715 5266 a

2125 5309 2658 5379 scandalis,,etfalsis
2674 5308 2960 5375 fratribus,
2975 5319 3030 5363 et
3047 5310 3141 5378 qui
3160 5308 3215 5360 in
3235 5304 3565 5377 bypocrisim
3584 5319 3715 5373 por-

2124 5413 2245 5458 tant
2277 5420 2478 5461 nomen
2504 5403 2853 5475 Domini,qui
2882 5404 3140 5458 aberrare
3162 5401 3373 5457 faciunt
3396 5400 3590 5453 inanes
3614 5397 3717 5453 ho-

2122 5514 2320 5556 mines.

2679 5614 2726 5664 δέ
2745 5631 2891 5688 Psal.
2931 5648 2994 5696 ιι,
3029 5633 3119 5687 ll.
3242 5631 3288 5664 ⁸⁸
3316 5632 3357 5701 f.
3388 5631 3712 5688 multorum.

2305 5705 2350 5736 ⁸³
2380 5703 2401 5758 l
2430 5703 2579 5758 Petr.
2605 5718 2687 5772 ιιι,
2718 5703 2773 5759 9.
2849 5703 3105 5759 “Matth.
3136 5719 3233 5771 vn,
3268 5704 3320 5769 1;
3355 5702 3487 5757 Luc.
3508 5718 3583 5769 vt,
3618 5702 3710 5758 57.

2310 5790 2382 5827 ιιι.
2435 5791 2511 5838 vn,
2542 5777 2595 5830 7.
2791 5775 2836 5810 ⁸⁸
2866 5774 3200 5838 διαϐολικῆς.
3305 5776 3349 5806 ⁶⁹
3381 5774 3501 5828 Cal.
3540 5789 3616 5838 vt,
3658 5774 3709 5830 7.

2249 5792 2382 5827 nm.
2435 5792 2511 5841 vn,
2553 5792 2595 5830 ι.
2791 5792 2836 5810 σο
2866 5792 3200 5844 οιαοοΑικης.
3305 5792 3348 5806 π
3381 5792 3501 5828 uai.
3540 5792 3616 5839 vr,
3666 5792 3709 5830 ι.

2214 5846 2264 5876 ⁷³
2293 5845 2548 5910 lCor.v1,
2578 5849 2611 5902 9
2667 5844 2752 5900 l0.
2831 5846 2878 5878 ⁷⁸
2909 5847 2953 5899 ll
2984 5847 3111 5901 Cor.
3141 5861 3261 5914 VIII,
3287 5845 3387 5913 εκ
3424 5843 3585 5901 Rom.
3610 5861 3709 5905 xu.
