4142 6390
1588 352 1643 407 S.
1679 351 2062 412 POLYCAIIPI
2107 360 2467 417 MAIITYRIS

3567 370 3703 428 I020

462 496 469 502 .
521 454 632 554 VII.
658 478 676 510 ι
698 457 888 513 Omnis
914 459 1059 554 enim
1086 462 1178 532 qui
1208 480 1314 519 non
1342 468 1633 532 confitetur
1656 470 1842 527 Jesum
1864 474 2023 528 Chri-
2057 488 2098 540 Α
2130 488 2190 533 ut
2234 481 2553 543 abstineatis
2600 485 2668 538 ab
2699 488 2946 554 avaritia,
2972 500 3025 543 et
3052 488 3173 544 silis
3210 488 3345 545 casti
3376 501 3429 544 et
3460 506 3698 547 veraces.

446 559 590 604 stum
621 550 672 605 in
707 566 871 605 carne
896 552 1144 618 venisse,
1180 557 1267 612 hic
1295 559 1672 618 Antichristus
1698 574 1783 619 est
1808 567 1884 629 7";
1919 585 1937 618 ι
1972 576 2026 621 et

445 642 540 709 qui
588 656 699 695 non
744 644 1037 698 conﬁtetur
1088 651 1411 719 martyrium
1458 655 1660 722 crucis,
1695 673 1764 712 ex
1807 658 2026 715 diabolo

444 741 557 798 est;
596 734 782 803 et'qui
812 737 1109 795 deviaverit
1159 742 1376 811 eloquia
1423 743 1637 800 Domini
1685 749 1754 803 ad
1804 753 2025 820 propria

443 825 732 894 desideria,
759 837 813 883 et
860 830 1062 887 dixerit
1108 848 1285 903 neque
1334 838 1815 906 resurrectionem,
1850 856 2026 910 neque

439 916 708 985 judicium
738 936 897 988 esse;
938 924 1029 981 hic
1068 925 1467 996 primogenitus
1502 937 1586 983 est
1614 928 1852 985 Satanae.
1888 931 2025 986 Pro-

444 1016 563 1075 pter
591 1011 735 1078 quod
760 1012 1130 1083 relinquentes
1158 1017 1455 1071 vanitatem
1488 1019 1811 1084 multorum,
1838 1029 1890 1075 et
1922 1020 2025 1075 fal-

443 1114 535 1154 sas
579 1100 879 1170 doctrinas,
914 1106 981 1159 ad
1023 1107 1156 1161 illud
1199 1109 1345 1176 quod
1385 1109 1649 1165 traditum
1691 1121 1776 1166 est
1804 1114 1962 1168 nobis
1992 1130 2024 1168 a

444 1191 716 1260 principio
746 1195 970 1249 verbum
1003 1207 1363 1254 revertamur.
1402 1199 1584 1254 Sobrii
1615 1201 1789 1257 simus
1821 1203 1874 1256 in
1900 1218 2025 1257 ora-

444 1282 686 1338 tionibus
715 1286 783 1350 ⁷⁸,
830 1286 1038 1356 jejunia
1074 1289 1405 1357 tolerantes;
1437 1301 1489 1347 et
1530 1294 2023 1363 supplicationibus

443 1383 688 1442 petentes
719 1378 963 1433 omnium
991 1391 1393 1451 perspectorem
1426 1382 1742 1451 Dominum,
1775 1405 1793 1438 ι
1824 1402 1891 1442 ne
1922 1403 2023 1444 nos

444 1468 675 1524 inducat
711 1471 766 1524 in
804 1474 1159 1527 tentationem
1188 1476 1271 1541 7°;
1305 1495 1324 1527 ι
1369 1478 1670 1531 secundum
1702 1480 1851 1548 quod
1885 1480 2024 1536 dixit

443 1560 744 1616 Dominus:
777 1582 794 1613 ‹
829 1563 1065 1632 Spiritus
1087 1565 1305 1635 quidem
1333 1576 1619 1638 promptus
1642 1579 1746 1635 est,
1772 1585 1901 1626 caro
1925 1586 2024 1625 au-

442 1660 551 1707 tem
585 1653 799 1708 inﬁrma
829 1655 897 1708 ⁸ο.
924 1675 942 1707 ι

514 1744 648 1800 VIII.
688 1748 1062 1806 Indeﬁcienter
1106 1765 1235 1816 ergo
1275 1753 1572 1809 toleremus
1610 1764 1830 1824 propter
1871 1770 2020 1825 spem

440 1847 684 1893 nostram
725 1850 781 1895 et
828 1843 1025 1912 pignus
1059 1846 1301 1913 iustitiae,
1333 1845 1477 1915 quod
1528 1854 1614 1902 est
1660 1843 1821 1903 Jesus
1862 1844 2023 1902 Chri-
2056 1832 2099 1891 Β

439 1940 593 2000 stus;
624 1953 642 1983 ι
668 1937 760 2003 qui
795 1938 1019 1992 sustulit
1067 1949 1289 2008 peccata
1330 1950 1519 1994 nostra
1560 1941 1615 1994 in
1654 1955 1884 2009 corpore
1919 1957 2021 1997 suo

438 2041 604 2095 super
631 2028 869 2099 lignum;
894 2031 986 2099 qui
1012 2041 1297 2100 peccatum
1323 2048 1432 2085 non
1459 2031 1611 2100 fecit,
1636 2046 1737 2086 nec
1766 2033 2020 2088 inventus

437 2126 521 2173 est
568 2119 727 2174 dolus
769 2121 821 2174 in
867 2137 962 2176 ore
1002 2122 1123 2192 ejus
1154 2126 1221 2191 3‘,
1252 2144 1270 2175 ι
1302 2125 1393 2179 sed
1443 2135 1664 2193 propter
1697 2140 1799 2180 nos
1831 2125 2017 2180 omnia

435 2209 717 2275 sustinuit,
761 2220 820 2265 ut
852 2212 1098 2267 vivamus
1133 2214 1186 2268 in
1230 2214 1372 2285 ipso.
1404 2213 1713 2270 Imitatores
1741 2230 1872 2285 ergo
1900 2214 2018 2270 elli-

431 2301 647 2355 ciainur
689 2304 993 2359 tolerantia:
1033 2306 1155 2374 ejus
1183 2324 1196 2360 :
1222 2317 1298 2370 et,
1340 2308 1386 2361 si
1425 2307 1573 2376 passi
1617 2306 1884 2363 fuerimus
1916 2323 2018 2378 pro

437 2394 654 2467 nomine
675 2395 817 2464 ejus,
846 2397 1215 2467 gloriticemus
1244 2414 1393 2455 eum.
1418 2398 1535 2455 Hoc
1555 2400 1701 2454 enim
1738 2400 1898 2455 nobis
1930 2400 2017 2454 in-

431 2485 635 2539 dicium
669 2487 853 2555 posuit
876 2489 943 2542 de
974 2489 1185 2559 seipso;
1223 2500 1277 2545 et
1306 2506 1407 2546 nos
1436 2491 1540 2546 hoc
1572 2490 1929 2546 credidimus.

503 2575 593 2630 IX.
636 2577 788 2647 Rogo
814 2580 979 2649 igitur
1011 2596 1110 2635 vos
1140 2596 1333 2635 omnes
1370 2582 1627 2637 insistere
1662 2582 1827 2635 verbo
1850 2581 2014 2651 justi-

432 2668 520 2722 tia:
547 2677 601 2722 ct
630 2669 929 2738 patientiaz,
959 2688 1124 2742 quam
1155 2681 1208 2727 et
1241 2674 1453 2727 oculata
1484 2674 1588 2728 ﬁde
1618 2673 1833 2729 vidistis
1853 2716 1867 2739 ,
1905 2690 2015 2729 non

432 2760 610 2813 solum
640 2762 691 2813 in
714 2762 1048 2819 beatissimis
1072 2764 1178 2818 illis
1201 2764 1407 2835 lgnatio
1433 2773 1487 2820 et
1513 2765 1737 2822 Zosimo
1765 2775 1820 2821 et
1848 2766 2013 2833 Rufo,

431 2851 525 2904 sed
549 2860 603 2905 et
628 2852 679 2904 in
706 2853 828 2907 aliis
857 2856 950 2923 qui
978 2872 1043 2910 ex
1069 2857 1223 2911 vobis
1254 2866 1400 2921 sunt,
1421 2866 1476 2912 et
1505 2860 1559 2912 in
1584 2859 1705 2928 ipso
1738 2859 1928 2925 Paulo,
1961 2868 2016 2914 et

428 2943 642 2997 caeteris
666 2946 930 3013 apostolis
959 2967 971 3001 :
996 2949 1331 3005 conﬁdentes
1355 2952 1481 3020 quia
1512 2952 1566 3005 hi
1597 2966 1790 3008 omnes
1820 2968 1928 3007 non
1957 2953 2011 3007 in

430 3046 664 3087 vacuum
698 3048 1062 3093 cucurrerunt
1084 3041 1150 3105 θ’,
1177 3040 1269 3094 sed
1297 3043 1349 3095 in
1384 3042 1487 3096 ﬁde
1518 3052 1572 3096 et
1592 3044 1805 3113 justitia
1826 3063 1839 3111 ;
1864 3055 1918 3099 et
1944 3046 2013 3100 ad

429 3125 676 3181 debitum
730 3128 834 3182 sibi
881 3130 1059 3183 locum
1091 3146 1121 3186 a

430 3230 579 3282 sunt,
617 3219 899 3289 abierunt;
933 3223 1058 3291 quia
1091 3238 1201 3277 non
1234 3224 1340 3279 hoc
1372 3226 1634 3279 sarculum
1679 3226 2007 3294 dilexerunt,

428 3309 522 3364 sed
553 3326 676 3364 eum
709 3312 801 3381 qui
845 3328 942 3382 pro
980 3314 1113 3382 ipsis
1140 3324 1195 3370 et
1219 3329 1319 3385 pro
1360 3315 1519 3371 nobis
1548 3325 1798 3371 mortuus
1824 3326 1927 3385 est,
1958 3327 2012 3373 et

426 3414 457 3453 a
492 3401 601 3455 Deo
629 3404 1008 3458 resuscitatus.

499 3490 567 3546 Χ.
600 3492 656 3546 In
692 3494 776 3549 his
805 3510 937 3565 ergo
970 3504 1129 3562 state,
1160 3504 1215 3551 et
1242 3495 1458 3550 Domini
1503 3497 1785 3566 exemplar
1817 3500 2009 3568 sequioe

427 3584 594 3651 mini;
648 3586 789 3641 firmi
843 3587 899 3641 in
959 3589 1063 3643 ﬁde
1102 3598 1156 3643 et
1210 3590 1599 3658 immutabiles,
1647 3590 2010 3648 fraternitatis

426 3687 722 3745 amatores,
770 3680 1059 3750 diligentes
1109 3680 1366 3749 invicem,
1417 3684 1471 3737 in
1524 3683 1749 3738 veritate
1788 3684 2005 3751 sociati,

428 3771 905 3825 mansuetudinem
931 3771 1147 3827 Domini
1172 3775 1422 3829 alterutri
1456 3783 1777 3845 praestantes
1798 3775 1865 3839 ⁸⁸,
1892 3777 2010 3829 nul-

426 3861 539 3914 lum
578 3862 957 3932 despicientes.
996 3863 1134 3918 Cum
1185 3867 1413 3935 potestis
1464 3865 1809 3931 benefacere,
1840 3867 2007 3922 nolite

423 3952 682 4009 differre:
720 3956 849 4025 quia
897 3976 915 4006 ‹
941 3956 1288 4027 eleemosyna
1332 3959 1400 4013 de
1442 3967 1616 4013 morte
1665 3959 1861 4013 liberat
1880 3958 1946 4010 ⁸⁸.
1980 3977 1999 4009 ι

420 4039 629 4099 Omnes
670 4046 827 4100 vobis
872 4046 1104 4102 invicem
1144 4048 1377 4117 subjecti
1415 4058 1623 4113 estote;
1657 4073 1675 4102 ι
1708 4064 2007 4104 conversa-

423 4136 627 4190 tionem
682 4147 918 4192 vestram
966 4139 1503 4208 irreprehensibilem
1548 4142 1809 4198 habentes
1855 4142 1901 4174 ⁸⁸
1950 4142 2004 4195 in

422 4225 676 4294 gentibus
699 4228 778 4293 ⁸⁷;
804 4248 824 4279 ι
865 4237 924 4282 ιιι
963 4244 1029 4284 ex
1074 4232 1232 4286 bonis
1280 4232 1536 4302 operibus
1574 4234 1770 4288 vestris
1816 4241 1871 4287 et
1909 4248 2007 4288 vos

421 4318 637 4372 laudem
662 4320 963 4389 accipiatis,
988 4331 1040 4377 et
1068 4322 1333 4379 Dominus
1358 4325 1412 4377 in
1436 4326 1591 4380 vobis
1621 4342 1729 4380 non
1752 4325 2007 4395 blasphe-

422 4421 622 4465 metur.
660 4431 680 4464 ι
713 4412 802 4473 Va:
849 4426 1029 4470 autem
1060 4417 1158 4479 illi,
1193 4433 1287 4486 per
1325 4434 1487 4487 quem
1538 4436 1736 4474 nomen
1786 4419 2005 4475 Domini

420 4504 833 4574 blasphematur
858 4508 923 4560 ⁸⁸.
951 4528 969 4560 ι
1006 4510 1369 4565 Sobrietatem
1408 4526 1542 4581 ergo
1572 4511 1760 4567 docete
1786 4525 1998 4578 omnes,

2118 4532 2282 4586 rimus
2335 4504 2553 4599 tempus
2593 4540 2854 4600 opportu-

419 4596 474 4649 in
505 4611 611 4663 qua
636 4606 690 4650 et
718 4612 817 4653 vos
849 4600 1273 4655 conversamini.

490 4686 582 4741 XI.
618 4686 793 4745 Nimis
823 4693 1178 4748 contristatus
1209 4708 1331 4747 sum
1353 4706 1453 4762 pro
1478 4690 1724 4760 Valente,
1755 4694 1849 4763 qui
1877 4709 2001 4764 pre-

416 4779 604 4850 sbyter
653 4780 831 4837 factus
879 4792 964 4838 est
1008 4784 1305 4855 aliquando
1357 4785 1499 4855 apud
1551 4800 1681 4850 vos;
1728 4788 1874 4855 quod
1920 4787 2000 4842 sic

418 4874 633 4943 ignoret
656 4876 702 4929 is
732 4876 912 4931 locum
962 4879 1055 4948 qui
1080 4879 1241 4933 datus
1268 4889 1353 4935 est
1372 4880 1442 4935 ei.
1473 4878 1667 4935 Moneo
1696 4880 1879 4949 itaque
1900 4898 1999 4938 vos

485 4990 531 5021 ""
560 4991 580 5042 I
610 4988 772 5045 Joan.
806 5008 879 5056 ιν,
916 4994 971 5047 '5.
1046 4993 1138 5044 ’⁷⁸1
1178 4992 1320 5048 Petr.
1350 5011 1421 5059 Iv,
1452 4994 1503 5049 7.
1581 4996 1626 5027 7°
1653 4994 1845 5050 Matth.
1884 5012 1958 5061 vn,
1992 4998 2014 5051 1

485 5076 530 5099 ιη
586 5076 621 5099 ιι
687 5061 751 5099 Ιιῖ
851 5065 895 5095 83
928 5065 981 5099 nl
1029 5079 1153 5099 num
1287 5066 1333 5095 ηδ
1359 5065 1410 5099 nl
1456 5075 1844 5099 ηναιεοηιηηρορ
1959 5068 2004 5099 85

2159 5000 2203 5031 ⁸ο
2231 4997 2422 5053 Matth.
2450 5014 2600 5061 xxvu,
2630 4999 2721 5053 41.

2124 5070 2155 5099 Ιι
2209 5085 2283 5099 ν..
2342 5069 2375 5099 0
2501 5070 2546 5099 86
2572 5069 2622 5099 ηΙ
2678 5085 2721 5099 Ill

586 5076 646 5122 ιι,
687 5068 815 5186 ιϋέ.
850 5068 895 5185 ῖδ
919 5068 999 5185 Ial.
1029 5079 1184 5186 (δυωὰ
1212 5132 1254 5187 Τ
1287 5068 1441 5188 ’ίὶιαιὲ
1455 5075 1867 5188 ρτῇςῖιῗῖιιιθε.

415 5203 461 5233 ⁹¹
490 5146 769 5263 factum,
930 5144 1233 5263 οξίῖῗιξῖιῗυι).
1358 5177 1429 5237 λδ
1449 5177 1526 5258 al.
1555 5152 2014 5263 γθδινθῇῗῗλῖῬεε

2124 5070 2174 5121 h.
2209 5085 2307 5132 xu,
2342 5069 2395 5125 9.
2501 5070 2546 5100 ⁸⁸
2570 5069 2642 5122 αι.
2677 5070 2960 5123 considera

2118 5140 2154 5171 ὀ
2180 5138 2221 5191 Ε
2264 5141 2379 5193 hes.
2414 5154 2467 5200 ν,
2520 5139 2591 5203 5;
2642 5139 2760 5193 Col.
2790 5155 2871 5205 III,
2908 5140 2960 5194 5.

2118 5226 2186 5263 iv.
2337 5208 2383 5242 °‘
2412 5208 2611 5263 Euhes.
2643 5225 2719 5263 IV.
2745 5210 2836 5263 26.
2910 5212 2955 5243 ³⁷

1358 5220 1429 5237 τ’
1454 5220 1526 5258 at.
1555 5220 1811 5261 vestram.
1854 5220 1899 5238 "'
1936 5220 2079 5265 l'SaI.
2113 5226 2186 5276 IV,
2210 5220 2264 5264 5.

418 5061 549 5134 Iipp.
586 5076 646 5122 ιι,
687 5061 771 5117 l6.
851 5065 895 5134 ἐπ’
926 5065 999 5118 αι.
1029 5079 1176 5117 eum.
1217 5132 1230 5134 _
1287 5066 1333 5095 ⁸⁸
1357 5065 1430 5119 al.
1455 5075 1867 5134 praesentantes.

414 5203 461 5233 θ’
490 5201 665 5273 lCor.
695 5218 769 5265 vr,
790 5203 855 5273 7‘2.
930 5201 976 5236 ’3
1000 5203 1233 5273 Philipp.
1268 5222 1303 5259 ι.

418 5288 432 5325 ι
462 5311 476 5336 ,
512 5272 563 5325 1.
641 5275 685 5305 ⁸³
710 5273 730 5324 l
755 5272 898 5329 Tim.
933 5291 993 5341 II,
1027 5274 1082 5328 2.
1148 5272 1393 5330 "Matth.
1415 5293 1468 5340 v,
1499 5277 1589 5330 44.
1665 5279 1686 5309 ¹
1707 5276 1748 5346 f.
1776 5277 1957 5332 nobis.

490 5383 567 5452 (6)
612 5384 677 5438 In
722 5386 962 5440 omnibus
1003 5386 1282 5449 Ecclesiis,
1325 5403 1444 5456 qua:
1484 5386 1656 5441 Deum
1689 5386 1818 5441 sola:
1867 5394 1991 5441 tunc

417 5466 798 5522 cognoverant;
832 5473 926 5510 nos
956 5467 1129 5510 autem
1152 5458 1384 5510 nondum
1415 5474 1743 5511 noveramus.
1770 5456 1872 5512 Per
1897 5474 1990 5512 nos

419 5525 777 5598 l_’_o|_ycarpum
821 5528 1098 5598 intelligit
1127 5526 1401 5581 Usserius.
1455 5528 1566 5597 Ego
1607 5527 1989 5598 Smyrnenses.

423 5596 552 5665 Yide
580 5612 699 5665 cap.
727 5598 779 5651 5.
807 5596 944 5651 Cor.
964 5597 1163 5651 —Nos
1193 5607 1367 5651 autem
1398 5596 1629 5651 nondum
1661 5596 1990 5651 noveramus.

421 5663 757 5721 Vixisseliis
804 5668 986 5721 verbis
1022 5685 1080 5722 se
1121 5669 1331 5731 innuit,
1362 5684 1485 5721 cum
1521 5684 1651 5722 suas
1686 5668 1888 5722 Paulus
1925 5669 1993 5723 ad

422 5734 697 5789 Ecclesias
736 5738 953 5805 scripsit
997 5740 1287 5807 epistolas,
1327 5739 1450 5792 licet
1491 5739 1731 5791 nondum
1770 5737 1993 5793 Christo

2135 591 2153 623 ι
2183 573 2464 630 Abstinete
2486 592 2582 631 vos
2607 579 2676 632 ab
2707 581 2855 634 omni
2885 581 3029 634 malo
3050 582 3114 634 θ’.
3140 600 3158 632 ι
3191 580 3293 646 Qui
3320 591 3500 636 autem
3534 584 3585 636 in
3618 584 3703 637 his

2126 681 2235 718 non
2272 677 2452 735 potest
2477 685 2535 723 se
2564 670 2887 739 gubernare,
2917 688 3029 742 quo
3062 673 3225 730 modo
3255 675 3345 729 alii
3388 677 3704 744 pronuntiat

2127 758 2265 813 hoc?
2294 758 2349 813 Si
2378 760 2503 829 quis
2528 777 2634 815 non
2665 763 2992 820 abstinuerit
3025 782 3083 820 se
3106 767 3176 821 ab
3203 767 3451 832 avaritia,
3477 769 3547 822 ab
3586 768 3702 822 ido-

2124 848 2339 905 lolatria
2380 852 2825 922 coinquinabitur
2848 857 2915 921 9°,
2944 866 2997 911 et
3027 865 3289 926 tanquam
3340 858 3481 911 inter
3518 869 3702 927 gentes

2120 940 2475 1010 judicabitur.
2526 944 2630 1010 Qui
2674 957 2855 1001 autem
2909 947 3165 1016 ignorant
3193 950 3237 980 ⁹¹
3275 948 3546 1018 judicium
3594 948 3700 1002 Do-

2126 1031 2301 1085 mini?
2334 1053 2351 1082 ι
2379 1035 2460 1088 An
2494 1038 2791 1104 nescimus,
2824 1040 2952 1107 quia
2983 1041 3157 1095 sancti
3189 1042 3453 1096 mundum
3482 1042 3697 1110 judica-

2126 1120 2392 1176 bunt"?i
2433 1125 2576 1180 sicut
2602 1126 2807 1184 Paulus
2837 1130 3017 1185 docet.
3064 1130 3177 1200 Ego
3208 1141 3387 1186 autem
3419 1133 3553 1186 nihil
3594 1134 3701 1187 tale

2124 1216 2273 1270 sensi
2302 1216 2354 1270 in
2379 1218 2551 1285 vobis,
2578 1221 2659 1275 vel
2682 1221 2891 1286 audivi,
2919 1223 2973 1276 in
2998 1224 3197 1293 quibus
3221 1225 3486 1279 laboravit
3510 1225 3699 1280 beatus

2125 1304 2362 1375 Paulus,
2395 1313 2488 1380 qui
2517 1313 2650 1367 estis
2704 1314 2757 1368 in
2798 1315 3067 1384 principio
3104 1316 3347 1386 epistolae
3375 1316 3495 1385 ejus
3519 1317 3587 1371 ⁸³.
3623 1315 3699 1371 De

2124 1399 2280 1455 vobis
2321 1403 2523 1456 etenim
2558 1404 2826 1473 gloriatur
2868 1406 2923 1459 in
2966 1407 3224 1462 omnibus
3264 1406 3546 1472 Ecclesiis,
3577 1423 3699 1477 quae

2126 1487 2299 1543 Deum
2329 1492 2460 1546 solae
2500 1500 2628 1547 tunc
2669 1505 3069 1563 cognoverant;
3100 1511 3203 1551 nos
3231 1504 3412 1550 autem
3455 1497 3695 1553 nondum

2125 1596 2455 1638 noveramus
2492 1583 2590 1652 (6).
2642 1584 2812 1639 Valde
2842 1600 2993 1659 ergo,
3020 1586 3237 1653 fratres,
3269 1590 3569 1645 contristor
3601 1607 3699 1661 pro

2125 1673 2219 1726 illo
2245 1682 2301 1728 et
2328 1690 2427 1743 pro
2454 1676 2687 1750 conjuge
2714 1682 2856 1751 ejus,
2888 1683 3088 1752 quibus
3113 1684 3204 1738 det
3227 1682 3492 1739 Dominus
3526 1686 3700 1753 punii-

2126 1768 2349 1824 tentiam
2378 1787 2559 1826 veram
2595 1773 2661 1829 ⁸⁸.
2698 1774 2879 1830 Sobrii
2907 1791 3038 1846 ergo
3066 1785 3240 1831 estote
3268 1789 3321 1831 et
3350 1793 3449 1832 vos
3478 1778 3532 1831 in
3565 1778 3694 1843 hoc;

2124 1869 2180 1914 et
2209 1878 2316 1916 non
2364 1864 2509 1918 sicut
2551 1864 2806 1921 inimicos
2849 1867 2984 1921 tales
3030 1868 3386 1933 existimetis,
3421 1870 3515 1925 sed
3557 1869 3699 1924 sicut

2122 1954 2399 2021 passibilia
2432 1957 2678 2010 membra
2701 1966 2756 2011 et
2787 1960 3029 2013 errantia
3056 1975 3153 2015 eos
3179 1970 3451 2026 revocate,
3485 1971 3546 2016 ut
3574 1944 3696 2015 om-

2122 2045 2273 2099 nium
2316 2057 2558 2102 vestrum
2599 2065 2797 2120 corpus
2840 2052 3083 2108 salvetis.
3116 2053 3231 2109 Iloc
3266 2054 3415 2108 enim
3450 2062 3694 2125 agentes,

2120 2152 2221 2192 vos
2254 2138 2407 2209 ipsos
2431 2140 2729 2197 aediﬁcatis.

2192 2249 2305 2304 XII.
2338 2254 2568 2308 Conﬁdo
2616 2253 2763 2309 enim
2795 2269 2894 2311 vos
2934 2257 3071 2312 bene
3109 2256 3441 2313 exercitatos
3482 2274 3604 2316 esse
3640 2258 3697 2314 in

2120 2340 2292 2395 sacris
2332 2341 2548 2409 litteris,
2584 2352 2639 2398 et
2672 2344 2805 2398 nihil
2847 2361 2945 2401 vos
2990 2347 3153 2411 latet;
3187 2349 3318 2402 mihi
3364 2358 3545 2404 autem
3586 2364 3695 2403 non

2118 2439 2203 2485 est
2232 2445 2550 2486 concessum
2574 2433 2755 2487 modo.
2791 2431 2861 2488 Ut
2892 2434 2975 2489 his
3000 2432 3297 2503 Scripturis
3327 2436 3534 2489 dictum
3565 2444 3649 2489 est
3678 2453 3691 2487 :

2125 2542 2144 2573 ι
2174 2521 2502 2589 Irascimini,
2538 2531 2590 2577 et
2639 2525 2808 2579 nolite
2854 2540 3081 2594 peccare
3110 2527 3178 2579 ³⁸.
3206 2545 3224 2578 ι
3264 2526 3366 2581 Ει;
3396 2546 3415 2579 ι
3448 2525 3540 2581 Sol
3586 2542 3692 2580 non

2119 2616 2335 2669 occidat
2382 2631 2547 2684 super
2608 2616 2948 2672 iracundiam
3005 2627 3245 2673 vestram
3296 2620 3362 2673 ".
3412 2638 3431 2670 ι
3494 2618 3694 2674 Beatus

2117 2705 2212 2774 qui
2258 2707 2567 2760 meminerit
2592 2708 2661 2773 ³⁷,
2700 2710 2847 2777 quod
2895 2725 2996 2779 ego
3034 2710 3200 2765 credo
3251 2726 3374 2767 esse
3414 2710 3469 2764 in
3514 2712 3689 2766 vobis.

2118 2795 2263 2851 Deus
2294 2806 2476 2851 autem
2499 2809 2551 2853 et
2582 2798 2742 2853 Pater
2771 2799 2985 2855 Domini
3016 2802 3190 2856 nostri
3219 2801 3348 2858 Jesu
3372 2802 3600 2869 Christi,
3636 2812 3692 2859 et

2118 2888 2234 2958 ipse
2263 2893 2631 2959 sempiternus
2660 2889 2931 2959 Pontifex,
2960 2892 3054 2947 Dei
3091 2892 3284 2957 Filius,
3317 2893 3571 2949 Christus
3603 2892 3686 2948 Jeo

2116 2996 2229 3047 sus,
2264 2982 2492 3038 aediﬁcet
2512 3001 2609 3040 vos
2632 2986 2685 3039 in
2708 2985 2813 3040 ﬁde
2836 2995 2891 3040 et
2911 2985 3160 3053 veritate,
3186 2994 3241 3040 et
3273 2988 3325 3040 in
3356 2987 3506 3040 omni
3539 3002 3693 3040 man-

2117 3073 2430 3139 suetudine,
2460 3084 2514 3129 et
2539 3077 2657 3131 sine
2688 3076 2994 3145 iracundia,
3019 3086 3073 3132 et
3102 3078 3156 3132 in
3182 3078 3443 3149 patientia
3479 3087 3534 3133 et
3566 3078 3688 3131 lou-

1147 3132 1193 3163 ⁸³
1222 3132 1476 3197 Domino,
1508 3134 1596 3188 cui
1630 3143 1686 3188 et
1733 3136 2008 3205 compassi

2118 3168 2431 3237 ganimitate
2468 3178 2522 3223 et
2568 3171 2859 3225 tolerantia
2889 3179 2943 3225 et
2980 3174 3262 3239 castitate;
3295 3181 3349 3227 et
3394 3172 3487 3227 det
3530 3172 3690 3226 vobis

2115 3269 2318 3314 sortem
2350 3268 2403 3314 et
2425 3270 2631 3329 partem
2662 3263 2803 3317 inter
2826 3273 3046 3318 sanctos
3072 3279 3222 3326 suos,
3250 3275 3305 3319 et
3325 3264 3484 3318 nobis
3508 3264 3690 3319 vobis-

2112 3365 2261 3416 cum,
2293 3363 2348 3405 et
2380 3353 2635 3408 omnibus
2666 3354 2760 3423 qui
2799 3364 2928 3409 sunt
2968 3356 3071 3411 sub
3099 3356 3257 3420 coelo,
3295 3356 3388 3425 qui
3428 3354 3690 3409 credituri

2112 3450 2245 3496 sunt
2276 3442 2329 3495 in
2375 3442 2666 3498 Dominum
2706 3453 2959 3500 nostrum
3002 3446 3188 3501 Jesum
3234 3446 3512 3502 Christum
3550 3447 3687 3500 etin

2114 3534 2287 3602 ipsius
2310 3532 2551 3600 Patrem,
2575 3556 2593 3586 ‹
2620 3536 2713 3605 qui
2738 3538 3084 3592 resuscitavit
3113 3554 3237 3593 eum
3270 3554 3301 3593 a
3336 3538 3682 3593 mortuis”.t

2112 3624 2219 3680 Pro
2265 3627 2520 3681 omnibus
2551 3627 2754 3682 sanctis
2797 3637 2972 3683 orate.
3006 3628 3170 3697 Orate
3202 3630 3366 3683 etiam
3408 3644 3507 3698 pro
3547 3629 3690 3698 regi—

2113 3718 2217 3773 bus
2264 3727 2319 3772 et
2366 3718 2727 3787 potestatibus
2765 3726 2821 3773 et
2868 3719 3207 3788 principibus
3250 3721 3334 3785 9°,
3378 3729 3541 3787 atque
3585 3733 3687 3799 pro

2109 3811 2563 3881 persequentibus
2598 3818 2654 3865 et
2691 3810 3002 3866 odientibus
3038 3827 3134 3866 vos
3168 3813 3209 3877 ί,
3233 3820 3287 3866 et
3313 3827 3411 3882 pro
3450 3811 3687 3866 inimicis

2108 3904 2320 3968 crucis;
2348 3914 2406 3957 ut
2431 3901 2643 3959 fructus
2672 3912 2851 3959 vester
2875 3903 3202 3959 manifestus
3231 3904 3303 3959 sit
3325 3904 3378 3958 in
3403 3903 3682 3969 omnibus,

2109 4005 2169 4052 ut
2192 3998 2312 4052 sitis
2347 3997 2402 4051 in
2436 3998 2529 4053 illo
2562 3997 2809 4068 perfecti.

3000 4181 3156 4251 Apud
3194 4179 3501 4245 Eusebium,
3542 4178 3678 4235 Hist.

2930 4254 3062 4307 eccl.
3085 4268 3166 4323 ut,
3188 4251 3684 4323 56.-Ἐτράψατέ

2936 4322 3151 4392 μοικαὶ
3197 4323 3351 4392 ὑμεῖς
3384 4321 3487 4373 καῖ
3512 4322 3684 4392 Ἰγνά-

2930 4391 3063 4455 mg,
3097 4393 3183 4446 ἵνα
3215 4391 3308 4445 ἑὰν
3339 4408 3422 4454 τις
3449 4391 3683 4462 ἀπέρχη-

2932 4481 3020 4516 ται
3063 4465 3143 4525 εἰς
3197 4462 3416 4525 Συρίαν,
3467 4462 3561 4514 καὶ
3614 4462 3683 4514 τὰ

2933 4535 3061 4604 παρ’
3080 4531 3232 4603 ὑμῶν
3251 4531 3611 4604 (Nicephorus
3641 4532 3678 4604 l.

2927 4601 3047 4672 cap.
3086 4601 3173 4668 19,
3414 4601 3682 4669 ἀποκομί-

2929 4690 2994 4724 an
3025 4674 3345 4724 γράμματα*
3394 4689 3497 4724 περ
3525 4672 3681 4724 ποιή-

2929 4690 2996 4747 σῃ
3025 4672 3497 4747 γράμματςιῖεὶπερ
3525 4672 3681 4747 ποιή-

2930 4734 3005 4796 σῶ
3037 4734 3260 4812 (8),’ἕὰν
3300 4734 3678 4812 λά6ῳ’καιρᾷν

2927 4809 3164 4879 εὖοέτὸν,
3190 4812 3300 4865 εἴτε
3322 4811 3453 4880 ἐγὼ,
3482 4809 3596 4864 εῖτέ
3619 4809 3680 4880 ὃν

2928 4884 3128 4955 πέμψω
3152 4879 3555 4955 πρεσϐεύσοντα
3584 4879 3679 4933 καὶ

2176 4177 2316 4233 XIII.
2374 4177 2684 4248 Scripsistis
2720 4181 2854 4235 mihi

2107 4260 2161 4304 et
2200 4266 2298 4304 vos
2333 4259 2388 4303 et
2424 4249 2685 4318 Ignatius,
2721 4260 2782 4305 ut
2811 4251 2858 4305 si

2107 4321 2231 4387 quis
2257 4320 2399 4373 vadit
2420 4320 2487 4374 ad
2510 4319 2746 4390 Syriam,
2765 4322 2857 4373 de-

2109 4391 2247 4445 ferat
2281 4391 2491 4461 litteras
2527 4406 2696 4455 meas,
2722 4407 2859 4461 quas

2110 4463 2287 4515 fecero
2328 4460 2396 4514 ad
2436 4475 2553 4524 vos,
2583 4462 2626 4515 si
2659 4460 2859 4515 habue-

2111 4617 2261 4664 IIUIII,
2291 4602 2403 4656 sive
2428 4618 2547 4671 ego,
2584 4617 2677 4655 seu
2714 4604 2854 4670 lega-

2105 4683 2194 4726 tus
2224 4687 2387 4740 quem
2416 4674 2614 4725 misero
2643 4688 2740 4740 pro
2769 4688 2856 4726 vo—

2104 4743 2209 4822 bis.
2246 4741 2343 4822 t7)
2392 4740 2664 4810 Epistolas
2724 4757 2855 4822 sane

2102 4812 2319 4881 lgnatii,
2351 4828 2473 4879 qua:
2519 4813 2854 4867 transmissae

2103 4892 2232 4939 sunt
2280 4882 2436 4937 vobis
2479 4885 2499 4915 ⁸
2540 4883 2610 4935 ab
2655 4898 2753 4949 eo,
2802 4891 2854 4937 et

2799 5000 2893 5081 3"}
2926 4997 3070 5053 Petr.
3099 5015 3160 5066 Il,
3468 5002 3513 5033 ⁸²
3552 4998 3676 5081 Phi-

2501 5070 2546 5100 ⁸⁸
2570 5069 2642 5122 αι.
2677 5070 3109 5125 considerantes.
3202 5072 3248 5103 ⁸⁷
3277 5073 3295 5124 l
3326 5070 3469 5127 Petr.
3495 5085 3556 5133 ιι,
3584 5069 3672 5123 12.

2520 5139 2591 5203 5;
2642 5139 2760 5193 Col.
2790 5155 2871 5205 III,
2908 5140 2960 5194 5.
3051 5142 3094 5173 ’ί
3126 5141 3202 5197 αι.
3251 5141 3387 5209 Quis
3434 5142 3672 5209 ignorat.

2337 5158 2379 5193 Β.
2414 5158 2467 5200 ν,
2520 5158 2591 5203 ε);
2642 5158 2760 5193 μοι.
2790 5158 2871 5205 Ill,
2908 5158 2960 5194 ἰ).
3052 5158 3094 5173 ’⁵
3126 5158 3202 5197 αι.
3251 5158 3387 5209 υυιε
3434 5158 3672 5212 Ignorat.

2337 5208 2383 5242 ³⁸
2412 5208 2611 5280 Ephes.
2643 5225 2719 5277 ιν,
2745 5210 2836 5265 26.
2910 5212 2955 5243 ³⁷
2978 5209 3053 5265 al.
3079 5211 3394 5268 crediderit.
3448 5211 3516 5259 .93
3545 5208 3669 5266 Gal.

2098 5402 2273 5460 usque
2304 5386 2507 5460 Christi
2530 5387 2791 5460 l69,rquo
2815 5390 3135 5460 martyrium
3164 5389 3349 5454 subiit,
3372 5391 3548 5460 rvitam
3582 5393 3673 5449 ille

2095 5459 2442 5527 produxerit;
2479 5458 3111 5529 admodumglongaevum
3159 5460 3311 5514 illum
3360 5459 3529 5517 fuisse
3569 5480 3669 5517 ne-

2098 5544 2253 5583 cesse
2285 5537 2389 5593 est,
2433 5530 2500 5583 de
2539 5545 2649 5601 quo
2689 5530 2743 5582 in
2790 5527 3116 5598 Praeloquio,
3153 5529 3558 5601 Smyrnaaorum
3603 5535 3673 5590 de

2099 5613 2325 5669 excessu
2360 5601 2532 5669 ipsius
2556 5600 2808 5667 Epistulae
2842 5602 3081 5669 praeﬁxo,
3109 5600 3367 5667 diximus.
3395 5600 3595 5658 Usssn.

2164 5668 2243 5739 (7)
2275 5668 2522 5732 Pliotius,
2564 5670 2847 5739 Biblioth.,
2882 5669 3003 5723 cod.
3050 5670 3171 5726 126.

2172 5740 2249 5812 (8)
2298 5740 2393 5812 Τὰῄ
2413 5743 2547 5807 παρ’
2575 5738 2740 5807 ὑμῶν
2779 5742 3120 5812 ᾀπθκομίσῃ
3158 5740 3496 5812 mmmam,
3524 5742 3670 5812 ὅπερ

430 5818 630 5861 nomen
675 5807 931 5863 dedisset.
985 5810 1030 5863 Λ
1076 5825 1184 5880 quo
1230 5821 1489 5880 tempore,
1521 5825 1648 5867 cum
1693 5810 1761 5866 ad
1797 5823 2000 5867 annum
2083 5810 2334 5881 ποιήσω.
2370 5810 2476 5868 Pro
2508 5812 2681 5882 ὑμῶν,
2709 5813 2763 5867 in
2792 5807 3532 5884 Nicepltoro‘et'quibusdam
3559 5807 3668 5869 Eti-
