4142 6436
417 390 554 474 i023

1556 420 1635 476 'S.
1681 419 2069 477 POLYCARPI
2117 420 2480 476 MARTYRIS

3536 388 3674 480 rost

414 536 507 603 qui
534 536 716 589 omnia
742 551 771 590 a
808 534 865 589 Β.
898 538 1109 591 Joanne
1139 546 1282 599 acta.
1316 545 1576 609 tanquam
1601 539 1723 609 ejus
1748 538 1991 610 discipu-
2019 545 2067 601 Α
2092 540 2334 611 gravius,
2385 539 2734 604 accedamus,
2784 539 2929 609 quod
2971 539 3026 594 in
3075 539 3382 609 fragmento
3433 543 3677 596 secnndo

415 628 521 693 lus,
551 628 634 682 vel
663 628 876 682 videbat
917 630 1056 698 ipse,
1089 631 1171 684 vel
1202 646 1267 685 ex
1291 647 1357 685 eo
1380 631 1655 697 audiebat,
1694 633 1781 687 vel
1811 649 1875 687 ex
1899 648 1993 687 co-

414 720 638 775 mitibus
687 721 1023 784 addiscebat,
1072 722 1403 792 scripsisset,
1437 723 1652 794 legitur,
1697 727 1852 794 quasi
1892 724 1994 779 sci-

413 809 561 875 licet,
592 810 641 863 id
675 826 782 865 non
820 813 1040 867 aliunde
1067 830 1229 883 quam
1263 830 1329 868 ex
1355 814 1509 869 libris
1542 815 1735 881 sciret;
1772 815 1865 871 sed
1891 830 1990 885 po-

417 902 526 955 tius
578 902 900 970 simpliciter
949 913 1114 973 atque
1181 906 1432 960 absolute
1483 906 1714 961 dixisset
1773 924 1787 961 :
1840 907 1992 961 Idem

409 990 644 1046 Joannes
676 994 731 1046 in
757 995 901 1047 dolio
943 996 1189 1065 ferventis
1234 998 1354 1059 olei,
1405 996 1605 1052 Christi
1652 1000 1858 1053 nomine
1903 1001 1994 1053 de-

414 1101 618 1140 mersus
668 1087 772 1155 fuit
824 1103 843 1141 :
890 1089 1034 1157 quod
1091 1090 1251 1159 longe
1284 1091 1548 1160 majorem
1592 1092 1700 1145 vim
1744 1092 1991 1159 haberet,

410 1194 575 1249 quam
607 1180 748 1235 istud
780 1182 994 1251 legitur.
1018 1182 1115 1239 Est
1137 1186 1282 1239 enim
1314 1186 1430 1241 haec
1454 1202 1559 1242 vox
1584 1188 1651 1242 de
1677 1187 1841 1242 rebus
1867 1198 1995 1244 ante

414 1279 600 1324 nostra
627 1280 867 1337 tempora
894 1276 1202 1343 praeteritis,
1227 1292 1334 1330 non
1364 1292 1497 1332 vero
1527 1278 1595 1332 de
1639 1278 1707 1333 iis
1739 1294 1862 1347 quae
1895 1294 1994 1331 no-

412 1370 523 1417 stra
558 1365 842 1431 memoria,
886 1367 1157 1437 nobisque
1186 1370 1495 1426 viventibus
1522 1378 1578 1425 et
1614 1369 1726 1425 fere
1756 1371 1992 1425 videnti-

412 1453 535 1520 bus,
568 1456 711 1511 circa
743 1458 950 1513 amicos
982 1469 1202 1515 nostros
1237 1468 1292 1515 et
1336 1463 1628 1531 magistros
1654 1463 1927 1517 accidunt.
1969 1483 1986 1513 ›

412 1543 538 1599 Ηωε
589 1545 918 1604 Halloixius.
972 1550 1034 1606 Et
1065 1561 1215 1606 recte
1244 1567 1397 1607 sane.
1443 1552 1579 1608 Hine
1605 1554 1760 1608 locus
1794 1554 1884 1608 ille
1909 1556 1993 1609 vel

412 1650 476 1719 ex
513 1634 850 1693 Tertulliano
877 1641 1017 1710 (17),
1050 1642 1135 1696 vel
1177 1657 1244 1696 ex
1281 1641 1611 1714 Hieronymo
1647 1644 1738 1714 qui
1776 1645 1846 1699 ab
1893 1646 1994 1699 hoc

413 1730 682 1799 scriptore
726 1732 987 1789 Africano
1024 1750 1146 1789 eam
1198 1738 1567 1791 narrationem
1603 1740 1816 1807 accepit
1855 1739 1992 1808 (18),

412 1822 627 1875 videtur
655 1824 921 1892 adjectus.
960 1825 1101 1891 Quid
1137 1843 1264 1881 vero
1302 1828 1347 1883 si
1387 1830 1692 1883 membrum
1727 1831 1886 1904 illud,
1926 1832 1994 1885 ab

411 1914 586 1969 aliena
625 1931 787 1970 manu
820 1934 929 1971 ora:
957 1919 1164 1974 codicis
1188 1919 1358 1975 Graeci
1383 1937 1493 1990 quo
1516 1937 1652 1977 usus
1687 1931 1773 1976 est
1809 1921 1995 1977 Victor

409 2007 690 2073 additum,
749 2009 1016 2080 interpres
1055 2012 1252 2067 exinde
1310 2013 1457 2067 aliud
1507 2028 1677 2083 agens
1734 2015 1788 2068 in
1838 2030 1994 2069 suam

410 2098 721 2151 versionem
756 2098 1037 2155 intulerit?
1068 2100 1208 2166 Quid
1251 2102 1294 2156 si
1343 2102 1622 2171 librarius,
1658 2103 1913 2158 Catenam
1965 2121 1997 2161 a

412 2186 632 2243 Victore
674 2188 867 2245 Latine
930 2193 1200 2246 redditam
1256 2193 1606 2259 exscribens,
1650 2203 1815 2265 atque
1856 2196 1994 2250 idem

414 2282 721 2337 membrum
757 2285 901 2354 quod
936 2286 1133 2355 aliquis
1158 2288 1403 2343 eruditus
1445 2288 1675 2358 margini
1717 2288 1994 2359 adjecerit,

410 2373 681 2442 pertinere
732 2374 799 2429 ad
858 2392 1018 2431 suum
1065 2386 1272 2432 textum
1326 2378 1672 2446 existimans,
1728 2378 1783 2435 in
1833 2395 1995 2435 suum

408 2466 689 2534 exemplar
728 2468 1131 2536 conjiciendum
1167 2470 1415 2539 putarit?

481 2558 643 2613 Aliud
672 2560 896 2628 insuper
919 2578 1153 2616 censura
1186 2562 1482 2616 notandum
1509 2561 1563 2616 in
1605 2562 1691 2618 his
1718 2561 1996 2634 fragmen-

413 2649 484 2703 tis
530 2650 804 2706 detexisse
856 2653 959 2707 sibi
1004 2653 1219 2707 videtur
1249 2651 1528 2717 Usserius,
1561 2669 1866 2724 eorumque
1899 2669 1998 2708 au-

413 2750 615 2796 ctorem
669 2744 1024 2814 ἀκυρολογεῖν
1078 2745 1432 2814 pronuntiat,
1491 2746 1621 2799 dum
1684 2746 1738 2799 in
1802 2748 1996 2816 quinto

410 2832 691 2888 Christum
718 2836 890 2888 crucis
912 2834 1163 2889 vexillum
1181 2836 1539 2891 conscendisse
1564 2837 1775 2892 scribit.
1796 2857 1813 2887 σ
1838 2836 1995 2904 Nam,

413 2926 510 2987 ait,
542 2927 740 2995 gestari
762 2926 982 2997 quidem
1013 2928 1269 2982 vexillum
1302 2930 1484 2984 crucis
1531 2944 1639 2984 non
1686 2930 1853 2985 semel
1897 2945 1998 2984 au-

412 3014 682 3079 divimus;
716 3017 807 3070 sed
838 3033 1174 3072 conscensum
1216 3035 1246 3073 a
1284 3019 1506 3074 Christo
1540 3020 1709 3075 fuisse
1738 3021 1993 3076 vexillum

415 3107 571 3174 illud,
630 3109 820 3162 nullibi
866 3110 1044 3165 adhuc
1092 3111 1422 3166 invenimus.
1467 3130 1486 3164 ι
1537 3112 1607 3165 At
1643 3112 1746 3167 hoc
1775 3114 1996 3168 demum

417 3200 551 3254 tanti
581 3216 689 3255 non
720 3212 824 3265 est,
850 3211 908 3257 ut
938 3219 999 3256 ea
1040 3203 1105 3257 de
1140 3218 1301 3259 causa
1335 3203 1637 3274 fragmenta
1669 3205 1758 3259 illa
1781 3206 1998 3275 penitus

416 3290 709 3361 rejicienda
739 3295 865 3363 quis
893 3294 1018 3364 jure
1042 3295 1283 3350 detiniat.
1309 3295 1525 3351 Nullam
1558 3306 1704 3351 certe
1736 3298 1999 3369 ἀκυρολο-

414 3382 540 3450 γίαν
585 3384 786 3439 ibidem
852 3387 1086 3441 advertit
1130 3388 1354 3444 Grotius
1395 3390 1482 3443 vir
1527 3404 1799 3448 summus.
1854 3391 1998 3460 Quid

415 3492 582 3546 porro
606 3477 651 3531 si
694 3476 880 3534 Graece
911 3480 1190 3549 scripserit
1213 3481 1466 3551 σημεῖον
1495 3480 1851 3555 Polyearpus,
1878 3502 2001 3538 cru-

414 3586 527 3624 cem
568 3571 898 3642 intelligens,
938 3583 1103 3643 atque
1136 3575 1263 3629 huic
1301 3578 1423 3632 voci
1455 3578 1680 3632 verbum
1708 3590 2001 3633 consenta-

416 3679 579 3717 neum
625 3666 866 3734 aptarit?
911 3665 1001 3722 Sic
1047 3684 1179 3723 sane
1220 3670 1436 3725 locutus
1489 3680 1575 3726 est
1621 3671 1899 3727 Barnabas
1944 3672 1999 3726 in

419 3754 594 3825 Epist.
647 3773 768 3827 cap.
824 3760 911 3814 12.
966 3760 1059 3816 Sic
1112 3762 1239 3816 item
1294 3762 1538 3833 lgnatius
1585 3765 1641 3819 in
1701 3763 1873 3833 Epist.
1930 3764 1998 3819 ad

420 3848 642 3920 Smyrn.
686 3866 806 3919 cap.
855 3854 922 3917 1,
981 3854 1072 3907 ubi
1130 3855 1352 3924 phrasin
1423 3857 1614 3924 αἴρειν
1672 3858 2001 3926 σύσσημον

419 3949 652 4010 usurpat
702 3939 759 3996 S.
823 3942 1027 4015 Martyr
1080 3963 1094 3999 :
1156 3946 1502 4015 σύσσημον,
1563 3948 1809 4015 inquam,
1852 3947 2000 4016 quod

420 4030 690 4103 Hcsychio
737 4044 790 4090 et
839 4034 1023 4091 Suidze
1066 4050 1149 4093 est
1196 4037 1466 4107 σημεῖον.
1502 4037 1619 4093 Hoc
1654 4040 1840 4108 itaque
1888 4037 2003 4092 for-

419 4135 568 4181 tasse
618 4128 865 4184 imitatus
904 4140 1127 4185 sanctus
1169 4128 1522 4201 Smyrnensis
1581 4130 1832 4196 antistes,
1884 4130 2004 4199 pari

422 4220 677 4289 loquendi
710 4221 924 4276 ratione
963 4238 1100 4277 usus
1130 4222 1315 4288 fuerit,
1346 4241 1508 4295 quam
1540 4225 1723 4280 minus
1758 4223 2007 4293 apposite

420 4313 719 4369 reddiderit
745 4325 903 4369 vetus
934 4316 1225 4385 interpres.

2094 639 2248 686 notat
2297 630 2681 685 Tillemontius
2719 630 2867 699 (19);
2909 631 3002 686 ubi
3033 630 3202 685 fertur
3234 629 3473 687 Jacobus
3510 630 3679 687 Joan-

2095 721 2181 775 nis
2208 720 2396 787 frater,
2426 723 2740 775 novissimus
2775 722 3038 793 martyrio
3070 722 3349 788 sublatus;
3374 722 3470 793 qui
3494 732 3676 776 tamen

2093 814 2297 881 primus
2328 813 2469 868 inter
2504 812 2781 882 apostolos
2832 828 2932 884 pro
2974 813 3196 869 Christo
3235 815 3556 884 sanguinem
3585 813 3675 869 fur

2094 907 2241 962 disse
2292 907 2653 977 perhibetur:
2729 914 2791 960 ut
2833 908 3060 977 proinde
3095 909 3364 964 sententia
3407 907 3677 977 ejusmodi

2094 995 2396 1067 Polycarpo
2442 1010 2672 1065 prorsus
2698 995 2923 1065 indigna
2950 995 3215 1050 videatur.
3242 992 3446 1049 Verum
3474 1010 3542 1048 ne
3573 992 3677 1049 ista

2092 1089 2311 1157 quidem
2365 1087 2598 1156 objectio
2649 1087 2928 1158 negotium
2990 1088 3159 1141 ullum
3205 1085 3476 1141 facessere
3524 1100 3677 1139 com-

2095 1179 2325 1248 peritur.
2348 1176 2561 1248 Agesis,
2617 1176 2702 1231 fac
2732 1179 2975 1243 demum,
3009 1179 3062 1231 in
3089 1194 3192 1233 suo
3220 1186 3369 1232 textu
3413 1179 3678 1247 ἔσχατον

2094 1270 2292 1340 legisse
2334 1270 2722 1339 interpretem;
2780 1285 2944 1338 quam
2992 1271 3213 1339 quidem
3263 1285 3456 1324 vocem
3513 1271 3677 1323 obvio

2094 1380 2257 1420 sensu
2322 1371 2600 1432 acceptam
2630 1402 2645 1426 ,
2705 1362 3049 1415 novissimum
3114 1360 3306 1415 Latine
3343 1360 3673 1415 reddendam

2093 1456 2357 1512 duxerit:
2401 1469 2469 1507 an
2517 1454 2640 1507 ideo
2694 1454 2876 1507 statim
2918 1452 3125 1508 erroris
3171 1453 3483 1522 arguendus
3512 1453 3679 1524 Frag-

2094 1558 2403 1604 mentorum
2448 1546 2675 1601 auctor?
2734 1545 2848 1599 lmo
2878 1560 3007 1600 vero
3049 1544 3139 1599 ille
3182 1544 3493 1600 rectissime
3541 1545 3678 1599 scri-

2094 1642 2287 1711 pserit,
2314 1639 2575 1694 Iacobum
2590 1639 2855 1708 ἔσχατον
2877 1638 3140 1709 martyrio
3158 1645 3564 1706 consumptum,
3581 1651 3676 1691 ea-

2095 1748 2202 1803 que
2233 1746 2339 1786 vox
2371 1730 2629 1785 vertenda
2670 1730 2834 1784 fuerit
2866 1731 3117 1797 primum,
3146 1745 3255 1783 non
3289 1739 3472 1783 autem
3506 1730 3679 1782 novis-

2096 1825 2311 1876 simum.
2338 1821 2542 1875 Vadcm
2566 1820 2710 1874 ultro
2738 1820 2825 1875 hic
2849 1835 2971 1875 sese
2994 1820 3127 1873 mihi
3152 1820 3310 1875 offert
3336 1818 3673 1890 Hesychius:

2026 1886 2066 1939 Β
2101 1915 2409 1982 Ἔσχατον
2435 1921 2507 1953 -τ
2534 1909 2768 1982 πρῶτον.
2801 1909 3053 1965 Glossam
3104 1886 3504 1982 llesycbianain
3552 1923 3680 1963 con-

2098 2006 2413 2060 ﬁrmaturus
2452 2003 2699 2057 eruditus
2746 2002 3081 2058 Abreschius
3112 2002 3165 2057 in
3211 2000 3442 2058 Miscell.
3478 2000 3676 2057 Pinda-

2098 2113 2223 2153 rum
2239 2096 2444 2153 excitat
2471 2094 2551 2150 sic
2585 2095 2899 2166 loquentem
2925 2094 3039 2166 (20)
3068 2113 3083 2149 :

2484 2228 2806 2299 ἁμιλλᾶται
2839 2228 2973 2297 περὶ

2328 2320 2637 2392 Ἐσχάτων
2651 2320 2882 2375 ἀέθλων
2907 2324 3212 2390 κορυφᾱίςε

2163 2454 2383 2513 Videsis
2422 2462 2770 2525 prazstantem
2826 2451 3081 2525 Hesychii
3144 2452 3466 2521 editionem,
3525 2468 3558 2509 a
3604 2453 3676 2511 cl.

2098 2546 2310 2602 Joanne
2336 2545 2545 2601 Alberti
2593 2546 2915 2600 adornatam
2958 2544 3096 2614 (21).
3134 2544 3213 2599 Ex
3245 2545 3447 2615 quibus
3488 2544 3678 2615 liquet,

2098 2637 2297 2691 horum
2326 2636 2759 2707 fragmentorum
2806 2636 3118 2691 auctoritati
3162 2652 3357 2706 parum
3409 2646 3505 2690 aut
3544 2637 3682 2691 nihil

2101 2729 2321 2785 ofﬁcere
2349 2745 2472 2799 quae
2497 2727 2864 2798 objiciuntur;
2889 2742 3063 2798 eaque
3101 2728 3322 2781 demum
3358 2736 3415 2781 ut
3444 2727 3552 2781 vim
3584 2727 3682 2781 ha-

2098 2822 2295 2876 berent
2345 2821 2610 2891 aliquam,
2659 2835 2691 2875 e
2739 2819 2929 2875 Grzeco
2981 2819 3167 2890 potius
3204 2826 3356 2875 textu
3402 2833 3569 2889 quam
3611 2834 3679 2874 ex

2092 2915 2355 2971 versione
2382 2922 2565 2969 essent
2588 2912 2919 2969 definienda.

2174 3026 2444 3082 Caeterum
2490 3025 2537 3081 si
2596 3024 2725 3094 quid
2766 3022 3442 3091 adhueanimadvertere
3499 3021 3681 3087 liceat,

2102 3116 2406 3187 putaverim
2450 3115 2703 3184 equidem
2750 3114 3049 3183 fragmenta
3095 3113 3184 3167 illa
3215 3128 3338 3167 esse
3376 3111 3684 3181 Responsio-

2025 3234 2067 3291 ρ
2104 3224 2231 3262 num
2255 3217 2534 3277 excerpta,
2569 3216 2627 3261 ut
2655 3209 2761 3261 fert
2795 3206 3014 3276 quidem
3066 3206 3372 3274 inscriptio,
3401 3220 3539 3275 quas
3573 3203 3682 3257 Po~

2099 3304 2375 3374 lyearpus,
2401 3318 2432 3358 a
2470 3303 2585 3359 suis
2619 3304 3004 3371 interrogatus,
3035 3301 3148 3356 sive
3178 3299 3542 3369 praesentibus
3569 3300 3685 3353 sive

2101 3396 2442 3459 absentibus,
2471 3396 2635 3449 edere
2667 3402 3062 3459 consueverat;
3091 3407 3323 3461 quaeque
3360 3390 3588 3461 proinde
3614 3390 3684 3444 ab

2102 3488 2289 3559 aliquo
2335 3488 2420 3542 vel
2467 3487 2780 3542 auditorum
2836 3486 2919 3541 vel
2943 3500 3131 3540 eorum
3165 3485 3365 3554 quibus
3405 3483 3524 3552 ejus
3563 3482 3681 3551 epi-

2102 3582 2256 3636 stolae
2283 3580 2748 3645 inscribebantur,
2790 3578 3043 3646 deinceps
3098 3584 3340 3644 exceptae
3376 3574 3579 3627 fuerint
3618 3588 3685 3627 ac

2102 3673 2301 3728 litteris
2352 3671 2583 3727 traditam
2631 3670 2912 3740 Siquidem
2956 3671 3147 3724 beatus
3186 3669 3277 3723 ille
3314 3668 3543 3721 antistes
3575 3666 3685 3735 ple-

2103 3779 2335 3834 rumque
2354 3765 2538 3817 sedens
2563 3760 2874 3820 disserebat.
2908 3769 3061 3829 atque
3099 3762 3167 3811 ad
3206 3758 3458 3827 populum
3487 3772 3688 3809 sermo—

2104 3874 2192 3911 nes
2218 3857 2437 3909 habebat
2470 3873 2483 3910 :
2517 3853 2893 3925 Καοεζόμενος
2933 3850 3221 3919 διελέγετο,
3261 3850 3356 3902 καὶ
3385 3848 3482 3911 τὰς
3507 3846 3686 3900 διαλὲ-

2107 3950 2219 4016 ξεις
2251 3951 2487 4002 ἐποιεῖτο
2521 3948 2658 4019 πρὸς
2703 3946 2765 3999 τὸ
2800 3944 3024 4014 πλῆθος,
3067 3952 3125 3997 ιιι
3162 3958 3265 3997 nos
3329 3942 3519 3995 edocet
3573 3940 3684 3993 Ire-

2108 4058 2259 4097 nazus
2299 4042 2573 4110 αὐτόπτης
2615 4039 2760 4109 (2‘2);
2798 4039 2891 4107 qui
2922 4047 2976 4091 et
3006 4037 3183 4107 ipsum
3223 4035 3287 4087 ad
3322 4033 3589 4103 quosdam
3619 4045 3689 4085 ex

2105 4133 2368 4187 fratribus
2393 4132 2655 4201 epistolas
2679 4130 2983 4183 missitasse
3007 4127 3204 4181 ibidem
3227 4125 3410 4178 refert.
3440 4121 3685 4187 Accedit,

2105 4224 2409 4295 fragmenta
2462 4224 2551 4278 illa
2594 4222 2778 4278 saeculi
2804 4220 3085 4289 apostolici
3112 4216 3329 4288 genium
3359 4214 3686 4283 exprimere,

2109 4333 2341 4388 eamque
2379 4317 2787 4386 simplicitatem
2833 4328 3025 4383 sapere
3056 4327 3220 4382 quam
3262 4309 3497 4377 ipsamet
3531 4303 3690 4376 Pol)»

496 4404 721 4472 Verum,
756 4407 843 4463 his
885 4408 1093 4476 missis,
1136 4410 1204 4465 ad
1248 4409 1381 4465 illud
1431 4413 1637 4481 potius,
1683 4420 1736 4468 et
1783 4412 2002 4483 quidem
2039 4401 2083 4457 Β
2111 4412 2259 4482 carpi
2288 4410 2531 4480 Epistola
2559 4410 2769 4480 spirare
2793 4405 3154 4477 dignoscitur.

496 4560 613 4636 (17)
653 4563 883 4636 Tertull.
920 4564 994 4619 De
1027 4563 1358 4636 Prwscript.,
1383 4583 1503 4636 cap.
1536 4566 1625 4620 56.

495 4634 609 4705 (18)
651 4635 873 4691 Hieron.
905 4639 1025 4691 adv.
1059 4634 1264 4701 Joviu.,
1299 4638 1394 4696 lib.
1423 4634 1465 4703 ι,
1490 4654 1610 4705 cup.
1642 4638 1732 4691 26.

498 4704 611 4779 (At?)
651 4706 1055 4779 TillemLMém.
1088 4708 1241 4771 eccl.,
1269 4717 1401 4763 tom.
1436 4708 1499 4776 ll,
1525 4704 1579 4779 pl
1613 4707 1740 4775 655,
1774 4714 1887 4762 not.
1914 4707 1969 4763 ι.

497 4775 610 4841 120)
651 4776 808 4833 Pind.
839 4777 995 4834 Nem.
1022 4780 1114 4834 0d.
1144 4796 1197 4846 Χ,
1230 4779 1320 4834 59.

2184 4567 2298 4637 (El)
2334 4565 2568 4637 Hesych.
2595 4565 2725 4621 edit.
2746 4563 2869 4637 Al_b_.
2907 4571 3041 4637 tom.
3076 4559 3117 4620 l.
3148 4560 3263 4637 col;
3288 4557 3448 4637 1475,
3474 4555 3685 4637 1191.-

2177 4623 2294 4709 (ἓνὶί
2332 4623 2486 4709 Ire":
2504 4638 2659 4706 epist.
2687 4635 2755 4690 αά
2790 4634 3024 4700 Florin.,
3058 4632 3200 4702 apud
3224 4629 3450 4697 Euseb.,
3483 4623 3558 4681 Η.
3592 4624 3689 4695 Ε..

2108 4707 2205 4769 lib.
2231 4728 2284 4779 v,
2311 4723 2432 4779 cap.
2462 4707 2553 4763 20.
