4142 6414
460 332 599 394 ίθξδ
1906 337 2088 396 FRAG

2084 339 2333 396 LMENTA
3580 345 3720 401 i026

477 538 3701 571 *————-———u————————————-——————-————————

1652 742 2524 858 FRAGMENTA

1075 1035 1119 1089 E
1169 1034 1704 1090 RESPONSIONUM
1749 1033 2117 1091 CAPITULIS
2148 1034 2205 1090 S.
2240 1035 2662 1094 POLYCARPO
2690 1038 3082 1106 ASCRIPTIS,

982 1316 987 1321 η
1035 1235 1305 1298 Victoris
1337 1234 1617 1314 episcopi
1645 1234 1937 1314 Capuani
1972 1236 2223 1299 Catenae
2250 1239 2319 1301 in
2348 1258 2411 1301 ιν
2432 1236 2865 1321 Evangelistas
2896 1243 3161 1307 inserta.

533 1639 826 1695 Matthaaus
878 1638 1167 1696 Dominum
1222 1619 1714 1714 dixisseg‘tgstatur
1766 1644 1825 1712 ³,
1890 1645 2037 1715 quod
2065 1647 2114 1706 Δ
2141 1646 2502 1717 inspiratione
2543 1647 2727 1704 divina
2761 1648 3126 1720 prophetavit,
3176 1649 3293 1721 ipse
3330 1666 3361 1706 a
3403 1650 3589 1725 Moyse
3623 1654 3730 1710 hoc

460 1730 676 1804 Moyses
705 1733 895 1788 scribit
926 1733 1098 1787 Adam
1154 1733 1397 1788 locutum
1455 1732 1624 1789 fuisse
1678 1738 1779 1790 hoc
1834 1738 2037 1792 modo:
2146 1740 2353 1795 dixisse
2402 1740 2658 1797 refertur.
2700 1741 2844 1798 Deus
2887 1758 3017 1797 vero
3063 1744 3157 1813 qui
3188 1760 3284 1814 per
3314 1744 3727 1815 inspirationcm

468 1844 487 1875 ι
532 1823 647 1879 [loc
692 1840 839 1879 nunc
869 1840 932 1880 os
972 1841 1038 1880 ex
1072 1827 1293 1880 ossibus
1331 1827 1490 1891 meis,
1544 1837 1595 1881 et
1621 1843 1748 1882 caro
1780 1845 1846 1884 ex
1878 1845 2043 1885 carne
2146 1833 2386 1887 divinam
2440 1834 2493 1886 in
2525 1835 2690 1888 corde
2732 1833 2903 1889 Adam
2950 1837 3051 1891 ista
3082 1838 3249 1892 verba
3284 1836 3574 1907 formavit,
3616 1840 3733 1909 ipse

463 1931 584 1970 mea
616 1934 629 1970 :
672 1926 891 1987 propter
926 1918 1030 1971 hoc
1056 1918 1327 1987 relinquet
1368 1918 1532 1971 homo
1575 1929 1781 1989 patrem
1832 1930 1886 1975 et
1925 1938 2044 1976 ma-
2147 1924 2310 1979 Pater
2345 1942 2375 1979 a
2422 1925 2655 1981 Domino
2675 1937 2821 1982 recte
2856 1928 3071 1984 locutus
3100 1928 3270 1985 fuisse
3308 1932 3557 1987 refertur.
3589 1931 3725 1987 Nam

463 2016 604 2061 trem
638 2007 695 2075 ⁸,
736 2027 755 2060 ι
793 2018 897 2063 etc.
955 2006 1059 2064 Sed
1106 2009 1440 2064 concordant
1471 2008 1687 2064 Domini
1716 2012 1881 2067 verba
1916 2029 2042 2069 cum
2147 2024 2202 2069 et
2245 2016 2418 2070 Adam
2459 2017 2600 2072 hanc
2648 2020 2985 2089 prophetiam
3020 2022 3283 2091 protulit;
3332 2033 3387 2078 et
3426 2023 3586 2080 Pater
3629 2024 3728 2095 qui

462 2099 634 2174 Moysi
669 2101 1054 2170 sermonibus;
1104 2102 1201 2173 qui
1248 2102 1421 2158 Adam
1466 2102 1712 2173 praebens
1757 2104 1994 2162 ofﬁcium
2022 2146 2040 2174 ,
2149 2123 2274 2163 eum
2306 2110 2611 2181 inspiravit,
2642 2122 2788 2168 recte
2817 2113 3018 2170 dicitur
3045 2116 3357 2186 protulisse.

2071 2287 2138 2343 11.

977 2436 1130 2501 lor-zu,
1169 2439 1239 2493 ad
1262 2438 1371 2496 haec
1394 2441 1554 2496 verba
1572 2440 1805 2498 Christi:
1839 2461 1859 2496 ι
1893 2443 2127 2500 Calicem
2165 2462 2336 2501 meum
2368 2446 2574 2517 bibetis,
2610 2470 2629 2503 ι
2657 2458 2763 2506 etc.
2802 2449 3020 2522 (Matth.
3046 2468 3138 2521 xx,
3169 2452 3288 2525 25.)

519 2586 622 2644 Per
655 2591 972 2662 hujnsmodi
1006 2602 1235 2664 potum,
1287 2596 1559 2667 signiﬁcat
1599 2599 1932 2668 passionem.
1981 2597 2048 2656 Et
2152 2602 2309 2659 sibile
2359 2603 2433 2659 sit
2459 2605 2702 2675 quotidie
2738 2608 2876 2661 mori
2920 2608 3198 2663 hominem
3246 2623 3310 2664 ea
3355 2621 3569 2675 morte,
3619 2625 3727 2679 qua

462 2680 724 2738 Jacobum
768 2686 991 2755 quidem
1045 2688 1407 2744 novissimum
1476 2692 1738 2764 martyrio
1787 2708 2048 2749 consum-
2152 2698 2324 2754 semel
2350 2700 2458 2753 vita
2488 2699 2603 2756 haec
2642 2700 2850 2755 finitur.
2890 2701 2996 2757 Sed
3018 2702 3279 2772 quoniam
3305 2719 3404 2773 pro
3434 2702 3731 2774 Evangelia

464 2774 753 2843 mandum;
788 2775 1011 2832 fratrem
1048 2794 1176 2834 vero
1216 2781 1335 2850 ejus
1374 2779 1643 2837 Joannem
1685 2784 2044 2838 transiturum
2153 2790 2220 2844 ad
2265 2801 2497 2846 mortem
2526 2791 2728 2862 jugiter
2761 2802 2879 2847 erat
2914 2802 3274 2863 pra3paratus,
3309 2809 3369 2850 se
3410 2795 3553 2849 mori
3590 2810 3731 2865 quo.

462 2867 669 2936 ειιιεαιιθ
700 2869 995 2939 ωατιινίοε
1028 2872 1279 2939 (ιιιθηινὶε
1311 2881 1365 2925 ει
1393 2871 1712 2928 εωίοιίοηεε
1760 2872 2047 2943 Ριιιπίηηεο
2154 2882 2282 2938 tidie
2315 2885 2418 2939 sub
2468 2898 2531 2939 ea
2577 2884 2972 2954 signiﬁcatione
3001 2895 3231 2943 testatus
3265 2894 3368 2941 est.
3408 2884 3630 2956 Legitur
3677 2896 3735 2943 et

460 2966 514 3011 οι
534 2958 724 3012 “Silia
746 2960 1091 3029 ιοιετεινοΐίυ
1112 2963 1206 3018 sed
1224 2972 1580 3043 Praeparalam
1606 2965 1870 3043 martyrio
1893 2980 2050 3019 meﬂ-
2151 2977 2208 3031 in
2234 2975 2383 3031 dolio
2421 2976 2844 3043 ferventisolei,
2887 2993 2988 3047 pro
3015 2979 3239 3035 nomine
3280 2977 3507 3048 Christi,
3537 2978 3732 3035 beatus

463 3058 591 3114 tem,
626 3050 876 3106 Christus
910 3062 1203 3124 martyrem
1229 3054 1487 3125 judicavit
1520 3057 1563 3110 ⁵.
1597 3055 1734 3111 Nam
1767 3057 2048 3127 apostolus
2150 3073 2389 3131 Joannes
2417 3073 2588 3131 fuisse
2615 3074 2920 3131 άθωθι-ευε,

463 3140 685 3209 Paulus,
719 3160 738 3194 ι
776 3139 1032 3208 Quotidie
1060 3142 1282 3215 (inquit)
1312 3144 1520 3201 morior
1542 3144 1593 3201 σε
1630 3163 1650 3197 ι
1680 3144 1811 3199 dum
1839 3145 2048 3216 impos-

2057 3324 2148 3380 111.

1429 3484 1583 3552 lusit,
1618 3483 1695 3538 De
1723 3484 1877 3537 initio
1906 3480 2185 3551 Evangelii
2214 3476 2500 3533 secundum
2534 3475 2798 3530 Marcum.

536 3643 955 3700 Rationabiliter
996 3641 1342 3712 evangelista:
1387 3638 1672 3710 principiis
1721 3637 1952 3692 diversis
1982 3652 2047 3690 u-
2081 3644 2123 3699 Β
2154 3632 2378 3702 incipit:
2429 3640 2487 3685 ut
2526 3629 2647 3699 ejus
2688 3629 2785 3683 ﬁlii
2829 3626 3100 3681 miraculo
3139 3625 3477 3692 nativitatis,
3516 3635 3572 3682 et
3597 3628 3735 3683 tanti

464 3746 675 3803 tutntur;
691 3737 942 3806 quamvis
963 3751 1070 3790 una
1093 3736 1393 3803 eademque
1422 3730 1829 3804 evangelizandi
1854 3744 2044 3784 eorum
2153 3724 2531 3796 pnedicatoris
2574 3722 2748 3778 ofﬁcio
2774 3761 2789 3786 ,
2831 3720 3173 3775 divinitatem
3222 3720 3426 3776 Christi
3482 3723 3735 3792 gentibus

466 3831 724 3898 probetur
747 3828 1000 3883 intentio.
1047 3827 1355 3893 Matthaeus,
1399 3835 1461 3881 ut
1499 3825 1742 3881 Hebraeis
1771 3824 2044 3888 scribens,
2150 3818 2471 3873 declararet.
2506 3814 2663 3871 Unde
2699 3824 2753 3870 et
2781 3814 2995 3869 Marcus
3029 3815 3251 3883 antiqua
3283 3814 3585 3884 prophetici
3616 3831 3735 3886 my-

465 3921 793 3992 gcnealogite
826 3921 1032 3976 Christi
1073 3921 1324 3975 ordinem
1357 3919 1570 3975 texuit:
1614 3927 1673 3971 ut
1701 3916 2045 3978 ostenderet,
2150 3911 2301 3966 sterii
2326 3910 2691 3980 competentia
2714 3908 2972 3963 adventui
2996 3907 3199 3962 Christi
3228 3908 3502 3974 declarat;
3534 3915 3593 3962 ut
3623 3923 3734 3963 non

466 4012 535 4066 ab
563 4027 626 4067 ea
657 4012 937 4068 Christum
971 4012 1320 4067 descendisse
1363 4010 1639 4080 progenie,
1687 4008 1754 4062 de
1780 4022 1886 4075 qua
1918 4020 2043 4060 eum
2150 4019 2314 4066 nova,
2350 4003 2443 4057 sed
2488 4002 2793 4072 antiquitus
2822 4001 3032 4071 prolata
3079 4000 3200 4069 ejus
3233 3999 3554 4069 praedicatio
3600 4014 3735 4070 pro-

466 4103 804 4157 nasciturum
844 4102 1085 4157 universi
1124 4103 1401 4172 prophetae
1429 4099 1760 4155 cecinerant.
1807 4094 2045 4150 Joannes
2151 4098 2396 4152 haretur.
2437 4095 2547 4149 Aut
2570 4110 2666 4165 per
2700 4095 2805 4150 hoc
2835 4094 3185 4165 evangelistis
3213 4110 3360 4149 curae
3393 4092 3518 4159 fuit,
3555 4108 3622 4148 eo
3653 4094 3735 4147 uti

464 4202 645 4247 autem
674 4194 740 4247 ad
772 4192 1044 4262 Ephesum
1080 4192 1432 4251 constitutus.
1465 4190 1559 4259 qui
1590 4190 1760 4260 legem
1787 4196 2046 4256 tanquam
2151 4188 2442 4258 prowmio,
2480 4187 2626 4257 quod
2656 4187 3039 4256 unusquisque
3063 4185 3349 4256 judicabat
3388 4185 3735 4240 auditoribus

464 4299 530 4338 cx
564 4284 817 4354 gentibus
851 4284 1195 4353 ignorabant,
1235 4298 1263 4336 a
1292 4296 1459 4336 causa
1482 4290 1688 4334 nostra:
1718 4278 2049 4348 redemptio-
2150 4289 2423 4349 expetere.
2457 4278 2602 4332 Nihil
2629 4293 2759 4348 ergo
2789 4279 3127 4333 contrarium
3165 4278 3458 4348 reperitur,
3486 4277 3578 4332 ubi
3609 4277 3736 4332 licet

465 4375 553 4429 nis
590 4373 867 4445 Evangelii
916 4375 1152 4443 sumpsit
1186 4373 1508 4427 exordium:
1537 4385 1660 4441 quae
1689 4385 1854 4424 causa
1885 4384 1949 4423 ex
1982 4384 2048 4423 eo
2150 4370 2382 4427 diversis
2412 4371 2664 4442 scriptis,
2709 4370 2779 4426 ad
2816 4372 3066 4428 eamdem
3111 4380 3290 4427 tamen
3336 4373 3568 4442 patriam
3611 4387 3735 4442 per-

468 4476 717 4536 apparet,
748 4466 893 4536 quod
926 4465 1124 4520 Filium
1157 4481 1319 4520 suum
1352 4464 1494 4517 Deus
1524 4478 1624 4533 pro
1652 4470 1843 4516 nostra
1869 4461 2049 4515 salute
2150 4463 2387 4518 venitur.

466 4558 639 4612 voluit
667 4557 965 4612 incarnari.
1010 4556 1190 4612 Lucas
1216 4571 1343 4610 vero
1374 4570 1404 4609 a
1438 4552 1717 4609 Zacharia:
1742 4551 2049 4608 sacerdotio

2043 4733 2137 4792 IV.

756 4888 911 4958 locu,
945 4893 1003 4946 in
1030 4891 1169 4945 illud
1197 4904 1216 4943 :
1242 4910 1261 4944 ι
1300 4890 1432 4946 Noli
1458 4907 1644 4946 vocare
1666 4891 1865 4947 amicos
1894 4899 2031 4957 tuos,
2062 4891 2153 4945 sed
2176 4906 2427 4962 pauperes
2456 4899 2506 4944 et
2529 4888 2747 4955 debiles,
2789 4906 2809 4942 ι
2842 4898 2946 4946 etc.
2986 4888 3137 4961 (Luc.
3170 4906 3282 4957 xw,
3313 4890 3430 4960 i2.)

538 5047 822 5117 Praecepit,
856 5063 965 5101 non
996 5046 1226 5112 amicos,
1257 5045 1352 5101 sed
1388 5044 1635 5100 infirmos
1666 5060 1921 5115 quosque
1947 5060 2045 5099 νο·
2072 5048 2118 5110 C
2148 5044 2377 5108 amicos,
2421 5043 2688 5109 arbitror,
2722 5043 2948 5115 intelligi
2986 5044 3092 5100 hoc
3132 5045 3254 5100 loco
3282 5045 3546 5101 debemus
3580 5046 3729 5109 illos,

466 5141 673 5195 candos
702 5140 770 5194 ad
800 5139 1115 5209 prandium.
1164 5136 1319 5203 Quod
1353 5138 1397 5191 si
1430 5137 1659 5191 claudus
1691 5146 1787 5191 aut
1823 5136 2051 5206 quilibet
2154 5152 2294 5205 quos
2325 5151 2426 5206 pro
2455 5137 2643 5191 mundi
2685 5136 2851 5206 hujus
2883 5146 3096 5192 terrena
3135 5137 3577 5193 consideratione
3606 5138 3733 5192 dili-

466 5248 654 5287 eorum
700 5234 773 5286 sit
813 5231 1063 5296 amicus,
1109 5231 1227 5284 sine
1271 5229 1439 5283 dubio
1487 5228 1614 5281 talis
1658 5242 1760 5296 pro
1808 5227 2049 5282 amicitia
2153 5229 2356 5298 gimus,
2389 5245 2500 5283 non
2530 5244 2629 5298 pro
2659 5228 2859 5285 divinae
2883 5229 3361 5300 contemplationis
3390 5230 3611 5288 intuitu.
3665 5228 3731 5285 Hi

469 5326 694 5379 minime
718 5333 801 5379 est
831 5322 1142 5394 rogandus;
1186 5322 1329 5374 unde
1361 5321 1477 5389 ipsa
1506 5319 1663 5389 quasi
1702 5321 1954 5374 videntur
1987 5332 2046 5374 se
2154 5329 2284 5373 sunt
2312 5319 2478 5389 igitur
2510 5320 2670 5374 amici
2707 5320 3073 5391 relinquendi.
3120 5321 3384 5390 Denique,
3416 5321 3539 5376 ideo
3579 5322 3734 5377 debi‘

468 5417 790 5487 impugnare
821 5414 1097 5469 mandata.
1138 5410 1274 5465 Nam
1307 5412 1351 5465 si
1386 5425 1494 5463 non
1525 5409 1707 5474 amici,
1739 5410 1834 5464 sed
1865 5410 2044 5464 claudi
2152 5409 2284 5465 lium
2312 5412 2559 5481 exempla
2584 5414 2890 5482 proposuit,
2918 5429 3057 5483 quos
3082 5429 3183 5483 pro
3206 5412 3409 5468 nullius
3437 5429 3731 5483 possumus
3802 5408 3808 5416 ’

465 5521 520 5564 et
565 5512 694 5565 czeci
727 5519 856 5565 sunt
903 5505 1169 5562 invitandi
1200 5547 1214 5571 ,
1260 5504 1517 5574 ipsosque
1567 5518 1788 5572 quoque
1835 5503 2045 5557 amicos
2152 5516 2404 5574 appetere
2428 5505 2753 5560 necessitate
2782 5505 3008 5577 negotii,
3044 5507 3149 5563 nisi
3184 5514 3395 5562 tantum
3418 5520 3518 5575 pro
3550 5505 3731 5562 fructu

465 5619 589 5658 esse
634 5602 934 5672 contingat,
975 5613 1318 5670 nequaquam
1368 5612 1564 5667 rogare
1598 5595 1882 5650 debemus.
1936 5593 2043 5651 Sed
2152 5595 2530 5652 retributionis
2562 5604 2799 5656 aeternae.

540 5778 560 5808 ³
588 5777 780 5833 Matth.
806 5794 921 5845 ῑιχ,
956 5778 1009 5834 5.
1100 5780 1122 5808 ⁸
1145 5778 1283 5833 Cen.
1310 5790 1371 5829 ιι.
1395 5774 1486 5831 24.
1584 5775 1603 5807 ⁵
1636 5774 1755 5829 Act.
1788 5787 1887 5835 χιι,
1913 5772 1969 5828 2.
2047 5773 2066 5805 ⁸
2094 5769 2115 5825 1
2140 5772 2176 5828 C

882 5795 921 5845 ι,
956 5778 1009 5834 5.
1100 5780 1122 5808 ⁸
1145 5778 1283 5833 Cen.
1310 5790 1371 5829 ιι.
1395 5774 1486 5831 24.
1584 5775 1603 5807 ⁵
1636 5774 1755 5829 Act.
1788 5787 1887 5835 χιι,
1913 5772 1969 5828 2.
2047 5773 2066 5805 ⁸
2094 5769 2115 5825 1
2140 5772 2267 5831 Cor.
2305 5789 2395 5839 xv,
2429 5772 2518 5827 5i.
