4142 6380
3615 328 3754 383 1098

496 323 630 385 {0‘27
1452 329 1509 385 S.
1553 324 1939 387 POLYCARPI
1980 323 2340 387 MARTYRIS
2393 322 2841 385 FRAGMENTA.

2089 488 2149 543 V.

804 642 956 707 lusu,
986 641 1040 694 in
1076 640 1248 694 illud:
1286 659 1305 693 ι
1350 642 1499 713 Opus
1531 658 1889 698 consummavi
1909 683 1925 709 ,
1957 645 2096 713 quod
2127 645 2321 699 dedisti
2360 645 2489 698 mihi
2516 653 2573 698 ut
2599 645 2818 713 factam.
2849 662 2873 697 ο
2905 612 3125 715 (Joann.
3158 655 3292 712 xvn,
3321 644 3404 716 4.)

561 794 847 862 Quomodo
869 811 1008 865 opus
1038 797 1233 854 salutis
1268 798 1527 853 humana:
1550 797 1880 868 adimplesse
1912 814 2068 856 com-
2098 809 2145 866 Α
2174 801 2430 857 nerandaa
2452 800 2730 869 passionis
2756 800 2990 871 insignia
3007 800 3159 856 adire
3179 799 3512 867 decreverat,
3538 797 3663 870 jure
3692 813 3752 855 se

489 896 775 951 memorat,
802 902 927 941 cum
957 889 1189 943 necdum
1227 890 1408 945 crucis
1448 889 1706 944 vexillum
1738 890 2075 945 conscende-
2178 910 2316 965 opus
2342 892 2634 964 perfecisse
2661 892 2952 964 signiﬁcat,
2984 902 3088 947 etc.

488 980 607 1035 rat?
642 981 748 1036 Sed
790 980 1109 1037 deﬁnitione
1136 982 1471 1049 voluntatis,
1514 982 1582 1037 de
1613 996 1723 1052 qua
1754 990 1951 1037 cuncta
1985 996 2076 1036 ve-

2000 1133 2217 1191 Vl-Vll.

543 1287 865 1362 Spicilegium
889 1286 1190 1362 Solggzense
1216 1290 1341 1362 (2:3),
1371 1294 1407 1341 t.
1434 1289 1475 1350 Ι,
1502 1304 1549 1362 p.
1714 1291 1786 1362 Er
1809 1291 1979 1362 codice
1994 1289 2562 1362 _oli_m_§angerrnanensi
2582 1290 2672 1338 sub
2688 1302 2739 1362 ιι.
2766 1288 2848 1349 60,
2867 1301 2999 1362 nunc
3015 1290 3067 1339 in
3087 1282 3387 1362 bihliothelca
3410 1300 3570 1362 nuper
3594 1287 3747 1362 Regia

485 1350 869 1415 Parisiensisub
892 1367 939 1401 ιι.
956 1354 1056 1415 -858
1080 1350 1354 1408 asservato.
1383 1350 1550 1402 saeculi
1577 1355 1689 1415 plus
1715 1354 1878 1401 minus
1896 1355 2095 1409 decimi,
2126 1350 2323 1402 titulum
2342 1353 2472 1401 hunc
2488 1365 2591 1414 prae
2612 1365 2671 1400 se
2696 1354 2890 1401 ferente
2917 1367 2928 1401 :
2958 1351 3247 1415 Expositum
3263 1350 3750 1415 Johamtisliommim

486 1414 715 1467 Ecclesia:
734 1413 926 1463 diaconi
948 1413 998 1463 in
1032 1415 1269 1464 Genesim.
1298 1440 1359 1448 —
1386 1430 1405 1461 ‹
1439 1416 1553 1463 Haec
1574 1410 1635 1463 ex
1656 1414 1779 1463 libro
1807 1416 2160 1478 Responsorum
2201 1410 2611 1478 frustula,_inquit
2628 1415 2940 1478 doctissimus
2961 1410 3131 1478 Editur
3156 1410 3413 1478 Spicilegii
3432 1410 3747 1478 Solesmensis

490 1493 505 1522 ι
550 1479 775 1585 (Wolff.
804 1490 851 1537 p.
876 1480 940 1538 ιι)
968 1479 1205 1537 praeclare
1230 1478 1521 1525 confirmant
1542 1479 1882 1525 sinceritatem
1899 1474 1907 1478 ⁷
1925 1480 2147 1585 (ιιιὶιιίῖιιθ
2173 1478 2381 1525 aliorum
2422 1476 2806 1546 fragmentorum
2832 1477 3055 1534 ejusdem
3084 1474 3203 1524 libri
3237 1474 3361 1585 3))αὲ
3385 1475 3571 1535 primus
3591 1474 3748 1521 edidit

490 1555 505 1583 ι
552 1543 682 1585 Fena
748 1540 912 1585 entius
945 1539 1004 1585 ad
1018 1541 1203 1585 calcem
1229 1540 1599 1585 adnotationnm
1623 1540 1673 1585 in
1699 1538 1957 1585 Irenaeum.
1996 1540 2062 1585 Co
2087 1540 2184 1585 lata
2204 1541 2337 1585 enim
2359 1539 2541 1585 codicis
2572 1540 2725 1585 nostri
2756 1539 3079 1585 inscriptione
3099 1550 3111 1584 :
3130 1537 3191 1585 In
3216 1534 3233 1585 ι
3314 1549 3342 1585 o
3389 1537 3747 1585 Responsurunt

488 1555 505 1583 ι
552 1534 1004 1598 Feuarden'tius'ad
1018 1541 1203 1586 calcem
1229 1540 1599 1587 adnotationum
1623 1540 1673 1586 in
1699 1534 1957 1587 lrenaeum:
1996 1534 2184 1598 Collata
2204 1541 2337 1587 enim
2359 1534 2541 1598 codicis
2572 1540 2725 1586 nostri
2756 1539 3079 1598 inscriptione
3099 1550 3111 1584 :
3130 1537 3191 1585 In
3216 1534 3342 1586 libro
3388 1534 3747 1598 Responsoruns

489 1616 507 1645 ι
548 1597 762 1664 capitula
796 1612 914 1657 χχιι,
937 1613 1045 1647 cum
1071 1602 1217 1648 titulo
1242 1602 1425 1649 codicis
1448 1601 1769 1659 Feuardentii
1797 1616 1807 1649 :
1836 1602 1911 1649 Ex
1933 1597 2253 1672 Responsione
2275 1596 2599 1709 capitulorum
2636 1598 2788 1649 sancti
2825 1596 3116 1660 Polucarpi,
3144 1599 3391 1670 simulque
3441 1596 3601 1671 altero
3651 1610 3743 1657 per

489 1679 504 1706 ι
546 1667 759 1709 alterum
786 1668 1032 1709 correcto.
1059 1665 1309 1709 autumavi
1334 1662 1566 1709 eumdem
1590 1674 1705 1709 esse
1747 1661 2006 1709 Polvcarni
2023 1699 2035 1709 .
2062 1661 2266 1709 forSItan
2344 1662 2566 1709 iscmulis
2610 1653 3031 1709 interroaanlibus
3054 1663 3422 1709 resnondentis.
3446 1659 3621 1708 librum
3654 1672 3743 1706 sae-

487 1679 504 1706 ι
546 1653 759 1711 alierum
786 1653 1032 1718 correcto,
1059 1665 1309 1711 autumavi
1334 1662 1566 1710 eumdem
1590 1674 1705 1709 esse
1747 1653 2036 1723 Polycarpi;
2062 1661 2266 1709 forsitan
2308 1653 2566 1724 discipulis
2610 1653 3422 1724 interrogarili'bus'respoudentis,
3446 1659 3621 1708 librum
3652 1653 3747 1706 ste-

488 1739 505 1769 ι
548 1725 667 1772 culo
692 1737 737 1786 vr
762 1724 922 1786 adhuc
943 1729 1256 1786 exstantem;
1283 1730 1594 1786 nosti-avaro
1620 1724 1815 1786 desumi
1843 1720 1876 1772 ε
1902 1720 2119 1786 capitulo
2152 1724 2232 1785 2i,
2258 1720 2516 1786 totumcine
2540 1734 2665 1784 opus
2694 1720 2981 1786 inscriptum
3005 1723 3156 1772 fuisse
3193 1737 3203 1770 :
3235 1720 3373 1774 Liber
3392 1723 3747 1785 Responsorum

487 1802 506 1833 ι
544 1788 599 1835 S.
625 1784 893 1848 Polycarpi
919 1784 1229 1849 Smyrnensis
1252 1783 1469 1850 episcopi
1490 1792 1535 1836 et
1561 1783 1811 1850 martyris.
1844 1801 1861 1833 ι

475 2081 535 2131 S.
559 2080 867 2151 Rolycarpus
892 2082 1089 2151 cuidam
1107 2081 1369 2151 discipulo,
1391 2096 1455 2151 ea;
1477 2097 1611 2137 more
1638 2084 2181 2151 veterum,_magistrum
2210 2082 2472 2151 sciscitanti
2497 2082 2559 2134 de
2590 2080 2801 2151 hominis
2817 2079 3033 2151 opiﬁcio,
3067 2077 3615 2151 respondetin‘homine
3636 2078 3743 2151 pri—

536 2140 1037 2270 ;oaluisse
1058 2182 1072 2206 ,
1107 2140 1378 2209 plasmante
1417 2148 1519 2198 Deo
1543 2184 1558 2208 ,
1600 2154 1807 2211 quatuor
1849 2140 2110 2208 eleménta;
2155 2145 2409 2198 mulierem
2449 2158 2563 2197 vero
2601 2158 2665 2197 ea:
2717 2140 2914 2210 pulvere
2947 2149 2995 2195 et
3020 2140 3168 2195 costa
3207 2142 3259 2193 in
3301 2140 3531 2194 Ecclesia:
3574 2140 3743 2207 typum

536 2212 857 2256 elformatam.

472 2353 514 2411 1.
561 2354 835 2410 Formavit
873 2357 1041 2427 igitur
1076 2356 1330 2412 Dominus
1362 2355 1503 2412 Deus
1530 2357 1790 2411 hominem
1827 2354 1891 2411 de
1928 2356 2056 2410 limo
2088 2366 2130 2422 Β
2159 2369 2349 2425 aquas;
2378 2353 2579 2410 dehinc
2604 2353 2770 2409 etiam
2798 2352 2940 2425 ignis
2960 2367 3025 2409 ex
3053 2352 3303 2409 siccitate
3325 2366 3449 2422 quas
3480 2350 3532 2407 ei
3556 2360 3741 2407 terrar-

541 2437 697 2482 terra:
729 2428 882 2498 (Gen.
919 2444 980 2494 ιι,
1019 2428 1094 2498 7).

549 2582 732 2640 Victor
764 2584 879 2656 (24)
915 2585 1203 2655 episcopus
1231 2585 1432 2655 Capuat
1480 2583 1536 2638 in
1587 2583 1730 2638 libro
1765 2582 2059 2654 Responso-

472 2696 611 2744 rum,
646 2678 885 2747 capitulo
909 2678 1173 2748 vigesimo
1205 2679 1406 2749 primo,
1437 2678 1740 2733 secundum
1774 2676 2055 2733 Hebraaam

470 2771 904 2826 translationem.

540 2886 726 2941 Refert
768 2883 1050 2955 Scriptura
1093 2885 1275 2940 divina
1322 2887 1467 2955 quod
1508 2886 1810 2941 humanum
1851 2898 2053 2955 corpus

468 2984 754 3045 assumpto
787 2973 932 3029 Deus
964 2974 1097 3027 limo
1127 2984 1287 3029 terrm
1324 2976 1711 3044 plasmaverit;
1760 2991 1872 3046 quo
1915 2977 2049 3031 limo

468 3066 693 3121 nomine
744 3064 858 3135 (‘25)
901 3066 1182 3120 humidam
1228 3066 1403 3120 voluit
1443 3066 1740 3134 signiﬁcari
1787 3066 2051 3121 substan-

468 3159 623 3212 tiam.
659 3157 801 3227 Ergo
842 3157 950 3211 duo
979 3158 1245 3213 elementa
1281 3159 1558 3215 evidenter
1598 3161 1858 3227 ostendit,
1892 3170 2053 3217 terra:

467 3249 635 3303 simul
668 3258 722 3303 et
756 3264 932 3318 aquae.
972 3249 1078 3303 Sed
1107 3265 1175 3304 ex
1212 3250 1409 3305 horum
1444 3252 1777 3321 quibusdam
1809 3254 2053 3323 qualita-

380 3347 393 3357 ‘
466 3342 615 3397 tibus
654 3341 994 3409 reliquorum
1027 3341 1261 3396 duorum
1303 3343 1671 3399 introducitur
1706 3345 2050 3414 intellectus,

464 3434 518 3487 id
566 3442 651 3489 est
687 3434 832 3489 aeris
884 3448 951 3488 ex
996 3433 1226 3489 humore
1254 3436 1349 3505 qui
1386 3437 1697 3491 communis
1732 3446 1817 3493 est
1853 3438 1904 3493 ei
1928 3480 1945 3505 ,
1998 3448 2054 3495 et

2161 2462 2268 2518 que
2296 2446 2663 2503 communiter
2694 2446 2856 2501 inest.

2164 2559 2229 2615 ll.
2266 2560 2501 2627 Cumque
2530 2560 2908 2625 obdormisset,
2952 2558 3075 2614 tulit
3123 2574 3286 2613 unam
3323 2558 3387 2613 de
3428 2560 3588 2612 costis
3622 2559 3736 2627 ejus

2228 2640 2279 2685 et
2320 2628 2531 2701 replevit
2582 2647 2789 2701 carnem
2816 2647 3028 2701 prorea,
3072 2641 3121 2685 et
3154 2630 3438 2698 aediﬁcavit
3477 2628 3735 2683 Dominus

2229 2699 2599 2757 Deus'costam
2624 2699 2777 2771 (Gen.
2822 2718 2883 2767 ιι,
2912 2700 3028 2769 21).

2224 2792 2336 2850 Nos
2368 2794 2648 2850 nascimur
2681 2793 2820 2865 (26),
2841 2793 2973 2863 quia
3010 2793 3098 2848 ille
3132 2807 3199 2848 ex
3240 2793 3345 2848 alia
3376 2801 3571 2847 natura
3604 2807 3738 2861 pru-

2154 2887 2403 2953 ducitur;
2455 2887 2652 2941 mulier
2703 2902 2771 2943 ex
2816 2894 2969 2942 costa
3007 2886 3115 2955 iam
3170 2886 3408 2941 hominis
3441 2885 3603 2948 facti,
3634 2896 3738 2939 nos

2156 2987 2339 3034 autem
2366 2994 2434 3034 ex
2461 2980 2687 3035 semine.
2718 2980 2899 3046 Quare
2938 2981 3043 3035 tria
3071 2979 3403 3050 colliguntur
3432 2993 3553 3034 esse
3585 2978 3737 3047 prin-

2152 3071 2296 3141 cipia
2325 3072 2609 3127 hominum
2650 3062 3049 3127 creandorum:
3102 3071 3313 3142 pulvis,
3354 3080 3507 3126 costa
3546 3079 3601 3125 et
3649 3085 3737 3125 se-

2152 3174 2301 3218 men.
2352 3162 2422 3219 Et
2459 3179 2627 3220 causa
2656 3165 2843 3221 lateris
2873 3166 2981 3231 sui,
3009 3166 3061 3221 id
3104 3174 3189 3221 est
3215 3165 3426 3231 uxoris,
3465 3165 3636 3220 Adam
3668 3165 3738 3220 de

2154 3255 2411 3324 paradiso
2436 3257 2744 3327 projicitur.
2782 3256 2849 3314 Et
2888 3266 3236 3314 sacramento
3279 3257 3467 3313 lateris
3506 3257 3734 3321 Christi,

2153 3348 2221 3403 de
2252 3362 2364 3417 quo
2397 3349 2638 3404 manavit
2663 3350 2889 3421 sanguis
2912 3351 3157 3421 martyrii
3180 3360 3235 3406 et
3265 3366 3408 3422 aqua
3438 3350 3739 3421 baptisma—

2153 3440 2247 3505 tis,
2293 3439 2535 3496 Ecclesia
2568 3440 2764 3511 recipit
2793 3442 3129 3511 paradisum.

537 3589 651 3667 (23)
679 3588 1025 3667 Spicilegium
1070 3590 1413 3667 Solesmense,
1446 3592 1791 3667 complectens
1830 3604 2046 3667 sancto-
2074 3600 2118 3659 (ζ
2152 3594 2269 3667 lius.
2300 3594 2558 3663 Parisiis,
2591 3612 2680 3667 ap.
2716 3595 2929 3651 Firmin
2956 3595 3119 3651 Didot
3143 3596 3358 3667 fratres.
3386 3596 3733 3663 MDCCCLII,

462 3678 579 3714 rum
607 3661 830 3714 Patrum
852 3662 1267 3731 scriptorumque
1287 3663 1764 3717 ecclesiasticarum
1792 3665 2049 3719 anecdota

462 3734 710 3806 hactenus
735 3748 913 3806 opera.
959 3734 1148 3806 selecto
1181 3732 1441 3806 e_Graecis
1493 3734 1953 3806 Orientalibusque
1998 3746 2048 3791 et

461 3801 673 3872 Latinis
695 3801 980 3872 codicibus,
1002 3803 1356 3872 publicijuris
1381 3806 1524 3872 facta
1541 3847 1556 3871 ,
1584 3815 1803 3859 curante
1840 3801 2045 3861 Damno

550 3872 618 3928 B.
644 3871 843 3946 Ριτιιᾼ,
871 3870 936 3926 0.
966 3873 1023 3927 S.
1057 3875 1122 3928 Β.
1153 3870 1407 3946 monac/to
1440 3893 1467 3929 e
1488 3870 1890 3946 congregatione
1916 3877 2045 3931 Gal-

458 3942 587 4010 lica,
607 3943 875 3997 nonnullis
898 3958 965 3997 ea:
985 3946 1200 3999 abbatia
1217 3945 1535 4001 Solesmensi
1560 3942 1709 4017 opem
1724 3948 2044 4018 conferenti-

2155 3665 2295 3720 ιιι-4.

2226 3737 2344 3801 (24)
2382 3737 2649 3809 inseritur
2671 3737 3034 3809 fragmentum
3072 3738 3205 3793 illud
3231 3739 3285 3793 in
3313 3739 3435 3795 cod.
3455 3782 3470 3805 ,
3496 3738 3572 3793 fol
3602 3738 3731 3793 15b.

2225 3809 2339 3880 (s5)
2380 3808 2497 3880 Quo
2524 3808 2652 3863 limo
2677 3808 2904 3864 nomine.
2933 3810 3305 3873 Annositionis
3338 3827 3494 3880 casu,
3522 3809 3734 3865 Latinis

2150 3888 2205 3935 et
2233 3878 2439 3933 Gracis
2473 3879 2751 3935 familiari.

2221 3950 2337 4021 (εδ)
2359 3948 2552 4006 Exstat
2581 3951 2737 4008 locus
2762 3951 2852 4008 ille
2882 3952 2939 4008 in
2970 3953 3094 4009 cod.
3128 3951 3223 4009 fol.
3256 3952 3323 4009 18
3354 3952 3384 3996 ⁵
