4142 6444
491 355 631 411 1029
1075 353 1292 413 EPIST.
1332 352 1688 410 ECCLESUE
1725 353 1976 409 SMYRN.
2022 354 2111 409 DE
2150 353 2513 409 MARTYRIO
2560 355 2615 409 S.
2658 354 3064 411 POLYCARPI.
3619 359 3760 415 1050

509 514 3727 550 W

1298 674 1515 760 ΤΗΣ
1590 673 2227 760 ΣΜΥΡΝΑΙΩΝ
2303 671 2940 761 ΕΚΚΑΗΣΙΑΣ

1794 880 1955 933 ΠΕΡΙ
1988 880 2396 934 ΜΑΡΤΥΡΙΟΥ

668 1072 1105 1243 ΤΟΥ
1234 1072 1912 1244 ΑΓΙΟΥ
2036 1072 3622 1249 ΠΟΛΥΚΑΡΠΟΥ

1040 1371 1925 1506 ΕΠΙΣΤΟΛΗ
2006 1374 2995 1512 ΕΓΚΥΚΛΙΟΣ
3065 1380 3177 1453 θδ)

1252 1799 1984 1919 ECCLESI/E
2065 1805 2991 1922 SMYRNENSIS

2067 2027 2158 2083 DE

620 2166 1643 2365 MARTYRIO
1734 2209 2418 2368 SANCTI
2500 2214 3599 2377 POLYCARPI

1432 2492 2007 2588 EPISTOLA
2080 2496 2801 2591 CIRCULARIS

489 2832 554 2887 Ἥ
585 2834 881 2905 Ἐκκλησία
910 2834 1003 2889 τοῦ
1036 2834 1246 2908 Θεοῦ,ἠ
1282 2839 1623 2910 παροικοῦσα
1655 2840 1912 2913 Σμύρναν
1929 2840 2065 2911 (29)’
2095 2851 2125 2904 Α

2122 2842 2415 2905 LEcelesia
2460 2844 2723 2915 Dei°qu2e
2767 2845 3015 2919 Smyrnae
3056 2849 3455 2919 peregrinatur,
3498 2849 3758 2909 Ecclesia!

547 2930 612 2999 τῇ
659 2927 955 2999 Ἐκκλησία
1002 2928 1095 2981 τοῦ
1141 2928 1278 2982 Θεοῦ
1325 2933 1391 3001 τῇ
1439 2933 1779 3006 παροικούσῃ
1813 2935 1872 2987 ὲν
1912 2935 2065 2988 Φιλο-

2244 2934 2337 2989 Dei
2386 2952 2508 3005 quae
2562 2937 2872 2993 Philomelii
2928 2941 3342 3009 peregrinatur,
3397 2952 3452 2995 et
3501 2944 3758 2998 (minibus

550 3020 728 3090 μηλίῳ
777 3021 910 3089 (50),
960 3022 1053 3074 καὶ
1105 3022 1305 3086 πάσαις
1338 3025 1457 3086 ταῖς
1495 3025 1637 3079 κατὰ
1689 3025 1867 3079 πάντα
1898 3023 2064 3082 τόπον

2243 3030 2448 3100 ubique
2506 3042 2779 3087 terrarum
2833 3044 3035 3088 sanctae
3076 3045 3131 3089 et
3175 3037 3457 3090 catholicae
3498 3036 3758 3092 Ecclesiae

547 3112 647 3182 τῆς
682 3112 842 3180 ἁγίας
894 3113 986 3166 καὶ
1021 3113 1315 3184 καθολικῆς
1371 3113 1695 3187 Ἐκκλησῖας
1745 3120 2063 3189 παροικίαις

2244 3123 2542 3193 paraeciis:
2580 3122 2979 3189 misericordia,
3035 3137 3140 3195 pax
3191 3137 3245 3181 et
3289 3129 3528 3183 Charitas
3576 3144 3605 3184 a
3645 3128 3757 3184 Deo

546 3203 690 3275 (31)'
727 3204 895 3268 ἔλεος,
948 3205 1139 3276 εἰρήνη
1174 3206 1269 3258 καὶ
1314 3206 1501 3277 ἀγάπη
1536 3207 1644 3260 ἀπὸ
1676 3209 1813 3262 Θεοῦ
1847 3210 2063 3279 Ματρὸς

2242 3212 2403 3268 Patre
2430 3222 2486 3268 et
2528 3212 2761 3270 Domino
2804 3224 2995 3272 nostro
3033 3216 3163 3272 Jesu
3205 3218 3427 3275 Christo
3489 3221 3756 3292 multipli-

545 3294 639 3347 καὶ
684 3294 778 3348 τοῦ
830 3294 1039 3366 Κυρίου
1072 3294 1233 3366 ἡμῶν
1298 3294 1476 3369 Ἰησοῦ
1522 3294 1762 3369 Χριστοῦ
1822 3299 2063 3371 πληθυν-
2240 3314 2417 3362 cetur.

543 3385 682 3457 θείη.

1358 3482 1400 3539 Ι.
1438 3484 1515 3540 De
1548 3487 1811 3557 martyrio
1842 3486 2132 3557 Polycarpi
2160 3496 2211 3542 et
2245 3489 2513 3542 sociorum
2543 3489 2852 3545 scribimus.

554 3638 901 3710 Ἐγράψαμεν
935 3640 1084 3712 ὑμῖν,
1130 3640 1369 3710 ἀδελφοὶ,
1416 3641 1483 3695 τὰ
1517 3643 1660 3696 κατὰ
1692 3644 1816 3707 τοὺς
1859 3659 2069 3714 μαρτυ-

2246 3643 2580 3713 Scripsimus
2626 3645 2820 3709 vobis,
2848 3645 3044 3701 fratres
3065 3686 3080 3709 ,
3118 3648 3186 3703 de
3225 3647 3558 3720 martyribus
3599 3661 3653 3707 et
3684 3653 3752 3708 de

475 3734 771 3805 ρήσαντσς,
801 3736 894 3789 καὶ
927 3736 1019 3788 τὸν
1057 3735 1326 3808 μακάριον
1367 3736 1746 3807 Πολύκαρπον,
1776 3737 1925 3798 ὅστις
1958 3734 2068 3788 ὥσ-

2171 3736 2331 3791 beato
2358 3736 2682 3808 Polycarpo,
2721 3740 2814 3807 qui
2839 3741 3103 3809 martyrio
3133 3756 3256 3804 suo,
3288 3744 3434 3797 velut
3464 3745 3750 3814 signaculo

472 3842 582 3898 περ
628 3830 1035 3899 ὲπισφραγίσας
1080 3832 1145 3900 τῇ
1203 3830 1480 3901 μαρτυρίᾳ
1524 3828 1688 3883 αὐτοῦ
1750 3829 2065 3901 κατέπαυσε

2169 3827 2442 3897 quodam,
2491 3828 2857 3897 persecutioni
2904 3830 3064 3883 linem
3100 3830 3379 3900 imposuit.
3423 3832 3557 3888 Fere
3602 3838 3747 3890 enim

472 3918 564 3971 τὸν
591 3919 853 3990 διωγμόν.
902 3920 1094 3990 Σχεδὸν
1126 3920 1235 3991 γὰρ
1281 3921 1460 3974 πάντα
1493 3920 1560 3975 τὰ
1596 3921 1905 3992 προάγοντα
1940 3920 2065 3988 ὲγέ-

2168 3929 2387 3983 cuneta,
2409 3936 2532 3989 qua:
2566 3931 2984 3989 praecesserunt,
3004 3922 3125 3977 ideo
3154 3937 3471 3989 evenerunt,
3507 3934 3566 3979 ut
3595 3928 3749 3982 nobis

475 4029 615 4077 νετο,
661 4014 745 4066 ἵνα
779 4014 910 4085 ἡμῖν
944 4013 1196 4086 ὁΚύριος
1225 4012 1432 4067 ἄνωθεν
1468 4012 1710 4084 ἐπιδείξῃ
1744 4011 1805 4064 τὸ
1834 4010 1975 4065 κατὰ
2005 4010 2067 4064 τὺ

2169 4013 2438 4068 Dominus
2465 4014 2703 4082 desuper
2741 4015 3055 4069 ostenderet
3078 4018 3428 4086 martyrium,
3456 4018 3749 4087 Evangelio

473 4106 803 4175 Εὑαγγέλιον
849 4107 1171 4180 μαρτύριον.
1224 4106 1557 4177 Περιὲμενεν
1594 4106 1725 4178 γὰρ,
1761 4106 1848 4158 ἵνα
1889 4102 2109 4177 παρα-1

2113 4104 2139 4156 Β
2168 4122 2493 4176 congruum.
2531 4105 2883 4175 Exspectavit
2920 4108 3065 4160 enim
3100 4108 3261 4173 tradi,
3305 4109 3447 4162 sicut
3472 4117 3527 4163 et
3562 4108 3749 4166 Domi-

471 4199 621 4273 δοοῇ,
653 4200 728 4264 ὡς
748 4200 843 4255 καὶ
869 4202 897 4253 ὁ
933 4200 1154 4272 Κύριος,
1193 4200 1281 4252 ἵνα
1308 4198 1543 4269 μιμηταὶ
1576 4198 1670 4251 καὶ
1703 4198 1865 4268 ἡμεῖς
1898 4195 2064 4252 αὑτοῦ

2168 4214 2292 4261 nus,
2323 4205 2382 4263 ut
2406 4207 2461 4249 et
2482 4212 2585 4251 nos
2609 4197 2783 4267 ipsius
2813 4213 3061 4253 essemus
3083 4198 3408 4265 imitatores,
3437 4215 3543 4255 non
3569 4202 3747 4256 solum

473 4292 782 4363 γενώμεθα,
840 4293 913 4364 μὴ
965 4294 1123 4363 μόνον
1171 4290 1501 4354 σκοποῦντες
1541 4291 1604 4345 τὸ
1647 4289 1769 4343 καθ’
1815 4289 2063 4355 ἑαυτοὺς,

2166 4299 2354 4344 nostra
2381 4290 2826 4355 considerantes,
2855 4290 2950 4344 sed
2975 4300 3030 4345 et
3058 4305 3120 4344 ea
3144 4329 3161 4355 ,
3195 4308 3319 4361 quae
3350 4292 3416 4345 ad
3466 4294 3749 4361 proximos

472 4386 611 4439 ἀλλὰ
633 4385 803 4440 καὶτὸ
830 4386 971 4440 κατὰ
1002 4387 1130 4448 τοὺς
1158 4386 1346 4448 πέλας.
1411 4385 1657 4456 Ἀγάπης
1684 4385 1793 4457 γὰρ
1828 4382 2065 4455 ἀληθοῦς

2164 4384 2460 4452 pertinent.
2495 4380 2792 4435 Charitatis
2830 4380 2975 4435 enim
3004 4396 3147 4435 verae
3178 4397 3243 4435 ac
3276 4382 3465 4436 solidas
3495 4390 3599 4447 est,
3639 4400 3747 4437 non

474 4480 563 4532 xu."
594 4479 819 4547 βεϐαίας
847 4479 1017 4544 ἐστὶν,
1056 4479 1131 4551 μὴ
1163 4478 1322 4549 μόνον
1355 4479 1548 4534 ἑαυτὸν
1570 4479 1745 4533 θέλειν
1769 4477 2059 4543 σώζεσθαι,

2166 4475 2329 4529 modo
2368 4490 2426 4531 se
2450 4475 2630 4545 ipsum
2660 4473 2798 4529 velle
2818 4474 3046 4541 servari,
3091 4474 3187 4530 sed
3221 4476 3388 4530 etiam
3423 4491 3615 4531 omnes
3638 4475 3749 4533 fra-

471 4572 610 4626 ἀλλὰ
643 4572 739 4626 καὶ
761 4572 970 4637 πάντας
997 4573 1124 4636 τοὺς
1154 4570 1438 4641 ἀδελφούς.
2160 4576 2294 4622 tres.

1626 4725 1694 4779 Il.
1733 4723 2038 4795 Martyrum
2068 4722 2203 4776 mira
2227 4721 2547 4777 constantia.

545 4886 812 4958 Μακάρια
831 4885 928 4958 μὲν
942 4880 1035 4939 οὖν
1051 4883 1143 4939 καὶ
1172 4885 1394 4954 γενναῖα
1411 4882 1480 4937 τὰ
1499 4881 1775 4955 μαρτύρια
1796 4881 1972 4936 πάντα
1995 4880 2065 4933 τὰ

2242 4877 2403 4934 Beata
2451 4886 2505 4932 et
2538 4891 2802 4948 generosa
2834 4875 3057 4930 fuerunt
3083 4884 3278 4931 cuncta
3312 4877 3594 4947 martyria,
3625 4893 3747 4948 quae

472 4978 616 5032 κατὰ
633 4976 693 5030 τὸ
713 4974 1026 5047 θθηματοῦ
1039 4972 1175 5028 Θεοῦ
1190 4974 1468 5043 γεγονότα.
1488 4973 1580 5025 Δεῖ
1592 4972 1701 5044 γὰρ
1715 4971 1827 5043 (52)
1848 4969 2065 5024 εὐλαϐε-

2163 4969 2321 5039 juxta
2372 4969 2707 5022 voluntatem
2760 4966 2853 5019 Dei
2891 4977 3211 5021 evenerunt.
3270 4965 3409 5019 Cum
3440 4967 3587 5021 enim
3644 4982 3745 5021 nos

474 5068 699 5140 στέρους
718 5070 864 5140 ἡμᾶς
890 5067 1251 5139 ὑπάρχοντας,
1281 5065 1359 5136 τῷ
1389 5064 1509 5134 Θεῷ
1540 5063 1640 5134 τὴν
1669 5062 1810 5116 κατὰ
1844 5062 2061 5116 πάντων

2170 5060 2543 5130 religiosiores
2617 5057 2835 5121 simus,
2884 5054 2997 5110 Deo
3040 5056 3287 5109 omnium
3351 5070 3533 5109 rerum
3589 5066 3734 5123 pote-

473 5162 719 5230 ἐξουσίαν
747 5160 1056 5217 ἀνατιθέναι
1087 5159 1221 5231 (55).
1243 5158 1355 5229 (54)
1390 5156 1464 5209 Τὸ
1478 5156 1587 5228 γὰρ
1612 5158 1857 5224 γενναῖον
1886 5154 2067 5208 αὐτῶν
2094 5155 2109 5210 ί

2103 5151 2139 5212 C
2171 5161 2368 5207 statem
2403 5149 2748 5204 ascribamus
2790 5155 3026 5217 oportet.
3060 5147 3196 5213 Quis
3231 5146 3378 5200 enim
3413 5147 3739 5217 generosita-

541 5314 659 5438 l€28)
682 5314 796 5371 Cfr.
819 5312 1090 5379 Neander,
1125 5310 1355 5367 Kirchen
1369 5307 1665 5376 Gesch.t.l,
1694 5324 1750 5379 p.
1780 5306 1906 5375 10⁵1,
1925 5322 2048 5378 sqq.
2159 5306 2254 5359 καὶ
2281 5306 2411 5375 γάρ,
2441 5318 2607 5360 sensu
2643 5302 2805 5384 plane
2831 5302 3002 5355 nullo.
3040 5301 3344 5357 Cotelerius
3370 5316 3401 5357 e
3426 5302 3743 5384 conjectura

505 5396 526 5441 t
589 5386 738 5441 useb.
776 5384 924 5441 Hist.
949 5384 1076 5439 eccl.
1110 5384 1207 5437 lib.
1240 5398 1314 5441 IV,
1346 5398 1397 5435 c.
1426 5378 1513 5436 l5.
2159 5378 2263 5441 χρή
2290 5378 2356 5430 ad
2387 5390 2539 5430 oram
2573 5374 2696 5427 li-brl
2731 5384 3011 5441 posuerat.
3042 5372 3249 5427 Sensus
3271 5385 3394 5427 est;
3427 5392 3445 5422 ι
3480 5371 3617 5426 Cum
3650 5373 3743 5426 Det

470 5400 503 5441 e

589 5371 738 5441 useb.
776 5384 924 5441 Hist.
949 5371 1088 5439 eccl.
1110 5384 1207 5437 lib.
1240 5398 1314 5447 IV,
1346 5398 1397 5435 c.
1426 5378 1513 5436 l5.
1651 5371 1660 5376 ⁷
1696 5371 1712 5379 ’
1893 5371 1900 5375 ⁷
2159 5378 2263 5448 χρή
2290 5371 2539 5430 Μόιυιιιιι
2573 5371 2696 5448 libri
2731 5384 3011 5442 posuerat.
3042 5372 3249 5448 Sensus
3271 5385 3356 5448 est
3382 5396 3396 5448 ;_
3427 5392 3445 5422 ι
3480 5371 3617 5426 Cum
3650 5373 3743 5426 Dei

544 5456 660 5527 (29)
694 5455 829 5511 Vide
878 5472 1001 5526 quae
1031 5454 1097 5509 ad
1119 5456 1280 5524 epist.
1302 5442 1324 5505 ἰ
1351 5452 1523 5508 Clem.
1555 5451 1625 5505 ad
1650 5449 1891 5506 Corinth.
1916 5463 1967 5505 c.
1997 5446 2049 5515 Ι,
2159 5442 2440 5527 voluntate
2499 5445 2681 5527 omnia
2738 5455 3025 5527 regantur,
3076 5443 3239 5497 etiam
3271 5442 3640 5527 ‘Polycarpus
3686 5454 3743 5497 et

473 5516 590 5581 not.
631 5516 664 5580 3
689 5516 1095 5581 adnotavimus.
1151 5516 1169 5524 ”
2159 5518 2295 5571 socii
2321 5518 2479 5587 juxta
2507 5516 2749 5569 divinam
2780 5517 3115 5569 voluntatem
3150 5516 3408 5584 martyrio
3431 5524 3558 5567 sunt
3584 5530 3745 5568 coru-

548 5598 663 5667 (30)
694 5597 768 5652 Ita
813 5598 1099 5667 legendum
1140 5610 1263 5651 cum
1296 5592 1723 5667 cod.ﬂV_indob.,
1773 5599 2048 5667 c_u_m_vet.
2160 5590 2350 5667 nati_._i
2391 5656 2406 5667 _
2512 5656 2531 5667 '
2639 5656 2653 5667 _
2806 5658 2811 5667 λ
3018 5654 3030 5666 .
3310 5655 3322 5667 _
3397 5654 3409 5666 θ

474 5655 576 5723 int‘.
603 5655 1101 5737 etEuseinistor.
1124 5669 1251 5720 εδει.
1288 5655 2052 5737 iv,15.Reliquieodd.<bt).a-
2235 5660 2349 5737 (ῥὸ)
2382 5656 2466 5737 ita
2503 5656 2848 5737 .lacobsonu‘s
2869 5697 2884 5719 ,
2940 5655 3033 5737 qui
3080 5656 3268 5737 multis
3310 5655 3442 5710 locis
3475 5662 3684 5709 textum
3712 5670 3743 5710 e

472 5738 689 5808 δελφίᾳ,
722 5732 1245 5808 JAC.Philomelium
1279 5727 1362 5791 est
1390 5736 1523 5808 urbs
1545 5727 1814 5792 Phrygiae.
2134 5802 2135 5807 γ
2164 5727 2357 5808 codice
2382 5727 2793 5808 Eindobonensi
2825 5727 3151 5808 emendavit.

544 5794 950 5880 (3|)Cl‘r._lgn.
978 5810 1046 5861 ad
1080 5805 1499 5880 Smyrn._e.8.___
1565 5875 1578 5880 _
1623 5875 1635 5880 _
1706 5873 1753 5880 __
1797 5877 1807 5880 _
1848 5832 2008 5880 r__._
2134 5802 2135 5807 “
2233 5801 2348 5869 (54)
2388 5798 2655 5880 Probatur
2692 5798 3048 5880 DllnC._qthl
3083 5796 3239 5880 initio
3291 5794 3485 5864 Capitis
3530 5795 3738 5851 dictum

547 5868 661 5952 (52)
692 5878 768 5934 Ita
798 5868 1137 5935 Jacobsonus
1171 5868 1199 5935 ἑ
1232 5878 1416 5934 codice
1446 5875 1674 5932 Vindob.
1706 5873 1844 5932 Male
1870 5872 2012 5932 Editi
2036 5893 2049 5929 εκ
2163 5884 2263 5939 est,
2294 5873 2550 5939 martyria
2578 5871 2664 5924 illa
2694 5868 2861 5924 fuisse
2894 5868 3047 5922 beata
3078 5878 3131 5922 et
3154 5883 3436 5937 generosa.
