4142 6402
434 355 568 411 1051

1654 350 1692 404 S
1743 346 2200 405 POLYCARPUS
2238 347 2547 406 MARTYR.

3587 347 3723 402 1052

433 481 542 526 teni
571 487 761 527 eorum
791 479 845 526 et
887 470 1205 539 patientiam
1234 479 1287 524 et
1321 486 1449 540 erga
1492 470 1782 524 Dominum
1830 471 2010 524 chari—

2117 471 2210 523 καὶ
2253 470 2656 542 ὑπομονητικὸν
2689 471 2781 524 καὶ
2830 468 3212 539 φιλοδέσποτον
3251 468 3334 531 τίς
3369 469 3469 521 οὐκ
3498 468 3565 521 ἂν
3597 469 3726 521 θαυ-

433 570 600 614 tatem
635 577 743 614 non
768 560 1093 623 admiretur,
1124 561 1219 629 qui
1260 561 1491 629 ﬂagellis
1519 561 1655 615 adeo
1684 561 1927 626 lacerati,
1961 570 2021 615 ut

432 652 501 705 ad
535 652 757 706 intimas
798 667 978 721 usque
1016 669 1182 707 venas
1214 662 1268 706 et
1306 655 1539 708 arterias
1581 655 1831 723 corporis
1869 663 2017 709 stru-

431 752 588 796 ctura
615 754 951 802 cerneretur.
977 752 1159 796 tamen
1193 744 1606 811 sustinuerunt;
1637 745 1737 812 ita,
1764 754 1824 798 ut
1853 745 2019 799 etiam

430 840 673 886 astantes
704 832 1099 884 miserarentur
1126 842 1180 885 et
1240 833 1562 902 plangerent
1584 874 1598 897 ,
1645 833 1750 902 ipsi
1794 848 1923 887 vero
1953 849 2019 888 eo

431 922 774 977 fortitudinis
804 922 1079 985 venirent,
1120 936 1179 976 ut
1214 938 1375 977 neruo
1402 923 1620 976 illorum
1656 938 1835 993 neque
1866 939 2018 977 mur-

429 1024 676 1069 niuraret
703 1030 883 1085 neque
906 1016 1324 1085 ingemisceret,
1355 1016 1615 1071 omnibus
1643 1019 2016 1081 ostendentes,

427 1106 574 1175 quod
601 1116 873 1178 martyres
897 1106 1101 1161 Christi
1144 1108 1279 1162 hora
1313 1107 1416 1162 ista
1447 1124 1555 1178 qua
1596 1111 2018 1179 torquebantur,

427 1206 581 1251 extra
628 1212 850 1251 carnem
897 1198 1121 1264 fuerint,
1166 1207 1261 1252 aut
1313 1199 1702 1268 potius,quod
1750 1198 2021 1255 Dominus

428 1286 694 1341 assistens
714 1300 839 1340 cum
872 1286 1008 1356 ipsis
1031 1295 1178 1341 esset
1200 1288 1548 1343 collocutus?
1570 1289 1748 1358 Atque
1770 1287 1838 1342 ad
1862 1289 2021 1346 Chri—

427 1377 496 1431 sti
529 1380 758 1447 gratiam
788 1379 1131 1434 attendentes
1167 1379 1450 1434 mundana
1484 1389 1758 1435 tormenta
1788 1396 2017 1450 sperne-

426 1470 581 1534 bant,
617 1470 785 1526 unius
825 1472 977 1525 horae
1023 1472 1202 1541 spatio
1234 1488 1294 1526 se
1338 1472 1407 1526 ab
1437 1482 1641 1527 aeterna
1672 1489 1836 1544 pinna
1877 1474 2021 1527 redi-

425 1572 658 1618 mentes.
685 1562 1052 1633 Frigidusque
1077 1565 1211 1634 ipsis
1229 1564 1515 1619 videbatur
1541 1566 1683 1637 ignis
1711 1566 2018 1621 crudelium

424 1657 766 1711 carnificum.
795 1656 913 1712 Prae
937 1658 1114 1713 oculis
1145 1658 1291 1713 enim
1328 1660 1605 1714 habebant
1643 1659 1826 1731 fugam
1871 1661 2019 1715 illius

427 1750 599 1819 ignis,
632 1750 727 1818 qui
777 1758 1016 1805 aeternus
1047 1760 1132 1806 est
1164 1762 1218 1806 et
1258 1768 1541 1822 nunquam
1594 1753 2016 1823 exstinguetur,

2124 561 2348 631 μάσειεν
2364 578 2378 623 ;
2394 561 2441 614 οἳ
2464 562 2682 631 μάστιξι
2705 562 2801 632 μὲν
2818 559 3263 624 καταξανθέντες,
3280 558 3421 611 ὥστε
3438 558 3598 629 μέχρι
3616 558 3726 611 τῶν

2117 652 2230 705 ἔσω
2264 652 2477 722 φλεϐῶν
2504 654 2598 706 καὶ
2629 652 2906 724 ἀρτηριῶν
2934 652 3030 722 τὴν
3058 651 3156 721 τῆς
3185 651 3387 722 σακρὸς
3412 650 3724 719 οἰκονομίαν

2121 743 2465 815 θεωρεῖσθαι,
2513 746 2844 815 ὑπέμειναν,
2897 743 2973 806 ὡς
3019 741 3115 795 καὶ
3172 741 3298 805 τοὺς
3348 740 3723 812 περιεστῶτας

2120 835 2291 889 ἐλεεῖν
2334 836 2429 889 καὶ
2461 834 2782 907 ὀδύρεσθαι·
2813 836 2940 898 τοὺς
2980 833 3039 886 δὲ
3072 830 3166 886 καὶ
3192 832 3273 894 είς
3315 831 3566 884 τοσοῦτον
3593 847 3720 897 γεν-

2120 925 2404 997 ναιότητος
2441 925 2647 989 ἐλθεῖν,
2692 924 2831 977 ὥστε
2870 926 3007 995 μήτε
3049 922 3248 994 γρύξαι
3292 924 3427 994 μήτε
3466 921 3721 987 στενάξαι

2120 1018 2241 1071 τινὰ
2291 1018 2494 1081 αὐτῶν,
2546 1015 3019 1087 ἐπιδεικνυμένους
3072 1016 3274 1070 ἅπασιν
3325 1018 3479 1086 ἡμῖν,
3533 1017 3615 1069 ὄτι
3660 1018 3719 1069 ὲν

2120 1110 2306 1181 ἐκείνῃ
2334 1113 2401 1181 τῇ
2434 1108 2555 1181 ὥρᾳ
2580 1107 3016 1178 βασανιζόμενοι,
3048 1109 3148 1179 τῆς
3167 1107 3377 1179 σαρκὸς
3405 1108 3719 1177 ἀπεδήμουν

2120 1202 2170 1253 οί
2207 1202 2484 1272 μάρτυρες
2516 1201 2609 1253 τοῦ
2633 1200 2893 1272 Χριστοῦ,
2928 1200 3127 1270 μᾶλλον
3148 1199 3224 1263 δὲ,
3259 1200 3342 1251 ὅτι
3371 1198 3662 1268 παρεστὼς
3690 1201 3719 1251 ὁ

2120 1290 2326 1364 Κύριος
2355 1291 2549 1363 ὡμίλει
2590 1292 2807 1356 αὐτοῖς;
2840 1291 2951 1344 Καὶ
2972 1290 3333 1362 προσέχοντες
3357 1292 3422 1359 τῇ
3457 1288 3550 1341 τοῦ
3583 1290 3717 1360 Χριμ

2121 1383 2250 1436 στοῦ
2286 1383 2470 1455 χάριτι
2496 1382 2604 1437 τῶν
2625 1382 2908 1453 κοσμικῶν
2938 1381 3305 1453 κατεφρόνουν
3330 1380 3596 1451 βασάνων,
3627 1379 3716 1434 διὰ

2124 1477 2254 1546 μιᾶς
2284 1476 2435 1548 ὥρας
2464 1476 2563 1547 τὴν
2590 1473 2808 1529 αἰώνιον
2833 1474 3051 1528 κόλασιν
3090 1473 3558 1545 ἐξαγοραζόμενοι.
3602 1473 3714 1525 Καὶ

2120 1570 2181 1622 τὸ
2215 1569 2325 1642 πῦρ
2356 1566 2424 1642 ἦν
2444 1571 2627 1634 αὐτοῖς
2641 1570 2849 1641 ψυχρὸν
2879 1570 2939 1622 τὸ
2972 1569 3079 1622 τῶν
3106 1568 3331 1639 ἀπηνῶν
3354 1566 3711 1638 βασανιστῶν.

2121 1663 2235 1733 Πρὸ
2265 1662 2561 1734 ὀφθαλμῶν
2593 1663 2702 1734 γὰρ
2745 1659 2890 1734 εἶχον
2923 1666 3117 1732 φυγεῖν
3149 1662 3209 1715 τὸ
3242 1662 3458 1715 αἰώνιον
3490 1662 3586 1714 καὶ
3613 1680 3716 1733 μη-

2120 1755 2309 1809 δέποτε
2340 1756 2699 1827 σϐεννύμενον
2731 1755 2861 1827 πῦρ,
2880 1755 2973 1809 καὶ
3003 1758 3117 1818 τοῖς
3137 1754 3235 1824 τῆς
3268 1754 3495 1826 καρδίας
3519 1752 3715 1822 ὀφθαλδ

423 1851 479 1895 et
506 1841 681 1910 oculis
706 1842 891 1897 cordis
922 1844 1291 1912 respiciebant
1312 1845 1378 1898 ad
1401 1861 1465 1898 ea
1492 1846 1656 1911 bona,
1680 1860 1803 1914 quae
1836 1860 2019 1899 reser-

2126 1843 2246 1910 μοῖς
2280 1815 2576 1896 ἀνέδλεπόν
2608 1843 2677 1896 τὰ
2705 1815 3015 1913 τηρὸῦμενα
3048 1815 3161 1906 τοῖς
3188 1815 3714 1913 ῦῠπομέίνασινάγα-

422 1943 625 1988 vantur
661 1934 1088 2000 sustinentibus,
1131 1954 1149 1986 ι
1182 1952 1304 2005 quae
1334 1952 1435 1991 nec
1479 1937 1631 1991 auris
1660 1935 1870 1990 audivit
1921 1951 2023 1993 nec

424 2025 621 2080 oculus
663 2024 836 2088 vidit,
872 2040 975 2079 nec
1010 2026 1062 2079 in
1111 2042 1208 2080 cor
1255 2026 1497 2081 hominis
1552 2026 1969 2092 ascenderunt’,
1995 2046 2013 2079 ι

336 2118 343 2127 ”
421 2132 546 2186 qua:
577 2132 707 2171 vero
737 2133 767 2171 a
805 2118 1041 2171 Domino
1078 2127 1382 2173 monstrata
1413 2128 1543 2173 sunt
1580 2119 1673 2183 iis,
1706 2127 1896 2188 utpote
1922 2120 2017 2186 qui

422 2224 531 2262 non
563 2208 816 2264 homines
850 2209 1110 2279 amplius,
1145 2210 1238 2265 sed
1254 2210 1368 2280 jam
1401 2211 1581 2280 angeli
1612 2218 1816 2266 essent.
1851 2209 2018 2264 Simi-

419 2299 547 2354 liter
577 2300 671 2370 qui
695 2300 762 2354 ad
803 2300 1012 2355 bestias
1036 2310 1196 2355 erant
1223 2302 1609 2368 condemnati,
1647 2316 1843 2372 graves
1884 2316 2012 2356 cru-

419 2390 597 2445 ciatus
631 2392 1013 2459 pertulerunt,
1067 2408 1233 2462 super
1279 2393 1522 2448 murices
1556 2393 1856 2463 prostrati,
1908 2408 2009 2448 va-

419 2483 629 2552 riisque
657 2483 783 2538 aliis
827 2485 1118 2539 tormentis
1143 2485 1483 2551 excruciati,
1518 2494 1610 2553 ut,
1648 2490 1697 2541 si
1744 2486 1863 2542 ﬁeri
1905 2501 2037 2557 ρο·-³

422 2573 640 2639 tuisset,
669 2581 934 2644 tyrannus
963 2590 1060 2629 eos
1093 2574 1419 2632 assiduitate
1451 2577 1707 2648 supplicii
1739 2577 1805 2632 ad
1844 2592 2011 2648 nega-

422 2662 627 2718 tionem
649 2662 856 2718 Christi
877 2664 1216 2721 adduxisset.

2122 1930 2211 1995 θά,
2254 1951 2273 1983 ι
2310 1934 2346 1988 ἀ
2389 1933 2515 1987 οὔτε
2556 1931 2649 1998 οὖς
2683 1935 2935 2005 ἤκουσεν,
2969 1934 3092 1988 οὔτε
3120 1934 3397 2005 ὀφθαλμὸς
3416 1932 3713 1997 εἷδεν,οὖτε

2120 2024 2213 2077 ἐπὶ
2249 2026 2478 2098 καρδίαν
2520 2026 2809 2099 ἀνθρώπου
2845 2027 3034 2097 ἀνέϐη,
3078 2046 3095 2077 ›
3132 2026 3359 2089 ἐκείνοις
3395 2026 3452 2079 δὲ
3498 2025 3714 2078 ὑπεδεί-

2118 2138 2280 2174 κνυτο
2313 2118 2417 2172 ὑπὸ
2451 2119 2544 2173 τοῦ
2566 2120 2798 2191 Κυρίου,
2838 2120 2996 2191 οἵπερ
3033 2119 3230 2190 μηκέτι
3262 2118 3562 2189 ἄνθρωποι,
3598 2114 3715 2171 ἀλλ’

2117 2212 2219 2284 ἤδη
2247 2213 2468 2282 ἄγγελοι
2501 2209 2661 2284 ἦσαν.
2706 2213 2940 2284 Ὁμοίως
2968 2212 3025 2265 δὲ
3056 2212 3150 2265 καὶ
3188 2212 3269 2275 είς
3300 2211 3367 2264 τά
3398 2210 3565 2282 θηρία
3595 2228 3716 2282 κρι-

2116 2304 2304 2368 θέντες
2334 2303 2636 2375 ὑπέμειναν
2672 2302 2785 2374 (55)
2816 2302 2997 2365 δεινὰς
3029 2302 3312 2364 κολάσεις,
3347 2290 3593 2372 κήρυκας
3616 2301 3714 2371 μὲν

2120 2396 2649 2469 ὑποστρωννύμενοι,
2685 2395 2781 2448 καὶ
2813 2395 3001 2457 ὥλλαις
3034 2392 3307 2455 ποικίλαις
3345 2390 3595 2461 βασάνοις
3616 2409 3708 2444 κο-

2114 2489 2499 2561 λαφιζόμενοι,
2552 2489 2659 2553 ἵνα,
2709 2490 2758 2541 εἰ
2804 2485 3055 2557 δυνηθείη
3102 2487 3131 2538 ό
3174 2484 3433 2555 τύραννος
3477 2484 3565 2537 διὰ
3612 2484 3708 2554 τῆς

2118 2582 2378 2653 ὲπιμόνου
2406 2581 2681 2644 κολάσεως
2702 2581 2785 2644 εἰς
2815 2580 3042 2651 ἄρνησιν
3073 2577 3267 2640 αὐτοὺς
3300 2575 3496 2647 τρέψῃ.

1225 2820 1320 2874 III.
1364 2816 1668 2875 Germanici
1703 2823 2029 2877 constantia.
2062 2821 2359 2892 Polycarpi
2388 2837 2531 2875 mors
2561 2820 2891 2891 postulatur.

490 2972 658 3027 Multa
702 2973 852 3027 enim
893 2974 1161 3030 adversus
1205 2974 1330 3031 illos
1351 2975 1607 3032 diabolus
1658 2977 2010 3032 machinatus

2185 2975 2366 3030 Πολλά
2431 2976 2539 3047 γὰρ
2599 2976 2912 3047 ἐμηχανᾶτο
2963 2975 3085 3029 κατ’
3139 2972 3320 3029 αὐτῶν
3361 2975 3389 3023 ὁ
3436 2971 3701 3037 διάϐολος.

417 3073 522 3122 est.
560 3062 665 3120 Sed
701 3066 874 3135 gratia
908 3065 979 3120 sit
1014 3064 1166 3132 Deo;
1196 3082 1322 3120 nam
1352 3068 1627 3123 nominent
1655 3068 1758 3124 iste
1790 3069 2010 3124 vincere

419 3157 619 3228 potuit.
656 3156 1018 3214 Fortissimus
1044 3157 1189 3212 enim
1228 3158 1591 3216 Germanicus
1626 3176 1819 3216 eorum
1856 3161 2007 3216 timi-

416 3249 645 3304 ditatem
706 3251 1018 3307 constantia
1063 3267 1163 3307 sua
1205 3253 1620 3318 corroboravit;
1673 3253 1874 3324 quippe
1915 3254 2011 3323 qui

418 3341 705 3411 splendide
751 3356 876 3395 cum
914 3341 1108 3398 bestiis
1143 3343 1491 3414 pugnaverit.
1528 3343 1664 3399 Nam
1717 3362 1841 3400 cum
1886 3362 2013 3416 pro-

417 3433 615 3488 consul
640 3438 765 3487 eu'm
800 3432 1017 3490 ﬂectere
1052 3436 1213 3490 vellet
1238 3435 1576 3506 diceretque,
1612 3446 1673 3491 ut
1704 3452 1859 3492 suam
1895 3437 2012 3508 ipse

418 3532 634 3579 atatem
667 3524 1046 3594 miseraretur,
1080 3527 1169 3581 ille
1189 3526 1419 3581 bestiam
1461 3528 1605 3582 ultro
1637 3528 1703 3583 ad
1744 3544 1804 3583 se
1839 3538 2012 3583 attra—

420 3617 505 3669 xit
539 3615 701 3685 eique
730 3616 840 3669 vim
868 3616 1074 3683 intulit,
1106 3617 1338 3686 cupiens
1358 3616 1601 3672 velocius
1634 3632 1698 3672 ex
1728 3618 1933 3688 injusta
1961 3628 2016 3674 et

420 3708 611 3778 iniqua
653 3708 877 3762 illorum
923 3708 1208 3762 hominum
1234 3708 1343 3761 vita
1376 3708 1637 3778 eﬂ‘ugere.
1672 3707 1883 3764 Exinde
1915 3724 2014 3763 au-

426 3809 533 3855 tem
569 3801 827 3855 universa
872 3801 1170 3856 multitudo
1192 3842 1207 3868 ,
1250 3799 1630 3855 fortitudinem
1678 3801 1753 3871 pii
1789 3816 1853 3855 ac
1887 3800 2014 3855 reli-

421 3890 561 3961 giosi
589 3889 1031 3945 Christianorum
1072 3891 1291 3961 generis
1323 3890 1628 3953 admirata,
1651 3890 2013 3946 exclamavit:

426 3998 446 4031 ι
473 3977 628 4034 Tolle
659 3979 890 4049 impios;
927 3977 1265 4050 Polycarpus
1304 3979 1691 4051 requiratur!»

2134 3066 2297 3120 Ἀλλά
2316 3066 2474 3138 χάρις
2501 3064 2577 3136 τῷ
2608 3065 2727 3136 Θεῷ
2745 3081 2757 3095 ·
2792 3065 2931 3119 κατά
2964 3065 3185 3119 πάντων
3209 3063 3318 3135 γὰρ
3347 3063 3445 3116 οὐκ
3468 3064 3702 3135 ἴσχυσεν.

2133 3157 2193 3209 ὐ
2223 3157 2337 3227 γάρ
2379 3156 2755 3225 γενναιότατος
2795 3156 3135 3228 Γερμανικὸς
3167 3154 3279 3225 (56)
3330 3153 3707 3226 ἐπεῤῥώννυεν

2120 3245 2299 3301 αὐτῶν
2323 3246 2422 3316 τὴν
2453 3246 2655 3300 δειλίαν
2677 3246 2764 3302 διά
2797 3248 2894 3319 τῆς
2924 3250 2981 3300 ἐν
3013 3246 3163 3317 αὑτῷ
3200 3246 3499 3317 ὑπομονῆς·
3520 3246 3579 3311 ὃς
3612 3246 3705 3299 καὶ

2120 3341 2410 3411 ἐπισήμως
2452 3339 2912 3411 ὲθηριομάχησεν.
2956 3338 3288 3409 Βουλομένου
3322 3338 3431 3409 γὰρ
3462 3337 3555 3391 τοῦ
3572 3337 3704 3391 ἀνθ-

2113 3430 2323 3485 υπάτου
2371 3430 2577 3484 πείθειν
2631 3429 2796 3486 αὐτὸν
2833 3430 2969 3503 (57),
3004 3431 3096 3484 καὶ
3136 3430 3386 3498 λέγοντος
3413 3428 3560 3500 (58),
3606 3428 3705 3499 τὴν

2120 3522 2337 3595 ἡλικίαν
2368 3522 2536 3577 αὐτοῦ
2582 3525 2991 3595 κατοικτεῖραι,
3025 3521 3203 3593 ἑαυτῷ
3248 3522 3599 3575 ἐπεσπάσατο
3641 3520 3704 3574 τὸ

2107 3612 2294 3684 θηρίον
2323 3612 2822 3685 προσϐιασάμενος,
2845 3614 3031 3683 τάχιον
3053 3611 3147 3665 τοῦ
3170 3610 3355 3664 ἀδίκου
3382 3609 3475 3664 καὶ
3496 3610 3701 3681 ἀνόμου

2111 3704 2228 3775 βίου
2262 3704 2444 3758 αὐτῶν
2471 3704 2857 3774 ἀπαλλαγῆναι
2892 3703 3235 3775 βουλόμενος.
3268 3702 3362 3755 Ἐκ
3394 3701 3583 3756 τούτου
3608 3698 3701 3755 οὖν

2108 3798 2220 3850 πᾶν
2250 3796 2311 3850 τὸ
2339 3796 2575 3867 πλῆθος,
2613 3796 2903 3868 θαυμάσαν
2944 3796 3056 3867 (59)
3088 3795 3187 3865 τὴν
3218 3794 3574 3865 γενναιότητα
3606 3794 3699 3847 τοῦ

2109 3887 2395 3957 θεοφιλοῦς
2439 3889 2536 3943 καὶ
2600 3888 2889 3953 θεοσεϐοῦς
2932 3889 3123 3957 γένους
3165 3886 3274 3939 τῶν
3318 3886 3695 3957 Χριστιανῶν,

2107 3979 2410 4052 ἐπεϐόησεν
2430 3998 2443 4011 ·
2480 4000 2499 4034 ι
2537 3976 2672 4053 Αἶρε
2704 3982 2829 4047 τοὺς
2859 3982 3051 4046 ἀθέους
3070 3999 3085 4012 ο
3120 3978 3386 4053 ζητείσθω
3418 3979 3698 4050 Πολύκαρ-

2108 4089 2232 4135 πος.
2262 4090 2280 4123 ι

1730 4221 1821 4278 1V.
1858 4223 2091 4290 Quintus
2120 4237 2385 4297 apostata.

495 4375 729 4443 Quidam
758 4391 921 4443 vero,
966 4376 1191 4432 nomine
1231 4375 1505 4444 Quintus,
1545 4378 1767 4434 natione
1792 4377 2007 4452 Phryx,

2185 4377 2283 4448 Εἷς
2311 4384 2388 4449 δὲ,
2424 4384 2649 4457 ὀνόματι
2676 4384 2923 4449 Κόϊντος,
2949 4384 3114 4457 Φρὺξ,
3150 4384 3477 4456 προσφάτως
3505 4382 3693 4453 ἐληλυ-

419 4471 515 4541 qui
544 4485 717 4538 nuper
755 4485 823 4523 ex
856 4468 1094 4539 Phrygia
1143 4471 1467 4538 advenerat,
1500 4486 1625 4526 cum
1662 4471 1889 4528 vidisset
1913 4474 2006 4527 be-

421 4565 578 4630 stias,
613 4562 807 4616 timore
833 4563 1119 4632 perculsus
1146 4574 1248 4618 est.
1288 4561 1388 4618 Hic
1425 4575 1606 4618 autem
1642 4573 1781 4629 erat,
1813 4566 1909 4634 qui
1945 4580 2005 4619 se

420 4658 600 4726 ipsum
635 4664 688 4709 et
729 4654 868 4709 alios
912 4655 1180 4724 quosdam
1214 4656 1532 4725 impulerat,
1570 4664 1629 4709 ut
1674 4655 1816 4710 ultro
1848 4671 2003 4711 acce-

419 4750 632 4805 derent.
668 4746 809 4802 Huic
838 4750 1132 4817 proconsul
1168 4749 1355 4803 multis
1386 4749 1857 4804 obsecrationibus
1878 4764 2002 4818 per-

421 4840 597 4896 suasit
632 4840 819 4910 jurare
863 4854 929 4893 ac
972 4840 1305 4895 sacrilicare.
1359 4840 1590 4911 Pr0pter
1643 4840 1748 4895 hoc
1798 4840 1997 4909 igitur,

418 4931 639 4995 fratres,
665 4945 775 4985 non
797 4929 1085 4985 laudamus
1108 4948 1226 4996 eos,
1255 4934 1350 5003 qui
1374 4942 1565 5002 sponte
1588 4948 1708 4987 sese
1727 4932 1997 4999 offerunt;

416 5021 863 5094 quandoquidem
894 5033 1002 5073 non
1032 5020 1106 5074 lta
1143 5022 1306 5078 docet
1331 5021 1712 5093 Evangelium.

487 5177 509 5209 ⁷
542 5183 564 5235 l
592 5179 719 5236 Cor.
756 5196 817 5249 ιι,
841 5182 896 5237 9.

489 5337 605 5406 (55)
641 5340 719 5389 lta
754 5334 1099 5391 Jacobsonus
1124 5349 1155 5389 e
1181 5333 1342 5389 codd.
1375 5330 1609 5406 Yindob.
1634 5339 1688 5385 et
1711 5328 1889 5385 Paris.
1922 5328 1983 5383 In

418 5403 593 5461 Editis
616 5422 716 5478 pro
748 5407 1047 5477 ὑπέμειναν
1080 5407 1276 5478 legitur
1297 5403 1514 5478 χρόνον.

486 5477 600 5549 (56)
618 5470 766 5549 'Ejus
787 5470 1110 5549 memoriam
1136 5470 1263 5529 Jan.
1292 5470 1357 5529 f9
1381 5472 1699 5526 Latinorum
1722 5470 1999 5526 celebrant

421 5545 828 5619 Martyrologia.
871 5545 1070 5601 Ussr-zn.

492 5610 601 5689 (57⁷)
641 5610 851 5673 Nomen
882 5617 1260 5689 proconsulis,
1304 5614 1459 5671 Lucii
1494 5612 1655 5668 Statii
1694 5610 1992 5678 Quadrati,

419 5687 987 5764 babe_$inlra_c.__21._
1097 5759 1110 5764 _
1504 5754 1518 5764 _
1594 5753 1629 5764 η
1704 5753 1714 5764 ,
1806 5750 1942 5764 ...._.

417 5760 603 5881 λ,(58)
644 5760 722 5815 Ita
766 5759 915 5816 dedit
958 5757 1307 5816 Jacobsonus
1338 5773 1371 5815 e
1417 5754 1541 5814 cod.
1590 5753 1767 5809 Paris.
1805 5750 1945 5809 Editi
1978 5765 1991 5804 :

450 5847 615 5881 εγειν.

450 5847 615 5900 εγειν.

2112 4475 2221 4540 θὼς
2264 4477 2374 4531 ἀπὸ
2431 4478 2530 4549 τῆς
2572 4479 2847 4546 Φρυγίας,
2886 4477 3009 4531 ἰδὼν
3053 4478 3121 4531 τά
3164 4476 3329 4548 θηρία
3372 4475 3688 4529 ἑδειλίασεν.

2110 4563 2281 4633 Οὗτος
2310 4569 2365 4621 δὲ
2396 4566 2464 4640 ἦν
2494 4574 2523 4624 ὁ
2554 4570 3036 4642 παραϐιασάμενος
3082 4568 3271 4621 ἑαυτόν
3314 4584 3373 4619 τε
3406 4566 3499 4619 καί
3539 4577 3689 4627 τινας

2108 4661 2429 4733 προσελθεῖν
2458 4662 2685 4725 ἑκόντας
2719 4660 2851 4731 (40).
2887 4660 3086 4713 Τοῦτον
3118 4662 3146 4712 ὁ
3171 4657 3495 4721 ἀνθύπατος,
3520 4654 3687 4709 πολλὰ

2106 4746 2504 4819 ὲκλιπαρήσας,
2528 4748 2746 4802 ἔπεισεν
2775 4749 2970 4819 ὀμόσαι
2996 4749 3090 4802 καὶ
3115 4746 3388 4800 ὲπιθύσαι.
3408 4746 3504 4799 Διά
3530 4742 3687 4797 τοῦτο

2103 4836 2219 4905 οὖν,
2243 4840 2483 4909 ἀδελφοὶ,
2508 4841 2609 4893 οὐκ
2638 4841 2970 4913 ἐπαινοῦμεν
3000 4840 3124 4904 τοὺς
3148 4838 3529 4910 προσδιδόντας
3560 4837 3688 4889 ἐαυ-

2104 4930 2231 4995 τούς
2270 4931 2413 5003 (41)·
2459 4932 2650 5005 ἐπειδὴ
2686 4933 2786 5004 οὐχ
2828 4932 3001 4997 οὕτως
3041 4931 3279 4986 διδάσκει
3333 4931 3393 4983 τὸ
3441 4927 3688 4999 Εὐαγγέ-

2102 5020 2216 5076 λιον
2244 5021 2376 5094 (42).

2164 5331 2278 5400 ('59)
2318 5329 2395 5385 Ita
2427 5329 2543 5387 Jac.
2580 5346 2611 5387 e
2640 5330 2803 5386 codd.
2838 5328 3075 5386 Vindob.
3107 5337 3162 5383 et
3201 5324 3378 5381 Paris.
3425 5324 3679 5394 reposuit

2092 5416 2195 5472 pro
2234 5403 2380 5473 vulg.
2408 5402 2715 5473 θαυμάσας.

2191 5472 2279 5544 40)
2321 5467 2362 5544 Ῑ.
2392 5489 2449 5544 e._
2474 5491 2491 5523 ι
2517 5467 2718 5542 ’θροηιο
2747 5487 2805 5526 se
2822 5470 3275 5544 persecutoribus
3310 5467 3589 5544 oﬂerrent.
3620 5486 3639 5519 ι

2190 5540 2279 5608 41)
2319 5542 2395 5597 Ita
2426 5540 2789 5598 Jacobsonus.
2821 5541 2999 5611 Editi;
3024 5540 3349 5611 προσιόντας
3383 5541 3617 5600 ἑαυτοῖς.

2190 5606 2280 5683 42)
2320 5613 2482 5687 Jubet
2520 5615 2677 5687 enim
2716 5613 2897 5687 potius
2945 5606 3299 5687 Evangelium
3323 5653 3335 5674 ,
3372 5611 3557 5679 fugere
3606 5606 3675 5687 ad

2093 5682 2267 5738 aliam
2289 5685 2565 5739 civitatem
2594 5682 2823 5751 (Matth.
2868 5698 2924 5747 χ,
2952 5682 3058 5750 25)
3085 5698 3099 5747 ;
3130 5682 3202 5734 ita
3244 5694 3427 5735 tamen
3480 5689 3581 5751 fut,
3627 5682 3676 5732 si

2093 5756 2281 5828 fugere
2315 5770 2425 5809 non
2459 5750 2639 5820 liccat,
2680 5768 2828 5808 mors
2857 5761 3173 5809 constanter
3198 5751 3429 5808 feratur.
3457 5750 3630 5805 Cum.
