4142 6428
507 362 644 418 {053

1174 359 1389 415 EPIST.
1424 358 1779 417 ECCLESII'E
1813 360 2060 415 SMYBN.
2102 362 2109 416 l

2220 362 2579 421 MARTYRIO
2615 366 2670 421 S.
2713 366 3125 424 POLYCARPI.

3626 371 3767 427 £055

1702 482 1765 536 V.
1803 481 2089 552 Polycarpi
2119 501 2350 539 secessus
2380 495 2429 539 et
2461 487 2614 540 visio.

586 606 644 659 '0
674 606 731 659 δέ
763 606 1213 678 θαυμασιώτατος
1240 606 1618 678 Πολύκαρπος,
1652 607 1713 660 τὸ
1748 608 1847 678 μέν
1871 606 2086 679 πρῶτον

2204 628 2211 629 ν
2263 608 2596 681 Polycarpus
2617 619 2822 673 autem,
2849 611 2935 664 vir
2974 611 3213 666 maxime
3244 609 3609 675 admirabilis,
3648 610 3765 680 pri—

503 699 742 763 ἁκούσας
772 699 871 752 οὐκ
922 701 1198 773 ἐταράχθη
1227 742 1240 765 ,
1290 701 1404 754 ἀλλ’
1454 700 1706 753 ἐϐούλετο
1750 701 1890 754 κατὰ
1940 702 2094 754 πόλιν

507 794 719 863 μένειν·
755 794 801 844 oi
833 792 891 844 δὲ
924 792 1143 856 πλείους
1173 794 1389 847 ἔπειθον
1420 794 1582 847 αὐτὸν
1616 791 1945 858 ὑπεξελθεῖν.
1982 795 2092 848 Kal

504 882 802 956 ὑπεξῆλθεν
835 887 915 949 είς
946 886 1209 957 ἀγρίδιον,
1244 887 1303 938 οὐ
1341 886 1559 957 μακρὰν
1603 886 1804 957 ἀπέχον
1849 886 1957 940 ἀπὸ
1992 886 2090 957 τῆς

504 975 743 1039 πόλεως·
798 976 894 1029 καὶ
941 976 1178 1047 διέτριϐε
1222 976 1330 1047 (45)
1370 979 1487 1047 μετ’
1520 976 1737 1045 ὀλίγων,
1773 976 1943 1031 νύκτα
1996 977 2090 1031 καὶ

504 1068 717 1139 ἡμέραν
760 1068 911 1121 οὐδὲν
943 1068 1129 1140 ἕτερον
1177 1070 1377 1133 ποιῶν,
1412 1069 1445 1139 ἢ
1481 1069 1919 1141 προσευχόμενος
1961 1068 2089 1139 περ)¹

504 1161 744 1223 πάντων,
781 1159 878 1212 καὶ
918 1162 1026 1213 τῶν
1058 1160 1200 1214 κατὰ
1232 1160 1330 1230 τὴν
1361 1160 1686 1231 οἰκουμένην
1718 1158 2081 1230 Ἐκκλησιῶν·

501 1251 637 1321 ὅπερ
663 1245 731 1319 ἦν
766 1248 993 1320 σύνηθες
1025 1249 1193 1319 αὐτῷ.
1220 1250 1332 1303 Kal
1364 1251 1801 1320 προσευχόμενος
1834 1251 1892 1301 ἐν
1916 1248 2087 1301 ὀπτα-

506 1342 594 1412 σίᾳ
638 1342 824 1410 γέγονε
860 1342 964 1412 πρὸ
995 1342 1163 1413 τριῶν
1194 1342 1419 1413 ἡμερῶν
1451 1341 1544 1396 τοῦ
1583 1340 1957 1413 συλληφθῆναι
1989 1339 2113 1392 αὐ-”

501 1434 623 1485 τόν·
662 1433 758 1485 καὶ
792 1429 931 1485 εἶδεν
966 1433 1404 1504 προσκεφάλαιον
1431 1432 1596 1487 αὐτοῦ
1645 1434 1748 1486 ὑπὸ
1782 1433 1954 1505 πυρὸς
1988 1448 2088 1484 κα-

500 1524 876 1594 τακαιόμενον.
902 1524 1013 1577 Kal
1046 1525 1309 1595 στραφεὶς
1333 1523 1486 1577 εἶπεν
1514 1525 1651 1596 πρὸς
1683 1525 1809 1588 τοὺς
1834 1524 2090 1585 συνόντας

499 1616 649 1687 αύτῷ
681 1618 1068 1689 προφητικῶς⁸
1108 1638 1126 1669 ι
1155 1620 1246 1671 Δεῖ
1281 1635 1346 1691 με
1381 1616 1559 1681 ζῶντα
1593 1618 1866 1687 καυθῆναι
1901 1616 2032 1687 (44).
2064 1634 2085 1666 ι

2197 719 2373 769 mum,
2406 720 2467 757 re
2505 704 2690 757 audita
2721 718 2831 757 non
2863 705 3133 769 turbatus,
3172 704 3229 758 in
3270 704 3404 759 urbe
3443 718 3767 773 permanere

2197 796 2445 862 volebat;
2489 796 2733 865 plerique
2769 804 2947 850 tamen
2985 797 3034 850 ei
3077 807 3486 866 persuaserunt,
3522 805 3581 851 ut
3616 811 3768 851 sece—

2196 885 2368 941 deret.
2401 886 2467 940 Et
2517 887 2743 941 secessit
2767 886 2822 939 in
2847 886 3031 939 villam
3056 927 3072 951 ,
3120 902 3227 940 non
3260 887 3488 941 multum
3537 886 3605 940 ab
3633 886 3768 941 urbe

2194 979 2445 1034 dissitam
2474 996 2487 1045 ;
2522 978 2614 1032 ubi
2643 994 2766 1031 cum
2799 978 2986 1047 paucis
3013 979 3233 1043 mansit,
3259 979 3351 1033 diu
3383 988 3659 1048 noctuque
3690 979 3768 1032 nil

2192 1072 2337 1127 aliud
2372 1086 2559 1143 agens,
2587 1071 2691 1126 nisi
2727 1073 3086 1143 quodjoraret
3127 1087 3226 1142 pro
3269 1073 3547 1129 universis
3583 1082 3637 1128 et
3665 1088 3767 1143 pro

2190 1163 2446 1218 omnibus
2488 1178 2585 1231 per
2626 1163 2813 1217 orbem
2849 1162 3137 1229 Ecclesiis;
3177 1164 3319 1231 quod
3372 1163 3475 1232 ipsi
3517 1173 3636 1218 erat
3674 1178 3767 1218 so-

2190 1254 2390 1308 lemne.
2420 1252 2487 1307 Et
2532 1269 2654 1308 cum
2684 1262 2897 1319 oraret,
2944 1255 3125 1308 ll‘ldltO
3179 1265 3467 1325 antequam
3516 1270 3767 1325 compre-

2192 1346 2539 1411 henderetur,
2574 1346 2712 1400 visio
2740 1347 2790 1400 ei
2824 1346 3038 1416 obtigit,
3066 1346 3308 1415 viditque
3344 1346 3575 1402 cervical
3603 1363 3765 1404 suum

2194 1438 2451 1493 incendio
2479 1435 2847 1507 conﬂagrans.
2883 1436 2949 1490 Et
2978 1452 3277 1492 conversus
3308 1438 3375 1491 ad
3416 1439 3594 1493 socios
3636 1454 3764 1509 pro-

2195 1529 2410 1599 phetice
2440 1528 2611 1583 dixit:
2642 1546 2660 1579 ι
2686 1528 2912 1597 Oportet
2938 1544 3023 1583 me
3050 1530 3235 1584 vivum
3262 1530 3533 1585 comburi.
3564 1551 3581 1581 ι

1306 1737 1393 1791 Vl.
1434 1737 1765 1809 Polycarpus
1798 1755 1831 1792 a
1864 1735 2069 1792 servulo
2102 1733 2368 1804 proditur.
2407 1730 2643 1785 Herodes
2676 1732 2977 1788 irenarcha.

570 1853 682 1906 Kal
704 1854 1072 1924 ἐπιμενόντων
1104 1856 1211 1907 τῶν
1240 1853 1547 1925 ζητούντων
1569 1857 1754 1921 αὐτὸν,
1782 1855 1980 1928 μετέϐη
2008 1857 2087 1918 εἰς

500 1944 687 2015 ἕτερον
720 1945 962 2016 ἁγρίδιον
983 1963 995 1975 ·
1033 1946 1127 1999 καὶ
1163 1947 1364 2010 εὐθέως
1383 1947 1692 2018 ἐπέστησαν
1717 1948 1765 2000 οί
1800 1944 2087 2016 ζητοῦντες

498 2038 682 2092 αὐτόν.
720 2036 830 2089 Kal
866 2036 938 2107 μὴ
972 2037 1258 2107 εὑρόντες,
1296 2037 1646 2091 συνελάϐοντο
1680 2036 1941 2108 παιδάρια
1971 2034 2083 2098 δύο,

2264 1849 2598 1906 [astantibus
2649 1859 2827 1905 autem
2889 1851 2956 1906 iis
3015 1850 3107 1921 qui
3143 1851 3460 1921 quaerebant
3500 1865 3661 1916 eum,
3711 1851 3765 1905 in

2194 1943 2354 1998 aliam
2394 1943 2578 1997 villam
2616 1944 2904 2013 migravit;
2942 1950 2995 1997 et
3037 1944 3221 1998 statim
3259 1944 3485 1998 aderant
3513 1944 3767 2013 explora-

2194 2043 2361 2090 tores.
2388 2034 2636 2105 Cumque
2662 2036 2814 2089 illum
2841 2050 2947 2089 non
2972 2036 3324 2105 reperissent,
3351 2036 3490 2090 duos
3518 2036 3767 2091 servulos

499 2120 574 2179 ὧν
606 2127 664 2178 τὸ
712 2126 899 2196 ἕτερον
945 2125 1369 2197 βασανιζόμενον
1401 2126 1772 2197 ὡμολόγησεν.
1816 2122 1925 2177 Ἦν
1974 2124 2082 2195 γὰρ

2190 2124 2757 2195 comprehenderunt,
2788 2140 3022 2196 quorum
3056 2124 3213 2189 alter,
3248 2124 3535 2179 tormentis
3571 2124 3763 2178 subdi-

501 2218 594 2271 καὶ
626 2218 885 2272 ἀδύνατον
918 2217 1103 2270 λαθεῖν
1136 2218 1301 2271 αὐτὸν
1322 2259 1337 2283 ,
1372 2218 1494 2271 ἐπεὶ
1525 2218 1620 2271 καὶ
1662 2220 1711 2270 οἱ
1745 2216 2085 2289 προδιδόντες

498 2310 660 2363 αὐτόν
690 2312 879 2363 οἰκεῖοι
914 2310 1157 2380 ὑπῆρχον
1195 2308 1326 2379 (45).
1363 2310 1474 2363 Kal
1519 2311 1546 2362 ὁ
1591 2310 1913 2382 είρήναρχος
1951 2307 2080 2377 (46),

499 2406 528 2456 ό
559 2402 652 2456 καὶ
684 2400 1020 2471 κληρονόμος
1044 2400 1176 2471 (47),
1212 2400 1271 2452 τὸ
1303 2399 1436 2453 αὐτὸ
1468 2399 1640 2470 ὄνομα
1668 2399 1798 2468 (48),
1837 2398 2081 2471 Ἡρώδης

498 2495 902 2564 ἐπιλεγόμενος,
928 2491 1185 2544 ἔσπευδεν
1218 2493 1299 2554 εἰς
1331 2491 1391 2543 τὸ
1421 2490 1631 2543 στάδιον
1660 2490 1821 2543 αὐτὸν
1855 2493 2079 2559 εἰσαγα-

499 2592 649 2657 γείν’
703 2587 789 2638 ἵνα
841 2586 1048 2645 ἐκεῖνος
1085 2582 1182 2652 μὲν
1216 2581 1305 2633 τὸν
1341 2580 1469 2633 ἴδιον
1516 2580 1715 2652 κλῆρον
1759 2582 2037 2653 ἀπαρτίσῃ
2064 2622 2078 2645 ,

498 2676 736 2751 Χριστοῦ
770 2674 1023 2737 κοινωνὸς
1074 2674 1364 2743 γενόμενος
1385 2690 1396 2701 ·
1433 2674 1483 2725 οἱ
1515 2672 1571 2725 δὲ
1604 2672 1890 2745 προδόντες
1920 2673 2083 2728 αὐτὸν

498 2772 596 2843 τὴν
628 2768 793 2823 αὑτοῦ
816 2766 925 2837 (49)
952 2765 1043 2819 τοῦ
1088 2764 1258 2817 Ἰούδα
1292 2764 1577 2833 ὑπόσχοιεν
1618 2762 1908 2833 τιμωρίανε

2189 2226 2297 2282 tus,
2328 2214 2617 2271 confessus
2657 2223 2761 2270 est.
2800 2214 3141 2285 [inpossibile
3190 2222 3372 2268 autem
3422 2224 3538 2269 erat
3594 2214 3765 2269 latere

2185 2304 2399 2373 ipsum,
2430 2320 2554 2358 cum
2575 2305 2885 2374 proditores
2916 2304 3200 2358 domestici
3232 2303 3352 2374 ejus
3382 2310 3584 2359 essent.
3616 2302 3767 2359 Iren-

2185 2396 2349 2449 archa
2374 2411 2524 2459 vero,
2575 2396 2661 2450 vel
2700 2396 3069 2457 cleronomus,
3093 2400 3239 2464 quod
3270 2395 3412 2449 idem
3436 2410 3637 2449 munus
3658 2404 3762 2463 est,

2190 2488 2413 2542 nomine
2454 2487 2717 2551 Herodes,
2762 2488 2817 2541 in
2870 2486 3107 2541 stadium
3148 2488 3299 2540 illum
3335 2487 3534 2541 ducere
3563 2503 3763 2557 prope-

2191 2581 2369 2646 rabat,
2395 2590 2454 2636 ut
2485 2582 2573 2636 hic
2596 2594 2800 2636 sortem
2825 2598 2979 2636 suam
3007 2581 3276 2650 impleret,
3299 2580 3505 2634 Christi
3535 2596 3767 2635 consors

2192 2669 2415 2737 factus;
2473 2673 2777 2741 proditores
2829 2682 3010 2727 autem
3054 2673 3173 2742 ejus
3217 2670 3370 2727 Judae
3406 2687 3597 2742 poenas
3630 2674 3766 2727 sub-

2193 2766 2351 2819 eant!

1470 2880 1580 2933 VII.
1621 2880 1952 2950 Polycarpus
1986 2899 2018 2935 a
2052 2882 2473 2952 persecutoribus
2506 2883 2775 2935 invenitur.

573 3000 827 3069 Ἔχοντες
850 2990 943 3049 οὖν
974 2996 1033 3049 τὸ
1066 2994 1372 3067 παιδάριον,
1399 2997 1463 3065 τῇ
1500 2995 1843 3065 παρασκευῇ,
1868 2993 2084 3045 δείπνου

498 3093 637 3164 ὥρα,
673 3090 897 3161 ἐξῆλθον
929 3090 1221 3159 διωγμῖται
1256 3088 1350 3141 καὶ
1386 3089 1570 3149 ἱππεῖς
1592 3127 1605 3150 ,
1644 3086 1780 3156 μετὰ
1826 3086 1933 3139 τῶν
1968 3103 2091 3138 συν-

498 3184 642 3256 ήθων
688 3183 871 3245 αὐτοῖς
915 3181 1130 3244 ὅπλων,
1181 3199 1199 3232 ι
1229 3180 1303 3242 ὼς
1338 3179 1430 3231 ἐπὶ
1477 3177 1682 3249 λῃστὴν
1728 3178 2033 3250 τρέχοντες.
2063 3199 2081 3229 ι

498 3274 609 3328 Kal
653 3273 751 3342 ὀψὲ
781 3273 878 3344 τῆς
922 3270 1072 3342 ὥρας
1106 3268 1524 3331 συνεπελθόντες
1564 3268 1673 3337 (50)
1696 3310 1709 3331 ,
1746 3269 1952 3321 ἐκεῖνον
1989 3268 2087 3338 μὲν

498 3361 657 3438 εὗρον
678 3364 734 3419 ἐν
760 3381 864 3418 τινι
887 3362 1143 3433 δωματίῳ
1167 3360 1582 3431 κατακείμενον,
1608 3361 1665 3411 ἐν
1691 3360 1799 3430 (51)
1831 3360 2081 3432 ὑπερῲῳο

499 3456 753 3513 κάκεῖθεν
785 3453 1013 3523 ἠδύνατο
1054 3453 1133 3515 εἰς
1179 3452 1363 3522 ἓτερον
1398 3449 1593 3520 χωρίον
1640 3450 1927 3513 ἀπελθεῖν,
1970 3450 2086 3503 ἁλλ’

498 3548 599 3601 οὐκ
630 3544 894 3617 ἐϐουλήθη
920 3584 934 3608 ,
986 3542 1191 3595 εἰπών·
1234 3560 1251 3591 ι
1298 3539 1370 3591 Τὸ
1420 3539 1631 3611 θέλημα
1682 3539 1773 3592 τοῦ
1807 3540 1941 3592 Θεοῦ
1976 3539 2084 3609 (52)

498 3638 738 3707 γενέσθω
754 3639 795 3691 θ.
829 3657 847 3688 ι
888 3634 1152 3697 Ἀκούσας
1184 3633 1240 3685 δέ
1273 3632 1471 3694 αὐτοὺς
1504 3631 1783 3702 παρόντας
1818 3630 1957 3702 (55),
1993 3630 2085 3683 καὶ

500 3731 765 3794 καταϐὰς,
790 3728 1035 3799 διελέχθη
1070 3726 1253 3788 αὐτοῖς
1274 3741 1286 3753 ⁸
1322 3722 1713 3794 θαυμαζόντων
1746 3721 1851 3775 τῶν
1885 3722 2087 3794 παρόν-

499 3841 607 3878 των
650 3823 746 3894 τὴν
795 3821 1009 3892 ἡλικίαν
1041 3815 1205 3872 αὐτοῦ
1260 3816 1357 3872 καὶ
1410 3814 1471 3866 τὸ
1508 3814 1809 3878 εὐσταθὲς,
1861 3814 1957 3867 καὶ
2005 3814 2085 3866 ὅτι

499 3915 735 3986 τοσαύτῃ
760 3913 965 3983 σπουδῇ
996 3911 1299 3981 ἐχρήσαντο
1330 3906 1424 3959 τοῦ
1454 3904 1824 3974 συλληφθῆναι
1848 3904 2085 3957 τοιοῦτον

501 4004 813 4079 πρεσϐύτην
845 4002 1015 4074 ἄνδρα
1053 3999 1182 4070 (54).
1219 3996 1436 4059 Εὐθέως
1466 3991 1558 4048 οὖν
1603 3995 1785 4058 αὐτοῖς
1833 3995 2083 4048 ἐκέλευσε

500 4099 874 4174 παρατεθῆναι
902 4098 1096 4166 φαγεῖν
1120 4093 1213 4147 καὶ
1242 4094 1384 4144 πιεῖν
1407 4092 1465 4143 ἐν
1497 4089 1683 4161 ἐκείνῃ
1706 4092 1771 4160 τῇ
1804 4088 1942 4160 ὥρᾳ,
1964 4090 2085 4145 ὅσον

499 4196 566 4250 ἂν
600 4192 924 4265 βούλωνται·
960 4189 1261 4260 ἐξῃτήσατο
1292 4185 1348 4238 δέ
1380 4183 1597 4246 αὐτοὺς,
1626 4183 1713 4235 ἵνα
1745 4181 1907 4234 δῶσιν
1938 4182 2085 4253 αὐτῷ

497 4285 649 4360 ὥραν
684 4283 820 4356 πρὸς
853 4282 911 4336 τὸ
945 4277 1353 4353 προσεύξασθαι
1386 4274 1577 4339 ἀδεῶς.
1615 4275 1736 4327 Τῶν
1768 4275 1824 4328 δὲ
1866 4276 2085 4347 ἐπιτρε-

498 4380 734 4449 ψάντων,
760 4375 977 4438 σταθεὶς
1002 4369 1366 4445 προσηύξατο,
1394 4368 1609 4440 πλήρης
1630 4365 1704 4420 ὣν
1736 4368 1833 4439 τῆς
1866 4368 2087 4441 χάριτος

500 4472 593 4529 τοῦ
639 4467 803 4531 Θεοῦ,
837 4466 1011 4530 οὕτως
1032 4506 1045 4529 ,
1080 4464 1222 4517 ὥστε
1254 4461 1348 4515 ἐπὶ
1394 4458 1487 4514 δύο
1518 4459 1667 4530 ὧρας
1720 4457 1794 4530 μὴ
1827 4459 2085 4513 δύνασθαι

501 4565 796 4636 σιωπῆσαι,
826 4561 921 4615 καὶ
952 4559 1349 4631 ἐκπλήττεσθαι
1382 4558 1506 4620 τοὺς
1527 4556 1842 4621 ἀκούοντας,
1862 4555 2087 4622 πολλούς

498 4675 557 4711 τε
593 4656 872 4727 μετανοεῖν
895 4653 987 4705 ἐπὶ
1019 4650 1096 4722 τῷ
1127 4648 1449 4722 ἐληλυθέναι
1474 4648 1568 4701 ἐπὶ
1599 4646 1837 4700 τοιοῦτον
1870 4647 2087 4719 θεοπρε-

500 4750 577 4821 πῆ
612 4746 950 4820 πρεσϐύτην.

567 4891 589 4922 ⁸
620 4888 811 4944 Matth.
836 4902 985 4951 ξιιμ-ι,
1013 4885 1103 4940 55.
1180 4885 1200 4915 ⁹
1223 4882 1413 4937 Matth.
1439 4896 1515 4946 vr,
1550 4879 1648 4945 10;
1675 4878 1794 4934 Act.
1821 4895 1934 4947 xm,
1962 4881 2053 4935 H.

570 5005 684 5075 (45)
723 5001 801 5075 ιω
841 5000 1186 5075 ζοωὶιεοηυδ
1209 5018 1239 5054 e
1262 5000 1402 5075 cod.
1428 4998 1831 5075 P_arls.__Ed_iti_.:
1868 4996 2069 5075 ἔτριϐε.
2106 5008 2152 5066 D

569 5067 681 5144 (44)
723 5072 799 5128 lla
830 5072 1184 5144 jacobsonus
1212 5086 1241 5123 e
1285 5070 1567 5144 codicibus
1600 5069 1857 5135 Vindob.,
1894 5067 2069 5124 Paris.

497 5156 550 5203 et
575 5140 801 5199 Barocc.
829 5142 1002 5196 Editi:
1032 5140 1469 5211 κατακαυθῆναι.

571 5216 684 5285 (45)
709 5211 818 5267 Ἦν
850 5215 960 5285 γὰρ
985 5255 997 5267 .
1024 5253 1035 5264 .
1060 5252 1072 5263 .
1098 5211 1343 5285 ὑπῆρχον
1374 5229 1441 5267 ex
1468 5211 1881 5281 interpolatoris
1910 5226 2075 5265 manu

497 5282 619 5344 csse
650 5294 836 5340 censet
877 5282 1264 5352 Dalrymplius.
1289 5282 1407 5337 Jac.
1568 5351 1577 5352 ί
1610 5325 1615 5329 ,

568 5356 683 5427 (46)
724 5351 1034 5427 lrenarclue
1075 5368 1277 5427 munus
1307 5361 1454 5415 erat,
1489 5351 1780 5427 seditiosos
1822 5352 2079 5427 homines

499 5438 549 5484 et
575 5421 733 5499 partis
764 5426 993 5499 publica:
1023 5424 1337 5478 turbatores
1366 5424 1846 5499 comprehendere.
1878 5421 2079 5499 Vati-3s.

570 5493 1061 5569 (“QKMpovdaor
1086 5502 1214 5569 sunt
1241 5512 1259 5543 ι
1287 5495 1705 5569 magistratus.)
1733 5500 1881 5547 sorte
1901 5493 2079 5547 electi.

496 5563 633 5625 Cor.
664 5566 795 5620 Mihi
822 5563 982 5621 idem
1019 5565 1376 5634 magistratus
1414 5573 1528 5621 tum
1563 5563 1926 5634 εἰρήναρχος,
1960 5572 2076 5616 tum

499 5638 835 5712 κληρονόμος
860 5644 1087 5692 vocatus
1118 5635 1289 5712 tuiése
1324 5636 1558 5690 videtur.

570 5702 681 5782 (48)
716 5702 949 5779 Ὄνομα,
982 5715 1041 5760 ut
1076 5707 1299 5775 sepius,
1348 5724 1366 5758 4
1395 5720 1632 5772 munus,
1682 5702 1943 5769 ollicium,
1982 5703 2084 5766 1m,-

498 5799 622 5837 ΠΟΓ.
660 5800 679 5833 ι

572 5854 683 5925 (49)
725 5849 865 5921 Lege
896 5850 1087 5920 αὐτήν.
1119 5846 1238 5903 ιω.

822 5951 1094 6009 Ρηιιοι.
1141 5946 1256 6004 Gn.
1294 5946 1368 6005 Υ.

2264 2992 2536 3049 Habentes
2567 3009 2697 3061 ergo
2733 2993 3041 3062 puerulum,
3068 2992 3205 3048 feria
3235 3005 3408 3052 sexta.
3443 2997 3546 3051 sub
3573 2996 3766 3052 horam

2190 3102 2394 3155 coeme,
2429 3088 2632 3158 egressi
2674 3096 2802 3141 sunt
2841 3094 3222 3155 persecutores
3270 3097 3324 3141 et
3372 3089 3587 3156 equites
3636 3106 3767 3144 cum

2189 3181 2471 3236 consuetis
2500 3180 2690 3242 armis,
2724 3198 2740 3227 ι
2770 3189 3030 3248 tanquam
3052 3179 3314 3234 adversus
3340 3164 3609 3234 latronem
3638 3197 3770 3251 pro-

2190 3272 2494 3326 ﬁciscentes
2518 3272 2601 3323 ⁸.»
2651 3270 2715 3324 Et
2767 3270 2871 3324 sub
2919 3270 3292 3339 vespertinum
3345 3280 3559 3341 tempus
3602 3275 3767 3328 adve-

2190 3364 2424 3425 nientes,
2464 3362 2615 3416 illum
2652 3363 2706 3415 in
2766 3362 3039 3431 superiori
3076 3362 3330 3416 cubiculo
3366 3378 3548 3431 parvae
3579 3365 3768 3435 cujus-

2190 3455 2314 3508 dam
2370 3455 2570 3508 domus
2614 3453 3049 3507 discumbentem
3107 3453 3459 3520 invenerunt;
3514 3457 3657 3510 unde
3709 3457 3766 3511 in

2189 3545 2335 3598 aliud
2368 3544 2631 3613 praadium
2667 3542 2821 3597 abire
2873 3551 3124 3612 poterat,
3161 3544 3255 3598 sed
3288 3544 3497 3611 noluit,
3530 3544 3718 3602 dicens
3746 3564 3761 3599 :

2195 3655 2213 3686 ι
2238 3635 2358 3689 Fiat
2398 3635 2653 3689 voluntas
2695 3633 3037 3689 Dei’nCum
3077 3650 3209 3689 vero
3249 3649 3344 3689 eos
3375 3645 3620 3693 astantes
3661 3654 3766 3693 au-

2187 3728 2357 3783 disset
2419 3741 2483 3781 ac
2538 3725 2951 3793 descendisset,
3001 3741 3124 3781 cum
3171 3727 3249 3782 eis
3298 3728 3604 3785 collocutus
3637 3740 3764 3797 est,

2189 3818 2523 3872 mirantibus
2566 3816 2655 3880 iis,
2691 3816 2784 3883 qui
2828 3818 3077 3882 aderant,
3109 3825 3324 3873 aetatem
3365 3820 3485 3890 ejus
3532 3829 3586 3875 et
3630 3837 3765 3878 con-

2189 3910 2469 3974 stantiam,
2502 3908 2759 3980 quodque
2785 3907 2890 3976 ipsi
2944 3916 3093 3963 tanto
3122 3910 3304 3964 studio
3330 3911 3413 3966 usi
3445 3911 3651 3967 fuerint
3696 3916 3766 3970 ad

2187 4000 2503 4071 hujusmodi
2529 4002 2706 4053 virum
2732 4015 2916 4055 senem
2945 4001 3534 4070 comprehendendum.
3566 4003 3763 4059 Statim

2188 4108 2336 4149 nunc
2372 4094 2461 4147 illa
2506 4094 2639 4147 hora
2682 4092 2748 4149 iis
2782 4092 2967 4146 cibum
3015 4101 3069 4146 et
3104 4103 3290 4163 potum
3331 4097 3525 4165 apponi
3575 4096 3763 4166 jussit,

2187 4196 2454 4256 quantum
2486 4187 2726 4254 vellent;
2768 4187 2923 4257 petiit
2950 4195 3129 4242 autem
3163 4188 3232 4242 ab
3272 4187 3402 4251 illis,
3438 4198 3498 4243 ut
3533 4189 3637 4259 ipsi
3669 4190 3766 4244 da-

2188 4289 2311 4333 rent
2345 4281 2494 4334 horaa
2533 4280 2769 4349 spatium
2810 4280 2876 4335 ad
2909 4280 3079 4334 libere
3126 4281 3417 4335 orandum.
3456 4280 3610 4347 Quod
3640 4297 3765 4336 cum

2190 4373 2621 4435 concessissent,
2658 4382 2810 4428 stans
2863 4374 3088 4439 orabat,
3147 4374 3341 4443 plenus
3400 4375 3578 4444 gratia
3629 4374 3763 4442 Dei;

2189 4466 2325 4519 adeo
2376 4475 2433 4519 ut
2470 4482 2564 4534 per
2589 4467 2729 4520 duas
2770 4466 2937 4520 horas
2979 4474 3159 4519 tacere
3192 4480 3298 4518 non
3328 4475 3532 4534 posset,
3571 4482 3635 4521 ac
3665 4465 3768 4519 ob-

2190 4564 2565 4624 stupescerent
2588 4556 2888 4616 auditores.
2915 4556 3223 4626 multosque
3244 4572 3432 4611 eorum
3456 4559 3762 4626 paeniteret,

2189 4649 2334 4717 quod
2370 4648 2635 4703 adversus
2667 4664 2885 4714 senem,
2923 4648 3035 4704 Deo
3065 4658 3347 4720 tantopere
3391 4660 3629 4721 gratum,
3669 4665 3765 4705 ve-

2190 4741 2419 4796 nissent.

2250 5000 2363 5072 (50)
2402 5000 2476 5072 Ita
2513 4996 2760 5072 Ursserius
2787 4996 3156 5072 e_t‘_Smithius
3194 5011 3259 5072 ex
3302 4994 3523 5072 Eusebii
3553 4996 3665 5065 (Η.
3695 4997 3759 5051 Ε.

2184 5067 2271 5137 IV,
2303 5067 2404 5138 15)
2438 5071 2669 5122 lectione
2711 5067 3029 5131 ἐπελθόντες
3071 5068 3456 5137 corrigendum
3502 5083 3626 5121 esse
3663 5085 3763 5136 pu-

2185 5152 2318 5198 tant.
2352 5140 2493 5194 Editi
2522 5158 2536 5192 :
2572 5138 3015 5201 συναπελθόντες.

2258 5213 2371 5281 (51)
2413 5210 2855 5281 Prmpositionem
2889 5210 2947 5262 ἐν
2962 5210 3040 5281 ab
3070 5209 3191 5264 aliis
3218 5208 3477 5264 omissam
3519 5213 3764 5279 reposuit

2178 5279 2525 5338 Jacobsonus
2556 5296 2586 5332 c
2618 5280 2739 5333 cod.
2778 5279 3013 5334 Vindob.

2256 5353 2370 5423 (52)
2410 5351 2488 5406 lta
2531 5349 2874 5404 Jacobsonus
2918 5367 2949 5405 e
2980 5351 3158 5405 tribus
3196 5349 3403 5417 codd.;
3436 5348 3601 5422 Vulg.
3642 5354 3762 5405 Κυ-

2182 5423 2320 5496 ρίου.

2253 5494 2366 5565 (55)
2409 5492 2912 5565 lta_Jaco|isonuse
2940 5493 3100 5548 codd.
3130 5491 3286 5548 Vind.
3311 5501 3363 5546 ct
3390 5490 3568 5547 Paris.
3599 5492 3761 5565 Vulg.

2179 5560 2419 5628 ἀκούσας
2449 5560 2542 5635 οὖν
2580 5564 2705 5627 τοὺς
2737 5563 3032 5635 παρόντας.

2254 5636 2367 5706 (54)
2411 5632 2858 5716 ξιςινζιιρυὺδοιυιδ
2897 5651 2925 5688 c
2954 5635 3075 5716 cod.
3118 5632 3489 5716 ParisLVulg.
3517 5637 3763 5716 ἱεύστα-

2182 5704 2292 5778 θές,
2322 5704 2464 5768 τινὲς
2498 5706 2678 5778 ἔλεγον
2698 5723 2709 5734 ·
2761 5706 2825 5757 Ἠ
2853 5704 3107 5778 τοσαύτη
3129 5704 3352 5778 σπουδὴ,
3389 5706 3421 5774 ἡ
3450 5704 3548 5759 τοῦ
3573 5706 3764 5778 συλλη-

2182 5776 2382 5847 φθῆναι
2414 5771 2653 5831 τοιοῦτον
2687 5776 2997 5848 πρεσϐύτην
3022 5771 3189 5841 ἄνδρα
3220 5771 3321 5846 ῆν;

3372 5932 3525 5993 33“
