4142 6382
407 304 546 365 1υ35

1600 308 1658 362 S.
1703 304 2159 364 POLYCARPUS
2196 306 2509 362 MARTYR.

3526 317 3663 373 1036

1500 426 1629 483 VIII.
1666 428 1995 499 Polycarpus
2030 430 2086 482 in
2115 428 2293 481 urbem
2328 428 2563 482 ducitur.

474 549 611 603 Cum
642 559 820 604 autem
849 548 1218 618 precationem
1248 548 1497 613 finiisset,
1531 549 1584 603 in
1610 566 1717 620 qua
1748 550 1979 605 mentio—

2163 550 2248 612 Ὡς
2292 549 2347 602 δὲ
2393 549 2703 603 κατέπαυσε
2751 548 2849 619 τὴν
2894 549 3201 621 προσευχὴν
3220 590 3235 614 ,
3283 552 3664 621 μνημονεύσας

404 658 527 697 nem
556 642 761 697 fecerat
784 641 1027 697 omnium
1061 641 1153 710 qui
1202 641 1496 712 aliquando
1533 657 1658 697 cum
1695 642 1814 711 ipso
1852 656 1977 695 con-

404 730 576 801 gressi
625 730 878 797 fuerant,
917 746 1211 801 parvorum
1255 731 1475 800 quidem
1534 741 1589 786 et
1624 746 1972 797 magnorum,

400 824 676 879 clarorum
703 833 757 879 et
781 824 1163 889 obscurorum,
1194 825 1471 894 totiusque
1499 839 1595 894 per
1634 825 1823 879 orbem
1862 833 1973 877 ter-

398 932 586 971 rarum
629 917 912 972 catholicae
959 915 1252 979 Ecclesiae;
1304 932 1539 987 cumque
1581 917 1715 971 hora
1757 916 1975 987 profici-

397 1008 583 1064 scendi
625 1009 884 1073 venisset,
928 1007 1084 1063 asino
1116 1024 1240 1063 eum
1286 1008 1649 1077 imponentes,
1702 1008 1755 1061 in
1784 1008 1972 1063 urbem

397 1102 671 1156 duxerunt
695 1101 785 1157 die
809 1101 992 1172 magni
1019 1098 1264 1155 Sabbati.
1297 1099 1363 1155 Et
1385 1100 1627 1156 occurrit
1646 1101 1695 1154 ei
1732 1098 1973 1156 Herodes

396 1197 706 1258 irenarcha,
740 1210 804 1249 ac
836 1203 990 1264 pater
1022 1194 1142 1263 ejus
1169 1191 1407 1260 Nicetas,
1432 1209 1597 1247 curru
1620 1193 1783 1257 vecti,
1802 1195 1893 1263 qui
1921 1205 1974 1250 et

394 1302 520 1340 eum
557 1286 611 1340 in
644 1300 930 1340 carrucam
962 1300 1118 1340 suam
1168 1283 1603 1345 transtulerunt,
1641 1282 1973 1339 assidentes-

394 1394 503 1450 que
532 1380 917 1444 hortabantur,
954 1378 1234 1432 dicentes:
1272 1396 1289 1427 ε
1339 1374 1479 1442 Quid
1512 1375 1656 1429 enim
1687 1376 1816 1431 mali
1866 1387 1970 1445 est,

394 1470 579 1525 dicere
612 1488 630 1520 ι
664 1468 894 1524 Domine
940 1468 1148 1533 Caesar,
1188 1486 1206 1518 ι
1243 1474 1298 1522 et
1329 1466 1656 1533 sacriﬁcare,
1698 1476 1860 1537 atque
1895 1468 1971 1523 ita

392 1564 607 1619 salvum
648 1562 912 1617 evadere?
953 1581 971 1612 ι
1012 1559 1104 1615 Ille
1150 1568 1331 1614 autem
1366 1559 1602 1629 primum
1632 1560 1850 1630 quidem
1889 1562 1971 1616 eis

392 1671 504 1710 non
532 1653 844 1724 respondit;
870 1652 961 1708 sed
987 1667 1110 1707 cum
1142 1652 1430 1715 instarent,
1454 1651 1589 1705 dixit
1618 1669 1630 1705 :
1660 1670 1677 1702 ι
1705 1650 1970 1707 Facturus

392 1758 501 1797 non
528 1757 673 1809 sum,
705 1742 851 1813 quod
872 1741 1113 1797 suadetis
1136 1741 1294 1796 mihi.
1335 1760 1353 1791 ›
1392 1739 1531 1795 Tum
1564 1740 1678 1807 illi,
1721 1740 1969 1797 frustrati

391 1844 488 1903 spe
523 1832 772 1888 flectendi
809 1848 936 1889 eum
956 1872 972 1897 ,
995 1831 1391 1889 contumeliosa
1430 1833 1480 1887 ei
1504 1833 1669 1888 verba
1691 1834 1965 1895 dixerunt,

2078 639 2333 692 ἀπάντων
2365 638 2460 692 καὶ
2491 638 2598 691 τῶν
2630 638 2846 692 πώποτε
2882 638 2993 711 (55)
3035 641 3459 713 συμϐεϐηκότων
3490 644 3661 715 αὐτῷ,

2082 729 2294 800 μικρῶν
2321 747 2379 782 τε
2413 730 2506 783 καὶ
2541 729 2813 801 μεγάλων,
2839 731 3067 796 ἐνδόξων
3097 749 3156 786 τε
3184 732 3280 787 καὶ
3307 734 3533 801 ἀδόξων,
3568 736 3665 790 καὶ

2077 818 2295 887 ἀπάσης
2326 820 2424 889 τῆς
2456 819 2597 873 κατά
2627 819 2724 891 τὴν
2755 821 3082 894 οἰκουμένην
3114 822 3407 893 καθολικῆς
3435 825 3663 897 Ἐκκλη-

2079 908 2220 972 σίας,
2262 909 2363 979 τῆς
2391 910 2541 981 ὧρας
2573 910 2835 983 ἐλθούσης
2881 913 2976 966 τοῦ
3014 910 3238 978 ἐξιέναι,
3277 916 3337 969 ὲν
3366 916 3474 986 ὄνῳ
3502 917 3662 972 καθί-

2077 1016 2270 1064 σαντες
2318 1002 2480 1055 αὑτὸν
2500 1043 2514 1067 ,
2548 998 2682 1073 ἦγον
2711 1006 2791 1067 εἰς
2824 1003 2920 1075 τὴν
2953 1005 3141 1070 πόλιν,
3192 1006 3345 1070 ὄντος
3381 1007 3661 1063 Σαδδάτου

2079 1091 2313 1161 μεγάλου
2346 1092 2476 1164 (56).
2505 1094 2614 1147 Καὶ
2648 1096 2863 1167 ὑπήντα
2897 1096 3045 1167 αὐτῷ
3075 1099 3104 1150 ὁ
3131 1099 3452 1170 εἰρήναρχος
3484 1101 3662 1173 Ἠρώ-

2074 1186 2171 1255 δης
2204 1186 2297 1239 καὶ
2328 1188 2357 1238 ὁ
2389 1186 2570 1259 πατὴρ
2602 1187 2768 1241 αὐτοῦ
2801 1190 3051 1261 Νικήτης
3089 1191 3186 1243 ἐπὶ
3219 1190 3279 1244 τὸ
3306 1192 3489 1263 ὄχημα
3521 1193 3658 1265 (57),

2074 1276 2124 1329 οἳ
2157 1279 2251 1330 καὶ
2288 1277 2613 1347 μεταθέντες
2645 1278 2808 1333 αὐτὸν
2840 1281 2934 1332 ἐπὶ
2964 1282 3063 1353 τὴν
3096 1282 3407 1355 καροῦχαν,
3442 1278 3659 1339 ἔπειθον

2075 1370 2579 1441 παρακαθεζόμενοι
2604 1370 2698 1423 καὶ
2724 1370 2972 1438 λέγοντες
2993 1391 3007 1404 ·
3037 1393 3055 1424 ί
3082 1374 3147 1426 Τί
3174 1376 3282 1447 γὰρ
3321 1374 3489 1431 κακόν
3511 1379 3661 1433 ἐστιν

2077 1462 2249 1515 εἰπεῖν
2272 1480 2283 1490 ·
2313 1463 2529 1529 Κύριος
2734 1462 2984 1531 Καῖσαρ,
3028 1466 3122 1518 καὶ
3168 1466 3444 1532 ὲπιθῦσαι,
3469 1469 3565 1522 καὶ
3590 1470 3659 1524 τά

2073 1551 2281 1616 τούτοις
2318 1553 2622 1618 ἀκόλουθα,
2658 1555 2753 1607 καὶ
2783 1552 3179 1623 διασώζεσθαι;
3209 1578 3227 1609 ι
3277 1558 3335 1612 Ὀ
3364 1560 3421 1612 δὲ
3456 1561 3523 1615 τά
3557 1563 3657 1633 μὲν

2073 1644 2268 1717 πρῶτα
2299 1645 2399 1698 οὐκ
2430 1646 2766 1717 ἀπεκρίνατο
2809 1646 2995 1709 αὐτοῖς
3014 1664 3027 1676 ·
3063 1648 3431 1719 ἐπιμενόντων
3469 1652 3527 1705 δὲ
3553 1653 3654 1707 αύδ

2071 1736 2201 1800 τῶν,
2237 1736 2337 1809 ἔφη
2359 1755 2371 1767 ·
2412 1756 2429 1787 ι
2460 1738 2534 1790 Οὐ
2562 1737 2741 1807 μέλλω
2772 1746 2967 1801 ποιεῖν,
2996 1738 3026 1791 δ
3058 1740 3455 1810 συμϐουλεύετέ
3488 1761 3598 1814 μοι.
3630 1763 3648 1796 ι

2072 1833 2136 1885 Οἱ
2174 1830 2229 1883 δὲ
2260 1831 2624 1900 ἀποτυχόντες
2659 1832 2752 1884 τοῦ
2783 1835 2969 1885 πεῖσαι
3010 1832 3203 1896 αὐτὸν,
3238 1832 3386 1887 δεινά
3433 1835 3653 1905 ῥήματα

389 1936 445 1980 et
466 1942 590 1981 cum
623 1926 964 1981 vehementia
995 1922 1310 1995 dejecerunt
1343 1940 1470 1980 eum
1512 1941 1543 1979 e
1604 1941 1792 1993 curru,
1830 1925 1967 1980 adeo

2069 1924 2253 1991 ἔλεγον
2284 1922 2453 1993 αὐτῷ,
2489 1924 2585 1977 καὶ
2619 1923 2757 1994 μετά
2792 1923 3030 1993 σπουδῆς
3066 1924 3342 1995 καθῄρουν
3363 1925 3524 1979 αὐτὸν
3544 1928 3651 1981 ἀπὸ

388 2024 449 2069 ut
478 2031 509 2070 e
537 2030 763 2071 carruca
792 2014 983 2070 exiens
1012 2014 1204 2069 tibiam
1230 2014 1577 2070 distraheret.
1615 2014 1720 2070 Sed
1758 2031 1963 2086 nequa-

2070 2010 2163 2063 τοῦ
2195 2012 2470 2083 ὀχήματος
2499 2011 2632 2082 (59),
2667 2012 2744 2076 ὡς
2775 2014 2869 2066 καὶ
2902 2013 3158 2067 κατιόντα
3187 2014 3296 2067 ἀπὸ
3325 2015 3418 2086 τῆς
3452 2017 3651 2087 καρού-

383 2122 552 2176 quam
586 2114 918 2171 commotus,
951 2113 1006 2160 et
1035 2105 1193 2174 quasi
1228 2104 1365 2159 nihil
1401 2104 1530 2159 mali
1565 2120 1761 2175 passus
1796 2114 1960 2169 esset,

2067 2119 2167 2171 χας
2212 2103 2551 2174 ἀποσυρῆναι
2597 2103 2656 2156 τὸ
2696 2105 3067 2174 ἀντικνήμιον.
3118 2104 3229 2159 Καὶ
3263 2104 3338 2177 μὴ
3386 2107 3649 2179 ἐπιστρα-

384 2196 639 2251 alacriter
673 2204 728 2251 et
764 2209 997 2266 propere
1030 2194 1312 2265 pergebat,
1354 2194 1551 2250 ductus
1592 2196 1659 2251 ad
1699 2196 1959 2251 stadium.

2067 2196 2188 2264 φεὶς
2208 2236 2222 2260 ,
2256 2195 2332 2258 ὡς
2362 2195 2513 2247 οὐδὲν
2555 2194 2872 2259 πεπονθὼς,
2907 2195 3202 2266 προθύμως
3249 2197 3388 2268 μετά
3420 2201 3653 2272 σπουδῆς

385 2288 594 2346 Tantus
626 2304 757 2345 vero
783 2298 902 2345 erat
931 2289 989 2343 in
1014 2286 1192 2344 stadio
1223 2288 1512 2355 tumultus,
1545 2297 1606 2343 ut
1644 2305 1806 2345 nemo
1829 2304 1957 2359 pos-

2065 2286 2393 2355 ἐπορεύετο,
2426 2286 2694 2357 ἀγόμενος
2726 2288 2805 2350 εἰς
2837 2284 2897 2339 τὸ
2930 2287 3178 2354 στάδιον,
3234 2286 3464 2360 θορύϐου
3497 2293 3649 2363 τηλι-

384 2389 467 2436 set
491 2380 690 2435 audiri.
2063 2378 2253 2431 κούτου
2276 2377 2427 2441 ὄντος
2458 2378 2516 2432 ὲν
2540 2377 2619 2447 τῷ
2652 2378 2869 2449 σταδίῳ,
2889 2377 2965 2442 ὡς
3001 2380 3134 2451 μηδὲ
3171 2382 3502 2454 ἀκουσθῆναί
3530 2403 3648 2440 τινα

2063 2468 2345 2523 δύνασθαι.

1228 2585 1320 2641 IX.
1360 2586 1688 2658 Polycarpus
1718 2588 1932 2642 Christo
1966 2587 2193 2643 Domino
2228 2606 2322 2643 suo
2358 2606 2460 2643 non
2494 2590 2789 2645 maledicit.

453 2713 755 2786 Polycarpo
778 2720 983 2778 autem,
1001 2710 1225 2766 intranti
1255 2710 1310 2764 in
1342 2710 1601 2776 stadium,
1621 2724 1728 2765 vox
1756 2725 1787 2764 e
1819 2710 1961 2766 ccelo

2135 2711 2225 2781 Τῷ
2266 2711 2322 2763 δὲ
2368 2709 2732 2781 Πολυκάρπῳ,
2772 2710 2994 2763 εἰσιόντι
3027 2710 3107 2774 εἰς
3138 2710 3199 2763 τὸ
3237 2710 3468 2775 στάδιον,
3494 2710 3648 2781 φωνὴ

380 2805 643 2876 contigit:
683 2823 701 2855 ι
734 2803 915 2859 Fortis
935 2810 1055 2858 esto
1081 2810 1136 2857 et
1154 2801 1386 2856 viriliter
1417 2816 1538 2871 age,
1577 2800 1908 2872 Polycarpe!
1936 2820 1955 2853 ι

2066 2802 2126 2867 ἐξ
2148 2802 2377 2874 ούρανοῦ
2409 2803 2643 2872 ἐγένετο*
2680 2822 2699 2855 ι
2725 2804 2907 2873 Ἴσχυε
2934 2804 3028 2857 καὶ
3054 2803 3327 2874 ἀνδρίζου,
3361 2804 3645 2876 Πολύχαρ-

381 2897 451 2953 Et
485 2912 611 2953 eum
645 2895 889 2966 quidem,
913 2894 1008 2964 qui
1035 2908 1222 2949 vocem
1242 2892 1446 2957 emisit,
1484 2907 1644 2948 nemo
1672 2893 1839 2959 vidit;
1864 2907 1961 2947 vo-

2066 2912 2154 2948 πε.
2187 2914 2204 2946 ι
2237 2894 2346 2947 Καὶ
2368 2896 2459 2949 τὸν
2490 2895 2586 2966 μὲν
2607 2896 2828 2948 εἰπόντα
2851 2895 3025 2959 οὐδεὶς
3056 2892 3211 2948 εἰδεψ
3238 2894 3336 2966 τὴν
3376 2895 3432 2947 δὲ
3462 2896 3646 2968 φωνὴν

381 3005 503 3045 cem
540 2996 723 3043 autem
764 2986 804 3041 ii
848 2985 1178 3051 audierunt,
1210 2984 1303 3054 qui
1335 2998 1402 3039 ex
1429 2984 1638 3039 nostris
1663 2995 1958 3055 praesentes

2065 2984 2172 3038 τῶν
2194 2986 2479 3058 ἡμετέρων
2499 2988 2549 3039 οἰ
2576 2986 2841 3057 παρόντες
2864 2986 3247 3057 ἥκουσανλςα)⁸
3269 2985 3477 3057 [λοιπὸν
3509 2985 3644 3059 (60)]

380 3088 559 3137 erant.
592 3080 861 3135 Caeterum
886 3076 1199 3133 introducto
1226 3074 1319 3131 illo
1348 3092 1581 3147 magnus
1604 3084 1722 3131 erat
1755 3075 1960 3130 tumul-

2065 3076 2461 3147 προσαχθέντος
2472 3076 2635 3131 αὐτοῦ
2644 3116 2657 3139 ,
2673 3076 2899 3148 θόρυϐος
2912 3072 2980 3149 ἦν
3000 3076 3173 3148 μέγας
3183 3077 3550 3140 ἀκουσάντων,
3563 3079 3645 3131 ὅτι

379 3180 470 3227 tus
516 3185 742 3237 eorum,
789 3169 885 3241 qui
925 3166 1288 3240 Polycarpum
1330 3167 1790 3237 comprehensum
1834 3180 1956 3222 esse

2065 3164 2426 3238 Πολύκαρπος
2451 3169 2821 3240 συνείληπται.
2845 3169 3044 3221 Λοιπὸν
3070 3168 3448 3240 προσαχθέντα
3483 3168 3645 3223 αὑτὸν

378 3263 694 3319 audierunt.
741 3261 817 3317 De
860 3268 1060 3318 caetero
1101 3261 1397 3316 adductum
1436 3274 1561 3314 eum
1604 3256 1994 3330 interrogavi“

2065 3258 2313 3333 ἀνηρώτα
2345 3264 2373 3315 ό
2396 3261 2725 3327 ἀνθύπατος,
2758 3262 2806 3313 εἰ
2834 3262 2995 3324 αὐτὸς
3015 3260 3102 3331 εἴη
3128 3262 3506 3334 Πολύκαρπος.
3536 3261 3643 3314 T06

377 3355 696 3428 proconsul,
714 3370 781 3409 an
803 3354 921 3425 ipse
941 3362 1086 3409 esset
1104 3352 1459 3423 Polycarpus.
1476 3348 1725 3421 Cumque
1751 3365 1961 3407 annue-

2065 3355 2116 3407 δὲ
2154 3354 2569 3426 ὁμολογοῦντος,
2616 3354 2830 3409 ἔπειθεν
2858 3356 3161 3428 ἀρνεῖσθαι,
3193 3355 3387 3423 λέγων·
3432 3374 3451 3406 ‹
3491 3354 3643 3407 Αἰδέ-

376 3458 482 3516 ret,
522 3447 845 3503 hortabatur
866 3445 957 3501 ille
984 3455 1044 3500 ut
1073 3453 1317 3516 negaret,
1345 3443 1535 3499 dicens
1568 3460 1581 3496 :
1628 3461 1647 3493 ι
1687 3438 1956 3496 Reverere

2065 3447 2215 3519 σθητί
2260 3464 2355 3501 σου
2390 3448 2491 3520 τὴν
2532 3448 2769 3520 ἠλικίαν,
2807 3468 2825 3500 ι
2859 3450 2952 3503 καὶ
2977 3450 3140 3521 ἕτερα
3179 3448 3389 3512 τούτοις
3419 3447 3642 3501 ἀκόλου-

376 3547 591 3595 aetatem
626 3550 812 3605 tuam,
854 3558 873 3589 ι
904 3537 1120 3608 aliaque
1156 3536 1241 3591 his
1285 3543 1673 3599 consentanea,
1711 3547 1836 3603 quae
1865 3533 1955 3589 isti

2065 3540 2144 3605 θα,
2173 3541 2249 3606 ὼς
2278 3540 2398 3605 ἔθος
2433 3542 2615 3605 αὐτοῖς
2638 3540 2816 3611 λέγειν
2839 3540 2965 3613 (61)’
2998 3562 3016 3593 ι
3053 3544 3291 3613 Ὀμοσον
3318 3540 3417 3612 τὴν
3439 3540 3643 3596 Καίσα-

374 3631 622 3702 proferre
655 3631 869 3687 solent:
901 3648 920 3681 ¢
952 3627 1085 3683 Jura
1115 3643 1213 3698 per
1242 3626 1521 3682 fortunam
1552 3624 1808 3693 Caesaris,
1827 3626 1957 3680 resi-

2065 3650 2149 3704 ρος
2184 3634 2375 3705 τύχην,
2405 3633 2757 3703 μετανόησον,
2786 3633 2925 3687 εἰπέ·
2940 3626 3077 3700 Alpe
3092 3626 3635 3701 τοὺςάθέους(62).ι

374 3724 545 3794 pisce,
573 3722 893 3779 conclama:
948 3717 1093 3774 Tolle
1122 3718 1332 3790 impios.
1374 3738 1392 3771 ι
1424 3715 1581 3773 Tunc
1614 3717 1952 3789 Polycarpus

2068 3727 2127 3779 Ὀ
2155 3726 2211 3779 δὲ
2246 3725 2602 3797 Πολύκαρπος
2636 3725 2891 3797 ὲμδριθεῖ
2923 3725 3000 3796 τῷ
3036 3722 3314 3796 προσώπῳ
3341 3726 3421 3787 εἰς
3460 3725 3637 3778 πάντα

373 3817 524 3887 gravi
552 3830 617 3870 ac
640 3829 830 3872 severo
862 3813 1014 3868 vultu
1042 3812 1261 3868 turbam
1285 3826 1501 3867 omnem
1536 3812 1949 3879 sceleratorum,

371 3908 467 3977 qui
503 3908 559 3961 in
590 3907 769 3962 stadio
794 3914 972 3972 erant,
991 3904 1272 3975 gentilium
1300 3912 1591 3972 contuens,
1617 3919 1952 3974 manumque

372 3997 430 4050 in
463 4011 558 4053 eos
581 3996 887 4068 porrigens,
920 3993 1193 4064 simulque
1224 4009 1447 4065 gemens
1490 4009 1555 4049 ac
1592 3993 1792 4049 caelum
1827 4010 1952 4051 sus-

370 4089 582 4158 piciens
614 4088 753 4143 dixit
788 4107 802 4143 :
834 4106 852 4139 ι
894 4086 1048 4143 Tolle
1078 4087 1296 4157 impios.
1340 4106 1358 4138 ι
1395 4084 1633 4158 Urgente
1664 4102 1793 4142 vero
1830 4102 1951 4157 pro-

369 4181 599 4236 consule
617 4188 781 4249 atque
804 4179 1051 4234 dicente:
1085 4198 1103 4229 ι
1133 4177 1286 4245 Jura,
1316 4187 1372 4233 et
1415 4178 1631 4233 dimitto
1660 4187 1712 4233 te
1733 4220 1748 4244 ,
1783 4179 1951 4234 male-

369 4270 459 4326 dic
496 4256 766 4335 Christo
790 4288 808 4321 ι
840 4268 1173 4341 Polycarpus
1208 4268 1493 4337 respondit
1524 4286 1537 4322 :
1587 4286 1605 4318 ‹
1661 4266 1947 4341 Octoginta

368 4372 425 4417 et
452 4376 547 4418 sex
578 4362 706 4415 anni
735 4370 884 4425 sunt,
915 4376 981 4416 ex
1007 4375 1118 4431 quo
1147 4361 1326 4416 servio
1355 4360 1427 4426 ei,
1446 4374 1546 4414 nec
1571 4375 1659 4414 me
1686 4361 1795 4415 ulla
1824 4361 1949 4415 affe-

368 4457 445 4511 cit
486 4457 723 4528 injuria;
785 4464 839 4511 et
885 4455 1162 4527 quomodo
1214 4453 1418 4525 possim
1461 4452 1785 4507 maledicere
1832 4454 1945 4523 regi

366 4564 514 4617 meo,
545 4550 639 4620 qui
660 4549 869 4605 salvum
903 4564 991 4603 me
1022 4546 1187 4602 fecit?
1210 4565 1228 4597 ι

2052 3818 2142 3871 τὸν
2163 3817 2318 3887 ὄχλον
2345 3816 2453 3870 τῶν
2478 3818 2537 3870 ὲν
2573 3815 2651 3886 τῷ
2686 3816 2885 3886 σταδίῳ
2900 3816 3118 3886 ἀνόμων
3140 3814 3311 3868 ὲθνῶν
3340 3815 3637 3887 ἐμϐλέψας,

2052 3910 2148 3964 καὶ
2180 3910 2462 3973 ἐπισείσας
2495 3909 2677 3972 αὐτοῖς
2706 3909 2804 3980 τὴν
2826 3911 3004 3980 χεῖρα,
3036 3907 3296 3974 στενάξας
3317 3925 3375 3960 τε
3393 3908 3486 3961 καὶ
3507 3908 3638 3961 ἀνα-

2052 4002 2254 4071 ϐλέψας
2268 4004 2347 4065 εἰς
2362 4002 2454 4054 τὸν
2469 4000 2715 4071 οὐρανὸν,
2748 3996 2917 4054 εἶπεψ
2931 4019 2949 4051 ‹
2970 3996 3100 4071 Αἶρε
3122 4002 3247 4064 τοὺς
3262 3999 3453 4062 ἀθέους
3466 3997 3597 4068 (65).
3612 4016 3631 4049 ι

2064 4093 2415 4164 Ἐγκειμένου
2448 4093 2505 4146 δὲ
2538 4091 2634 4145 τοῦ
2660 4092 2964 4146 ἀνθυπάτου
2999 4094 3093 4144 καὶ
3124 4091 3392 4159 λέγοντος
3427 4108 3445 4140 ι
3474 4091 3637 4158 Ὅμο-

2052 4206 2163 4252 σον,
2188 4188 2280 4240 καὶ
2302 4185 2523 4241 ἀπολύω
2551 4203 2633 4249 σε,
2659 4186 2971 4258 λοιδόρησον
3014 4186 3104 4237 τὸν
3136 4185 3387 4255 Χριστόν·
3427 4202 3445 4232 ι
3477 4184 3504 4234 ό
3527 4182 3632 4233 Πο-

2049 4279 2326 4350 λύκαρπος
2370 4277 2495 4348 ἔφη·
2530 4296 2549 4329 ι
2603 4277 2957 4347 Ὀγδοήκοντα
3006 4276 3101 4329 καὶ
3142 4275 3202 4339 ἒξ
3242 4274 3335 4345 ἔτη
3372 4273 3480 4344 ἔχω
3511 4273 3632 4325 δου-

2048 4370 2219 4423 λεύων
2254 4368 2421 4439 αὐτῷ,
2453 4367 2546 4421 καὶ
2581 4367 2734 4421 οὐδέν
2770 4384 2836 4438 με
2868 4365 3145 4436 ἠδίκησενο
3179 4364 3273 4419 καὶ¹
3305 4363 3423 4427 πῶς
3467 4361 3628 4415 δύνα-

2051 4474 2150 4527 μαι
2190 4455 2579 4527 βλασφημῆσαι
2622 4455 2713 4509 τὸν
2765 4454 2990 4525 βασιλέα
3051 4471 3187 4525 μου,
3241 4454 3330 4507 τὸν
3378 4450 3630 4505 σώσαντά

2052 4565 2157 4620 με;
2209 4567 2226 4598 ι

981 4689 1048 4743 Χ.
1090 4688 1417 4759 Polycarpus
1454 4705 1509 4743 se
1543 4685 1906 4742 Christianum
1944 4691 2244 4759 proﬁtetur,
2278 4700 2328 4744 et
2361 4690 2426 4743 de
2458 4687 2670 4744 Christo
2702 4688 2845 4759 loqui
2880 4688 3011 4742 vult.

437 4809 672 4879 Urgente
708 4823 902 4863 rursus
930 4806 1026 4863 illo
1057 4815 1112 4862 et
1138 4805 1400 4861 dicente:
1435 4824 1454 4856 ι
1488 4802 1619 4858 Jura
1650 4819 1747 4873 per
1767 4802 1943 4858 fortu-

363 4918 491 4957 nam
521 4900 779 4967 Caasaris,
812 4918 831 4951 ο
860 4897 1145 4969 respondit
1174 4916 1185 4951 :
1229 4915 1246 4948 ι
1284 4894 1341 4950 Si
1367 4910 1560 4950 vanam
1592 4910 1659 4949 ex
1697 4910 1763 4950 eo
1792 4909 1940 4964 qua:-

360 4994 439 5049 ris
467 4993 719 5064 gloriam,
750 5001 812 5046 ut
836 5006 936 5061 ego
956 5006 1052 5061 per
1084 4988 1317 5044 Caesaris
1346 4987 1642 5051 fortunam,
1667 4995 1728 5041 ut
1750 4994 1807 5041 tu
1830 4985 1935 5049 ais,

2134 4806 2511 4876 Ἐπιμένοντος
2538 4803 2594 4857 δὲ
2613 4803 2773 4857 πάλιν
2806 4801 2970 4855 αὐτοῦ
3005 4801 3099 4855 καὶ
3120 4800 3388 4869 λέγοντος·
3413 4817 3432 4850 ι
3460 4800 3626 4869 Ὅμο-

2048 4912 2138 4948 σον
2164 4894 2261 4966 τὴν
2294 4894 2572 4964 Καίσαρος
2594 4891 2787 4964 τύχην,
2832 4910 2850 4941 ›
2881 4889 3230 4960 ἀπεκρίνατο’
3262 4905 3281 4937 ι
3314 4886 3379 4939 Εἰ
3414 4884 3625 4939 κενοδοο

2046 4986 2175 5051 ξεῖς,
2205 4987 2291 5039 ἴνα
2329 4985 2512 5055 ὀμόσω
2554 4982 2650 5054 τὴν
2687 4982 2965 5053 Καίσαρος
2992 4980 3182 5050 τύχην,
3220 4978 3296 5041 ὡς
3330 4978 3394 5030 σὺ
3424 4976 3622 5045 λέγεις,

356 5085 575 5154 jurem,
623 5082 851 5138 simulas
900 5089 1083 5135 autem
1129 5080 1345 5135 nescire
1394 5079 1519 5149 quis
1553 5079 1693 5145 sim;
1753 5077 1934 5147 palam
1971 5135 1994 5154 τ

2065 5081 2331 5151 προσποιεῖ
2363 5076 2472 5148 (64)
2492 5076 2549 5129 δὲ
2579 5076 2793 5144 ἀγνοεῖν
2826 5092 2914 5145 με,
2947 5073 3030 5136 τίς
3058 5074 3191 5142 εἰμι·
3238 5070 3375 5140 μετά
3410 5071 3625 5140 παρρη-

359 5135 522 5231 audi:
545 5135 896 5231 Christianus
930 5189 1075 5230 sum.
1116 5171 1173 5226 Si
1198 5187 1343 5243 vero.
1365 5135 1694 5226 Christiana:
1732 5169 1938 5224 doctri-
1971 5135 1994 5190 Ῑ

2065 5135 2166 5232 πίας
2193 5135 2382 5231 ἄκουε,
2409 5135 2731 5237 Χριστιανός
2764 5135 2908 5235 εἰμι..
2930 5165 2993 5216 Εἰ
3013 5135 3081 5215 δὲ
3111 5135 3300 5233 μαθεῖν
3323 5135 3502 5222 θέλεις

360 5286 445 5325 me
465 5270 735 5325 rationem
775 5269 861 5324 vis
884 5269 1117 5335 discere,
1150 5268 1217 5323 da
1243 5266 1352 5322 diei
1378 5266 1611 5337 Spatium
1645 5273 1700 5319 et
1727 5263 1876 5318 audi.
1914 5282 1931 5313 ι

2065 5260 2137 5315 :06
2166 5257 2592 5331 Χριστιανισμοῢ
2620 5256 2795 5325 λόγον,
2828 5255 2917 5319 δὸς
2940 5255 3175 5326 ἡμέραν,
3206 5252 3301 5305 καὶ
3334 5253 3617 5307 ἄκουσον.»

2036 5382 2256 5437 inclusit
2284 5379 2647 5434 Jacobsonus.

451 5386 1239 5455 55)ItaJacobsonusetrihus
1268 5383 1922 5455 codicibus.Vulg.-:rocé.
2036 5383 2266 5455 inclusit
2284 5383 2647 5455 Jacobsonus.
2872 5446 2885 5455 _
2946 5444 3006 5455 ω
3071 5442 3084 5455 ι
3128 5444 3142 5455 “
3217 5442 3357 5455 nm

2107 5452 2218 5523 (61)
2247 5450 2323 5523 Ita
2353 5449 2697 5523 Jacqbsonus
2728 5462 2758 5501 e
2787 5446 2910 5501 cod.
2937 5442 3360 5523 .Vi'udo_h._Editi
3383 5462 3395 5497 :
3420 5442 3617 5523 λέγων.

425 5389 447 5663 ἓ

448 5458 518 5513 56
566 5458 607 5514 1.
632 5475 683 5513 e.
716 5458 909 5529 Vigilia
938 5458 1242 5515 Paschatis.

450 5458 540 5671 57)
582 5528 704 5611 Ἐπί
727 5529 786 5583 τὸ
809 5530 995 5601 ὄχημα
1028 5530 1299 5599 glossema
1326 5542 1449 5582 esse
1480 5527 1714 5610 videtur.
1740 5524 1857 5611 hc.

449 5599 518 5653 38
569 5600 797 5655 Codices
835 5615 1029 5656 omnes
1050 5600 1252 5655 habent
1278 5597 1501 5669 Κύριος.
1538 5597 1927 5667 ΙιύιιιεΚυριε.

2107 5458 2218 5523 (61)
2248 5458 2323 5505 Ita
2353 5458 2697 5503 Jacobsonus
2728 5462 2758 5501 e
2787 5458 2910 5501 coa.
2953 5458 3182 5498 VIIIGOD.
3216 5458 3360 5496 nutu
3383 5462 3395 5497 :
3421 5458 3617 5509 Αεγων.

2108 5523 2219 5593 (62)
2249 5521 2289 5575 1.
2319 5538 2369 5576 c.
2409 5539 2425 5569 ι
2463 5517 2581 5572 Una
2603 5534 2728 5573 cum
2756 5516 2982 5589 paganis
3003 5514 3443 5569 Christianorum
3461 5520 3619 5581 Optes

2065 5594 2334 5648 Meritum.
2364 5610 2381 5642 ι

449 5594 539 5669 38)
569 5600 797 5655 Codices
835 5594 1252 5656 omnes'habent
1278 5597 1501 5669 Κύριος.
1538 5596 1681 5653 Editi
1704 5616 1716 5651 :
1738 5595 1927 5667 Κύριε.

2065 5594 2334 5669 Illerjtupt.
2364 5610 2381 5642 ι

360 5662 471 5725 ac.
520 5662 531 5671 ’
1371 5662 1382 5669 ’
1827 5662 1837 5667 ’
2107 5664 2221 5733 (63)
2254 5662 2293 5717 1.
2322 5678 2389 5733 e._
2413 5680 2431 5711 ‹
2473 5673 2719 5733 paganos
2747 5665 3149 5733 persecutin'cs.
3188 5674 3206 5705 ι

428 5721 539 5811 (59)
574 5740 815 5811 ξᾼπὺτοῦ
830 5742 1104 5811 ὀχήματος
1130 5743 1397 5810 glossema
1421 5754 1541 5794 esse
1563 5738 1792 5793 videtur.
1811 5735 1929 5811 Jac.

2065 5721 2219 5811 __(_6_l)
2255 5734 2327 5787 Ita
2364 5721 2707 5811 Jacobsonus
2749 5721 2780 5783 ὲ
2809 5728 2969 5783 codd.
3018 5725 3246 5783 Barocc.
3284 5734 3340 5780 et
3377 5721 3618 5780 Viudob.

428 5741 539 5882 (ἢεί)
578 5741 815 5793 Ἀπὺτοῦ
830 5742 1104 5864 exilitate;
1130 5743 1397 5820 glossema
1421 5754 1541 5794 esse
1563 5741 1792 5821 videtur.
1811 5741 1929 5819 lac.

427 5810 518 5881 (00
574 5809 775 5870 Vocem
798 5811 925 5863 λοιπ
957 5830 1005 5881 ν,
1039 5827 1162 5883 quae
1200 5819 1383 5868 statim
1418 5820 1682 5876 recurrit,
1716 5824 1929 5864 uncnns

2107 5741 2219 5804 (64)
2255 5741 2327 5787 Ita
2364 5741 2703 5785 Jacobsonus
2750 5745 2763 5782 ι

2065 5805 2177 5863 Iditi
2199 5821 2212 5857 :
2234 5804 2567 5877 προσποιεῖς,
2604 5799 2763 5855 male.
