4142 6408
549 361 684 417 1057

1219 356 1440 415 EPIST.
1484 354 1846 413 ECCLESLE
1888 352 2143 410 SMYRN.
2182 352 2270 407 DE
2309 352 2669 408 MARTYRlO
2712 353 2768 408 S.
2822 350 3232 409 POLYCARPI.

3659 353 3799 410 1058

556 485 615 537 Ὁ
646 482 951 545 ἀνθύπατος
980 481 1103 553 ἔφη·
1135 502 1153 533 ι
1180 483 1377 535 Πεῖσον
1404 480 1494 534 τὸν
1534 481 1704 553 δῆμον
1740 481 1869 552 (65).
1912 500 1931 533 ι
1969 481 2027 533 Ὀ
2058 478 2114 534 δὲ

2219 476 2518 532 Proconsul
2554 476 2727 532 dixit:
2761 495 2779 528 ι
2815 474 3092 531 Persuade
3136 472 3361 544 populo.
3404 489 3423 525 ι
3460 470 3798 545 Polycarpus

542 575 908 646 Πυλύκαρπος
948 570 1120 627 εἶπεν⁸
1153 594 1172 625 ι
1207 576 1274 627 Σὲ
1310 574 1408 645 μὲν
1445 576 1539 628 καὶ
1579 576 1736 644 λόγου
1770 574 1996 644 ὴξίωσα’
2031 577 2117 630 δε-

541 666 839 737 διδάγμεθα
870 665 980 739 γὰρ
1025 666 1217 736 ἀρχαῖς
1255 666 1350 718 καὶ
1395 663 1663 729 ἐξουσίαις
1709 666 1813 719 ὑπὸ
1852 666 1946 720 τοῦ
1979 667 2115 721 Θεοῦ

541 758 899 829 τεταγμέναις
934 756 1097 827 τιμὴν
1144 756 1283 811 κατά
1313 758 1374 810 τὸ
1417 758 1713 829 προσῆκον,
1741 758 1839 831 τὴν
1872 761 1946 832 μὴ
1985 760 2114 831 βλά-

543 866 784 903 πτουσαν
815 849 994 919 ἡμᾶς,
1034 846 1347 917 ἀπονέμειν·
1386 847 1626 912 ἐκείνους
1649 848 1706 901 δὲ
1736 850 1834 921 οὐχ
1875 853 2113 922 ἠγοῦμαι

541 940 726 1008 ἀξίους
769 940 864 994 τοῦ
891 939 1274 1008 ἀπολογεῖσθαι
1295 940 1496 1004 αὐτοῖς.
1541 960 1560 992 ι

2219 571 2499 641 respondit
2543 590 2556 625 :
2609 589 2628 623 ι
2679 568 2757 625 Te
2799 569 3017 639 quidem
3057 581 3312 623 sermone
3350 565 3577 637 dignum
3627 575 3793 636 puto;

2219 667 2397 722 edocti
2429 666 2576 721 enim
2633 679 2859 729 sumus,
2898 662 3235 733 principibus
3267 668 3323 715 et
3367 660 3737 731 potestatibus
3765 676 3796 713 a

2220 763 2331 819 Deo
2361 762 2648 828 ordinatis,
2675 769 2839 830 prout
2861 759 3038 824 decet,
3074 758 3334 812 honorem
3374 756 3534 811 nobis
3561 770 3673 810 non
3702 769 3797 808 no—

2220 868 2430 913 centem
2469 855 2712 921 deferre;
2762 853 2884 908 illos
2919 866 3050 907 vero
3092 851 3347 922 indignos
3385 857 3552 920 puto,
3592 848 3794 919 quibus

2228 951 2489 1006 rationem
2510 947 2731 1003 reddam
2758 946 2821 999 ιο.
2849 956 2869 990 ι

1261 1060 1354 1114 ΧΙ.
1394 1061 1505 1115 Nec
1536 1062 1853 1127 bestiarum,
1891 1082 1983 1118 nec
2016 1068 2150 1138 ignis
2184 1072 2343 1125 mima
2378 1069 2733 1139 Polycarpum
2762 1069 3070 1134 perterrent.

625 1179 684 1231 '0
717 1178 774 1232 δὲ
812 1177 1120 1241 ἀνθύπατος
1144 1177 1279 1248 πρὸς
1318 1178 1479 1230 αὐτὸν
1521 1174 1661 1232 εἷπε
1702 1199 1722 1231 ι
1772 1181 1944 1253 Θηρία
1987 1183 2115 1254 ἔχω,

541 1269 750 1333 τούτοις
790 1288 847 1322 σε
891 1268 1223 1341 παραϐαλῶ,
1259 1268 1355 1322 ἐὰν
1392 1270 1465 1340 μὴ
1499 1273 1852 1343 μετανοήσῃς.
1895 1293 1913 1323 ›
1959 1274 2017 1327 '0
2062 1276 2118 1328 δὲ

544 1358 715 1415 εἶπεν
742 1380 758 1412 ι
783 1361 971 1425 Κάλει,
990 1360 1322 1431 ἀμετάθετος
1338 1361 1446 1432 γὰρ
1466 1362 1598 1433 ἡμῖν
1623 1364 1656 1433 ἡ
1679 1363 1785 1415 ἀπὸ
1809 1362 1916 1417 τῶν
1936 1382 2120 1434 κρειτ-

541 1454 709 1507 τόνων
735 1453 827 1505 ἐπὶ
858 1451 926 1505 τά
957 1452 1122 1523 χείρω
1153 1451 1427 1523 μετάνοια⁶
1462 1453 1623 1506 καλὸν
1648 1454 1705 1508 δέ
1739 1458 2118 1527 μετατίθεσθαί

545 1562 613 1616 με
640 1545 748 1599 ἀπὸ
790 1543 899 1597 τῶν
950 1543 1197 1614 χαλεπῶν
1229 1544 1320 1595 ἐπὶ
1369 1545 1437 1597 τὰ
1475 1545 1675 1599 δίκαια.
1713 1566 1732 1599 ι
1777 1549 1833 1602 Ὀ
1863 1549 1920 1602 δὲ
1956 1551 2117 1605 πάλιν

542 1635 679 1705 πρὸς
700 1634 880 1687 αὐτόν·
912 1654 930 1684 ι
966 1633 1103 1703 Πυρί
1135 1650 1193 1685 σε
1228 1633 1364 1685 ποιῶ
1396 1634 1791 1706 δαπανηθῆναι,
1814 1639 1861 1689 εί
1888 1638 1994 1691 τῶν
2020 1638 2116 1710 θη-

543 1729 675 1799 ρίων
701 1731 1080 1799 καταφρονεῖς,
1114 1726 1207 1779 ἐάν
1246 1726 1320 1798 μὴ
1355 1730 1713 1801 μετανοήσῃς.
1746 1748 1765 1779 ι
1802 1731 1859 1784 '0
1882 1730 1939 1783 δὲ
1958 1730 2121 1784 Πολύ-

541 1837 772 1891 καρποςο
813 1839 831 1871 ι
866 1819 986 1890 Πῦρ
1030 1819 1270 1883 ἀπειλεῖς
1327 1819 1387 1872 τὸ
1435 1821 1571 1890 πρὸς
1608 1820 1755 1892 ῶραν
1812 1823 2118 1892 καιόμενον,

542 1913 634 1966 καὶ
672 1915 788 1984 μετ’
814 1912 992 1981 ὀλίγον
1024 1912 1214 1965 σϐεννύ
1223 1931 1401 1984 μενον·
1426 1916 1642 1982 ἀγνοεῖς
1666 1914 1776 1987 γὰρ
1804 1917 1865 1969 τὸ
1884 1916 1981 1987 τῆς
2000 1918 2123 1988 μελ-

539 2009 738 2081 λούσης
779 2009 1012 2081 κρίσεως
1052 2011 1146 2063 κα)⁵
1180 2010 1397 2065 αἰωνίου
1429 2010 1701 2074 κολάσεως
1742 2015 1855 2075 τοῖς
1896 2013 2117 2067 ἀσεϐέσι

540 2103 876 2175 τηρούμενον
922 2103 1052 2176 πῦρ.
1099 2102 1257 2157 Ἀλλά
1296 2103 1347 2156 τί
1398 2103 1711 2175 βραδύνεις;
1740 2105 1899 2178 Φέρε,
1932 2106 1961 2158 ὃ
1994 2106 2119 2178 βού-

539 2196 641 2250 λει.
681 2215 701 2248 ι

2297 1188 2367 1242 At
2399 1185 2694 1258 proconsul
2732 1183 2801 1239 ad
2842 1184 3021 1253 ipsum
3051 1180 3189 1236 dixit
3221 1200 3235 1235 :
3268 1199 3286 1231 ι
3338 1179 3547 1236 Bestias
3581 1179 3790 1245 habeo;

2225 1279 2310 1335 his
2356 1286 2405 1333 te
2447 1277 2736 1347 objiciam,
2769 1274 2873 1329 nisi
2929 1272 3288 1327 convertaris.
3330 1290 3348 1323 ι
3392 1269 3510 1341 Ipse
3540 1286 3673 1326 vero
3705 1286 3794 1326 re-

2225 1370 2476 1440 spondit:
2519 1389 2537 1421 ι
2568 1369 2796 1422 Arcesse
2810 1379 3045 1431 eas,nos
3064 1364 3208 1418 enim
3237 1365 3437 1420 mutari
3466 1380 3576 1421 non
3601 1380 3795 1435 possu-

2224 1478 2349 1517 mus
2386 1462 2746 1517 conversione
2773 1476 2804 1513 a
2833 1458 3148 1513 melioribus
3170 1458 3237 1512 ad
3259 1456 3562 1523 deteriora;
3586 1457 3793 1513 bonum

2223 1561 2404 1607 autem
2436 1561 2541 1615 est,
2572 1566 2660 1604 me
2690 1566 2720 1603 a
2746 1549 2907 1603 malis
2946 1548 3012 1602 ad
3038 1548 3189 1617 justa
3232 1548 3491 1603 transire.
3526 1566 3545 1598 ι
3579 1545 3794 1603 Rursus

2224 1645 2327 1699 iste
2353 1643 2419 1698 ad
2441 1642 2800 1713 Polycarpum
2828 1660 2840 1695 :
2878 1663 2896 1692 ι
2927 1639 3380 1710 Quandoquidem
3411 1639 3616 1695 bestias
3639 1655 3793 1710 sper—

2221 1737 2327 1803 nis,
2358 1735 2470 1806 igni
2511 1744 2563 1789 te
2606 1733 2816 1788 tradam
2853 1733 3308 1796 consumendum,
3334 1731 3441 1786 nisi
3469 1732 3793 1787 sententiam

2221 1836 2418 1883 mutes.
2460 1846 2478 1878 »
2503 1826 2602 1881 Cui
2633 1826 3004 1897 Polycarpus:
3043 1843 3061 1875 ι
3095 1823 3277 1896 ignem
3318 1825 3571 1890 minaris,
3596 1824 3692 1894 qui
3726 1825 3796 1878 ad

2219 1921 2369 1975 horae
2408 1918 2641 1988 spatium
2688 1918 2872 1982 ardet,
2913 1931 2977 1970 ac
3014 1915 3178 1985 paulo
3220 1924 3343 1985 post
3390 1916 3791 1986 exstinguitur;

2219 2010 2441 2081 ignoras
2469 2008 2614 2063 enim
2647 2007 2800 2061 illum
2832 2006 3001 2061 futuri
3028 2006 3219 2076 judicii
3265 2014 3320 2061 et
3362 2014 3579 2062 aeterna:
3618 2022 3797 2077 poena

2221 2104 2423 2173 ignem,
2451 2100 2545 2171 qui
2575 2100 2758 2170 impiis
2784 2108 3114 2154 reservatur.
3135 2097 3337 2154 Verum
3368 2100 3497 2170 quid
3520 2098 3795 2156 moraris?

2218 2190 2430 2259 Profer,
2460 2191 2828 2262 quodcunque
2850 2190 3107 2246 volueris.
3142 2210 3161 2243 ι

1592 2313 1708 2369 ΧΙΙ.
1744 2314 2071 2384 Polycarpus
2105 2311 2175 2366 ad
2210 2325 2397 2381 rogum
2426 2310 2732 2363 damnatur.

608 2404 796 2459 Ταῦτα
838 2405 896 2459 δέ
942 2405 1037 2458 καὶ
1082 2405 1215 2460 ἄλλα
1261 2408 1480 2461 πλείονα
1517 2407 1709 2477 λέγων,
1759 2408 1992 2481 θάρσους
2022 2410 2115 2462 καὶ

538 2498 713 2568 χαρᾶς
746 2496 1135 2567 ἐνεπίμπλατο,
1172 2498 1265 2550 καὶ
1292 2497 1351 2551 τὸ
1384 2498 1674 2570 πρόσωπον
1704 2500 1869 2552 αὐτοῦ
1895 2501 2117 2571 χάριτος

538 2590 860 2661 ἐπληροῦτο,
895 2590 1035 2643 ὣστε
1068 2591 1126 2643 οὐ
1166 2590 1324 2661 μόνον
1360 2591 1434 2662 μὴ
1466 2594 1786 2661 συμπεσεῖν,
1818 2590 2115 2663 ταραχθέν-

538 2702 606 2739 τα
628 2684 737 2757 (66)
772 2685 876 2737 ὑπὸ
906 2683 1013 2737 τῶν
1043 2683 1352 2755 λεγομένων
1384 2684 1521 2755 πρὸς
1538 2684 1721 2748 αὑτὸν,
1745 2683 1878 2737 ἀλλὰ
1904 2685 2117 2738 τούναν-

537 2774 653 2829 τίον
684 2776 774 2829 τὸν
806 2774 1114 2830 ἀνθύπατον
1150 2775 1429 2844 ἐκστῆναι,
1467 2775 1679 2845 πέμψαι
1712 2792 1769 2827 τε
1798 2775 1887 2828 τὸν
1922 2774 2115 2829 ἑαυτοῦ

537 2868 787 2938 κήρυκα,
832 2869 889 2921 ἐν
926 2867 1077 2937 μέσῳ
1106 2866 1183 2938 τῷ
1225 2867 1425 2937 σταδίῳ
1454 2867 1688 2939 κηρύξαι
1718 2868 1919 2939 τρίτον·
1956 2886 1972 2918 ι
2014 2869 2117 2921 Πο-

536 2958 818 3030 λύκαρπος
870 2958 1220 3029 ὡμολόγησεν
1274 2959 1465 3011 ἐαυτὸν
1510 2958 1833 3030 Χριστιανὸν
1889 2955 2048 3011 εἶναι.
2092 2979 2110 3011 ι

537 3050 741 3103 Τούτου
771 3049 1049 3120 λεχθέντος
1080 3050 1183 3103 ὑπὸ
1210 3050 1304 3103 τοῦ
1341 3051 1599 3121 κήρυκος,
1638 3050 1783 3103 ἅπαν
1822 3049 1881 3102 τὸ
1916 3048 2118 3119 πλῆθος

538 3136 707 3191 ἐθνῶν
740 3155 797 3191 τε
832 3137 922 3189 καὶ
955 3137 1222 3191 Ἰουδαίων
1254 3138 1361 3191 τῶν
1389 3140 1487 3209 τὴν
1522 3138 1777 3211 Σμύρναν
1800 3139 2117 3193 κατοικούν-

538 3246 668 3292 των,
710 3228 1068 3299 ἀκατασχέτῳ
1110 3228 1264 3300 θυμῷ
1298 3232 1389 3284 καὶ
1443 3230 1655 3302 μεγάλῃ
1705 3234 1853 3302 φωνῇ
1894 3231 2113 3284 ἐπεϐόα·

544 3339 563 3371 ι
606 3314 774 3383 Οὗτός
809 3321 955 3372 ἐστιν
977 3322 1004 3373 6
1031 3319 1129 3389 τῆς
1152 3319 1407 3383 ἀσεϐείας
1443 3319 1551 3391 (67)
1580 3320 1923 3385 διδάσκαλος,
1952 3323 1980 3373 6
2012 3337 2117 3373 πα-

538 3411 642 3482 τὴρ
667 3410 775 3464 τῶν
795 3410 1156 3482 Χριστιανῶν,
1199 3411 1228 3462 6
1263 3409 1370 3464 τῶν
1409 3411 1692 3481 ἡμετέρων
1739 3409 1878 3462 θεῶν
1922 3409 2116 3463 καθαι-

541 3501 722 3572 ρέτης,
753 3501 781 3551 6
805 3499 1029 3563 πολλοὺς
1050 3499 1314 3553 διδάσκων
1344 3500 1417 3570 μὴ
1440 3498 1614 3565 θύειν,
1646 3500 1777 3571 μηδὲ
1795 3502 2119 3571 προσκυνεῖν

539 3596 650 3657 τοῖς
683 3591 844 3657 θεοῖς.
890 3612 909 3644 ι
948 3592 1136 3647 Ταῦτα
1178 3592 1428 3661 λέγοντες
1469 3591 1709 3646 ἐπεϐόων
1750 3593 1845 3646 καὶ
1890 3591 2120 3664 ἠρώτων

2273 2403 2414 2459 'H'azc
2446 2420 2572 2459 vero
2601 2413 2767 2472 atque
2792 2404 2897 2459 alia
2924 2405 3081 2474 plura
3104 2420 3229 2460 cum
3256 2405 3484 2470 diceret,
3509 2406 3710 2463 fiducia
3737 2416 3793 2463 et

2216 2498 2416 2570 gaudio
2452 2497 2787 2567 replebatur,
2835 2496 3094 2568 illiusque
3134 2498 3318 2553 vultus
3363 2499 3558 2567 plenus
3605 2501 3795 2570 gratia:

2216 2599 2355 2656 erat,
2387 2590 2522 2644 adeo
2567 2598 2627 2643 ut
2667 2605 2775 2643 non
2810 2589 2987 2644 solum
3018 2603 3128 2643 non
3158 2589 3497 2656 concideret,
3530 2590 3652 2659 ipso
3699 2607 3796 2661 per

2215 2681 2361 2736 dicta
2406 2681 2765 2746 conturbata;
2814 2679 2910 2736 sed
2958 2690 3149 2735 contra
3198 2681 3496 2750 proconsul
3527 2689 3797 2751 stuperet,

2217 2788 2492 2843 suumque
2536 2772 2782 2826 mitteret
2832 2786 3138 2840 praaconem
3180 2780 3263 2826 ter
3298 2772 3355 2826 in
3404 2771 3588 2828 medio
3617 2773 3798 2828 stadio

2216 2865 2687 2935 proclamaturum
2719 2882 2732 2917 :
2770 2881 2788 2914 ι
2821 2862 3156 2935 Polycarpus
3183 2864 3471 2920 confessus
3497 2873 3601 2931 est,
3633 2864 3797 2919 Chri-

2218 2961 2459 3012 stianum
2482 2972 2542 3012 se
2564 2972 2707 3011 esse.
2745 2975 2763 3007 ›
2801 2954 2961 3022 Quod
2994 2956 3088 3011 ubi
3132 2956 3544 3026 pronuntiasset
3580 2972 3795 3027 praeco,

2218 3049 2477 3104 universa
2530 3048 2823 3103 multitudo
2872 3047 3155 3118 gentilium
3207 3063 3272 3103 ac
3320 3046 3657 3115 Juda‘orum,
3702 3050 3796 3120 qui

2220 3137 2511 3212 Smyrnam
2543 3140 2884 3204 incolebant,
2916 3138 3178 3195 effrenata
3217 3141 3297 3195 ira
3340 3149 3394 3195 et
3437 3156 3638 3212 magna
3663 3156 3800 3197 voce

2218 3231 2599 3286 conclamabat
2631 3250 2645 3286 :
2680 3250 2698 3283 ι
2739 3229 2838 3285 Ηίο
2866 3231 3163 3301 impietatis
3188 3240 3275 3287 est
3305 3243 3631 3303 praeceptor,
3646 3244 3802 3304 pater

2217 3320 2702 3388 Christianorum,
2757 3320 2989 3375 deorum
3037 3329 3359 3377 nostrorum
3410 3338 3654 3389 eversor,
3699 3327 3796 3396 qui

2218 3416 2421 3471 multos
2450 3417 2628 3483 docet,
2661 3431 2730 3470 ne
2761 3416 3092 3483 sacriﬁcent,
3140 3430 3277 3472 neve
3304 3417 3451 3486 _deos
3490 3417 3739 3474 adorent.
3772 3438 3792 3472 ›

2219 3503 2351 3561 Haec
2392 3507 2635 3562 dicentes
2686 3507 2996 3563 clamabant
3046 3506 3423 3577 rogabantque
3485 3508 3796 3580 Philippum

2220 3596 2565 3663 Asiarcham,
2602 3607 2663 3652 ut
2696 3597 2909 3651 leonem
2944 3598 3210 3652 adversus
3244 3595 3608 3669 Polycarpum
3637 3601 3798 3655 emit.

540 3685 630 3737 τὸν
661 3684 949 3755 Ἀσιάρχην
991 3683 1097 3753 (68)
1144 3682 1439 3745 Φίλιππον,
1483 3682 1593 3747 Eva;
1609 3684 1793 3753 ἐπαφῇ
1833 3682 1911 3753 τῷ
1939 3682 2113 3736 Πολυ-

2219 3695 2375 3741 teret.
2407 3689 2479 3741 At
2515 3686 2795 3757 Philippus
2839 3687 2895 3741 id
2935 3688 3040 3743 sihi
3072 3688 3237 3743 licere
3262 3689 3500 3759 negavit,
3547 3690 3676 3759 quia
3705 3691 3795 3745 lu-

543 3776 738 3848 κάρπῳ
776 3775 984 3828 λέοντα.
1032 3776 1089 3827 Ὀ
1139 3774 1195 3827 δὲ
1242 3774 1505 3837 Φίλιππος
1546 3774 1670 3845 ἔφη,
1718 3774 1791 3845 μὴ
1828 3770 1965 3827 εἶναι
1997 3774 2117 3839 ἐξὸν

540 3869 724 3940 αὐτῷ,
760 3868 948 3940 ἐπειδὴ
985 3866 1336 3938 πεπληρὼκει
1377 3866 1484 3937 (69)
1530 3867 1596 3921 τὰ
1627 3866 1942 3937 κυνηγέσια.
1982 3860 2149 3921 Τότε

543 3960 718 4025 ἔδοξεν
751 3962 931 4024 αὐτοῖς
963 3959 1300 4031 ὁμοθυμαδὸν
1330 3958 1637 4029 ἐπιϐοῆσαι,
1669 3957 1809 4011 ὥστε
1834 3958 1924 4011 τὸν
1959 3958 2122 4012 Πολύ-

541 4070 752 4125 καρπον
774 4052 950 4116 ζῶντα
981 4051 1087 4122 (70)
1116 4050 1545 4121 κατακαυθῆναι.
1586 4051 1734 4104 Ἔδει
1780 4049 1890 4121 γὰρ
1931 4048 1991 4102 τὸ
2021 4049 2119 4120 τῆς
2147 4126 2158 4138 .

542 4145 952 4217 φανερωθείσης
982 4144 1072 4197 ἐπὶ
1095 4142 1188 4197 τοῦ
1212 4142 1651 4214 προσκεφαλαίου
1679 4141 1946 4205 ὀπτασίας
1977 4141 2117 4214 πλη-

546 4234 820 4311 ρωθῆναι,
853 4237 941 4289 ὅτε
983 4234 1103 4288 ἰδὼν
1144 4235 1275 4288 αὐτὸ
1330 4234 1619 4304 καιόμενον
1665 4233 2117 4304 προσευχόμενος,

541 4324 694 4382 εἶπεν
731 4327 1082 4399 ἐπιστραφεὶς
1127 4329 1237 4390 τοῖς
1283 4328 1379 4379 σὺν
1422 4326 1571 4397 αύτῷ
1606 4329 1817 4390 πιστοῖς
1851 4342 2119 4397 προφητι-

542 4417 674 4485 κῶς⁸
713 4439 731 4471 ι
757 4418 847 4473 Δεῖ
869 4436 935 4491 με
966 4416 1143 4483 ζῶντα
1164 4416 1592 4488 κατακαυθῆναι.
1624 4437 1641 4467 ι

2218 3776 2349 3831 dum
2381 3776 2681 3830 bestiarum
2704 3777 2816 3846 jam
2850 3777 3196 3846 explevisset.
3231 3776 3386 3833 Tunc
3425 3780 3632 3850 placuit
3662 3782 3794 3851 illis,

2218 3881 2330 3920 uno
2353 3880 2623 3921 consensu
2648 3867 2907 3933 clamare,
2938 3877 2999 3922 ut
3020 3867 3355 3940 Polycarpus
3376 3872 3532 3927 vivus
3561 3875 3796 3929 combu-

2216 3964 2451 4011 reretur.
2497 3955 2731 4013 Necesse
2773 3958 2918 4013 enim
2953 3969 3093 4027 erat,
3125 3970 3186 4016 ut
3212 3963 3353 4018 visio
3387 3963 3479 4018 illa
3521 3964 3588 4019 de
3620 3968 3796 4020 cervi-

2218 4049 2324 4104 cali
2371 4048 2708 4118 impleretur,
2749 4066 2869 4120 quae
2896 4052 2945 4106 ei
2994 4061 3217 4108 ostensa
3250 4052 3450 4121 fuerat,
3492 4070 3618 4111 cum
3652 4056 3795 4112 inter

2221 4141 2493 4198 orandum
2528 4141 2660 4198 illud
2686 4143 2884 4199 ardens
2907 4145 3134 4215 videret,
3161 4156 3215 4202 et
3237 4162 3536 4203 conversus
3568 4148 3636 4203 ad
3663 4148 3797 4205 fido-

2218 4234 2299 4291 les
2340 4244 2585 4291 astantes
2627 4237 2943 4307 prophetice
2990 4237 3236 4296 diceret:
3280 4258 3297 4291 ι
3342 4238 3566 4310 Oportet
3598 4258 3686 4298 me
3706 4245 3793 4299 vi-

2218 4343 2348 4383 vum
2377 4328 2646 4384 comburi.
2680 4347 2698 4379 ι

1820 4552 1957 4607 XIII.
1994 4553 2170 4624 Rogus
2201 4558 2515 4611 exstruitur.

614 4680 801 4734 Ταῦτα
831 4674 925 4733 οὖν
961 4679 1099 4750 μετὰ
1129 4677 1382 4731 τοσούτου
1412 4677 1609 4746 τάχους
1656 4676 1895 4745 ἐγίνετο,
1928 4674 2120 4729 θᾶττον

542 4774 636 4830 τοῦ
662 4773 940 4844 λεχθῆναι,
969 4770 1077 4824 τῶν
1106 4770 1278 4841 ὄχλων
1313 4770 1653 4841 παραχρῆμα
1686 4769 2022 4837 συναγόντων
2056 4766 2121 4821 ἐκ

652 4914 695 4945 ¹⁰
726 4912 885 4967 Rom.
912 4926 1034 4975 xm,
1065 4912 1116 4976 i,
1144 4910 1208 4978 7;
1239 4910 1346 4965 Tit.
1384 4927 1469 4976 ιιι,
1498 4910 1549 4963 1.

2300 4677 2427 4733 Haac
2454 4694 2618 4749 porro
2640 4678 2805 4734 citius
2828 4686 3045 4748 peracta
3069 4686 3217 4743 sunt,
3239 4693 3402 4748 quam
3420 4677 3795 4747 pronuntiata;

2228 4781 2424 4827 cuncta
2452 4772 2609 4842 plebe
2633 4770 2923 4828 confestim
2948 4786 3011 4825 ex
3038 4770 3270 4825 ollicinis
3295 4785 3360 4825 ac
3400 4769 3613 4826 balneis
3650 4770 3795 4841 ligna

615 5033 729 5104 (65)
757 5034 796 5088 1.
825 5047 875 5087 e.
908 5051 930 5104 ι
963 5031 1153 5104 audire
1195 5039 1247 5104 te
1283 5031 1426 5097 volo,
1462 5031 1507 5084 si
1546 5046 1575 5083 a
1615 5033 1815 5104 populo
1856 5031 2115 5101 prolatio-
2146 5026 2194 5083 D
2220 5026 2497 5104 appellati.
2529 5018 2943 5104 Mmsryﬁfalde
2978 5033 3271 5104 onerosum
3314 5017 3592 5104 eratnhoc
3614 5031 3799 5104 sacer:

545 5102 668 5161 nem
705 5102 955 5173 Supplicii
986 5102 1190 5172 poteris
1214 5102 1528 5173 impetrare.
1556 5121 1589 5173 »γ
1617 5102 1869 5173 Neandr_o_
1891 5116 2117 5173 procon-

545 5176 632 5230 sul
672 5169 940 5244 lgnatium
977 5169 1210 5244 servare
1257 5169 1495 5244 voluisse
1543 5172 1774 5227 videtur.
1826 5169 1964 5227 Vide
1998 5172 2118 5241 ejus

545 5241 847 5299 Historiam
878 5242 1061 5296 eccles.
1095 5259 1133 5304 ι,
1164 5256 1218 5310 p.
1248 5241 1513 5296 107-110.

616 5314 729 5380 (66)
761 5313 837 5367 Ita
881 5311 1222 5367 Jacobsonus
1267 5328 1298 5366 e
1343 5311 1502 5366 codd.
1553 5311 1786 5366 Vindob.
1836 5320 1889 5365 et
1940 5310 2114 5365 Paris.

617 5386 726 5446 (67)
763 5384 869 5438 Pro
891 5384 1143 5446 ἀσεϐείας
1170 5383 1564 5436 restituendum
1583 5399 1703 5437 esse
1720 5382 1924 5445 Ἀσίας,
1942 5380 2116 5435 Ense-

546 5447 658 5521 hii‘,
702 5453 888 5509 Ruﬁni
930 5464 982 5509 et
1033 5454 1228 5523 veteris
1281 5453 1595 5523 interpretis
1637 5452 1986 5508 consentiens
2030 5450 2118 5504 hic

545 5528 747 5582 evincit
782 5526 1103 5579 auctoritas.
1137 5522 1333 5578 Ussen.

621 5596 732 5656 (68)
778 5596 1054 5649 Asiarchaa
1089 5604 1267 5657 erant,
1311 5592 1403 5662 qui
1437 5592 1596 5648 ludos
1637 5608 1825 5649 sacros
1862 5592 1916 5645 in
1950 5590 2119 5644 hono-

546 5682 659 5721 rem
691 5666 914 5719 dcorum
951 5681 1050 5734 pro
1081 5665 1253 5734 salute
1276 5664 1568 5734 provincia:
1591 5680 1704 5719 suae
1724 5664 1879 5718 statis
1906 5671 2117 5734 tempo-

546 5738 697 5791 ribus
739 5730 1122 5804 procurabant.
1157 5730 1312 5801 Quod
1338 5749 1470 5787 vero
1499 5734 1807 5803 spectacula
1828 5774 1841 5795 ,
1883 5746 2006 5802 quae
2050 5730 2120 5785 ab

547 5808 655 5862 illis
696 5807 999 5874 dabantur,
1048 5822 1202 5861 sacra
1247 5816 1435 5871 erant,
1480 5805 1607 5861 inde
1646 5804 1959 5861 sacerdotes
1991 5808 2123 5857 sunt

2216 5087 2465 5158 dotium,
2505 5102 2668 5162 atque
2712 5090 2912 5144 idcirco
2956 5088 3176 5162 nonnisi
3230 5088 3601 5162 opulentiores
3639 5088 3705 5140 ad
3732 5087 3798 5162 id

2219 5153 2512 5238 gerendum
2555 5153 2913 5238 eligebantur.
2964 5157 3101 5213 Hinc
3125 5153 3413 5238 εει-’ζωρά
3458 5153 3658 5238 Strabo
3692 5156 3797 5238 oli-

2220 5226 2438 5299 servat,
2486 5226 2785 5287 Asiarclias
2836 5230 2947 5283 fere
2998 5243 3064 5282 ex
3125 5226 3418 5281 Trallianis
3473 5227 3797 5299 desumptos

2220 5296 2729 5386 fuisse,'proplerea
2773 5300 2919 5370 quod
2935 5298 3074 5386 ‘ejus
3098 5299 3248 5386 urbis
3274 5299 3421 5386 cives
3446 5296 3799 5386 tot'i‘us‘ﬁsire

2221 5366 2624 5446 opulentissimi
2672 5366 2875 5427 essent.
2935 5366 3128 5422 VALES.
3176 5367 3318 5421 Idem
3363 5368 3465 5420 iste
3513 5366 3799 5434 Philippus

2221 5447 2361 5497 infra
2392 5460 2442 5497 c.
2474 5445 2538 5497 21
2574 5443 2865 5497 ἀογιεοεὺς
2898 5438 3231 5497 Τραλλιανός
3257 5438 3579 5497 appellatur.
3606 5434 3724 5490 Jac.

2221 5447 2361 5501 infra
2392 5460 2442 5499 c.
2474 5447 2538 5497 21
2574 5447 2609 5497 ἀ
2647 5447 2865 5513 χιερεὺς
2898 5447 2940 5491 Τ
2982 5447 3231 5500 αλλιανος
3257 5447 3579 5507 appellatur.
3606 5447 3724 5490 Jac.

2215 5534 2224 5557 ν
2292 5515 2402 5589 (69)
2430 5515 2503 5569 Ita
2523 5461 2761 5589 codpiee_s,
2781 5521 2918 5589 teste
2945 5456 3276 5589 gacobsono,
3292 5508 3509 5589 omisso
3527 5521 3798 5589 augmen.-

2221 5598 2274 5643 to
2296 5572 2849 5656 ‘plusquamperfecti,
2881 5580 3027 5656 quod
3055 5578 3254 5656 saepius
3288 5579 3406 5633 ﬁeri
3439 5572 3670 5632 testatur
3687 5572 3778 5629 Wi

2218 5649 2673 5731 ner'_(_}rajnm._,_§
2702 5653 2792 5731 lg,
2812 5668 2868 5731 ι).
2894 5649 2947 5731 8.
2981 5665 3033 5731 ᾖ
3060 5649 3368 5731 ϐμεόηινέ

2218 5750 2232 5782 ρ
2293 5728 2405 5797 ('70)
2435 5716 2672 5797 Ercodd."
2702 5716 2857 5779 Vind.
2891 5730 2944 5776 et
2982 5716 3285 5777 ’Parisiensi
3338 5716 3680 5774 Jacobsonus
3711 5730 3806 5772 rev

2220 5796 2400 5870 posuit
2433 5796 2627 5862 ζῶντα.
