4142 6388
368 319 391 372 1
404 319 503 372 059

1556 316 1612 372 S.
1650 314 2103 371 POLYCARPUS
2143 314 2453 369 MARTYR.

3482 320 3620 375 1040

362 447 416 492 et
450 448 721 493 sarmenta
772 448 1132 508 congerente;
1184 438 1456 507 praecipue
1503 436 1734 501 ludatis,
1769 438 1933 493 alacri

2040 456 2098 490 τε
2122 437 2229 490 τῶν
2269 436 2647 508 ἐργαστηρίων
2678 437 2770 489 καὶ¹
2799 437 3094 507 βαλανείων
3120 436 3249 501 ξύλα
3283 438 3375 490 καὶ
3409 438 3620 508 φρύγα-

363 530 570 593 animo,
618 542 677 584 ut
709 532 919 595 solent,
959 530 1027 583 ad
1067 531 1171 586 ista
1208 529 1550 598 juvantibus.
1584 529 1720 584 Cum
1754 539 1933 584 autem

364 636 531 692 regus
574 630 866 693 apparatus
913 633 1092 683 esset,
1137 620 1491 693 Polycarpus,
1529 621 1633 676 sibi
1679 622 1938 677 detractis

365 714 621 778 omnibus
652 714 991 769 vestimentis
1033 722 1089 767 et
1133 715 1351 784 cingulo
1384 714 1584 778 soluto,
1634 714 1937 768 conabatur

364 805 524 859 etiam
552 822 611 861 se
638 806 988 869 excalceare;
1018 804 1166 874 quod
1196 806 1347 874 prius
1379 821 1490 859 non
1521 806 1781 871 faciebat,
1804 806 1935 875 quia

365 914 580 969 semper
611 899 791 953 cuncti
832 898 1018 953 ﬁdeles
1053 899 1484 962 contendebant,
1519 897 1772 967 quisnam
1798 898 1939 953 cele-

364 992 481 1044 rius
519 1007 718 1060 corpus
746 991 865 1061 ejus
906 998 1179 1059 tangeret;
1208 991 1357 1043 omni
1381 990 1525 1044 enim
1554 991 1699 1044 bono
1723 998 1943 1059 propter

364 1091 584 1137 sanctos
625 1097 806 1136 mores
851 1097 983 1137 suos
1016 1083 1104 1137 ille
1134 1083 1297 1137 etiam
1339 1092 1464 1136 ante
1503 1081 1822 1151 martyrium
1853 1094 1943 1134 or-

364 1181 526 1228 natus
558 1182 692 1228 erat.
738 1172 889 1228 Illico
934 1190 1080 1229 nunc
1126 1174 1213 1228 ille
1258 1173 1514 1228 omnibus
1564 1171 1943 1227 instrumentis

364 1267 831 1329 circumdabatur,
883 1282 1004 1336 quae
1052 1282 1149 1336 pro
1192 1280 1322 1335 rogo
1352 1273 1538 1333 parata
1576 1273 1751 1319 erant.
1804 1264 1939 1317 Cum

362 1373 493 1413 vero
522 1366 575 1411 et
606 1358 775 1411 clavis
812 1358 993 1427 ipsum
1038 1355 1253 1427 affigere
1290 1358 1520 1419 vellent,
1562 1356 1741 1411 dixit:
1788 1375 1805 1405 ι
1853 1353 1941 1408 Si-

364 1450 473 1503 nite
512 1464 599 1503 me
635 1449 742 1513 sic;
789 1450 881 1519 qui
920 1449 1063 1503 enim
1107 1450 1240 1503 mihi
1295 1450 1388 1504 dat
1442 1450 1621 1519 ignem
1664 1448 1795 1517 pati,
1844 1447 1939 1501 da-

363 1542 464 1606 bit,
492 1551 545 1596 et
573 1541 688 1596 sine
716 1550 893 1595 vestra
928 1555 996 1594 ex
1038 1540 1204 1595 clavis
1237 1541 1509 1605 cautione,
1555 1542 1839 1595 immotum
1880 1539 1934 1591 in

366 1649 494 1705 pyra
530 1648 866 1703 permanere.
916 1651 933 1682 )

2043 547 2128 583 να·
2164 529 2397 599 μάλιστα
2426 529 2692 582 Ἰουδαίων
2726 528 3041 600 προθύμως,
3067 528 3142 592 ὡς
3170 528 3287 591 ἔθος
3308 528 3508 592 αὐτοῖς,
3540 532 3620 593 είς

2044 621 2216 674 ταῦτα
2247 620 2685 692 ὑπουργούντων.
2720 621 2848 672 Ὅτε
2881 620 2937 672 δὲ
2961 622 2994 691 ἡ
3022 619 3265 691 πυρκαῖά
3290 620 3617 690 ἡτοιμάσθη,

2042 711 2377 782 ἀποθέμενος
2411 711 2586 782 ἐαυτῷ
2619 712 2794 765 πάντα
2836 712 2904 765 τὰ
2944 711 3151 781 ἱμάτια,
3192 712 3286 764 καὶ
3326 710 3492 775 λύσας
3522 710 3620 781 τὴν

2046 800 2221 873 ζώνην
2250 801 2436 866 αὑτοῦ,
2472 804 2731 873 ἐπειρᾶτο
2760 802 2853 854 καὶ
2878 802 3129 855 ὑπολύειν
3164 803 3375 855 έαυτόν·
3394 802 3471 876 μὴ
3496 802 3622 872 πρό-

2043 908 2199 961 τερον
2231 892 2387 944 τοῦτο
2430 892 2617 956 ποιῶν,
2662 892 2748 946 διὰ
2792 893 2851 945 τὸ
2897 892 2984 946 ἀεὶ
3016 892 3245 947 ἕκαστον
3279 892 3386 945 τῶν
3415 894 3620 946 πιστῶν

2041 986 2380 1050 σπουδάζειν,
2430 987 2578 1049 ὅστις
2620 987 2805 1057 τάχιον
2832 986 2926 1039 τοῦ
2972 989 3181 1059 χρωτὸς
3202 986 3367 1039 αὑτοῦ
3390 986 3616 1057 ἅψηται·

2039 1077 2201 1130 παντὶ
2231 1077 2341 1147 (71)
2377 1077 2488 1149 γάρ
2527 1077 2696 1148 καλῷ,
2728 1077 2941 1148 ἀγαθῆς
2969 1077 3156 1131 ἕνεκεν
3195 1076 3487 1141 πολιτείας,
3524 1078 3620 1129 καὶ

2038 1168 2143 1240 πρὸ
2177 1168 2275 1239 τῆς
2315 1169 2618 1239 μαρτυρίας
2664 1170 3019 1241 ἐκεκόσμητο.
3066 1169 3283 1231 Εὐθέως
3329 1164 3421 1222 οῦν
3473 1168 3621 1238 αὐτῷ

2040 1259 2377 1331 περιετίθετο
2421 1261 2489 1314 τά
2537 1262 2673 1331 πρὸς
2722 1261 2819 1333 τὴν
2859 1261 3037 1333 πυρὰν
3080 1261 3403 1332 ἡρμοσμένα
3448 1261 3618 1331 ὄργα-

2040 1370 2105 1405 να
2148 1352 2277 1421 (72).
2321 1352 2640 1406 Μελλόντων
2685 1353 2741 1405 δὲ
2788 1352 2969 1407 αὐτῶν
3010 1352 3102 1405 καὶ
3138 1351 3445 1423 προσηλοῦν
3483 1351 3618 1423 (7⁸5),

2044 1440 2212 1497 εἶπεν·
2258 1465 2274 1494 ‹
2312 1446 2507 1514 Ἀφετέ
2536 1463 2602 1516 με
2643 1445 2833 1509 οὕτως·
2876 1448 2904 1499 6
2932 1446 3041 1517 γάρ
3060 1445 3182 1509 δούς
3212 1462 3301 1515 μοι
3333 1445 3619 1514 ὑπομεῖναι

2043 1537 2103 1588 τὸ
2133 1535 2265 1607 πῦρ,
2292 1536 2452 1589 δώσει
2473 1538 2565 1589 καὶ
2587 1537 2756 1608 χωρὶς
2776 1538 2875 1608 τῆς
2908 1537 3180 1607 ὑμετέρας
3222 1538 3284 1589 ὲκ
3323 1535 3431 1588 τῶν
3473 1534 3621 1606 ἥλων

2042 1626 2359 1694 ἀσφαλείας,
2394 1626 2686 1681 ἀσάλευτον
2720 1628 2995 1698 ἐπιμεῖναι
3026 1631 3090 1699 τῇ
3114 1629 3280 1699 πυρᾷ.
3320 1646 3337 1678 ι

1619 1745 1753 1798 XIV.
1794 1743 2076 1814 I’olycarpi
2109 1745 2362 1813 precatio.

436 1863 516 1917 Illi
551 1877 681 1933 ergo
716 1878 822 1916 non
865 1862 1081 1932 quidem
1119 1864 1284 1916 clavis
1316 1862 1639 1926 defixerunt,
1679 1863 1771 1917 sed
1798 1862 1933 1932 liga-

2109 1862 2171 1913 Οἱ
2215 1860 2272 1913 δὲ
2308 1862 2368 1915 οὐ
2413 1859 2736 1931 καθήλωσαν
2772 1861 2891 1930 μὲν,
2924 1859 3119 1929 ἔδησαν
3146 1858 3201 1912 δὲ
3246 1858 3427 1912 αὑτόν.
3471 1858 3528 1913 Ὀ
3561 1859 3619 1913 δὲ

364 1963 560 2010 verunt
600 1970 749 2009 eum.
779 1952 881 2008 Hic
910 1968 1042 2007 vero
1076 1953 1329 2008 manibus
1360 1955 1414 2007 in
1462 1962 1673 2024 tergum
1721 1953 1937 2023 rejectis

363 2061 427 2099 ac
453 2046 690 2109 vinctus,
724 2053 989 2115 tanquam
1012 2044 1155 2100 aries
1188 2045 1422 2109 insignis
1459 2061 1527 2098 ex
1558 2060 1755 2115 magno
1778 2060 1936 2115 grege

361 2137 428 2191 ad
461 2136 813 2202 oblationem,
846 2136 1064 2191 victima
1093 2137 1440 2206 acceptabilis
1468 2136 1577 2191 Deo
1613 2146 1933 2207 praeparata,

362 2230 559 2283 ccelum
608 2230 838 2283 intuitus
884 2229 1069 2283 dixit:
1136 2248 1153 2279 ι
1204 2228 1433 2285 Domine
1486 2230 1629 2284 Deus
1683 2231 1935 2298 omnipos

364 2331 502 2384 tens,
540 2321 699 2377 Pater
722 2321 905 2376 dilecti
931 2336 996 2374 ac
1020 2320 1289 2376 benedicti
1337 2320 1459 2375 Filii
1493 2323 1572 2376 tui
1616 2320 1742 2377 Jesu
1780 2322 1938 2402 Chri-

363 2415 454 2481 sti,
487 2429 583 2482 per
620 2429 779 2483 quem
820 2414 899 2468 tui
944 2415 1193 2468 notitiam
1230 2414 1559 2484 accepimus,
1604 2415 1747 2470 Deus
1772 2430 1938 2485 ange-

361 2507 538 2561 lorum
566 2515 618 2559 et
649 2506 930 2572 virtutum,
963 2522 1028 2562 ac
1055 2507 1321 2562 universae
1344 2517 1627 2570 creaturae,
1663 2507 1937 2577 totiusque

362 2600 577 2671 generis
620 2599 893 2668 iustorum
926 2600 979 2653 in
1023 2608 1319 2669 conspectu
1355 2600 1455 2654 tuo
1486 2600 1813 2663 viventium;
1840 2600 1935 2653 be—

362 2692 557 2745 nedico
592 2693 717 2759 tibi,
745 2692 1003 2761 quoniam
1039 2708 1126 2746 me
1160 2692 1263 2747 hac
1310 2692 1397 2747 die
1446 2703 1611 2760 atque
1652 2692 1755 2746 hac
1801 2692 1936 2747 hora

360 2785 616 2854 dignatus
645 2799 726 2848 es,
760 2793 817 2837 ut
848 2793 1055 2853 partem
1091 2783 1393 2852 acciperem
1427 2783 1479 2835 in
1514 2797 1741 2836 numero
1788 2795 1936 2833 mar-

360 2885 541 2946 tyrum
578 2884 817 2938 tuorum,
854 2874 907 2928 in
934 2876 1105 2930 calice
1132 2873 1337 2929 Christi
1371 2874 1450 2927 tui
1480 2874 1542 2939 “,
1583 2873 1649 2926 ad
1694 2886 1938 2927 resurre-

359 2966 595 3021 ctionem
635 2967 689 3019 in
735 2966 901 3020 vitam
939 2975 1221 3031 aeternam,
1274 2965 1469 3018 animae
1515 2975 1567 3018 et
1590 2964 1855 3033 corporis,
1882 2964 1934 3016 in

360 3058 767 3128 incorruptione
816 3074 911 3127 per
957 3057 1217 3127 Spiritum
1271 3066 1554 3122 sanctum;
1604 3057 1746 3110 inter
1798 3072 1938 3125 quos

360 3149 567 3204 utinam
609 3150 879 3219 suscipiar
921 3149 1083 3203 hodie
1118 3163 1301 3203 coram
1336 3157 1387 3203 te
1420 3148 1475 3201 in
1513 3147 1783 3202 sacrificio
1818 3148 1938 3216 pin-

2037 1952 2209 2007 ὀπίσω
2249 1952 2347 2014 τὰς
2391 1953 2575 2023 χεῖρας
2620 1952 2852 2022 ποιήσας
2893 1950 2985 2003 καὶ
3035 1949 3387 2022 προσδεθεὶς,
3429 1950 3619 2023 ὥσπερ

2036 2044 2187 2115 κριὸς
2230 2043 2502 2115 ἐπίσημος
2548 2044 2612 2096 ἐκ
2670 2043 2903 2114 μεγάλου
2956 2043 3209 2113 ποιμνίου
3255 2044 3335 2106 είς
3382 2060 3622 2114 προσφο-

2040 2136 2136 2206 ράν
2167 2135 2298 2206 (74),
2331 2134 2697 2205 ὁλοκάρπωμα
2733 2134 2843 2204 (75)
2872 2134 3057 2187 δεκτὸν
3084 2133 3161 2204 τῷ
3202 2133 3321 2203 Θεῷ
3361 2135 3623 2205 ἡτοιμασ-

2041 2228 2234 2297 μένον,
2279 2226 2589 2296 ἀναϐλέψας
2632 2228 2711 2289 είς
2757 2226 2845 2279 τὸν
2890 2226 3137 2295 οὐρανὸν,
3188 2221 3343 2278 εἷπε·
3388 2245 3405 2277 ι
3448 2226 3619 2297 Κύριε

2036 2321 2063 2370 6
2092 2318 2243 2381 Θεὸς,
2277 2320 2304 2370 6
2334 2317 2748 2389 παντοκράτωρ,
2778 2320 2807 2371 6
2836 2317 2927 2370 τοῦ
2961 2317 3246 2387 ἀγαπητοῦ
3280 2317 3375 2369 καὶ¹
3394 2317 3616 2388 εὐλογη-

2035 2409 2128 2463 τοῦ
2170 2411 2367 2473 Παιδός
2414 2427 2506 2463 σου
2549 2409 2725 2481 Ἰησοῦ
2769 2408 3002 2482 Χριστοῦ
3045 2409 3266 2480 Πατὴρ,
3310 2409 3376 2461 δι’
3417 2402 3476 2461 οὗ
3518 2409 3615 2479 τὴν

2039 2504 2166 2574 περὶ
2202 2503 2296 2557 σοῦ
2328 2502 2621 2572 ἐπίγνωσιν
2658 2502 2979 2573 εἰλήφαμεν,
3022 2504 3050 2555 6
3080 2501 3211 2565 Θεὸς
3246 2502 3490 2570 ἀγγέλων
3523 2501 3617 2553 καὶ

2036 2594 2351 2665 δυνάμεων,
2396 2594 2489 2647 καὶ
2531 2593 2709 2662 πάσης
2758 2591 2856 2660 τῆς
2894 2591 3144 2655 κτίσεως,
3176 2590 3269 2644 καὶ
3293 2590 3491 2653 παντὸς
3520 2587 3614 2641 τοῦ

2036 2686 2227 2755 γένους
2256 2685 2362 2738 τῶν
2387 2684 2629 2748 δικαίων,
2648 2684 2696 2736 οἳ
2728 2682 2892 2747 ζῶσιν
2914 2681 3143 2734 ἐνώπιόν
3176 2698 3287 2733 σου·
3309 2679 3515 2748 εὐλογῶ
3536 2698 3616 2744 σε,

2037 2780 2118 2831 ὃτι
2156 2779 2392 2849 ἡξίωσάς
2439 2796 2504 2849 με
2547 2778 2644 2849 τῆς
2689 2777 2901 2847 ἡμέρας
2944 2777 3040 2829 καὶ
3069 2776 3217 2846 ὥρας
3256 2775 3482 2844 ταύτης,
3523 2773 3619 2828 τοῦ

2038 2870 2220 2923 λαϐεῖν
2253 2889 2318 2941 με
2367 2872 2532 2942 μέρος
2564 2872 2622 2922 ὲν
2664 2868 2881 2939 ἀριθμῷ
2920 2867 3028 2921 τῶν
3075 2866 3366 2942 μαρτύρων
3410 2884 3526 2929 σου,
3560 2867 3618 2918 ὲν

2036 2960 2113 3030 τῷ
2156 2940 2399 3032 ποτηρίω
2439 2940 2534 3013 τοῦ
2577 2960 2814 3031 Χριστοῦ
2862 2976 2979 3023 σου,
3026 2960 3107 3021 είς
3148 2940 3443 3011 ἀνάστασιν
3473 2956 3618 3027 ζωῆς

2038 3054 2275 3115 αἰωνίου,
2310 3053 2489 3123 ψυχῆς
2519 3071 2577 3105 τε
2606 3052 2700 3105 καὶ
2730 3053 3000 3122 σώματος,
3032 3052 3091 3103 ἐν
3119 3050 3401 3122 ἀφθαρσίᾳ
3443 3050 3616 3106 Ilvati-

2043 3164 2209 3218 ματος
2238 3146 2412 3215 ἁγίου·
2450 3147 2508 3198 έν
2536 3139 2616 3207 οἷς
2645 3142 3032 3214 προσδεχθείην
3066 3141 3295 3195 ἐνώπιόν
3327 3158 3418 3193 σου
3446 3142 3511 3212 σή
3522 3158 3618 3209 με·

359 3244 451 3312 gui
489 3251 543 3296 et
576 3214 817 3310 accepto,
863 3239 1323 3311 quemadmodum
1363 3238 1681 3309 praeparasti
1711 3246 1764 3293 et
1796 3214 1931 3293 mihi

2041 3214 2129 3306 ρον
2161 3236 2217 3287 ὲν
2247 3236 2409 3305 θυσίᾳ
2438 3235 2581 3287 πίονι
2610 3234 2706 3286 καὶ
2735 3234 3058 3304 προσδεκτῇ,
3076 3231 3259 3296 καθὼς
3288 3232 3616 3303 προητοίμα-

359 3332 787 3401 praemonstrasti
822 3340 875 3385 et
903 3345 1051 3385 nunc
1076 3329 1463 3400 adimplevisti,
1494 3329 1658 3393 Deus,
1704 3331 1929 3384 menda-

359 3426 428 3479 cii
456 3425 674 3479 nescius
700 3440 764 3478 ac
784 3438 969 3476 verax.
1006 3421 1345 3492 Quapropter
1383 3425 1449 3476 de
1476 3421 1731 3476 onmibus
1764 3421 1928 3475 laudo

358 3527 431 3584 te,
473 3517 732 3571 benedico
773 3515 889 3581 tibi,
935 3514 1178 3585 glorifieo
1210 3523 1282 3579 te,
1328 3529 1451 3568 cum
1504 3513 1837 3582 sempiterno
1875 3521 1929 3567 et

2038 3346 2136 3392 σας
2166 3328 2257 3380 καὶ
2288 3326 2743 3397 προεφανέρωσας
2772 3324 2866 3377 καὶ
2896 3324 3217 3395 ὲπλήρωσας
3242 3323 3370 3395 (76),
3400 3327 3429 3377 6
3456 3325 3618 3393 ἀψευ-

2036 3421 2129 3492 δὴς
2172 3422 2267 3474 καὶ
2309 3419 2561 3490 ἀληθινὸς
2608 3419 2758 3481 Θεός.
2807 3419 2905 3471 Διὰ
2929 3419 3088 3471 τοῦτο
3111 3418 3205 3470 καὶ
3238 3417 3367 3488 περὶ
3402 3417 3615 3469 πάντων

2036 3513 2169 3567 αἰνῶ
2199 3531 2278 3577 σε,
2310 3511 2515 3580 εὐλογῶ
2545 3529 2626 3575 σε,
2670 3510 2875 3577 δοξάζω
2919 3528 2999 3574 σε,
3045 3513 3141 3564 σὺν
3176 3510 3253 3580 τῷ
3285 3510 3486 3579 αἰωνίῳ
3520 3506 3615 3559 καὶ

2044 3605 2355 3675 ἐπουρανίῳ
2377 3593 2553 3674 Ἰησοῦ
2593 3602 2831 3675 Χριστῷ,
2864 3601 3131 3672 ἀγαπητῷ
3160 3618 3253 3654 σου
3284 3600 3455 3654 Παιδί·
3494 3596 3612 3670 μεθ’

2035 3690 2094 3749 οὗ
2138 3713 2219 3749 σοι
2264 3696 2357 3750 καὶ
2392 3696 2669 3765 Πνεύματι
2709 3694 2848 3764 ἁγίῳ
2888 3696 2922 3763 ἡ
2954 3693 3103 3757 δόξα,
3136 3694 3231 3745 καὶ
3274 3693 3369 3746 νῦν
3410 3691 3504 3745 καὶ
3532 3693 3610 3752 εἰς

2033 3788 2157 3850 τοὺς
2183 3786 2476 3857 μέλλοντας
2511 3785 2731 3848 αἰῶνας.
2767 3786 2955 3855 Ἀμήν.
2987 3804 3005 3835 ι

356 3608 563 3665 caelesti
588 3606 715 3663 Jesu
744 3606 982 3671 Christo,
1015 3606 1211 3661 dilecto
1245 3614 1339 3659 tuo
1370 3602 1507 3658 Filio
1527 3645 1540 3669 ,
1575 3620 1697 3658 cum
1727 3619 1835 3673 quo
1864 3605 1924 3658 εἰς

358 3700 410 3753 bi
439 3708 493 3755 et
530 3699 757 3768 Spiritui
797 3706 987 3753 sancto
1028 3697 1195 3768 gloria
1221 3736 1234 3759 ,
1271 3706 1324 3749 et
1362 3709 1505 3749 nunc
1544 3703 1597 3747 et
1643 3695 1695 3747 in
1744 3694 1926 3749 futura

359 3792 576 3847 saecula.
603 3792 791 3843 Amen.
811 3810 827 3837 ι

1458 3895 1574 3949 XV.
1611 3896 1942 3966 Polycarpus
1975 3898 2094 3968 igne
2126 3918 2229 3955 non
2264 3901 2507 3957 lwditur.

429 4019 497 4073 Et
525 4027 811 4088 postquam
843 4035 859 4067 ι
893 4017 1064 4071 Amen
1098 4035 1115 4068 ι
1138 4017 1429 4078 emisisset,
1455 4015 1927 4085 precationemque

2101 4021 2544 4092 Ἀναπέμψαντος
2573 4020 2628 4074 δὲ
2654 4020 2815 4074 αὑτοῦ
2840 4020 2899 4073 τὸ
2932 4039 2949 4072 ι
3003 4021 3196 4093 Ἀμὴν,
3224 4038 3240 4069 ι
3271 4020 3363 4072 καὶ
3393 4017 3609 4089 πληρώ-

359 4110 757 4180 complevisset,
774 4107 1010 4162 ministri
1034 4108 1173 4177 ignis
1190 4110 1369 4177 ignem
1386 4107 1772 4163 accenderunt.
1790 4106 1928 4163 Cum

2038 4129 2225 4177 σαντος
2247 4115 2343 4185 τὴν
2372 4116 2558 4187 εὐχὴν,
2594 4118 2642 4169 οἱ
2672 4116 2765 4169 τοῦ
2798 4116 2967 4188 πυρὸς
3005 4113 3281 4184 ἄνθρωποι
3313 4111 3516 4182 ἐξῆψαν
3548 4111 3608 4165 τὸ

360 4218 489 4259 vero
522 4204 716 4271 ingens
749 4200 968 4253 flamma
1012 4199 1323 4263 emicasset,
1353 4198 1559 4268 grande
1599 4199 1928 4259 miraculum

2038 4205 2161 4276 πῦρ.
2193 4208 2450 4279 Μεγάλης
2482 4209 2538 4261 δὲ
2582 4209 2935 4279 ἐκλαμψάσης
2981 4206 3194 4277 φλογὸς,
3234 4205 3421 4275 θαῦμα
3464 4203 3605 4275 μέγα

357 4294 617 4356 vidimus,
650 4306 769 4357 nos,
793 4290 995 4359 quibus
1020 4290 1152 4344 illud
1182 4299 1429 4360 spectare
1453 4304 1775 4347 concessum
1801 4290 1925 4357 fuit,

2038 4297 2264 4368 εἴδομεν,
2308 4294 2387 4363 οἷς
2432 4300 2558 4353 ἰδεῖν
2606 4299 2794 4370 ἐδόθη·
2845 4300 2894 4352 οἳ
2922 4299 3016 4353 καὶ
3044 4295 3409 4368 ὲτηρήθημεν,
3437 4297 3514 4357 εἰς
3545 4293 3606 4346 τδ

358 4383 451 4452 qui
491 4391 546 4436 et
575 4382 697 4435 ideo
724 4379 984 4435 reservati
1037 4396 1248 4447 sumus,
1270 4388 1331 4434 ut
1359 4380 1502 4446 aliis,
1527 4396 1650 4450 quae
1681 4383 1924 4452 contige-

2038 4391 2345 4459 ἀναγγεῖλαι
2388 4394 2497 4457 τοῖς
2540 4392 2745 4456 λοιποῖς
2789 4392 2858 4445 τὰ
2904 4391 3188 4461 γενόμενα.
3242 4389 3314 4441 Τὸ
3345 4386 3453 4458 γὰρ
3490 4384 3602 4458 πῦρ

357 4482 504 4538 runt,
535 4470 1012 4526 annuntiaremus.
1059 4469 1201 4541 Ignis
1239 4472 1385 4525 enim
1415 4470 1642 4526 fornicis
1689 4474 1924 4543 speciem

2038 4481 2284 4553 καμάρας
2320 4478 2461 4546 εἶδος
2506 4484 2772 4554 ποιῆσαν,
2820 4482 3006 4554 ὥσπερ
3059 4479 3215 4550 ὀθόνη
3268 4478 3451 4531 πλοίου
3500 4476 3604 4530 ὑπὸ

353 4571 622 4640 praebens,
660 4579 919 4641 tanquam
960 4570 1115 4625 navis
1154 4571 1332 4624 velum
1374 4586 1403 4623 a
1448 4578 1607 4625 vento
1638 4570 1921 4641 repletum,

2038 4574 2336 4644 πνεύματος
2358 4574 2730 4647 πληρουμένη,
2762 4573 2945 4644 κύκλῳ
2977 4571 3335 4645 περιετείχισε
3356 4571 3414 4623 τὸ
3444 4570 3603 4639 σῶμα

358 4664 410 4717 in
450 4664 655 4719 circulo
699 4679 900 4733 corpus
942 4663 1196 4733 martyris
1229 4662 1623 4729 circumdedit;
1667 4665 1833 4734 quod,
1866 4666 1919 4720 in

2038 4665 2119 4719 τοῦ
2158 4667 2451 4737 μάρτυρος·
2502 4666 2596 4719 καὶ
2627 4662 2695 4736 ἦν
2728 4665 2891 4737 μέσον
2922 4664 3020 4734 οὑχ
3039 4664 3114 4725 ὼς
3140 4660 3277 4733 σάρξ
3316 4661 3599 4731 καιομένη,

354 4756 534 4810 medio
563 4756 823 4825 positum,
866 4770 975 4808 non
1025 4763 1085 4808 ut
1126 4769 1256 4809 caro
1304 4769 1425 4809 assa
1468 4754 1774 4822 videbatur,
1827 4755 1920 4811 sed

2038 4755 2142 4809 ἀλλ’
2188 4757 2263 4819 ὼς
2307 4756 2471 4828 ἄρτος
2515 4756 2848 4827 ὀπτώμενος,
2882 4756 2915 4826 ἢ
2960 4756 3035 4817 ὡς
3078 4754 3273 4825 χρυσὸς
3305 4754 3399 4806 καὶ
3434 4752 3604 4824 ἄργυ-

354 4846 516 4899 veluti
542 4846 697 4915 panis
727 4853 936 4908 coctus,
967 4844 1051 4899 vel
1087 4845 1230 4901 sicut
1253 4858 1448 4899 aurum
1473 4855 1527 4898 et
1554 4853 1837 4913 argentum
1864 4847 1920 4900 in

2038 4865 2122 4921 ρος
2166 4849 2222 4901 ὲν
2256 4848 2469 4918 καμίνῳ
2517 4849 2852 4921 πυρούμενος
2892 4849 3023 4918 (77).
3070 4846 3181 4899 Καὶ⁵
3215 4846 3324 4917 γὰρ
3375 4844 3601 4906 εὐωδίας

424 4982 462 5013 ¹¹
498 4980 688 5035 Matth.
724 4996 815 5044 xx,
840 4980 942 5047 9.2;
976 4999 1121 5048 xxvr,‘
1156 4983 1254 5047 '59;
1282 4981 1449 5037 Marc.
1483 4997 1535 5045 κ,
1562 4980 1651 5037 '58.

424 5120 533 5191 (7t)
560 5120 881 5199 Prmpositio
910 5125 1005 5199 ὲν,
1024 5139 1144 5199 quae
1171 5124 1366 5199 legitur
1401 5124 1455 5177 in
1486 5123 1666 5199 editis,
1696 5124 1853 5180 abest
1882 5141 1912 5178 a

2238 5126 2530 5199 Similiaiin
2563 5126 2824 5199 Martyrio
2857 5125 3047 5199 Igne}.~
3073 5140 3123 5181 c.
3159 5125 3215 5179 2.

352 5178 541 5266 msLelt
564 5178 726 5266 plane
752 5193 884 5266 mihi
917 5178 1475 5266 redu'udare‘ividetur.
1499 5192 1615 5248 Jac.
1654 5178 1665 5190 ’
2094 5178 2206 5266 (75)
2230 5178 2921 5266 diligisihievpietibh‘s
2944 5178 3307 5253 Hebraeorum
3345 5178 3455 5258 τῶν
3488 5207 3597 5266 non

448 5262 535 5401 72)
563 5262 623 5316 E.
647 5279 696 5332 g.
729 5282 747 5313 ι
785 5264 962 5331 palus,
988 5274 1208 5330 catenae,
1234 5264 1411 5328 funes,
1445 5284 1463 5315 ι
1503 5274 1608 5319 etc.

448 5334 514 5385 75
560 5331 675 5387 Νοη
711 5334 962 5386 videntur
993 5334 1105 5388 hare
1128 5334 1201 5388 ita
1235 5335 1598 5401 intelligenda,
1626 5335 1783 5401 quasi
1808 5333 1908 5388 Po-

2038 5262 2120 5335 oer
2136 5262 2496 5339 ὁλοκαύτωμα
2523 5262 2698 5323 solum
2732 5267 2996 5332 redditur,
3023 5266 3117 5321 sed
3146 5266 3415 5319 interdum
3433 5264 3598 5318 etiam

2038 5353 2124 5401 per
2153 5338 2541 5401 ὁλοκάρπωμα,
2580 5348 2638 5392 ut
2676 5336 2805 5392 Lev.
2834 5353 2874 5400 ι,
2905 5337 3001 5401 14,
3034 5352 3145 5401 xvi,
3171 5335 3262 5389 Ἡ.
3288 5334 3487 5390 Usssa.

446 5331 675 5409 75)_Non
711 5334 1105 5409 videnturhch
1128 5334 1201 5388 ita
1232 5335 1598 5409 intelligenda,
1626 5335 1783 5404 quasi
1808 5333 1908 5409 Po-

2038 5331 2541 5409 ροιχόλοκάρπωμα,
2580 5348 2638 5392 ut
2662 5336 2874 5409 ALev._1,
2905 5331 3001 5401 14,
3034 5352 3145 5401 xvi,
3171 5335 3262 5389 24.
3288 5334 3487 5409 Usse‘a.

352 5402 555 5473 lycarpi
615 5418 809 5473 manus
855 5404 1027 5458 clavis
1065 5405 1384 5460 transfixuri
1411 5402 1659 5468 'essent,_
1692 5413 1748 5460 et
1793 5404 1923 5473 palo

351 5472 593 5545 affisuri;
627 5488 735 5526 non
776 5471 968 5545 fuisset
996 5473 1141 5529 enim
1188 5475 1302 5530 haec
1329 5474 1525 5545 exigua
1566 5490 1690 5543 pars
1715 5471 1922 5543 suppli-

353 5541 422 5594 cii
459 5542 645 5612 [quam
686 5543 970 5598 carnifices
1011 5558 1119 5597 non
1164 5541 1918 5615 remisissentlftlrediderim

352 5625 515 5679 ergo,
549 5621 802 5685 catenas,
846 5615 1051 5685 quibus
1080 5614 1335 5685 revinctae
1381 5614 1537 5668 erant
1583 5615 1650 5669 ad
1704 5625 1915 5685 tergum

334 5694 580 5800 -gallus,
612 5683 735 5752 palo
763 5684 928 5739 clavis
974 5683 1160 5739 afﬁxas
1202 5684 1394 5751 fuisse,
1443 5700 1510 5740 ne
1545 5683 1912 5746 moverentur.

397 5765 515 5800 LER.

397 5765 515 5803 LER.

2100 5407 2215 5481 (76)
2234 5402 2574 5507 Papiefec'erat
2588 5407 2732 5463 enim
2755 5409 2803 5463 ei
2821 5406 2965 5463 Deus
2992 5408 3168 5479 ignem
3193 5405 3458 5477 martyrii.
3480 5402 3595 5458 Cfr.

2028 5492 2394 5622 δέίῖἷθξρύοό
2423 5549 2565 5622 ignis
2601 5548 3104 5622 fornicisprazbens
3142 5549 3384 5622 speciem
3427 5552 3583 5622 stete-

2028 5616 2118 5745 ης
2163 5621 2240 5744 Μ]
2258 5616 2470 5676 οειυεὶἐ
2484 5620 2724 5692 physicis
2759 5616 2923 5677 trib—ui
2957 5635 3118 5691 posse
3139 5616 3326 5675 censet
3354 5616 3598 5685 Dalrym-

2028 5705 2062 5759 p
2087 5707 2190 5747 Ius.
2248 5706 2333 5745 ac.
