4142 6384
516 379 650 435 50“

1156 384 1373 442 EPIST.
1420 388 1781 447 ECCLESl/E
1807 392 2057 449 SMYRN.
2103 397 2190 451 DE
2232 398 2598 456 MARTYRIO
2639 398 2711 457 S.’
2740 401 3143 459 I’OLYCARPI.

3642 416 3777 471 10ίὲ

510 521 777 593 τοσαύτης
823 526 1247 598 ἀντελαϐόμεθα,
1290 530 1366 594 ὡς
1414 530 1709 587 λιϐανωτοῦ
1755 537 2075 603 πνέοντος,ἱ

2202 517 2424 574 fornace
2475 521 2737 576 candens.
2787 512 3016 578 Tantam
3071 532 3252 579 autem
3284 540 3383 580 nos
3435 530 3777 598 percepimus

508 611 670 667 ἄλλου
699 614 841 679 τινὸς
864 616 971 672 τῶν
1001 620 1196 690 τιμίων
1220 622 1530 691 ἀρωμάτων
1567 624 1697 698 (78).

2203 615 2526 669 suavitatem
2560 615 2768 683 odoris,
2815 633 2881 672 ac
2923 619 2965 672 si
3005 618 3131 673 thus
3166 627 3259 672 aut
3310 619 3457 673 aliud
3502 623 3777 689 quoddam

2204 709 2569 777 pretiosorum
2608 719 2912 765 aromatum
2937 712 3183 767 oluisset.

1560 849 1695 904 XVI.
1734 851 2059 922 Polycarpus
2095 855 2318 924 pugione
2354 851 2710 922 trans/igitur.

578 966 759 1037 Πέρας
799 962 893 1020 οὖν
940 966 1136 1030 ἰδόντες
1172 969 1221 1020 oi
1256 967 1466 1039 ἄνομοι,
1498 970 1559 1021 οὺ
1591 970 1887 1042 δυνάμενον
1919 972 2085 1026 αὐτοῦ

508 1058 570 1111 τὸ
621 1057 781 1128 σῶμα
827 1057 933 1109 ὑπὸ
974 1056 1067 1110 τοῦ
1119 1060 1288 1130 πυρὸς
1336 1058 1753 1131 δαπανηθῆναι,
1799 1064 2091 1117 ἐκέλευσαν

510 1149 876 1221 προσελθόντα
902 1148 1051 1221 αὐτῷ
1081 1151 1432 1223 κομφέκτορα
1458 1151 1567 1224 (79)
1607 1154 1922 1225 παραϐῦσαι
1949 1156 2089 1225 ξιφί-

506 1243 636 1297 διον.
674 1242 786 1295 Kal.
821 1242 979 1296 τοῦτο
1026 1246 1372 1314 ποιήσαντος,
1416 1244 1605 1316 ἐξῆλθε
1641 1249 1939 1319 περιστερά
1981 1250 2089 1321 (80)

506 1337 601 1391 καὶ¹
630 1336 833 1408 πλῆθος
860 1337 1112 1407 αἵματος,
1154 1335 1294 1390 ὥστε
1353 1338 1687 1391 κατασϐέσαι
1729 1341 1790 1391 τὸ
1820 1339 1951 1411 πῦρ,
1998 1342 2092 1395 καὶ

505 1428 782 1498 θαυμάσαι
829 1429 1006 1483 πάντα
1041 1428 1131 1481 τὸν
1169 1429 1344 1499 ὄχλον,
1382 1432 1430 1483 εί
1473 1432 1707 1505 τοσαύτη
1739 1452 1821 1498 τις
1853 1436 2087 1507 διαφορά

507 1518 708 1589 μεταξὺ
748 1519 855 1572 τῶν
889 1520 1134 1573 ἀπίστων
1177 1520 1269 1573 καὶ
1298 1519 1406 1573 τῶν
1442 1521 1731 1577 ἐκλεκτῶν·
1780 1518 1854 1577 ὧν
1888 1520 1967 1589 εἷς
1996 1528 2089 1579 καὶ

503 1604 656 1674 οῦτος
680 1612 894 1680 γεγόνει
916 1612 1025 1681 (81)
1053 1614 1082 1665 ό
1103 1611 1550 1683 θαυμασιώτατος
1578 1615 1786 1687 μάρτυς
1818 1616 2089 1690 Πολυχαρ-

504 1719 625 1767 πος,
656 1705 713 1755 ἐν
740 1706 854 1767 τοῖς
887 1703 1008 1756 καθ’
1041 1706 1189 1774 ἡμᾶς
1219 1704 1433 1775 χρόνοις
1457 1705 1775 1772 διδάσκαλος
1802 1710 2085 1763 ἀποστολι-

501 1797 597 1859 κὸς
641 1796 734 1849 καὶ
766 1797 1107 1866 προφητικὸς
1129 1797 1438 1867 γενόμενος,
1478 1798 1777 1863 ἐπίσκοπός
1804 1817 1863 1853 τε
1898 1802 1995 1873 τῆς
2029 1804 2085 1853 ἐν

500 1886 723 1958 Σμύρνῃ
765 1886 1057 1958 καθολικῆς
1100 1888 1447 1959 Ἐκκλησίας.
1494 1890 1609 1942 Πᾶν
1660 1890 1769 1961 γὰρ
1818 1891 2007 1962 ῥῆμα,
2058 1894 2085 1945 ὃ

500 1978 773 2048 ἐξαφῆκεν
798 1980 862 2030 ἐκ
890 1977 982 2031 τοῦ
1014 1978 1281 2048 στόματος
1317 1978 1501 2044 αὑτοῦ,
1534 1980 1628 2032 καὶ
1668 1980 1951 2052 ἐτελειώθη
1992 1983 2085 2035 καὶ

500 2071 934 2142 τελειωθήσεται.

2106 2069 2153 2127 Β

2270 971 2510 1027 Tandem
2562 971 2729 1041 igitur
2778 980 3063 1026 cernentes
3106 972 3359 1041 improbi,
3405 990 3606 1043 corpus
3651 975 3772 1043 ejus

2199 1066 2269 1120 ab
2303 1065 2427 1136 igne
2453 1080 2562 1118 uon
2586 1078 2746 1132 posse
2776 1064 3051 1127 consumi,
3080 1064 3366 1131 jusserunt
3393 1066 3762 1121 coniectorem

2200 1157 2426 1227 prepius
2492 1157 2751 1213 accedere
2817 1156 3162 1227 pugioneque
3222 1173 3349 1213 eum
3427 1161 3767 1232 transﬁgere.

2199 1248 2355 1315 Quod
2386 1264 2510 1303 cum
2543 1249 2632 1303 ille
2657 1247 2896 1313 fecisset,
2941 1248 3176 1304 evolavit
3204 1250 3457 1306 columba
3485 1262 3539 1307 et
3563 1252 3771 1309 eﬂluxit

2199 1350 2351 1396 tanta
2379 1341 2664 1410 sanguinis
2689 1341 2865 1410 eopia,
2884 1348 2945 1394 ut
2967 1341 3147 1411 ignem
3177 1342 3566 1413 exstingueret,
3602 1355 3770 1414 utque

2199 1433 2452 1488 universa
2474 1433 2623 1503 plebs
2648 1433 2958 1499 miraretur,
2982 1442 3193 1488 tantum
3216 1449 3339 1489 esse
3362 1435 3658 1491 discrimen
3684 1440 3769 1491 iu-

2196 1533 2277 1579 ter
2306 1524 2551 1579 inﬁdeles
2578 1533 2634 1579 et
2656 1524 2893 1584 electos;
2922 1539 3161 1595 quorum
3194 1540 3337 1580 unus
3383 1526 3473 1580 hic
3514 1526 3617 1579 fuit
3647 1543 3765 1581 ma-

2194 1617 2341 1672 xime
2375 1617 2729 1672 admirandus
2768 1626 2975 1688 martyr
3022 1615 3378 1688 Polycarpus,
3418 1618 3514 1687 qui
3561 1620 3767 1673 nostris

2194 1707 2532 1776 temporibus
2584 1707 2916 1777 apostolicus
2963 1715 3016 1761 et
3051 1708 3405 1778 prepheticus
3438 1709 3629 1764 doctor
3672 1725 3766 1763 ex-

2194 1800 2351 1865 stitit,
2382 1810 2546 1871 atque
2583 1801 2863 1855 catholicae
2889 1800 3145 1857 Ecclesiae
3173 1800 3525 1873 Smyrnensis
3553 1801 3766 1872 episco-

2194 1910 2314 1963 pus.
2342 1895 2511 1948 Omne
2536 1894 2680 1948 enim
2710 1894 2955 1959 verbum,
3012 1892 3157 1963 quod
3202 1909 3296 1949 ore
3320 1908 3421 1949 suo
3450 1894 3652 1959 emisit,
3672 1904 3767 1950 aut

2194 1987 2472 2057 impletum
2502 1995 2584 2040 est
2614 1996 2706 2039 aut
2747 1985 3076 2054 implebitur.

1385 2192 1547 2247 XVII.
1597 2192 1877 2264 Polycarpi
1911 2211 2097 2264 corpus
2130 2192 2450 2249 Christianis
2484 2207 2587 2244 non
2623 2192 2876 2244 traditur.

584 2338 640 2392 Ὀ
667 2339 723 2391 δὲ
750 2339 1037 2409 ἀντίζηὶος
1068 2342 1159 2393 καὶ
1202 2340 1469 2411 βάσκανος
1499 2343 1591 2395 καὶ
1625 2343 1878 2415 πονηρὸς,
1926 2346 1954 2395 ό
1985 2346 2078 2397 ἀν-

499 2433 806 2502 τικείμενος
826 2431 904 2502 τῷ
934 2433 1079 2499 γένει
1104 2433 1211 2486 τῶν
1238 2434 1459 2487 δικαίων
1483 2436 1614 2505 (82),
1653 2435 1774 2488 ἰδὼν
1798 2437 1857 2489 τό
1884 2454 1943 2489 τε
1981 2438 2077 2507 μέ-

499 2526 657 2593 γεθος
710 2523 875 2576 αὐτοῦ
932 2525 1030 2594 τῆς
1084 2526 1417 2596 μαρτυρίας,
1482 2529 1575 2578 καὶ
1634 2526 1732 2598 τὴν
1777 2529 1871 2581 ἀπ’
1904 2529 2079 2599 ἀρχῆς

499 2617 862 2687 ἀνεπίληπτον
906 2616 1201 2681 πολιτείαν,
1253 2618 1701 2688 ἐστεφανωμένον
1746 2635 1804 2670 τε
1850 2617 1929 2688 τῷ
1979 2618 2080 2686 τῆς

498 2711 806 2783 ἀφθαρσίας
832 2709 1095 2781 στεφάνῳ,
1123 2711 1217 2763 καὶ
1254 2710 1505 2783 βραϐεῖον
1522 2713 1913 2783 ἀναντίρρητον
1945 2713 2078 2764 ἀπε-

502 2804 852 2874 νηνεγμένον,
890 2802 1271 2873 ἐπετήδευσεν,
1320 2804 1395 2866 ὡς
1430 2804 1563 2874 μηδὲ
1594 2804 1654 2857 τὸ
1699 2804 1947 2873 λείψανον
1980 2805 2077 2856 αὺ-

497 2896 590 2949 τοῦ
623 2896 712 2965 ὑφ’
746 2894 902 2966 ἡμῶν
933 2894 1201 2964 ληφθῆναι
1237 2894 1368 2965 (85),
1404 2896 1607 2967 καίπερ
1653 2894 1864 2947 πολλῶν
1895 2894 2080 2947 ἐπιθυ-

502 2988 743 3059 μούντων
783 2986 940 3039 τοῦτο
974 2987 1228 3057 ποιῆσαι,
1277 2988 1371 3039 καὶ
1418 2988 1744 3057 κοινωνῆσαι
1804 2985 1880 3055 τῷ
1937 2986 2077 3055 ἁγίῳ

498 3078 661 3132 αὑτοῦ
697 3081 926 3152 σαρκίῳ.
968 3080 1234 3133 ’Υπέϐαλε
1249 3080 1378 3148 γοῦν
1397 3081 1641 3151 Νικήτην
1656 3082 1747 3133 τὸν
1768 3080 1861 3133 τοῦ
1905 3078 2079 3149 Ἡρώ-

2254 2342 2358 2399 Sed
2390 2357 2515 2398 cum
2554 2340 2786 2395 aemulus
2819 2340 2907 2393 ille
2947 2345 3003 2394 et
3030 2337 3248 2392 invidus
3272 2346 3327 2391 et
3356 2337 3553 2402 malus,
3576 2335 3759 2405 justo-

2183 2450 2414 2504 rumque
2456 2434 2637 2504 generi
2669 2432 2956 2496 adversus,
2995 2429 3207 2500 insigne
3241 2428 3389 2483 illius
3435 2428 3757 2499 martyrium

2180 2538 2445 2593 cerneret,
2484 2539 2775 2594 moresque
2807 2524 2874 2578 ab
2904 2525 3126 2577 ineunte
3148 2532 3305 2576 :etate
3329 2521 3758 2591 irreprehcnsos,

2181 2634 2233 2677 et
2254 2636 2379 2677 eum
2402 2633 2605 2675 corona
2628 2616 3053 2671 immortalitatis
3075 2624 3423 2679 coronatum,
3445 2613 3760 2681 prmmium-

2184 2731 2291 2786 que
2322 2714 2440 2769 sine
2479 2709 2853 2767 controversia
2899 2714 3301 2776 reportantem;
3342 2720 3562 2775 operam
3589 2705 3756 2767 dedit,

2184 2823 2252 2861 ne
2275 2804 2517 2875 reliquia:
2544 2804 2663 2873 ejus
2692 2817 2720 2855 a
2751 2802 2907 2857 nobis
2930 2799 3295 2863 auferrentur,
3319 2799 3570 2867 quamvis
3603 2798 3758 2851 multi

2185 2898 2237 2954 id
2267 2898 2444 2952 facere
2473 2904 2527 2950 et
2549 2904 2737 2951 sancto
2766 2894 2910 2948 illius
2950 2906 3179 2960 corpore
3202 2889 3494 2959 participes
3521 2888 3633 2941 ﬁeri
3663 2905 3759 2941 cu-

2184 2994 2389 3056 perent.
2446 2983 2733 3055 Suggessit
2780 2998 2908 3052 ergo
2944 2980 3197 3035 diabolus
3249 2978 3473 3043 Nicetae,
3527 2977 3756 3033 Herodis

2183 3078 2345 3147 patri,
2391 3075 2545 3131 fratri
2587 3086 2766 3131 autem
2816 3076 2996 3137 Alces,
3042 3075 3193 3128 adire
3241 3073 3644 3143 proconsulem,
3690 3086 3757 3125 ne

495 3166 586 3219 δου
600 3169 828 3239 πατέρα,
847 3168 1074 3238 ἀδελφὺν
1104 3169 1160 3221 δὲ
1197 3168 1401 3239 Ἀλκης
1437 3170 1566 3239 (84),
1601 3172 1843 3240 ἐντυχεῖν
1875 3168 1949 3239 τῷ
1982 3168 2075 3241 ἄρ-

2185 3186 2383 3241 corpus
2407 3170 2554 3225 ilius
2581 3170 2646 3224 ad
2678 3167 3051 3238 sepeliendum
3080 3165 3315 3220 traderet
3345 3184 3358 3219 :
3386 3184 3404 3215 ‹
3430 3164 3525 3226 Ne,
3555 3164 3752 3233 inquit,

497 3276 662 3329 χοντι,
694 3259 836 3313 ὥστε
886 3261 959 3332 μὴ
1004 3261 1186 3314 δοῦναι
1219 3260 1382 3315 αὐτοῦ
1414 3263 1475 3314 τὸ
1509 3261 1664 3331 σῶμα
1698 3265 1863 3332 ταφῇ·
1908 3280 1924 3312 ι
1962 3260 2072 3331 Μὴ,

498 3354 681 3424 φησὶν,
716 3354 948 3423 ἀφέντες
978 3354 1071 3406 τὸν
1103 3353 1538 3424 ἐσταυρωμένον,
1572 3352 1759 3406 τοῦτον
1805 3351 2075 3424 ἄρξωνται

498 3444 771 3503 σέϐεσθαι.
800 3466 818 3496 ι
838 3446 947 3499 Καὶ
974 3444 1145 3498 ταῦτα
1177 3440 1349 3509 εἷπον,
1371 3444 1778 3498 ὑποϐαλλόντων
1812 3445 1904 3497 καὶ
1936 3446 2077 3497 ἐνισ-

496 3538 732 3608 χυόντων
763 3537 872 3591 τῶν
916 3537 1203 3601 Ἰουδαίων,
1236 3539 1285 3593 οἳ
1318 3540 1413 3592 καὶ
1444 3539 1735 3609 ἐτήρησαν,
1774 3538 2075 3607 μελλόντων

496 3630 652 3702 ἡμῶν
684 3633 749 3683 ἐκ
779 3629 872 3684 τοῦ
906 3629 1076 3701 πυρδς
1106 3630 1423 3701 λαμϐάνεινο
1460 3629 1797 3699 ἀγνοοῦντες,
1832 3629 1913 3681 ὃτι
1946 3627 2073 3681 οὔτε

496 3720 585 3774 τὸν
618 3720 849 3791 Χριστόν
881 3737 1012 3773 ποτε
1057 3720 1377 3774 καταλιπεῖν
1418 3718 1780 3791 δυνησόμεθα,
1814 3718 1903 3772 τὸν
1937 3719 2073 3790 ὑπὲρ

496 3812 593 3882 τῆς
632 3811 724 3864 τοῦ
772 3811 972 3875 παντὸς
1016 3810 1220 3882 κόσμου
1274 3812 1380 3865 τῶν
1438 3810 1758 3882 σωζομένων
1803 3813 2074 3884 σωτηρίας

497 3897 735 3952 παθόντα
768 3897 1023 3971 [ἄμωμον
1056 3901 1196 3971 ὑπὲρ
1226 3900 1569 3973 ἁμαρτωλῶν
1604 3900 1761 3973 (85)],
1795 3899 1917 3954 οὔτε
1950 3903 2075 3955 ἓτε-

500 3988 591 4060 ρόν
634 4008 756 4045 τινα
800 3991 1071 4045 σέϐεσθαι.
1121 3992 1319 4046 Τοῦτον
1361 3994 1456 4064 μὲν
1488 3995 1616 4065 γὰρ,
1654 3993 1779 4047 Υἱὸν
1822 3993 1949 4048 ὄντα
1978 3993 2072 4047 τοῦ

494 4075 652 4143 Θεοῦ,
688 4079 1117 4152 προσκυνοῦμεν·
1137 4082 1261 4145 τοὺς
1291 4082 1347 4135 δὲ
1383 4083 1684 4154 μάρτυρας,
1718 4082 1793 4145 ὡς
1828 4082 2073 4153 μαθητὰς

497 4170 591 4224 καὶ
639 4171 883 4243 μιμητὰς
926 4173 1019 4227 τοῦ
1066 4174 1294 4247 Κυρίου,
1342 4174 1647 4246 ἀγαπῶμεν
1691 4174 1877 4241 ἀξίως,
1911 4175 2071 4229 ἕνεκα

497 4263 708 4328 εὐνοίας
740 4265 1149 4338 ἀνυπερϐλήτου
1183 4268 1281 4338 τῆς
1314 4270 1394 4331 εἰς
1425 4268 1516 4320 τὸν
1550 4267 1680 4321 ἴδιον
1715 4266 1940 4337 βασιλέα
1974 4268 2070 4320 καὶ

495 4354 829 4409 διδάσκαλον·
865 4350 940 4411 ὧν
972 4358 1181 4425 γένοιτο
1216 4358 1311 4411 καὶ
1343 4360 1490 4429 ἡμᾶς
1525 4358 1914 4427 συγκοινωνούς
1961 4357 2071 4431 (86)

495 4463 555 4500 τε
587 4448 679 4501 καὶ
709 4449 1069 4521 συμμαθητάς
1098 4449 1369 4519 γενέσθαι.

2180 3264 2367 3319 relicto
2389 3262 2670 3328 eruciﬁxo,
2692 3262 2837 3315 hunc
2865 3260 3047 3315 colere
3079 3258 3395 3327 incipiant.»
3432 3259 3609 3326 Atque
3639 3258 3757 3311 haac

2179 3356 2450 3420 dicebant,
2480 3353 2900 3425 suggerentibus
2941 3360 2995 3407 et
3046 3351 3379 3405 instantibus
3401 3349 3625 3415 Judaeis,
3656 3352 3754 3419 qui

2179 3463 2397 3517 quoque
2430 3447 2856 3501 observaverant
2889 3458 3010 3507 nos,
3045 3458 3110 3497 ex
3153 3443 3277 3512 igne
3314 3456 3438 3497 eum
3470 3450 3750 3496 extractu—

2177 3556 2305 3605 ros;
2359 3539 2555 3610 ignari,
2611 3536 2755 3607 quod
2802 3551 2902 3590 nec
2940 3535 3245 3596 Christum,
3289 3534 3382 3603 qui
3436 3548 3535 3603 pro
3576 3535 3751 3587 salute

2178 3633 2444 3698 omnium,
2477 3632 2570 3701 qui
2606 3631 2659 3684 in
2697 3640 2809 3685 toto
2840 3628 3046 3682 muudo
3084 3627 3219 3681 salvi
3251 3618 3423 3693 ﬁent,‘
3448 3640 3644 3695 passus
3668 3634 3757 3681 est

2180 3725 2512 3797 [inculpatus
2542 3738 2638 3792 pro
2668 3717 3094 3791 peccatoribus],
3114 3734 3352 3787 unquam
3370 3719 3751 3788 derelinquere

2176 3818 2495 3888 poterimus,
2543 3830 2719 3884 neque
2761 3814 2928 3868 alium
2974 3826 3305 3882 quemquam
3351 3812 3550 3866 colere.
3591 3810 3749 3865 Illum

2137 3910 2345 3988 ~enim,
2376 3917 2562 3977 utpote
2594 3905 2789 3959 Filium
2822 3904 2915 3960 Dei
2951 3905 3286 3970 adoramus;
3324 3913 3594 3974 martyres
3617 3918 3749 3957 vero

2179 4011 2437 4069 tanquam
2489 3999 2705 4053 Domini
2757 3996 3057 4067 discipulos
3103 4006 3157 4053 et
3195 3997 3502 4052 imitatores
3552 3997 3750 4050 merito

2175 4092 2473 4163 diligimus,
2501 4099 2720 4160 propter
2762 4089 2975 4142 illorum
3019 4088 3273 4144 eximiam
3308 4104 3434 4158 erga
3466 4103 3645 4156 regem
3685 4102 3751 4140 ac

2177 4184 2496 4255 magistrum
2515 4197 2674 4236 suum
2717 4180 3178 4245 benevolentiam;
3207 4193 3442 4248 quorum
3466 4178 3671 4233 utinam
3697 4186 3751 4231 et

2177 4292 2279 4332 nos
2303 4276 2500 4330 ﬁamus
2528 4281 2808 4328 consortes
2837 4285 2900 4324 ac
2922 4271 3307 4341 condiscipuli.

568 4599 683 4670 (78)
722 4600 866 4659 Inter
897 4604 1065 4679 ligna2
1090 4621 1120 4679 e
1148 4606 1358 4660 balneis
1382 4614 1436 4662 et
1455 4605 1686 4663 ollicinis
1708 4614 2067 4679 comportata,
2099 4615 2144 4670 ι)
2174 4605 2265 4661 ubi
2300 4605 2546 4679 animam
2573 4619 2728 4659 suam
2762 4603 2959 4679 eﬁlavit
2986 4603 3045 4657 Β.
3074 4602 3447 4675 Polycarpus;
3487 4602 3738 4679 ideoque,

496 4669 733 4747 fortasse
761 4669 1019 4747 nonnulla
1043 4676 1214 4732 fuisse
1240 4680 1468 4731 odorata
1492 4686 1546 4732 et
1566 4669 1863 4735 aromatica
1892 4669 2072 4747 suspii-

497 4751 654 4795 catur
682 4742 1048 4802 Jacobsouus.

569 4810 689 4894 (7‘9).
731 4814 1111 4894 _Confect_ores,
1159 4818 1252 4894 qui
1308 4818 1512 4894 bestias
1562 4818 1619 4894 in
1669 4820 2070 4894 amphitheatro

495 4882 889 4951 conﬁciebant;
924 4888 969 4942 si
1009 4882 1231 4957 quando
1261 4888 1404 4942 enim
1439 4889 1626 4943 bestia:
1661 4882 1895 4945 efferata:
1926 4898 2067 4944 stra-

497 4969 634 5031 gem“
651 4957 855 5025 populo
888 4958 1247 5031 minarentur,
1292 4960 1325 5031 i_i
1360 4960 1816 5025 immittebantur,
1848 4960 1942 5031 qui
1974 4975 2068 5015 eas

496 5025 827 5080 conﬁcerent
848 5037 897 5082 et
930 5030 1258 5085 occiderent.
1284 5028 1399 5084 Jac.

570 5094 789 5172 (SpLDe
819 5098 942 5172 liae
978 5101 1229 5172 columba
1271 5116 1339 5153 ne
1367 5100 1591 5172 verbum
1625 5101 1845 5170 quidem
1870 5103 2067 5172 legitur

498 5166 650 5241 apud
669 5166 988 5241 Eusebium,
1014 5169 1269 5224 Ruﬁnum
1301 5179 1355 5241 et
1381 5166 1745 5241 Nicephorum
1769 5189 1783 5237 ;
1829 5166 1950 5241 quo
1984 5174 2063 5238 ﬁt,

498 5247 558 5291 ut
581 5236 715 5291 falsa
739 5255 769 5291 a
807 5236 994 5313 multis
1019 5241 1179 5313 lectio
1203 5240 1453 5313 codicum
1482 5236 1553 5295 sit
1575 5236 1780 5313 putata.
1816 5236 2065 5313 Moyuius

498 5323 603 5429 pro
632 5310 935 5381 περιστερά
964 5312 1199 5381 conjecit
1230 5312 1314 5362 ἐπ’
1348 5312 1629 5383 ἀριστερᾷ,
1672 5331 1689 5361 ι
1728 5328 1756 5364 a
1782 5310 2057 5367 sinistra»

525 5394 605 5429 DSI
659 5389 1010 5429 accesserunt
1066 5382 1375 5429 complures
1428 5383 1525 5429 viri
1577 5384 1744 5429 dor-1i.
1783 5382 2057 5429 Rnchalns

524 5379 620 5450 psi,
659 5379 1010 5450 accesserunt
1066 5379 1398 5450 complures
1428 5379 1553 5435 viri’
1577 5379 1744 5436 docti.
1783 5382 2065 5437 Buchatus

499 5448 848 5523 scribendum
870 5451 1085 5523 (censuit
1110 5448 1240 5523 περὶ
1272 5451 1488 5523 στέρνα,
1516 5450 1704 5505 Editur
1725 5452 2065 5506 Bibliothecw

495 5517 795 5593 Breinensis
832 5522 901 5576 cl.
939 5538 1025 5593 ιιι,
1061 5538 1115 5591 p.
1154 5517 1278 5585 4'29,
1321 5517 1543 5593 conjicit
1566 5523 1696 5593 περὶ
1730 5524 1951 5592 στέρνου
1982 5524 2064 5576 vel

497 5590 629 5662 περὶἶ
659 5590 913 5662 στέρνων.
942 5590 1295 5647 Heumannus
1338 5593 1391 5646 in
1432 5592 1620 5645 Emam.
1642 5590 1850 5659 Tabula}
1884 5596 1947 5645 de
1976 5610 2064 5646 co-

497 5656 676 5733 ζιιήιὸα
709 5677 735 5714 e
758 5656 1047 5733 'Polycarpi
1077 5680 1199 5733 rogo
1230 5664 1467 5717 evolante
1487 5704 1501 5727 ,
1538 5656 1729 5717 statuit
1767 5665 2062 5719 monachos

499 5730 606 5804 hoc
629 5730 881 5804 prodigio
900 5730 1031 5804 Acta
1049 5730 1231 5788 nostra
1252 5735 1490 5788 auxisse.
1517 5734 1637 5787 Mihi
1656 5734 1873 5804 quidem
1905 5735 2062 5803 longe

498 5801 849 5873 verisimilius
879 5802 1110 5867 videtur,
1144 5805 1397 5857 lectorem
1440 5801 1751 5873 quempiam
1788 5805 1840 5856 in
1876 5801 2060 5857 animo

502 5871 776 5938 habuisse,
813 5873 879 5927 ad
920 5889 1071 5928 oram
1127 5875 1329 5930 codicis
1364 5871 1550 5929 notare
1588 5871 1765 5931 lucum
1794 5875 2055 5945 cpistola;

2173 4677 2313 4731 mori
2346 4675 2600 4731 Ecclesia:
2625 4675 2820 4728 veteris
2849 4675 3196 4737 obsecutum,
3226 4689 3411 4727 vocem
3444 4676 3741 4744 περιστερά

2173 4747 2405 4816 margini
2446 4745 2787 4816 ascripsisse,
2830 4760 2937 4812 qua
2971 4745 3177 4798 scilicet
3221 4744 3573 4814 signiﬁcaret,
3620 4746 3740 4797 aui-

2172 4815 2316 4871 mam
2356 4816 2416 4871 Β.
2447 4815 2699 4885 martyris
2732 4815 2825 4868 illo
2857 4816 3113 4883 temporis
3146 4823 3423 4885 mmuento
3451 4829 3480 4866 e
3508 4827 3738 4880 corpore

2171 4888 2475 4947 liberatam,
2512 4884 2614 4940 sub
2637 4885 2899 4938 columba:
2931 4884 3110 4952 specie
3141 4885 3204 4937 ad
3240 4884 3434 4939 coelum
3466 4885 3734 4937 evolasse.

2169 4956 2559 5012 Columbarum
2600 4956 2747 5009 enim
2789 4956 3052 5022 imagines
3089 4958 3253 5009 etiam
3296 4953 3735 5007 Christianorum

2169 5028 2433 5097 sepulcris
2464 5026 2772 5097 frequenter
2796 5026 3091 5093 exsculpta:
3121 5036 3267 5079 sunt.
3294 5022 3415 5097 liae.

2239 5093 2352 5168 (8i)
2395 5097 2471 5153 lta
2501 5093 2856 5168 Jacobsonus
2885 5097 3254 5168 e__codicibus.
3291 5093 3731 5163 Plusquampcrf.

2168 5164 2283 5223 sine
2312 5164 2603 5234 augmento
2627 5181 2683 5220 ut
2706 5182 2757 5221 c.
2798 5164 2883 5218 12.
2921 5165 3079 5237 Vulg.
3102 5166 3346 5233 γέγονεν.

2239 5239 2350 5308 (82)
2389 5238 2549 5308 Cirin
2579 5236 2772 5301 Clem.,
2797 5253 2845 5308 ι).
2865 5236 2960 5308 _51.

2391 5306 2613 5388 lta.._ltc.
2647 5322 2677 5359 e
2710 5307 2832 5388 cod.
2864 5305 3036 5362 Paris.
3071 5306 3227 5388 Vulg.
3260 5306 3512 5388 ληφθείη.

2240 5378 2352 5452 (84)
2401 5400 2417 5430 ι
2459 5380 2651 5452 Διοελ
2688 5386 2877 5452 uotum
2927 5378 3307 5452 es‘tunulieris
3348 5378 3731 5452 i_uter_S_myr-

2169 5446 2315 5506 meos
2348 5446 2694 5503 nomen.Cl‘r.
2722 5446 2891 5517 lguat.
2926 5448 2995 5501 ad
3022 5447 3233 5517 Smyrn.
3261 5464 3311 5504 c.
3348 5448 3516 5514 l3,ad
3545 5446 3730 5518 Polyr.

2166 5540 2216 5577 c.
2248 5523 2300 5575 8.

2239 5592 2351 5659 (85)
2390 5589 2736 5645 Parenthesis
2771 5590 2870 5643 ista
2908 5605 3081 5658 neque
3114 5590 3166 5643 in
3195 5587 3428 5643 Eusebio
3477 5589 3730 5657 habetur,

2166 5678 2343 5732 neque
2376 5664 2427 5715 iu
2453 5661 2678 5732 Ruﬁno,
2707 5676 2885 5732 neque
2914 5662 2966 5712 in
2992 5669 3172 5732 vetere
3197 5668 3385 5732 nostro
3416 5659 3729 5728 interprete.

2168 5728 2983 5800 Uss—em—lnterpolata’fuisse
3016 5731 3227 5800 videtur
3254 5746 3282 5782 ιι
3324 5728 3546 5800 librario
3592 5746 3731 5798 quo-

2168 5805 2333 5874 piam,
2366 5803 2456 5874 q_ui
2487 5803 2539 5874 in
2580 5798 2764 5854 animo
2791 5802 3020 5874 habebat
3045 5799 3232 5874 l_[_’e_tr.
3267 5817 3351 5861 ιιι,
3383 5800 3466 5851 18.
3502 5798 3610 5874 με.

2237 5876 2348 5942 (86)
2390 5872 2461 5927 Ita
2488 5871 2600 5927 Jac.
2634 5888 2679 5926 c.
2716 5872 2836 5927 cod.
2868 5870 3037 5925 l’aris.
3074 5870 3226 5940 Vulg.
3264 5870 3567 5933 κοινωνούς.
