4142 6392
387 367 525 424 1045

1580 378 1637 434 S.
1684 379 2136 438 POLYCARPUS
2166 383 2472 440 MARTYR.

3501 386 3640 443 1044

1294 492 1478 549 XVIII.
1516 496 1805 570 Polycarpi
1835 519 2023 572 corpus
2058 504 2404 559 comburitur.
2438 504 2716 575 Reliquiae.

454 597 658 655 Videns
678 608 857 655 autem
889 603 1137 659 centurio
1163 620 1193 660 a
1219 604 1419 664 Iudaeis
1441 619 1614 667 ortam
1652 618 1956 674 contentio-
1983 625 2032 681 Α

384 706 534 757 nem,
563 706 763 761 corpus
792 692 845 745 in
869 694 1047 749 medio
1076 696 1218 767 ignis
1241 703 1477 768 positum
1521 707 1750 762 exussit.
1776 708 1955 780 Atque

382 784 458 836 ita
498 796 599 838 nos
624 792 813 853 postea
840 799 967 841 ossa
991 786 1137 843 illius
1163 794 1395 859 gemmis
1421 796 1833 863 pretiosissimis
1859 817 1955 855 ex-

380 871 669 941 quisitiora
694 882 749 928 et
777 890 939 945 super
965 892 1161 934 aurum
1204 885 1514 951 probatiora
1546 889 1815 957 tollentes,
1861 892 1954 947 ubi

379 963 627 1031 decebat,
653 965 1030 1035 deposuimus.
1067 969 1189 1037 Quo
1211 975 1375 1029 etiam
1400 977 1505 1033 loci
1543 981 1724 1049 nobis,
1758 992 1816 1038 ut
1836 984 1954 1039 ﬁeri

377 1056 599 1126 poterit,
640 1057 698 1111 in
738 1060 1107 1118 exsultatione
1135 1073 1191 1120 et
1222 1069 1422 1137 gaudio
1452 1076 1819 1145 congregatis,
1848 1075 1955 1131 Do-

377 1146 566 1204 minus
594 1150 878 1218 praebebit,
905 1155 1147 1210 natalem
1181 1162 1429 1231 martyrii
1469 1164 1589 1233 ejus
1629 1164 1773 1220 diem
1814 1168 1955 1225 cele-

376 1236 559 1299 brare.
586 1247 702 1293 tum
728 1240 785 1295 in
816 1245 1136 1301 memoriam
1179 1264 1367 1305 eorum
1396 1254 1489 1322 qui
1514 1257 1809 1311 certamina
1832 1274 1955 1329 per-

380 1326 643 1395 tulerunt,
669 1339 780 1385 tum
803 1340 864 1386 ut
892 1337 1096 1403 posteri
1123 1340 1408 1397 exercitati
1436 1345 1548 1399 sint
1584 1356 1636 1401 et
1659 1326 1846 1417 parati
1863 1349 1954 1421 [ad

377 1418 569 1475 eadem
595 1423 959 1497 sustinenda].

2144 624 2285 678 Ἱδὼν
2315 618 2408 677 οὖν
2438 623 2466 674 ὁ
2498 620 2915 693 [ἑκατόνταρχος
2933 619 3066 692 (87)]
3084 619 3381 692 κεντυρίων
3413 621 3509 693 τὴν
3525 621 3635 695 (88)

2055 715 2163 770 τῶν
2208 713 2476 767 Ἰουδαίων
2506 711 2825 781 γενομένην,
2859 711 3190 779 φιλονεικίαν
3239 711 3353 775 θεὶς
3398 713 3560 767 αὑτὸν
3581 718 3639 769 ὲν

2060 807 2211 878 μέσῳ
2254 805 2346 858 τοῦ
2394 804 2565 876 πυρὸς
2609 803 2859 855 ἔκαυσεν.
2913 803 3068 856 Οὓτω
3111 820 3170 856 τε
3214 804 3379 874 ἡμεῖς
3411 804 3639 877 ὕστερον

2056 896 2367 969 ἀνελόμενοι
2400 897 2467 949 τὰ
2498 894 2797 967 τιμιώτερα
2827 895 2987 948 λίθων
3020 895 3326 950 πολυτελῶν
3371 898 3466 951 καὶ
3495 899 3639 953 δοκι-

2058 988 2279 1061 μώτερα
2312 989 2451 1059 ὑπὲρ
2483 988 2702 1059 χρυσίον
2735 988 2867 1040 ὀστᾶ
2900 986 3087 1051 αὐτοῦ,
3122 988 3444 1059 ἀπεθέμεθα
3494 992 3636 1045 ὅπου

2055 1081 2150 1134 καὶ
2181 1080 2469 1134 ἀκόλουθον
2499 1075 2587 1149 ἦν.
2611 1078 2779 1131 Ἔνθα
2810 1078 2885 1141 ὡς
2916 1078 3141 1132 δυνατὸν
3172 1081 3306 1151 ἡμῖν
3340 1082 3640 1152 συναγομέ-

2060 1188 2173 1235 νοις
2200 1172 2259 1223 ὲν
2290 1169 2607 1238 ἀγαλλιάσει
2639 1170 2733 1223 καὶ
2765 1171 2928 1241 χαρᾷ,
2964 1169 3191 1241 παρέξει
3222 1174 3250 1224 ὁ
3281 1172 3484 1244 Κύριος
3514 1175 3638 1225 ἐπι-

2059 1262 2234 1316 τελεῖν
2266 1263 2363 1334 τὴν
2395 1260 2487 1315 τοῦ
2524 1261 2824 1333 μαρτυρίου
2870 1262 3038 1315 αὐτοῦ
3082 1263 3296 1334 ἡμέραν
3339 1264 3635 1332 γενέθλιον,

2059 1355 2142 1419 εἷς
2173 1372 2232 1409 τε
2265 1356 2362 1427 τὴν
2385 1354 2494 1408 τῶν
2523 1353 2840 1425 ἠθληκότων
2876 1354 3116 1425 μνήμην,
3150 1356 3246 1408 καὶ
3278 1354 3385 1410 τῶν
3419 1357 3640 1427 μελλόνη

2062 1463 2169 1501 των
2185 1445 2417 1517 ἄσκησιν
2449 1462 2509 1499 τε
2541 1444 2636 1497 καὶ
2669 1443 3005 1515 ἐτοιμασίαν.

1526 1550 1670 1608 XIX.
1706 1554 1847 1609 Laus
1882 1557 2164 1630 Polycarpi
2191 1560 2471 1630 martyris.

446 1648 575 1707 Haec
597 1652 664 1708 de
693 1653 852 1710 beato
881 1654 1204 1729 Polycarpo,
1235 1663 1471 1733 quicum
1503 1668 1590 1735 iis,
1615 1671 1709 1740 qui
1732 1686 1799 1729 ex
1824 1672 1955 1728 Phi-

375 1738 673 1813 ladelphia,
700 1745 1059 1806 duodecimus
1091 1750 1335 1825 Smyrnae
1357 1738 1678 1830 martyrium
1706 1772 1790 1818 est
1820 1781 1950 1835 pas.-

2127 1675 2364 1728 Τοιαῦτα
2395 1675 2461 1729 τά
2487 1675 2628 1728 κατά
2656 1674 2746 1729 τὸν
2770 1674 3038 1747 μακάριον
3055 1674 3432 1748 Πολύκαρπον,
3465 1676 3525 1740 ὃς
3542 1676 3639 1730 σὺν

2055 1770 2169 1831 τοῖς
2200 1767 2308 1821 ἀπὸ
2338 1766 2691 1835 Φιλαδελφίας
2713 1766 3011 1830 δωδέκατος
3029 1766 3139 1837 (89)
3159 1768 3216 1819 ὲν
3235 1766 3459 1839 Σμύρνῃ
3494 1785 3637 1839 μαρ-

373 1847 494 1900 sus,
526 1836 618 1891 sed
645 1838 795 1893 solus
816 1839 885 1894 ab
908 1842 1163 1898 omnibus
1193 1846 1522 1918 celebratur,
1571 1853 1644 1907 ita
1676 1862 1738 1909 ut
1766 1871 1796 1909 a
1820 1873 1949 1927 gen-

373 1924 562 1948 a:l£l..---
596 1943 803 1948 __--___-
842 1931 929 1948 ηις
1073 1934 1085 1948 ι

2055 1860 2317 1930 τυρήσας,
2356 1859 2515 1930 μόνος
2541 1857 2645 1910 ὑπὸ
2679 1858 2898 1912 πάντων
2917 1836 3043 1929 (90)(
3054 1836 3638 1929 μνημονεύεταιῄῦστε

372 1924 563 1981 tilihus
590 1943 809 1998 quoque
840 1931 1042 2001 ubique
1072 1934 1315 1991 locorum
1336 1952 1703 2013 memoretur;
1729 1924 1951 2017 qui'non

372 2017 551 2072 solum
600 2020 793 2075 doctor
842 2022 1075 2094 insignis
1123 2030 1355 2095 exstitit,
1404 2034 1497 2087 sed
1529 2036 1693 2091 etiam
1746 2049 1953 2113 martyr

369 2109 632 2177 eximius,
664 2113 823 2181 cujus
851 2117 1198 2187 martyrium,
1248 2119 1541 2193 Evangelia
1573 2127 1782 2185 Christi
1819 2109 1951 2187 con-

371 2214 590 2269 gruum,
621 2216 813 2259 omnes
870 2204 1071 2260 imitari
1100 2208 1433 2268 desiderant.
1470 2202 1766 2287 Postquam
1801 2224 1948 2277 enim

370 2292 692 2349 sustinendo
716 2295 979 2365 injustum
1010 2302 1294 2369 praesidem
1332 2306 1480 2372 vicit,
1508 2308 1696 2379 sicque
1725 2312 1951 2368 immor-

370 2377 596 2434 talitatis
637 2396 897 2439 coronam
930 2389 1153 2458 recepit,
1186 2406 1311 2446 cum
1362 2377 1627 2465 apostolis
1666 2403 1949 2460 omnibus-

371 2478 480 2532 que
507 2465 673 2535 justis
703 2472 1007 2539 exsultans,
1044 2476 1213 2533 Deum
1246 2496 1309 2536 ac
1330 2481 1547 2541 Patrem
1572 2489 1864 2560 glorificat,
1894 2503 1950 2549 et

370 2553 643 2614 benedicit
688 2560 925 2619 Domino
962 2580 1152 2624 nostro
1180 2569 1309 2627 Iesu
1355 2576 1600 2646 Christo,
1636 2584 1947 2643 animarum

370 2656 688 2705 nostrarum
738 2653 1028 2723 Salvatori,
1071 2671 1125 2716 et
1154 2680 1445 2734 corporum
1503 2682 1821 2731 nostrorum
1850 2695 1950 2749 gu-

370 2736 670 2807 bernatori,
711 2761 811 2802 nec
846 2765 954 2804 non
1004 2757 1205 2822 pastori
1242 2760 1527 2817 catholica:
1566 2764 1620 2819 in
1657 2774 1770 2823 toto
1816 2736 1949 2830 οἶδε

370 2828 647 2889 Ecclesiae.

2054 1952 2149 2003 καὶ
2195 1951 2300 2007 ὑπὸ
2345 1949 2454 2004 τῶν
2500 1950 2672 2006 ἐθνῶν
2716 1951 2774 2004 ὲν
2820 1950 2985 2005 παντὶ
3030 1950 3181 2021 τόπῳ
3222 1950 3536 2005 λαλεῖσθαιο
3573 1952 3636 2005 ού

2056 2041 2216 2111 μόνον
2247 2040 2563 2103 διδάσκαλος
2594 2040 2884 2110 γενόμενος
2912 2039 3202 2111 ἐπίσημος,
3222 2040 3356 2093 ἀλλὰ
3380 2040 3475 2093 καὶ
3502 2040 3641 2112 μάρ-
3689 2079 3693 2083 .

2052 2150 2147 2197 τυς
2180 2134 2380 2204 ἔξοχος,
2415 2127 2475 2187 οῦ
2508 2134 2566 2187 τὸ
2601 2134 2897 2206 μαρτύριον
2929 2134 3129 2196 πάντες
3161 2131 3517 2205 ἐπιθυμοῦσιν
3553 2152 3641 2205 μι-

2056 2223 2307 2291 μεῖσθαι,
2355 2223 2497 2277 κατά
2540 2224 2599 2276 τὺ
2646 2223 2980 2293 Εὐαγγέλιον
3024 2222 3263 2295 Χριστοῦ
3321 2225 3633 2294 γενόμενον.

2050 2316 2149 2370 Διά
2181 2316 2279 2386 τῆς
2311 2315 2589 2386 ὑπομονῆς
2619 2316 2729 2387 γὰρ
2773 2316 3290 2385 καταγωνισάμενος
3331 2316 3419 2369 τὸν
3450 2316 3666 2404 ἄδικον⁸

2050 2408 2306 2481 ἄρχοντα,
2354 2408 2449 2461 καὶ
2494 2407 2665 2470 οὕτως
2709 2406 2798 2459 τὸν
2844 2407 2942 2477 τῆς
3001 2406 3312 2477 ἀφθαρσίας
3371 2408 3632 2475 στέφανον

2049 2499 2373 2565 ἀπολαϐὼν,
2422 2501 2519 2553 σὺν
2563 2502 2675 2562 τοῖς
2720 2497 3040 2562 ἀποστόλοις
3086 2498 3182 2551 καὶ
3229 2500 3364 2552 πᾶσι
3407 2498 3633 2563 δικαίοις

2050 2590 2476 2663 ἀγαλλιώμενος,
2525 2591 2736 2657 δοξάζει
2781 2591 2870 2644 τὸν
2915 2591 3050 2644 Θεὸν
3096 2592 3193 2645 καὶ
3237 2592 3493 2664 Πατέρα,
3540 2592 3636 2647 καὶ

2049 2686 2264 2753 εύλογεῖ
2309 2684 2398 2737 τὸν
2432 2682 2637 2754 Κύριον
2683 2683 2839 2754 ἡμῶν
2884 2683 3090 2753 Ἰησοῦν
3122 2684 3359 2755 Χριστὸν
3402 2684 3494 2737 τὸν
3525 2685 3639 2737 Σω-

2048 2778 2193 2851 τῆρα
2236 2775 2344 2830 τῶν
2388 2775 2576 2846 ψυχῶν
2622 2776 2778 2847 ἡμῶν
2827 2776 2957 2848 (91),
3002 2776 3099 2829 καὶ
3144 2776 3487 2848 κυϐερνήτην
3529 2776 3637 2831 τῶν

2050 2869 2319 2938 σωμάτων
2352 2868 2642 2938 ἡμῶν,καὶ
2676 2869 2909 2939 ποιμένα
2941 2868 3040 2938 τῆς
3073 2866 3217 2922 κατὰ
3246 2867 3345 2939 τὴν
3377 2865 3635 2939 οἰκουμέ-

2050 2978 2147 3031 νην
2179 2961 2474 3031 καθολικῆς
2513 2960 2836 3031 Ἐκκλησίας
2868 2959 3002 3032 (92).

1432 3054 1548 3113 XX.
1586 3057 1787 3115 Mittite
1817 3063 1952 3119 hanc
1984 3070 2261 3138 epistolam
2296 3072 2573 3140 fratribus.

440 3151 552 3210 Vas
579 3156 800 3226 quidem
824 3161 1127 3230 petieratis,
1148 3175 1208 3222 ut
1233 3181 1449 3240 cuncta,
1473 3189 1596 3244 quae
1621 3187 1771 3248 gesta
1796 3193 1946 3249 sunt,
1975 3191 2017 3248 C

366 3242 545 3302 fusius
559 3250 712 3306 vobis
734 3266 1164 3327 exponerentur;
1186 3276 1288 3317 nos
1309 3279 1437 3319 vero
1461 3267 1947 3339 impraesentiarum

372 3342 693 3397 summatim
730 3345 1097 3407 indicavimus
1129 3369 1224 3422 per
1266 3354 1491 3413 fratrem
1524 3371 1772 3419 nostrum
1806 3365 1950 3422 Mar-

361 3446 512 3486 cum.
542 3432 676 3500 Quaz
697 3437 917 3506 quidem
959 3456 1084 3496 cum
1125 3444 1385 3516 legeritis,
1418 3452 1704 3521 epistolam
1755 3455 1944 3513 fratriw

362 3523 468 3580 bus
502 3529 892 3587 remotioribus
917 3537 1320 3604 transmittatis,
1340 3550 1399 3597 ut
1421 3552 1473 3598 et
1505 3545 1608 3615 ipsi
1639 3547 1944 3616 gloriﬁcent

364 3612 681 3685 Dominum,
705 3621 798 3691 qui
826 3637 892 3676 ex
928 3625 1044 3681 suis
1083 3625 1304 3685 famulis
1339 3612 1607 3689 delectum
1642 3612 1816 3693 'facit.
1853 3637 1939 3704 Ei,

363 3708 459 3775 qui
544 3724 735 3768 omnes
778 3730 879 3770 nos
925 3719 1095 3789 gratia
1134 3737 1231 3776 sua
1280 3733 1445 3794 atque
1492 3728 1829 3800 indulgentia
1888 3733 1944 3787 in

363 3814 592 3869 regnum
614 3820 775 3860 suum
794 3819 1057 3867 aeternum
1076 3823 1259 3883 potest
1288 3817 1545 3875 inducere
1568 3837 1666 3892 per
1696 3826 1945 3895 unigeni-

363 3899 478 3947 tum
520 3894 718 3952 Filium
763 3915 925 3956 suum
954 3903 1139 3962 Jesum
1171 3908 1473 3979 Christum,
1505 3914 1608 3984 ipsi
1647 3915 1719 3970 sit
1748 3894 1939 3988 gloria,

362 3983 574 4052 honor,
626 3989 954 4063 imperium,
1008 3999 1289 4068 majestas,
1346 4003 1402 4057 in
1447 4005 1671 4062 saecula.
1742 4009 1937 4065 Amen.

366 4072 615 4134 Salutate
639 4096 834 4140 omnes
864 4098 1107 4145 sanctos.
1142 4090 1270 4159 Vos,
1310 4095 1404 4165 qui
1440 4098 1729 4153 nobiscum
1768 4112 1935 4167 sunt,

360 4168 624 4236 salutant,
655 4183 710 4227 et
749 4177 841 4244 qui
880 4180 1099 4250 scripsit
1130 4183 1267 4252 haec,
1303 4184 1599 4243 Evarestus
1633 4205 1758 4244 cum
1789 4195 1938 4248 omni

359 4257 523 4315 domo
549 4278 669 4318 sua.

2135 3188 2325 3258 Ὑμεῖς
2359 3188 2458 3257 μὲν
2489 3181 2582 3241 οὖν
2613 3185 2882 3256 ἠξιώσατε
2916 3186 3004 3239 διὰ
3035 3185 3297 3239 πλειόνων
3328 3184 3636 3255 δηλωθῆναι

2058 3280 2186 3351 ύμῖν
2217 3280 2285 3333 τὰ
2315 3278 2605 3350 γενόμεναο
2641 3281 2801 3350 ἡμεῖς
2830 3279 2888 3331 δὲ
2919 3278 3059 3331 κατὰ
3090 3278 3151 3331 τὸ
3183 3277 3360 3349 παρὸν
3405 3276 3499 3329 ἐπὶ
3543 3294 3637 3329 κε-

2056 3371 2272 3441 φαλαίῳ
2306 3389 2371 3443 με
2382 3371 2701 3443 μηνύκαμεν
2733 3371 2819 3425 διὰ
2852 3370 2944 3424 τοῦ
2963 3369 3192 3439 ἀδελφοῦ
3210 3372 3242 3441 ἡ
3251 3369 3365 3439 μῶν
3381 3371 3629 3441 Μάρκου.

2053 3463 2333 3525 Μαθόντες
2363 3458 2456 3516 οῦν
2487 3461 2680 3527 ταῦτα,
2716 3462 2810 3515 κα).
2842 3464 2951 3524 τοῖς
2984 3461 3239 3513 ἐπέκεινα
3257 3460 3504 3528 ἀδελφοῖς
3533 3460 3634 3531 τὴν

2050 3553 2342 3625 ἐπιστολὴν
2371 3552 2755 3625 διαπέμψασθε
2775 3552 2911 3623 (95),
2930 3552 3017 3605 ἵνα
3050 3551 3144 3604 καὶ
3175 3552 3374 3603 ἐκεῖνοι
3406 3548 3635 3613 δοξάζω-

2048 3664 2133 3701 σιν
2165 3646 2254 3699 τὸν
2286 3646 2510 3717 Κύριον,
2544 3646 2633 3699 τὸν
2666 3646 2896 3715 ἐκλογὰς
2914 3643 3171 3697 ποιοῦντα
3203 3643 3312 3697 ἀπὸ
3343 3642 3450 3697 τῶν
3486 3642 3631 3696 ἰδίων

2043 3739 2245 3793 δούλων
2277 3738 2405 3811 (94).
2427 3738 2517 3809 Τῷ
2546 3738 2829 3810 δυναμένῳ
2853 3737 2963 3810 (95)
2986 3736 3193 3800 πάντας
3226 3738 3373 3808 ἡμᾶς
3404 3739 3630 3805 εἰσαγα-

2045 3834 2162 3900 γεῖν
2177 3833 2306 3902 ἑντῇ
2327 3831 2492 3884 αὐτοῦ
2506 3832 2687 3903 χάριτι
2702 3832 2795 3886 καὶ
2820 3831 2996 3903 δωρεᾷ
3008 3834 3091 3895 εἰς
3106 3832 3202 3903 τὴν
3229 3830 3446 3885 αἰώνιον
3463 3830 3628 3883 αὐτοῦ

2046 3922 2343 3992 βασιλείαν,
2378 3922 2465 3976 διὰ
2483 3921 2576 3975 τοῦ
2596 3922 2792 3986 Παιδὸς
2805 3921 2969 3976 αὑτοῦ
2990 3922 3082 3975 τοῦ
3104 3922 3423 3993 μονογενοῦς
3452 3920 3627 3992 Ἰησοῦ

2043 4011 2301 4085 Χριστοῦ·
2335 4005 2381 4080 ᾧ
2412 4014 2446 4083 ἡ
2491 4011 2638 4079 δόξα,
2688 4012 2841 4084 τιμὴ,
2878 4012 3099 4084 κράτος,
3138 4014 3500 4084 μεγαλοσύνη,
3546 4014 3628 4074 είς

2045 4104 2267 4169 αἰῶνας.
2316 4106 2506 4177 Ἀμήν.
2542 4104 2986 4177 Προσαγορεύετε
3018 4105 3227 4169 πάντας
3258 4106 3384 4169 τοὺς
3414 4103 3624 4172 ἁγίους.

2058 4198 2231 4268 ’Υμᾶς
2262 4200 2310 4251 οἱ
2345 4200 2441 4252 σὺν
2471 4199 2601 4269 ἡμῖν
2632 4196 3147 4269 προσαγορεύουσιν,
3177 4198 3273 4250 καὶ
3298 4197 3623 4268 Εὐάρεστος,

2042 4291 2070 4342 ό
2101 4289 2336 4362 γράψας,
2355 4289 2620 4345 πανοικεί.

1637 4373 1779 4427 XXI.
1827 4375 2078 4449 Martyrii
2113 4392 2337 4452 tempus.

430 4468 751 4543 Martyrium
792 4486 974 4533 autem
1021 4496 1219 4550 passus
1256 4493 1340 4540 est
1376 4486 1572 4544 beatus
1602 4488 1934 4562 Polycarpus

2108 4497 2397 4570 Μαρτυρεῖ
2424 4498 2483 4551 δὲ
2512 4500 2540 4550 ὁ
2575 4497 2844 4569 μακάριος
2876 4495 3237 4568 Πολύκαρπος
3287 4496 3455 4567 μηνὸς
3485 4494 3625 4548 Ξαν-

355 4557 615 4619 Xanthici
632 4568 836 4623 mensis
860 4570 1097 4629 ineuntis
1113 4575 1199 4630 die
1217 4579 1478 4644 secundo,
1494 4590 1620 4635 ante
1641 4584 1929 4652 septimum

358 4655 630 4715 Kalendas
646 4660 836 4731 Maias,
853 4682 1050 4739 magno
1067 4669 1325 4743 Sabbato,
1342 4676 1475 4731 hora
1496 4688 1704 4734 octava.
1729 4680 1936 4752 Captus

354 4813 541 4937 sc(87’)
581 4815 765 4873 Codex
782 4819 1014 4878 Vindob.
1034 4840 1223 4883 vocem
1237 4829 1631 4905 ἑκατόνταρχος
1644 4850 1750 4890 non
1765 4851 1935 4907 agno-

416 4901 430 4936 ι
463 4922 477 4937 ο
535 4903 619 4937 AC.

416 4901 477 4937 ιι.
502 4901 619 4941 JAC.

425 4954 537 5026 (88)
578 4958 885 5019 Articulum
933 4980 965 5019 e
1008 4968 1197 5025 codice
1226 4969 1641 5030 Vindobonensi
1691 4976 1933 5031 restituit

349 5023 715 5078 Jacobsonus-

384 5039 715 5084 aconsonus.

594 5098 865 5184 Eusebius
897 5107 1089 5184 habet
1136 5110 1365 5184 δώδεκα.
1419 5114 1576 5184 Apud
1631 5114 1927 5169 Eusebium

352 5165 630 5249 §trothius
668 5180 721 5224 et
756 5170 1147 5249 Heinichenius
1181 5165 1441 5238 exhibent
1470 5165 1930 5249 Elimia—Eoi};

348 5234 1004 5315 Σμῇεγῃ-μαρτυρήσασι.
1034 5234 1148 5304 Jac.

422 5258 1275 5390 ἱέῗῦηέᾘὲᾗῗὲἒέᾖῗιῒιζέἓλλον.

421 5379 860 5462 (9))ηἹῃο-οῐξν...
895 5379 1084 5460 ψυχῶῆ
1116 5392 1272 5462 ἡμῶν
1308 5410 1338 5450 e
1379 5397 1569 5452 codice
1626 5396 1925 5454 Parisiensi

348 5449 593 5506 restituit
612 5449 979 5512 Jacobsonus.

422 5518 534 5590 (92)
557 5520 772 5609 1(Ξιὶᾳριῑ.
795 5523 1025 5609 Vindol).
1044 5533 1219 5609 _atldit
1245 5554 1258 5589 :
1284 5537 1384 5609 κα).
1522 5540 1786 5609 πανάγιον
1830 5544 1926 5597 καὶ

347 5589 614 5676 ζῳοποιὸν
630 5593 1010 5665 Πνεῦμα..1Αο.
1043 5601 1099 5655 In
1128 5608 1296 5659 veteri
1327 5589 1426 5661 int.
1465 5589 1787 5684 legi—turret

347 5662 808 5747 ritu‘m‘sgnctum,
840 5684 932 5736 per
962 5687 1332 5747 q_uem_cuncta
1361 5662 1745 5747 cognoscimus.

346 5797 373 5855 J
420 5730 533 5800 (95)
565 5730 849 5791 Usscrius'
876 5748 931 5793 ct
973 5730 1242 5800 Smilhius
1286 5730 1922 5824 ηιιιΙΙέιιι-διαπὲμψατε.

379 5818 463 5855 λα.

379 5818 463 5857 ΑΩ.

2040 4588 2195 4643 Θικοῦ
2227 4590 2455 4661 δευτέρᾳ
2487 4590 2776 4660 ἱσταμένου
2824 4589 2955 4660 (96),
3004 4590 3110 4661 πρὸ
3155 4587 3295 4641 ἑπτά
3327 4586 3623 4641 Καλανδῶν

2043 4686 2235 4740 Μαίων
2267 4685 2398 4757 (97),
2436 4684 2700 4755 Σαϐϐάτῳ
2736 4684 2956 4755 μεγάλῳ
2991 4683 3124 4755 (98),
3158 4681 3278 4755 ὥρα
3307 4681 3469 4754 ὀγδόῃ
3488 4681 3616 4753 (99).

2111 4838 2224 4905 (94)
2253 4840 2306 4914 ΔΙ.
2342 4855 2391 4892 e.
2437 4858 2457 4890 ς
2500 4840 2924 4914 quﬁnonnullos
2947 4855 2977 4894 e
3004 4854 3232 4893 numero
3273 4837 3512 4892 fidelium
3549 4839 3617 4891 ad

2039 4926 2125 4965 ma
2134 4908 2363 4992 {tyrigm
2388 4908 2629 4992 vocavit:
2663 4932 2720 4992 tu
3017 4981 3049 4992 __
3239 4980 3268 4992 Α·

2110 4979 2224 5049 (95)
2262 4978 2419 5050 Τῷ...
2454 4975 2516 5049 ᾧ.
2547 4982 2723 5037 Simili
2749 4981 3163 5037 constructione
3194 4980 3364 5034 utitur
3385 4978 3447 5031 D.
3476 4978 3620 5033 Pau-

2040 5051 2321 5133 1usl‘ljomn.
2351 5067 2462 5118 xw,
2494 5053 2832 5133 25-21915;
2872 5121 2917 5133 η
3080 5124 3121 5133 _.
3231 5124 3244 5133 _
3272 5123 3283 5133 _

2110 5120 2225 5189 (96)
2267 5120 2531 5201 διηγηιωί
2560 5140 2592 5178 a
2631 5124 2708 5201 ἓξ
2742 5125 2848 5201 die_
2870 5121 3047 5201 Martii
3080 5123 3416 5201 Xanthicum
3453 5135 3615 5201 suum

2037 5194 2389 5249 inchoarunt.
2428 5191 2626 5248 Usssn.
2676 5196 2750 5249 De
2802 5194 3159 5265 chronol0gia
3207 5192 3371 5258 hujus
3419 5191 3616 5313 cagitis

2037 5263 2136 5313 cfr-
2167 5260 2354 5313 Idclet‘.
2385 5262 2606 5313 Handb.
2639 5266 2732 5313 der
2753 5262 3004 5313 Chronol.
3030 5274 3069 5313 t-
3102 5265 3142 5313 l.
3172 5280 3225 5313 η.
3257 5261 3382 5313 M9.
3410 5261 3480 5313 4o
3525 5300 3539 5313 .

2034 5263 2152 5341 Cir...
2166 5260 2354 5341 [deleta
2385 5262 2606 5341 ﬂando:
2639 5266 2732 5341 der
2753 5262 3004 5341 Chronol.
3030 5260 3143 5328 LVI,
3172 5261 3382 5341 p.ﬂ419,

2103 5333 2217 5406 (97)
2260 5329 2445 5402 Longe
2474 5335 2684 5391 meliori
2717 5337 2904 5392 codice
2932 5350 3066 5391 usus
3087 5329 3186 5391 est'
3222 5331 3616 5455 (3011333223;

3338 5416 3580 5470 pontanu

2102 5475 2215 5546 (98)
2258 5475 2297 5529 1.
2335 5492 2386 5530 e.
2413 5476 2734 5543 Sabbatum,
2769 5474 2915 5547 quod
2937 5473 3260 5547 Paschalcm
3294 5471 3614 5525 solemnita-

2030 5548 2428 5627 temha‘ntecedit
2450 5588 2465 5611 ,
2497 5546 2801 5627 Sabbatum
2817 5560 3091 5602 sanctum.
3118 5546 3273 5627 Paci.

2103 5616 2214 5686 (99)
2254 5616 2292 5697 Ι..
2314 5632 2363 5670 e.
2394 5610 2837 5697 ante_meridiem
2868 5635 2881 5682 ;
2910 5634 3018 5672 non
3046 5616 3291 5697 enim‘de
3326 5610 3607 5697 Romana,

2030 5687 2122 5741 sed
2158 5684 2225 5741 de
2253 5687 2492 5768 Asiatica
2540 5689 2705 5768 horas
2740 5686 3343 5768 computandi‘ratione
3395 5684 3610 5768 hic'est

2032 5773 2232 5824 sermo,
2264 5758 2451 5813 eadem
2491 5761 2717 5826 scilicet,
2744 5775 2849 5830 qua
2869 5751 2987 5815 'nos
3017 5756 3180 5813 hodie
3224 5754 3448 5810 utimur.
3484 5751 3604 5807 Jac.
