4142 6418
522 391 666 444 1045

1795 388 2186 445 EVABISTUS
2224 388 2419 443 PAPA.

3606 380 3621 385 “
3647 388 3783 443 toto

517 530 834 601 Συνελήφθη
878 532 935 584 δὲ
982 531 1058 603 (1)
1105 531 1209 585 ὑπὸ
1252 531 1513 604 Ἡρώδου,
1549 533 1643 585 ἐπὶ
1673 534 1978 606 ἀρχιερέως
2026 534 2099 605 (‘2)

2206 542 2292 589 est
2316 543 2497 588 autem
2536 532 2605 587 ab
2636 530 2868 598 Herode,
2909 530 3013 586 sub
3046 530 3301 601 pontifice
3344 527 3598 600 Philippo
3631 527 3788 584 Tral-

516 622 783 676 Φιλίππου
828 622 1186 696 Τραλλιανοῦ,
1236 624 1709 689 ἀνθυπατεύοντος
1751 626 1976 679 Στατίου
2024 626 2101 697 ('5)

518 714 816 785 Κοδράτου,
866 714 1243 785 βασιλεύοντος
1287 716 1342 770 δὲ
1383 719 1464 781 εἰς
1508 717 1634 781 τοὺς
1678 718 1881 782 αἰῶνας
1926 718 2102 789 Ἰησοῦ

518 806 757 875 Χριστοῦ
799 799 843 874 ᾧ
858 809 892 877 ἡ
909 807 1058 871 δόξα,
1077 805 1229 877 τιμὴ,
1252 808 1616 881 μεγαλοσύνη,
1636 809 1827 881 θρόνος
1858 810 2099 876 αἰώνιος,

520 898 627 951 ἀπὸ
658 900 853 967 γενεᾶς
884 900 965 962 εἰς
996 900 1208 967 γενεάν.
1258 901 1449 971 Ἀμήν.

2203 627 2371 692 liano,
2398 625 2729 696 proconsule
2773 624 2949 679 Statio
2978 624 3281 692 Quadrato,
3312 633 3574 695 regnante
3597 630 3779 677 autem

2204 721 2259 775 in
2292 720 2488 777 saecula
2517 717 2647 774 Jesu
2692 718 2913 775 Christo
2940 736 2955 785 ;
2984 719 3074 773 cui
3111 717 3183 773 sit
3204 717 3399 788 gloria,
3433 718 3631 783 honor,
3658 731 3780 770 ma-

2198 812 2391 880 jestas,
2423 811 2655 865 thronus
2697 809 3087 880 sempiternus,
3113 824 3143 863 a
3166 809 3518 880 generatione
3540 808 3595 862 in
3619 822 3780 878 gene-

2203 904 2495 959 rationem;
2530 904 2719 957 Amen.

1538 1035 1705 1093 XXII.
1739 1037 2029 1093 Sal‘utatio.
2061 1037 2320 1108 Epistola:
2350 1039 2774 1108 transcriptores.

606 1173 907 1244 Ἐῤῥῶσθαι
940 1174 1086 1246 ὑμᾶς
1127 1175 1418 1247 εὐχόμεθα,
1464 1176 1706 1247 ἀδελφοὶ,
1753 1178 2101 1250 στοιχοῦντας

520 1264 598 1335 τῷ
628 1266 769 1319 κατὰ
799 1267 859 1319 τὸ
890 1266 1221 1336 Εὑαγγέλιον
1252 1266 1396 1338 λόγῳ
1440 1268 1615 1341 Ἰησοῦ
1661 1270 1896 1342 Χριστοῦ
1917 1288 1929 1300 ·
1981 1270 2101 1345 μεθ’

519 1352 581 1412 οῦ
610 1358 738 1424 δόξα
768 1356 846 1429 τῷ
875 1357 995 1430 Θεῷ
1026 1359 1120 1413 καὶ
1152 1361 1330 1433 Πατρί
1361 1363 1457 1415 καὶ
1486 1362 1628 1433 ἁγίῳ
1658 1362 1959 1433 Πνεύματι,
2005 1364 2103 1417 ἐπὶ

520 1450 765 1521 σωτηρίᾳ
796 1453 863 1524 τῇ
892 1451 1000 1505 τῶν
1030 1453 1202 1520 ἁγίων
1233 1454 1523 1509 ἐκλεκτῶν·
1559 1454 1742 1519 καθὼς
1786 1456 2102 1529 ἐμαρτύρη-

520 1559 612 1595 σεν
642 1544 670 1595 ὁ
704 1544 976 1615 μακάριος
1006 1544 1387 1618 Πολύκαρπος,
1423 1539 1484 1601 οῦ
1515 1548 1723 1617 γένοιτο
1753 1550 1812 1603 ὲν
1843 1553 1907 1621 τῇ
1943 1549 2098 1619 βασι-

516 1630 638 1701 λείᾳ
681 1631 856 1702 Ἰησοῦ
888 1633 1124 1703 Χριστοῦ
1158 1635 1295 1707 πρὸς
1326 1636 1394 1689 τά
1442 1636 1561 1709 ῐχνη
1607 1638 1896 1710 εὑρεθῆναι
1928 1639 2099 1709 ήμᾶςι

586 1720 773 1776 Ταῦτα
808 1723 1191 1796 μετεγράψατο
1240 1724 1339 1795 μὲν
1371 1724 1530 1789 Γάϊος
1564 1724 1661 1798 (4),
1695 1727 1760 1779 ὲκ
1790 1725 1896 1780 τῶν
1926 1727 2097 1798 Εἰρη-

517 1812 689 1877 ναίου,
740 1802 997 1884 μαθητοῦ
1029 1812 1120 1867 τοῦ
1154 1815 1538 1887 Πολυκάρπου,
1572 1815 1631 1879 ὃς
1676 1816 1771 1872 καὶ
1818 1816 2099 1870 συνεπολι-

516 1906 743 1959 τεύσατο
774 1904 850 1975 τῷ
881 1906 1175 1977 Εἰρηναίῳ.
1209 1907 1731 1980 ἙγὼδὲΣωκράτης
1759 1910 1817 1962 ὲν
1847 1907 2096 1978 Κορίνθῳ

2269 1178 2554 1249 Optamus,
2588 1177 2806 1241 fratres,
2834 1192 2932 1232 vos
2956 1176 3137 1231 valere
3166 1191 3232 1231 ac
3258 1175 3511 1233 incedere
3539 1176 3594 1229 in
3617 1189 3781 1230 evan-

2199 1271 2374 1344 gelico
2406 1287 2664 1328 sermone
2691 1270 2818 1327 Jesu
2850 1270 3094 1337 Christi;
3149 1284 3277 1327 cum
3329 1284 3439 1341 quo
3486 1270 3658 1340 gloria
3705 1271 3781 1325 sit

2198 1365 2332 1434 Deo,
2361 1376 2416 1421 et
2443 1364 2591 1420 Patri
2625 1372 2680 1419 et
2705 1363 2931 1434 Spiritui
2964 1371 3179 1428 saneto,
3204 1363 3274 1418 ob
3304 1374 3621 1418 sanctorum
3662 1363 3779 1418 ele-

2199 1468 2414 1515 ctorum
2443 1459 2712 1524 salutem;
2736 1455 3200 1526 quemadmodum
3222 1456 3416 1511 beatus
3440 1454 3778 1527 Polycarpus

2200 1552 2524 1623 martyrium
2549 1550 2794 1620 pertulit,
2832 1549 2898 1604 ad
2928 1549 3089 1618 cujus
3114 1548 3343 1619 vestigia
3386 1548 3597 1603 utinam
3628 1548 3777 1602 inve-

2200 1643 2419 1698 niamur
2448 1642 2505 1696 in
2536 1656 2705 1712 regno
2735 1641 2867 1696 .lesu
2896 1640 3107 1697 Christi
3135 1642 3149 1694 !

2268 1733 2448 1804 Atque
2472 1732 2589 1787 haec
2618 1747 2684 1787 ex
2712 1731 2903 1787 codice
2931 1730 3144 1798 lrenaai,
3185 1730 3441 1801 discipuli
3466 1729 3774 1801 Polycarpi,

2199 1824 2487 1897 descripsit
2501 1826 2687 1891 Caius,
2706 1825 2798 1896 qui
2831 1836 2885 1881 et
2907 1827 3023 1895 ipse
3051 1840 3177 1880 cum
3203 1823 3406 1881 Irenaeo
3421 1834 3777 1880 conversatus

2200 1924 2300 1971 est.
2326 1914 2438 1987 Ego
2458 1930 2589 1971 vero
2620 1915 2875 1972 Socrates
2912 1915 3165 1972 Corinthi
3210 1930 3278 1971 ex
3319 1914 3440 1971 Caii
3480 1914 3777 1985 exemplari

517 1998 581 2051 ὲκ
624 1995 731 2050 τῶν
775 1997 936 2051 Γαΐου
982 1998 1332 2068 ἀντιγράφων
1376 1998 1611 2071 ἔγραψα.
1659 2000 1726 2053 Ἡ
1757 2000 1915 2071 χάρις
1963 1998 2099 2071 μετὰ

2204 2007 2319 2064 haec
2345 2007 2629 2079 descripsi.
2658 2006 2843 2063 Gratia
2871 2007 2941 2064 sit
2968 2021 3093 2063 eum
3128 2008 3405 2065 omnibus.

516 2090 751 2146 πάντων.

613 2209 757 2278 Ἐγὼ
799 2211 857 2264 δὲ
901 2212 1064 2266 πάλιν
1109 2212 1322 2277 Πιόνιος
1366 2213 1432 2266 ὲκ
1462 2212 1556 2267 τοῦ
1601 2212 2096 2284 προγεγραμμένου

515 2303 753 2376 ἔγραψα,
786 2305 1134 2378 ἀναζητήσας
1163 2306 1327 2369 αὐτὰ,
1374 2307 1515 2361 κατὰ
1561 2306 1904 2376 ἀποκάλυψιν
1934 2324 2101 2375 φανε-

517 2396 793 2469 ρώσαντός
829 2416 919 2469 μοι
950 2399 1044 2452 τοῦ
1079 2400 1350 2472 μακαρίου
1385 2399 1459 2471 (5)
1492 2398 1875 2471 Πολυκάρπου⁶
1912 2397 2096 2462 καθὼς

514 2487 739 2560 δηλώσω
768 2491 827 2543 ὲν
857 2489 936 2561 τῷ
966 2491 1223 2562 καθεξῆς·
1261 2489 1586 2561 συναγαγὼν
1600 2490 1741 2544 αὐτὰ
1773 2490 1874 2561 ἤδη
1908 2488 2095 2560 σχεδὸν

515 2582 581 2635 ὲκ
622 2580 717 2636 τοῦ
761 2582 954 2654 χρόνου
1000 2585 1353 2655 κεκμηκότα,
1415 2585 1503 2639 ἵνα
1548 2584 1695 2654 κάμὲ
1742 2582 2026 2655 συναγάγῃ
2069 2584 2099 2636 ὁ

516 2672 720 2747 Κύριος
763 2674 973 2747 Ἰησοῦς
1003 2677 1239 2747 Χριστὸς
1275 2677 1414 2747 μετὰ
1444 2674 1553 2731 τῶν
1586 2673 1859 2729 ἐκλεκτῶν
1889 2673 2058 2728 αὐτοῦ
2078 2714 2093 2738 ,

514 2769 595 2831 εἰς
624 2767 722 2839 τὴν
752 2767 1002 2840 οὐράνιον
1035 2768 1313 2839 βασιλείαν
1344 2768 1510 2823 αὑτοῦ
1545 2768 1641 2840 (6),
1674 2761 1719 2837 ᾧ
1751 2770 1785 2838 ἡ
1816 2766 1964 2832 δόξα,
1999 2766 2097 2820 σὺν

515 2859 691 2930 Πατρὶ
734 2859 829 2913 καὶ
874 2860 1015 2931 ἁγίῳ
1057 2860 1373 2930 Πνεύματι,
1420 2861 1501 2925 εἰς
1544 2860 1672 2923 τοὺς
1729 2857 1931 2921 αἰῶνας
1988 2856 2096 2911 τῶν

513 2950 742 3005 αἰώνων.
792 2952 980 3023 Ἀμήν.

512 3215 788 3286 politanus
803 3214 1249 3286 Chorographus,
1279 3215 1583 3270 Siculorum
1599 3216 1864 3286 fastorum
1880 3228 2094 3285 auctor,

512 3284 609 3358 qui
641 3284 1154 3358 legitfdgrptniuiv.
1190 3284 1392 3341 Verum
1431 3286 1576 3358 enim
1600 3284 1901 3358 ‘Polycarpi
1932 3284 2091 3344 nata?

512 3354 616 3410 lem
643 3354 803 3410 111⁷26
834 3354 1014 3410 Martii
1047 3372 1171 3411 esse
1202 3357 1579 3423 statuendum,
1628 3366 1681 3412 et
1718 3354 1910 3413 Asiani
1963 3361 2094 3414 anni

2275 2209 2342 2265 Et
2389 2211 2630 2282 posthaec
2677 2227 2778 2283 ego
2826 2211 3054 2268 Pionius
3102 2226 3171 2268 ex
3224 2211 3615 2282 suprascriptis
3663 2211 3780 2266 haec

2203 2304 2446 2370 exaravi,
2493 2313 2782 2376 postquam
2819 2306 2910 2361 illa
2950 2306 3423 2377 perquisivissem,
3476 2314 3531 2361 et
3580 2306 3776 2361 beatus

2202 2393 2533 2467 Polycarpus
2560 2411 2623 2452 ea
2658 2412 2754 2467 per
2774 2397 3156 2453 revelationem
3186 2397 3318 2452 mihi
3347 2396 3776 2463 manifestasset,

2204 2489 2339 2543 utin
2379 2489 2735 2559 sequentibus
2761 2489 3054 2545 declarabo
3076 2534 3091 2558 ,
3121 2490 3315 2559 collegi
3347 2505 3434 2557 ea,
3485 2505 3779 2560 propemo-

2201 2581 2333 2637 dum
2376 2596 2444 2637 ει
2488 2582 2748 2652 temporis
2792 2583 3150 2640 diuturnitate
3200 2582 3533 2650 fatiscentia,
3582 2592 3643 2637 ut
3690 2597 3779 2637 me

2201 2687 2423 2744 quoque
2448 2688 2575 2728 cum
2601 2673 2790 2729 electis
2824 2674 2940 2729 suis
2968 2675 3026 2729 in
3064 2690 3292 2745 regnum
3343 2690 3505 2730 suum
3554 2674 3779 2730 caeleste

2201 2764 2421 2835 colligat
2450 2763 2716 2822 Dominus
2737 2763 2898 2821 Jesus
2922 2765 3195 2833 Christus,
3227 2766 3317 2821 cui
3337 2766 3408 2822 sit
3430 2766 3623 2839 gloria,
3648 2780 3777 2822 eum

2200 2854 2362 2911 Patre
2411 2865 2466 2912 et
2522 2854 2729 2928 Spiritu
2784 2866 3002 2924 sancto,
3053 2859 3110 2913 in
3171 2859 3371 2915 saecula
3419 2858 3777 2916 saeculorum.

2203 2947 2395 3003 Amen.

2206 3220 2366 3288 1842,
2393 3221 2528 3278 fasc.
2549 3236 2587 3286 1,
2606 3235 2659 3289 ρ.
2688 3221 2778 3281 54,

2275 3286 2360 3362 (1)
2390 3286 2722 3347 Ρπιὶοιιῖεῐη
2752 3291 2809 3362 δέ
2840 3289 2991 3362 addit
3017 3288 3136 3362 Jac.
3160 3287 3329 3343 ecod.
3354 3286 3531 3362 Paris.

2275 3356 2354 3433 (‘2)
2390 3362 2493 3428 Qui
2547 3362 2701 3433 prius
2744 3360 2817 3433 (c.
2870 3360 2962 3433 12)
2991 3357 3458 3429 Ἀσιάρχης,11υιιο
3486 3356 3776 3428 ἀρχιερεύς

512 3425 653 3501 ratio
676 3432 731 3480 et
762 3426 945 3501 magni
977 3425 1530 3501 Sabbati_character;
1547 3426 1769 3501 evincit,
1801 3428 1929 3501 licet
1951 3430 2092 3498 apud
2124 3482 2165 3501 η
2204 3425 2527 3501 appellatur.
2550 3425 2749 3486 UssEn.

514 3495 740 3566 l_.atinos
767 3496 837 3550 26
856 3482 1008 3563 jam,
1039 3498 1182 3566 apud
1206 3496 1427 3551 Graecos
1461 3496 1533 3549 25
1569 3496 1730 3551 Febr.
1756 3482 2091 3554 Icelebreiur:
2122 3482 2166 3541 (ἶ

512 3564 591 3637 Ex
616 3565 818 3635 quibus
843 3567 1007 3621 etiam
1028 3564 1441 3637 characteribus
1468 3566 1757 3637 manifeste
1789 3568 2095 3637 deprehen-

511 3635 685 3707 ditur,
712 3651 858 3707 anno
870 3636 1111 3707 vulgaris
1130 3652 1252 3707 tene
1275 3635 1602 3692 Christianae
1635 3635 1760 3707 169,
1792 3645 1845 3692 et
1859 3635 2093 3707 imperii

512 3705 819 3788 M..Aurelii
859 3703 1008 3792 nono
1048 3706 1376 3792 passionem
1392 3707 1514 3776 ejus
1543 3703 2094 3792 contigisseLUssan

512 3791 655 3927 ἳέἶιεί
680 3775 1534 3927 $733333;tfé‘eiéiéniifeii'?
1542 3775 2092 3927 ὶρῗιῗέτοῗᾶὲεῖἕιιῖὶ

511 3917 755 3983 εεὶηέ,ἰιι
791 3915 1020 3989 lllgenii,
1066 3915 1376 3985 Zeitschrt'ft
1418 3917 1503 3986 [ἂν
1539 3917 1626 3970 die
1655 3915 1843 3970 histor.
1901 3916 2084 3971 Theol.

2292 3503 2346 3570 3)
2386 3501 2490 3573 bis.
2523 3501 2664 3555 male
2676 3500 2971 3573 Στρατίου.

2291 3567 2347 3640 4)
2387 3572 2643 3627 Fortasse
2664 3567 2852 3639 Caius,
2876 3569 3157 3640 presbyter
3184 3568 3276 3623 ille
3304 3567 3605 3640 Romanus.

2291 3576 2347 3712 4;
2387 3576 2643 3627 Fortasse
2664 3576 2852 3652 Caius,
2876 3576 3157 3690 presbyter
3184 3576 3276 3623 ille
3304 3576 3605 3650 Romanus.

2288 3642 2321 3696 5
2380 3641 2507 3713 Haec
2524 3641 2687 3713 verba
2716 3658 2810 3713 του
2844 3658 3030 3713 μακαρ
3055 3656 3116 3692 ου
3148 3653 3179 3694 e
3200 3640 3360 3695 codd.
3390 3638 3567 3693 Paris.
3594 3646 3649 3693 et
3676 3636 3775 3691 Ba~

2193 3707 2342 3768 recc.
2373 3711 2609 3767 restituit
2634 3707 2993 3767 Jacobsonns.

2264 3782 2344 3851 (6)
2374 3780 2559 3853 _Verba
2592 3781 2674 3843 εἰς
2707 3780 2805 3853 τὴν
2954 3780 3123 3836 αὐτοῦ
3151 3779 3579 3851 praetermiserat
3604 3776 3771 3833 Usse-

2189 3850 2329 3909 rius.
2367 3850 2488 3908 Jac.

1298 4413 2366 4576 EVARISTUS
2438 4414 2935 4576 PAPA
3006 4320 3090 4415 ⁷

1877 4903 2406 4998 ΝΟΤΙΤΙΑ

513 5139 609 5201 (Ex
634 5142 760 5194 libro
784 5140 1053 5202 pontiﬁcali
1076 5142 1274 5194 Damasi
1297 5156 1455 5206 papae,
1479 5157 1557 5204 ap.
1585 5142 1756 5206 mansi,
1780 5140 1982 5206 Coraci!”
2007 5142 2046 5206 Ι.
2076 5141 2159 5206 6_2I
2176 5168 2252 5189 .——
2282 5140 2717 5206 Variaslectiones
2737 5147 2803 5206 _et
2821 5146 2964 5206 notas
2985 5141 3050 5193 ad
3082 5139 3217 5194 hunc
3247 5141 3413 5192 locum
3432 5140 3571 5195 Libri
3593 5142 3769 5192 Ponti-

1374 5202 1529 5255 ﬁcalis
1551 5205 1664 5255 vide
1683 5202 1984 5270 Patrologta:
2005 5202 2188 5255 Latina:
2213 5209 2332 5254 tom.
2354 5203 2583 5265 CXXVII,
2608 5206 2703 5254 col.
2729 5203 2892 5267 1155.)
3298 5240 3301 5245 .

583 5387 869 5446 Evaristus
914 5393 1137 5448 natione
1187 5393 1433 5456 Graccus,
1486 5408 1552 5447 ex
1585 5401 1739 5462 patre
1767 5392 1956 5447 Judaao
1981 5396 2203 5448 nomine
2244 5392 2405 5455 Juda,
2444 5393 2510 5447 de
2543 5394 2760 5448 civitate
2787 5392 3130 5459 Bethlebem,
3160 5393 3305 5450 sedit
3337 5409 3513 5448 annos
3541 5409 3762 5457 novem,

511 5474 727 5532 menses
759 5463 969 5531 decem,
994 5464 1113 5518 dies
1145 5464 1305 5517 duos.
1344 5463 1470 5517 Fuit
1504 5472 1684 5517 autem
1718 5464 2060 5532 temporibus
2109 5463 2400 5518 Domitiani
2432 5472 2486 5517 et
2518 5462 2706 5519 Nerva:
2741 5462 2987 5532 Trajani,
3025 5480 3054 5516 a
3104 5465 3392 5519 consulatu
3427 5463 3672 5518 Valentis
3711 5473 3768 5517 et

513 5528 745 5604 Veteris,
770 5528 1042 5604 usquead
1066 5533 1280 5588 Gallum
1315 5543 1370 5588 et
1398 5534 1671 5588 Braduam
1695 5528 1973 5591 consules.
2008 5533 2271 5604 Martyrio
2300 5543 2614 5588 coronatur.
2666 5532 2767 5588 Hic
2801 5528 2991 5589 titulos
3053 5535 3107 5587 in
3161 5535 3295 5587 urbe
3355 5532 3529 5588 Roma
3577 5532 3767 5588 divisit

509 5601 870 5674 presbiteris;
891 5602 957 5663 Et
985 5614 1191 5673 septem
1227 5605 1489 5659 diaconos
1512 5604 1803 5669 ordinavit,
1837 5604 1951 5674 qui_
1967 5601 2311 5659 custodirent
2333 5605 2649 5674 episcopum
2674 5605 3082 5672 praedicantem,
3111 5613 3341 5673 propter
3380 5604 3580 5674 stylum
3624 5604 3768 5657 veri-

511 5670 799 5745 tatis.’llic
832 5672 960 5726 fecit
987 5670 1368 5745 ordinationes
1392 5685 1502 5729 tres
1525 5691 1621 5745 per
1646 5670 1890 5729 mensem
1928 5672 2302 5742 Decembrem,
2334 5670 2686 5745 presbyteros
2702 5690 2818 5745 serg,
2858 5670 3128 5730 diaconos
3151 5670 3624 5745 duos,iepiscopos
3672 5689 3768 5743 per

509 5740 738 5821 diversa
764 5744 881 5798 loca
914 5746 1176 5821 quinque.
1208 5744 1311 5809 Qui
1342 5740 1786 5821 etiarn-sepultus
1816 5754 1899 5803 est
1930 5745 2085 5817 juxta
2119 5740 2319 5821 corpus
2334 5740 2663 5800 'bcali'Petri
2690 5745 2744 5799 in
2774 5743 3037 5802 Vaticano
3069 5752 3221 5801 sexto
3239 5740 3511 5800 Kalendas
3530 5740 3767 5801 Novem-

510 5810 656 5866 bres.
697 5812 764 5868 Et
785 5810 1020 5869 cessavit
1048 5810 1393 5886 episcopatus
1416 5816 1533 5873 dies
1558 5810 1709 5873 xvui.
