4142 6416
400 373 534 426 1047

1729 371 2056 426 EVARISTI
2081 369 2281 426 ΡΑΡᾹΞ

3514 361 3535 414 1
3545 360 3653 418 θὶὸ

1349 689 2105 824 EVARISTI
2201 686 2645 815 ΡΑΡλΈ

1567 945 2300 1062 EPISTOL/E
2378 926 2461 1005 (¹)

1559 1168 1760 1229 (MANSI.
1797 1165 2002 1229 ConciL,
2037 1174 2076 1218 t.
2105 1169 2143 1228 Ι,
2171 1169 2266 1217 col.
2286 1168 2421 1232 625.)

863 1315 1201 1372 EPISTULA
1239 1315 1472 1370 PRIMA.

697 1427 764 1465 AD
801 1425 976 1465 OMNES
1011 1425 1294 1465 EPISCOPOS
1331 1425 1640 1464 AFRICANUS.

387 1504 462 1559 De
479 1505 661 1558 ordine
697 1504 1045 1556 diaconorum
1078 1514 1126 1556 et
1149 1502 1383 1572 legitimo
1407 1502 1684 1572 conjugio,
1718 1509 1873 1572 atque
1896 1499 1959 1552 de

452 1576 557 1644 ﬁde
583 1585 632 1628 et
655 1590 760 1629 non
785 1574 1136 1643 ‘injuriandis
1169 1570 1422 1642 episcopis
1455 1583 1547 1626 aut
1565 1570 1884 1625 lacer-audis.

452 1686 832 1744 Dilectissimis
868 1686 1136 1742 fratribus
1173 1686 1447 1742 universis
1487 1685 1687 1742 Africae
1717 1684 1958 1758 regionis

378 1778 669 1849 episcopis,
688 1777 992 1834 Evaristus.

447 1868 871 1924 Consulentibus
907 1869 1086 1935 vobis,
1130 1867 1329 1926 fratres
1373 1868 1709 1936 charissimi,
1757 1871 1778 1900 ³
1823 1869 1958 1938 quid

377 1977 543 2030 super
577 1963 661 2016 his
695 1978 817 2032 quae
852 1962 905 2016 in
937 1960 1131 2016 vestris
1172 1961 1594 2016 continebantur
1627 1959 1847 2032 scriptis
1877 1962 1957 2015 νίν

376 2069 496 2108 sum
532 2054 691 2108 nobis
723 2064 886 2118 esset,
925 2053 1008 2108 vel
1038 2053 1168 2124 quid
1188 2053 1382 2108 docilis
1413 2053 1554 2107 ratio
1584 2055 1953 2123 persuaderet,

373 2153 469 2199 aut
499 2144 631 2214 quid
661 2162 691 2199 a
725 2145 900 2200 beatis
932 2147 1196 2215 apostolis
1236 2146 1400 2200 nobis
1435 2146 1694 2200 traditum
1730 2158 1824 2200 aut
1858 2163 1954 2201 cu-

371 2236 635 2290 stoditum
663 2248 990 2301 remaneret,
1029 2247 1301 2308 optantes,
1351 2249 1408 2292 ut
1431 2235 1717 2306 retulistis,
1747 2240 1956 2295 nostris

371 2327 586 2381 institui
619 2329 639 2360 ³
670 2329 1037 2393 documentis,
1065 2330 1181 2386 haec
1199 2347 1326 2385 vero
1349 2333 1735 2388 rescribimus:
1765 2330 1952 2402 Siqui-

368 2419 492 2474 dem
527 2421 748 2476 dilectio
769 2431 950 2477 vestra
973 2439 1223 2478 normam
1249 2435 1436 2479 secuta
1471 2425 1846 2494 prudentium,
1882 2427 1952 2480 ad

369 2513 553 2567 sedem
590 2515 944 2582 apostolicam
983 2515 1189 2570 referre
1212 2517 1423 2583 maluit,
1459 2517 1621 2586 quasi
1653 2517 1721 2572 ad
1764 2526 1948 2588 caput,

367 2605 498 2674 quid
517 2605 740 2661 deberet
761 2608 827 2662 de
862 2609 1025 2662 rebus
1049 2607 1234 2664 dubiis
1262 2611 1562 2676 custodire,
1577 2611 1763 2680 potius
1779 2623 1945 2680 quam

367 2699 721 2767 usurpatione
744 2714 1092 2768 prazsumere.

1153 2793 1194 2848 l.

595 2881 736 2947 Quot
768 2886 821 2938 in
851 2887 1062 2940 civitate
1089 2888 1302 2940 diaconi
1337 2903 1448 2942 esse
1484 2889 1726 2944 debeant.

438 2978 723 3048 ‘Diaconi,
755 2982 850 3052 qui
871 2982 1031 3052 quasi
1067 2984 1211 3037 oculi
1251 2984 1507 3039 videntur
1534 3001 1656 3040 esse
1679 2985 1943 3055 episcopi,

364 3072 418 3125 in
450 3089 782 3144 unaquaque
805 3076 1042 3141 civitate,
1063 3077 1220 3146 juxta
1241 3078 1616 3147 apostolorum
1649 3080 1945 3134 constituta

363 3173 572 3232 septem
630 3165 830 3220 debent
888 3183 1030 3232 esse,
1072 3170 1092 3200 ⁵
1126 3170 1222 3239 qui
1257 3169 1575 3224 custodiant
1621 3171 1944 3240 episcopum

361 3256 773 3324 praedicantem,
801 3275 871 3314 ne
903 3269 999 3314 aut
1030 3262 1146 3331 ipse
1177 3263 1246 3317 ab
1280 3261 1699 3319 insidiatoribus
1721 3280 1946 3335 quoquo

363 3346 530 3403 modo
562 3348 873 3416 infestetur,
899 3361 994 3407 aut
1025 3353 1252 3408 laedatur
1279 3370 1309 3408 a
1345 3354 1485 3421 suis,
1519 3364 1615 3410 aut
1647 3357 1818 3412 verba
1861 3356 1946 3411 di-

359 3439 509 3504 vina,
556 3440 896 3498 detrahendo
957 3454 1052 3498 aut
1109 3432 1468 3512 insidiando,
1497 3449 1813 3516 polluantur
1859 3450 1943 3504 vel

360 3530 759 3600 despiciantur,
789 3533 882 3587 sed
914 3535 1118 3592 veritas
1139 3535 1412 3604 spirituali
1437 3537 1676 3592 redoleat
1705 3537 1939 3606 fervore,

360 3629 415 3674 et
447 3635 550 3689 pax
579 3623 870 3692 praedicata
903 3623 1085 3692 labiis,
1123 3627 1295 3681 animi
1328 3642 1454 3682 cum
1486 3630 1768 3686 voluntate
1809 3646 1944 3687 con-

360 3713 563 3770 cordct.

874 3903 952 3958 De
972 3920 1134 3958 uxore
1159 3905 1420 3961 ducenda.

1986 1321 2040 1376 Α
2063 1329 2206 1368 uxor
2247 1315 2486 1383 legitime
2516 1317 2536 1347 ⁷
2569 1316 2688 1370 viro
2728 1317 3010 1388 jungatur.
3043 1318 3213 1374 Aliter
3255 1320 3401 1374 enim
3459 1286 3640 1392 legiti-

2063 1419 2213 1458 mum
2251 1405 2332 1473 (ut
2367 1420 2398 1458 a
2434 1405 2683 1474 patribus
2715 1407 3048 1475 accepimus,
3084 1415 3139 1460 et
3185 1423 3215 1460 a
3253 1407 3459 1464 sanctis
3506 1424 3639 1480 apo-

2062 1498 2237 1563 stolis,
2297 1513 2600 1567 eorumque
2654 1497 3070 1553 successoribus
3128 1500 3388 1554 traditum
3425 1501 3636 1556 inveni-

2063 1593 2229 1660 mus),
2267 1605 2375 1645 non
2403 1589 2475 1644 sit
2517 1589 2836 1659 coniugium
2867 1590 2909 1656 ⁸,
2946 1591 3050 1645 nisi
3091 1591 3160 1645 ab
3194 1592 3279 1645 his
3305 1593 3386 1662 (2)
3415 1594 3510 1662 qui
3543 1611 3636 1649 su-

2061 1699 2157 1752 per
2191 1683 2364 1753 ipsam
2395 1681 2652 1736 feminam
2677 1681 3105 1737 dominationem
3127 1684 3384 1738 videntur
3414 1687 3638 1754 habere,

2059 1785 2113 1828 et
2143 1791 2173 1829 a
2204 1774 2404 1845 quibus
2438 1774 2769 1842 custoditur,
2807 1792 2948 1830 uxor
2982 1784 3225 1845 petatur,
3261 1787 3314 1832 et
3345 1793 3375 1831 a
3401 1780 3639 1847 parenti-

2059 1867 2165 1923 bus
2202 1876 2296 1922 aut
2336 1867 2830 1938 propinquioribus
2882 1877 3196 1936 sponsetur,
3227 1877 3282 1922 et
3304 1869 3516 1940 legibus
3539 1872 3638 1926 do-

2057 1972 2203 2018 tetur
2232 1965 2274 2028 9,
2300 1973 2354 2015 et
2386 1976 2487 2016 suo
2515 1971 2758 2030 tempore
2804 1961 3235 2026 sacerdotaliter,
3283 1972 3344 2016 ut
3377 1979 3496 2019 mos
3529 1973 3632 2031 est,

2058 2071 2184 2110 cum
2209 2055 2463 2124 precibus
2486 2063 2540 2108 et
2569 2053 2942 2108 oblationibus
2969 2069 3000 2107 a
3035 2054 3321 2109 sacerdote
3349 2057 3635 2111 benedica-

2057 2159 2168 2214 tur,
2202 2157 2255 2202 et
2289 2163 2319 2201 a
2344 2146 2757 2218 paranymphis,
2785 2156 2842 2201 ut
2865 2147 3210 2201 consuetudo
3243 2147 3418 2214 docet,
3453 2157 3636 2203 custo-

2056 2241 2174 2296 dita
2223 2251 2278 2296 et
2320 2240 2635 2296 consociata
2689 2255 2719 2294 a
2766 2239 3054 2309 proximis,
3095 2249 3339 2310 tempore
3385 2256 3632 2312 congruo

2057 2334 2222 2404 petita
2257 2334 2472 2404 legibus
2509 2332 2729 2386 dotetur
2757 2331 2821 2395 ίθ,
2857 2341 2912 2385 et
2945 2333 3265 2388 solemniter
3311 2334 3630 2402 accipiatur,

2053 2437 2110 2482 et
2151 2428 2317 2481 biduo
2353 2426 2437 2480 vel
2491 2425 2672 2480 triduo
2705 2423 3046 2479 orationibus
3078 2434 3294 2492 vacent,
3332 2435 3385 2479 et
3413 2427 3635 2480 castita-

2055 2531 2162 2576 tem
2191 2520 2527 2585 custodiant,
2551 2526 2610 2572 ut
2635 2518 2793 2572 bona}
2818 2518 3036 2572 soboles
3061 2528 3411 2587 generentur,
3443 2527 3496 2572 et
3527 2518 3636 2572 Do-

2054 2613 2206 2667 mino
2252 2613 2305 2666 in
2341 2611 2553 2666 actibus
2606 2610 2723 2665 suis
2767 2610 3039 2678 placeant.
3077 2611 3118 2641 “
3149 2609 3356 2665 Taliter
3387 2612 3532 2665 enim
3583 2621 3638 2665 ct

2053 2705 2286 2761 Domino
2312 2703 2624 2774 placebunt,
2657 2711 2710 2757 et
2741 2703 2880 2757 ﬁlios
2906 2718 3016 2756 non
3047 2703 3290 2773 spurios,
3327 2703 3424 2757 sed
3459 2703 3636 2772 legiti-

2053 2813 2175 2852 mos
2200 2807 2364 2867 atque
2393 2796 2792 2852 haereditabiles
2822 2796 3164 2867 generabunt
3188 2796 3251 2848 ¹².
3269 2793 3635 2866 Quapmpter,

2051 2891 2148 2945 lilii
2181 2889 2496 2945 charissimi
2549 2897 2605 2943 et
2653 2889 2852 2943 merito
2897 2888 3162 2953 illustres,
3218 2888 3324 2943 ﬁde
3361 2889 3636 2942 catholica

2052 2983 2406 3053 sull‘ragante,
2434 2981 2506 3035 ita
2540 2992 2760 3051 peracta
2795 2975 3038 3051 legitima
3057 2980 3098 3011 ⁸³
3135 2980 3330 3035 scitote
3361 2994 3482 3034 esse
3503 2995 3638 3034 con-

2050 3076 2241 3131 nubia.
2277 3075 2448 3129 Aliter
2493 3089 2624 3128 vero
2659 3083 3014 3142 praesumpta,
3063 3089 3170 3128 non
3207 3073 3490 3144 coniugia,
3540 3073 3636 3128 sed

2051 3178 2147 3222 aut
2175 3166 2465 3231 adulteria,
2501 3173 2597 3220 aut
2623 3165 3010 3231 contubernia,
3036 3173 3131 3219 aut
3157 3174 3369 3234 stupra,
3411 3165 3496 3219 vel
3523 3163 3636 3219 for-

2047 3259 2374 3319 nicationes,
2411 3257 2762 3327 potiusquam
2798 3256 3040 3326 legitima
3071 3255 3323 3326 coniugia
3357 3270 3479 3310 esse
3525 3271 3631 3308 non

2047 3352 2297 3406 dubitate
2327 3349 2392 3412 “3
2431 3348 2538 3403 nisi
2569 3349 2824 3402 voluntas
2849 3348 2890 3378 ¹⁵
2927 3347 3148 3416 propria
3201 3346 3498 3416 suffragata
3540 3344 3630 3400 fu-

2046 3445 2152 3499 erit
2185 3443 2250 3504 “3,
2285 3451 2340 3496 et
2367 3450 2492 3495 vota
2525 3439 2904 3496 succurrerint
2930 3439 3192 3509 legitima.
3237 3436 3372 3491 Nam
3418 3438 3636 3493 fructus

2045 3536 2267 3590 divinus
2305 3542 2410 3594 est,
2447 3540 2719 3602 praecepta
2754 3530 2939 3585 divina
2966 3531 3268 3586 custodire.
3304 3529 3376 3584 Ea
3410 3545 3631 3600 quoque

2043 3630 2324 3691 deserere,
2381 3625 2874 3695 praesumptionem
2909 3623 3050 3690 tieri,
3087 3623 3221 3678 nulli
3257 3622 3488 3678 dubium
3520 3630 3626 3678 est.

2043 3723 2155 3778 Cur
2178 3736 2310 3792 ergo
2339 3721 2623 3791 indignum
2646 3729 2749 3786 est,
2781 3719 3046 3774 unitatem
3090 3717 3352 3773 Ecclesiae
3380 3717 3629 3773 custodi-

2044 3816 2145 3870 re?
2184 3812 2444 3883 Idemque
2481 3828 2675 3868 omnes
2717 3812 2924 3882 pariter
2950 3819 3006 3866 et
3041 3809 3368 3876 sentiamus,
3402 3818 3459 3864 et
3491 3823 3613 3879 pro-

2045 3907 2386 3964 nuntiemus.
2421 3904 2479 3960 Si
2513 3906 2659 3959 cnim
2695 3905 2851 3959 aliter
2880 3913 3212 3974 prazsumpta
3247 3901 3473 3968 fuerint,
3505 3916 3630 3971 per-

428 3998 450 4028 ‘
486 3996 746 4051 Similiter
777 3998 1113 4053 custoditum
1148 4009 1203 4054 et
1246 4001 1509 4056 traditum
1555 4002 1844 4073 habemus,
1881 4018 1941 4063 ut
1967 4024 2010 4081 ε
2043 4002 2181 4057 dunt
2205 3998 2449 4069 proiecto
2467 3998 2571 4068 ipsi
2593 4006 3033 4068 transgressores
3050 3995 3283 4064 seipsus,
3307 3994 3401 4064 qui
3425 4003 3633 4049 semet-

426 4114 443 4143 ¹
479 4110 538 4165 In
565 4128 668 4194 nis.
701 4112 1262 4194 collectio‘nins_lsi_t_lori
1292 4113 1480 4194 Paris;
1496 4132 1611 4194 _soc.
1645 4117 1772 4194 lesu
1797 4122 1997 4194 desunt
2043 4138 2170 4194 quae
2194 4131 2537 4194 sequuntur;
2566 4124 2616 4169 et
2631 4114 2707 4194 _d_e
2740 4131 2864 4174 non,
2896 4121 3005 4194 etc.
3083 4114 3103 4144 ³
3131 4111 3317 4194 Innoc.
3338 4127 3424 4193 ep.
3453 4111 3628 4194 ιιηιζέ,

353 4182 445 4237 22.
563 4183 583 4213 ³
617 4183 834 4236 instrui.

355 4263 551 4324 quiest.
577 4253 608 4307 5
637 4273 649 4307 :
685 4257 725 4324 ,4
741 4253 864 4306 liter
886 4253 1185 4324 legitimum
1213 4271 1348 4318 non;
1378 4254 1443 4309 Et
1471 4256 1524 4309 in
1556 4256 1710 4314 Decr.
1729 4253 1865 4316 Ἰνοῖ
1885 4265 1976 4320 lib.
2007 4282 2081 4319 VI.

1212 4335 1403 4406 quaest.
1451 4327 1516 4378 5:
1573 4327 1778 4384 Taliter
1801 4333 1947 4406 legit.
1980 4336 2007 4406 ᾗ
2039 4339 2127 4390 Ita
2183 4339 2418 4406 peracta.
2527 4329 2707 4406 ‘_‘_m_s.
2740 4333 3079 4406 generantur.
3154 4327 3234 4406 ιδ’)

1020 4395 1062 4425 ¹⁵
1087 4393 1168 4472 με
1205 4395 1586 4472 libri__ompes
1617 4414 1755 4472 ωδε.
1795 4393 2029 4472 θίλξϋὶίῖ,
2055 4393 2192 4459 θωπί
2215 4401 2504 4472 ϐιιεῑὶῃιο,
2536 4393 2796 4472 Magistro
2827 4403 3062 4472 sentem.
3087 4393 3312 4472 le‘tJISE.
3336 4394 3628 4472 2_8.__lvone

352 4324 375 4354 ’
406 4323 582 4377 detur.
659 4322 703 4353 ¹⁰
734 4325 908 4377 detur.

353 4393 398 4424 “
434 4408 539 4447 ms.
599 4394 938 4448 dubitantur.

992 4326 1032 4354 ιι
1062 4325 1150 4388 50’

946 4184 1086 4263 ‘_9_3,
1111 4185 1355 4239 distinct.
1380 4205 1417 4263 ες
1441 4186 1688 4263 ρὶαςοηὶ,
1717 4193 1807 4263 ᾳμὶ
1841 4199 1996 4263 quasi
2025 4184 2188 4248 oculi.

2297 4190 2318 4221 ⁵
2351 4186 2594 4241 Νθοθίεε.
2623 4187 2711 4250 14,
2749 4200 2816 4238 ex
2844 4184 3094 4238 versione
3138 4181 3405 4250 Dionysii.
3485 4183 3507 4214 ⁶
3535 4181 3626 4248 50,

2161 4263 2180 4294 ⁷
2205 4277 2310 4315 ms.
2342 4259 2596 4327 legitimo.
2674 4255 2696 4285 ⁸
2721 4253 3004 4308 Hincmar.
3030 4255 3092 4306 de
3114 4253 3340 4327 diuortio
3360 4251 3626 4327 Letharii.

2527 4329 2568 4358 η
2604 4341 2707 4379 ms.
2740 4333 3079 4394 generantur.
3154 4325 3335 4394 "gms.
3367 4323 3619 4392 legitime.

351 4463 406 4538 in
445 4459 603 4515 Decr.
639 4472 694 4516 et
724 4461 1029 4538 Pannom.,_
1051 4465 1303 4534 aliisque.
1333 4464 1448 4538 Nec
1471 4467 1669 4522 Contio
1702 4459 2077 4530 credimusad
2113 4473 2352 4528 edictum
2386 4459 2604 4523 Henrici
2629 4459 2698 4531 II,
2729 4482 2850 4538 pag.
2893 4465 2960 4517 14
2995 4475 3050 4519 et
3085 4464 3237 4530 alibi,
3276 4464 3383 4533 legi
3419 4463 3625 4518 dicenti

349 4534 409 4586 in
435 4548 537 4587 suo
567 4549 672 4588 ms.
702 4535 914 4587 etiamsi
947 4535 1284 4590 voluntas....
1319 4575 1332 4589 .

348 4719 384 4773 Γ
424 4647 503 4730 (Ι)
549 4646 932 4718 Supposititiae
967 4648 1171 4706 Contio
1207 4649 1445 4721 aliisque
1475 4654 1708 4711 eruditis
1743 4659 1934 4714 catho-

372 4735 495 4773 lClS.

372 4735 495 4774 ICIS.

537 4788 710 4866 Aliter
747 4790 885 4866 enim
911 4789 1204 4866 legitimum
1249 4809 1352 4846 non
1384 4794 1446 4862 ﬁt
1495 4796 1800 4866 conjugium
1832 4801 1935 4854 nisi

347 4860 412 4936 alr
439 4860 540 4915 his.
571 4859 690 4936 Qua
725 4862 937 4936 ratione
963 4859 1259 4936 '_Evaristus
1291 4859 1393 4917 hac
1424 4859 1677 4930 cpistola'
1700 4883 1934 4936 sequen-

345 4930 496 4984 tibus
538 4931 742 4993 verbis,
779 4931 846 4984 ad
881 4931 1181 5006 legitimum
1221 4936 1632 4990 matrimonium
1683 4930 1928 5006 requirit,

345 5010 408 5054 ut
449 5016 649 5070 sponsa
684 5017 715 5053 a
754 5004 1142 5076 parauymphis
1178 5007 1242 5058 ad
1276 5006 1562 5060 ecclesiam
1613 5004 1933 5076 deducatur,

345 5087 488 5126 uxor
521 5087 644 5125 cum
682 5072 938 5139 precibus
968 5084 1023 5127 et
1055 5075 1428 5129 oblationibus
1463 5093 1490 5130 a
1528 5080 1807 5132 sacerdote
1840 5072 1934 5134 be;

344 5141 648 5208 nedicatur,
682 5152 736 5195 et
765 5151 822 5194 ut
846 5153 1028 5210 postea
1065 5145 1230 5199 biduo
1262 5156 1355 5199 aut
1387 5147 1567 5200 triduo
1599 5160 1790 5204 vacent
1812 5167 1934 5204 ora--

343 5213 505 5287 tioni,
530 5221 660 5278 etc.,
701 5213 891 5266 eadem
926 5215 1140 5269 ratione
1174 5232 1502 5272 consensum
1551 5230 1835 5287 parentum
1867 5223 1933 5275 ad

344 5283 643 5358 legitimum
699 5293 753 5337 et
799 5299 987 5337 verum
1034 5287 1379 5358 connubium
1437 5283 1645 5358 exigit;
1703 5292 1930 5356 scilicet,

386 5354 488 5406 uod
523 5355 574 5406 in
614 5352 733 5407 foro
773 5363 998 5408 externo
1032 5357 1238 5409 licitum
1285 5374 1349 5412 ac
1390 5352 1640 5413 validum
1673 5376 1794 5416 esse
1826 5352 1932 5415 non

342 5369 538 5477 IIebeat
577 5426 854 5477 praesumi.
883 5427 978 5477 sed
1027 5428 1209 5477 potius
1259 5444 1357 5477 nro
1406 5430 1674 5477 adulterio
1724 5433 1929 5477 Imitari-

380 5423 538 5504 ebeat
577 5426 854 5504 praesumi,
883 5427 978 5504 sed
1027 5428 1209 5504 potius
1259 5444 1357 5504 pro
1406 5430 1674 5504 adulterio
1723 5433 1931 5499 haberi,

341 5495 449 5563 nisi
495 5511 619 5548 cum
663 5495 936 5563 przediclis
989 5495 1395 5552 conditionibus
1443 5501 1514 5554 sit
1563 5495 1929 5557 contractum.

341 5562 480 5636 gum
511 5562 680 5634 igitur
705 5565 839 5633 ipsis
868 5567 1135 5622 haereticis
1167 5570 1491 5624 testantibus
1518 5581 1726 5626 certum
1755 5573 1845 5636 sit,
1877 5575 1930 5626 in

341 5630 463 5687 foro
479 5630 864 5713 conscientiae,
898 5637 965 5690 ad
994 5640 1278 5713 veritatem
1323 5650 1376 5692 et
1419 5644 1712 5696 essentiam
1746 5630 1935 5697 matri-

341 5705 513 5756 monii
537 5705 676 5759 duas
701 5707 988 5781 praedictas
1011 5710 1354 5764 conditiones
1377 5728 1482 5765 non
1510 5713 1746 5781 requiri;
1767 5715 1930 5767 etiam

339 5783 548 5853 certum
580 5790 704 5836 esse
728 5775 881 5853 fateri
902 5777 1122 5853 debent,
1147 5782 1290 5847 quod
1310 5775 1612 5853 consensus
1645 5775 1930 5853 parentum

341 5843 409 5900 ad
442 5859 636 5902 verum
680 5848 1090 5903 matrimonium
1131 5843 1562 5908 contrahendum
1601 5843 1708 5910 non
1753 5856 1821 5913 sit
1858 5855 1932 5912 ita

1372 4537 1449 4590 vel
1486 4550 1630 4604 uota,
1675 4551 1781 4596 etc.
1832 4539 2167 4602 Haanumus.

2272 4543 2315 4574 ¹⁶
2345 4555 2450 4595 ms.
2495 4539 2890 4608 suﬂ‘ragaverit.

2040 4658 2406 4722 necessarius,
2452 4653 2629 4724 'quasi
2682 4653 2799 4706 sine
2844 4652 2968 4717 hoc,
3019 4648 3430 4724 matrimonium
3482 4649 3626 4704 inter

2038 4732 2180 4785 duas
2231 4719 2505 4798 personas
2546 4724 2767 4798 habiles
2795 4732 3175 4798 contractum,
3228 4721 3282 4798 in
3330 4719 3452 4798 foro
3494 4735 3627 4774 con-

2039 4791 2283 4856 scientiae
2332 4797 2540 4851 nullum
2591 4794 2681 4848 sit.
2727 4791 3013 4846 Evaristus
3055 4792 3220 4860 igitur
3261 4791 3364 4846 hoc
3403 4791 3625 4846 decreto

2040 4871 2206 4939 hujus
2236 4867 2478 4937 epistol-te
2511 4879 2620 4918 non
2652 4863 2823 4917 voluit
2857 4862 3167 4939 signiﬁcare
3194 4862 3480 4939 praedictas
3507 4877 3626 4939 om:

2037 4932 2137 4996 nes
2175 4932 2516 4994 mnditimtes
2554 4949 2676 4988 esse
2709 4933 3072 4995 necessarias,
3100 4933 3173 4985 ita
3203 4942 3280 4997 ut,
3325 4932 3370 4987 si
3403 4947 3511 4985 una
3541 4933 3625 4987 vel

2039 5012 2208 5066 altera
2233 5009 2395 5074 desit,
2428 5007 2642 5060 irritum
2674 5005 2744 5058 sit
2772 5003 3182 5074 matrimonium
3211 5021 3224 5065 ;
3261 5003 3356 5057 sed
3388 5004 3461 5056 ita
3492 5003 3625 5071 legi-

2039 5083 2233 5135 timum
2266 5095 2388 5134 esse
2435 5075 2772 5146 conjugium,
2806 5074 2850 5128 si
2897 5074 2986 5126 illa
3031 5073 3215 5146 otnuia
3252 5074 3619 5146 adhibentur;

2039 5163 2229 5206 contra
2255 5158 2458 5212 autem,
2495 5142 2718 5201 si'niilla
2770 5159 2958 5197 earum
2993 5142 3235 5198 adhibita
3270 5144 3363 5211 sit,
3396 5154 3450 5198 et
3491 5158 3628 5197 conc-

2034 5223 2246 5292 jugium
2281 5219 2492 5292 occulte
2536 5215 2947 5292 si_ne_t_estibus_,
2987 5224 3041 5292 et
3089 5215 3206 5292 sine
3257 5215 3344 5268 illa
3397 5213 3623 5292 celebri-

2038 5283 2147 5346 tatve
2178 5291 2556 5354 contrahatur,
2584 5287 2888 5356 legitimum
2921 5283 3105 5338 haberi
3142 5300 3248 5338 non
3285 5285 3479 5353 possit,
3512 5300 3621 5339 non

2079 5363 2256 5416 uidem
2290 5363 2344 5415 in
2377 5359 2733 5422 conscientia,
2768 5357 2860 5410 sed
2887 5359 2938 5408 in
2973 5357 3362 5428 l'oro‘extertio,
3397 5365 3451 5409 et
3479 5358 3622 5423 apud

2079 5379 2256 5416 utuem
2290 5379 2344 5415 In
2377 5379 2733 5422 COHSClelllla,
2768 5379 2860 5410 seu
2887 5379 2938 5408 Ill
2973 5379 3090 5408 Iuru
3115 5379 3362 5420 cntum,
3397 5379 3451 5409 CI.
3479 5379 3622 5423 apurl

2037 5379 2362 5496 Ecclesiae),
2386 5445 2507 5499 quae
2540 5431 2606 5484 de
2635 5428 2862 5482 occultis
2887 5442 2993 5480 non
3015 5423 3624 5499 judicat._Conlracluri

2038 5506 2221 5572 itaque
2272 5497 2865 5572 matrimonium,_nou
2929 5513 2996 5550 ex
3057 5497 3381 5572 necessitate
3432 5512 3622 5550 sacra-

2037 5567 2232 5640 menti,
2258 5574 2350 5627 sed
2385 5581 2596 5625 tantum
2623 5586 2690 5623 ex
2725 5570 3029 5640 honestate
3060 5575 3115 5618 et
3147 5567 3368 5634 pietate,
3393 5582 3501 5636 qua
3528 5584 3622 5636 per

2038 5638 2335 5714 legem—Dei
2365 5642 2682 5712 parentibus
2712 5640 2827 5714 suis
2861 5638 3298 5714 obstringugtur,
3331 5649 3618 5714 parentum

2039 5707 2264 5770 su'nrum
2292 5707 2620 5768 consensum
2671 5711 2973 5780 requirant.
3026 5709 3110 5780 lt_a‘
3148 5707 3621 5780 Belial-minusve

2038 5795 2366 5838 sacramento
2397 5776 2873 5847 matrimonii,'lib.
2901 5797 2940 5843 1,
2971 5795 3018 5833 c.
3049 5776 3140 5843 20,
3169 5788 3220 5832 et
3257 5779 3621 5834 communiter

2039 5873 2230 5914 omnes
2263 5855 2597 5922 scholastici,
2636 5853 2781 5909 hunc
2834 5852 3014 5908 locum
3066 5848 3300 5905 Evariin
3349 5851 3617 5920 ittlcrprca
