4142 6396
340 379 475 434 1049
1762 368 2151 425 ΕΡΙδΤΟΙιᾸΞ.
3472 368 3613 426 1050

334 497 485 566 ipsos
515 492 816 563 decipiunt.
844 490 971 545 [hec
991 490 1208 547 cunctis
1234 487 1575 543 “recitanda
1613 500 1709 557 per
1730 502 1922 541 omnes
1942 493 1995 569 Α
2026 502 2123 555 per
2153 487 2382 541 salutem
2422 494 2476 541 et
2520 499 2777 554 spccnem,
2813 504 2832 537 ι
2871 484 3065 555 inquit,
3097 502 3116 535 ι
3150 482 3313 539 dilexi
3356 482 3525 553 illam,
3556 495 3613 545 et

335 585 614 641 Ecclesias
644 582 955 646 Africanas,
982 583 1184 651 scripta
1212 580 1449 649 dirigite,
1485 588 1539 632 et
1573 578 1694 631 istis
1716 591 1918 631 conne-
2019 595 2119 648 pro
2158 579 2279 633 luce
2325 580 2585 649 proposui
2630 579 2830 633 habere
2880 594 3025 642 eam,
3050 578 3311 647 quoniam
3343 577 3611 633 inexstin-

335 679 464 734 ctite
487 692 627 747 quas
669 674 1036 746 adjunximus
1075 674 1291 727 litteras
1334 670 1719 741 prtefectorum
1757 669 1821 734 ¹⁸,
1858 677 1918 721 ut
2020 670 2219 740 guibile
2248 683 2330 725 est
2357 670 2540 724 lumen
2590 669 2710 741 ejus
2742 670 2807 722 ’⁸.
2845 688 2862 719 ›
2896 666 3043 722 Hanc
3090 684 3220 737 ergo
3265 667 3435 725 David
3477 685 3608 739 pro-

335 774 401 827 de
435 771 578 826 bis"
600 785 724 839 quae
753 768 941 837 inique
966 767 1282 831 laudantur,
1308 764 1356 819 si
1389 764 1521 834 quid
1545 764 1656 817 tale
1693 762 1916 833 probari
2018 765 2181 832 pheta
2209 763 2385 817 lucem
2417 762 2760 827 desiderans,
2794 762 2994 817 anxius
3022 764 3341 831 proclamat,
3375 763 3563 818 dicens
3592 782 3604 817 :

334 864 554 935 poterit,
602 861 874 932 judicium
921 860 1033 924 ﬁat,
1069 868 1124 914 et
1164 858 1399 912 inhibita
1447 865 1828 919 coerceantur,
1863 863 1919 910 et
2025 873 2043 905 ι
2077 853 2278 908 Emitte
2320 855 2497 908 lucem
2547 862 2696 908 tuam
2741 861 2795 908 et
2832 854 3114 907 veritatem
3158 862 3308 907 tuam
3339 854 3404 906 ’⁷.
3446 873 3464 905 ›
3500 854 3607 909 lte-

336 955 606 1027 praaterita
634 953 774 1007 mala
809 962 865 1007 et
893 951 1081 1006 illicita
1099 950 1379 1020 conjugia,
1416 950 1463 1003 si
1494 950 1796 1003 doceantur
1821 946 1917 1002 ad-
2018 963 2140 1001 rum
2179 965 2190 1000 :
2229 966 2246 997 ι
2285 945 2346 999 In
2398 946 2604 1001 lumine
2654 955 2747 1000 tuo
2793 946 3099 1000 videbimus
3148 946 3333 1000 lumen
3397 947 3463 1002 ’⁸.
3499 966 3516 997 ι
3551 947 3607 1000 In

334 1045 709 1113 missa,digna
745 1042 1033 1098 severitate
1062 1040 1453 1108 corripiantur.
1472 1036 1764 1091 Decaatero
1786 1048 1915 1089 vero
2017 1039 2186 1110 hujus
2237 1041 2402 1110 igitur
2465 1040 2686 1094 luminis
2735 1039 2981 1093 claritate
3028 1038 3201 1093 Filius
3260 1040 3501 1108 seipsum
3550 1040 3606 1093 in

334 1144 633 1193 caveantur
660 1135 917 1204 taliaper
951 1147 1142 1187 omnes
1187 1131 1483 1193 Ecclesias,
1532 1144 1603 1183 ne
1653 1126 1915 1182 Ecclesia:
2016 1142 2203 1187 monte
2228 1133 2403 1188 tribus
2428 1132 2709 1201 discipulis
2730 1132 3113 1201 praeostendit;
3143 1132 3258 1201 qui,
3292 1140 3435 1186 metu
3458 1148 3607 1186 mor-

336 1227 619 1291 sanctitas,
655 1240 752 1295 per
794 1233 1037 1280 nostram
1073 1220 1295 1291 fatigata
1347 1220 1755 1291 negligentiam,
1791 1233 1915 1289 per-
2017 1226 2087 1280 tis
2117 1225 2414 1295 perterriti,
2438 1226 2810 1295 prostratique
2835 1225 2887 1277 in
2917 1224 3133 1291 faciem,
3159 1226 3262 1279 sibi
3287 1224 3407 1279 vitae
3440 1224 3603 1279 ﬁnem

333 1321 427 1375 dat
466 1319 748 1391 privilegia
781 1332 904 1389 qua:
935 1325 1021 1373 est
1059 1331 1159 1387 per
1189 1316 1343 1371 viros
1393 1313 1738 1370 venerabiles
1771 1327 1908 1368 con-
2015 1319 2206 1375 adesse
2261 1328 2552 1375 senserunt
2586 1320 2652 1371 *9.
2701 1317 2851 1372 lianc
2889 1317 3160 1388 (inquam)
3222 1318 3395 1372 lucem
3448 1318 3501 1370 in
3548 1334 3607 1371 se

332 1425 539 1469 secuta.
2016 1410 2189 1465 fuisse
2236 1410 2620 1465 demonstrans
2669 1407 2839 1463 Filius
2890 1409 3282 1477 proclamabat,
3319 1417 3391 1473 et,
3446 1416 3501 1462 ut
3551 1409 3605 1462 in

402 1506 478 1562 De
502 1506 589 1562 his
622 1520 776 1571 vero,
812 1505 1015 1575 quibus
1042 1506 1109 1560 ab
1133 1503 1547 1559 insidiatoribus
1585 1501 1910 1573 fatigamini,
2015 1504 2203 1559 eadem
2256 1504 2590 1571 incederent,
2619 1503 2918 1573 discipulos
2953 1503 3366 1572 praemonebat:
3410 1520 3428 1551 ε
3465 1500 3603 1554 Cum

331 1600 477 1655 unde
509 1609 564 1654 et
599 1614 703 1654 nos
756 1598 1069 1662 consulere,
1121 1606 1175 1652 et
1229 1612 1259 1651 a
1314 1597 1472 1651 nobis
1504 1595 1722 1651 edoceri
1771 1596 1914 1649 inter
2012 1598 2191 1652 lucem
2243 1596 2476 1660 habetis,
2518 1615 2537 1647 ι
2589 1596 2784 1666 inquit,
2826 1615 2843 1646 ι
2888 1595 3165 1649 ambulate
3210 1594 3265 1647 in
3311 1594 3432 1647 lucc
3474 1593 3532 1648 ³ο,
3581 1613 3599 1644 ι

330 1701 525 1747 uetera
571 1690 849 1756 voluistis,
914 1704 981 1743 eo
1026 1688 1171 1758 quod
1215 1686 1325 1743 sint
1357 1687 1579 1755 quidam
1618 1686 1713 1756 qui
1764 1684 1913 1739 arbi-
2013 1688 2080 1742 Et
2109 1689 2303 1743 iterum
2340 1706 2351 1741 :
2390 1708 2407 1739 ‹
2442 1687 2553 1759 Ego
2580 1704 2699 1742 sum
2733 1688 2822 1741 lux
2850 1687 3013 1756 hujus
3041 1685 3231 1739 mundi
3260 1704 3272 1738 :
3301 1685 3393 1753 qui
3422 1685 3607 1754 sequia

327 1791 546 1840 trantur
585 1783 655 1838 de
684 1782 850 1836 Patre
888 1781 1011 1835 solo
1047 1780 1257 1835 dictum
1294 1794 1417 1834 esse
1451 1778 1550 1849 (3),
1590 1778 1756 1847 (quia
1792 1778 1909 1846 ipse
1943 1835 1983 1849 _
2012 1788 2103 1834 tur
2141 1796 2226 1834 me
2260 1796 2369 1833 non
2406 1781 2651 1833 ambulat
2677 1780 2729 1833 in
2762 1779 3019 1842 tenebris,
3049 1778 3141 1833 sed
3175 1777 3393 1831 habebit
3418 1778 3603 1831 lumen

326 1877 478 1932 solus
512 1876 675 1929 habet
698 1872 1195 1936 immortalitatem,
1221 1880 1277 1926 et
1299 1871 1476 1926 lucem
1508 1869 1718 1923 habitat
1750 1868 1904 1922 inac-
1937 1835 1985 1896 Β
2012 1872 2133 1926 vita:
2163 1880 2377 1926 πίει-ηιξ
2404 1871 2469 1925 ³¹.
2506 1891 2524 1922 ι
2556 1870 2621 1924 Et
2650 1870 2993 1940 Evangelista
3022 1889 3034 1923 :
3070 1889 3086 1921 ι
3120 1868 3249 1923 Erat
3277 1872 3367 1923 lux
3448 1883 3596 1934 vera,

324 1966 635 2022 cessibilem
660 1965 735 2031 ²⁰;
770 1984 789 2016 ›
824 1963 900 2018 ita
931 1980 1028 2018 eos
1043 1962 1361 2033 apostolicis
1387 1962 1660 2031 percutite
1688 1960 1903 2026 ferulis,
2008 1963 2103 2030 ait,
2160 1977 2282 2030 quae.
2334 1962 2607 2016 illuminat
2632 1977 2850 2016 omnem
2890 1962 3167 2015 hominem
3201 1962 3508 2015 venientem
3543 1962 3596 2014 in

323 2066 378 2113 et
409 2058 613 2112 divinis
645 2057 959 2126 redarguite
985 2054 1272 2125 prazceptis
1307 2055 1373 2106 ²¹.
1406 2052 1526 2108 Non
1569 2053 1719 2107 enim
1753 2052 1905 2107 solus
2010 2057 2156 2111 hunc
2189 2056 2451 2111 mundum
2471 2057 2536 2110 3’.
2563 2075 2582 2107 ›
2603 2057 2659 2110 Si
2686 2058 2800 2112 hzec
2829 2057 2943 2124 lux,
2963 2073 3084 2126 qua:
3100 2058 3448 2112 credentibus
3473 2072 3597 2127 pro-

322 2148 486 2203 Pater
517 2151 635 2204 sine
659 2148 800 2203 Filio
834 2149 1011 2203 lucem
1036 2146 1471 2201 inaccessibilem
1508 2144 1903 2213 habitat;quia
2006 2149 2264 2213 mittitur,
2319 2148 2372 2201 in
2428 2147 2567 2202 Filio
2620 2164 2742 2203 esse
2792 2150 3072 2219 probatur,
3124 2158 3176 2203 et
3229 2164 3350 2204 cum
3392 2158 3596 2203 :eterno

321 2245 417 2300 ubi
452 2242 615 2297 Pater
645 2251 751 2307 est,
805 2243 880 2295 ibi
930 2241 1093 2295 etiam
1138 2240 1337 2294 Filium
1378 2253 1501 2293 esse
1551 2238 1901 2293 indubitabili
2005 2252 2207 2295 aeterna
2239 2256 2361 2295 esse
2390 2242 2609 2301 dicitur.
2640 2240 2916 2311 quomodo
2946 2257 2975 2294 a
3010 2241 3166 2295 vobis
3205 2240 3273 2293 ab
3298 2240 3584 2294 inaccessi-

321 2336 427 2391 ﬁde
450 2336 781 2390 credendum
818 2345 923 2390 est.
959 2334 1097 2389 Nam
1140 2335 1186 2389 si
1218 2334 1369 2389 solus
1399 2332 1560 2386 Pater
1594 2332 1711 2386 sine
1736 2330 1896 2395 Filio,
2004 2333 2097 2386 bili
2150 2334 2271 2387 luce
2319 2331 2495 2387 Patris
2536 2332 2708 2388 Filius
2759 2332 3084 2402 separatur?
3124 2331 3181 2386 Si
3207 2333 3353 2388 enim
3400 2331 3591 2399 Filius,

319 2428 467 2497 quod
504 2428 687 2482 dicere
724 2425 881 2482 nefas
914 2437 1033 2496 est,
1077 2428 1253 2481 lucem
1299 2425 1511 2479 habitat
1544 2424 1902 2480 inaccessibi-
2011 2444 2029 2476 ‹
2070 2425 2213 2480 Deus
2258 2443 2421 2481 verus
2467 2436 2521 2481 et
2557 2428 2665 2480 vita
2716 2435 2915 2480 aeterna
2947 2435 3031 2482 est
3059 2426 3125 2491 ³³,
3151 2440 3167 2472 ι
3191 2426 3306 2481 sine
3322 2426 3488 2480 dubio
3536 2426 3590 2478 in

320 2521 446 2584 lem,
473 2533 697 2573 necesse
725 2528 829 2584 est,
867 2528 929 2573 ut
960 2528 1363 2590 sequestratam
1386 2516 1548 2571 Pater
1581 2532 1611 2571 a
1641 2516 1781 2571 Filio
1804 2518 1905 2571 ha-
2005 2519 2107 2573 hac
2148 2520 2268 2573 luce
2316 2519 2479 2573 simul
2511 2534 2634 2574 cum
2668 2519 2829 2573 Patre
2878 2520 3123 2573 habitare
3152 2519 3455 2573 credendus
3487 2527 3594 2583 est,

317 2612 442 2666 beat
466 2611 826 2666 mansionem.
2003 2626 2167 2679 quam
2202 2612 2384 2665 nullus
2414 2612 2577 2665 modo
2608 2621 2882 2675 nostrum,
2918 2611 2971 2664 in
3004 2612 3105 2666 hoc
3131 2611 3342 2665 mortali
3367 2626 3597 2679 corpore

388 2704 541 2770 Quod
573 2707 619 2760 si
646 2706 719 2759 ita
750 2712 854 2770 est,
878 2718 1110 2774 quonam
1136 2704 1299 2758 modo
1328 2703 1469 2757 idem
1496 2702 1670 2757 Filius
1687 2702 1752 2755 ad
1772 2702 1902 2755 dex—
2004 2703 2357 2769 constitutus,
2391 2711 2569 2772 potest
2620 2703 2963 2772 aliquatenus
3013 2703 3258 2757 contueri
3286 2722 3300 2769 ;
3338 2704 3431 2757 sed
3464 2704 3593 2757 dum

316 2806 484 2850 teram
516 2794 692 2850 Patris
717 2805 905 2850 astans
946 2812 976 2851 a
1007 2797 1167 2851 beato
1194 2807 1433 2867 martyre
1464 2794 1740 2864 Stephano
1767 2794 1904 2847 dici-
2004 2795 2341 2861 apparuerit,
2378 2804 2507 2849 tunc
2554 2810 2679 2848 vere
2724 2796 2876 2847 illum
2922 2795 3126 2849 videbit
3171 2795 3331 2849 sicuti
3365 2805 3469 2860 est,
3498 2796 3592 2863 qui

317 2902 406 2940 vur
446 2887 708 2953 conspici,
754 2887 801 2941 si
845 2887 1006 2941 Pater
1043 2888 1338 2943 secundum
1376 2901 1472 2941 eos
1511 2887 1665 2940 solus
1703 2886 1903 2939 dicitur
2002 2886 2123 2953 ejus
2176 2888 2559 2955 conspectibus
2612 2887 2774 2941 fuerit
2814 2888 3011 2957 dignus
3060 2888 3323 2952 coaptari.
3368 2887 3434 2941 Et
3484 2903 3594 2942 non

314 2977 535 3033 sedibus
574 2979 714 3032 lucis
747 2978 1037 3034 contineri.
1069 2979 1226 3033 Absit
1262 2980 1369 3033 hoc
1399 2993 1432 3032 a
1468 2994 1632 3032 sensu
1660 2977 1900 3032 ﬁdelium
2003 2975 2147 3031 sicut
2197 2976 2409 3048 Moyses
2442 2979 2733 3048 czeterique
2776 2980 3054 3049 prophetae
3107 2995 3201 3048 per
3226 2981 3514 3050 aenigmata
3541 2988 3596 3036 et

296 3070 534 3146 ‘Christo
587 3070 645 3125 in
703 3070 910 3124 unitate
958 3071 1081 3125 ﬁdei
1124 3071 1556 3136 adhzerentium;
1614 3071 1898 3139 quoniam,
2004 3068 2256 3136 figuram,
2298 3070 2389 3123 sed
2430 3071 2603 3139 ipsam
2657 3072 2924 3125 veraciter
2971 3073 3025 3124 in
3084 3072 3243 3137 Filio,
3289 3072 3592 3128 secundum

314 3164 458 3218 sicut
484 3179 590 3218 non
623 3164 781 3219 obest
824 3162 984 3229 Filio,
1034 3180 1157 3219 cum
1207 3165 1359 3219 solus
1398 3164 1598 3218 dicitur
1624 3163 1786 3217 Pater
1814 3164 1899 3217 lu~
1926 3182 1968 3242 C
2003 3162 2345 3230 Apostolum,
2383 3164 2730 3219 contuebitur
2771 3165 2989 3219 deitatis
3025 3166 3339 3236 imaginem.
3376 3166 3512 3221 Nam
3541 3170 3589 3223 si

312 3271 427 3310 cem
463 3255 898 3311 inaccessibilem
951 3258 1221 3325 habitare,
1273 3259 1345 3312 ita
1397 3272 1506 3312 non
1541 3259 1696 3313 obest
1724 3257 1894 3323 Patri,
2002 3251 2145 3306 hunc
2174 3254 2536 3325 cumdemque
2570 3258 2844 3326 prophetae
2872 3260 2973 3313 sub
3010 3260 3342 3325 testimonio,
3387 3262 3589 3315 subse-

312 3364 437 3402 cum
470 3348 769 3418 Sapientia,
802 3365 924 3419 qua;
956 3359 1039 3405 est
1077 3350 1270 3416 Filius,
1303 3351 1504 3405 dicitur
1539 3367 1731 3422 gyrum
1772 3351 1896 3405 coeli
1998 3354 2197 3414 quente
2235 3360 2430 3402 sereno
2461 3350 2658 3403 mentis
2707 3351 2927 3415 intuitu,
2963 3351 3289 3421 investigare
3322 3354 3584 3419 volueris,

313 3442 428 3496 sola
458 3442 710 3496 circuire.
739 3440 899 3495 Pater
931 3443 1134 3512 itaque,
1164 3458 1285 3496 cum
1314 3443 1383 3497 sit
1413 3444 1705 3497 invisibilis
1736 3451 1788 3496 et
1813 3443 1897 3496 in-
1997 3437 2242 3491 invenies
2272 3436 2471 3491 Filium
2510 3454 2614 3492 non
2655 3455 2816 3508 posse
2845 3442 2913 3495 ab
2946 3442 3047 3497 hac
3079 3444 3197 3497 luce
3227 3445 3402 3498 Patris
3436 3448 3587 3513 peni-

313 3534 530 3602 genitus
580 3534 633 3586 in
696 3549 774 3600 se,
822 3536 877 3587 in
915 3532 1055 3588 Filio
1093 3535 1245 3589 visus
1298 3536 1532 3604 apostoli
1582 3535 1895 3590 testimonio
1999 3534 2085 3582 tus
2116 3530 2392 3597 separari;
2426 3531 2685 3599 quoniam
2716 3548 2841 3586 cum
2870 3534 3044 3588 solum
3080 3532 3278 3588 Filium
3303 3535 3501 3589 dixerit
3530 3537 3585 3590 in

310 3628 719 3696 comprobatur,
744 3636 798 3682 et
828 3629 882 3681 in
909 3626 1067 3693 Filio,
1091 3644 1121 3681 a
1149 3644 1208 3683 se
1236 3629 1671 3683 inenarrabiliter
1690 3629 1891 3697 genito,
1996 3628 2136 3672 V-‘ﬂ‘a
2172 3635 2298 3673 cum
2329 3620 2645 3675 hominibus
2681 3633 3089 3689 οοιινθνδίιιυῐῐι,
3118 3624 3332 3679 Patrem
3367 3626 3435 3679 ab
3466 3627 3582 3693 illo.

310 3720 583 3775 mansisse
617 3733 682 3775 ac
720 3719 1058 3790 mqujevisse
1106 3729 1465 3785 monstratur,
1502 3721 1622 3788 ipso
1658 3718 1796 3773 Filio
1838 3720 1893 3773 in
1996 3727 2102 3764 non
2156 3720 2239 3766 est
2287 3714 2616 3768 credendum
2650 3715 2763 3769 ﬁeri
2806 3717 3065 3770 alienum.
3112 3736 3129 3768 ι
3168 3717 3211 3749 ³⁸
3244 3716 3298 3771 Si
3336 3719 3584 3774 testimo-

310 3812 578 3881 propheta
621 3813 878 3882 loquente
917 3832 931 3866 ε
974 3831 992 3863 ι
1035 3813 1139 3878 Qui
1171 3829 1258 3868 me
1288 3814 1492 3883 genuit,
1526 3812 1793 3882 requievit
1837 3812 1893 3865 in
1995 3804 2145 3858 nium
2197 3805 2344 3859 enim
2394 3806 2674 3861 hominum
2711 3810 3029 3878 accipimus,
3073 3811 3446 3866 testimonium
3484 3811 3580 3865 Dei

312 3902 661 3959 tabernaculo
692 3920 816 3958 meo
842 3905 907 3958 η,
940 3922 959 3955 )
997 3904 1061 3958 Ei,
1112 3905 1164 3958 in
1212 3903 1504 3975 Evangelia
1538 3924 1552 3959 ε
1590 3923 1609 3955 ι
1640 3904 1803 3958 Pater
1838 3904 1892 3957 in
1995 3896 2171 3965 majus
2213 3908 2315 3952 est.
2344 3897 2612 3964 Quoniam
2650 3901 2754 3956 hoc
2792 3911 2876 3956 est
2911 3902 3281 3957 testimonium
3313 3902 3404 3957 Dei
3433 3904 3579 3972 quod

311 4007 399 4045 me
430 4007 676 4059 manens,
711 3992 840 4047 facit
867 4009 1032 4063 opera
1056 3993 1172 4048 hagc
1194 3994 1259 4047 *3.
1295 4014 1313 4047 ι
1342 3993 1406 4048 Ει
1440 4013 1452 4047 ε
1484 4013 1503 4045 ‹
1532 3994 1703 4049 Deum
1728 4008 1892 4048 nemo
1995 3989 2171 4058 majus
2212 4000 2313 4056 est,
2348 3991 2476 4059 quia
2522 3992 2843 4048 testiﬁcatus
2887 4003 2969 4049 est
3016 3996 3082 4049 de
3128 3994 3266 4050 Filio
3316 4010 3438 4050 suo.
3474 3994 3580 4062 Qui

310 4082 445 4137 vidit
490 4100 756 4154 unquam,
809 4086 915 4141 nisi
962 4087 1278 4157 unigenitus
1321 4086 1517 4152 Filius,
1562 4088 1655 4157 qui
1708 4096 1793 4142 est
1836 4086 1891 4139 in
1992 4086 2161 4140 credit
2217 4087 2272 4139 in
2319 4085 2517 4140 Filium
2572 4087 2703 4155 Dei,
2760 4089 2925 4143 habet
2961 4090 3331 4144 testimonium
3380 4089 3473 4144 Dei
3523 4091 3581 4145 in

311 4177 433 4230 sinu
466 4172 643 4231 Patris
668 4175 732 4229 ίδ.
767 4196 787 4228 ι
823 4175 881 4230 Si
909 4177 1054 4232 enim
1105 4178 1160 4231 in
1200 4178 1322 4233 sinu
1356 4177 1534 4233 Patris
1571 4186 1690 4232 erat
1720 4176 1891 4232 Filius
1992 4192 2071 4231 se.
2104 4176 2208 4242 Qui
2238 4192 2349 4232 non
2381 4180 2555 4234 credit
2583 4180 2637 4233 in
2669 4178 2890 4247 Filium,
2924 4182 3239 4236 mendacem
3274 4181 3574 4247 faciteum,

308 4266 380 4319 ab
402 4266 580 4332 initio,
612 4277 667 4322 et
693 4284 759 4323 ex
781 4270 944 4324 corde
982 4268 1160 4325 Patris
1190 4271 1416 4325 verbum
1444 4270 1648 4325 bonum
1675 4281 1893 4325 eructa-
1991 4270 2121 4339 quia
2164 4286 2273 4324 non
2316 4273 2490 4328 credit
2534 4274 2589 4326 in
2626 4273 3019 4339 testimonium,
3060 4276 3205 4345 quod
3255 4276 3581 4329 testiﬁcatus

310 4366 427 4411 tum
459 4368 559 4425 est,
593 4361 869 4429 quomodo
894 4376 1003 4415 non
1035 4362 1091 4415 in
1114 4362 1278 4416 corde
1308 4370 1537 4431 paterno
1563 4362 1888 4428 consistens,
1990 4372 2071 4417 est
2111 4361 2251 4419 Deus
2294 4365 2361 4419 de
2400 4364 2540 4419 Filio
2593 4382 2716 4421 suo.
2763 4366 2829 4421 Et
2883 4367 2988 4423 hoc
3039 4378 3124 4423 est
3180 4369 3576 4435 testimonium,

310 4447 483 4504 lucem
515 4466 640 4505 cum
675 4452 865 4506 eodem
901 4454 1332 4509 inaccessibilem
1355 4454 1632 4508 habitasse
1661 4456 1889 4509 creden-
1990 4455 2251 4523 quoniam
2299 4458 2464 4509 vitam
2492 4466 2751 4512 aeternam
2802 4458 2949 4512 dedit
2994 4458 3150 4512 nobis
3184 4456 3348 4524 Deus,
3379 4468 3433 4511 et
3464 4458 3581 4512 hate

306 4542 409 4598 dus
449 4546 573 4599 est?
596 4543 854 4615 Nunquid
886 4545 1048 4601 Pater
1078 4547 1285 4616 absque
1325 4546 1434 4601 ulla
1485 4547 1605 4601 luce
1647 4548 1703 4601 in
1751 4547 1890 4603 Filio
1924 4541 1964 4595 Ι)
1996 4546 2102 4599 vita
2135 4556 2218 4601 est
2251 4548 2304 4601 in
2339 4548 2477 4603 Filio
2509 4549 2645 4619 ejus.
2684 4549 2787 4616 Qui
2832 4550 2995 4605 habet
3042 4549 3264 4615 Filium,
3306 4551 3467 4604 habet
3490 4551 3579 4603 φὶ·-

307 4636 482 4704 potuit
510 4652 881 4707 commanere,
913 4649 1009 4694 ant
1033 4640 1086 4693 in
1117 4640 1465 4695 tabernaculo
1495 4639 1621 4695 Filii
1645 4640 1763 4696 sine
1793 4655 1887 4695 ea-
1996 4649 2139 4704 tam;
2171 4641 2263 4709 qui
2297 4656 2404 4693 non
2436 4642 2596 4695 habet
2624 4641 2820 4695 Filium
2855 4641 2971 4706 Dei,
3017 4657 3131 4695 non
3182 4642 3344 4696 habet
3386 4643 3573 4696 vitam.

306 4728 429 4783 dem
468 4731 1048 4801 potuitjrequiescere,
1094 4747 1218 4786 eum
1251 4733 1392 4787 idem
1426 4732 1597 4787 Filius
1628 4752 1647 4782 σ
1683 4734 1888 4787 candor
1996 4733 2118 4789 llaec
2149 4734 2330 4789 scribo
2359 4735 2534 4799 vobis,
2568 4743 2628 4788 ut
2666 4734 2875 4799 sciatis,
2909 4736 3168 4802 quoniam
3208 4735 3371 4788 vitam
3408 4735 3578 4788 habe-

307 4822 605 4877 sitarternae
624 4824 782 4890 lucis,
801 4833 854 4878 et
869 4826 1148 4893 Speculum
1168 4826 1285 4880 sine
1311 4826 1526 4881 macula
1550 4824 1877 4880 deitatis."i
1993 4825 2062 4879 tis
2095 4834 2355 4879 aeternam
2381 4826 2474 4895 qui
2499 4825 2718 4879 creditis
2743 4825 2795 4878 in
2824 4826 3044 4878 nomine
3067 4824 3189 4877 Filii
3216 4824 3330 4877 Dei.
3361 4824 3425 4878 Et
3457 4825 3575 4880 haec

308 4912 565 4968 Salomon
598 4931 929 4985 superquam
968 4916 1197 4970 salutem
1230 4931 1386 4970 suam
1424 4916 1680 4971 dilexisse
1710 4932 1771 4970 se
1801 4916 1886 4970 di-
1990 4926 2070 4971 est
2094 4916 2293 4971 ﬁducia
2316 4933 2481 4986 quam
2510 4917 2774 4972 habemus
2798 4916 2863 4970 ad
2888 4931 3034 4980 eum,
3054 4917 3181 4984 quia
3206 4915 3575 4986 quodcunque

304 5005 396 5070 cit,
423 5005 477 5058 in
505 5004 664 5075 cujus
708 5006 887 5075 specie
912 5021 1127 5075 semper
1148 5006 1405 5061 delectari
1441 5007 1697 5078 gestivit?
1725 5026 1743 5057 ι
1777 5005 1885 5061 Su-
1994 5009 2309 5078 petierimus
2354 5009 2658 5063 secundum
2699 5009 3031 5063 voluntatem
3077 5009 3218 5078 ejus,
3263 5009 3416 5062 audit
3448 5023 3568 5073 nos,

376 5163 416 5193 ³⁷
465 5162 650 5249 Ιηρρίι.
674 5180 762 5234 ep.
804 5166 867 5218 12
894 5178 962 5219 αα
992 5166 1267 5249 aurelium
1292 5166 1549 5249 Carthag.
1585 5182 1671 5235 ep.
1709 5168 1812 5223 sub
1844 5168 2003 5249 ﬁnem
2029 5189 2041 5223 :
2072 5190 2089 5221 ι
2120 5169 2277 5249 Unde
2302 5170 2693 5249 plagiimel'ito
2725 5186 2930 5249 arguas;
2954 5167 3306 5249 Mercatorem
3331 5210 3346 5235 ,
3374 5186 3570 5249 eumve

301 5248 466 5307 aquo
499 5235 722 5307 delusus
750 5246 919 5307 est.)
1003 5237 1045 5268 ιδ
1077 5237 1446 5307 prophetarum
1498 5235 1550 5290 in
1595 5254 1685 5307 qq.
1718 5254 1800 5293 cc.
1880 5241 1921 5271 ¹⁹
1954 5256 2060 5295 nis.
2091 5242 2227 5295 unde
2259 5235 2361 5294 Ιιῖδ.
2398 5235 2484 5271 ’⁸ο
2518 5240 2537 5293 Ι
2568 5239 2710 5294 Tim.
2743 5235 2817 5304 \‘I',
2867 5239 2952 5294 16.
3031 5241 3071 5270 ²¹
3120 5240 3285 5293 lthac.
3320 5241 3387 5293 ad
3424 5257 3564 5293 vers.

302 5302 597 5380 liviar._66.
673 5304 919 5380 "_Eccli.
953 5377 980 5380 _
1018 5302 1288 5373 xx'Iv,'12.
1377 5307 1443 5380 "3
1480 5302 1664 5380 Joan:
1690 5324 1801 5373 xlv,
1855 5309 1938 5365 10.

1931 5351 1944 5365 .
2050 5312 2095 5342 ’⁸
2129 5310 2288 5366 Joan.
2340 5327 2377 5376 l,
2428 5311 2515 5364 18.
2614 5312 2659 5341 ³³
2693 5302 2821 5380 Sap.
2882 5327 2975 5374 VII,
3025 5310 3113 5364 25.
3192 5311 3236 5340 ’θ
3263 5308 3419 5380 1ὺίι1.,
3481 5311 3563 5364 10.

300 5376 344 5406 ²⁴¹
371 5373 514 5445 Psal.
543 5391 674 5439 XLII,
713 5377 765 5429 5.
872 5379 920 5409 ³⁸
952 5377 1096 5432 Psal.
1140 5394 1303 5443 xxxv,
1335 5377 1420 5431 10.
1501 5380 1545 5411 ²⁹
1580 5378 1771 5432 Matth.
1826 5395 1956 5435 xvn.
2036 5383 2079 5413 ⁸ο
2106 5382 2264 5436 Joan.
2296 5373 2394 5445 Xli,
2447 5381 2535 5435 55.
2614 5382 2655 5412 ³¹
2679 5373 2837 5435 Joan.
2866 5373 2981 5443 VIII,
3016 5380 3098 5433 12.
3180 5382 3222 5411 θ’
3251 5377 3408 5434 Joan.
3444 5397 3481 5445 I,
3508 5382 3564 5434 9.

300 5446 345 5476 ³³
372 5443 570 5499 lJoan.
596 5462 648 5510 ν,
674 5447 765 5501 20.
844 5447 890 5478 ⁸⁸
913 5446 1189 5503 Hactenus
1220 5450 1383 5502 verba
1411 5449 1683 5517 ipsissilna
1714 5465 1857 5517 resp.
1896 5449 2085 5507 lthacii
2127 5454 2243 5506 sive
2280 5443 2440 5506 ldacii
2490 5452 2637 5505 Clari
2687 5453 2949 5507 adversus
2982 5451 3358 5505 Warimadum
3408 5443 3563 5504 Aria-

299 5531 454 5581 num,
477 5517 568 5569 cui
604 5518 907 5573 fabricator
946 5520 1111 5589 hujus
1150 5519 1396 5589 epistola:
1417 5520 1672 5574 laciniam
1706 5535 1804 5590 pro
1836 5522 1987 5577 more
2018 5524 2211 5578 auexit
2240 5540 2307 5577 ex
2332 5538 2418 5592 ep.
2447 5520 2644 5576 lJoan.
2670 5540 2721 5576 ν.

298 5678 503 5725 tantur.
542 5670 823 5750 ὃθεν-..ΒΨ
862 5702 931 5712 --—
972 5673 1048 5729 De
1080 5676 1185 5750 hoc
1206 5677 1359 5750 loco,
1395 5678 1487 5750 qui
1531 5690 1675 5750 certe
1707 5679 1871 5733 lubri.
1985 5682 2097 5733 solo
2136 5681 2337 5733 dictum
2380 5697 2512 5735 esse.
2558 5679 2867 5747 Basilidem,
2902 5680 3280 5747 Saturninum,
3316 5682 3562 5750 aliosque

295 5755 403 5824 cus
436 5751 554 5822 est,
590 5741 731 5824 .vide
772 5745 921 5798 decr.
969 5747 1167 5802 concil.
1205 5741 1354 5803 Trid.
1400 5741 1480 5802 De
1504 5747 1875 5817 reformatione
1983 5752 2102 5824 ejus
2128 5761 2436 5824 sectatores
2470 5752 2754 5824 intelligit;
2793 5741 2862 5804 de
2885 5753 3085 5824 quibus
3116 5741 3381 5824 Baronius
3415 5741 3561 5807 anno

295 5819 644 5893 "intr‘inmnii.
723 5889 729 5893 _
918 5890 926 5893 Α
956 5890 964 5893 _
1176 5892 1181 5893 γ
1306 5890 1346 5893 μ
1635 5892 1639 5893 ν
1731 5890 1750 5893 Α
1986 5820 2199 5875 Domini
2237 5822 2340 5873 1:20
2363 5863 2377 5884 ,
2430 5837 2584 5875 num.
2619 5819 2672 5887 5,
2707 5830 2761 5893 ct
2793 5821 3182 5890 sequentibus,
3218 5825 3307 5876 ubi
3344 5823 3563 5893 impura

372 5881 449 5951 (5)
490 5880 644 5947 Quod
687 5889 791 5939 sint
840 5890 1051 5955 quidam
1096 5892 1183 5960 qui
1234 5890 1562 5945 arbitr-mum
1608 5892 1669 5947 dc
1717 5890 1875 5946 Pmrr
1984 5901 2031 5946 et
2070 5880 2457 5949 scelestis-sima,
2492 5880 2679 5947 eorum
2716 5880 2964 5962 dognfata
3000 5880 3263 5949 recenset.
3304 5893 3375 5948 lu.
