4142 6384
577 379 709 435 1051

1936 356 2259 417 EVARISTI
2297 352 2499 411 ΡΑΡᾹΞ

3695 347 3834 403 1052

572 499 641 555 Ει
688 499 896 555 scimus
938 496 1067 564 quia
1112 492 1266 549 audit
1312 507 1434 557 nos,
1482 486 1746 560 quidquid
1797 483 2112 555 petierimus
2136 524 2150 546 ,
2186 482 2229 538 Α
2256 488 2421 528 causa
2457 470 2771 540 conjungat.
2801 466 2869 564 Et
2904 467 3047 564 sicut
3077 466 3233 564 uxori
3269 480 3379 522 non
3408 463 3536 522 licet
3560 465 3834 564 dimittere

571 592 779 646 scimus
802 588 1061 659 quoniam
1114 585 1379 640 habemus
1407 583 1695 655 petitiones
1729 596 1867 650 quas
1907 580 2151 649 postula-

570 697 695 735 mus
719 681 787 734 ab
816 694 901 733 eo.
935 676 1039 743 Qui
1086 677 1189 732 scit
1232 674 1454 730 fratrem
1504 688 1665 729 suum
1701 685 1929 742 peccare
1958 686 2151 740 pecca-

570 780 683 823 tum
712 786 819 825 non
855 768 921 823 ad
954 776 1208 831 mortem,
1241 774 1408 836 petat,
1447 772 1501 820 et
1541 764 1759 819 dabitur
1784 762 1833 816 ei
1875 763 1983 816 vita
2023 778 2149 833 pec-

568 860 711 915 canti
744 875 852 914 non
900 859 964 913 ad
1001 866 1253 912 mortem.
1300 855 1395 911 Est
1437 862 1719 925 peccatum
1768 855 1836 909 ad
1880 863 2142 920 mortem;

568 968 676 1006 non
718 967 817 1021 pro
857 952 950 1006 illo
995 950 1137 1016 dico,
1172 959 1232 1004 ut
1272 958 1425 1019 roget
1463 949 1609 1019 quis.
1665 948 1854 1002 Umni‘s
1887 947 2149 1017 iniquitas

567 1052 850 1112 peccatum
882 1051 985 1107 est,
1012 1051 1065 1096 et
1087 1051 1171 1096 cst
1218 1049 1499 1111 peccatum
1550 1039 1617 1094 ad
1649 1047 1899 1094 mortem.
1930 1038 2148 1093 Scimus

566 1135 694 1204 quia
729 1136 909 1188 omnis
932 1134 1023 1203 qui
1061 1143 1221 1189 natus
1264 1142 1349 1189 est
1392 1149 1454 1189 ex
1490 1132 1618 1197 Deo,
1653 1148 1763 1187 non
1811 1141 2019 1202 peccat,
2054 1133 2147 1187 sed

567 1227 845 1297 generatio
874 1226 968 1280 Dei
992 1234 1282 1282 conservat
1312 1241 1461 1291 eum,
1492 1234 1548 1281 et
1575 1225 1847 1295 malignus
1886 1240 1992 1279 non
2024 1234 2147 1279 tan-

567 1319 644 1388 git
671 1334 816 1375 eum.
859 1318 1078 1374 Scimus
1107 1320 1365 1389 quoniam
1410 1333 1477 1374 ex
1515 1318 1629 1374 Deo
1658 1334 1870 1385 sumus,
1897 1327 1951 1373 et
1984 1333 2149 1373 mun-

566 1410 671 1465 dus
706 1420 852 1466 totus
898 1411 952 1464 in
1006 1410 1246 1481 maligno
1286 1410 1498 1480 positus
1526 1418 1627 1465 est.
1672 1409 1739 1464 Et
1776 1410 1981 1466 scimus
2010 1426 2149 1480 quo-

568 1504 715 1557 niam
747 1501 921 1558 Filius
947 1501 1042 1556 Dei
1071 1503 1218 1556 venit
1246 1511 1301 1557 et
1328 1502 1477 1557 dedit
1505 1502 1663 1557 nobis
1699 1519 1941 1570 sensum,
1972 1512 2030 1558 ut
2057 1518 2151 1559 co-

568 1610 902 1665 gnoscamus
941 1610 1132 1650 verum
1182 1593 1376 1661 Deum,
1424 1605 1478 1650 et
1532 1596 1706 1654 simus
1740 1596 1793 1650 in
1836 1611 1965 1652 vero
2013 1596 2150 1653 Filio

563 1687 705 1757 ejus.
736 1685 837 1742 Hic
859 1696 942 1743 est
966 1702 1128 1741 verus
1165 1684 1309 1741 Deus
1343 1698 1398 1742 et
1425 1694 1534 1741 vrta
1565 1696 1787 1742 aeterna.
1820 1706 1839 1739 ι
1870 1687 2013 1755 Haec,
2039 1687 2150 1743 fra-

566 1788 698 1846 tres,
748 1780 1056 1849 prazdicate,
1088 1780 1204 1835 haec
1246 1780 1503 1837 omnibus
1546 1782 1812 1837 nuntiate.
1858 1780 1965 1838 Vos
2019 1797 2147 1836 vero

565 1872 797 1927 invicem
843 1871 1241 1939 exhortamini,
1288 1872 1514 1942 perfecti
1561 1881 1771 1941 estote,
1822 1888 2146 1943 semperque

564 1964 834 2035 gaudete;
868 1980 1055 2035 pacem
1080 1972 1262 2019 autem
1288 1964 1575 2020 sectamini
1604 1966 1657 2020 in
1686 1982 1896 2035 omnes,
1920 1976 1974 2021 et
2003 1965 2146 2023 Deus

562 2058 715 2127 pacis
762 2067 816 2111 et
866 2057 1172 2112 dilectionis
1202 2058 1305 2113 erit
1336 2058 1651 2123 vobiscum,
1700 2057 1812 2112 Deo
1861 2070 2043 2115 autem
2092 2069 2147 2116 et

560 2146 708 2203 Patri
740 2156 930 2203 nostro
956 2150 1129 2221 gloria
1156 2152 1210 2205 in
1245 2151 1444 2207 sarcula
1470 2152 1817 2207 saeculorum.
1841 2152 2031 2207 Amen.

633 2240 765 2297 Data
795 2259 850 2296 Ix
882 2243 1157 2299 Kalendas
1195 2244 1418 2314 Aprilis,
1451 2244 1676 2301 Valente
1705 2254 1759 2300 et
1786 2244 1980 2300 Vetere
2011 2244 2144 2301 viris

560 2329 883 2386 clarissimis
905 2345 1055 2387 coss.
1080 2330 1147 2387 ⁸⁵.

1128 2465 1469 2523 EPISTOLA
1517 2467 1582 2523 ll.

559 2557 638 2613 De
662 2560 919 2629 episcopis
947 2561 1151 2629 ejectis,
1177 2571 1227 2615 et
1256 2562 1379 2616 aliis
1432 2561 1547 2615 loco
1590 2578 1772 2617 eorum
1818 2563 2141 2631 substitutis,

633 2634 738 2696 vel,
772 2641 829 2686 ut
855 2632 1017 2703 habe_t
1045 2648 1148 2687 ms.
1192 2631 1335 2687 Just.
1364 2652 1375 2686 :
1408 2632 1562 2699 Quod
1592 2631 1837 2687 Christus
1878 2635 1947 2687 sit
1986 2644 2144 2703 caput

628 2712 677 2755 et
708 2718 929 2774 sponsus
960 2701 1232 2769 Ecclesiae,
1261 2714 1310 2756 et
1336 2704 1632 2757 sacerdotes
1662 2706 1752 2774 qui
1782 2705 1895 2772 ejus
1933 2701 2143 2759 vice’le-

630 2774 838 2842 gatione
882 2772 1202 2843 funguntur,
1251 2774 1498 2843 similiter
1553 2772 1957 2829 sint‘Ecclesiis
1985 2776 2093 2829 suis
2124 2790 2142 2827 :

626 2852 677 2896 et
707 2843 937 2912 qualiter
959 2842 1255 2898 sacerdotes
1290 2861 1415 2898 suas
1450 2842 1715 2900 Ecclesias
1757 2854 1805 2899 et
1831 2862 2012 2899 eorum
2039 2844 2145 2899 Ec-

630 2913 806 2968 clesia:
833 2931 919 2968 eos
948 2914 1168 2968 debeant
1190 2915 1427 2985 diligere.

632 3026 938 3096 Evaristus,
976 3030 1132 3085 urbis
1159 3028 1349 3084 Romae
1391 3030 1713 3099 episcopus,
1762 3033 2020 3088 omnibus
2046 3046 2144 3102 per

560 3117 855 3192 Egyptum
878 3121 1111 3178 Domino
1127 3122 1518 3193 conglutinatis
1537 3123 1796 3179 fratribus
1814 3124 1868 3178 in
1886 3122 2139 3192 Domino,

559 3214 817 3271 salutem.

632 3305 814 3363 Unum
839 3325 961 3377 nos,
987 3308 1206 3377 fratres,
1232 3312 1279 3345 ³⁸
1300 3312 1503 3369 sentire
1524 3321 1739 3383 oportet
1768 3322 1824 3369 et
1851 3329 2031 3385 agere,
2060 3324 2140 3382 ut,

559 3401 702 3456 sicut
743 3402 975 3472 legimus
1002 3404 1068 3465 ³⁷.
1098 3405 1151 3459 in
1180 3405 1341 3462 nobis
1380 3421 1551 3461 unum
1600 3421 1698 3463 cor
1733 3416 1789 3463 et
1823 3423 1930 3462 una
1961 3408 2144 3463 anima

554 3508 679 3549 esse
708 3494 991 3563 probetur.
1022 3496 1240 3553 Scimus
1281 3513 1539 3569 namque,
1568 3500 1712 3556 sicut
1741 3509 1795 3555 et
1827 3516 1859 3555 a
1893 3502 2143 3571 patribus

558 3587 891 3656 accepimus,
917 3588 1198 3645 Christum
1222 3605 1345 3647 esse
1387 3600 1571 3662 caput,
1607 3594 1767 3665 cujus
1807 3603 1862 3650 et
1898 3596 2145 3651 membra

558 3692 771 3733 sumus.
808 3678 928 3749 Ipse
972 3682 1118 3736 enim
1160 3690 1245 3737 est
1285 3698 1543 3753 sponsus,
1568 3694 1624 3739 et
1653 3686 1897 3742 Ecclesia
1920 3702 2141 3758 sponsa,

557 3768 716 3839 cujus
744 3770 839 3824 lilii
874 3787 973 3827 nos
1001 3788 1232 3830 sumus:
1260 3784 1315 3829 et
1345 3775 1467 3831 ideo
1508 3792 1681 3831 unum
1716 3776 1934 3833 Patrem
1978 3781 2145 3838 habe-

558 3876 683 3915 mus
718 3860 886 3915 Deum
924 3863 977 3917 in
1012 3866 1187 3920 cmlis.
1241 3866 1567 3923 Sacerdotes
1612 3884 1744 3924 vero
1789 3870 1906 3924 vice
1938 3870 2144 3927 Christi

559 3950 831 4021 legatione
865 3954 910 3985 ³⁸
943 3953 1246 4025 funguntur
1278 3958 1334 4011 in
1368 3956 1633 4013 Ecclesia.
1671 3958 1738 4013 Et
1779 3961 1922 4016 sicut
1962 3962 2010 4016 ei
2044 3978 2144 4018 sua

558 4044 853 4113 conjuncta
888 4055 973 4102 est
1005 4063 1226 4118 sponsa,
1256 4050 1308 4105 id
1332 4060 1417 4106 est
1448 4050 1690 4107 Ecclesia
1725 4054 1791 4121 ”,
1822 4055 1902 4109 sic
1932 4055 2145 4124 episco-

558 4135 646 4204 pis
662 4136 971 4207 junguntur
992 4138 1270 4209 Ecclesiae,
1294 4144 1589 4214 unicuique
1620 4160 1717 4215 pro
1742 4147 1992 4215 portione
2021 4165 2142 4205 sua.

560 4226 630 4281 Et
660 4229 802 4284 sicut
829 4232 914 4285 vir
946 4247 1055 4287 non
1085 4234 1243 4289 debet
1274 4236 1546 4307 negligere
1577 4248 1803 4294 uxorem
1837 4254 2014 4307 suam,
2049 4240 2145 4296 sed

560 4318 785 4391 diligere
813 4329 868 4376 et
888 4332 1038 4378 caste
1060 4325 1336 4381 custodire
1364 4336 1418 4382 et
1449 4343 1635 4384 amare
1664 4339 1827 4401 atque
1849 4331 2145 4401 prudenter

562 4427 751 4483 regere
783 4432 796 4468 :
831 4415 910 4470 sic
952 4418 1243 4487 episcopus
1271 4428 1327 4474 et
1358 4422 1531 4477 multo
1572 4424 1745 4494 magis
1784 4426 2061 4481 custodire
2088 4435 2144 4482 et

562 4518 750 4559 amare
790 4513 955 4577 atque
988 4509 1281 4578 prudenter
1311 4527 1499 4583 regere
1529 4514 1689 4570 debet
1718 4514 2039 4573 Ecclesiam.
2075 4517 2144 4573 Et

2252 564 2429 617 virum
2464 577 2646 627 suum,
2682 572 2743 615 ut
2773 560 2927 615 alteri
2975 575 3054 624 se,
3098 560 3312 613 vivente
3341 573 3429 622 eo,
3480 559 3833 614 matrimonio

2251 655 2442 719 societ,
2463 661 2558 707 aut
2573 667 2697 706 eum
2720 651 3003 713 adulteret,
3024 651 3150 705 licet
3173 649 3475 705 fornicatus
3496 649 3568 704 sit
3587 649 3671 702 vir
3687 650 3829 719 ejus,

2251 746 2366 809 sed,
2396 744 2553 814 juxta
2594 742 2946 813 Apostolum‘,
2984 761 3002 793 (
3041 750 3135 795 aut
3182 741 3302 795 viro
3343 755 3445 795 suo
3487 741 3831 795 reconciliari

2250 838 2428 901 debet,
2483 844 2578 890 aut
2627 849 2847 889 manere
2895 834 3123 903 innupta
3148 833 3227 900 “;
3259 852 3277 884 ι
3310 833 3383 887 ita
3416 830 3672 887 Ecclesia:
3720 849 3833 888 non

2249 928 2378 984 licet
2411 929 2683 983 dimittere
2722 927 3038 997 episcopum
3091 940 3276 990 suum,
3309 933 3405 979 aut
3436 925 3507 979 ab
3542 940 3610 981 eo
3642 940 3702 980 se
3744 940 3833 981 se-

2250 1036 2475 1093 gregare
2520 1030 2579 1075 ut
2627 1020 2879 1084 alterum,
2910 1018 3125 1073 vivente
3168 1032 3256 1085 eo,
3300 1017 3568 1086 accipiat;
3611 1017 3704 1071 sed
3736 1023 3833 1070 aut

2250 1115 2429 1186 ipsum
2461 1114 2678 1179 habeat,
2724 1122 2819 1167 aut
2866 1111 3095 1181 innupta
3125 1118 3365 1175 maneat,
3398 1110 3449 1164 id
3476 1119 3559 1165 est
3596 1110 3832 1164 alterum

2248 1206 2587 1275 episc0pum,
2606 1219 2708 1259 suo
2739 1204 2974 1265 vivente,
3003 1217 3110 1257 non
3139 1202 3392 1272 accipiat,
3414 1216 3484 1256 ne
3513 1200 3836 1257 fornicatio-

2249 1297 2335 1352 nis
2368 1306 2463 1352 aut
2506 1295 2757 1351 adulterii
2801 1295 3010 1350 crimen
3056 1294 3322 1349 incurrat.
3366 1291 3503 1347 Nam
3537 1292 3585 1348 si
3619 1292 3833 1347 adulte-

2250 1397 2366 1443 rata
2399 1386 2581 1454 fuerit,
2609 1387 2662 1441 id
2689 1394 2774 1441 est
2803 1386 2850 1441 si
2883 1400 2943 1441 se
2973 1385 3128 1439 alteri
3160 1385 3418 1454 episc0po
3448 1382 3711 1453 junxerit,
3738 1390 3835 1437 aut

2249 1498 2414 1553 super
2467 1496 2527 1537 se
2576 1480 2807 1534 alterum
2841 1480 3159 1548 episcopum
3214 1475 3523 1542 adduxerit,
3575 1484 3671 1530 aut
3710 1490 3835 1530 esse

2250 1574 2459 1641 fecerit,
2502 1573 2587 1627 vel
2615 1569 3039 1637 desideraverit;
3078 1585 3173 1638 per
3209 1569 3533 1623 acerrimam
3565 1566 3835 1637 poeniten—

2250 1667 2380 1721 tiam
2410 1675 2505 1721 aut
2555 1680 2658 1721 suo
2710 1663 3097 1719 reconcilietur
3146 1661 3427 1733 episcOpo,
3468 1669 3564 1715 aut
3604 1660 3836 1728 innupta

2247 1768 2583 1831 permaneat.
2606 1756 2764 1813 Unde
2790 1766 2846 1812 et
2871 1756 3138 1811 Dominus
3168 1756 3417 1826 loquitur
3439 1755 3495 1809 in
3519 1752 3833 1823 Evangelio,

2177 1838 2221 1897 Β
2247 1854 2436 1908 dicens
2470 1870 2484 1907 :
2525 1871 2543 1903 ι
2584 1850 2641 1906 Si
2664 1851 2789 1922 quis
2809 1850 3007 1905 viderit
3034 1849 3318 1903 mulierem
3349 1848 3419 1902 ad
3441 1845 3835 1915 concupiscen-

2245 1945 2375 2000 dum
2401 1960 2546 2011 eam,
2573 1944 2687 2014 jam
2718 1942 3026 1998 moechatus
3060 1951 3145 1998 est
3167 1956 3289 1996 eam
3316 1940 3373 1993 in
3400 1937 3565 1994 corde
3596 1952 3698 1992 suo
3714 1936 3779 1988 ι’.
3809 1952 3830 1987 ι

2245 2035 2293 2066 ⁵⁸
2308 2034 2637 2108 Episcopum
2670 2049 2802 2089 vero
2853 2041 3066 2103 oportet
3106 2041 3412 2103 opportune
3434 2037 3488 2083 et
3518 2028 3836 2096 importune

2246 2135 2410 2196 atque
2442 2125 2561 2180 sine
2606 2122 3015 2179 intermissione
3064 2122 3361 2178 Ecclesiam
3411 2134 3565 2175 suam
3608 2119 3833 2184 docere,

2246 2231 2481 2287 eamque
2514 2215 2812 2287 prudenter
2844 2230 3036 2286 regere
3080 2222 3135 2270 et
3168 2228 3371 2279 amare,
3399 2220 3459 2265 ut
3508 2226 3539 2265 a
3575 2210 3723 2265 vitiis
3773 2225 3835 2265 se

2245 2308 2537 2374 abstineat,
2583 2317 2639 2364 et
2685 2308 2918 2365 salutem
2942 2307 3203 2377 consequi
3248 2305 3423 2375 possit
3448 2311 3726 2358 aeternam.
3767 2300 3835 2355 Et

2246 2399 2336 2454 illa
2369 2414 2493 2455 cum
2520 2408 2677 2454 tanta
2703 2400 3012 2455 reverentia
3040 2399 3162 2468 ejus
3182 2397 3489 2453 doctrinam
3520 2394 3679 2449 debet
3703 2409 3835 2448 sus-

2244 2493 2460 2563 cipere,
2509 2508 2747 2564 eumque
2776 2508 2963 2548 amare
2992 2500 3048 2546 et
3074 2491 3320 2561 diligere,
3376 2496 3439 2543 ut
3469 2488 3703 2557 legatum
3739 2484 3837 2539 Dei

2243 2595 2299 2643 et
2344 2601 2652 2657 praeconem
2703 2586 2991 2652 veritatis;
3039 2584 3203 2655 quia,
3259 2592 3494 2639 testante
3545 2579 3835 2645 Veritate;

2251 2699 2270 2732 ε
2316 2678 2665 2750 Quaecunque
2696 2679 2945 2750 ligaverit
2990 2692 3155 2747 super
3188 2684 3415 2739 terram,
3460 2680 3622 2731 erunt
3670 2672 3840 2743 ligata

2244 2772 2388 2828 etin
2434 2772 2575 2827 cos-lo
2603 2788 2615 2823 :
2643 2780 2697 2825 et
2742 2784 3085 2840 quascunque
3117 2766 3343 2822 solverit
3393 2779 3561 2837 super
3609 2772 3836 2830 terram,

2244 2874 2406 2920 erunt
2429 2864 2607 2919 soluta
2640 2864 2771 2918 etin
2796 2863 2937 2918 coelo
2965 2862 3031 2916 “.
3077 2880 3095 2913 ι
3124 2860 3298 2915 Nimis
3318 2860 3558 2915 timenda
3596 2867 3702 2925 est,
3727 2856 3838 2912 fra—

2245 2968 2378 3025 tres,
2404 2956 2518 3011 haec
2547 2956 2837 3019 sententia,
2868 2964 2918 3011 et
2944 2952 3352 3025 praevidendum
3378 2953 3554 3019 vobis,
3580 2967 3650 3006 ne
3673 2949 3839 3007 offen-

2243 3050 2386 3105 datis
2418 3064 2513 3105 eos
2545 3049 2640 3119 qui
2682 3058 2889 3104 tantam
2921 3064 2953 3103 a
2987 3047 3219 3102 Domino
3262 3046 3468 3101 habent
3490 3053 3835 3116 potestatem.

2245 3137 2313 3193 Et
2342 3138 2466 3193 ideo
2508 3138 2693 3207 potius
2734 3137 3048 3202 obcdicndi,
3091 3136 3352 3208 diligendi
3387 3143 3444 3192 et
3488 3150 3839 3206 summopere

2243 3231 2539 3287 venerandi
2581 3240 2730 3295 sunt,
2756 3245 2865 3286 non
2900 3230 3248 3297 detrahendi,
3272 3230 3377 3300 "vel
3423 3228 3703 3284 lacerandi
3740 3237 3840 3283 aut

2246 3323 2521 3394 ejiciendi,
2557 3324 2651 3379 sed
2676 3324 2926 3394 portandi
2956 3330 3011 3378 et
3034 3322 3277 3387 amandi,
3310 3322 3432 3392 ipso
3473 3320 3689 3376 dicente
3725 3319 3837 3374 Do-

2247 3417 2397 3473 mino
2427 3437 2439 3471 :
2475 3437 2493 3469 ‹
2523 3416 2628 3484 Qui
2660 3433 2760 3473 vos
2798 3418 2972 3484 audit,
3006 3432 3095 3473 me
3127 3414 3317 3470 audit:
3343 3424 3398 3470 et
3434 3415 3529 3485 qui
3558 3429 3657 3470 vos
3683 3428 3837 3484 sper-

2248 3512 2347 3577 nit,
2376 3525 2463 3565 me
2483 3510 2693 3580 spernit
2713 3510 2782 3565 ‘5.
2818 3530 2836 3562 ι
2866 3509 2992 3565 Ideo
3014 3510 3130 3564 haec
3152 3507 3311 3563 vobis
3332 3517 3388 3563 et
3415 3506 3671 3562 omnibus
3702 3506 3836 3561 tide-

2246 3606 2391 3660 libus
2415 3603 2733 3671 scribimus,
2769 3602 2987 3670 fratres,
3021 3611 3083 3658 ut
3115 3602 3183 3657 ab
3224 3600 3312 3656 his
3343 3614 3442 3655 vos
3486 3597 3745 3665 caveatis,
3780 3607 3838 3653 et

2246 3696 2479 3768 posteris
2510 3696 2706 3752 vestris
2740 3710 2849 3750 non
2882 3696 3109 3762 malum,
3139 3694 3233 3749 sed
3279 3694 3487 3749 bonum
3526 3691 3835 3761 exemplum

2246 3790 2599 3861 relinquatis;
2631 3789 2892 3859 quoniam
2923 3787 3121 3858 injuria
3153 3786 3535 3857 episcoporum
3575 3784 3644 3839 ad
3675 3784 3836 3839 Chri-

2246 3892 2390 3939 stum
2424 3882 2675 3952 pertinet,
2712 3881 2871 3951 cujus
2916 3881 3035 3936 vice
3078 3879 3400 3950 funguntur.
3442 3878 3487 3909 “
3509 3876 3834 3932 Audivimus

2244 3975 2391 4031 enim
2419 3973 2685 4045 quosdam
2721 3989 2749 4028 a
2773 3973 2928 4028 vobis
2954 3971 3249 4027 infamatos
3277 3973 3342 4041 et]
3363 3971 3691 4026 dilaceratus
3718 3970 3835 4038 epi-

2246 4082 2463 4138 scopos,
2494 4082 2559 4121 ac
2602 4083 2632 4121 e
2672 4066 2984 4122 civitatibus
3016 4064 3254 4134 propriis
3298 4064 3508 4134 pulsos,
3543 4062 3671 4133 quia
3702 4061 3831 4116 alibi

2245 4158 2487 4229 episcopi
2521 4157 2781 4213 constitui
2814 4172 2922 4211 non
2971 4164 3223 4226 possunt,
3268 4156 3375 4211 nisi
3419 4157 3473 4211 in
3518 4155 3833 4211 civitatibus

2245 4265 2353 4304 non
2382 4249 2658 4318 minimis;
2694 4258 2747 4305 et
2778 4248 2915 4303 alios
2944 4248 2999 4302 in
3034 4247 3133 4312 cis,
3170 4248 3305 4317 ipsis
3337 4246 3668 4313 viventibus,
3698 4262 3835 4303 con-

2245 4342 2484 4397 stitutos.
2517 4343 2643 4398 Ideo
2685 4343 2799 4397 haec
2829 4341 2981 4397 vobis
3015 4340 3329 4403 scribimus,
3385 4349 3444 4394 ut
3483 4340 3671 4395 sciatis
3724 4339 3835 4394 hoc

2246 4433 2362 4487 ﬁeri
2392 4448 2498 4488 non
2530 4432 2719 4496 licere,
2762 4432 2856 4487 sed
2886 4431 3140 4503 proprios
3173 4432 3441 4497 revocari,
3486 4440 3543 4486 et
3590 4432 3832 4502 integer-

2246 4525 2384 4579 rime
2410 4524 2623 4579 restitui
2652 4524 2869 4579 debere.
2920 4522 3048 4578 Illos
3087 4537 3218 4577 vero
3255 4522 3349 4592 qui
3391 4521 3695 4577 adulterina
3729 4520 3835 4577 fte-

560 4598 712 4652 velut
744 4615 901 4668 uxor,
937 4617 1059 4671 quae
1091 4602 1195 4657 sub
1245 4618 1411 4658 manu
1443 4615 1525 4662 est
1556 4607 1681 4672 viri,
1731 4609 1953 4665 obedire
1983 4610 2141 4666 debet
2176 4598 2220 4653 D
2244 4617 2411 4672 ditate
2442 4631 2673 4686 sponsas
2706 4630 2857 4679 suas,
2881 4630 3020 4686 quas
3039 4623 3095 4669 et
3126 4628 3329 4670 uxores
3359 4628 3572 4679 eorum,
3606 4613 3834 4683 praeﬁxo

562 4689 681 4744 viro
705 4705 830 4755 suo,
855 4706 1091 4763 eumque
1113 4694 1338 4766 diligere
1360 4704 1415 4751 et
1437 4712 1644 4765 amare,
1669 4699 1743 4754 ita
1770 4701 1952 4770 potius
1974 4701 2139 4773 etiam

562 4779 804 4837 Ecclesia
838 4785 1097 4856 episcopo
1130 4801 1233 4841 suo
1266 4788 1321 4842 in
1355 4790 1612 4845 omnibus
1639 4790 1881 4858 obedire,
1907 4808 2142 4863 eumque

560 4872 784 4945 diligere
810 4884 866 4930 et
893 4892 1078 4933 amare
1110 4889 1169 4934 ut
1200 4881 1438 4935 animam
1467 4897 1623 4936 suam
1645 4882 1824 4950 debet,
1848 4885 1977 4954 quia
2009 4884 2141 4939 illud

562 4963 623 5018 ﬁt
653 4968 962 5035 carnaliter,
1000 4970 1145 5027 istud
1179 4973 1553 5043 spiritualiter.
1580 4975 1625 5007 ‘°
1655 4974 1724 5030 Et
1754 4978 1899 5032 sicut
1926 4977 2010 5030 vir
2032 4992 2141 5032 non

561 5055 721 5113 debet
756 5059 1064 5117 adulterare
1097 5079 1321 5119 uxorem
1356 5081 1512 5120 suam
1533 5108 1549 5133 ,
1591 5066 1664 5123 ita
1717 5083 1818 5123 nec
1849 5069 2141 5138 episcopus

563 5148 865 5206 Ecclesiam
896 5170 1087 5220 suam;
1119 5157 1172 5211 id
1202 5165 1286 5213 est
1313 5170 1372 5212 ut
1403 5158 1551 5213 illam
1584 5158 1842 5228 dimittat,
1878 5161 1945 5215 ad
1975 5176 2140 5232 quam

563 5252 811 5300 sacratus
832 5255 917 5301 est
943 5247 1152 5318 absque
1185 5249 1484 5305 inevitabili
1510 5253 1851 5318 necessitate,
1879 5262 1973 5309 aut
2011 5269 2141 5324 apo—

563 5336 755 5391 stolica
781 5337 868 5392 vel
895 5339 1127 5408 regulari
1163 5342 1489 5409 mutatione,
1524 5350 1578 5398 et
1616 5342 1771 5398 alteri
1814 5360 1874 5399 se
1900 5346 2138 5403 ambitus

668 5488 712 5566 τε
747 5491 907 5566 Coss.
940 5490 1162 5566 fueru_n_t
1185 5496 1565 5566 annogChristi
1594 5495 1683 5566 96,
1709 5512 1820 5566 quo
1853 5499 2092 5553 nondum
2123 5500 2332 5557 obicrat
2362 5502 2419 5559 S.
2455 5504 2725 5561 Clemens.

564 5558 609 5652 Ξῖ
638 5558 901 5652 $9563.-
933 5578 1032 5652 22,
1080 5563 1206 5652 32-.
1248 5566 1292 5652 ’θ
1330 5565 1387 5652 S.-
1419 5566 1608 5652 ιξ-πιξιυτ·
1647 5558 1957 5652 ρίηάέαηέι-
2255 5558 2536 5652 wgf”.

566 5629 609 5659 ’δ’
636 5629 826 5715 Matth.
1106 5633 1150 5664 “
1175 5634 1310 5715 7,1q.
1345 5638 1412 5715 fi
1435 5636 1582 5715 Sicut
1604 5638 1709 5715 uir,
1732 5637 1769 5715 ᾗ
1803 5629 2117 5715 Episcopum
2153 5657 2291 5715 vero.
2322 5644 2387 5701 Et
2411 5646 2463 5699 in
2500 5629 2731 5715 e'pistJV
2756 5629 3050 5702 Clementis
3075 5629 3151 5700 ad
3176 5629 3457 5700 Iacobum.

2243 4716 2451 4773 tenore,
2476 4723 2598 4787 esse
2620 4708 2992 4779 intelligimus,
3030 4714 3247 4773 tenent;
3285 4705 3410 4775 ejici
3455 4714 3515 4760 ut
3554 4705 3834 4761 adulteros

2244 4808 2409 4869 atque
2440 4798 2671 4855 infames
2706 4800 2856 4866 fieri,
2890 4815 3096 4870 eosque
3128 4799 3198 4853 ab
3229 4797 3623 4853 ecclesiasticis
3657 4798 3832 4852 bono-

2243 4890 2395 4946 ribus
2428 4892 2602 4947 arceri
2629 4892 2907 4962 jubemus.
2956 4891 3014 4946 Si
3053 4900 3232 4947 autem
3268 4890 3534 4946 adversus
3581 4904 3678 4945 eos
3728 4889 3833 4943 ali-

2242 4996 2407 5051 quam
2441 4983 2717 5051 querelam
2752 4984 3054 5039 habueritis
3076 5025 3091 5051 ,
3128 4984 3216 5038 bis
3249 4982 3509 5053 peractis,
3547 4981 3833 5051 inquiren«

2242 5072 2371 5126 dum
2406 5074 2531 5138 erit,
2566 5082 2621 5129 et
2652 5074 2975 5130 auctoritate
3009 5074 3173 5143 hujus
3205 5081 3411 5128 sancta:
3457 5072 3604 5127 sedis
3637 5071 3830 5126 termi-

2242 5166 2483 5220 nandum
2517 5169 2580 5219 ".
2620 5165 2687 5221 Et
2719 5183 2785 5222 ne
2817 5168 3001 5222 omnia
3036 5182 3183 5222 nunc
3209 5164 3525 5237 singulatim
3556 5163 3830 5227 dicamus,

2243 5273 2405 5314 omne
2432 5260 2660 5323 bonum,
2696 5260 2743 5314 si
2777 5261 2895 5330 ipsa
2928 5276 3025 5330 per
3058 5275 3117 5316 se
3152 5260 3204 5313 in
3240 5259 3395 5315 vobis
3430 5256 3615 5322 fuerit,
3642 5255 3829 5311 chari-

2245 5358 2329 5404 tas
2362 5349 2542 5406 facere
2573 5351 2817 5418 docebit,
2854 5352 2998 5407 sicut
3042 5360 3098 5406 et
3141 5366 3172 5405 e
3215 5348 3493 5406 contrario
3524 5362 3623 5403 eos
3656 5348 3749 5417 qui
3797 5362 3833 5402 a

2805 5506 2851 5539 ³⁸
2881 5506 2938 5561 S.
2964 5504 3095 5561 Leo.
3127 5521 3215 5576 ep.
3252 5506 3338 5561 18.
3418 5507 3461 5538 ³⁷
3485 5510 3603 5561 Act.
3630 5519 3704 5569 tv,
3736 5505 3829 5561 52.

2578 5593 2633 5645 q.
2669 5580 2689 5630 1
2723 5596 2734 5630 :
2775 5576 2926 5631 Sicut
2977 5578 3059 5629 vir
3101 5593 3223 5630 non.
3330 5577 3371 5610 ⁸³
3409 5576 3585 5631 lCor.
3611 5591 3706 5641 vn,
3738 5577 3826 5630 ll.

3564 5647 3611 5679 ἰι
3634 5645 3827 5699 Matth.

568 5702 794 5786 sva-19:
874 5702 918 5733 ’⁵⁵
944 5702 1159 5786 l's‘ucg‘x,
1191 5702 1288 5786 .lb';
1368 5708 1413 5737 “
1442 5706 1567 5786 3,_q.
1601 5708 1671 5762 ἓξ
1708 5702 2020 5786 Aulidi-vimus
2048 5712 2340 5780 quosdam;
2374 5726 2426 5770 et
2462 5718 2514 5769 in
2534 5702 2626 5786 ep.
2656 5717 2677 5769 1
2709 5716 3005 5772 Clementis
3028 5720 3096 5770 ad
3134 5716 3415 5771 Iacobum.
3494 5716 3537 5748 ‘7
3570 5716 3829 5786 Clemens

569 5772 812 5849 crusta],
853 5786 920 5826 cx
955 5771 1149 5828 [iullini
1189 5771 1659 5846 interpretatione,
1692 5780 1783 5848 qui
1818 5790 1939 5849 post
1988 5771 2259 5838 trecentos
2313 5771 2488 5843 annos
2517 5771 2588 5842 ab.
2615 5771 2848 5844 Evaristi
2875 5787 3137 5844 electione
3173 5789 3325 5845 vixit.
3358 5786 3494 5842 Vide
3540 5787 3693 5841 Patr.
3725 5784 3822 5840 Gr.

573 5846 614 5892 ι.
649 5837 689 5896 l.
725 5839 881 5896 Enn.
