4142 6392
315 358 454 413 1055

1746 367 2125 429 ΕΡῙΞΤῦΙηΕ.

3434 388 3573 446 1054

310 475 491 573 salute
516 473 681 573 alieni
715 483 862 543 sunt,
896 490 1061 533 omne
1092 479 1294 536 malum
1332 482 1531 553 facere,
1567 487 1750 544 odium
1784 492 1886 545 do-
1917 495 1964 550 A
1992 489 2271 545 cebantur.
2319 492 2448 547 Inde
2490 493 2603 563 ipse
2654 495 2769 561 ait;
2804 514 2823 547 ι
2856 494 3210 565 Descendam,
3257 508 3312 556 et
3353 503 3568 573 videbo,

309 575 416 622 cet.
452 564 606 622 Unde
636 574 692 621 et
724 584 841 635 vos,
875 572 970 638 qui
1002 572 1115 627 veri
1149 572 1243 628 Dei
1276 576 1410 631 estis
1443 578 1717 650 discipuli,
1752 582 1890 653 abji-

308 660 415 714 cite
461 674 493 713 a
538 659 796 714 cordibus
834 662 1031 717 vestris
1085 675 1210 718 ante
1260 668 1443 722 omnia
1494 670 1796 728 discordias
1837 683 1892 729 et

308 750 617 803 animorum
651 749 1044 817 dissensiones,
1099 770 1167 810 ex
1213 759 1416 827 quibus
1471 776 1633 817 omne
1683 766 1889 821 malum

308 856 448 910 opus
499 842 763 911 procedit,
818 854 872 900 et
925 846 1310 917 benignitatem
1367 868 1432 906 ac
1484 852 1887 925 simplicitatem

308 945 421 990 tota
455 946 637 992 mente
668 947 902 993 servate.
938 939 986 971 ⁸⁸
1022 940 1407 999 Verumtamen
1457 947 1651 1004 scitote
1684 952 1886 1017 cuncti,

306 1027 454 1097 quod
508 1042 671 1097 supra
724 1044 916 1085 omnes
968 1045 1069 1087 vos
1122 1032 1333 1090 laboret
1381 1037 1709 1107 episcopus;
1759 1043 1889 1111 quia

306 1118 690 1189 unusquisque
716 1131 959 1176 vestrum
986 1139 1146 1178 suum
1182 1129 1460 1196 proprium
1490 1128 1596 1184 fert
1619 1131 1886 1201 laborem,

303 1208 395 1263 ille
426 1226 556 1264 vero
585 1218 640 1265 et
672 1226 857 1278 suum,
888 1222 944 1269 et
975 1216 1341 1286 singulorum.
1368 1217 1435 1273 Et
1468 1220 1590 1275 ideo
1623 1222 1766 1278 sicut
1799 1224 1888 1280 ille

302 1316 402 1371 pro
433 1302 588 1359 vobis
622 1305 914 1370 omnibus,
968 1307 1042 1361 ita
1082 1317 1136 1363 et
1168 1324 1267 1365 vos
1314 1325 1505 1366 omnes
1539 1327 1888 1385 summopere

301 1392 554 1449 laborare
583 1410 684 1465 pro
713 1412 780 1451 eo
808 1397 1040 1463 debetis,
1076 1399 1130 1453 in
1155 1409 1386 1468 tantum,
1417 1413 1495 1470 ut,
1521 1405 1566 1459 si
1599 1406 1763 1461 etiam
1792 1423 1888 1462 ne-

300 1499 455 1540 cesse
488 1484 690 1555 fuerit,
727 1488 941 1543 animas
976 1500 1189 1545 vestras
1221 1507 1321 1561 pro
1354 1508 1421 1547 eo
1454 1496 1701 1564 ponatis,
1744 1497 1887 1552 sicut

299 1584 353 1631 et
385 1576 502 1645 ipse
531 1578 771 1633 animam
807 1595 961 1634 suam
988 1596 1088 1650 pro
1120 1583 1298 1650 vobis,
1334 1584 1381 1638 si
1432 1601 1655 1642 necesse
1697 1587 1881 1656 fuerit,

299 1682 503 1737 ponere
534 1670 714 1737 debet,
743 1670 866 1741 ipso
898 1672 1114 1728 dicente
1150 1672 1436 1731 Salvatore
1470 1696 1483 1732 :
1515 1697 1533 1729 ‹
1574 1677 1758 1735 Bonus
1788 1696 1885 1750 pa-

1991 588 2175 633 utrum
2205 580 2498 637 clamorem
2542 584 2634 653 qui
2688 585 2834 640 venit
2860 587 2926 640 ad
2958 604 3241 657 me,0pere
3265 594 3572 662 compleve-

1990 668 2140 737 rint;
2168 685 2351 724 annon
2373 680 2457 725 est
2481 672 2576 735 ita,
2598 681 2657 727 ut
2688 674 2855 728 sciam
2885 676 2949 727 ⁵⁸.
2984 693 3003 724 ›
3032 674 3175 730 Deus
3196 680 3563 748 omnipotens,

1991 761 2080 815 cui
2115 762 2249 816 nihil
2292 763 2673 818 absconditum
2723 774 2828 832 est,
2852 766 2944 821 sed
2983 768 3166 821 omnia
3205 770 3254 823 ei
3282 770 3569 827 manifesta

1990 862 2139 919 sunt,
2169 855 2333 909 etiam
2373 864 2662 925 antequam
2714 856 2868 921 fiant,
2897 872 3004 910 non
3058 859 3127 911 ob
3163 859 3307 914 aliud
3354 861 3468 915 hac
3514 868 3570 916 et

1988 946 2096 1000 alia
2116 946 2284 1001 multa
2316 946 2457 1017 (qua
2487 947 2595 1014 hic,
2620 948 2983 1018 prolixitatem
3005 950 3262 1015 vitantes,
3290 968 3398 1005 non
3420 953 3568 1008 inse-

1988 1030 2226 1103 ruimus)
2250 1047 2346 1102 per
2368 1048 2428 1087 se
2461 1033 2738 1103 inquirere
2767 1035 3020 1105 dignatus
3048 1046 3131 1091 est
3151 1078 3166 1102 ,
3193 1039 3295 1092 nisi
3322 1049 3381 1095 ut
3407 1041 3568 1096 nobis

1987 1124 2292 1192 exemplum
2334 1123 2508 1191 daret,
2562 1140 2630 1179 ne
2678 1127 2982 1196 pracipites
3031 1129 3085 1182 in
3133 1130 3486 1188 discutiendis
3514 1143 3569 1189 et

1981 1213 2292 1284 judicandis
2322 1216 2553 1285 negotiis
2575 1231 2843 1283 essemus,
2862 1226 2916 1273 et
2944 1234 3011 1272 ne
3042 1221 3182 1274 mala
3204 1224 3566 1291 quorumdam

1985 1307 2140 1377 prius
2180 1322 2577 1377 prasumamus
2626 1310 2867 1375 credere,
2915 1326 3079 1380 quam
3115 1314 3365 1383 probare.
3397 1315 3567 1387 Cujus

1984 1397 2233 1466 exemplo
2269 1412 2556 1452 monemur
2582 1399 2625 1429 ⁶⁰
2647 1439 2661 1463 ,
2696 1415 2764 1454 ne
2811 1401 2877 1454 ad
2919 1400 3296 1471 proferendam
3344 1415 3566 1460 senten-

1986 1487 2115 1540 tiam
2150 1503 2389 1557 unquam
2420 1490 2722 1558 pracipites
2760 1490 2955 1558 simus,
2999 1502 3092 1547 aut
3138 1504 3339 1549 temere
3381 1495 3566 1549 indili-

1985 1588 2281 1649 genterque
2303 1580 2611 1637 indiscussa
2644 1598 2873 1652 quaque
2916 1600 3139 1653 quoquo
3170 1585 3332 1639 modo
3354 1587 3566 1655 judice-

1984 1670 2356 1736 mus,dioente
2372 1669 2628 1727 Veritatis
2654 1688 2817 1728 voce:
2848 1672 3052 1729 «Nolite
3074 1675 3341 1745 judicare,
3367 1686 3427 1731 ut
3454 1694 3563 1732 non

295 1766 415 1815 stor
446 1762 688 1816 animam
720 1778 875 1817 suam
908 1765 1001 1819 dat
1029 1781 1128 1835 pro
1155 1767 1351 1824 ovibus
1381 1770 1498 1825 suis
1520 1770 1586 1824 ⁸⁸.
1614 1770 1724 1828 Vos
1754 1787 1871 1827 vero

1978 1761 2318 1831 judicemini.
2381 1763 2439 1817 In
2497 1780 2607 1835 quo
2678 1766 2824 1819 enim
2897 1766 3105 1836 judicio
3165 1768 3567 1837 judicaveritis,

294 1851 512 1910 obedite
545 1855 647 1919 eis,
683 1863 737 1909 et
761 1855 981 1925 vigilate
1032 1872 1131 1926 pro
1182 1859 1293 1925 eis,
1340 1864 1468 1930 quia
1502 1862 1604 1931 ipsi
1641 1863 1875 1933 pervigi-
1905 1851 1949 1906 B
1974 1852 2354 1931 judicabimini
2403 1856 2446 1887 ⁶¹
2474 1874 2493 1906 ι
2527 1894 2542 1919 ,
2574 1864 2628 1910 et
2682 1857 2909 1928 reliqua.
2946 1857 2989 1889 θ’
3012 1856 3148 1911 Nam
3199 1859 3348 1913 mala
3382 1860 3567 1915 audita

292 1940 447 2009 lant,
495 1944 652 2014 quasi
698 1945 963 2000 rationem
999 1961 1099 2015 pro
1138 1948 1429 2003 animabus
1463 1950 1658 2005 vestris
1696 1950 1877 2006 reddi-
1976 1948 2187 2002 nullum
2247 1957 2532 2013 moveant,
2580 1963 2681 2003 nec
2742 1949 2947 2019 passim
2998 1949 3143 2003 dicta
3193 1949 3400 2019 absque
3442 1966 3563 2005 cer-

292 2035 424 2095 turi,
469 2042 528 2088 ut
569 2050 696 2090 cum
744 2036 943 2106 gaudio
985 2038 1089 2093 hoc
1136 2038 1360 2107 faciant,
1399 2050 1454 2096 et
1499 2058 1607 2098 non
1654 2059 1876 2114 gemen-
1977 2046 2030 2092 ta
2086 2038 2425 2108 probatione,
2472 2040 2766 2110 quisquam
2814 2056 3057 2111 unquam
3103 2041 3419 2107 credat,sed
3468 2058 3567 2097 an-

295 2122 437 2181 tes”
473 2125 569 2178 t.“
610 2126 727 2183 Non
750 2139 834 2185 est
854 2130 1039 2197 itaque
1061 2147 1091 2186 a
1120 2133 1275 2203 plebe
1298 2142 1393 2188 aut
1420 2135 1736 2206 vulgaribus
1770 2138 1872 2191 ho-

292 2217 535 2273 minibus
562 2220 875 2287 arguendus
907 2222 989 2276 vel
1022 2224 1368 2279 accusandus
1399 2226 1713 2295 episcopus,
1750 2228 1875 2284 licet

294 2307 365 2361 sit
392 2310 772 2383 inordinatus;
814 2315 862 2347 "
904 2312 1033 2381 quia
1087 2326 1187 2383 pro
1242 2314 1453 2369 meritis
1503 2316 1868 2384 subditorum,

288 2397 598 2468 disponitur
643 2416 675 2455 a
710 2401 821 2456 Deo
872 2402 981 2457 vita
1032 2412 1344 2472 rectorum,
1395 2408 1647 2476 exemplo
1700 2406 1872 2465 David

287 2490 585 2557 peccantis,
614 2506 679 2545 ac
709 2492 1116 2560 comparatione
1148 2494 1487 2565 principum,
1522 2497 1617 2567 qui
1651 2513 1718 2553 ex
1755 2514 1871 2554 me-

286 2578 393 2633 rito
426 2580 600 2649 plebis
633 2582 1082 2651 pravaricantur.
1119 2583 1443 2643 Sacerdotes
1492 2589 1639 2643 enim
1672 2589 1870 2659 exqui-

286 2688 409 2727 rere
434 2673 635 2728 debent
665 2684 887 2744 peccata
922 2677 1266 2746 populorum,
1303 2688 1359 2734 et
1388 2681 1570 2753 sagaci
1605 2682 1871 2738 sollicitu-

285 2766 413 2822 dine
457 2784 908 2839 unumquemque
959 2771 1233 2839 probare,
1278 2774 1434 2843 juxta
1490 2777 1867 2833 testimonium

285 2859 500 2917 Domini
544 2864 613 2919 ad
660 2863 952 2921 Jeremiam
1012 2868 1329 2938 loquentis:
1365 2888 1383 2920 ι
1417 2868 1799 2938 Probatorem,
1842 2891 1863 2924 ι

282 2953 481 3024 inquit,
523 2974 543 3008 ι
583 2957 706 3012 dedi
740 2967 792 3014 te
821 2961 1021 3031 p0pulo
1072 2978 1196 3017 meo
1248 2962 1559 3028 robustum,
1606 2973 1663 3018 et
1704 2965 1866 3032 scies,

280 3052 340 3103 et
385 3047 642 3116 probabis
677 3049 819 3103 viam
871 3066 1059 3106 eorum
1092 3053 1159 3107 ⁵³.
1194 3072 1213 3106 ι
1270 3051 1397 3108 Ideo
1429 3053 1534 3108 ista
1560 3054 1704 3122 dico,
1738 3056 1867 3126 quia

281 3141 568 3197 insidiator
600 3144 742 3198 bona
775 3144 1077 3214 sapissime
1122 3147 1264 3202 solet
1305 3157 1623 3206 convertere
1656 3151 1712 3204 in
1743 3166 1867 3206 ma-

280 3232 418 3301 lum,
451 3243 507 3289 et
545 3236 598 3288 in
634 3236 823 3291 electis
872 3239 1027 3307 ponit
1077 3237 1349 3292 maculam
1380 3240 1449 3293 ⁵⁸.
1482 3238 1636 3296 Unde
1680 3243 1729 3297 si
1770 3242 1862 3313 qui

280 3335 410 3381 sunt
453 3327 855 3398 vituperatores
906 3338 1002 3385 aut
1051 3340 1402 3387 accusatores
1454 3333 1861 3402 episcoporum,

278 3416 366 3471 vel
397 3417 733 3487 reliquorum
770 3420 1135 3485 sacerdotum,
1164 3434 1273 3474 non
1302 3430 1515 3490 oportet
1538 3437 1634 3478 eos
1667 3439 1697 3478 a
1716 3423 1863 3493 judi-

279 3508 435 3565 cibus
464 3508 722 3564 Ecclesia
761 3510 961 3578 audiri,
994 3522 1286 3583 antequam
1317 3528 1509 3568 eorum
1536 3515 1864 3572 discutiatur

276 3601 660 3658 aestimationis
707 3603 949 3672 suspicio
985 3605 1070 3659 vel
1119 3606 1328 3675 opinio,
1378 3621 1484 3675 qua
1534 3606 1858 3675 intentione,

278 3709 387 3763 qua
408 3693 532 3759 lide,
555 3708 663 3762 qua
684 3694 1008 3760 temeritate,
1042 3711 1152 3764 qua
1188 3696 1317 3759 vita,
1350 3711 1458 3765 qua
1502 3698 1858 3766 conscientia,

277 3801 458 3856 quove
484 3783 699 3847 merito,
733 3785 779 3840 si
817 3801 914 3855 pro
957 3785 1089 3852 Deo,
1119 3795 1214 3841 aut
1241 3802 1340 3855 pro
1367 3802 1506 3841 vana
1538 3788 1732 3855 gloria,
1767 3799 1863 3845 aut

277 3877 602 3943 inimicitia,
642 3879 727 3933 vel
779 3878 926 3947 odio,
962 3888 1057 3934 aut
1101 3879 1420 3949 cupiditate,
1459 3879 1563 3935 ista
1596 3895 1863 3950 prasum-

276 3971 508 4040 pserint,
540 3987 734 4027 necne.

349 4063 477 4120 Hac
501 4066 685 4119 omnia
709 4064 937 4119 ﬁdeliter
964 4072 1089 4119 sunt
1120 4064 1533 4134 perscrutanda,
1561 4073 1615 4119 et
1633 4064 1863 4136 diligen-

277 4163 362 4209 ter
387 4156 767 4225 pertractanda
803 4156 871 4209 ⁸⁸.
904 4152 1039 4209 Nam
1071 4163 1199 4209 sunt
1234 4156 1485 4211 nonnulli
1522 4156 1617 4227 qui
1649 4172 1863 4227 prapo-

278 4247 419 4301 sitos
474 4262 604 4302 suos
659 4262 911 4316 perverse
974 4247 1399 4316 reprehendunt,
1448 4247 1495 4302 si
1541 4248 1627 4303 vel
1666 4264 1861 4317 parum

276 4333 412 4403 ipsis
435 4334 647 4390 molesti
676 4335 1003 4390 exstiterint.
1038 4335 1242 4390 Idcirco
1270 4347 1420 4391 recto
1465 4338 1626 4393 oculo
1656 4339 1862 4409 prima-

277 4434 361 4481 tes
408 4425 777 4482 Ecclesiarum
824 4427 1028 4483 utiliter
1072 4428 1421 4498 pravideant,
1473 4446 1542 4486 ne
1566 4431 1858 4501 quisquam

1976 2138 2028 2184 te
2054 2130 2238 2184 audita
2266 2129 2552 2199 diligenter
2585 2132 2851 2200 inquirat,
2898 2147 2964 2185 ne
2994 2132 3381 2202 pracipitando
3409 2133 3567 2203 quid-

1974 2235 2141 2290 quam
2208 2220 2406 2291 aliquis
2441 2228 2585 2291 agat.
2639 2218 2697 2274 Si
2738 2221 2883 2275 enim
2933 2219 3196 2276 Dominus
3248 2221 3494 2275 omnium
3518 2220 3565 2253 °’

1979 2309 2343 2367 Sodomorum
2378 2313 2541 2378 mala,
2565 2327 2797 2383 quorum
2841 2312 3047 2367 clamor
3072 2313 3139 2367 ad
3161 2313 3359 2367 coelum
3390 2328 3566 2382 usque

1973 2412 2319 2473 pervenerat,
2359 2403 2545 2458 omnia
2598 2403 2810 2469 sciens,
2839 2403 2994 2472 prius
3040 2419 3140 2458 nec
3191 2403 3413 2457 credere
3463 2417 3567 2456 nec

1968 2494 2217 2565 judicare
2245 2496 2438 2563 voluit,
2458 2512 2623 2566 quam
2653 2495 2770 2566 ipse
2796 2510 2862 2550 ea
2887 2510 3014 2550 curn
3040 2495 3294 2550 ﬁdelibus
3328 2495 3564 2551 testibus

1972 2587 2259 2658 diligenter
2286 2589 2622 2659 investigans
2649 2587 2716 2651 “,
2749 2603 2871 2657 qua
2900 2588 3169 2653 audierat,
3204 2602 3371 2657 opere
3399 2588 3443 2619 ”
3472 2602 3567 2641 ve-

1972 2680 2171 2734 raciter
2200 2689 2553 2751 cognosceret
2607 2680 2827 2734 :multo
2851 2680 3028 2750 magis
3084 2694 3187 2734 nos
3236 2679 3461 2734 humani
3509 2686 3566 2732 et

1972 2779 2286 2841 peccatores
2318 2772 2569 2827 homines
2614 2772 2816 2842 quibus
2863 2770 3139 2840 incognita
3192 2778 3321 2825 sunt
3347 2770 3563 2825 occulta

1968 2861 2177 2933 judicia
2209 2862 2326 2930 Dei,
2367 2864 2483 2918 hac
2512 2877 2838 2933 praecavere,
2890 2870 2944 2916 et
2982 2862 3193 2916 nullum
3223 2870 3349 2916 ante
3374 2877 3560 2918 veram

1968 2954 2287 3026 justamque
2312 2956 2687 3026 probationem
2712 2955 2962 3025 judicare
2991 2964 3087 3010 aut
3116 2955 3379 3011 damnare
3398 2954 3563 3010 debe-

1972 3062 2097 3102 mus
2121 3048 2188 3114 ⁶⁶,
2240 3046 2527 3103 manifeste
2555 3047 2803 3118 apostolo
2831 3046 3047 3103 dicente
3075 3045 3268 3111 Paulo,
3290 3047 3387 3116 qui
3424 3046 3512 3101 ait
3542 3063 3558 3099 :

1979 3158 1998 3191 ‹
2024 3137 2105 3194 Tu
2118 3140 2242 3209 quis
2256 3155 2335 3206 es,
2356 3140 2449 3210 qui
2474 3139 2691 3209 judicas
2717 3154 2935 3194 servum
2966 3139 3245 3194 alienum?
3272 3137 3385 3193 Suo
3415 3139 3563 3193 enim

1967 3232 2189 3288 domino
2213 3239 2339 3298 stat,
2394 3240 2490 3287 aut
2539 3231 2685 3287 cadit
2711 3229 2983 3287 ".DUnde
3012 3240 3066 3287 et
3107 3246 3202 3301 per
3236 3231 3558 3300 prophetam

1971 3324 2138 3379 David
2164 3322 2430 3379 Dominus
2452 3323 2724 3394 loquitur,
2748 3323 2936 3378 dicens
2968 3342 2981 3377 :
3015 3341 3034 3375 ι
3070 3321 3247 3377 Nolite
3293 3322 3557 3377 extollere

1969 3416 2026 3470 in
2054 3416 2335 3471 excelsum
2381 3429 2551 3470 cornu
2603 3422 2847 3471 vestrum
2878 3456 2894 3483 ,
2926 3416 3211 3485 loquentes
3256 3415 3313 3469 in
3350 3416 3563 3470 cervice

1965 3507 2164 3574 veteri;
2219 3506 2348 3577 quia
2407 3520 2585 3576 neque
2637 3506 2707 3560 ab
2757 3506 2987 3573 oriente,
3022 3520 3200 3576 neque
3245 3506 3557 3571 occidente,

1966 3613 2141 3667 neque
2166 3613 2197 3652 a
2227 3598 2523 3653 solitudine
2544 3596 2836 3663 montium,
2869 3598 2963 3653 sed
3014 3596 3158 3651 Deus
3196 3596 3365 3667 judex
3413 3597 3561 3651 hunc

1966 3687 2296 3756 humiliahit,
2315 3696 2369 3743 et
2388 3687 2535 3743 hunc
2562 3688 2845 3755 exaltabit,
2874 3688 3003 3758 quia
3025 3688 3169 3743 calix
3194 3689 3245 3742 in
3266 3703 3433 3742 manu
3456 3686 3561 3742 Do-

1967 3779 2100 3833 mini
2124 3787 2229 3846 est,
2244 3781 2371 3835 vino
2389 3794 2605 3835 meraco
2634 3779 2702 3834 ad
2726 3780 2947 3849 plenum
2967 3779 3192 3844 mixtus,
3218 3788 3273 3833 et
3296 3779 3557 3849 propina—

1963 3873 2043 3928 bit
2062 3888 2131 3929 ex
2160 3888 2246 3929 eo.
2282 3871 2667 3927 Verumtamen
2716 3872 2877 3928 faces
2905 3873 3027 3943 ejus
3060 3872 3327 3943 putabunt
3364 3873 3559 3927 biben-

1966 3973 2047 4022 tes
2071 3981 2264 4022 omues
2300 3965 2452 4036 impii
2498 3975 2679 4021 terra.
2738 3964 2852 4036 Ego
2895 3977 3077 4020 autem
3121 3964 3458 4019 annuntiabo
3502 3963 3559 4017 in

1963 4056 2359 4125 sempiternum
2379 4097 2395 4123 ,
2432 4055 2663 4126 psallam
2696 4054 2808 4111 Deo
2835 4054 3002 4110 Jacoh
3030 4056 3096 4109 ⁸⁸.
3128 4074 3147 4106 ι
3170 4054 3235 4110 Et
3257 4053 3386 4107 alibi
3415 4052 3558 4106 idem

1964 4150 2042 4205 ait
2070 4151 2335 4221 propheta
2366 4167 2379 4202 :
2431 4170 2451 4203 ι
2505 4153 2589 4208 Ab
2638 4150 3012 4221 increpatione
3042 4158 3154 4214 tua,
3183 4148 3329 4204 Deus
3363 4146 3583 4209 Jacoh,-

1965 4244 2289 4313 consopitus
2320 4252 2406 4301 est
2428 4253 2482 4300 et
2502 4260 2699 4300 currus
2724 4253 2779 4300 et
2816 4260 3012 4314 equus.
3041 4242 3119 4297 Tu
3169 4242 3428 4297 terribilis
3470 4258 3554 4306 es,

1960 4337 2152 4407 etquis
2171 4338 2338 4392 stabit
2374 4337 2662 4392 adversum
2687 4338 2783 4393 te?
2814 4336 2893 4391 Ex
2915 4343 3047 4391 tunc
3088 4335 3171 4389 ira
3197 4344 3311 4389 tua.
3345 4334 3422 4389 De
3442 4350 3559 4390 cm—

1963 4426 2016 4482 lo
2055 4428 2408 4484 annuntiabis
2429 4428 2721 4499 judicium,
2750 4437 2898 4483 terra
2932 4428 3134 4482 timens
3175 4426 3399 4491 tacebit,
3428 4441 3560 4481 cum

274 4518 469 4573 eorum
520 4518 784 4574 innocens
808 4529 1034 4576 vexetur
1079 4528 1174 4575 aut
1223 4521 1645 4587 scandalizetur,
1680 4523 1859 4578 inten-
1890 4541 1936 4595 ι)
1965 4519 2267 4575 surrexerit
2285 4519 2351 4574 ad
2364 4518 2724 4589 iudicandum
2741 4517 2884 4573 Deus
2902 4528 2960 4572 ut
2984 4516 3341 4573 salvosfaciat
3365 4531 3558 4571 omnes

274 4610 465 4666 dentes
496 4612 784 4666 sententia
812 4610 1050 4679 Domini,
1104 4628 1213 4683 qua
1241 4613 1353 4667 ait:
1392 4632 1411 4665 ι
1443 4614 1501 4667 Si
1548 4615 1674 4685 quis
1704 4631 1867 4671 scan-

274 4702 594 4758 dalizavcrit
629 4718 797 4757 unum
820 4703 887 4758 de
916 4704 1129 4773 pusillis
1153 4704 1273 4760 istis
1302 4745 1318 4771 ,
1354 4706 1550 4761 melius
1579 4715 1665 4762 est
1700 4707 1777 4762 illi
1808 4720 1868 4763 ut

275 4796 646 4865 suspendatur
674 4796 818 4850 mola
850 4796 1087 4851 asinaria
1126 4796 1181 4850 in
1219 4798 1359 4852 collo
1389 4796 1605 4867 ejus,'et
1650 4799 1866 4855 demer-

276 4898 435 4959 gatur
457 4890 512 4944 in
563 4888 896 4959 profundum
944 4890 1181 4955 maris”,
1216 4909 1235 4941 ι
1271 4899 1375 4945 etc.
1407 4890 1451 4922 ⁸⁷
1494 4890 1640 4947 Deus
1684 4902 1867 4948 autem

274 4981 654 5050 omnipotens,
702 4989 763 5036 ut
784 4996 885 5037 nos
913 4997 941 5035 a
973 4982 1322 5050 praecipitata
1364 4984 1645 5039 sententia
1684 4986 1864 5055 prola-

275 5074 425 5129 tione
466 5082 835 5143 compesceret
871 5075 1017 5143 (cum
1050 5075 1235 5129 omnia
1274 5075 1418 5129 nuda
1460 5084 1514 5130 et
1539 5086 1725 5146 aperta
1754 5079 1865 5133 sint

274 5165 451 5220 oculis
486 5164 670 5236 ejus),
728 5165 870 5220 mala
918 5174 1100 5221 tamen
1128 5164 1381 5220 Sodoma
1410 5167 1584 5221 noluit
1610 5167 1795 5223 audita
1818 5170 1863 5201 ⁵³

270 5258 545 5328 judicare,
601 5258 921 5328 priusquam
946 5258 1235 5314 manifeste
1262 5266 1583 5327 agnosceret
1628 5275 1751 5329 qua
1775 5261 1864 5316 di-

408 5366 453 5399 ⁸⁸
481 5366 648 5421 Idem.
681 5365 817 5422 Vide
849 5368 980 5423 ibid.
1071 5368 1115 5400 ιθ
1140 5367 1300 5423 Joan.
1344 5385 1411 5434 x,
1461 5372 1548 5424 ll.

1970 4609 2131 4665 mites
2161 4617 2321 4665 terra
2346 4609 2412 4663 ⁶⁹.
2448 4628 2467 4661 ι
2506 4607 2570 4663 Et
2590 4607 2887 4679 Apostolus
2926 4606 3041 4661 ait:
3072 4624 3091 4657 ι
3112 4604 3243 4658 Mihi
3298 4604 3557 4671 vindicta,

1970 4717 2071 4773 ego
2101 4702 2401 4757 retribuam
2432 4702 2499 4755 ⁷ο.
2540 4719 2560 4753 ι
2593 4699 2661 4753 Ει
2691 4699 2820 4754 alibi
2844 4698 3032 4769 inquit
3063 4696 3202 4752 idem
3233 4696 3511 4767 apostolus
3537 4711 3552 4747 :

1978 4815 1997 4847 ι
2035 4794 2244 4851 Sufficit
2283 4794 2582 4864 unicuique
2624 4790 2954 4861 objurgatio,
2984 4806 3107 4859 qua
3141 4789 3199 4842 fit
3225 4804 3255 4842 a
3284 4786 3555 4857 pluribus,

1972 4889 2048 4943 ita
2079 4897 2142 4942 ut
2168 4886 2343 4956 magis
2374 4885 2607 4950 donetis,
2632 4892 2688 4938 et
2735 4881 3116 4948 consolemini,
3150 4896 3219 4935 ne
3267 4878 3405 4934 forte
3454 4878 3556 4931 ab-

1974 4981 2291 5038 undantiori
2321 4979 2542 5036 tristitia
2583 4978 2941 5034 absorbeatur
2978 4976 3025 5031 is
3055 4975 3149 5045 qui
3194 4974 3247 5028 in
3301 4971 3557 5041 angustia

1968 5084 2073 5133 est.
2098 5073 2327 5143 Propter
2356 5073 2503 5143 quod
2538 5072 2769 5127 obsecro
2788 5084 2907 5136 vos,
2935 5077 2994 5122 ut
3022 5065 3357 5122 confirmetis
3386 5064 3441 5118 in
3462 5063 3557 5117 illo

1969 5170 2291 5225 charitatem
2327 5170 2395 5222 τί.
2430 5188 2449 5220 ι
2484 5168 2551 5223 Ει
2574 5167 2839 5223 Dominus
2864 5166 2918 5220 in
2943 5164 3236 5235 Evangelia
3267 5160 3342 5216 ait
3372 5181 3387 5216 :
3416 5178 3436 5211 ι
3465 5157 3556 5213 Di-

1969 5263 2105 5334 liges
2132 5262 2423 5318 Dominum
2454 5260 2627 5316 Deum
2655 5270 2809 5317 tuum
2839 5275 2907 5314 ex
2934 5268 3049 5313 toto
3078 5256 3243 5313 corde
3272 5264 3385 5318 tuo,
3409 5264 3459 5307 et
3483 5268 3551 5308 ex

1650 5372 1697 5403 ⁸ο
1727 5370 1862 5428 Heb.
1914 5392 2037 5442 xm,
2084 5377 2172 5432 l7.
2248 5377 2456 5443 "2,q.
2485 5377 2549 5431 7:
2586 5375 2707 5431 Non
2753 5386 2910 5430 cata.
2963 5374 3029 5429 Et
3070 5374 3123 5428 in
3175 5374 3327 5427 Decr.
3381 5373 3535 5432 lvon.

275 5437 381 5517 lib:
403 5453 476 5489 tv.
556 5438 603 5517 δέ
633 5436 1055 5517 Isid._sentent.
1086 5440 1240 5517 wet
1266 5440 1357 5517 Mi.
1436 5441 1615 5517 “f_.l_e_r.
1650 5458 1726 5517 vt,
1751 5443 1842 5497 27.
1921 5446 1967 5478 “
2000 5436 2056 5512 (Ξ,
2090 5456 2285 5517 quast.
2322 5436 2385 5500 7':
2418 5436 2479 5501 Si
2510 5449 2601 5517 qui
2629 5457 2774 5502 sunt.
2827 5446 2893 5500 Et
2924 5446 2977 5499 in
3013 5445 3166 5499 Derr.
3208 5444 3427 5517 lvo_lib:
3476 5463 3548 5501 IV.

273 5507 318 5538 ⁵⁸
349 5508 404 5572 2,
437 5516 630 5576 quast.
661 5507 721 5561 7:
773 5508 906 5563 Sunt
956 5510 1199 5564 nonnulli
1234 5512 1345 5576 qui.

274 5576 399 5649 lvo.
428 5578 521 5632 Ιιι).
554 5593 628 5632 ιν.
696 5579 742 5610 ⁸⁸
778 5579 835 5633 S.
867 5578 1030 5649 Greg.
1078 5597 1171 5634 ιιι

272 5729 469 5785 quast.
522 5719 586 5773 5:
646 5716 872 5773 Nutlum
910 5731 1053 5775 ante.

275 5790 533 5842 trecentis
578 5798 702 5856 post
734 5789 1042 5847 Evaristum
1080 5792 1238 5849 annis
1272 5793 1424 5848 vixit.

276 5857 315 5887 “
350 5857 389 5909 ll
424 5859 549 5913 (lor.
579 5874 639 5925 ιι,
669 5860 700 5913 6
732 5860 784 5915 8.

275 5580 387 5631 lvo.
428 5580 521 5632 Ιιι).
554 5593 628 5632 ιν.
696 5580 742 5610 ⁵⁸
778 5580 835 5633 S.
867 5580 1030 5649 Greg.
1078 5597 1171 5634 χιιι
1212 5580 1408 5634 Moral.
1461 5582 1551 5644 M,
1585 5583 1784 5637 eoncil.
1832 5585 1877 5637 A

275 5649 316 5678 ’ί
356 5648 545 5702 Matth.
577 5664 676 5708 vn.
712 5650 763 5711 l,
811 5650 869 5705 2.
948 5651 994 5683 ⁸³
1023 5650 1112 5711 50,
1149 5660 1342 5711 quasi.
1377 5652 1444 5706 5:
1491 5652 1716 5705 Nullum
1747 5666 1877 5708 ante.

533 5688 545 5701 .
577 5667 676 5708 vn.
712 5667 763 5711 ι,
811 5667 869 5705 z.
948 5667 994 5683 "
1023 5667 1112 5714 ou,
1149 5667 1342 5718 quam.
1377 5667 1444 5706 δε
1491 5667 1716 5705 multum
1747 5667 1889 5709 ante.
1992 5667 2036 5689 "
2056 5667 2351 5713 hominum.
2445 5667 2491 5690 "
2526 5668 2724 5712 utrum.
2800 5667 2845 5689 “
2871 5667 3285 5725 comptevissent.
3387 5667 3431 5686 °°
3460 5667 3551 5718 δυ,

533 5719 586 5773 5:
646 5716 889 5798 Nuyum
910 5731 1053 5775 ante.
1149 5722 1204 5798 ‘7_
1230 5721 1390 5798 Rom.
1436 5724 1650 5798 xlv,‘_4._
1714 5724 1759 5798 {3
1795 5719 1940 5778 Psal.
1971 5744 2155 5793 Lxxw,
2225 5727 2383 5788 6-10,
2416 5745 2482 5783 ex
2512 5728 2961 5798 interpretatione
3004 5726 3062 5781 S.
3094 5724 3408 5798 Hieronymi
3456 5727 3553 5798 qui

1532 5795 1575 5826 ⁶⁹
1619 5793 1764 5850 Psal.
1812 5812 1974 5861 Lxxv,
2029 5800 2200 5866 7-10,
2257 5799 2446 5855 eodem
2499 5793 2793 5870 interprete
2829 5798 2977 5855 Hier.
3056 5799 3103 5829 "°
3133 5793 3423 5863 Bonus",
3461 5793 3549 5853 i9-

1458 5511 1909 5587 {°_Mattlt.__xvnt,
1940 5516 1992 5571 6.
2045 5511 2195 5583 "'2,
2223 5526 2416 5587 quast.
2458 5511 2533 5571 ιε’
2564 5518 2702 5571 Deus
2731 5518 3198 5587 omnipotenstut,
3225 5526 3279 5569 et
3311 5514 3372 5587 in
3396 5515 3549 5587 Decr.

1881 5588 2093 5689 quisgr.
2140 5584 2257 5642 57f
2307 5588 2353 5620 ⁸⁸
2381 5586 2581 5642 Genes.
2632 5604 2789 5653 xvul,
2836 5584 2928 5643 21.
3003 5586 3048 5617 ⁸ο
3070 5585 3296 5668 Gregor.
3332 5584 3549 5640 ibidem.

1992 5659 2011 5689 ϐ
2061 5659 2174 5689 1ης...
2188 5660 2326 5689 In...“
2445 5658 2491 5689 ιιι
2526 5668 2700 5689 ..ι-ιι...
2800 5659 2845 5689 ω
2874 5656 3263 5689 οηωηΙοιηροοκι
3387 5656 3431 5686 68
3462 5656 3530 5689 πη

2056 5659 2351 5713 hominum.
2445 5658 2491 5690 “
2526 5668 2724 5712 utrum.
2800 5659 2845 5689 ⁸⁸
2871 5656 3285 5725 complevissent.
3387 5656 3431 5686 ⁸⁸
3460 5656 3551 5718 50,
