4142 6390
604 381 744 435 1055

1723 381 2049 436 EVARISTI
2084 381 2283 437 PAPIE
2324 380 2703 437 EPISTOLIE.

3726 391 3864 446 1056

602 502 711 546 tota
742 492 923 545 anima
954 499 1065 555 tua,
1096 498 1148 545 et
1172 505 1238 546 ex
1272 493 1526 547 omnibus
1553 493 1760 550 viribus
1804 498 1930 563 tuis,
1957 504 2011 550 et
2056 513 2179 566 pro—
2205 506 2250 559 Α
2280 509 2500 569 propter
2532 499 2909 554 remissionem
2954 501 3370 569 praecedentium
3420 502 3769 567 delictorum.
3806 509 3861 562 in

603 583 808 637 ximum
840 592 992 637 tuum
1019 583 1161 637 sicut
1192 582 1425 652 teipsum
1478 586 1541 637 ⁷³.
1562 584 1828 641 »ῡίιθςιὶο
1862 588 2004 642 enim
2052 604 2180 658 pro-

601 672 733 724 ximi
763 672 966 725 malum
1014 687 1121 727 non
1155 672 1495 742 operatur".
1518 689 1537 724 ι
1562 674 1786 745 Propter
1802 673 1971 747 quod,
2021 678 2176 746 juxta

596 760 940 828 Apostolum,
978 763 1367 821 inexcusabilis
1397 782 1475 834 es,
1501 782 1535 821 ο
1562 767 1725 821 homo
1751 770 1952 835 omnis,
1976 770 2068 839 qui
2088 769 2179 839 ju-

595 851 764 906 dicas.
804 853 863 905 In
907 869 1018 923 quo
1064 857 1209 909 enim
1237 857 1450 926 judicas
1480 859 1732 925 alterum,
1784 861 2014 931 teipsnm
2047 876 2177 916 con—

596 938 844 1004 demnas,
874 941 1062 995 eadem
1096 959 1262 1013 agens
1305 964 1426 1016 quas
1467 949 1702 1017 judieas.
1761 950 1977 1006 Scimus
2028 952 2174 1005 enim

592 1031 1148 1101 quoniamjudicium
1205 1036 1294 1092 Dei
1347 1049 1430 1094 est
1456 1044 1753 1098 secundum
1789 1048 2069 1104 veritatem
2119 1052 2174 1106 in

590 1135 688 1175 eos
719 1123 812 1192 qui
842 1125 967 1178 talia
1002 1136 1186 1196 agunt.
1223 1128 1519 1189 Existimas
1571 1144 1753 1192 autem
1796 1140 1915 1205 hoc,
1950 1156 1982 1193 ο
2011 1143 2174 1201 homo

592 1214 793 1278 omnis,
820 1218 911 1284 qui
936 1217 1150 1284 judicas
1176 1235 1269 1275 eos
1303 1224 1394 1291 qui
1442 1226 1568 1279 talia
1607 1239 1793 1297 agunt,
1821 1240 1874 1285 et
1901 1231 2035 1290 facis
2086 1251 2173 1301 ea,

589 1305 719 1373 quia
748 1314 807 1359 tu
839 1307 1062 1378 eﬂ‘ngies
1087 1310 1351 1379 judicium
1385 1317 1513 1371 Dei?
1540 1318 1621 1372 An
1666 1320 1884 1378 divitias
1912 1323 2174 1383 bonitatis

586 1399 707 1466 ejus
730 1408 782 1453 et
809 1403 1104 1469 patientize,
1131 1416 1182 1459 et
1206 1407 1633 1477 longanimitatis
1657 1416 1958 1472 contemnis
1974 1419 1997 1471 ?
2016 1420 2173 1490 Igno-

589 1504 700 1553 ras,
730 1493 986 1559 quoniam
1019 1496 1321 1567 benignitas
1368 1499 1461 1555 Dei
1491 1504 1557 1557 ad
1591 1508 1960 1574 paenitentiam
1992 1518 2044 1564 te
2073 1513 2170 1566 ad-

586 1582 769 1637 ducit?
802 1584 1110 1642 Secundum
1137 1601 1313 1645 autem
1340 1592 1595 1650 duritiam
1645 1608 1790 1652 tuam
1834 1610 1887 1654 et
1919 1603 2171 1673 impceni-

587 1682 706 1729 tcns
741 1691 853 1741 cor,
890 1678 1340 1737 thesaurizastibi
1373 1685 1509 1739 iram
1538 1687 1590 1741 in
1624 1688 1711 1743 die
1750 1691 1844 1744 ira}
1872 1688 1929 1747 et
1962 1694 2170 1748 revela-

586 1767 903 1838 tionisjusti
928 1771 1119 1841 judicii
1154 1774 1265 1842 Dei,
1295 1777 1386 1845 qui
1426 1778 1611 1833 reddet
1640 1781 1935 1853 unicuique
1966 1801 2165 1840 secun-

585 1858 714 1913 dum
750 1876 913 1930 opera
945 1864 1093 1932 ejus;
1124 1865 1210 1920 liis
1234 1869 1473 1936 quidem,
1502 1872 1593 1940 qui
1626 1876 1923 1929 secundum
1954 1878 2165 1946 patien-
2198 1852 2239 1907 Β

584 1951 715 2005 tiam
745 1954 869 2008 boni
906 1958 1106 2024 operis,
1138 1960 1364 2029 gloriam
1396 1973 1450 2018 et
1484 1964 1740 2020 honorem
1795 1977 1849 2022 et
1878 1970 2165 2040 incorrup-

582 2041 806 2107 tionem,
837 2049 1204 2112 quzerentibus
1238 2052 1401 2106 vitam
1429 2062 1718 2122 aeternam;
1754 2057 1839 2112 his
1861 2070 2040 2114 autem
2072 2061 2164 2129 qui

580 2145 644 2183 ex
678 2136 1046 2203 contentione,
1067 2148 1120 2192 et
1153 2142 1246 2209 qui
1278 2158 1386 2197 non
1422 2148 2032 2215 acquiescuntveritati,
2056 2168 2168 2208 cre-

578 2221 713 2276 dunt
742 2234 919 2280 autem
974 2229 1270 2299 iniquitati,
1307 2234 1386 2288 ira
1414 2245 1468 2290 et
1504 2237 1841 2308 indignatio;
1890 2242 2166 2297 tribulatio

575 2324 631 2368 et
665 2320 917 2387 angustia
969 2322 1022 2375 in
1077 2340 1293 2380 omnem
1349 2329 1587 2383 animam
1623 2331 1860 2389 hominis
1891 2336 2166 2403 operantis

580 2409 808 2476 malum,
841 2410 1016 2467 Judzei
1065 2418 1301 2484 primum
1335 2430 1388 2474 et
1422 2420 1627 2490 Graeci;
1659 2425 1829 2494 gloria
1885 2436 2065 2481 autem
2115 2437 2168 2482 et

580 2500 756 2555 honor
808 2512 861 2557 et
915 2520 1020 2573 pax
1074 2510 1219 2562 omni
1246 2515 1493 2580 operanti
1548 2516 1751 2571 bonum
1776 2519 1838 2571 ⁷⁸.
1874 2539 1892 2570 ι
1929 2519 1990 2573 Et
2038 2521 2167 2575 alibi

578 2594 717 2647 idem
738 2595 809 2649 ait
834 2598 1125 2665 Apostolus
1150 2620 1161 2655 :
1191 2603 1440 2659 «Causati
1462 2607 1604 2660 enim
1626 2625 1837 2678 sumus,
1857 2627 2046 2668 omnes
2064 2614 2165 2668 sub

575 2698 799 2755 peccato
823 2706 963 2757 esse,
987 2695 1129 2748 sicut
1150 2698 1411 2767 scriptum
1434 2711 1549 2757 est:
1573 2700 1709 2767 Quia
1738 2719 1846 2757 non
1870 2712 1953 2759 est
1980 2707 2165 2773 justus

576 2779 1003 2848 quisquam,iion
1022 2796 1105 2840 est
1121 2788 1561 2860 intelligens,non
1579 2801 1662 2847 est
1676 2795 1958 2862 requirens
1973 2795 2162 2851 Deum.

576 2870 780 2927 Omnes
800 2874 1398 2949 deelinaverunt,simul
1416 2885 1633 2941 inutiles
1652 2885 1777 2941 facti
1798 2898 1945 2955 sunt,
1963 2905 2065 2943 non
2083 2898 2167 2945 est

574 2964 669 3031 qui
696 2962 853 3019 faciat
880 2967 1102 3035 bonum,
1145 2989 1251 3026 non
1298 2984 1381 3030 est
1424 2992 1599 3045 usque
1649 2979 1714 3032 ad
1755 2994 1945 3034 unum.
1982 2978 2168 3050 Sepul-

576 3069 731 3112 crum
803 3068 992 3127 patens
1019 3073 1102 3118 est
1140 3074 1325 3135 guttur
1362 3083 1575 3135 eorum,
1608 3069 1808 3141 linguis
1837 3073 1954 3127 suis
1976 3073 2164 3129 dolose

579 3149 1102 3217 agebant,venenum
1132 3160 1380 3227 aspidum
1401 3162 1678 3217 sublabiis
1694 3163 2161 3231 eorum.Quorum
2192 3198 2233 3255 ο

575 3254 639 3294 os
672 3243 1051 3300 maledictione
1082 3255 1135 3302 et
1168 3251 1533 3306 amaritudine
1562 3254 1781 3322 plenum
1805 3265 1921 3321 est,
1948 3258 2160 3312 veloces

572 3332 734 3400 pedes
764 3349 952 3390 eorum
986 3338 1052 3391 ad
1077 3340 1462 3396 eﬂ‘undendum
1513 3346 1856 3415 sanguinem.
1891 3346 2159 3403 Contritio

573 3433 626 3477 et
648 3423 937 3485 infelicitas
984 3430 1040 3484 in
1067 3431 1168 3487 viis
1207 3448 1420 3501 eorum,
1449 3442 1502 3489 et
1531 3437 1672 3490 viam
1720 3438 1871 3507 pacis
1903 3455 2013 3494 non
2062 3456 2158 3494 co-

574 3528 896 3584 gnoverunt,
938 3530 990 3577 et
1016 3539 1122 3577 non
1156 3536 1237 3579 est
1265 3526 1427 3581 timor
1457 3524 1549 3581 Dei
1575 3538 1700 3584 ante
1729 3531 1917 3585 oculos
1943 3547 2154 3587 eorum.

575 3607 793 3665 Scimus
826 3621 1007 3667 autem
1064 3618 1322 3685 quoniam
1383 3635 1720 3691 quaecunque
1755 3622 1837 3676 lex
1895 3624 2155 3693 loquitur,

573 3698 658 3755 his
687 3702 779 3770 qui
806 3702 861 3756 in
892 3704 1007 3773 lege
1042 3716 1169 3760 sunt
1199 3709 1460 3778 loquitur,
1491 3720 1550 3765 ut
1572 3726 1732 3767 omne
1773 3728 1835 3769 os
1900 3715 2156 3770 obstrua-

574 3799 684 3855 tur,
711 3803 763 3847 et
795 3795 1044 3851 subditus
1071 3799 1162 3853 tiat
1190 3802 1368 3855 omnis
1415 3804 1654 3859 mundus
1687 3804 1837 3872 Deo;
1892 3808 2155 3877 quoniam

571 3897 638 3937 ex
671 3885 925 3953 operibus
957 3889 1089 3959 legis
1115 3906 1221 3945 non
1248 3891 1640 3962 justilicabitur
1701 3897 1881 3952 omnis
1905 3913 2033 3953 caro
2067 3914 2159 3954 co-

574 3989 690 4028 ram
725 3976 836 4030 illo.
869 3977 971 4032 Per
1021 3981 1191 4050 legem
1241 3986 1384 4038 enim
1433 3988 1671 4057 c0gnitio
1720 3991 1949 4057 peccati.
2001 3988 2159 4046 Nunc

571 4074 751 4120 autem
782 4069 899 4123 sine
931 4070 1044 4141 lege
1065 4073 1274 4142 justitia
1304 4075 1398 4130 Dei
1449 4077 1795 4133 manifestata
1827 4088 1930 4147 est,
1960 4081 2156 4135 testifi-

574 4167 694 4211 cata
756 4175 784 4212 a
844 4160 960 4231 lege
1004 4172 1058 4217 et
1115 4168 1411 4236 prophetis.
1444 4166 1661 4225 Justitia
1705 4179 1885 4226 autem
1938 4171 2030 4228 Dei
2061 4188 2158 4243 per

574 4246 733 4301 ﬁdem
756 4248 881 4304 Jesu
906 4251 1106 4308 Christi
1136 4255 1190 4308 in
1214 4272 1406 4313 omnes
1436 4267 1491 4313 et
1515 4275 1679 4330 super
1703 4277 1893 4317 onmes
1920 4264 2013 4332 qui
2040 4280 2157 4321 cre-

573 4338 727 4392 dunt.
758 4337 877 4394 Non
920 4344 1064 4396 enim
1094 4355 1174 4401 est
1203 4347 1499 4403 distinctio.
1545 4350 1748 4407 Omnes
1784 4353 1927 4407 enim
1958 4370 2152 4424 pecca-

572 4438 786 4495 verunt,
823 4438 877 4485 et
906 4443 1063 4503 egent
1108 4437 1279 4506 gloria
1340 4438 1757 4509 Dei,justiﬂcati
1832 4446 2001 4514 gratis
2059 4462 2155 4517 per

2278 594 2725 647 sustentationem
2756 592 2868 660 Dei,
2903 595 2967 648 ad
2994 596 3361 650 ostensionem
3395 596 3622 666 justitice
3651 599 3767 669 ejus
3805 602 3858 656 in

2279 684 2383 739 hoc
2407 693 2669 753 tempore,
2704 694 2762 738 ut
2790 685 2859 740 sit
2891 686 3227 755 ipsejustus,
3262 696 3315 741 et
3359 687 3673 757 justificans
3703 708 3857 763 eum,

2278 776 2370 845 qui
2392 792 2457 830 ex
2486 775 2589 829 tide
2622 785 2704 830 est
2729 775 2855 831 Jesu
2878 777 3083 831 Christi
3112 778 3177 832 ⁷⁸.
3216 797 3234 828 ι
3266 779 3402 833 Item
3434 780 3574 834 idem
3608 798 3621 833 :
3658 802 3677 834 ι
3716 782 3857 851 Quis

2278 868 2553 923 accusabit
2581 869 2843 923 adversus
2876 869 3078 924 electos
3116 870 3253 926 Dei?
3282 869 3426 928 Deus
3449 875 3541 942 qui
3566 874 3859 945 iustificat?

2278 960 2412 1027 Quis
2442 970 2525 1017 est
2569 963 2661 1032 qui
2700 963 3069 1017 condemnet?
3100 961 3351 1018 Christus
3399 962 3559 1021 Jesus
3591 968 3683 1037 qui
3712 983 3859 1023 mor—

2279 1064 2405 1109 tuus
2433 1063 2535 1120 est,
2565 1055 2675 1108 imo
2703 1055 2794 1124 qui
2825 1063 2878 1109 et
2906 1056 3223 1123 resurrexit,
3249 1057 3341 1126 qui
3370 1070 3454 1111 est
3479 1060 3544 1113 ad
3576 1060 3855 1116 dexteram

2281 1143 2391 1207 Dei,
2426 1145 2515 1215 qui
2546 1147 2710 1200 etiam
2749 1146 3056 1216 interpellat
3098 1162 3197 1216 pro
3239 1149 3573 1215 nobis.Quis
3595 1167 3723 1222 ergo
3754 1169 3859 1210 nos

2277 1235 2553 1303 separabit
2607 1251 2635 1289 a
2684 1236 2948 1291 charitale
2988 1235 3247 1291 Christi?
3285 1236 3626 1295 Tribulatio?
3678 1258 3854 1312 angu-

2276 1327 2422 1381 stia?
2452 1344 2522 1381 an
2553 1329 2902 1397 persecutio?
2928 1342 2998 1381 an
3032 1326 3242 1384 fames?
3270 1346 3337 1384 an
3371 1334 3626 1387 nuditas?
3655 1352 3721 1388 an
3754 1352 3849 1405 pe—

2276 1420 2550 1476 riculum?
2578 1438 2645 1477 an
2671 1423 2880 1493 gladius
2903 1424 2925 1477 ?
2949 1425 3091 1479 sicut
3121 1426 3384 1494 scriptum
3410 1434 3493 1481 est
3525 1444 3537 1478 :
3562 1426 3701 1493 Quia
3726 1444 3855 1498 pro‘

2274 1522 2391 1582 pter
2424 1522 2474 1567 te
2501 1515 2896 1570 mortiﬁcamur
2924 1524 3032 1570 tota
3060 1516 3144 1569 die
3163 1558 3178 1581 ,
3203 1516 3454 1571 aestimati
3483 1534 3675 1574 sumus
3713 1520 3854 1575 sicut

2274 1616 2402 1658 oves
2456 1605 2769 1660 occisionis.
2830 1605 2935 1661 Sed
2986 1608 3039 1660 in
3095 1606 3180 1662 his
3228 1606 3482 1662 omnibus
3532 1624 3852 1679 superamus

2272 1704 2491 1763 propter
2542 1710 2665 1749 eum
2717 1696 2811 1765 qui
2843 1695 3033 1750 dilexit
3088 1711 3209 1751 nos.
3266 1695 3461 1752 Certus
3506 1713 3626 1752 sum
3681 1700 3849 1764 enim,

2272 1786 2399 1855 quia
2435 1802 2611 1856 neque
2642 1802 2809 1853 mors,
2868 1802 3042 1856 neque
3072 1788 3205 1851 vita,
3240 1803 3417 1857 neque
3462 1790 3852 1860 angeli,neque

2270 1878 2624 1949 principatus,
2658 1895 2834 1949 neque
2858 1880 3108 1945 virtutes,
3152 1896 3330 1950 neque
3358 1882 3641 1946 instantia,
3675 1900 3850 1953 neque

2270 1970 2477 2035 futura,
2508 1986 2687 2041 neque
2712 1970 2994 2036 fortitudo,
3029 1986 3205 2041 neque
3232 1972 3480 2039 altitudo,
3518 1990 3691 2043 neque
3713 1991 3841 2043 pro-

2269 2061 2521 2125 fundum,
2554 2076 2731 2132 neque
2777 2072 3023 2117 creatura
3066 2064 3169 2118 alia
3215 2070 3409 2133 poterit
3454 2081 3553 2121 nos
3593 2083 3845 2136 separare

2270 2169 2298 2207 a
2343 2154 2610 2209 charitate
2650 2155 2765 2219 Dei,
2793 2172 2913 2226 quae
2956 2168 3038 2211 est
3082 2157 3137 2210 in
3192 2156 3404 2214 Christo
3430 2156 3555 2213 Jesu
3610 2158 3840 2215 Domino

2269 2243 2567 2298 nostro".+
2586 2244 2853 2301 Debemus
2876 2257 3055 2300 autem
3094 2261 3213 2311 nos,
3249 2256 3307 2299 ut
3334 2249 3407 2299 ait
3435 2247 3572 2301 idem
3623 2259 3840 2318 aposto-

2269 2335 2385 2399 lus,
2427 2335 2693 2390 lirmiores
2725 2336 3127 2392 imbecillitates
3161 2338 3497 2392 infirmorum
3551 2343 3834 2407 sustinere,

2268 2433 2321 2478 et
2348 2425 2391 2454 ⁷⁷
2425 2424 2582 2480 nobis
2628 2426 2859 2495 placere.
2912 2425 3304 2496 Unusquisque
3322 2438 3559 2482 vestrum
3591 2430 3633 2460 ⁷⁸
3663 2432 3844 2499 proxi-

2269 2532 2357 2571 mo
2381 2532 2482 2572 suo
2512 2519 2722 2587 placeat
2754 2520 2806 2572 in
2834 2519 3032 2573 bonum
3062 2520 3129 2574 ad
3170 2520 3602 2576 aedificationem.
3632 2523 3843 2579 Etenim

2267 2607 2519 2664 Christus
2568 2624 2676 2664 non
2700 2610 2802 2665 sibi
2833 2612 3055 2680 placuit,
3091 2613 3205 2677 sed,
3246 2614 3390 2667 sicut
3435 2615 3695 2684 scriptum
3739 2627 3842 2678 est.

2268 2701 2596 2771 improperia
2635 2703 3117 2773 improperantium
3169 2705 3296 2769 tibi,
3322 2707 3639 2761 ceciderunt
3684 2725 3846 2778 super

2268 2807 2355 2846 me
2385 2794 2451 2847 7'.
2480 2792 2803 2849 Benedictus
2833 2793 2974 2849 Deus
2999 2804 3052 2849 et
3073 2794 3231 2849 Pater
3263 2795 3477 2849 Domini
3514 2798 3683 2852 nostri
3717 2798 3848 2855 Jesu

2266 2880 2491 2947 Christi,
2523 2882 2683 2939 Pater
2711 2885 3232 2949 misericordiarum,
3266 2895 3319 2941 et
3350 2885 3495 2943 Deus
3518 2890 3684 2944 totius
3712 2907 3843 2945 con-

2268 2975 2574 3042 solationis,
2606 2975 2697 3045 qui
2733 2977 3047 3031 consolatur
3081 2992 3182 3032 nos
3231 2979 3282 3031 in
3314 2982 3461 3033 omni
3498 2982 3845 3037 tribulatione

2267 3073 2471 3131 nostra,
2508 3075 2565 3121 ut
2623 3070 2900 3137 possimus
2952 3078 3005 3122 et
3034 3069 3136 3139 ipsi
3201 3071 3474 3125 consolari
3521 3087 3615 3128 eos
3644 3076 3736 3143 qui
3787 3076 3842 3128 in

2268 3159 2417 3212 omni
2441 3174 2697 3229 pressura
2727 3169 2873 3227 sunt,
2904 3175 3000 3229 per
3049 3162 3480 3217 exhortationem
3504 3179 3612 3233 qua
3644 3166 3843 3219 exhor-

2266 3259 2448 3304 tamur
2475 3252 2647 3321 etipsi
2676 3267 2705 3305 a
2726 3249 3142 3321 Deo;quoniam
3163 3254 3309 3309 sicut
3338 3256 3616 3310 abundant
3645 3258 3843 3326 passio-

2262 3356 2361 3396 nes
2389 3340 2592 3397 Christi
2648 3342 2701 3396 in
2739 3343 3012 3410 nobis,ita
3053 3354 3106 3399 et
3130 3360 3227 3414 per
3276 3345 3554 3402 Christum
3602 3349 3841 3403 abundat

2261 3434 2562 3489 consolatio
2590 3446 2799 3492 nostra.
2835 3435 2959 3491 Sive
2985 3444 3164 3492 autem
3191 3438 3517 3495 tribulamur
3538 3455 3636 3509 pro
3658 3450 3839 3496 vestra

2260 3526 2641 3581 exhortatione
2678 3536 2730 3582 et
2764 3529 2958 3595 salute,
2992 3530 3106 3584 sive
3135 3530 3488 3585 exhortamur
3516 3546 3615 3602 pro
3659 3540 3838 3587 vestra

2258 3618 2659 3686 exhortatione,
2686 3634 2807 3690 quae
2839 3629 3095 3689 operatur
3143 3622 3482 3676 tolerantiam
3521 3624 3835 3680 earumdem

2259 3710 2597 3778 passionum,
2637 3727 2774 3781 quas
2797 3720 2851 3766 et
2873 3727 2973 3767 nos
3006 3713 3264 3782 patimur,
3290 3720 3343 3767 et
3375 3729 3500 3783 spes
3540 3724 3728 3769 nostra
3746 3715 3839 3769 fir-

2261 3816 2348 3855 ma
2379 3810 2461 3856 est
2488 3818 2585 3871 pro
2618 3804 2792 3870 vobis,
2819 3803 3052 3858 scientes
3079 3805 3336 3872 quoniam
3376 3805 3515 3860 sicut
3542 3807 3673 3861 socii
3718 3821 3841 3876 pas-

2260 3892 2473 3947 sionum
2505 3894 2660 3960 estis,
2716 3893 2797 3948 sic
2822 3893 2994 3960 eritis,
3031 3902 3084 3947 et
3118 3894 3507 3951 consolationis
3545 3897 3610 3952 ⁸ο.
3636 3895 3838 3952 Fidelis

2257 3993 2436 4037 autem
2468 3982 2632 4049 Deus,
2672 3986 2765 4055 qui
2803 4001 2911 4039 non
2970 3985 3203 4054 patietur
3239 4000 3335 4041 vos
3361 3989 3552 4043 tentari
3585 3983 3746 4060 super
3779 3992 3836 4046 id

2258 4073 2402 4142 quod
2428 4076 2671 4143 potestis,
2706 4075 2797 4129 sed
2822 4074 2979 4131 faciet
3014 4092 3140 4131 cum
3179 4080 3474 4134 tentatione
3512 4083 3674 4135 etiam
3707 4097 3836 4151 pro-

2255 4174 2501 4229 ventum,
2524 4174 2583 4218 ut
2617 4167 2838 4235 possitis
2881 4172 3151 4228 sustinere
3183 4173 3249 4227 ⁸⁸.
3278 4192 3296 4224 ι
3340 4172 3385 4204 θ’
3416 4170 3641 4241 Propter
3662 4176 3830 4243 quod,

2255 4255 2566 4311 eharissimi
2594 4298 2609 4323 ,
2650 4259 2935 4314 sectamini
2984 4263 3305 4318 charitatem
3334 4305 3349 4330 ,
3401 4273 3455 4318 et
3503 4264 3833 4319 azmulamini

2257 4355 2481 4410 meliora
2515 4366 2569 4411 et
2594 4356 2898 4425 spiritualia
2931 4360 2995 4426 ⁸³,
3038 4369 3092 4417 et
3123 4361 3378 4431 adjuvate
3439 4377 3537 4416 vos
3574 4361 3831 4428 invicem,

2256 4454 2314 4498 ut
2347 4443 2458 4501 Deo
2490 4462 2701 4517 semper
2743 4449 2796 4502 in
2845 4451 3101 4507 omnibus
3133 4453 3345 4522 placere
3393 4453 3637 4509 valeatis.
3687 4452 3832 4509 Deus
3900 4492 3906 4497 ρ

572 4519 801 4588 gratiam
822 4522 1011 4593 ipsius,
1032 4541 1126 4595 per
1150 4529 1576 4600 redemptionem
1599 4544 1822 4603 quaeest
1853 4536 1908 4590 in
1927 4534 2147 4593 Christo
2180 4542 2226 4599 D
2256 4549 2436 4593 autem
2468 4540 2619 4609 pacis
2638 4542 2710 4596 sit
2738 4558 2861 4597 cum
2909 4519 3161 4600 omnibus
3192 4546 3367 4602 vobis.
3400 4546 3592 4599 Amen.

570 4608 696 4665 Jesu
724 4629 884 4682 quem
915 4622 1200 4687 pr0p05uit
1243 4620 1385 4677 Deus
1419 4625 1828 4695 prepitiatorem
1866 4643 1961 4697 per
1990 4628 2150 4684 [idem

571 4705 626 4762 in
677 4711 942 4779 sanguine
998 4711 1202 4781 ipsius,
1243 4715 1309 4769 ad
1357 4719 1729 4773 ostensionem
1785 4718 2011 4788 justitia:
2041 4736 2152 4776 suae

2330 4628 2465 4685 Data
2490 4630 2715 4687 Kalend.
2754 4633 3014 4691 Novemb.
3065 4640 3132 4706 ετ,
3161 4638 3317 4693 Gallo
3343 4648 3396 4692 et
3440 4636 3653 4691 Bradua
3697 4635 3832 4690 viris

2259 4722 2581 4779 clarissimis
2610 4740 2757 4780 coss.

1522 5022 1635 5085 EX
1664 5023 2056 5088 DECRETIS
2089 5028 2468 5089 EVARISTI
2500 5028 2723 5087 PAPIE
2768 5026 2873 5109 (li).

709 5181 1019 5237 Secundum
1053 5185 1297 5241 codicem
1318 5188 1581 5243 librorum
1616 5190 1860 5260 quinque
1890 5191 1968 5262 (5)
1996 5192 2110 5274 'lib.
2144 5210 2276 5317 vhc.
2393 5194 2596 5251 Tamen
2627 5198 2923 5252 secundum
2969 5198 3251 5256 Decretum
3281 5200 3545 5270 Gratiani,
3592 5214 3674 5260 est

1832 5271 2151 5317 constitutio
2234 5281 2376 5317 venit
2409 5281 2576 5317 name.

1832 5271 2151 5318 constitutio
2180 5271 2376 5336 Hygini
2409 5281 2576 5335 papa}.

671 5412 718 5444 ⁷³
746 5414 936 5470 Matth.
994 5435 1128 5485 xxii,
1186 5420 1277 5475 57.

568 5495 744 5550 usque
772 5487 837 5540 ad
866 5489 1045 5543 tinem.
1125 5490 1169 5520 ⁷⁷
1215 5506 1339 5544 non.
1415 5493 1459 5522 ⁷⁸
1500 5504 1756 5546 nostrum.

576 5554 727 5619 epuli,
756 5554 909 5610 Patr.
946 5571 987 5611 t.
1020 5558 1063 5614 1.
1098 5559 1255 5613 Enn.
1333 5562 1379 5593 ⁸³
1408 5560 1575 5616 lCor.
1608 5579 1720 5629 xw,
1750 5564 1799 5619 1.

642 5692 927 5777 g4)__Vetus
948 5698 1197 5777 collectio
1232 5716 1347 5777 _ms.
1376 5702 1640 5777 librorum
1680 5704 1922 5774 quinque
1946 5722 2065 5777 cap.
2087 5708 2141 5774 8,

572 5763 762 5818 tribuit
794 5776 1052 5833 pneterea
1087 5768 1335 5826 Evaristo
1366 5771 1644 5828 decretum
1686 5763 2145 5845 quod-consarci:

1955 5858 2141 5902 ηυιυιη

1386 5422 1431 5453 ⁷³
1464 5421 1620 5475 Rom.
1652 5438 1769 5489 xm,
1806 5424 1893 5477 10.
1968 5426 2013 5457 7‘
2045 5425 2204 5481 Rom.
2262 5445 2321 5492 ii,
2380 5430 2532 5484 140.

1415 5493 1459 5522 78
1501 5504 1734 5526 κηρινοιηι
1835 5495 1878 5526 70
1904 5494 2039 5526 unm
2116 5514 2187 5526 ιη,
2241 5499 2261 5526 ι
2307 5500 2336 5526 2
2457 5500 2532 5526 ani

1903 5494 2063 5549 Rom.
2116 5514 2205 5561 xv,
2241 5499 2358 5553 1-5.
2457 5501 2503 5532 ⁸ο
2526 5499 2570 5553 Il
2592 5502 2719 5557 Cor.
2752 5520 2791 5568 ι,
2828 5494 2970 5559 5ο7.’
3049 5508 3091 5538 ⁸¹
3126 5507 3142 5560 l
3172 5507 3205 5562 C

1878 5565 1924 5596 εδ
1948 5581 2039 5620 an.
2072 5568 2272 5624 Christi
2309 5570 2431 5634 108,
2463 5570 2643 5628 adhuc
2677 5573 2889 5628 vivente
2922 5576 3205 5633 Anacleto.

2613 5434 2657 5504 Ϊδ
2691 5432 2847 5487 Rom.
2888 5451 2971 5502 ιιι,
3022 5436 3174 5491 9-‘26.
3277 5439 3321 5469 ⁷⁵
3354 5437 3511 5492 Rom.
3550 5455 3681 5504 vni,
3732 5438 3825 5503 '55,

2457 5499 2722 5576 °°_I_lCor._
2752 5520 2791 5568 ι,
2828 5499 2965 5559 5ο7.’
3049 5508 3091 5538 ⁸¹
3126 5507 3142 5560 l
3172 5507 3298 5563 Cor.
3330 5524 3384 5576 ι,
3423 5510 3507 5564 15.
3582 5510 3627 5541 ⁸²
3651 5499 3825 5564 Clem.

2322 5709 2399 5777 (5)
2445 5708 2571 5763 Duse
2613 5724 2738 5767 sunt
2772 5715 2950 5770 adhuc
3002 5717 3221 5773 incditae
3267 5720 3611 5774 eollectiones
3665 5732 3829 5773 cano-

2253 5795 2403 5846 num,
2429 5797 2659 5849 qnoruin
2693 5786 2860 5840 altera
2891 5788 2945 5840 in
2977 5789 3218 5859 quinun
3252 5790 3437 5857 libros,
3470 5800 3522 5845 et
3563 5791 3727 5911 altelra
3749 5790 3824 5867 _in

3200 5880 3204 5886 ‘
3550 5876 3663 5912 50.“
3683 5873 3824 5912 ccum

3200 5880 3204 5886 ‘
3550 5876 3743 5914 51³3000
