4142 6422
622 367 761 424 1059

1935 353 2330 410 ALEXANDRI
2381 354 2401 409 l
2455 352 2658 408 PAPA".

3764 355 3892 413 1060

620 490 706 538 est
739 496 906 547 cura,
938 480 984 535 si
1024 478 1392 543 dissimulem,
1423 477 1644 532 audiam
1684 474 1921 531 Domino
1951 476 2203 530 dicente:
2237 479 2285 535 Α
2313 472 2721 539 Vastabuntur,
2751 471 2882 542 quia
2913 471 3255 543 praevaricati
3305 482 3437 529 sunt
3479 473 3535 528 in
3570 488 3689 542 me;
3717 483 3773 530 et
3798 491 3892 547 ego

628 593 649 626 ι
682 574 972 643 Rejecistis
998 573 1316 628 mandatum
1359 571 1488 634 Dei,
1520 580 1581 624 ut
1609 569 1864 623 statuatis
1894 568 2217 623 traditiones

620 673 834 719 vestras
856 665 929 717 '°.
965 681 983 713 ι
1013 662 1154 728 Quid
1180 664 1327 717 enim
1359 661 1506 715 aliud
1536 670 1621 714 est
1644 659 1872 729 rejicere
1900 658 2215 713 mandatum

624 757 743 821 Dei,
771 771 936 825 quam
979 756 1191 824 privato
1225 754 1459 809 consilio
1499 752 1709 823 judicio
1743 752 2020 818 humano,
2056 752 2215 805 novis

623 849 789 903 rebus
812 848 1214 904 constituendis
1243 847 1471 901 liberius
1507 845 1805 899 delectari?
1832 843 1987 899 Unde
2008 854 2063 900 et
2084 846 2213 900 alibi

622 943 889 1012 scriptum
913 952 997 996 est
1020 961 1032 995 :
1064 960 1082 992 ι
1102 938 1180 994 Ne
1198 938 1620 1009 transgrediaris
1641 938 1907 993 terminos
1934 938 2211 1007 antiquos,

623 1050 764 1105 quos
802 1042 1108 1105 posuerunt
1164 1042 1348 1101 patres
1395 1033 1562 1086 tui“.
1599 1052 1618 1084 ι
1660 1030 1951 1085 Terminos
1994 1030 2212 1086 indubi—

624 1135 803 1181 tanter
828 1124 1259 1195 transgreditur,
1292 1124 1386 1193 qui
1420 1131 1628 1178 statuta
1671 1130 1891 1193 patrum
1928 1120 2213 1193 postponit

622 1229 787 1288 atque
836 1217 1151 1273 confundit.
1186 1215 1439 1271 Pervenit
1461 1218 1507 1248 θ’
1547 1230 1787 1284 namque
1823 1213 1891 1268 ad
1929 1216 2215 1269 conscien-

623 1312 757 1366 tiam
811 1309 1129 1379 apostolica:
1179 1307 1361 1370 sedis,
1424 1307 1575 1376 quod
1622 1306 1874 1361 nonnulli
1926 1314 2055 1361 sunt
2098 1314 2211 1359 tam

623 1403 847 1468 stolidi,
879 1402 974 1473 qui
1014 1400 1299 1455 Dominica
1352 1407 1658 1470 praecepta,
1706 1408 1761 1455 et
1793 1400 2207 1469 apostolorum,

624 1509 927 1564 eorumque
960 1509 1343 1549 successorum
1388 1502 1596 1548 statuta
1630 1492 1859 1547 minime
1888 1492 2208 1557 observant,

624 1597 679 1642 et
706 1603 801 1642 eos
840 1588 907 1641 de
954 1587 1157 1655 quibus
1187 1585 1455 1641 Dominus
1485 1585 1598 1639 ait:
1652 1603 1671 1635 ι
1716 1582 1819 1649 Qui
1851 1599 1951 1638 vos
1998 1582 2209 1651 tangit,

622 1678 799 1747 tangit
835 1676 1097 1747 pupillam
1128 1676 1276 1730 oculi
1308 1676 1416 1729 mei
1439 1676 1518 1741 9‘;
1556 1694 1574 1727 ι
1619 1690 1731 1728 non
1769 1675 1948 1730 solum
1986 1684 2212 1743 tangere

622 1776 849 1831 minime
870 1774 1143 1838 dubitant,
1164 1772 1259 1827 sed
1290 1771 1453 1825 etiam
1478 1769 1734 1841 persequi
1756 1785 1863 1825 non
1890 1769 2206 1824 formidant.

2319 568 2525 622 redemi
2555 581 2671 628 eos,
2699 574 2755 619 et
2784 564 2885 635 ipsi
2917 565 3085 619 locuti
3107 572 3236 619 sunt
3259 574 3451 619 contra
3474 580 3563 619 me
3591 567 3889 623 mendacia.

2316 651 2384 706 Et
2418 668 2527 707 non
2566 652 2942 707 clamaverunt
2968 652 3033 706 ad
3065 668 3151 706 me
3184 652 3236 706 in
3267 653 3430 706 corde
3458 668 3581 721 suo,
3609 656 3703 709 sed
3731 656 3893 711 ulula-

2318 746 2451 799 bant
2480 745 2534 798 in
2589 743 2864 799 cubilibus
2912 744 3049 798 suis.
3109 743 3285 812 Super
3316 744 3555 798 triticum
3605 756 3661 800 et
3710 746 3889 800 vinum

2315 836 2706 901 ruminabant,
2743 846 2797 889 et
2845 843 3193 889 recesserunt
3227 850 3257 887 a
3287 850 3397 889 me.
3428 834 3494 889 Et
3519 852 3620 906 ego
3651 837 3889 897 erudiri.

2312 935 2366 981 et
2394 925 2701 979 confortavi
2736 924 2960 979 brachia
2994 939 3209 989 eorum,
3239 932 3294 978 et
3317 924 3374 979 in
3403 940 3491 979 me
3521 926 3892 996 cogitaverunt

2313 1018 2601 1073 malitiam.
2634 1016 2859 1072 Reversi
2887 1026 3036 1080 sunt,
3062 1026 3125 1071 ut
3152 1025 3338 1071 essent
3363 1016 3743 1088 absquejugo,
3767 1018 3888 1075 facti

2314 1119 2447 1166 sunt
2476 1110 2633 1180 quasi
2666 1125 2826 1164 arcus
2860 1108 3084 1164 dolosus
3107 1110 3147 1162 °.
3194 1108 3430 1179 Abjiciet
3470 1104 3568 1165 eos
3603 1109 3886 1177 Dominus,

2314 1202 2392 1256 ait
2440 1202 2582 1256 idem
2639 1200 2936 1270 propheta,
2966 1199 3095 1269 quia
3148 1214 3257 1253 non
3310 1198 3605 1254 audierunt
3647 1216 3807 1270 eum,
3838 1211 3890 1258 et

2311 1304 2476 1351 erunt
2496 1296 2618 1365 vagi
2654 1296 2707 1349 in
2734 1294 3051 1350 nationibus
3069 1294 3110 1347 ".
3136 1312 3156 1345 ι

3077 1410 3123 1465 Ι.

2386 1506 2464 1561 De
2484 1506 2551 1559 iis
2580 1504 2671 1575 qui
2694 1502 2991 1558 sacerdotes
3020 1510 3293 1564 accusant,
3316 1502 3393 1556 vel
3421 1514 3821 1573 persequuntur.

2387 1597 2463 1652 De
2492 1597 2579 1651 his
2623 1595 2794 1661 enim,
2825 1593 3039 1651 clericis
3065 1601 3119 1646 et
3144 1593 3300 1647 laicis
3324 1635 3338 1659 ,
3380 1595 3473 1663 qui
3497 1593 3783 1665 episcopos
3809 1596 3889 1651 νει

2312 1690 2555 1760 reliquos
2587 1688 2921 1753 sacerdotes,
2958 1696 3067 1740 tam
3101 1684 3167 1738 ad
3201 1686 3462 1754 primates
3501 1701 3690 1741 eorum
3725 1703 3888 1757 quam

2314 1782 2382 1837 ad
2418 1782 2661 1852 reliquos
2701 1787 2965 1836 accusant
2990 1778 3233 1849 judices,
3265 1780 3417 1848 prius
3448 1794 3611 1848 quam
3668 1781 3889 1836 auribus

622 1868 688 1923 Et
718 1869 847 1925 licet
895 1883 999 1923 nos
1026 1874 1460 1937 persequantur,
1486 1863 1615 1933 quia
1648 1878 1752 1917 nec
1791 1876 1893 1917 nos
1925 1862 2045 1916 sine
2081 1861 2209 1928 illis,
2241 1848 2284 1903 Β
2314 1887 2529 1938 θοι-ωτι,
2563 1887 2595 1925 a
2632 1870 2834 1941 quibus
2874 1884 2932 1924 se
2968 1868 3129 1924 laesos
3168 1870 3473 1935 azstimant,
3497 1870 3800 1936 inculcent,
3832 1880 3891 1926 ut

622 1978 724 2017 nec
772 1962 893 2017 illos
942 1961 1062 2016 sine
1113 1959 1277 2013 nobis
1327 1956 1588 2027 persequi
1637 1965 1904 2027 possunt,
1948 1955 2209 2026 quoniam

620 2054 768 2109 illius
816 2069 1007 2109 sumus
1054 2049 1345 2121 discipuli,
1388 2049 1482 2119 qui
1533 2049 1747 2104 animas
1802 2064 1904 2119 pro
1948 2047 2210 2103 fratribus

616 2146 877 2218 praecepit
896 2144 1190 2217 ponere“;
1212 2153 1395 2198 tamen
1424 2141 1505 2196 eis
1524 2141 1764 2211 pericula
1793 2150 1847 2196 et
1876 2140 2210 2209 perditiones

618 2256 811 2297 eorum
842 2256 952 2293 non
977 2254 1166 2293 sumus
1198 2236 1321 2292 ausi
1346 2235 1547 2298 celare,
1591 2250 1658 2289 ne
1683 2234 2002 2306 prophetica
2026 2234 2209 2305 (quod

617 2334 795 2403 absit)
822 2333 1154 2387 damnemur
1203 2330 1508 2397 sententia,
1546 2344 1669 2399 quae
1701 2328 1822 2385 ait:
1857 2346 1875 2379 ι
1909 2325 1966 2382 Si
1994 2343 2210 2383 annun-

618 2423 843 2480 tiaveris
892 2423 1082 2492 iniquo
1132 2420 1480 2492 iniquitatem
1528 2435 1719 2489 suam,
1768 2419 2009 2474 animam
2058 2429 2207 2475 tuam

616 2516 897 2572 liberasti:
922 2516 965 2571 si
992 2525 1176 2570 autem
1207 2530 1316 2569 non
1343 2513 1760 2569 annuntiaveris
1781 2513 1854 2580 ei,
1883 2512 2205 2585 sanguinem

616 2608 737 2679 ejus
766 2608 832 2662 de
859 2623 1023 2662 manu
1056 2616 1149 2661 tua
1178 2606 1457 2677 requiram
1480 2606 1582 2661 ⁸⁸.»
1617 2607 1664 2637 ’⁸
1684 2605 1783 2661 Est
1813 2605 1979 2660 etiam
2011 2614 2065 2660 et
2104 2607 2208 2660 hoc

619 2700 687 2756 ad
721 2701 867 2755 hanc
897 2709 1143 2754 sanctam
1184 2699 1368 2754 sedem
1401 2699 1673 2769 perlatum
1708 2698 1893 2769 (quod
1928 2699 2094 2768 pudet
2120 2698 2207 2752 di-

619 2808 783 2858 cere,
831 2801 885 2846 et
938 2806 1048 2845 non
1090 2793 1269 2847 solum
1314 2791 1666 2854 sacerdotali,
1698 2791 1792 2846 sed
1840 2790 2006 2845 etiam
2054 2791 2205 2844 omni

618 2884 935 2941 Christiano
960 2884 1170 2938 nomini
1201 2893 1287 2939 est
1313 2885 1654 2955 inimicum),
1686 2885 1740 2938 id
1782 2894 1865 2940 est
1894 2884 2041 2954 quod
2070 2899 2209 2938 non-

619 2976 802 3031 nullos
827 2976 872 3007 ⁸⁷
903 2975 1195 3045 episcopos
1225 2976 1308 3030 vel
1355 2976 1692 3043 sacerdotes,
1725 2985 1820 3030 aut
1865 2986 2012 3030 metu
2051 2991 2205 3030 com-

617 3070 858 3141 pellunt,
891 3078 985 3123 aut
1009 3069 1065 3121 vi
1104 3078 1469 3139 extorquent,
1514 3077 1611 3122 aut
1655 3068 1847 3122 fraude
1887 3068 2201 3138 decipiunt,

616 3162 836 3228 aliquas
868 3159 1234 3216 confessionis
1280 3176 1394 3215 sua:
1440 3161 1493 3215 in
1534 3160 1761 3214 alteram
1794 3168 2002 3229 partem
2039 3175 2237 3229 quam;

617 3256 872 3318 debeant,
903 3263 998 3309 aut
1024 3269 1122 3323 pro
1153 3269 1380 3309 suarum
1409 3269 1521 3307 non
1545 3252 1904 3322 requisitione
1933 3267 2117 3305 rerum
2136 3251 2203 3319 ’⁸,

616 3358 741 3413 aut,
779 3347 923 3417 quod
978 3346 1218 3401 deterius
1258 3356 1372 3411 est,
1425 3361 1527 3416 pro
1580 3345 1743 3399 alieni
1792 3344 1998 3399 erroris
2056 3352 2205 3399 secta

616 3435 920 3505 scripturas
970 3432 1188 3498 facere,
1232 3443 1288 3488 et
1322 3434 1560 3505 pr0priis
1606 3433 1859 3489 manibus
1906 3434 2201 3499 roborare,

617 3537 674 3581 et
710 3543 897 3582 coram
940 3528 1159 3598 populis
1198 3527 1432 3583 recitare
1479 3536 1642 3597 atque
1671 3525 1942 3581 conﬁteri.
1975 3525 2203 3596 Aliquos

615 3620 807 3675 dicunt
848 3621 1164 3675 carceribus
1207 3628 1262 3675 et
1299 3620 1594 3691 ergastulis
1632 3619 1871 3683 recludi,
1904 3628 1965 3673 ut
2009 3619 2201 3674 saltem

618 3712 704 3766 his
738 3712 918 3765 territi
959 3713 1210 3779 insidiis,
1244 3713 1465 3767 devient
1501 3711 1718 3766 Domini
1767 3711 2115 3776 sacerdotes,
2148 3720 2203 3765 et

615 3805 734 3859 suis
766 3804 987 3860 faveant
1012 3805 1386 3861 voluntatibus
1404 3808 1472 3862 ’9.
1540 3804 1825 3859 ‘Relatum
1861 3805 2085 3874 insuper
2118 3814 2203 3860 est

615 3896 685 3949 ad
729 3896 894 3966 hujus
945 3906 1150 3950 sanctae
1197 3905 1253 3951 et
1294 3897 1610 3967 apostolica":
1645 3898 1790 3952 sedis
1828 3898 2037 3967 apicem
2061 3939 2077 3965 ,
2111 3898 2199 3952 cui

617 4004 960 4043 summarum
1022 3989 1411 4059 dispositiones
1460 4006 1790 4056 causarum,
1838 3999 1893 4044 et
1955 3991 2199 4045 omnium

616 4082 834 4152 negotia
866 4080 1239 4136 Ecclesiarum
1279 4083 1348 4137 ab
1380 4083 1501 4154 ipso
1541 4082 1776 4137 Domino
1820 4083 2017 4138 tradita
2050 4094 2197 4151 sunt,

617 4173 777 4242 quasi
813 4173 879 4228 ad
910 4183 1095 4243 caput,
1129 4175 1248 4243 ipso
1294 4174 1508 4229 dicente
1548 4174 1785 4245 principi
1825 4176 2199 4244 apostolorum

616 4260 813 4317 Petro:
852 4280 870 4313 ‹
894 4260 975 4316 Tu
1004 4277 1062 4317 cs
1086 4260 1302 4329 Petrus,
1326 4271 1381 4317 et
1409 4279 1575 4334 super
1603 4263 1746 4319 hanc
1774 4273 1983 4333 petram
2013 4264 2200 4319 Eccle-

618 4356 754 4411 siam
812 4371 991 4410 meam
1044 4355 1398 4417 :ediﬁcabo':
1446 4375 1465 4408 ι
1524 4356 1670 4426 quod
1737 4357 1959 4426 quidam
2015 4358 2198 4413 :emuli

617 4445 845 4511 Christi,
887 4446 1116 4515 ejusque
1160 4454 1365 4500 sancta:
1395 4444 1650 4501 Ecclesia:
1684 4444 2067 4514 insidiatores,
2109 4463 2198 4502 sa-

2313 1963 2382 2017 ab
2411 1962 2494 2017 eis
2533 1972 2627 2017 aut
2648 1962 2740 2032 jus
2785 1977 2944 2017 suum
2968 2002 2983 2027 ,
3010 1971 3107 2015 aut
3145 1961 3353 2031 justam
3393 1962 3657 2031 recipiant
3704 1963 3891 2033 apolo-

2312 2055 2482 2126 giam,
2525 2055 2653 2109 item
2695 2070 2792 2124 per
2828 2054 3078 2108 eumdem
3108 2054 3185 2107 ait
3229 2052 3492 2107 Dominus
3528 2054 3884 2123 prophetam:

2318 2164 2337 2197 ι
2370 2145 2533 2208 Audi,
2566 2145 2764 2201 domus
2796 2143 2961 2200 Israel
2985 2184 3001 2209 ,
3031 2151 3085 2196 et
3120 2141 3314 2197 domus
3340 2143 3501 2211 regis,
3529 2143 3800 2209 ausculta,
3834 2151 3889 2197 et

2313 2237 2603 2305 attendite,
2633 2238 2966 2301 sacerdotes,
2998 2234 3129 2304 quia
3154 2234 3309 2288 vobis
3330 2233 3592 2303 judicium
3622 2242 3886 2303 est,quo-

2312 2333 2460 2386 niam
2515 2332 2745 2401 laqueus
2780 2330 2909 2385 facti
2952 2331 3087 2385 estis
3116 2328 3472 2399 Speculationi
3497 2369 3515 2394 ,
3549 2336 3603 2381 et
3642 2336 3755 2381 rete
3791 2342 3888 2381 ex»

2310 2440 2546 2493 pansum
2599 2440 2763 2494 super
2785 2423 3011 2478 Thabor
3035 2464 3050 2489 ,
3082 2421 3442 2490 victimasque
3478 2418 3789 2474 declinastis
3830 2418 3889 2473 ir.

2309 2517 2684 2588 profundum:
2722 2524 2775 2570 et
2818 2530 2920 2586 ego
2955 2514 3199 2568 eruditor
3238 2512 3487 2566 omnium
3528 2520 3769 2566 vestrum
3791 2510 3834 2564 ⁸.
3865 2528 3884 2562 ι

2309 2609 2377 2665 Ει
2422 2610 2587 2665 alibi:
2619 2608 2869 2664 «Omnes
2904 2607 3151 2663 calefacti
3215 2606 3349 2661 estis
3401 2604 3561 2675 quasi
3607 2604 3889 2667 clibanus,

2309 2703 2438 2773 quia
2494 2700 2769 2755 devoratis
2812 2700 3026 2769 judices
3061 2700 3333 2765 vestros”,
3366 2697 3469 2767 ipsi
3514 2704 3694 2750 autem
3726 2694 3894 2749 decli-

2310 2801 2446 2848 nant
2486 2792 2741 2847 victimas
2776 2790 2992 2845 Domiui
3043 2792 3097 2845 in
3142 2788 3478 2861 profundum
3506 2790 3572 2854 ¹⁰,
3609 2806 3629 2839 ι
3666 2786 3761 2857 qui
3798 2800 3893 2841 eos

2308 2887 2573 2940 devorant
2603 2884 2686 2938 vel
2713 2883 2920 2953 injuste
2953 2884 3198 2938 lacerant
3229 2882 3324 2953 qui
3376 2881 3520 2936 oculi
3558 2879 3773 2935 Domini
3809 2879 3893 2933 di—

2308 2986 2527 3033 cuntur.
2553 2974 2687 3029 Nam
2722 2976 2766 3029 si
2805 2976 2967 3029 modo
2989 2975 3281 3045 quisquam
3321 2973 3587 3045 principis
3612 2972 3893 3027 saecularis

2308 3068 2498 3123 oculos
2527 3068 2795 3122 laceraret
2839 3077 2934 3121 aut
2968 3076 3281 3133 amoveret,
3309 3074 3455 3120 esset
3487 3080 3616 3119 reus
3643 3063 3894 3118 criminis

2310 3160 2635 3230 majestatis,
2661 3176 2728 3213 an
2762 3160 2913 3213 non?
2942 3158 3197 3213 Profecto
3231 3167 3327 3212 aut
3362 3157 3525 3211 morti
3563 3157 3890 3219 traderetur,

2308 3264 2403 3308 aut
2431 3262 2694 3323 perpetua
2734 3260 3020 3307 notaretur
3058 3250 3307 3305 infamia.
3343 3250 3401 3304 Si
3444 3264 3543 3321 pro
3575 3248 3758 3303 saeculi
3788 3261 3893 3317 po-

2308 3346 2595 3401 testatibus
2639 3346 2767 3400 talia
2810 3346 2879 3399 ab
2915 3344 3234 3399 hominibus
3274 3342 3445 3409 ﬁunt,
3481 3341 3614 3411 quid
3662 3354 3762 3411 pro
3803 3339 3894 3392 bis

2306 3438 2423 3493 fieri
2459 3438 2703 3508 putatis,
2747 3438 2814 3492 de
2862 3437 3063 3507 quibus
3112 3436 3377 3491 Dominus
3431 3435 3546 3489 ait:
3590 3453 3608 3484 ι
3640 3433 3742 3499 Qui
3790 3447 3893 3487 vos

2307 3530 2501 3601 tangit,
2526 3530 2700 3601 tangit
2719 3528 2983 3599 pupillam
3006 3527 3151 3582 oculi
3178 3528 3285 3581 mei
3301 3527 3341 3558 "
3360 3527 3383 3579 ?
3405 3544 3423 3577 ι
3449 3524 3699 3580 l'Procul
3721 3524 3893 3578 dubio

2304 3623 2361 3677 hi
2389 3624 2485 3694 qui
2533 3638 2629 3677 eos
2668 3632 3104 3692 persequuntur,
3137 3629 3192 3675 et
3228 3633 3484 3675 amovere
3516 3617 3764 3672 nituntur
3794 3616 3888 3668 in-

2301 3714 2448 3784 juste
2481 3727 2673 3769 contra
2709 3713 3063 3784 apostolicam
3090 3712 3495 3775 auctoritatem,
3521 3710 3624 3766 etsi
3654 3725 3683 3763 a
3709 3717 3895 3763 morte

2301 3807 2696 3877 prohibentur,
2767 3807 2983 3862 dicente
3052 3806 3333 3860 Domino:
3387 3822 3406 3855 ‹
3454 3803 3593 3858 Nolo
3652 3811 3890 3857 mortem

2301 3899 2627 3970 peccatoris,
2656 3900 2749 3955 sed
2778 3908 2838 3954 ut
2860 3908 3217 3955 convertatur
3240 3911 3293 3957 et
3316 3898 3463 3952 vivat
3487 3897 3559 3963 ³³;
3586 3915 3604 3947 ι
3626 3904 3892 3966 perpetua

2302 3999 2487 4046 tamen
2530 4001 2792 4047 notantur
2827 3990 3074 4057 infamia,
3096 3999 3150 4045 et
3177 3990 3373 4045 exsilio
3397 3988 3546 4060 digni
3569 3987 3893 4057 judicantur

2301 4084 2559 4139 ﬁnitimo.
2593 4082 2669 4138 De
2696 4083 2919 4154 quibus,
2964 4098 2994 4137 a
3025 4081 3367 4151 temporibus
3404 4077 3800 4149 apostolorum,
3831 4087 3893 4130 et

2301 4174 2466 4241 infra,
2503 4175 2606 4230 ista
2637 4182 2907 4239 tenemus,
2938 4184 3101 4243 atque
3132 4173 3349 4228 decreta
3381 4170 3647 4225 habemus
3682 4168 3893 4238 quibus

2299 4282 2489 4323 eorum
2515 4267 2812 4322 accusandi
2840 4267 3147 4336 episcopos,
3166 4264 3250 4319 vel
3267 4261 3589 4319 testiﬁcandi
3606 4261 3659 4314 in
3681 4275 3775 4315 eos
3793 4276 3897 4315 vo-

2299 4375 2417 4415 cem
2447 4359 2807 4425 obstruimus,
2824 4373 2964 4428 quos
2981 4372 3089 4411 non
3120 4355 3398 4421 humanis,
3417 4354 3511 4410 sed
3536 4353 3735 4408 divinis
3756 4352 3895 4407 acti-

2299 4455 2402 4509 bus
2418 4462 2666 4507 mortuos
2697 4468 2818 4507 esse
2845 4452 3070 4507 scimus.
3097 4450 3172 4505 De
3198 4449 3400 4520 quibus
3418 4446 3680 4502 Dominus
3706 4446 3895 4515 loqui-

617 4539 867 4594 cerdotes
908 4535 1002 4592 Dei
1040 4538 1105 4592 ad
1139 4537 1355 4607 judices
1395 4539 1645 4608 publicos
1687 4554 1953 4593 accusare
1991 4556 2200 4610 praesu-
2236 4539 2276 4593 Ι)
2304 4555 2392 4601 iur
2425 4562 2523 4617 per
2546 4546 2798 4600 eumdem
2834 4544 3192 4615 prophetam:
3237 4562 3257 4596 ι
3286 4542 3631 4597 Calumniam
3672 4539 3893 4609 patiens

618 4638 792 4693 mant,
815 4643 938 4682 cmn
971 4629 1144 4699 magis
1169 4630 1466 4699 Apostolus
1486 4628 1926 4686 Christianorum
1957 4648 2154 4689 causas
2178 4635 2198 4665 ³

619 4723 687 4777 ad
712 4722 987 4778 Ecclesias
1010 4723 1235 4790 deferri,
1254 4733 1308 4778 et
1336 4723 1533 4779 ibidem
1560 4724 1841 4780 terminari
1862 4727 2196 4797 praecipiat".

618 4813 824 4869 Taliter
868 4815 1318 4884 praevaricantes,
1371 4817 1711 4886 praevaricati
1759 4827 1887 4873 sunt
1928 4819 1983 4873 in
2024 4817 2197 4873 Deum

618 4922 815 4972 suum,
840 4914 893 4960 et
938 4922 1045 4961 non
1078 4907 1342 4961 obediunt
1384 4908 1670 4977 praeceptis
1706 4910 1845 4979 ejus.
1895 4907 1972 4964 De
1997 4908 2198 4979 quibus

617 4996 885 5052 Dominus
929 5012 1025 5067 per
1076 4998 1401 5068 praphetam
1444 4995 1585 5052 Osee
1637 4997 1920 5068 loquitur,
1964 4998 2192 5053 dicens:

623 5108 641 5140 ι
676 5088 843 5155 Quasi
878 5104 1058 5143 vaccae
1098 5090 1447 5147 lascivientes
1488 5088 1933 5156 declinaverunt,
1966 5099 2020 5144 et
2056 5089 2194 5143 dile-

615 5190 815 5235 xerunt
858 5179 1053 5235 afferre
1097 5180 1454 5251 ignominiam
1498 5178 1900 5249 protectoribus
1952 5180 2070 5235 suis
2088 5181 2130 5232 ⁸.
2169 5198 2188 5231 ›

615 5272 684 5327 Ει
729 5272 908 5328 idem:
947 5292 966 5326 ι
1006 5271 1095 5328 Vae
1124 5272 1242 5338 eis,
1300 5272 1564 5343 quoniam
1608 5280 1961 5332 recesserunt
2007 5287 2038 5326 a
2082 5286 2188 5326 me.

732 5544 773 5578 ⁸ο
799 5542 964 5599 Marc.
1001 5560 1097 5611 vn,
1126 5551 1180 5599 9.
1276 5545 1319 5577 ⁹¹
1350 5544 1512 5600 Prov.
1551 5561 1687 5611 χχιι,
1710 5545 1802 5600 28.
1833 5534 1845 5542 ’

614 5627 696 5674 ιιι,
734 5614 823 5669 18.
919 5616 965 5646 ⁸⁸
997 5616 1084 5681 15,

614 5684 627 5755 ξ
672 5684 756 5755 ῌ,
807 5694 999 5755 quaest.
1036 5703 1091 5739 ιι
1148 5685 1392 5738 Relatum
1438 5684 1538 5740 est.

612 5834 801 5887 quaest.
837 5826 901 5878 1:
947 5824 1014 5877 lli
1042 5826 1131 5895 qui
1159 5826 1448 5895 episcopos.
1528 5826 1784 5883 nEzech.
1810 5846 1964 5898 xvul,
2003 5832 2094 5886 25.

1894 5545 1938 5577 ⁰²
1971 5542 2246 5599 Pcrlatum
2276 5554 2379 5599 est.

1118 5625 1311 5683 quast.
1360 5616 1425 5669 6:
1477 5617 1898 5685 quandoquidem
1943 5634 1973 5669 αι
2017 5616 2400 5669 sacerdotibus.

1618 5688 1637 5715 '
1662 5684 1852 5742 Matth.
1888 5704 1999 5751 xvr,
2058 5687 2143 5741 18.
2218 5687 2239 5716 ³
2272 5686 2468 5740 concil.
2507 5687 2697 5740 Carth.
2740 5702 2823 5752 ιιι,
2847 5688 2899 5741 9.
2977 5687 2997 5717 ⁸
3027 5686 3045 5739 l
3076 5686 3202 5741 Cor.
3232 5703 3306 5747 V‘l,
3341 5687 3394 5740 6.
3470 5687 3489 5717 ε
3518 5684 3641 5740 Ose.
3674 5701 3748 5750 tv,
3788 5685 3896 5741 1(3.

613 5750 633 5779 ⁵
663 5752 789 5807 Ose.
822 5750 915 5818 vn,
965 5756 1154 5809 15-16.
1232 5757 1252 5786 "
1280 5754 1405 5811 Ose.
1445 5772 1520 5822 Ix,
1547 5756 1633 5811 17.
1714 5758 1737 5787 ⁸
1769 5755 1893 5813 Ose.
1929 5750 2060 5824 v,71,
2127 5757 2181 5811 2.
2258 5755 2426 5810 ’Ose.
2469 5773 2567 5819 vn,
2601 5758 2632 5809 7

613 5834 801 5883 quaest.
837 5826 901 5878 1:
947 5824 1014 5877 lli
1042 5826 1131 5883 qui
1159 5826 1448 5883 episcopos.
1528 5826 1784 5883 “Ezech.
1810 5846 1964 5883 xvul.
2003 5832 2094 5883 25.
2179 5826 2224 5859 ¹⁵⁵
2256 5825 2382 5883 Ose.
2415 5844 2444 5882 v
2492 5828 2577 5882 11.

2305 5842 2382 5882 SC.
2415 5844 2444 5882 V
2492 5842 2577 5882 11.

2260 5963 2299 5994 χ

2302 4633 2587 4705 Ephraim,
2624 4635 2834 4690 fractus
2872 4644 2956 4689 est
2979 4634 3209 4704 judicio,
3242 4632 3501 4702 quoniam
3536 4630 3703 4700 coepit
3729 4628 3893 4683 abire

2299 4736 2426 4798 post
2452 4728 2693 4783 sordem.
2724 4727 2791 4781 Et
2823 4742 2921 4798 ego
2956 4725 3114 4797 quasi
3145 4727 3288 4779 tinea
3316 4723 3608 4793 Ephraim,
3643 4731 3696 4776 et
3722 4722 3892 4789 quasi

2299 4820 2529 4889 putredo
2559 4818 2748 4873 domui
2790 4819 2950 4873 Juda.
2984 4818 3052 4872 Et
3093 4818 3229 4872 vidit
3258 4816 3515 4887 Ephraim
3559 4815 3892 4884 languorem

2300 4924 2494 4975 suum,
2530 4920 2584 4964 et
2612 4909 2781 4965 ludas
2821 4911 3099 4965 vinculum
3132 4926 3315 4965 suum.
3356 4908 3423 4963 Et
3452 4909 3586 4963 abiit
3618 4906 3892 4977 Ephraim

2303 5001 2371 5056 ad
2393 5004 2603 5068 Assur,
2638 5012 2691 5057 et
2725 5003 2877 5058 misit
2916 5004 2983 5058 ad
3031 5018 3211 5072 regem
3243 5003 3511 5068 ultorem;
3547 5012 3599 5055 et
3629 5000 3745 5069 ipse
3770 5014 3890 5053 non

2302 5095 2499 5162 poterit
2527 5108 2722 5149 sanare
2747 5109 2865 5159 vos,
2902 5109 3003 5149 nec
3029 5094 3242 5149 solvere
3278 5093 3475 5163 poterit
3516 5108 3547 5147 a
3579 5091 3735 5146 vobis
3759 5091 3893 5143 vin-

2302 5187 2485 5241 culum
2518 5187 2583 5241 ”.
2611 5206 2628 5237 ι
2677 5187 2782 5254 Qui
2822 5189 2968 5243 enim
3018 5186 3282 5257 sacrilega
3318 5193 3721 5255 persequuntur
3758 5198 3894 5252 per-

2302 5280 2562 5333 suasione
2590 5288 2644 5333 et
2666 5279 2907 5334 lacerare
2931 5279 3183 5333 nituntur
3206 5277 3516 5347 episcopos,
3543 5275 3627 5329 vel
3656 5288 3753 5328 eos
3781 5270 3893 5340 qui

2475 5546 2522 5577 "
2546 5544 2712 5600 Zacn.
2741 5561 2799 5607 ll,
2840 5546 2895 5602 8.
2971 5547 3018 5577 ³⁸
3044 5546 3059 5600 l
3090 5545 3250 5611 Joan,
3281 5560 3365 5612 ιιι,
3400 5543 3487 5599 16.
3595 5545 3639 5584 ⁸³
3670 5541 3890 5600 Ezech.

2505 5617 2547 5647 ’7
2595 5616 2855 5669 nonnulli.
2954 5617 2999 5648 ⁸⁸
3039 5633 3343 5669 causarum.
3422 5618 3465 5647 ⁹⁹
3497 5613 3892 5683 voluptatibus.

2736 5758 2777 5789 ⁸ο
2810 5762 3013 5825 Usc.v,
3063 5758 3119 5812 2.
3201 5760 3238 5790 “
3276 5755 3441 5812 Zach.
3504 5771 3540 5810 ιι
3610 5756 3664 5811 8.
3743 5755 3788 5786 “
3825 5756 3895 5825 3,
