4142 6384
309 342 441 396 ιοϐι

1744 345 2124 403 EPISTOLAE.

3446 359 3588 416 1062

308 462 545 517 Domino
579 472 725 519 recte
769 465 1103 530 sacrificant,
1136 467 1508 523 indubitanter
1553 484 1678 524 eum
1713 484 1901 538 perse.
1926 474 1975 531 Α
2006 470 2074 524 ab
2094 485 2181 537 eo,
2207 472 2297 526 cui
2328 472 2506 543 ipsum
2528 472 2745 529 sentitis
2768 473 3088 540 adversum;
3111 473 3291 530 Wsed
3306 492 3405 533 nec
3432 478 3584 548 loqui

305 562 556 624 quuntur
585 566 641 611 et
680 556 983 625 dilaniant,
1017 560 1178 629 cujus
1205 562 1325 615 vice
1370 560 1691 632 funguntur.
1745 560 1900 617 Unde

305 648 384 701 ait
415 647 682 704 Dominus
712 664 813 718 per
849 648 968 706 Joel
1003 651 1356 722 prophetam:
1393 672 1411 703 ι
1441 650 1699 723 Nunquid
1738 653 1901 707 ultio-

304 755 435 796 nem
479 740 796 796 reddidistis
825 743 996 797 mihi?
1027 742 1095 798 Et
1136 743 1181 797 si
1215 744 1543 799 ulciscimini
1579 759 1680 799 vos
1708 754 1900 799 contra

305 844 433 894 me,
472 830 617 894 cito,
655 832 914 889 velociter
969 834 1193 888 reddam
1249 833 1683 890 vicissitudinem
1742 834 1901 890 vobis

309 934 476 990 super
515 929 678 991 caput
707 930 949 978 vestrum
973 924 1039 976 ¹⁵.
1072 943 1091 975 ι
1151 922 1219 978 Et
1260 940 1359 995 per
1395 922 1534 981 Osee
1576 925 1899 995 prophetam

308 1011 578 1068 Dominus
622 1014 840 1085 inquit:
874 1035 893 1067 ι
922 1014 1058 1082 Quis
1087 1016 1328 1086 sapiens,
1362 1026 1418 1072 et
1456 1017 1719 1088 intelliget
1751 1017 1901 1073 ista?

306 1103 639 1176 intelligens,
680 1115 737 1161 et
771 1107 907 1162 sciet
935 1108 1035 1162 ea?
1061 1107 1201 1174 Quia
1238 1118 1399 1163 rectae
1433 1109 1537 1163 viae
1573 1108 1814 1173 Domini,
1846 1117 1900 1164 et

302 1197 440 1267 justi
493 1198 852 1254 ambulabunt
885 1200 940 1253 in
966 1201 1083 1269 eis;
1120 1203 1569 1271 praevaricatores
1608 1217 1738 1257 vero
1775 1218 1900 1257 cor-

306 1302 469 1348 rucnt
502 1291 557 1346 in
596 1292 678 1347 eis
702 1293 768 1348 ¹⁶.
808 1312 826 1344 ι
866 1293 932 1348 Et
969 1294 1085 1364 ipsa
1123 1309 1221 1364 per
1257 1310 1317 1350 se
1346 1294 1563 1350 Veritas
1604 1295 1712 1349 ait:
1743 1314 1762 1347 ι
1793 1294 1898 1361 Qui

306 1401 406 1441 vos
447 1384 632 1450 audit,
662 1400 751 1439 me
794 1385 978 1440 audit:
1007 1395 1062 1441 et
1108 1386 1203 1456 qui
1232 1402 1331 1441 vos
1362 1388 1603 1457 spernit,
1629 1402 1717 1441 me
1746 1402 1900 1456 sper-

308 1477 390 1532 nit
415 1478 479 1531 ”.
517 1496 536 1529 ι
585 1476 682 1532 His
710 1486 763 1532 et
801 1477 925 1533 aliis
959 1477 1078 1532 fulti
1131 1479 1554 1549 quamplurimis
1599 1479 1898 1534 Dominicis

309 1568 618 1639 praeceptis,
652 1568 891 1624 vitantes
921 1570 1206 1625 hominum
1243 1572 1599 1641 perditiones,
1626 1587 1750 1626 cum
1781 1586 1899 1625 om-

309 1661 474 1715 nibus
528 1660 698 1731 hujus
747 1670 951 1716 sanctae
992 1661 1171 1726 sedis,
1212 1678 1377 1733 quam
1426 1663 1692 1718 Dominus
1736 1671 1899 1733 caput

304 1753 477 1810 totius
500 1752 758 1809 Ecclesia
792 1754 1098 1820 constituit,
1130 1756 1418 1823 membris,
1452 1756 1580 1810 talia
1608 1754 1727 1810 fieri
1757 1770 1890 1824 pro~

306 1847 584 1914 bibemus,
616 1863 686 1902 ne
729 1847 1102 1903 confundatur
1132 1848 1365 1918 populus
1407 1847 1624 1904 Domini
1652 1849 1709 1903 in
1741 1855 1893 1903 aeter-

308 1955 464 1995 num.
491 1938 629 1993 Nam
657 1948 713 1994 et
754 1955 785 1994 a
814 1940 1315 2010 praedecessoribus
1351 1940 1559 1995 nostris
1598 1939 1891 1995 inhibitum

308 2028 561 2098 legimus,
588 2036 648 2083 ut
686 2044 849 2084 nemo
872 2029 1163 2085 contristet
1199 2030 1474 2096 doctores,
1513 2044 1693 2100 neque
1724 2043 1891 2085 accu-

308 2121 579 2176 sationem
632 2122 898 2177 adversus
952 2138 1049 2178 eos
1093 2122 1378 2193 suscipiat.
1424 2122 1467 2153 ¹⁸
1497 2124 1617 2192 Ipse
1654 2137 1893 2191 namque

305 2215 677 2282 apostolorum
712 2215 965 2285 princeps
993 2215 1050 2270 in
1097 2215 1445 2271 ordinatione
1471 2215 1614 2269 beati
1642 2213 1893 2268 Clemen-

304 2305 375 2361 tis
408 2306 674 2376 populum
725 2306 1004 2362 instruens
1024 2347 1038 2370 ,
1073 2306 1150 2361 ait
1176 2305 1570 2373 “Quicunque
1593 2304 1889 2360 contrista-

302 2397 442 2452 verit
491 2397 775 2453 doctorem
821 2398 1103 2464 veritatis,
1150 2405 1346 2467 peccat
1379 2397 1434 2450 in
1482 2395 1761 2451 Christum
1788 2437 1803 2462 ,
1838 2406 1892 2451 et

302 2486 520 2543 Patrem
551 2488 800 2542 omnium
830 2488 1123 2542 exacerbat
1161 2486 1354 2553 Deum,
1397 2494 1619 2556 propter
1649 2487 1797 2557 quod
1838 2497 1891 2542 et

302 2579 413 2633 vita
440 2578 668 2633 carebit.
686 2596 702 2621 ι
722 2576 1001 2632 EtDoctor
1025 2576 1267 2648 gentium
1301 2575 1481 2647 inquit
1506 2596 1519 2629 :
1550 2594 1569 2627 ι
1597 2573 1655 2629 Si
1685 2590 1883 2645 pratoc-

302 2678 535 2739 cupatus
567 2667 734 2723 fuerit
760 2669 925 2723 homo
954 2669 1008 2722 in
1038 2668 1226 2738 aliquo
1263 2668 1481 2733 delicto,
1514 2682 1614 2723 vos
1645 2667 1740 2737 qui
1775 2667 1889 2736 spi-

304 2759 534 2815 rituales
583 2758 740 2823 estis,
778 2768 1082 2814 sustentate
1112 2759 1266 2813 illum
1306 2760 1361 2813 in
1394 2759 1589 2829 spiritu
1623 2760 1888 2827 lenitatis,

303 2851 661 2906 considerans
685 2851 944 2920 teipsum,
965 2865 1031 2904 ne
1054 2859 1108 2904 et
1133 2858 1189 2904 tu
1221 2852 1461 2905 tenteris.
1488 2850 1639 2906 Alter
1664 2851 1891 2906 alterius

302 2957 470 2998 onera
496 2951 735 3013 portate,
759 2952 813 2996 et
842 2942 923 2997 sic
954 2941 1324 3012 adimplebitis
1342 2943 1515 3014 legem
1544 2942 1747 2999 Christi
1774 2945 1838 2997 ’⁸.
1865 2962 1884 2996 ν

303 3031 413 3090 Has
443 3035 863 3090 considerantes
895 3036 1125 3104 pietates
1158 3042 1213 3088 et
1240 3034 1482 3104 pericula
1509 3034 1745 3090 vitantes
1772 3035 1892 3089 ani-

302 3143 540 3193 marum,
565 3143 673 3182 una
699 3142 823 3182 cum
845 3126 1102 3181 omnibus
1125 3125 1343 3181 Domini
1369 3127 1770 3193 sacerdotibus,
1795 3128 1889 3198 qui
1919 3167 1965 3227 Ο

300 3216 593 3272 nobiscum
621 3216 680 3270 in
713 3216 856 3270 hanc
895 3230 1111 3271 sacram
1157 3225 1536 3270 convenerunt
1576 3216 1799 3283 urbem,
1838 3228 1893 3273 et

303 3323 429 3363 cum
459 3307 721 3364 omnibus
743 3307 910 3377 hujus
940 3307 1136 3377 capitis
1168 3307 1453 3373 membris,
1487 3307 1630 3363 sicut
1652 3323 1684 3363 a
1716 3308 1893 3364 beatis

305 3402 591 3472 apostolis,
622 3409 678 3456 et
705 3415 737 3455 a
771 3400 999 3470 reliquis
1042 3399 1247 3455 sanctis
1283 3397 1540 3455 Patr-ibus
1560 3441 1574 3464 ,
1606 3408 1662 3455 et
1704 3416 1736 3455 a
1767 3417 1894 3457 suc-

300 3494 620 3549 cessoribus
660 3507 854 3547 eorum
902 3491 1215 3561 accepimus
1242 3531 1257 3558 ,
1296 3501 1597 3546 statuentes
1646 3492 1894 3547 decerni-

302 3600 449 3650 mus,
482 3599 678 3640 omnes
707 3583 803 3654 qui
833 3592 1058 3639 sanctos
1095 3582 1289 3637 Patres
1320 3591 1756 3653 persequuntur,
1796 3594 1893 3639 aut

303 3694 558 3734 amovere
583 3678 672 3733 vel
692 3678 993 3734 dilacerare
1022 3675 1315 3731 manifeste
1348 3677 1619 3743 nituntur,
1657 3677 1891 3732 infames

302 3785 429 3826 esse
462 3778 517 3825 et
546 3770 757 3826 alienos
806 3784 842 3824 a
870 3768 1152 3824 liminibus
1203 3767 1463 3823 Ecclesiae
1492 3784 1669 3839 usque
1708 3769 1774 3824 ad
1803 3784 1892 3825 sa-

305 3861 678 3918 tisfactionem
726 3861 873 3925 ﬁeri,
902 3860 1032 3931 quia
1067 3859 1150 3914 sic
1183 3860 1299 3914 odit
1340 3857 1487 3914 Deus
1522 3874 1618 3915 eos
1651 3860 1747 3929 qui
1788 3859 1889 3914 ad-

303 3968 498 4009 versus
518 3954 565 3984 ¹⁰
590 3952 782 4009 Patres
813 3960 1120 4017 armantur,
1155 3960 1216 4005 ut
1240 3950 1466 4006 Patrum
1494 3951 1777 4008 invasores
1805 3952 1891 4006 vel

305 4046 702 4102 destructores.
756 4044 861 4112 Qui
914 4045 1038 4100 ideo
1097 4042 1330 4100 infames
1389 4043 1730 4112 efﬁciuntur,
1760 4044 1890 4114 quia

304 4135 499 4193 Patres
543 4146 972 4211 persequuntur.
997 4135 1155 4203 Quod
1201 4134 1249 4191 si
1282 4150 1383 4191 nec
1425 4135 1577 4205 loqui
1619 4134 1700 4189 eis
1741 4135 1887 4203 licet,

304 4231 510 4303 quibus
536 4231 791 4287 doctores
815 4230 1052 4298 summi,
1088 4244 1228 4299 quos
1254 4231 1562 4299 Episcopos
1601 4242 1887 4295 vocamus,

304 4329 534 4393 propter
576 4338 767 4378 eorum
803 4322 1010 4378 scelera
1041 4320 1435 4386 adversantur;
1465 4328 1671 4390 quanto
1714 4318 1889 4390 magis

305 4415 388 4470 eis
421 4415 517 4485 qui
547 4429 643 4471 eos
673 4414 971 4481 infestant,
1007 4427 1109 4468 nec
1145 4412 1604 4468 consentiendum
1649 4421 1755 4479 est,
1789 4428 1889 4468 nec

2003 561 2089 616 his
2111 562 2314 631 quibus
2343 565 2460 633 ipse
2486 579 2594 619 non
2622 565 2885 635 loquitur,
2912 576 2973 621 ut
2997 570 3376 639 unusquisque
3404 570 3498 639 qui
3528 570 3585 624 in

2002 655 2162 725 culpa
2204 664 2319 722 est,
2351 658 2481 712 dum
2530 658 2779 712 omnium
2833 668 3074 714 vestrum
3109 661 3258 730 cupit
3312 661 3582 716 amicitias

2002 745 2179 813 ferre,
2218 746 2443 804 festinet
2480 751 2645 806 citius
2700 751 3044 806 reconciliari
3082 752 3131 805 ci
3173 753 3268 823 qui
3323 753 3581 807 omnibus

2004 847 2224 906 praeest,
2256 849 2317 894 ut
2344 856 2444 910 per
2469 840 2575 895 hoc
2600 842 2787 896 redeat
2819 842 2884 897 ad
2917 844 3169 909 salutem,
3201 858 3326 898 cum
3361 845 3583 901 obedire

2001 931 2232 998 coeperit
2272 932 2495 986 monitis
2531 933 2897 1002 praesidentis.
2947 934 3005 988 Si
3044 949 3173 988 vero
3209 935 3337 1004 quis
3369 937 3580 992 amicus

2000 1020 2170 1075 fuerit
2202 1022 2287 1077 his
2321 1024 2525 1093 quibus
2552 1025 2668 1094 ipse
2710 1026 2920 1081 amicus
2956 1041 3066 1080 non
3106 1036 3210 1094 est,
3259 1038 3314 1083 et
3360 1028 3580 1083 locutus

1999 1109 2171 1166 fuerit
2200 1112 2286 1167 his
2307 1114 2510 1183 quibus
2533 1115 2650 1185 ipse
2678 1130 2788 1171 non
2819 1117 3082 1186 loquitur,
3111 1135 3256 1175 unus
3274 1128 3359 1174 est
3384 1128 3439 1174 et
3464 1120 3579 1189 ipse

2000 1218 2066 1257 ex
2101 1203 2211 1259 illis
2252 1205 2344 1274 qui
2391 1208 2761 1262 exterminare
2804 1207 3105 1265 Ecclesiam
3143 1210 3235 1266 Dei
3276 1213 3496 1277 volunt;
3525 1221 3578 1267 et

1998 1310 2127 1349 cum
2177 1312 2405 1366 corpore
2451 1298 2737 1354 vobiscum
2785 1315 2909 1355 esse
2957 1302 3243 1367 videatur,
3294 1312 3478 1357 mente
3524 1312 3579 1358 et

1999 1386 2186 1441 animo
2198 1397 2390 1442 contra
2417 1404 2514 1444 vos
2529 1398 2632 1444 est.
2654 1391 2721 1444 Et
2737 1400 2819 1445 est
2840 1392 3013 1446 multo
3028 1394 3259 1462 nequior
3275 1392 3447 1449 hostis
3465 1394 3575 1461 hic,

1999 1495 2166 1549 quam
2188 1480 2266 1533 illi
2296 1480 2392 1551 qui
2426 1480 2563 1537 foris
2592 1492 2740 1548 sunt,
2772 1493 2826 1537 et
2856 1484 3138 1539 evidenter
3179 1485 3387 1541 inimici
3424 1497 3574 1541 sunt.

1998 1570 2099 1628 Hic
2127 1573 2275 1628 enim
2320 1588 2417 1643 per
2445 1574 2812 1631 amicitiarum
2860 1576 3135 1646 speciem,
3184 1592 3308 1647 quae
3355 1576 3577 1633 inimica

1999 1673 2130 1721 sunt
2162 1666 2321 1737 gerit,
2352 1674 2407 1722 et
2440 1666 2739 1723 Ecclesiam
2771 1667 3035 1739 dispergit
3066 1682 3132 1723 ac
3160 1677 3357 1724 vastat.

2754 1803 2819 1859 ll.

2099 1894 2177 1950 De
2212 1897 2479 1965 scriptura
2520 1896 2601 1951 vel
2638 1899 2963 1968 confessione
2990 1915 3082 1968 per
3111 1901 3217 1954 vim
3242 1909 3470 1956 extorta.

2066 2008 2111 2040 ³³
2175 2007 2438 2064 Similiter
2500 2010 2548 2065 si
2611 2010 2925 2080 hujusmodi
2998 2013 3250 2082 personis
3324 2013 3575 2084 quaedam

1992 2101 2272 2171 scripturae
2319 2116 2546 2172 quoquo
2578 2102 2742 2158 modo
2775 2118 2869 2173 per
2898 2113 3101 2159 metum
3122 2146 3137 2169 ,
3160 2114 3253 2159 aut
3285 2105 3532 2159 fraudem
3556 2145 3572 2171 ,

1994 2202 2088 2249 aut
2119 2208 2218 2264 per
2247 2194 2358 2249 vim
2383 2204 2612 2251 extortae
2646 2195 2873 2264 fuerint,
2903 2198 2987 2251 vel
3016 2207 3074 2252 ut
3110 2212 3169 2252 se
3198 2197 3431 2252 liberare
3449 2213 3576 2266 pos-

1994 2285 2124 2346 sint,
2172 2300 2502 2357 quocunque
2554 2288 2624 2342 ab
2674 2288 2754 2343 eis
2804 2291 3127 2360 conscripta:
3170 2290 3253 2344 vel
3302 2290 3576 2343 roborata:

1992 2376 2199 2432 fuerint
2233 2378 2474 2449 ingenio,
2504 2380 2573 2435 ad
2605 2381 2817 2435 nullum
2842 2381 2922 2436 eis
2953 2382 3328 2451 prtejudicium
3361 2393 3454 2437 aut
3476 2397 3575 2436 no—

1994 2479 2313 2525 cumentum
2343 2473 2627 2541 pervenire
2660 2473 2707 2505 “
2732 2489 3041 2540 censemus,
3079 2490 3256 2545 neque
3300 2475 3465 2529 ullam
3493 2475 3575 2530 eis

1995 2559 2281 2615 infamiam
2315 2563 2399 2617 vel
2436 2563 2790 2629 calumniam,
2826 2573 2925 2619 aut
2970 2582 3001 2619 a
3033 2565 3152 2620 suis
3181 2566 3576 2635 sequestratio—

1993 2665 2117 2703 nem
2162 2650 2347 2712 bonis,
2379 2668 2646 2722 unquam,
2687 2661 2910 2708 auctore
2944 2652 3075 2718 Deo,
3111 2663 3165 2709 et
3193 2656 3399 2711 sanctis
3444 2670 3576 2726 apo-

1993 2740 2149 2796 stolis
2184 2757 2488 2812 eorumque
2519 2744 2957 2811 successoribus,
2990 2745 3264 2801 sustinere
3303 2747 3575 2816 permitti-

1993 2846 2139 2886 mus.
2175 2831 2464 2889 Confessio
2496 2850 2629 2889 vero
2670 2836 2724 2888 in
2762 2816 2963 2889 talibus
2994 2851 3103 2889 non
3128 2837 3407 2907 compulsa
3428 2879 3443 2903 ,
3479 2836 3578 2892 sed

1993 2932 2293 2991 spontanea
2321 2924 2439 2979 ﬁeri
2467 2924 2649 2993 debet,
2682 2924 2801 2994 ipso
2833 2933 3124 2982 altestante
3154 2927 3249 2996 qui
3286 2928 3362 2982 ait
3392 2946 3406 2982 :
3441 2946 3462 2979 ι
3497 2927 3575 2982 Ex

1992 3014 2159 3069 corde
2189 3015 2335 3070 enim
2366 3016 2670 3086 procedunt
2706 3016 3025 3083 homicidia,
3074 3018 3364 3082 adulteria,
3395 3018 3577 3074 forni-

1995 3113 2262 3177 cationes,
2297 3112 2824 3182 blasphemia",ret
2852 3121 3048 3168 caetera
3074 3127 3195 3183 quae
3217 3123 3346 3168 sunt
3373 3113 3441 3167 ad
3463 3113 3578 3169 haec

1996 3204 2342 3274 pertinentia.
2375 3202 2488 3259 Nec
2516 3212 2728 3259 tantum
2753 3204 3080 3259 attendenda
3114 3216 3243 3260 sunt
3266 3221 3388 3276 qua:
3414 3205 3575 3273 fiunt,

1994 3304 2260 3365 quantum
2278 3311 2387 3365 quo
2404 3295 2589 3350 animo
2619 3296 2774 3361 fiant,
2791 3310 3026 3365 quorum
3044 3295 3289 3364 exempla
3316 3295 3361 3349 si
3391 3296 3576 3352 omnia

1995 3387 2235 3443 scribere
2268 3387 2621 3456 coeperimus.
2653 3395 2782 3441 ante
2811 3386 2929 3440 dies
2957 3400 3123 3455 quam
3157 3386 3404 3455 exempla
3444 3387 3579 3441 deti-

1994 3475 2158 3530 cient.
2176 3473 2331 3530 Unde
2343 3486 2395 3530 et
2408 3476 2539 3530 illud
2556 3484 2659 3541 est,
2679 3476 2824 3546 quod
2839 3476 3103 3532 Dominus
3117 3477 3183 3531 ad
3202 3494 3427 3534 munera
3441 3479 3576 3535 Abel

1993 3569 2255 3639 respexit,
2273 3577 2327 3623 et
2344 3586 2450 3625 non
2470 3569 2536 3624 ad
2564 3568 2698 3623 Cain
2718 3587 2731 3635 ;
2750 3570 2878 3639 quia
2898 3571 3071 3641 magis
3101 3570 3333 3626 intendit
3351 3572 3417 3626 ad
3444 3572 3576 3627 offe-

1992 3662 2164 3716 rentis
2188 3661 2455 3727 animum,
2477 3678 2640 3732 quam
2672 3662 2740 3716 ad
2769 3678 2832 3717 ea
2857 3678 2980 3732 qum
3008 3662 3332 3718 offeruntur.
3365 3662 3495 3719 Inde
3521 3676 3576 3721 et

1993 3752 2256 3808 Dominus
2272 3769 2365 3823 per
2384 3752 2714 3824 Prophetam
2736 3754 2913 3825 inquit
2938 3772 2951 3808 :
2976 3773 2993 3805 ι
3020 3753 3285 3810 Dominus
3300 3755 3404 3811 scit
3424 3758 3576 3827 cogi-

1991 3848 2230 3903 tationes
2246 3847 2529 3902 hominum
2557 3846 2623 3902 ²⁶.
2663 3866 2681 3898 ι
2710 3845 2776 3901 Et
2805 3862 2903 3916 per
2924 3846 3062 3902 Osee
3086 3847 3164 3901 ait
3188 3869 3200 3902 :
3225 3866 3243 3898 ι
3268 3845 3325 3901 1η
3354 3856 3575 3917 gutture

1996 3949 2089 3995 tuo
2105 3939 2175 3994 sit
2208 3938 2358 4003 tuba,
2378 3938 2537 4009 quasi
2571 3938 2755 4008 aquila
2790 3953 2953 4007 super
2978 3939 3201 3993 domum
3227 3937 3525 3993 Domini".
3553 3958 3572 3988 ι

1990 4041 2045 4087 et
2060 4031 2289 4100 reliqua.
2311 4028 2377 4083 Et
2398 4028 2665 4084 Dominus
2697 4029 2773 4084 ait
2793 4029 2846 4082 in
2878 4027 3171 4099 Evangelio
3198 4048 3211 4083 :
3237 4049 3255 4082 ‹
3280 4026 3359 4083 Tu
3388 4038 3571 4084 autem

1992 4140 2120 4181 cum
2168 4123 2437 4188 oraveris,
2495 4121 2639 4176 intra
2672 4121 2989 4176 cubiculum
3041 4130 3243 4176 tuum:
3280 4132 3335 4178 et
3382 4122 3602 4183 clauso,

1991 4218 2155 4283 ostio,
2191 4232 2288 4271 ora
2312 4214 2525 4270 Patrem
2550 4223 2704 4268 tuum
2725 4213 2790 4266 ’⁸.
2828 4232 2846 4263 ›
2874 4210 3067 4266 Omnis
3088 4213 3233 4267 enim
3269 4212 3569 4277 confessio,

1991 4325 2113 4380 qua:
2141 4309 2200 4363 fit
2239 4324 2307 4363 ex
2341 4308 2686 4372 necessitate,
2729 4304 2863 4359 fides
2898 4322 3006 4359 non
3040 4314 3143 4360 est.
3186 4303 3251 4359 Et
3275 4304 3551 4375 Apostolc,

1991 4402 2068 4457 ait
2096 4421 2110 4457 :
2153 4420 2172 4453 α
2208 4400 2384 4456 Corde
2405 4399 2550 4454 enim
2579 4399 2821 4453 creditur
2848 4398 2916 4452 ad
2947 4397 3239 4467 justitiam,
3270 4413 3363 4452 ore
3386 4405 3573 4452 autem

307 4506 665 4576 loquendum,
696 4522 764 4561 ne
796 4506 1091 4577 participes
1116 4520 1304 4560 eorum
1339 4504 1689 4559 inveniantur
1718 4506 1891 4559 scele—
1922 4513 1965 4567 Ι)
1994 4492 2271 4570 εοηΐθδείο
2298 4493 2359 4547 ﬁl-
2393 4492 2460 4546 δά
2495 4494 2724 4547 Salutem
2751 4492 2816 4545 ²⁹·
2853 4510 2871 4542 ³
2911 4490 3162 4561 Amplius
3185 4500 3367 4545 autem
3398 4492 3574 4560 τεθρί-

307 4598 485 4664 ribus,
517 4598 646 4667 quia
681 4612 789 4652 non
817 4597 997 4652 solum
1034 4595 1128 4665 qui
1168 4594 1398 4660 faciunt,
1425 4595 1519 4649 sed
1551 4602 1606 4649 et
1635 4594 1729 4663 qui
1760 4610 1897 4649 con»

308 4689 555 4745 sentiunt
596 4687 959 4752 facientibus,
995 4688 1073 4741 rei
1116 4686 1287 4741 sunt?
1331 4687 1373 4717 ²¹
1403 4683 1559 4741 Unde
1606 4695 1657 4739 et
1703 4686 1896 4743 beatus

309 4782 568 4852 princeps
626 4780 997 4851 apostolorum
1054 4777 1286 4845 Petrus,
1334 4778 1430 4849 qui
1462 4778 1517 4832 in
1550 4777 1897 4833 ordinatione

308 4876 486 4931 sancti
545 4874 965 4945 przedecessoris
1011 4874 1187 4930 nostri
1235 4872 1571 4941 Clementis,
1617 4872 1895 4927 instruens

306 4968 519 5024 clerum
546 4977 600 5023 et
629 4968 914 5038 populum,
940 4966 1018 5021 ait
1040 4965 1421 5027 :aSiinimicus
1448 4963 1613 5019 fuerit
1637 4962 1893 5018 Clemens

308 5061 477 5117 alicui
512 5076 612 5132 pro
646 5061 863 5117 actibus
895 5061 1014 5119 suis
1035 5100 1051 5125 ,
1086 5075 1187 5115 vos
1229 5059 1400 5114 nolite
1441 5065 1788 5127 exspectare,
1830 5068 1892 5111 ut

306 5154 427 5225 ipse
464 5154 622 5209 vobis
650 5154 837 5209 dicat:
882 5154 1020 5209 Cum
1052 5153 1147 5207 illo
1175 5152 1347 5206 nolite
1393 5148 1557 5205 amici
1614 5164 1765 5214 esse;
1792 5148 1888 5203 sed

304 5245 604 5315 prudenter
653 5245 947 5301 observare
1015 5243 1267 5310 debetis,
1326 5250 1381 5297 et
1434 5239 1699 5295 voluntati
1766 5239 1887 5309 ejus

305 5338 514 5408 absque
544 5337 973 5393 commonitione
1006 5335 1403 5399 obsecundare,
1431 5344 1485 5389 et
1516 5340 1761 5387 avertere
1788 5346 1884 5386 vos

424 5472 610 5527 "Joel
657 5488 739 5535 ιιι,
772 5474 825 5527 4.
906 5469 1219 5535 “Ose.mv,
1267 5468 1354 5521 lO.
1435 5468 1477 5499 ¹⁷
1508 5465 1642 5520 Luc.
1689 5480 1746 5532 x,
1776 5463 1862 5519 l6.

302 5542 624 5612 exrinterpr.
659 5541 887 5596 Bullini:
924 5541 1076 5598 Patr.
1108 5551 1146 5595 t.
1172 5541 1212 5594 l.
1243 5537 1402 5594 EDlT.

306 5559 370 5596 ex
397 5542 629 5624 interpr.
659 5534 887 5623 Bullini:
924 5541 1076 5623 Patr:
1108 5551 1146 5595 t.
1172 5537 1402 5623 1.⁸Ει›ιτ.
1483 5537 1526 5569 ¹⁰
1543 5535 1759 5619 Cal.vr,
1784 5536 1837 5601 l,
1862 5534 1952 5617 2._
2100 5534 2279 5589 Procli
2301 5549 2407 5616 .epz
2429 5534 2498 5587 ad
2544 5534 2617 5583 Do

306 5614 331 5666 l
364 5611 664 5667 Clementis
700 5614 950 5682 epistola,
978 5623 1033 5666 et
1060 5628 1122 5682 ιιι
1148 5619 1307 5681 epist.
1339 5608 1584 5682 Anaclett
1616 5621 1789 5682 papae,
1820 5614 1874 5682 et
1909 5605 2160 5682 Similiter
2184 5604 2412 5682 Fabiani
2444 5616 2617 5682 papae.

1992 4587 2067 4642 cit
2097 4585 2243 4641 Deus
2280 4585 2347 4640 ad
2381 4584 2746 4654 cogitationes
2779 4591 2833 4637 et
2871 4591 3205 4652 spontaneas
3237 4581 3569 4647 voluntates,

1991 4695 2156 4750 quam
2190 4679 2257 4733 ad
2292 4687 2470 4743 actus,
2505 4676 2600 4747 qui
2633 4691 2729 4745 per
2755 4674 3182 4743 simplicitatem,
3218 4682 3313 4726 aut
3341 4687 3437 4742 per
3471 4686 3568 4725 ne-

1990 4771 2304 4826 cessitatem
2336 4768 2494 4824 ﬁunt.
2530 4766 2819 4822 Confessio
2844 4780 2977 4835 ergo
3011 4765 3067 4819 in
3102 4764 3304 4819 talibus
3340 4778 3445 4816 non
3473 4778 3568 4815 ex-

1987 4861 2235 4933 torqueri
2264 4861 2443 4925 debet,
2476 4858 2571 4915 sed
2606 4857 2786 4929 potius
2832 4863 3027 4926 sponte
3078 4853 3342 4925 profiteri.
3384 4851 3568 4907 Pessi-

1992 4972 2142 5010 mum
2169 4963 2253 5009 est
2276 4955 2420 5008 enim
2448 4953 2515 5008 de
2540 4950 2854 5020 suspicione
2868 4956 2963 5002 aut
2990 4956 3201 5003 extorta
3221 4945 3567 5001 confessione

1993 5062 2327 5120 quemquam
2358 5047 2628 5117 judicare,
2675 5058 2801 5100 cum
2836 5042 3011 5112 magis
3055 5042 3333 5111 inspector
3383 5039 3566 5094 cordis

1991 5144 2065 5199 sit
2100 5138 2390 5203 Dominus,
2410 5152 2574 5208 quam
2593 5134 2811 5205 operis;
2839 5144 2893 5188 et
2919 5132 3103 5202 potius
3134 5127 3567 5201 requiritDomi-

1991 5253 2098 5292 nus
2131 5235 2492 5308 cogitationes
2525 5244 2693 5300 puras
2726 5236 2780 5281 et
2811 5226 3121 5280 voluntates
3154 5224 3347 5287 bonas,
3397 5234 3562 5290 quam

1986 5330 2131 5386 labia
2163 5326 2469 5384 mendacia.
2505 5320 2661 5378 Unde
2702 5330 2757 5377 et
2801 5318 3071 5374 Dominus
3112 5330 3209 5386 per
3240 5312 3562 5384 prophetam

1944 5448 2073 5521 "in
2101 5462 2329 5534 epistola
2369 5458 2664 5534 Clementis
2698 5456 2765 5534 ad
2806 5455 3093 5534 Jacobum,
3128 5451 3273 5533 circa
3322 5449 3558 5534 initium.

2020 5536 2069 5606 ν
2100 5521 2279 5606 P'ro_c|i
2309 5549 2405 5606 ep.
2429 5532 2498 5587 ad
2544 5528 2872 5606 Domninum
2904 5526 3128 5606 Αιιιὶοο.ζ
3172 5524 3362 5606 ερίξο..
3431 5521 3473 5606 ’ξ
3506 5521 3561 5573 in

2723 5601 2765 5629 ²¹
2802 5614 2868 5651 ex
2913 5611 3056 5651 vers.
3092 5589 3288 5648 Buffini
3316 5589 3559 5658 ejusdem

688 5660 950 5752 Uri—3,};
978 5660 1575 5752 Ezmsfq'dé'nijﬁiiga
1609 5660 1722 5752 sa.'_
1853 5660 2103 5752 ιιι-ρεστ)
2136 5675 2228 5730 lvo
2272 5675 2382 5752 lib._
2405 5660 2480 5728 tv.
2516 5660 2820 5752 illinunar.
2864 5660 3480 5752 de_divorntit_t.Al‘.oLtha-r_ii
3503 5669 3565 5752 ξι

304 5747 683 5823 Tlteutbergm.
784 5747 1159 5823 "provenire.
1205 5747 1215 5752 ’
1272 5747 1533 5805 “Matth.
1581 5764 1670 5816 xv,
1703 5747 1791 5802 19,

784 5753 830 5785 ⁸⁸
870 5754 1159 5823 provenire.

307 5825 352 5857 ²⁹
387 5822 548 5879 Rom.
580 5822 730 5894 κω.

1899 5747 1947 5779 ’⁸
1970 5745 2116 5802 P5al.
2143 5763 2299 5814 xcnt,
2327 5745 2414 5799 ll.

2521 5743 2565 5775 ³⁷
2598 5738 2723 5797 Ose.
2775 5754 2897 5806 vm,
2931 5737 2980 5790 l.
3089 5735 3134 5766 ’⁸
3167 5731 3355 5789 Matth.
3392 5745 3469 5798 vt,
3501 5729 3563 5787 6.
3602 5742 3607 5745 ‘
