4142 6380
561 367 586 419 1
597 364 701 421 005

1854 348 2251 405 ALEXAND!“
2289 351 2308 404 l
2350 343 2553 402 PAPIE

3702 339 3843 393 1064

561 476 818 544 loquens.
852 471 926 526 ait
954 489 967 523 :
1011 489 1028 521 ι
1066 469 1306 539 Populus
1332 469 1436 525 iste
1468 468 1630 523 labiis
1654 482 1740 521 me
1767 468 2025 530 honorat,
2049 481 2144 520 eor
2176 472 2221 530 Α
2250 476 2511 535 tanquam
2568 461 2943 532 apostolorum
2965 500 2980 526 ,
3037 436 3372 526 Patrumque
3418 455 3655 510 aliorum
3708 472 3814 511 con

564 577 744 622 autem
779 579 969 619 eorum
1007 564 1167 633 longe
1190 572 1275 617 est
1307 577 1339 616 a
1376 577 1460 616 me
1484 563 1580 608 ³ο.»
1633 559 1793 629 Pejus
1808 559 2013 613 malum
2033 558 2151 614 fore

563 674 675 713 non
709 657 943 723 aestimo,
974 671 1142 726 quam
1170 654 1520 710 Christianos
1546 653 1662 708 suis
1700 652 1946 705 invidere
1972 666 2152 705 sacer-

565 750 805 803 dotibus.
844 748 1011 803 Novit
1035 750 1180 802 enim
1215 748 1482 801 Dominus
1511 747 1604 816 qui
1635 753 1763 800 sunt
1790 744 1929 813 ejus.
1964 744 2007 774 ³¹
2032 742 2151 797 Νοη

566 850 748 914 potest
781 850 967 896 autem
1004 841 1248 895 humano
1281 838 1640 893 condemnari
1674 836 1949 901 examine,
1987 851 2152 904 quem

568 936 713 992 Deus
747 952 853 991 suo
885 935 1186 990 reservavit
1216 933 1449 1002 judicio.
1499 932 1556 985 Si
1601 932 1784 985 omnia
1819 945 2056 999 namque
2097 930 2151 981 in

570 1031 673 1083 hoc
707 1027 909 1083 saeculo
948 1026 1229 1081 vindicata
1263 1034 1469 1089 essent,
1499 1024 1544 1055 “
1594 1024 1775 1077 locum
1811 1023 1997 1077 divina
2044 1036 2152 1075 non

570 1121 835 1175 haberent
856 1119 1086 1189 judicia.

1323 1228 1410 1282 Ill.

574 1324 632 1379 Si
683 1326 800 1394 quis
850 1325 1101 1377 adversus
1158 1324 1455 1392 episcopum
1510 1323 1587 1376 vel
1644 1333 1847 1376 actores
1904 1319 2158 1379 Ecclesia:

1115 1394 1383 1463 querelam
1416 1394 1619 1448 habuit.

647 1508 803 1574 Quod
841 1518 1023 1562 autem
1062 1508 1128 1562 ad
1165 1508 1305 1562 alios
1336 1507 1548 1577 judices
1581 1507 1735 1577 prius
1770 1522 1877 1560 non
1902 1506 2159 1568 debeant,

576 1618 739 1672 quam
776 1601 841 1655 ad
877 1602 1189 1655 sacerdotes
1226 1602 1302 1671 (9)
1338 1601 1422 1655 vel
1452 1601 1731 1657 auditores
1790 1601 1835 1631 ⁸³
1904 1600 2162 1655 Ecclesia:

579 1694 852 1759 accusari,
887 1694 961 1747 ita
994 1709 1023 1746 a
1059 1702 1308 1762 tempore
1341 1693 1717 1762 apostolorum
1765 1700 1819 1747 et
1853 1692 2019 1756 infra,
2064 1692 2163 1745 ob-

580 1796 856 1842 servatum
892 1795 946 1841 et
979 1785 1268 1840 dillinitum
1303 1786 1637 1840 invenimus.
1670 1786 1718 1817 ”
1774 1784 1830 1839 Si
1863 1785 1989 1854 quis
2031 1800 2159 1854 erga

578 1877 919 1945 episcopum,
952 1886 997 1917 ιε
1045 1886 1140 1930 aut
1185 1884 1437 1931 auctores
1459 1877 1503 1907 ³⁸
1538 1876 1815 1941 Ecclesiae,
1859 1876 2160 1946 quamlibet

580 1971 858 2039 querelam
896 1970 979 2023 vel
1016 1971 1293 2024 actionem
1330 1970 1478 2039 juste
1513 1985 1573 2025 se
1618 1971 1820 2025 habere
1850 1970 2160 2035 crediderit,

583 2060 698 2129 ipse
741 2060 1123 2129 Redemptoris
1156 2062 1241 2114 sui
1298 2059 1497 2130 (cujus
1534 2061 1677 2116 actio
1726 2070 1916 2116 nostra
1956 2068 2041 2115 est
2082 2060 2166 2115 in-

582 2152 833 2219 stitutio)
870 2153 1083 2207 viarum
1122 2169 1231 2207 non
1267 2153 1583 2217 immemor,
1620 2154 1713 2209 sed
1745 2161 1982 2209 sectator
2008 2168 2165 2224 egre-

583 2243 728 2311 gius,
761 2244 855 2313 qui
891 2260 1015 2298 cum
1052 2245 1488 2310 malediceretur,
1522 2261 1630 2299 non
1667 2244 2048 2309 maledicebat,
2072 2244 2169 2299 sed

586 2343 845 2401 tanquam
888 2333 1007 2387 ovis
1054 2350 1240 2388 coram
1291 2334 1554 2389 tondente
1590 2350 1648 2389 se
1692 2335 1967 2388 obmutuit
2004 2334 2072 2401 ³⁷,
2106 2350 2171 2389 ac

583 2441 685 2494 pro
727 2426 843 2479 suis
883 2427 1331 2496 persecutoribus
1390 2428 1444 2480 in
1496 2442 1659 2481 cruce
1706 2428 1972 2496 pendens,
2026 2426 2169 2495 apud

584 2516 800 2571 Patrem
836 2517 1149 2574 intercessit
1172 2519 1238 2585 ³⁸,
1272 2536 1379 2573 non
1415 2521 1566 2589 prius
1602 2520 1863 2590 primates
1902 2528 1996 2573 aut
2036 2520 2172 2575 alios

582 2609 798 2678 judices
832 2610 1011 2678 adeat,
1041 2628 1209 2681 quam
1238 2613 1387 2681 ipsos
1418 2628 1446 2667 a
1482 2613 1685 2681 quibus
1714 2628 1773 2667 se
1796 2614 1989 2669 laesum
2025 2613 2173 2668 :esti—

590 2714 722 2769 mat,
761 2708 1051 2761 conveniat
1086 2706 1448 2773 familiariter,
1485 2720 1539 2762 et
1576 2723 1684 2762 non
1722 2710 1910 2775 semel,
1946 2709 2037 2764 sed
2074 2725 2175 2765 sae-

590 2797 833 2865 pissime,
870 2806 931 2850 ut
966 2798 1033 2851 ab
1065 2798 1144 2853 eis
1179 2807 1273 2852 aut
1304 2814 1459 2853 suam
1492 2799 1764 2867 justitiam
1801 2800 2056 2869 accipiat,
2082 2808 2177 2854 aut

587 2889 793 2956 justam
847 2889 1285 2945 excusationem.
1332 2889 1470 2943 Boni
1522 2906 1717 2961 nempe
1765 2900 1821 2946 et
1863 2906 1988 2946 vere
2017 2892 2177 2946 Chri-

595 2978 760 3031 stiani
790 2977 1032 3031 hominis
1061 2986 1164 3039 est,
1198 2994 1310 3034 rem
1338 2979 1512 3048 ipsam
1544 2981 1803 3035 omnibus
1837 2981 2092 3036 amicitiae
2114 2994 2179 3035 ac

593 3070 746 3139 pacis
786 3070 999 3142 legibus
1043 3072 1195 3140 prius
1236 3080 1470 3137 tentare,
1517 3088 1682 3143 quam
1722 3073 1775 3126 in
1804 3073 2014 3143 judicio
2050 3072 2177 3143 (ubi

2254 567 2510 627 temptor.
2564 555 2640 609 De
2685 552 2886 624 quibus
2926 552 3002 606 ait
3048 550 3358 620 propheta:
3404 566 3423 598 ι
3456 546 3629 601 Erunt
3674 552 3839 617 quasi

2255 664 2362 703 non
2396 649 2526 713 sint,
2554 654 2608 702 et
2623 645 2877 715 peribunt
2900 642 3004 696 viri
3025 641 3118 710 qui
3147 638 3531 695 contradicunt
3554 638 3789 693 vobis”.
3818 657 3840 689 ι

2998 773 3089 829 IV.

2260 876 2326 931 Ut
2355 877 2410 928 in
2440 874 2703 927 oblatione
2732 878 3183 925 sacramentorum
3209 875 3644 948 commemoretur
3666 864 3847 948 passio

2327 946 2548 1007 Christi,
2572 954 2619 996 et
2657 952 2712 995 ut
2747 942 2902 1009 panis
2937 949 3144 993 tantum
3172 947 3220 991 et
3254 939 3428 991 vinum
3459 953 3598 1008 aqua
3626 939 3846 991 mistum

2331 1017 2609 1083 a/feratur.

2329 1132 2373 1162 ⁸ο
2402 1129 2461 1184 In
2510 1134 2981 1184 sacramentorum
3017 1138 3241 1194 quoque
3273 1121 3646 1178 oblationibus
3667 1164 3681 1188 ,
3721 1136 3852 1192 qua,

2258 1226 2399 1279 inter
2432 1224 2726 1277 missarum
2771 1218 3035 1274 solemnia
3070 1218 3306 1273 Domino
3338 1215 3665 1283 offeruntur,
3711 1231 3831 1285 pas-

2260 1319 2342 1373 sio
2382 1316 2596 1371 Domini
2637 1313 2919 1369 miscenda
2952 1320 3055 1377 est,
3093 1319 3153 1364 ut
3187 1310 3327 1380 ejus,
3364 1310 3523 1379 cujus
3552 1324 3753 1378 corpus
3789 1318 3846 1361 et

2261 1411 2484 1480 sanguis
2513 1409 2819 1473 coniicitur,
2850 1406 3035 1478 passio
3070 1404 3401 1467 celebretur,
3436 1402 3510 1455 ita
3537 1409 3621 1465 ut,
3661 1401 3847 1470 repul-

2263 1504 2340 1558 sis
2375 1502 2727 1572 opinionibus
2758 1499 3234 1570 superstitionum,
3263 1496 3423 1566 panis
3446 1504 3660 1549 tantum
3684 1502 3739 1548 et
3759 1495 3844 1547 vi-

2263 1610 2393 1648 num
2430 1608 2569 1664 aqua
2602 1593 2920 1662 permistum
2953 1592 3006 1644 in
3048 1590 3318 1645 sacriﬁcio
3354 1587 3678 1643 oﬂ‘erantur.
3719 1585 3842 1640 Non

2264 1683 2423 1738 debet
2444 1684 2590 1738 enim
2627 1684 2645 1751 (
2670 1690 2733 1737 ut
2764 1698 2792 1735 a
2827 1680 3091 1735 Patribus
3121 1678 3454 1749 accepimus,
3478 1689 3533 1731 et
3564 1680 3681 1749 ipsa
3704 1678 3847 1731 ratio

2264 1774 2462 1843 docet)
2489 1775 2542 1828 in
2574 1776 2740 1829 calice
2763 1773 2981 1827 Domini
3006 1772 3308 1827 autvinum
3341 1772 3548 1839 solum,
3585 1780 3679 1825 aut
3703 1786 3847 1840 aqua

2263 1866 2378 1920 sola
2426 1865 2630 1931 oll‘erri,
2682 1865 2776 1920 sed
2828 1874 3121 1933 utrumque
3160 1862 3487 1933 permistum
3539 1862 3674 1933 (10),
3714 1862 3847 1930 quia

2261 1964 2558 2025 utrumque
2578 1970 2645 2009 ex
2668 1954 2837 2009 latere
2859 1955 2981 2024 ejus
3011 1954 3064 2008 in
3091 1953 3351 2025 passione
3382 1967 3482 2007 sua
3513 1951 3847 2021 proﬂuxisse

2264 2048 2479 2118 legitur.
2527 2049 2648 2117 ipsa
2697 2063 2828 2102 vero
2861 2046 3079 2102 Veritas
3128 2063 3231 2102 nos
3264 2046 3488 2101 instruit
3516 2044 3739 2099 calicem
3791 2053 3847 2098 et

2274 2156 2473 2209 panem
2518 2141 2573 2194 in
2623 2153 2969 2195 sacramento
3005 2139 3221 2203 oﬂ‘erre,
3266 2137 3480 2208 quando
3512 2137 3586 2190 ait
3626 2154 3639 2189 :
3677 2153 3697 2186 α
3735 2136 3845 2189 Ac-

2268 2234 2413 2304 cepit
2444 2231 2603 2289 Jesus
2633 2248 2851 2303 panem,
2888 2240 2941 2287 et
2975 2231 3276 2297 benedixit,
3309 2230 3560 2299 deditque
3598 2228 3842 2297 discipu-

2268 2325 2337 2379 lis
2371 2326 2507 2391 suis,
2543 2326 2734 2381 dicens
2778 2346 2790 2379 :
2841 2325 3085 2394 Accipite
3119 2333 3173 2378 et
3229 2323 3573 2388 manducate,
3618 2322 3721 2376 hoc
3759 2330 3847 2376 est

2269 2417 2415 2469 enim
2452 2416 2495 2447 δι
2542 2431 2745 2486 corpus
2787 2432 2991 2480 meum,
3037 2414 3183 2485 quod
3236 2430 3335 2483 pro
3375 2415 3533 2469 vobis
3577 2414 3842 2469 tradetur.

2273 2507 2558 2573 Similiter,
2594 2518 2883 2577 postquam
2916 2507 3173 2574 coenavit,
3210 2506 3421 2575 accepit
3456 2506 3704 2567 calicem,
3753 2505 3852 2558 de-

2272 2600 2459 2669 ditque
2504 2600 2800 2669 discipulis
2845 2600 2980 2664 suis,
3016 2598 3204 2653 dicens
3245 2616 3257 2651 ε
3298 2597 3563 2667 Accipite,
3600 2608 3653 2652 et
3686 2597 3857 2650 bibite

2275 2707 2343 2745 ex
2393 2706 2459 2744 eo
2491 2706 2721 2757 omnes,
2760 2692 2888 2759 quia
2940 2691 3030 2745 hic
3068 2699 3152 2745 est
3203 2690 3346 2745 calix
3382 2690 3668 2760 sanguinis
3710 2690 3854 2753 mei,

2275 2782 2368 2852 qui
2411 2797 2510 2850 pro
2554 2783 2707 2836 vobis
2763 2780 3022 2837 fundetur
3066 2783 3120 2836 in
3170 2782 3555 2838 remissionem
3601 2791 3858 2850 peccato-

2276 2889 2399 2926 rum
2424 2873 2490 2926 “.
2523 2893 2540 2925 ›
2572 2874 2617 2905 ’⁸³
2641 2872 2885 2928 Crimina
2908 2874 3053 2928 enim
3082 2884 3247 2945 atque
3277 2887 3521 2943 peccata,
3553 2874 3750 2930 oblatis
3770 2874 3857 2927 his

2282 2965 2513 3018 Domino
2557 2966 2865 3032 sacriﬁciis,
2894 2967 3161 3022 delentur.
3198 2967 3407 3023 Idcirco
3430 2979 3483 3023 et
3509 2969 3695 3038 passio
3739 2969 3859 3037 ejus

2280 3062 2334 3112 in
2372 3059 2456 3113 bis
2502 3060 2979 3113 commemoranda
3031 3068 3146 3127 est,
3182 3076 3290 3130 qua
3333 3061 3599 3129 redempti
3639 3076 3856 3123 sumus,

594 3160 913 3231 frequenter
944 3162 1325 3217 amarissimus
1368 3164 1567 3217 animte
1601 3179 1802 3218 rancor
1837 3164 2174 3234 innascitur)

2279 3162 2334 3207 et
2403 3152 2600 3222 saepius
2658 3152 2972 3217 recitanda,
3032 3160 3196 3223 atque
3259 3154 3375 3208 haec
3426 3152 3660 3207 Domino
3728 3152 3852 3206 olle.

596 3269 758 3308 suum
804 3252 892 3320 jus
919 3253 1270 3324 pertinaciter
1308 3254 1565 3322 experiri.
1615 3251 1671 3307 Si
1706 3253 1831 3323 quis
1868 3254 2013 3307 enim
2050 3269 2175 3306 cum

596 3346 731 3411 Deo,
766 3346 860 3414 qui
897 3344 1047 3415 pacis
1083 3352 1166 3399 est
1204 3352 1416 3410 auctor,
1455 3343 1706 3398 habitare
1739 3343 1958 3413 cupiat,
1996 3342 2045 3396 ei
2083 3356 2176 3396 ne-

598 3454 753 3493 cesse
782 3446 884 3503 est,
916 3445 973 3491 ut
1008 3451 1198 3505 pacem
1235 3435 1501 3505 inquirat.
1545 3433 1601 3489 Si
1640 3446 1823 3488 autem
1862 3449 2024 3488 secus
2050 3448 2175 3502 cge-

600 3530 691 3593 rit,
735 3539 788 3585 et
821 3528 888 3584 ab
924 3528 1059 3598 ipsis
1096 3536 1149 3582 et
1195 3527 1264 3582 ab
1299 3526 1421 3581 aliis
1457 3524 1845 3580 communione
1893 3523 2170 3593 privetur,

674 3725 717 3755 ³ο
751 3723 855 3777 lsa.
888 3739 1040 3785 χχιχ,
1102 3723 1197 3787 l5;
1240 3721 1430 3776 Matth.
1466 3739 1554 3787 xv,
1594 3721 1647 3775 8.
1725 3722 1765 3751 ³¹
1800 3721 1988 3776 Const.
2036 3721 2167 3787 imp.

2242 3720 2308 3774 ad
2341 3719 2534 3775 Patres
2580 3720 2850 3776 Nicaenos.
2892 3721 3023 3776 Vide
3064 3722 3190 3775 coll.
3245 3720 3413 3776 Hard.
3460 3721 3550 3777 41.

2282 3243 2469 3298 renda.
2518 3241 2741 3298 Talibus
2804 3242 2997 3298 hostiis
3046 3244 3404 3299 delectabitur
3449 3253 3501 3298 et
3552 3244 3863 3313 plaeabitur

2284 3335 2589 3399 Dominus,
2641 3343 2694 3389 et
2738 3348 2962 3404 peccata
3010 3335 3248 3390 dimittet
3294 3335 3532 3407 ingentia
3567 3334 3686 3381 δυ’
3714 3331 3862 3386 Nihil

2284 3429 2426 3483 enim
2457 3428 2510 3480 in
2552 3428 2837 3482 sacriﬁciis
2869 3428 3047 3498 majus
3082 3444 3205 3483 esse
3242 3437 3421 3499 potest
3449 3443 3614 3499 quam
3654 3442 3861 3497 corpus

2287 3530 2343 3575 et
2372 3521 2604 3590 sanguis
2637 3518 2862 3575 Christi.
2897 3518 3007 3574 Nec
3046 3520 3156 3573 ulla
3182 3519 3387 3574 oblatio
3422 3521 3525 3572 hac
3564 3519 3745 3588 potior
3777 3528 3863 3573 est

3628 3723 3672 3754 ³³
3713 3720 3861 3779 Enn.

602 3813 663 3873 ῃ,
697 3811 795 3873 ep._
818 3795 903 3849 l9.
1060 3802 1284 3873 actores.
1366 3791 1411 3823 ³⁸
1427 3791 1490 3873 2,
1524 3808 1579 3872 q.
1608 3794 1668 3845 7:
1784 3792 1901 3873 quis
1923 3808 2070 3873 erga.
2105 3790 2171 3844 Et
2213 3791 2267 3845 in
2295 3791 2443 3873 decr.
2470 3792 2637 3860 episc.
2673 3792 2808 3845 Sixti
2840 3790 2915 3873 ll.;
2955 3801 3009 3873 et
3056 3792 3107 3873 in
3151 3792 3461 3873 decr.3ulii
3491 3808 3672 3873 papa;
3710 3801 3763 3846 et
3806 3795 3862 3846 in

602 3865 759 3917 Decr.
779 3863 928 3917 lvon.
960 3863 1056 3917 lib.
1082 3879 1153 3916 tv.

603 3940 773 3999 dotes,
803 3934 881 3988 vel
912 3946 1116 3986 actores
1148 3932 1402 3987 Ecclesia:
1431 3948 1705 3999 accusare.

606 4021 717 4069 xm,
761 4005 845 4057 Η.

605 4074 804 4129 concil.
835 4073 1059 4127 Bracar.
1087 4087 1170 4139 Ill,
1200 4088 1250 4127 c.
1278 4073 1331 4126 4.

679 4249 757 4319 (9)
789 4246 871 4319 Ad
906 4247 1221 4319 sacerdotes.
1268 4245 1573 4319 Turrianus
1608 4262 1728 4315 cap.
1772 4246 1865 4311 22,
1897 4246 2003 4319 lib.
2030 4247 2180 4319 Lad-

607 4316 785 4375 versus
824 4318 1292 4387 Magdeburgenses
1336 4318 1393 4387 in
1442 4326 1657 4371 vetusto
1698 4318 1995 4384 exemplari
2030 4316 2183 4370 Vati-

609 4406 769 4453 cano,
798 4388 877 4442 sic
914 4386 1016 4456 legi
1049 4388 1239 4446 scribit
1266 4405 1278 4439 :
1308 4386 1460 4451 Quod
1494 4396 1671 4440 autem
1704 4389 1772 4439 ad
1816 4388 1949 4440 alios
1975 4388 2183 4457 judices

1232 3863 1275 3894 ³⁸
1300 3877 1403 3915 ms.
1427 3861 1604 3915 Paris.
1637 3863 1847 3930 collegii
1877 3878 1989 3916 soc.
2015 3861 2168 3919 Jcsu.
2197 3877 2227 3915 a

1785 3931 1829 3963 ³⁸
1855 3942 2083 3985 actores.
2164 3931 2251 3984 ³⁷1

954 4004 998 4034 "°
1032 4002 1108 4056 De
1147 4019 1380 4056 consecr.
1408 4002 1540 4056 dist.
1565 4002 1621 4065 2,
1664 3998 1728 4052 In
1757 4011 2229 4056 sacramentorum.

1414 4072 1461 4103 “
1491 4088 1597 4126 ms.
1632 4071 1857 4127 dimittit
1898 4074 2252 4144 indulgentia.

2300 3876 2371 3915 uo
2394 3871 2449 3915 et
2472 3872 2756 3931 sequentes
2784 3863 2947 3917 varia:
2978 3863 3235 3917 lectiones
3262 3882 3273 3915 :
3306 3863 3476 3928 Quam
3502 3865 3571 3915 ad
3600 3880 3655 3917 se
3685 3880 3867 3917 sacer-

2323 3943 2426 3987 etr.
2457 3948 2519 3993 ll,
2548 3933 2651 3995 2'5;
2682 3932 2787 3986 lsa.
2815 3948 2930 3995 Llll,
2956 3935 3010 3988 9.
3074 3934 3117 3965 ³⁸
3147 3932 3279 3987 Luc.
3346 3935 3609 3998 “211,34.
3689 3935 3729 3966 ³9
3754 3932 3861 3991 lsa.

2329 4002 2373 4032 “
2404 4003 2457 4056 in
2486 4018 2588 4058 ms.
2620 4002 2773 4056 deest
2796 4004 2953 4057 enim.
3072 4002 3117 4035 ’δ’
3141 4002 3334 4059 Matth.
3360 4020 3508 4065 xm,
3538 4005 3631 4066 26,
3654 4003 3741 4056 28.
3818 4003 3867 4035 ⁸³

2331 4072 2376 4105 ⁸³
2414 4073 2487 4126 De
2518 4089 2750 4126 consecr.
2783 4074 2911 4128 dist.
2940 4074 3007 4127 2:
3044 4072 3196 4127 Nihil
3241 4076 3297 4127 in
3332 4076 3637 4144 sacriﬁciis.

2287 4248 2422 4302 alias
2444 4246 2533 4310 65,
2569 4248 2803 4316 constat)
2832 4251 3060 4319 mystice
3085 4260 3402 4317 usurpatam
3434 4249 3728 4318 apostolica
3762 4247 3868 4303 Ec-

2289 4319 2456 4391 clesia
2503 4319 2811 4385 exemplum
2842 4319 3076 4391 _(2hristi
3124 4320 3355 4381 imitata,
3408 4321 3709 4386 apostolica
3747 4321 3872 4391 lege

2289 4389 2546 4457 deinceps
2568 4402 2781 4460 semper
2803 4388 3080 4460 observari
3113 4392 3384 4458 prazeepit.
3419 4391 3649 4460 Ideoque
3674 4388 3872 4445 certis-

610 4462 770 4541 prius
785 4474 886 4541 non
910 4458 1129 4541 debeam
1160 4474 1319 4539 quam
1351 4459 1537 4541 aduse,
1570 4458 1885 4539 sacerdotes,
1924 4459 1998 4511 vel
2043 4468 2189 4511 acto-
2220 4486 2262 4541 ι)
2292 4461 2490 4514 simum
2526 4468 2607 4539 est
2630 4458 3333 4541 Alexandrum_p'o_ntilic_em
3362 4476 3470 4541 non
3502 4458 3873 4541 inisse‘bujus

614 4527 693 4584 res
724 4527 978 4582 Ecclesia:
1009 4528 1084 4597 (id
1112 4538 1187 4581 est
1214 4529 1464 4597 episcopi)
1492 4530 1755 4591 accusari,
1785 4530 1863 4581 ita
1901 4546 1933 4581 a
1959 4537 2186 4597 tempore

613 4599 993 4670 apostolorum,
1024 4610 1071 4652 et
1104 4599 1266 4666 infra,
1300 4597 1626 4652 obseruatum
1659 4609 1707 4652 et
1737 4598 2015 4670 deﬁnitum
2041 4600 2186 4651 inve-

614 4668 810 4725 nimus.
846 4669 904 4723 Si
930 4671 1046 4739 quis
1077 4686 1199 4738 erga
1230 4670 1548 4738 episcopum,
1577 4670 1654 4723 vel
1699 4680 1903 4723 actores
1937 4668 2189 4724 Ecclesiae

618 4739 902 4805 quamlibet
930 4739 1195 4809 querelam
1223 4744 1299 4792 vel
1331 4741 1591 4794 actionem
1606 4741 1752 4808 juste
1780 4757 1832 4794 se
1856 4741 2041 4793 habere
2073 4756 2178 4794 cre-

614 4811 833 4873 diderit,
872 4820 976 4864 etc.
1006 4809 1271 4863 Dicuntur
1294 4819 1470 4864 autem
1492 4811 1735 4879 episcopi
1761 4809 2018 4865 Ecclesiae
2046 4822 2193 4864 acto-

614 4898 724 4944 res,
760 4880 888 4949 quia
918 4882 1052 4949 ipsis
1077 4881 1189 4950 lege
1219 4881 1517 4949 apostolica
1555 4881 1643 4947 (de
1685 4896 1791 4949 qua
1820 4896 1983 4948 supra
2016 4881 2066 4933 in
2090 4882 2193 4936 Ca-

615 4952 853 5004 nonibus
885 4952 1280 5020 apostolorum)
1324 4966 1504 5005 rerum
1535 4952 2030 5006 ecclesiasticarum
2057 4965 2189 5003 cura

617 5038 680 5074 ac
704 5022 1038 5089 dispensatio
1067 5021 1363 5075 commissa
1400 5030 1502 5076 est.
1534 5020 1669 5076 Nam
1705 5032 1762 5077 ut
1792 5038 1858 5075 ex
1898 5021 2192 5076 collatione

618 5090 850 5145 Crmciet
879 5091 1060 5145 Latini
1082 5101 1368 5146 contextus
1391 5092 1552 5149 sacri.
1585 5092 1746 5147 Luem
1766 5107 1814 5145 c.
1843 5106 1941 5153 xu,
1965 5100 2017 5143 et
2037 5090 2189 5144 Pauli

618 5163 684 5215 ad
712 5160 1085 5231 GalatasAcap.
1115 5177 1165 5214 IV
1200 5170 1366 5229 patet,
1403 5162 1494 5231 qui
1519 5161 1720 5216 Graecis
1756 5161 1956 5215 dicitur
1984 5161 2190 5213 οἰκονό-

623 5249 741 5301 μος,
774 5246 897 5284 eum
943 5229 1122 5284 Latini
1172 5229 1597 5300 interpretantur
1627 5233 2094 5301 dispensatorem,
2138 5237 2194 5283 et

620 5300 882 5372 actorem.
916 5300 1126 5365 Quanto
1153 5313 1381 5372 tempore
1419 5302 1583 5356 hwres
1621 5300 1871 5371 parvulus
1898 5311 1997 5366 est,
2032 5302 2193 5356 habet

620 5370 811 5426 Latina
850 5372 1240 5440 interpretatio,
1259 5370 1361 5426 sub
1407 5370 1692 5436 tutoribus,
1721 5382 1768 5426 et
1795 5373 2060 5426 actoribus
2090 5380 2189 5437 est,

621 5440 805 5495 Grzcce
834 5453 916 5512 est
940 5444 1274 5512 οἰκονόμους.
1315 5442 1437 5497 Sev.
1464 5443 1582 5497 Bm.

694 5512 805 5581 (10)
839 5511 1132 5581 Utrumque
1154 5515 1481 5581 permistum.
1510 5514 1660 5568 Hanc
1703 5513 1989 5583 mysticam
2018 5521 2070 5567 et
2106 5526 2192 5565 sa-

623 5596 771 5633 cram
818 5584 1001 5635 vinum
1054 5599 1177 5636 cum
1233 5599 1371 5650 aqua
1425 5585 1690 5639 miscendi
1734 5584 2112 5639 caarcmoniam
2161 5598 2192 5636 a

622 5650 843 5723 Christo
872 5652 1099 5723 Domino
1132 5654 1185 5705 in
1232 5655 1419 5707 ultima
1466 5670 1623 5709 coena
1660 5658 1740 5721 (ut
1779 5670 1841 5709 ex
1876 5655 2091 5723 liturgia
2132 5652 2189 5707 S.

626 5717 832 5790 Jacobi,
860 5721 1135 5775 Clemente
1160 5723 1253 5777 lib.
1294 5740 1387 5776 vni
1418 5717 1706 5778 Constitui.
1732 5741 1780 5779 c.
1809 5724 1897 5790 l2,
1924 5717 2059 5779 alitis
2093 5724 2189 5786 l7;

628 5788 827 5844 lrenmo
870 5792 962 5843 lib.
999 5808 1069 5856 tv,
1099 5808 1198 5860 cap
1251 5793 1355 5859 57;
1403 5794 1677 5864 Cypriano
1718 5796 1809 5849 lib.
1858 5788 1914 5862 ll,
1948 5796 2105 5865 epist.
2136 5796 2188 5859 ὖ,

2292 4530 2542 4599 ργωοθριί
2592 4537 2894 4594 auctorem,
2932 4528 3022 4583 sed
3056 4528 3111 4581 id
3157 4531 3337 4599 potius
3380 4532 3447 4584 ab
3489 4528 3869 4599 apostolorum

2292 4598 2631 4670 temporibus
2678 4613 2949 4670 manasse.
3001 4598 3307 4663 Quodnen
3352 4598 3609 4656 modo’ex
3644 4601 3873 4670 liturgia

2266 4714 2267 4719 η
2294 4670 2350 4725 S.
2380 4668 2565 4723 Jacobi
2599 4669 2854 4739 apostoli,
2882 4670 3243 4725 conciliorum
3274 4686 3337 4725 ac
3366 4670 3590 4726 Patrum
3626 4668 3875 4727 testimo-

2292 4741 2419 4802 niis,
2446 4755 2636 4793 verum
2664 4739 2949 4811 etiamcx
2998 4740 3097 4794 hac
3143 4742 3261 4810 ipsa
3310 4742 3603 4795 Alexandri
3632 4741 3871 4811 epistola

2292 4818 2476 4880 aperte
2500 4808 2788 4879 colligithr.
2818 4809 2956 4863 Dicit
2978 4811 3121 4863 enim
3147 4808 3286 4865 infra
3317 4827 3375 4865 se
3408 4830 3425 4862 α
3459 4808 3694 4877 tradere,
3723 4811 3871 4880 quod

2293 4897 2321 4934 a
2368 4879 2617 4934 Patribus
2647 4888 2959 4948 acceperat;
3000 4898 3017 4931 ι
3049 4889 3103 4934 et
3150 4882 3275 4935 alibi
3328 4882 3529 4937 dicitur
3557 4880 3871 4936 Romanam

2293 4950 2591 5005 Ecclesiam
2628 4950 2731 5022 hoc
2762 4951 2831 5003 ab
2864 4952 3128 5022 apostolis
3175 4952 3466 5017 didicisse,
3505 4969 3568 5007 ac
3603 4960 3873 5022 perpetuo

2296 5022 2642 5075 observasse.
2682 5020 2868 5074 Restat
2900 5020 3062 5089 igitur
3108 5031 3166 5075 ut
3208 5023 3496 5077 credamus
3535 5020 3673 5076 hanc
3707 5020 3876 5076 etcre-

2294 5094 2535 5147 moniam
2572 5107 2599 5144 a
2634 5090 2853 5143 Christo
2888 5102 3226 5159 usurpatam,
3262 5093 3331 5146 ab
3384 5094 3646 5162 apostolis
3679 5093 3875 5145 obser-

2295 5164 2411 5216 vari
2448 5170 2793 5231 praeceptam,
2822 5162 2889 5214 ab
2922 5162 3233 5217 Alexandro
3266 5164 3541 5231 pontitice,
3582 5165 3787 5231 scripto
3819 5169 3878 5214 et

2297 5233 2639 5305 promulgato
2668 5232 2907 5305 decreto,
2938 5235 3350 5305 corroboratam
3386 5250 3526 5287 esse.
3563 5234 3877 5305 Cyprianus

2295 5303 2630 5373 prazallegata
2667 5302 2894 5373 epistola
2946 5303 3092 5373 hunc
3144 5304 3305 5373 ritum
3356 5305 3591 5373 appellat
3613 5302 3875 5357 divinum

2295 5371 2635 5433 mandatum.
2670 5372 2797 5440 quia
2854 5387 2881 5424 a
2931 5371 3133 5427 Christi
3171 5371 3570 5428 Domininacto
3604 5382 3657 5427 et
3689 5387 3880 5426 exem-

2295 5444 2405 5513 plo,
2443 5454 2701 5509 tanquam
2755 5458 2785 5495 a
2829 5458 2988 5496 causa
3024 5444 3354 5511 exemplari,
3388 5454 3442 5499 et
3475 5446 3543 5498 ab
3578 5460 3717 5512 aqua
3752 5456 3880 5510 qua:

2296 5531 2361 5568 ex
2405 5515 2573 5567 latere
2620 5513 2742 5579 ejus
2793 5516 3056 5583 manavit,
3106 5524 3366 5583 tanquam
3422 5532 3451 5569 a
3499 5531 3663 5569 causa
3701 5513 3877 5578 ﬁnali,

2294 5585 2557 5649 originem
2585 5583 2759 5636 duxit.
2793 5580 2925 5635 Vide
2949 5582 3146 5637 Baron.
3178 5580 3322 5637 anno
3353 5585 3554 5640 Christi
3597 5584 3686 5649 57,
3718 5600 3876 5636 ηυιιι.

2297 5652 2422 5716 M3,
2449 5663 2501 5706 et
2532 5667 2675 5706 anno
2699 5652 2901 5706 Christi
2937 5653 3061 5719 1'52,
3096 5672 3246 5709 num.
3287 5656 3346 5721 7;
3383 5655 3637 5709 Bellarm.
3677 5654 3748 5707 De
3778 5669 3875 5706 sa-

2296 5741 2461 5777 cram.
2494 5724 2707 5776 euchar.
2749 5724 2838 5775 lib.
2873 5740 2944 5788 tv,
2978 5740 3098 5794 cap.
3132 5726 3191 5779 tO
3217 5726 3342 5781 etll
3372 5745 3385 5793 ;
3420 5724 3623 5781 Snarez
3650 5733 3781 5780 tom.
3811 5722 3878 5790 ιι,

2296 5795 2437 5855 disp.
2474 5794 2565 5860 45,
2599 5794 2837 5847 sectione
2872 5798 3131 5849 secunda.
3162 5797 3234 5851 In.
