4142 6384
437 351 578 407 1065

1900 331 2285 414 Episroua.

3558 363 3697 421 1066

435 467 532 522 sed
565 466 681 522 haec
721 479 915 522 omnes
970 466 1252 537 praecellit.
1304 464 1439 533 Quae
1484 480 1624 536 pura
1676 468 2018 524 conscientia
2046 490 2092 549 Α
2122 472 2351 527 cendam
2386 486 2417 525 a
2445 472 2692 541 patribus
2720 473 3056 545 accepimus,
3082 476 3352 547 vobisque
3377 478 3697 538 tradendam

436 558 671 615 Domino
709 557 985 614 oderenda
1034 568 1139 626 est,
1192 567 1248 614 et
1298 573 1437 629 pura
1479 567 1664 614 mente
1716 561 2018 625 sumenda,

436 662 601 724 atque
626 652 696 707 ab
728 652 989 708 omnibus
1028 654 1359 709 veneranda.
1408 651 1478 707 Et
1523 654 1669 709 sicut
1709 655 1893 724 potior
1938 667 2024 711 εει

436 744 673 812 caeteris,
707 743 783 799 ita
814 744 1005 816 potius
1033 744 1211 800 excoli
1237 753 1294 800 et
1322 746 1573 802 venerari
1599 747 1780 804 debet.

1190 880 1259 935 V.

436 973 515 1028 De
556 972 915 1029 benedictione
962 971 1095 1027 satis
1126 981 1179 1027 et
1223 990 1397 1045 aqum,
1415 975 1523 1029 sive
1561 967 1876 1031 ewterorum
1911 960 2013 1034 ele-

1072 1053 1387 1101 mentorum.

511 1158 560 1195 “
578 1158 795 1229 Aquam
842 1157 988 1213 enim
1022 1158 1136 1213 sale
1169 1158 1522 1229 cons’persam
1553 1160 1771 1232 populis
1806 1161 2021 1217 benedi-

434 1250 615 1307 cimus
650 1248 797 1322 (ll),
824 1258 885 1304 ut
916 1264 980 1304 ea
1009 1250 1192 1305 cuncti
1222 1250 1463 1319 aspersi,
1499 1250 1913 1308 sanctiﬁcentur
1955 1267 2022 1308 ac

435 1342 829 1414 puriﬁcentur;
863 1341 1010 1412 quod
1035 1350 1089 1396 et
1119 1340 1378 1398 omnibus
1404 1344 1783 1400 sacerdotibus
1814 1343 2020 1400 facien-

435 1434 565 1490 dum
599 1447 724 1489 esse
759 1432 1106 1487 mandamus.
1140 1430 1277 1486 Nam
1308 1432 1356 1487 si
1384 1431 1524 1489 cinis
1546 1434 1730 1490 vitulze
1762 1438 2020 1506 aspersus

432 1526 703 1598 Sanguine
744 1525 1007 1595 populum
1046 1524 1459 1592 sanctiﬁcabat,
1490 1534 1653 1597 atque
1678 1528 1979 1583 mundabat
2001 1566 2017 1593 ,

433 1619 609 1673 multo
642 1616 819 1688 magis
843 1632 984 1686 aqua
1014 1616 1128 1672 sale
1153 1630 1399 1687 aspersa,
1428 1618 1741 1689 divinisque
1765 1620 2020 1689 precibus

434 1718 671 1776 sacrata,
720 1710 983 1780 populum
1034 1710 1343 1765 sanctiﬁcat
1386 1720 1550 1781 atque
1588 1712 1830 1767 mundat.
1867 1711 1932 1768 Et
1972 1713 2019 1768 si

435 1801 549 1857 sale
568 1816 795 1872 asperso
819 1816 916 1872 per
931 1798 1184 1857 Elismum
1209 1801 1551 1873 prOphetam,
1576 1804 1837 1859 sterilitas
1860 1820 2015 1875 aqua:
2047 1838 2089 1893 Β

434 1899 628 1948 Banata
676 1900 761 1948 est
780 1891 868 1947 δτι
909 1901 1121 1963 quanto
1159 1892 1335 1963 magis
1388 1892 1591 1949 divinis
1625 1894 1884 1965 precibus
1925 1910 2014 1949 sa-

434 1982 705 2049 eratus,‘8
728 1982 1069 2039 sterilitatem
1101 1998 1287 2038 rerum
1326 1982 1505 2038 aufert
1538 1984 1927 2053 humanarum,
1960 1995 2016 2042 et

434 2076 817 2148 coinquinatos
851 2076 1173 2143 sanctiﬁcat,
1216 2084 1381 2146 atque
1424 2077 1676 2144 mundat,
1720 2085 1775 2133 et
1804 2093 2013 2149 expur-

434 2176 544 2240 gat,
577 2175 633 2231 et
658 2176 854 2223 caetera
897 2167 1043 2221 bona
1071 2167 1423 2236 multiplicat,
1456 2177 1511 2222 et
1543 2167 1777 2223 insidias
1809 2168 2013 2224 diaboli

433 2257 649 2324 avertit,
684 2265 738 2312 et
770 2272 802 2312 a
834 2256 1242 2327 phantasmatis
1271 2257 1530 2313 versutiis
1555 2258 1809 2313 homines
1831 2257 2018 2314 defen-

431 2350 554 2407 dit?
570 2348 708 2404 Nam
740 2348 786 2405 si
823 2356 970 2404 tactu
997 2343 1042 2383 δέ
1074 2348 1303 2405 ﬁmbria:
1344 2350 1660 2405 vestimenti
1692 2349 2011 2418 Salvatoris,

435 2440 678 2496 salvatos
703 2440 954 2497 inﬁrmos
975 2450 1097 2496 esse
1120 2454 1230 2495 non
1253 2440 1588 2507 dubitamus,
1614 2448 1818 2510 quanto
1839 2444 2015 2512 magis

432 2533 632 2587 virtute
659 2547 947 2588 sacrorum
973 2532 1093 2603 ejus
1121 2532 1412 2587 verborum
1432 2533 1696 2589 divinitas
1724 2542 2015 2591 sacrantur

431 2623 723 2691 elementa,
754 2623 955 2694 quibus
999 2624 1289 2679 sanitatem
1326 2625 1577 2695 corporis
1600 2634 1655 2680 et
1678 2626 1875 2682 animae
1912 2627 2016 2682 hu-

435 2730 596 2771 mana
622 2716 858 2787 percipit
890 2713 1199 2787 fragilitas?
1234 2714 1330 2772 His
1362 2725 1495 2787 ergo
1525 2726 1579 2773 et
1606 2717 1728 2773 aliis
1759 2718 2015 2775 instructi

433 2807 801 2875 documentis,
847 2813 975 2864 v‘ota
1010 2808 1378 2878 singulorum,
1431 2808 1647 2863 Domini
1678 2809 2012 2877 sacerdotes,

433 2898 709 2968 respicite,
746 2905 800 2953 et
834 2896 890 2951 in
921 2898 1125 2952 virtute
1168 2897 1406 2967 Spiritus
1439 2898 1616 2953 sancti
1650 2898 1852 2954 divinis
1889 2915 2016 2970 pre-

434 2989 611 3055 cibus,
667 3003 766 3061 per
804 2989 1173 3044 ministerium
1229 2989 1388 3044 vobis
1427 2988 1691 3045 divinitus
1731 2990 2012 3057 collatum,

434 3082 696 3151 perﬁcere
745 3088 973 3137 certate.
1016 3081 1298 3136 Elementa
1349 3096 1590 3152 quoque,
1638 3089 1747 3136 tam
1785 3096 1849 3137 ea
1893 3097 2017 3152 quae

434 3173 812 3245 praediximus,
860 3189 1025 3243 quam
1062 3182 1259 3227 caetera
1288 3173 1492 3229 divinis
1524 3183 1652 3244 apta
1684 3173 1878 3230 usibus
1902 3212 1918 3238 ,
1958 3181 2014 3229 et
2040 3178 2086 3239 (ς

436 3265 693 3321 humanis
734 3264 1043 3320 necessaria
1097 3264 1546 3328 inﬁrmitatibus,
1588 3271 1831 3332 sacrate;
1866 3263 2021 3318 inﬁr-

436 3372 557 3413 mos
584 3366 794 3424 curate,
832 3365 887 3411 et
923 3365 1119 3411 caetera
1148 3372 1272 3426 quae
1314 3356 1383 3411 ad
1428 3371 1528 3412 vos
1569 3357 1862 3426 pertinent,
1894 3356 2022 3410 dili-

436 3458 625 3522 genter
650 3448 915 3520 perﬁcite.
948 3448 1069 3518 Ipse
1107 3450 1252 3504 enim
1292 3448 1563 3514 Salvator,
1603 3448 1895 3503 tribuendo
1918 3462 2020 3502 no-

437 3543 523 3598 bis
568 3542 911 3612 exemplum,
966 3541 1252 3611 discipulis
1302 3542 1420 3597 suis
1466 3541 1542 3594 ait
1581 3557 1595 3593 :
1642 3556 1662 3592 ‹
1695 3539 1756 3593 In
1794 3539 2018 3593 nomine

436 3648 563 3690 meo
592 3634 867 3690 daemonia
912 3634 1123 3704 ejicite,
1170 3633 1419 3687 inﬁrmos
1464 3640 1681 3699 curate,
1715 3644 1889 3702 aegros
1929 3646 2020 3698 sa;

437 3736 584 3793 nate,
616 3726 865 3796 leprosos
896 3724 1221 3780 mundate"o
1247 3766 1263 3791 ,
1296 3740 1314 3776 ι
1350 3732 1456 3779 etc.
1499 3741 1519 3775 ι
1558 3721 1736 3792 Super
1762 3722 2017 3776 inﬁrmos

434 3818 602 3874 etiam
632 3826 832 3875 manus
862 3817 1150 3888 imponite,
1186 3823 1241 3870 et
1271 3815 1410 3871 bene
1440 3812 1806 3870 habebunt".
1836 3831 1856 3866 ι

1188 3949 1277 4005 Vl.

812 4042 893 4099 De
929 4043 1168 4097 trinitate
1206 4052 1254 4097 et
1283 4042 1488 4095 imitate
1529 4040 1767 4094 deitatis.

506 4158 553 4193 "
578 4157 771 4214 Fidem
813 4171 1035 4229 quoque
1072 4164 1277 4211 sanctae
1311 4153 1598 4209 Trinitatis
1626 4153 1739 4225 (12)
1784 4152 1867 4209 sic
1904 4153 2009 4208 d0-

486 4427 535 4455 "
573 4424 650 4479 De
680 4439 913 4478 consecr.
961 4424 1089 4478 dist.
1120 4426 1194 4479 ὃς
1236 4424 1446 4492 Aquam
1492 4424 1606 4478 sate
1654 4437 2007 4492 conspersum.
2041 4416 2206 4478 Hebr.
2237 4438 2330 4485 rx,-
2364 4424 2452 4492 15.

1786 4486 1831 4525 δ”
1865 4493 2015 4547 tactit

2115 4534 2117 4544 .
2196 4495 2243 4526 ⁵ο
2279 4489 2468 4548 Matth.
2501 4508 2555 4557 Χ,
2592 4490 2646 4545 8.
2724 4486 2965 4545 “Marc.
3006 4505 3116 4554 xs’l,
3158 4489 3243 4543 i8.
3325 4488 3370 4519 δ’
3405 4486 3697 4557 νὶόθγΙιὶιιϐ

419 4495 479 4549 S.
512 4494 758 4564 Gregorii
789 4496 991 4564 aliique
1023 4495 1245 4551 rituales
1272 4494 1527 4561 Ecclesiae
1560 4495 1703 4549 libri.

2124 562 2360 618 subditis
2401 563 2762 620 destinamus.
2806 565 2976 623 Isaias
3006 583 3247 639 namque
3274 570 3541 640 propheta
3572 573 3650 629 ait
3679 594 3694 631 :

2129 673 2148 707 ι
2186 652 2310 711 Vidi
2342 655 2637 711 Dominum
2664 656 2908 714 Sabaoth
2938 661 3216 717 sedentem
3246 678 3412 734 super
3434 666 3699 724 thronum

2120 746 2422 814 excelsum,
2451 757 2505 801 et
2531 748 2808 817 seraphim
2841 751 3059 806 stabant
3082 752 3136 807 in
3168 754 3399 811 circuitu
3431 757 3581 828 ejus;
3601 774 3700 815 sex

2122 838 2222 893 alae
2245 838 2362 905 uni,
2387 848 2441 894 et
2473 854 2567 894 sex
2600 840 2700 895 ala:
2727 840 2906 897 alteri.
2940 841 3164 900 Duabus
3199 845 3455 903 velabant
3497 848 3697 906 faciem

2120 928 2241 999 ejus
2260 968 2275 995 ,
2305 938 2363 985 et
2389 931 2603 987 duabus
2626 932 2882 989 vetabant
2924 934 3091 1004 pedes
3120 936 3266 1006 ejus,
3298 939 3514 997 duabus
3544 942 3698 997 vola-

2122 1021 2273 1088 bant,
2302 1031 2357 1077 et
2394 1023 2705 1079 clamabant
2734 1024 2803 1081 ad
2833 1026 3192 1096 alterutrum,
3220 1031 3465 1089 dicentes
3506 1050 3522 1088 :
3556 1032 3697 1090 San-

2122 1123 2528 1182 ctus,sanctus,
2552 1126 2797 1182 sanctus,
2837 1117 3103 1177 Dominus
3137 1121 3283 1179 Deus
3321 1124 3561 1182 Sabaoth
3576 1127 3643 1181 ⁵³.
3670 1148 3690 1180 ι

2120 1204 2170 1237 ⁸⁸
2206 1204 2261 1260 Si
2295 1204 2535 1262 Trinitas
2579 1222 2690 1263 non
2731 1218 2814 1265 est
2836 1250 2852 1275 ,
2905 1227 3077 1281 quare
3104 1215 3287 1281 tertio,
3320 1234 3340 1266 ε
3378 1229 3636 1287 sanctus,
3670 1241 3691 1273 ι

2120 1297 2412 1352 dixerunt?
2454 1298 2565 1356 Aut
2597 1299 2644 1354 si
2676 1301 2861 1356 unitas
2905 1318 3016 1359 non
3051 1314 3154 1372 est,
3202 1323 3375 1378 quare
3404 1310 3507 1366 sub
3554 1313 3697 1369 trina

2119 1394 2442 1464 repetitione
2492 1411 2669 1450 unum
2722 1395 2892 1452 Deum
2950 1414 3015 1454 ac
3068 1400 3361 1458 Dominum
3407 1405 3697 1462 intimave.

2120 1486 2286 1541 runt?
2335 1486 2392 1541 Si
2432 1486 2676 1543 Trinitas
2709 1502 2820 1543 non
2859 1499 2964 1558 est,
3012 1506 3111 1547 cur
3154 1494 3213 1549 in
3245 1495 3520 1554 Geneseos
3553 1498 3696 1553 libro

2120 1577 2351 1633 dicitur:
2375 1590 2393 1630 ι
2418 1577 2562 1634 Dixit
2584 1579 2747 1649 Deus,
2773 1580 2901 1638 feeit
2923 1582 3087 1652 Deus,
3108 1594 3162 1641 et
3180 1587 3457 1644 benedixit
3474 1589 3649 1646 Deus?
3671 1610 3690 1644 ι

2122 1666 2181 1724 Si
2210 1669 2397 1726 unitas
2436 1685 2543 1726 non
2573 1681 2677 1738 est,
2724 1688 2896 1744 quare
2927 1678 3092 1733 tertio
3134 1678 3307 1745 dixit,
3343 1700 3363 1733 ‹
3393 1681 3557 1749 Deus,
3588 1703 3607 1735 ι
3642 1691 3700 1739 et

2119 1760 2251 1816 deos
2274 1762 2472 1832 plurali
2501 1782 2731 1824 numero
2760 1785 2870 1825 non
2910 1771 3348 1827 commendavit?
3374 1770 3434 1827 Si
3457 1771 3697 1830 Trinitas

2116 1866 2225 1906 non
2267 1862 2371 1919 est,
2401 1869 2571 1925 quare
2598 1859 2654 1913 in
2692 1857 2881 1915 Exodo
2913 1860 3118 1917 dictum
3153 1868 3239 1918 est
3283 1864 3444 1918 tertio
3475 1878 3491 1918 :
3530 1882 3550 1916 ι
3593 1864 3699 1921 Do-

2115 1944 2301 2013 mine,
2353 1946 2615 2018 Domine,
2676 1950 2939 2021 Domine,
3001 1953 3295 2010 miserator
3353 1964 3408 2011 et
3476 1957 3696 2013 miseri-

2115 2051 2241 2093 cors
2281 2038 2363 2091 "?
2399 2057 2419 2091 ι
2482 2038 2540 2095 Si
2587 2040 2771 2098 unitas
2810 2057 2920 2098 non
2962 2052 3076 2112 est,
3116 2060 3289 2116 quare
3334 2046 3464 2102 dum
3504 2048 3694 2115 tertio,

2121 2147 2141 2181 ‹
2177 2128 2427 2195 Domine,
2462 2150 2481 2184 ι
2526 2133 2753 2200 diceret,
2784 2144 2970 2205 postea
3000 2136 3381 2209 singulariter,
3415 2156 3435 2191 ‹
3464 2138 3695 2196 misera-

2114 2230 2222 2288 tor,
2256 2240 2275 2274 ι
2311 2221 2471 2291 dixit,
2508 2233 2562 2279 et
2593 2240 2727 2291 non,
2775 2226 3148 2295 miseratores,
3180 2235 3243 2283 ut
3277 2228 3464 2299 plures
3507 2237 3695 2286 osten-

2114 2312 2288 2381 deret,
2319 2315 2633 2372 intimavit?
2666 2317 2724 2373 Si
2744 2317 2987 2373 Trinitas
3018 2335 3127 2374 non
3152 2328 3257 2385 est,
3288 2336 3389 2376 cur
3413 2319 3695 2377 Abraham

2115 2403 2184 2458 ad
2244 2403 2424 2459 ilicem
2478 2405 2722 2463 Mambre
2779 2408 2977 2463 sedens
3026 2408 3314 2479 tribusque
3372 2420 3692 2478 occurrens,

2115 2495 2295 2563 uni",
2323 2514 2342 2547 ι
2380 2496 2629 2563 Domine,
2665 2517 2683 2551 ι
2721 2498 2887 2565 dixit,
2934 2509 2990 2555 et
3023 2514 3155 2567 non,
3212 2508 3271 2555 ut
3304 2500 3556 2570 viderat,
3591 2502 3699 2557 tri-

2115 2584 2220 2641 bus
2253 2588 2599 2645 salutationis
2644 2591 2970 2662 obsequium
3020 2592 3257 2647 reddidit
3294 2594 3376 2648 "?
3410 2592 3468 2649 Si
3511 2595 3697 2651 unitas
3733 2576 3738 2583 ’

2116 2692 2228 2731 ιιοιι
2261 2687 2365 2746 εει,
2398 2695 2499 2735 cur
2530 2696 2654 2736 cum
2688 2681 2862 2754 Moysi
2897 2702 2916 2735 ‹
2948 2682 3092 2739 Deus
3122 2682 3434 2751 Abraham,
3463 2693 3519 2741 et
3551 2685 3699 2742 Deus

2114 2765 2290 2836 Isaac,
2326 2778 2381 2825 et
2415 2768 2560 2826 Deus
2593 2771 2765 2828 Iacob
2804 2792 2824 2825 ›
2874 2775 3037 2830 tertio
3068 2774 3290 2831 doceret
3311 2775 3389 2844 ⁸⁸,
3424 2775 3697 2833 unitatem

2117 2862 2414 2918 ostendens
2458 2881 2473 2917 :
2516 2880 2535 2915 ι
2572 2862 2690 2919 Hoc
2722 2865 2861 2919 mihi
2893 2880 3093 2922 nomen
3125 2873 3247 2935 est,
3298 2867 3437 2923 dixit
3461 2869 3527 2935 ³⁸,
3566 2887 3586 2922 ι
3641 2879 3699 2925 ει

2116 2965 2227 3005 non
2260 2970 2274 3006 :
2311 2950 2438 3007 Haec
2462 2965 2590 3009 sunt
2622 2955 2845 3011 nomina
2868 2965 3079 3025 nostra,
3113 2956 3460 3029 designavit?
3493 2960 3551 3015 Si
3573 2959 3699 3015 Tri-

2117 3044 2261 3101 nitas
2294 3061 2406 3101 non
2439 3055 2542 3115 est,
2579 3063 2751 3119 quare
2782 3048 2952 3105 David
2986 3050 3149 3109 tertio
3181 3050 3319 3106 dixit
3355 3069 3370 3106 :
3411 3070 3431 3104 ι
3461 3051 3697 3109 Benedi-

2117 3148 2206 3195 cat
2226 3154 2331 3194 nos
2364 3139 2529 3204 Deus,
2550 3140 2694 3197 Deus
2716 3152 2924 3209 noster,
2950 3142 3239 3199 benedicat
3264 3159 3366 3200 nos
3387 3143 3533 3202 Deus
3556 3146 3639 3201 '°?
3669 3166 3690 3199 ι

2116 3229 2177 3286 Si
2212 3232 2395 3288 unitas
2428 3249 2539 3288 non
2573 3242 2681 3302 est,
2718 3250 2908 3305 quare,
2943 3251 3069 3292 cum
3103 3237 3267 3293 tertio
3302 3236 3696 3301 DeumJiomi-

2121 3331 2325 3388 nassct,
2366 3340 2387 3374 ι
2423 3324 2730 3392 benedicat,
2780 3345 2800 3379 ι
2835 3326 2991 3394 dixit,
3046 3335 3102 3383 et
3151 3344 3283 3396 non,
3337 3329 3696 3399 benedicant,

2119 3412 2404 3483 adiunxit?
2444 3412 2502 3468 Si
2537 3414 2779 3473 Trinitas
2808 3431 2918 3471 non
2952 3427 3054 3485 est,
3090 3433 3190 3473 cur
3220 3427 3275 3473 et
3317 3416 3484 3476 Isaias
3512 3420 3696 3477 denuo

2117 3505 2255 3560 dixit
2285 3523 2298 3559 :
2347 3523 2366 3557 ι
2401 3505 2667 3563 Dominus
2700 3506 2844 3564 Deus
2893 3507 3156 3577 Sabaoth,
3191 3510 3338 3569 Deus
3376 3510 3546 3568 Israel
3596 3514 3697 3585 qui

2119 3601 2278 3657 sedes
2306 3615 2470 3671 super
2503 3602 2787 3658 cherubim
2812 3603 2898 3657 "Y
2925 3622 2945 3657 ι
2986 3603 3045 3659 Si
3077 3606 3262 3663 unitas
3294 3623 3404 3663 non
3435 3617 3541 3676 est,
3570 3626 3690 3679 cur,

2123 3711 2147 3747 ‹
2185 3695 2277 3764 qui
2345 3694 2537 3761 sedes,
2600 3713 2621 3747 ι
2695 3695 2871 3763 dixit,
2937 3706 2991 3751 et
3058 3712 3217 3766 non,
3290 3700 3385 3770 qui
3448 3701 3693 3770 sedetis,

2120 3788 2390 3843 astruxit?
2423 3787 2481 3843 Si
2517 3787 2760 3845 Trinitas
2793 3805 2903 3845 non
2942 3799 3047 3857 est,
3083 3807 3185 3847 cur
3216 3792 3270 3846 in
3306 3793 3447 3850 libro
3482 3793 3694 3866 Regum

2114 3875 2318 3931 dicitur
2358 3894 2375 3932 :
2434 3896 2454 3930 ι
2485 3877 2738 3947 Domine,
2794 3879 2941 3936 Deus
2988 3882 3375 3951 omnipotens,
3420 3885 3566 3941 Deus
3620 3885 3697 3943 Is-

2122 3967 2259 4035 rael,
2294 3984 2580 4026 sermones
2612 3971 2691 4025 tui
2727 3971 2917 4029 ﬁdeles
2950 3982 3081 4029 sunt
3102 3974 3190 4028 "?
3222 3993 3240 4027 ι
3282 3974 3340 4030 Si
3376 3978 3556 4033 unitas
3580 3994 3691 4035 non

2118 4072 2224 4127 est,
2258 4076 2413 4124 cur,t
2446 4062 2545 4130 tui,
2581 4082 2600 4115 ι
2633 4062 2855 4131 dicitur,
2880 4074 3083 4132 etnon,
3128 4065 3316 4133 vestri,
3370 4069 3698 4126 intimatur?

2122 4150 2180 4205 Si
2214 4150 2453 4207 Trinitas
2484 4166 2596 4207 non
2628 4163 2735 4219 est,
2770 4171 2870 4211 cur
2915 4156 2970 4210 in
3004 4154 3216 4225 psalmo
3262 4173 3391 4212 ιιι-ιιι
3421 4160 3466 4191 ⁶³
3499 4174 3679 4215 canta-

2536 4418 2579 4449 "
2602 4418 2672 4475 IV
2702 4418 2833 4488 Reg.
2869 4434 2928 4483 ll,
2957 4421 3044 4476 22.
3128 4420 3173 4455 ³⁸⁸
3200 4416 3695 4488 Sacramentarium

415 4567 579 4621 etiam
612 4556 829 4622 unicam
867 4556 1150 4635 epistolam
1186 4556 1460 4621 Benedicti
1488 4565 1530 4629 I,
1555 4580 1683 4635 qua;
1712 4561 1897 4635 itidem
1929 4565 2277 4635 contictaest
2301 4564 2369 4635 ab
2390 4556 2914 4635 eodemgplagiariqL
2964 4560 3015 4635 ξ’
3043 4558 3146 4613 lsa.
3176 4575 3254 4624 vr,
3281 4558 3399 4613 1-5.
3474 4556 3522 4589 ⁵⁸
3552 4556 3697 4635 Itha-

413 4638 534 4693 cius
556 4636 669 4692 sive
698 4626 915 4692 ldacius
935 4636 1126 4692 Clarus
1154 4636 1308 4707 Hisp.
1338 4635 1437 4706 Ep.
1464 4626 1587 4690 adv:
1617 4633 1991 4707 Warimadum
2016 4648 2066 4687 c.
2094 4633 2146 4697 l,
2173 4633 2291 4707 ipso
2312 4626 2628 4707 [erepperis
2654 4626 2829 4707 initio.
2854 4629 3003 4707 Vixit
3027 4640 3207 4707 autem
3236 4636 3471 4707 exeunte
3495 4626 3698 4707 sarculo

413 4708 618 4763 Christi
654 4716 872 4777 quarto,
906 4708 987 4761 vel
1014 4708 1198 4776 potius
1226 4702 1441 4775 quinto,
1475 4718 1570 4762 aut
1595 4717 1772 4769 sexto,
1803 4704 1850 4760 si
1883 4702 2688 4777 idemcum’YigilioTapsensi
2714 4717 2802 4771 ep.

411 4794 539 4832 uno.
618 4773 830 4843 "—Gen.
861 4773 1160 4843 ενιιιζ1-5.
1237 4773 1283 4809 ⁸⁸
1314 4794 1418 4832 ιιιε.
1451 4778 1733 4831 diceretur.
1810 4777 1857 4808 ⁸⁸
1890 4773 2015 4828 Εχοι

2115 4790 2163 4827 [ιι
2184 4813 2199 4837 ,
2233 4773 2321 4843 15.

2881 4701 2927 4733 ⁵⁵
2960 4699 3133 4755 Exod.
3166 4715 3351 4756 xxxw.
3378 4699 3436 4753 6.
3511 4697 3559 4729 ⁸⁵
3588 4712 3696 4751 ms.

2393 4774 2438 4805 ⁸ο
2466 4763 2610 4828 Psal.
2638 4763 2785 4837 vai,
2814 4771 2866 4837 7,
2890 4770 2945 4825 8.
3026 4771 3069 4802 ⁸⁸
3100 4769 3205 4826 lsa.
3236 4785 3447 4834 xxxv",
3475 4766 3565 4825 16.
3602 4763 3698 4822 ubi

414 4846 558 4903 LXX
592 4865 607 4903 :
641 4848 863 4904 Domine
897 4842 1153 4903 Sabaoth.
1226 4848 1271 4881 ⁸⁸
1302 4847 1344 4902 11
1377 4846 1513 4919 Reg.
1538 4862 1635 4913 vu,
1665 4856 1719 4901 et
1752 4845 1821 4899 111
1848 4844 1982 4916 Reg.
2010 4859 2130 4910 vm,
2164 4860 2261 4915 per
2293 4842 2484 4899 totum.
2562 4843 2607 4874 ⁶³
2630 4844 2684 4897 in
2708 4858 2812 4898 ms.
2839 4856 2949 4897 ιιι.

498 5008 609 5079 (II)
644 5008 867 5079 Aquam?
889 5007 998 5061 sale
1025 5021 1358 5079 conspersum
1385 5020 1451 5079 po

476 5020 609 5090 .(l‘l)
644 5020 870 5090 Aquam
889 5020 998 5061 sate
1025 5020 1594 5129 conspersamcroctttts
1624 5020 1997 5082 veneatcrmus.

425 5078 559 5133 Vide
612 5093 733 5146 qua:
763 5080 1001 5146 diximus
1045 5091 1100 5129 tn
1148 5085 1293 5129 notis
1333 5090 1362 5127 a
1493 5085 1623 5127 itam
1664 5072 1997 5146 Alexandri,

424 5147 605 5202 verbis
618 5142 769 5202 hisce
792 5164 806 5200 :
832 5166 849 5198 ‹
873 5145 974 5201 Hic
996 5146 1278 5200 constituit
1300 5160 1519 5203 aquam,
1547 5164 1566 5195 ι
1594 5150 1699 5197 etc.
1724 5142 1850 5197 Sev.
1876 5142 1995 5198 Bm.

499 5218 609 5286 (12)
648 5217 837 5271 Fidem
880 5232 1092 5287 quoque
1128 5224 1324 5287 sancta:
1360 5213 1658 5287 Trinitatis.
1698 5213 1854 5287 Quod
1894 5214 2000 5287 hoc

422 5279 547 5343 loco
582 5279 689 5341 tam
721 5279 976 5343 distincte
995 5279 1287 5339 Trinitatis
1321 5284 1584 5339 unitatem
1624 5282 1753 5352 haec,
1771 5284 2000 5352 epistola

425 5357 701 5428 praedicet,
750 5357 908 5427 quasi
942 5357 1001 5428 in,
1046 5354 1290 5428 Ecclesia
1334 5356 1440 5428 hoc
1481 5367 1682 5408 novum
1735 5351 1932 5428 fuerit,
1968 5369 1998 5408 a

425 5423 783 5483 novatoribus
832 5427 1005 5481 nostri
1058 5423 1319 5493 temporis
1365 5424 1627 5493 injustam
1671 5423 1997 5493 calumniam

424 5499 648 5577 patitur.
700 5496 843 5577 Nam
878 5492 1180 5577 antiquitus
1214 5494 1290 5577 ir_1_
1316 5492 1718 5577 catechizandis
1749 5493 2001 5577 ﬁdelibus

424 5562 745 5649 mysterium
796 5562 1216 5649 gloriosissima;
1247 5562 1562 5649 Trinitatis,
1595 5573 1859 5649 quantum
1896 5563 1999 5616 ho-

424 5634 561 5691 mini
591 5639 763 5703 licuit,
799 5634 830 5691 a
864 5635 1175 5691 catechistis
1202 5634 1537 5688 insinuatum
1568 5648 1688 5688 esse
1721 5634 1855 5687 adeo
1882 5649 2003 5688 cer-

428 5718 541 5763 tum
565 5719 666 5771 est,
694 5721 753 5761 ut
781 5707 921 5761 idem
941 5705 1142 5774 impius
1172 5704 1469 5770 Lucianus,
1501 5704 1734 5773 scriptor
1760 5705 1998 5771 gentilis,

428 5779 482 5831 in
528 5777 833 5845 Philopatre
870 5784 1054 5845 aperte
1098 5775 1438 5845 conﬁteatur.
1487 5776 1556 5831 Ut
1597 5783 1775 5827 autem
1812 5776 2000 5829 ortho-

426 5849 554 5905 doxi
587 5844 864 5922 episcOpi,
897 5844 960 5901 ac
1006 5844 1351 5915 potissimum
1402 5845 1680 5902 Romanus
1732 5845 1995 5915 pontifex,

707 5943 979 6003 PATBOL.
1020 5942 1136 6005 Gn.
1170 5941 1247 6004 V.

1492 5002 1594 5079 alis
1624 5000 1997 5079 benedicinius.
2031 4993 2078 5050 D
2106 5010 2321 5079 summo
2348 5007 2546 5079 conatu
2593 4998 2646 5053 id
2665 5004 3019 5079 Δριξωειίιιεηι,
3056 4995 3573 5079 divinitashChristj‘.
3611 5000 3681 5079 ab

2105 5068 2270 5137 hujus
2300 5070 2481 5124 saeculi
2514 5064 2783 5123 haereticis
2810 5069 3154 5137 impugnata,
3197 5065 3497 5137 ﬂagitabat.
3527 5064 3683 5123 Unde

2107 5135 2165 5192 S.
2181 5135 2531 5194 'Athanasius
2565 5138 2633 5193 ad
2657 5135 2941 5208 episcopos
2964 5135 3249 5208 Africanos
3273 5136 3539 5201 scribens,
3565 5138 3682 5192 haec

2105 5210 2224 5263 ait:
2266 5229 2284 5262 ι
2319 5210 2490 5264 Prisci
2517 5209 2757 5277 epifsc0pi
2800 5208 3000 5263 abhinc
3041 5207 3200 5262 annis
3240 5216 3459 5261 centum
3493 5215 3547 5260 et
3579 5209 3682 5261 tri-

2109 5282 2278 5351 ginta,
2309 5282 2402 5350 qui
2444 5276 2563 5334 tum
2595 5276 2802 5343 Romae,
2835 5286 2949 5332 tum
2989 5278 3047 5333 in
3095 5285 3281 5331 nostra
3316 5276 3681 5351 civitate‘epi-

2109 5344 2393 5420 scopatum
2427 5357 2735 5420 gesserunt,
2761 5359 3159 5420 accusaverunt
3199 5362 3315 5412 eos,
3356 5347 3449 5416 qui
3478 5344 3680 5420 Filium

2108 5418 2417 5503 creaturam
2436 5418 2711 5503 dicerent,
2735 5427 2831 5473 aut
2853 5418 2947 5503 qui
2988 5427 3249 5489 negarent
3280 5432 3407 5503 eum
3442 5418 3681 5503 consubt

2106 5493 2416 5549 stantialem
2459 5488 2628 5553 Patri,
2671 5508 2690 5540 υ
2719 5498 2823 5559 etc.
2853 5486 2919 5542 Et
2944 5486 3258 5559 quanquam
3294 5486 3409 5540 haec
3451 5486 3679 5559 intelligi

2099 5565 2233 5618 Velit
2267 5565 2335 5618 de
2374 5560 2587 5615 duobus
2631 5559 2739 5614 illis
2768 5556 3044 5629 Dionysiis
3075 5556 3332 5629 Romano
3350 5564 3404 5610 et
3439 5556 3680 5629 Alexan-

2103 5635 2263 5689 drino
2312 5631 2615 5702 epi‘scOpis,
2648 5631 2750 5702 qui
2787 5626 3110 5702 hoc'ipsum
3154 5626 3368 5702 egregie
3414 5627 3684 5702 praestite-

2104 5715 2254 5769 runt,
2285 5698 2466 5758 tamen
2508 5716 2613 5752 non
2650 5698 2754 5755 nisi
2785 5700 3055 5766 majorum
3087 5698 3357 5766 exemplo,
3389 5698 3682 5751 traditione

2105 5768 2268 5847 atque
2297 5774 2550 5847 doctrina
2593 5785 2690 5847 eos
2739 5771 2855 5825 haec
2898 5778 3151 5847 Oper-atus
3196 5783 3337 5831 esse,
3372 5782 3531 5847 nemo
3556 5768 3681 5847 jure

2103 5836 2351 5903 dubitare
2381 5842 2598 5915 poterit.
2634 5841 2830 5899 Barou.
2859 5836 3117 5914 priedicto
3143 5853 3287 5897 anno
3316 5853 3469 5892 num.
3501 5836 3555 5893 6.
3592 5836 3674 5895 In.

3281 5930 3361 5994 3’s
