4142 6392
502 348 639 403 1067

1777 347 1959 402 ALEX
1970 347 2175 403 ANDRI
2218 349 2238 403 Ι
2276 349 2481 404 ΡΑΡᾸΞ

3614 354 3641 411 ί
3650 358 3754 413 068

501 475 589 517 tur
618 482 630 517 :
660 482 679 515 ι
711 461 940 518 Domine
974 462 1115 517 Deus
1138 464 1427 530 virtutum,
1456 462 1599 517 Deus
1635 462 1818 528 Israel,
1859 464 2077 517 intende
2105 464 2151 521 Α
2177 464 2464 518 universas
2492 471 2682 534 gentes
2705 464 2855 519 misit
2877 465 3194 535 baptizare?
3221 464 3278 522 Si
3304 469 3489 524 unitas
3515 486 3625 525 non
3644 481 3748 535 est,

503 555 568 608 ad
604 554 905 609 visitandas
938 568 1130 609 omnes
1178 554 1403 623 gentes?
1431 572 1449 606 ι
1491 551 1549 608 Si
1584 554 1766 608 unitas
1816 569 1925 607 non
1959 564 2074 620 est,

500 662 620 713 cur,
653 665 672 697 ι
706 647 949 713 intende,
980 664 998 697 ι
1027 647 1233 717 posuit,
1262 656 1315 701 et
1336 661 1445 701 non
1468 686 1483 711 ,
1544 647 1822 713 intendite,
1850 656 1912 701 ut
1935 662 2075 716 prse-

504 739 720 793 dicatus
735 739 902 805 “est,
937 739 1248 793 intimavit?
1281 736 1339 792 Si
1372 736 1613 792 Trinitas
1631 752 1736 791 non
1769 748 1874 803 est,
1899 754 1997 793 cur
2021 740 2074 792 in

498 829 829 900 Apocalypsi
865 830 1027 885 tertio
1051 830 1190 885 dixit
1220 848 1231 883 :
1260 848 1277 881 ι
1309 830 1565 896 Sanctus,
1584 838 1825 896 sanctus,
1854 841 2077 885 sanctus

502 922 763 977 Dominus
782 923 925 977 Deus
939 923 1401 992 omnipotens,qui
1419 931 1591 988 est,et
1606 923 1697 992 qui
1715 923 1911 988 erat”,
1925 942 1944 973 ι
1966 932 2071 977 ειε.

501 1016 557 1068 Si
594 1014 778 1069 unitas
816 1030 922 1067 non
957 1023 1061 1079 est,
1095 1028 1289 1084 quare,
1331 1031 1351 1066 ι
1384 1016 1478 1084 qui
1511 1023 1615 1080 est,
1652 1032 1670 1065 ι
1708 1022 1763 1069 ει
1811 1029 1943 1081 non,
1978 1016 2075 1084 qui

500 1113 650 1167 sunt,
706 1106 996 1174 pluraliter
1028 1106 1391 1177 designatur?
1445 1105 1505 1161 Si
1539 1106 1783 1162 Trinitas
1816 1122 1924 1161 uon
1957 1116 2071 1171 est,

498 1209 669 1262 quare
721 1196 775 1249 in
828 1196 1251 1253 Deuteronomio
1302 1198 1509 1253 dictum
1566 1207 1651 1254 est
1688 1216 1701 1253 :
1745 1218 1763 1250 ι
1808 1198 2077 1254 Dominus

499 1283 644 1341 Deus
662 1296 789 1343 tuus
806 1289 1125 1345 misericors
1147 1299 1326 1353 est,et
1348 1292 1535 1345 audiet
1559 1305 1749 1345 vocem
1778 1300 1931 1345 tuam
1949 1291 2030 1344 "?
2050 1309 2068 1341 ι

500 1376 557 1430 Si
597 1383 780 1436 unitas
832 1396 942 1435 non
996 1390 1111 1448 est,
1162 1395 1335 1451 quare
1380 1382 1602 1450 posuit,
1676 1399 1695 1432 ε
1728 1382 1930 1447 audiet,
1962 1398 1980 1432 ι
2021 1389 2077 1435 ει

500 1484 646 1539 non,
695 1474 938 1535 audient,
968 1473 1273 1529 intimavit?
1302 1472 1358 1527 Si
1381 1471 1621 1528 Trinitas
1639 1488 1747 1527 non
1771 1482 1873 1537 est,
1906 1487 2077 1543 quare

500 1570 555 1623 in
588 1567 716 1622 Jesu
747 1566 893 1621 Nave
915 1568 957 1606 ⁸⁷
987 1566 1186 1621 dicitur
1219 1565 1361 1621 libro
1388 1583 1402 1619 :
1444 1583 1462 1616 ι
1493 1564 1758 1621 Dominus
1784 1564 1926 1620 Deus
1947 1564 2077 1619 deo-

498 1676 621 1714 rum
656 1659 701 1691 ⁶⁸
733 1666 817 1713 est
845 1660 928 1713 ⁸θῖ
966 1676 984 1709 ι
1027 1656 1084 1712 Si
1120 1659 1304 1714 unitas
1336 1673 1443 1713 non
1496 1667 1603 1723 est,
1656 1672 1826 1728 quare
1865 1677 1887 1709 ε
1912 1667 2019 1721 est,
2048 1675 2068 1709 ι

498 1752 658 1819 dixit,
702 1760 758 1807 et
790 1765 922 1816 non,
956 1760 1121 1816 sunt,
1172 1765 1326 1805 more
1377 1750 1673 1805 locutionis
1720 1750 1973 1803 induxit?
2014 1747 2072 1803 Si

499 1845 744 1899 Trinitas
776 1859 885 1898 non
908 1852 1010 1908 est,
1036 1854 1205 1912 quare
1230 1841 1376 1897 Elias
1403 1842 1676 1912 loquendo
1702 1842 1756 1895 in
1781 1841 2028 1895 oratione
2054 1860 2066 1895 :
2100 1835 2144 1891 B

502 1958 523 1991 ο
556 1938 802 2001 Domine,
839 1936 1066 1993 Domine
1100 1935 1242 1993 Deus
1272 1934 1459 2000 lsrael,
1498 1934 1724 1990 ostende
1754 1937 1884 2006 quia
1922 1945 1979 1989 tu
2012 1950 2073 1991 es

501 2030 648 2085 Deus
700 2043 857 2082 meus
896 2027 974 2092 ⁷⁸,
1025 2043 1043 2078 ι
1080 2025 1251 2081 dixit?
1290 2023 1348 2078 Si
1401 2024 1581 2078 unitas
1616 2040 1725 2078 non
1759 2033 1874 2090 est,
1904 2039 2074 2093 quare

499 2140 517 2173 ι
552 2121 799 2184 ostende,
836 2138 855 2172 ι
884 2120 1089 2189 posuit,
1123 2128 1176 2173 et
1212 2134 1346 2181 non,
1381 2118 1690 2173 ostendite?
1738 2116 1797 2172 Si
1828 2115 2072 2172 Trinitas

491 2230 600 2268 non
631 2226 735 2278 est,
763 2227 864 2267 cur
895 2210 1273 2267 Mardochazus
1308 2211 1517 2265 orando
1546 2228 1562 2265 :
1608 2228 1627 2261 ι
1662 2209 1924 2273 Domine,
1966 2209 2073 2264 Do-

489 2306 640 2359 mine
696 2303 840 2359 Deus
902 2304 1281 2373 omnipotens,
1334 2303 1518 2357 omnia
1566 2303 1621 2356 in
1664 2310 1930 2372 potestate
1977 2310 2071 2356 tua

492 2398 705 2462 sunt“,
749 2414 767 2447 ι
793 2396 968 2452 dixit?
998 2396 1055 2449 Si
1078 2396 1263 2450 unitas
1294 2408 1404 2449 non
1432 2404 1534 2457 est,
1549 2410 1719 2465 quare
1752 2413 1770 2446 ι
1803 2394 1861 2449 in
1896 2403 2012 2457 tua,
2045 2410 2067 2446 ι

490 2491 695 2560 posuit,
724 2499 780 2544 et
805 2503 917 2544 non
943 2528 957 2553 ,
993 2489 1048 2542 in
1075 2498 1280 2554 vestra,
1312 2488 1589 2559 signavit?
1611 2486 1669 2541 Si
1698 2485 1938 2542 Trinitas
1961 2500 2069 2540 non

488 2592 594 2648 est,
626 2596 725 2636 cur
756 2580 920 2636 etiam
953 2578 1143 2635 Judith
1177 2580 1387 2635 orando
1412 2579 1548 2635 dixit
1576 2595 1591 2632 :
1630 2596 1649 2629 ι
1688 2575 1939 2643 Domine,
1965 2576 2071 2629 Do-

489 2674 637 2728 mine
663 2672 811 2727 Deus
839 2673 1087 2727 omnium
1114 2672 1403 2734 virtutum,
1439 2670 1652 2740 respice
1676 2669 1731 2723 in
1765 2668 2069 2723 orationem

490 2764 758 2819 meam"?
778 2780 796 2816 ι
828 2763 887 2817 Si
920 2764 1105 2819 unitas
1145 2776 1257 2816 non
1289 2770 1394 2825 est,
1428 2776 1619 2831 quare,
1655 2779 1673 2811 ι
1703 2759 1931 2829 respice,
1968 2777 1993 2811 ι
2016 2768 2071 2814 et

487 2870 601 2910 non
628 2894 644 2919 ,
705 2855 978 2925 respicite,
1025 2853 1368 2925 designavit?
1405 2852 1465 2907 Si
1505 2851 1748 2908 Trinitas
1793 2866 1905 2906 non
1950 2860 2067 2918 est,

487 2964 660 3020 quare
696 2949 750 3004 in
793 2946 1030 3003 Ieremia
1063 2946 1310 3003 dicitur:
1359 2962 1379 2996 ι
1418 2943 1683 2999 Dominus
1717 2942 1861 2998 Deus
1890 2950 2069 2998 vester

484 3056 653 3097 verax
686 3048 772 3096 est
797 3039 881 3094 "2
916 3057 935 3093 ι
963 3039 1018 3095 Si
1071 3038 1256 3095 unitas
1288 3052 1398 3093 non
1439 3046 1546 3105 est,
1597 3052 1791 3106 quare,
1846 3056 1869 3089 ο
1900 3051 2068 3093 verax

486 3143 591 3198 est,
628 3153 647 3186 ο
708 3132 879 3200 dixit,
935 3140 991 3188 et
1049 3146 1200 3197 non,
1274 3145 1533 3197 veraces,
1585 3130 1771 3200 potius
1848 3130 2067 3185 intima-

486 3226 603 3281 vit?
633 3225 693 3280 Si
723 3224 969 3281 Trinitas
994 3240 1103 3280 non
1135 3232 1241 3291 est,
1271 3236 1446 3294 quare
1486 3223 1540 3277 in
1574 3222 1901 3295 Apocalypsi
1930 3223 2065 3279 scri-

486 3331 640 3389 ptum
683 3328 812 3374 est:
865 3336 884 3370 ι
922 3316 1191 3373 Dominus
1232 3314 1377 3371 Deus
1420 3325 1474 3371 et
1502 3316 1729 3385 spiritus
1776 3315 2065 3386 propheta-

483 3426 609 3465 rum
626 3408 696 3477 ",
727 3406 877 3463 misit
908 3406 1163 3478 angelum
1202 3419 1368 3462 suum
1402 3405 1691 3460 ostendere
1723 3405 1897 3460 servis
1923 3404 2064 3468 suis,

484 3518 606 3571 qua:
638 3508 853 3572 oportet
898 3498 1015 3555 fieri
1044 3500 1156 3554 cito
1180 3497 1260 3551 ἠ
1291 3517 1310 3551 ι
1362 3496 1422 3551 Si
1468 3498 1651 3551 unitas
1680 3512 1794 3551 non
1823 3507 1927 3563 est,
1962 3511 2064 3551 cur

485 3609 610 3649 cum
639 3592 855 3648 Patrem
889 3600 942 3647 et
972 3588 1171 3646 Filium
1204 3599 1258 3645 et
1288 3589 1553 3660 Spiritum
1592 3599 1840 3646 sanetum
1883 3589 2064 3644 nomi-

482 3694 689 3749 nasset,
749 3702 768 3736 ι
808 3684 980 3751 misit,
1013 3701 1033 3735 ι
1091 3683 1249 3746 dixit,
1287 3691 1343 3736 et
1398 3696 1531 3747 non,
1613 3681 1910 3748 miserunt,
1958 3680 2063 3735 sub

483 3784 782 3846 pt'aataxato
815 3776 982 3829 trium
1018 3786 1381 3843 personarum
1419 3780 1474 3826 et
1506 3770 1792 3825 nominum
1832 3785 2062 3825 numero

485 3866 825 3923 introduxit?
852 3864 911 3921 Si
943 3863 1187 3919 Trinitas
1221 3877 1330 3917 non
1364 3869 1470 3927 est,
1506 3875 1676 3931 quare
1705 3860 1763 3915 in
1793 3858 2058 3915 Deutero-

480 3961 669 4014 nomio
690 3959 859 4014 dixit:
886 3976 907 4010 ι
930 3956 1194 4011 Dominus
1215 3954 1361 4011 Deus
1372 3963 1551 4008 vester
1568 3954 1657 4008 hic
1672 3962 1755 4009 est
1780 3953 1983 4007 Deus"
2002 3951 2052 4005 ἳι

483 4051 541 4109 Si
576 4052 756 4106 unitas
787 4058 1027 4113 nonest,
1052 4062 1244 4119 quare,
1275 4065 1293 4099 t
1340 4046 1428 4101 hic
1456 4055 1558 4106 est,
1592 4064 1611 4097 ι
1648 4044 1805 4109 dixit,
1831 4054 2013 4098 etnon
2042 4062 2055 4098 :

482 4145 545 4199 hi
584 4153 733 4210 sunt,
794 4140 992 4212 plurali
1043 4154 1275 4195 numero
1323 4136 1665 4208 designavit?
1710 4134 1768 4189 Si
1814 4134 2058 4191 Trinitas

483 4250 593 4289 non
625 4241 729 4299 est,
758 4247 932 4302 quare
971 4231 1026 4285 in
1060 4231 1259 4286 eodem
1284 4228 1485 4285 dicitur
1509 4228 1689 4282 libro:
1732 4244 1751 4279 ι
1786 4225 2056 4283 Dominus

480 4324 628 4380 Deus
660 4335 808 4391 tuus,
849 4322 993 4378 Deus
1029 4336 1266 4393 magnus
1297 4330 1353 4377 et
1392 4318 1691 4390 potens"?
1717 4337 1737 4371 ι
1782 4316 1841 4373 Si
1874 4319 2057 4375 unitas

477 4436 592 4474 non
631 4429 738 4483 est,
791 4431 982 4488 quare,
1030 4433 1050 4468 ι
1087 4428 1319 4484 magnus
1362 4422 1416 4467 et
1448 4421 1668 4481 potens,
1703 4430 1722 4464 ι
1772 4411 2056 4481 pluraliter

2178 570 2369 623 quare,
2431 574 2451 605 ι
2485 556 2539 609 in
2575 556 2817 624 nomine,
2856 576 2877 609 ›
2915 558 3072 623 dixit,
3124 571 3180 613 et
3214 575 3320 613 non
3344 601 3358 623 ,
3410 561 3464 615 in
3516 564 3752 644 nomjni-

2177 645 2301 711 bus,
2336 647 2700 717 praecipiendo
2744 649 3066 719 perdocuit?
3096 650 3153 703 Si
3199 650 3443 707 Trinitas
3485 668 3595 708 non
3629 664 3749 722 est,

2176 755 2347 809 quare
2383 736 2587 792 Paulus
2620 740 2902 808 apostolus
2949 742 3063 795 ait:
3107 760 3125 791 ι
3161 741 3240 795 Ex
3286 743 3427 812 ipso,
3463 753 3517 798 et
3540 760 3637 815 per
3670 747 3753 815 ip-

2176 846 2321 893 sum,
2354 838 2408 883 et
2455 829 2510 883 in
2554 829 2675 899 ipso
2722 839 2848 884 sunt
2891 831 3077 885 omnia
3100 832 3182 885 “‘i
3218 850 3237 883 ι
3291 832 3349 886 Si
3407 835 3595 889 unitas
3644 854 3749 889 non

2175 932 2278 988 est,
2307 936 2497 991 quare,
2536 940 2553 972 ι
2586 936 2649 976 ex
2698 922 2835 991 ipso,
2871 941 2890 972 ι
2937 923 3147 992 posuit,
3189 932 3242 977 et
3288 940 3421 987 non,
3467 941 3531 979 ex
3570 926 3705 995 ipsis
3730 968 3746 991 ,

2175 1016 2445 1071 astruxit?
2471 1014 2527 1068 Si
2565 1015 2708 1069 enim
2748 1024 2895 1069 certo
2927 1015 3129 1069 certius
3162 1016 3445 1072 volueritis
3484 1019 3749 1073 unitatem

2176 1105 2463 1163 Trinitatis
2493 1122 2791 1177 agnoscere
2810 1147 2823 1169 ,
2862 1120 2893 1160 a
2922 1121 3065 1174 saepe
3085 1106 3231 1162 dicto
3252 1107 3481 1163 Doctore
3505 1110 3751 1180 gentium

2175 1200 2437 1269 Apostolo
2463 1199 2691 1269 potestis
2721 1200 2974 1254 universa
3014 1199 3352 1263 condiscere,
3387 1209 3441 1255 et
3474 1204 3628 1271 sequi
3659 1220 3753 1258 ca-

2175 1289 2433 1343 tholicam
2476 1290 2657 1353 fidem,
2691 1297 2745 1343 et
2772 1289 2815 1320 ⁸¹
2854 1289 3050 1342 horum
3101 1304 3359 1358 respuere
3402 1293 3749 1359 pravitatem.

2182 1398 2201 1431 ¢
2232 1380 2418 1434 Gratia
2454 1379 2670 1434 Domini
2706 1380 2878 1435 nostri
2903 1377 3031 1434 Jesu
3068 1380 3293 1446 Christi,
3324 1381 3520 1451 inquit,
3546 1394 3597 1437 et
3622 1384 3753 1439 cha-

2173 1472 2310 1526 ritas
2339 1470 2455 1535 Dei,
2487 1479 2541 1527 et
2566 1472 2991 1527 communicatio
3022 1473 3197 1528 sancti
3231 1474 3489 1543 Spiritus,
3525 1476 3640 1545 ipsa
3667 1490 3754 1535 est

2172 1560 2373 1629 Patris,
2396 1575 2449 1621 et
2480 1563 2622 1629 Filii,
2646 1564 2689 1596 ⁸²
2714 1574 2768 1619 ει
2796 1564 3032 1635 Spiritus
3060 1567 3231 1619 sancti
3263 1568 3436 1637 gratia
3461 1568 3573 1633 33;:
3595 1578 3648 1622 et
3669 1570 3751 1623 sie

2172 1654 2336 1710 ﬁdem
2381 1664 2585 1711 sanctae
2629 1655 2912 1712 Trinitatis
2955 1666 3010 1712 et
3058 1658 3380 1729 intelligere,
3426 1670 3479 1714 et
3527 1661 3748 1727 docere,

2174 1747 2407 1803 Domino
2441 1749 2761 1819 adjuvante,
2782 1748 3013 1818 pleniter
3041 1751 3295 1819 potestis.

2249 1839 2452 1894 Idcirco
2506 1841 2700 1912 igitur,
2752 1842 3097 1907 charissimi,
3153 1840 3277 1896 ﬁdei
3325 1841 3544 1913 regulas
3585 1842 3746 1913 juxta

2177 1933 2346 2004 hujus
2372 1934 2615 2004 cpistola:
2647 1934 2811 1989 tinem
2845 1934 3154 2004 posuimus,
3185 1941 3246 1989 ut
3284 1935 3339 1987 in
3373 1934 3492 2004 ejus
3527 1935 3741 1990 confes-

2176 2026 2332 2082 sione
2371 2027 2601 2083 fideliter
2631 2029 3077 2096 perseveremus,
3105 2037 3157 2082 et
3202 2025 3434 2081 Domino
3475 2028 3741 2082 auxilian-

2174 2127 2227 2174 te
2252 2119 2320 2183 ⁸⁸,
2347 2119 2548 2174 bonam
2581 2119 2741 2175 ﬁdem
2780 2120 2982 2175 habere
3005 2135 3339 2173 mereamur.
3367 2139 3386 2171 ι
3422 2119 3747 2191 Quicunque

2173 2211 2405 2266 voluerit
2452 2227 2575 2268 esse
2619 2212 2833 2269 amicus
2880 2212 3067 2268 saeculi
3124 2212 3308 2283 hujus,
3350 2212 3604 2268 inimicus
3649 2214 3742 2269 Dei

2172 2303 2547 2359 constituitur.
2576 2304 2658 2359 An
2682 2315 2731 2349 δ’
2757 2305 2984 2376 putatis,
3019 2304 3169 2375 quia
3196 2304 3430 2359 inaniter
3461 2303 3751 2376 Scriptura

2171 2393 2303 2449 dicit
2339 2410 2353 2447 :
2391 2394 2474 2449 Ad
2510 2394 2771 2451 invidiam
2801 2395 3142 2468 concupiscit
3184 2395 3434 2465 spiritus,
3465 2397 3560 2469 qui
3592 2396 3748 2450 habi-

2170 2494 2251 2540 tat
2284 2486 2338 2540 in
2366 2486 2541 2551 vobis,
2574 2488 2835 2557 majorem
2865 2498 3047 2544 autem
3090 2489 3183 2545 dat
3220 2488 3493 2561 gratiam?
3518 2486 3748 2560 Propter

2170 2576 2315 2646 quod
2349 2576 2552 2631 dicitur
2597 2596 2609 2630 :
2652 2576 2795 2632 Deus
2842 2578 3093 2647 superbis
3154 2580 3385 2646 resistit,
3444 2580 3746 2635 humilibus

2168 2675 2353 2722 autem
2386 2667 2481 2722 dat
2507 2669 2762 2739 gratiam.
2796 2666 3010 2725 Subditi
3046 2668 3210 2740 igitur
3238 2679 3411 2725 estote
3446 2667 3576 2733 Deo,
3609 2672 3747 2724 resi-

2169 2761 2295 2815 stite
2346 2771 2526 2816 autem
2573 2762 2809 2829 diabolo,
2846 2770 2902 2818 et
2950 2761 3120 2833 fugiet
3150 2778 3180 2817 a
3222 2763 3396 2818 vobis.
3430 2764 3744 2835 Appropin-

2168 2861 2334 2923 quate
2381 2851 2533 2921 Deo,
2580 2862 2636 2909 et
2686 2854 3145 2925 appropinquabit
3194 2856 3374 2912 vobis.
3437 2854 3745 2910 Emundate

2167 2960 2365 2999 manus
2396 2944 2464 3012 ⁸⁸,
2496 2955 2841 3015 peccatores,
2869 2956 2925 3003 et
2962 2947 3247 3016 puriticate
3281 2949 3468 3013 corda,
3497 2948 3751 3019 duplices

2166 3036 2375 3092 animo.
2417 3035 2602 3092 Miseri
2631 3045 2826 3105 estote,
2876 3045 2931 3094 et
2976 3038 3174 3109 lugete,
3220 3047 3275 3094 et
3318 3040 3546 3110 plorate.
3578 3039 3744 3095 Risus

2166 3136 2353 3185 vester
2384 3129 2441 3185 in
2484 3129 2691 3184 luctum
2740 3139 3105 3199 convertatur,
3137 3138 3191 3186 et
3225 3133 3483 3203 gaudium
3516 3133 3569 3188 in
3605 3148 3745 3187 mte-

2166 3236 2367 3276 rorem.
2402 3219 2773 3276 llumiliamini
2802 3222 2857 3277 in
2904 3229 3199 3293 conspectu
3230 3224 3469 3290 Domini,
3501 3233 3554 3279 et
3585 3226 3741 3280 exal-

2165 3310 2299 3365 tabit
2327 3325 2443 3365 vos.
2478 3309 2654 3366 Nolite
2678 3312 2962 3369 detrahere
2989 3313 3331 3381 alterutrum,
3356 3313 3585 3377 fratres;
3610 3314 3745 3385 quia

2164 3401 2257 3471 qui
2292 3399 2531 3454 detrahit
2558 3400 2750 3466 fratri,
2784 3411 2877 3456 aut
2907 3401 3001 3471 qui
3040 3401 3253 3472 judicat
3292 3401 3513 3457 fratrem
3550 3418 3743 3469 suum,

2164 3492 2400 3546 detrahit
2444 3491 2571 3562 legi,
2618 3500 2672 3546 et
2712 3492 2923 3561 judicat
2956 3493 3150 3562 legem.
3199 3493 3257 3548 Si
3305 3505 3489 3548 autem
3520 3495 3739 3564 judicas

2163 3584 2358 3655 legem,
2408 3601 2515 3638 non
2551 3600 2611 3640 es
2662 3584 2838 3639 factor
2876 3586 3030 3656 legis,
3061 3587 3153 3641 sed
3184 3587 3382 3656 judex;
3414 3603 3558 3643 unus
3589 3588 3734 3643 enim

2162 3687 2244 3731 est
2278 3677 2555 3747 legislator
2586 3684 2642 3731 et
2659 3676 2859 3746 judex,
2893 3678 2988 3747 qui
3028 3686 3203 3748 potest
3250 3681 3476 3748 perdere
3508 3691 3561 3736 et
3600 3682 3737 3737 libe-

2161 3782 2304 3820 rare.
2348 3765 2429 3821 Tu
2475 3776 2657 3820 autem
2691 3766 2817 3836 quis
2865 3782 2955 3833 es,
3005 3769 3105 3838 qui
3137 3769 3354 3839 judicas
3386 3772 3749 3841 proximum?

2172 3859 2328 3929 Agite
2358 3874 2534 3923 nunc,
2560 3858 2775 3923 divites,
2812 3858 3025 3928 plorate
3072 3862 3344 3919 ululantes
3388 3864 3444 3918 in
3495 3866 3736 3921 miseriis

2160 3952 2377 4017 vestris,
2412 3966 2534 4020 qua:
2565 3952 2854 4006 advenient
2878 3951 3051 4008 vobis.
3079 3952 3291 4011 Divitiae
3322 3964 3516 4011 vestras
3549 3967 3736 4027 putre—

2160 4041 2317 4097 facta:
2368 4051 2529 4109 sunt,
2561 4051 2617 4098 et
2656 4044 2981 4098 vestimenta
3012 4049 3189 4100 vestra
3224 4062 3256 4101 a
3304 4048 3467 4103 tineis
3491 4058 3733 4105 comesta

2160 4142 2309 4190 sunt.
2345 4134 2555 4189 Aurum
2597 4143 2653 4189 et
2702 4145 2989 4206 argentum
3029 4140 3271 4192 vestrum
3304 4141 3647 4209 azruginavit,
3679 4149 3737 4194 et

2158 4240 2341 4295 aerugo
2368 4240 2558 4281 eorum
2594 4225 2651 4279 in
2682 4226 3050 4281 testimonium
3074 4227 3229 4283 vobis
3256 4229 3379 4293 erit,
3412 4240 3466 4285 et
3496 4233 3734 4288 mandu-

2157 4317 2300 4373 cabit
2331 4332 2526 4373 carnes
2554 4329 2764 4373 vestras
2796 4318 2939 4373 sicut
2964 4319 3124 4390 ignis.
3163 4318 3600 4379 Thesaurizastis
3633 4341 3732 4380 vo-

2155 4409 2241 4465 bis
2271 4410 2407 4464 iram
2433 4409 2488 4463 in
2522 4410 2835 4465 novissimis
2874 4411 3086 4467 diebus.
3117 4411 3258 4468 Ecce
3299 4429 3508 4470 merces
3534 4431 3732 4485 opera-

476 4527 587 4567 non
630 4508 988 4565 nominatur?
1022 4506 1079 4562 Si
1114 4504 1355 4561 Trinitas
1396 4521 1506 4559 non
1549 4514 1654 4571 est,
1686 4518 1784 4560 cur
1816 4501 2051 4568 Tobias,
2083 4519 2129 4577 ι)
2156 4502 2388 4565 riorum,
2410 4500 2504 4569 qui
2528 4509 2877 4556 messuerunt
2902 4501 3154 4571 regiones
3177 4512 3410 4569 vestras,
3443 4520 3565 4576 quae
3590 4504 3739 4562 frauv

475 4619 604 4659 cum
631 4602 804 4657 ﬁlium
830 4615 990 4657 suum
1014 4600 1067 4654 in
1096 4596 1274 4668 Rages
1303 4597 1580 4653 civitatem
1616 4609 1744 4650 cum
1778 4592 2054 4663 Baphaele

475 4695 813 4766 archangelo
838 4693 1096 4755 mitteret,
1122 4688 1452 4744 benedicens
1484 4701 1601 4754 eos,
1630 4686 1708 4741 ita
1730 4685 1936 4741 dixisse
1956 4684 2055 4740 do-

474 4797 633 4843 cutur
668 4810 680 4843 :
731 4805 750 4840 ι
806 4785 950 4841 Deus
983 4783 1285 4846 Abraham,
1322 4792 1377 4836 et
1426 4778 1570 4835 Deus
1606 4777 1778 4844 Isaae,
1812 4786 1867 4833 et
1907 4776 2053 4832 Deus

470 4880 664 4943 Jacob,
704 4880 819 4948 ipse
866 4876 1095 4946 impleat
1149 4872 1589 4929 benedictionem
1642 4885 1798 4926 suam
1848 4870 1906 4923 in
1956 4882 2053 4922 vo-

470 4973 557 5027 bis
580 4972 672 5025 7'?
701 4990 721 5018 ι
755 4969 811 5023 Si
846 4968 1033 5025 unitas
1054 4982 1162 5021 non
1189 4974 1291 5029 est,
1319 4979 1510 5035 quare,
1548 4982 1566 5014 ι
1602 4963 1719 5032 ipse
1746 4962 1988 5030 impleat,
2020 4978 2042 5011 ι

468 5065 626 5129 dixit,
660 5070 714 5117 et
737 5078 845 5116 non
875 5101 890 5126 ,
932 5060 1038 5130 ipsi
1071 5058 1352 5129 impleant,
1398 5056 1706 5111 intimavit?
1737 5053 2042 5117 Postremo,

468 5164 515 5216 si
547 5158 787 5213 Trinitas
816 5174 925 5211 non
954 5165 1057 5221 est,
1088 5170 1259 5226 quare
1292 5154 1556 5208 Dominus
1586 5150 1887 5220 discipulos
1913 5164 2044 5203 suos

473 5272 490 5302 ι
530 5253 585 5306 in
616 5250 839 5304 nomine
873 5248 1072 5314 Patris,
1104 5257 1158 5302 et
1196 5245 1342 5313 Filii,
1373 5254 1430 5301 et
1462 5243 1701 5313 Spiritus
1741 5239 1914 5295 sancti
1931 5239 1974 5270 ⁷⁹
2016 5257 2033 5289 ›

570 5346 617 5377 ⁸⁸
643 5362 745 5399 ms.
781 5352 1044 5414 precatus.
1122 5343 1167 5373 °'
1196 5340 1365 5414 gpoc.
1401 5355 1474 5405 tv,
1515 5339 1568 5394 8.

1647 5338 1691 5369 ⁶⁶
1728 5336 1883 5389 Deut.
1922 5349 1994 5398 tv,
2035 5339 2122 5393 51x.
2180 5335 2224 5365 ⁸⁷
2256 5334 2310 5387 in
2344 5350 2450 5388 ms.
2497 5333 2651 5389 deest
2693 5332 2861 5389 Nave.

2155 4593 2280 4649 data
2308 4601 2391 4649 est
2416 4607 2448 4646 a
2478 4591 2658 4658 vobis,
2686 4591 2908 4661 clamat,
2932 4594 3227 4649 vindictam
3272 4610 3506 4664 poscens
3534 4601 3730 4654 retenti

2149 4684 2377 4749 laboris,
2408 4692 2463 4739 et
2488 4684 2699 4739 clamor
2726 4699 2916 4739 eorum
2940 4681 3004 4739 in
3039 4700 3201 4742 aures
3236 4687 3453 4742 Domini
3484 4687 3727 4744 Sabaoth

2148 4776 2415 4831 introivit.
2443 4776 2658 4848 Epulati
2687 4776 2821 4832 estis
2866 4791 3030 4847 super
3057 4786 3282 4842 terram,
3320 4788 3375 4835 et
3409 4780 3463 4834 in
3491 4781 3732 4837 luxuriis

2147 4867 2435 4922 enutristis
2455 4868 2617 4923 corda
2650 4877 2833 4924 vestra
2858 4868 2911 4922 in
2947 4869 3036 4923 die
3076 4868 3392 4925 occisionis.
3424 4872 3727 4929 Addixistis

2148 4968 2204 5015 et
2257 4960 2537 5016 occidistis
2575 4960 2817 5031 justum,
2868 4968 2925 5016 et
2981 4976 3091 5015 non
3147 4963 3347 5018 restitit
3388 4964 3545 5019 vobis
3597 4965 3662 5018 ⁸⁷.
3703 4986 3723 5017 ι

2149 5052 2199 5086 ⁸⁸
2245 5051 2369 5107 Vae!
2423 5051 2654 5121 fratres,
2703 5053 2790 5108 his
2837 5053 2931 5124 qui
2976 5053 3240 5109 tribulant
3288 5071 3409 5111 vos.
3443 5056 3550 5113 Vos
3595 5075 3727 5113 vero

2148 5154 2355 5217 quanto
2394 5146 2629 5215 amplius
2670 5146 3047 5211 tribulamini,
3083 5156 3234 5202 tanto
3266 5151 3606 5220 purgatiores
3641 5160 3726 5204 at-

2146 5254 2253 5308 que
2297 5238 2567 5293 beatiores
2608 5237 2913 5293 ciliciemini
2939 5280 2954 5304 ,
2986 5239 3031 5294 si
3078 5247 3260 5293 tamen
3296 5240 3414 5309 ipsa
3446 5240 3728 5297 tribulatio

2941 5334 2985 5365 ⁸⁸
3017 5350 3119 5389 ms.
3145 5351 3349 5389 eorum.
3430 5337 3474 5367 ⁶⁹
3503 5335 3617 5391 Jos.
3651 5353 3722 5402 tt,

462 5415 555 5471 ubi
611 5404 791 5469 LXXE
834 5414 1125 5473 Dominus,
1189 5404 1650 5464 Dominus'vester
1687 5405 1826 5459 Deus
1858 5407 1913 5457 in
1959 5416 2084 5459 caelo
2131 5420 2312 5472 supra,
2342 5416 2391 5459 et
2424 5406 2478 5458 in
2509 5414 2651 5457 terra
2700 5404 2963 5458 deorsum.
3039 5406 3086 5435 ⁷⁸
3126 5407 3193 5457 Ill
3244 5404 3375 5473 Reg.
3430 5423 3586 5472 xvtn,
3631 5408 3722 5461 56.

461 5487 505 5517 '”
543 5486 692 5540 Esth.
732 5500 851 5547 xm,
885 5484 938 5538 9.

460 5556 506 5587 ⁷⁵
533 5557 701 5623 Apoc.
757 5570 890 5619 χχιι,
916 5554 969 5607 6.
1045 5553 1091 5584 ⁷⁸
1115 5553 1269 5606 Deut.
1316 5567 1427 5605 χιχ.
1504 5548 1549 5581 ⁷⁷
1582 5547 1733 5623 Deut.
1763 5562 1815 5623 χ,

1042 5484 1086 5518 ⁷³
1110 5482 1295 5536 Judith
1316 5482 1493 5543 tx,i7.
1518 5480 1563 5509 ⁷³
1590 5477 1699 5531 Jer.
1738 5492 1794 5539 Χ,
1830 5476 1915 5529 10.
1992 5479 2037 5507 ⁷⁵

1045 5553 1091 5584 ⁷⁸
1116 5553 1269 5599 Deut.
1316 5567 1427 5599 xtx.
1504 5548 1549 5581 ⁷⁷
1582 5547 1733 5599 Deut.
1763 5562 1815 5599 x.
1842 5547 1928 5599 l7.
2006 5547 2059 5578 ⁷⁸

2197 5475 2420 5545 Vulgata
2456 5495 2468 5529 :
2503 5475 2762 5527 Dominus
2815 5474 2949 5527 Deus
2991 5476 3273 5543 spirituum
3320 5478 3720 5545 prop/letarum.

2165 5548 2209 5599 ι).
2250 5562 2346 5599 vn.
2393 5546 2479 5599 15.
2560 5547 2607 5576 ⁷⁰
2636 5544 2827 5598 Matth.
2879 5562 3035 5599 xvm.
3072 5546 3159 5599 i9.
3239 5546 3285 5577 ⁸ο
3320 5546 3479 5599 Rom.
3519 5564 3596 5599 xl.
3629 5550 3719 5599 56.

2560 5547 2607 5576 7°
2636 5544 2827 5598 Matth.
2879 5562 3035 5608 xvm,
3072 5546 3159 5599 i9.
3239 5546 3285 5577 ⁸ο
3320 5544 3479 5600 Rom.
3519 5564 3596 5611 χι,
3629 5550 3719 5604 56.

460 5626 505 5656 ⁸¹
538 5615 1167 5694 Αἰἠίιηοιηιιιιειριιηχίι
1196 5629 1507 5694 ιιοιιιλειι,ίιιι
1538 5618 1774 5694 melius“
1790 5616 1994 5671 falleret
2026 5618 2293 5694 incautos.
2446 5616 2544 5671 llic
2584 5615 2841 5694 desinunt
2898 5615 3088 5694 Ithacii
3120 5616 3283 5670 verba
3311 5636 3323 5670 :
3360 5618 3521 5694 paulo
3566 5619 3720 5694 plura

459 5695 679 5749 exhibet
708 5694 843 5747 falsa
898 5692 1168 5747 Benedicti
1200 5693 1221 5743 Ι
1246 5692 1492 5759 epistola.

460 5780 669 5816 manus.

461 5832 759 5889 νοθεύεται.

1587 5689 1632 5720 ⁸³
1659 5689 1705 5739 Il
1736 5686 1861 5740 Cor.
1920 5704 2038 5748 xm,
2086 5689 2170 5741 15.
2248 5686 2293 5717 ⁸⁵
2323 5687 2625 5755 adjuvante.

764 5765 807 5795 ⁸⁷
836 5762 952 5818 Jac.
987 5779 1059 5830 tv,
1086 5763 1251 5829 4-15;
1280 5755 1331 5825 v,
1369 5762 1486 5816 1-6.
1561 5760 1606 5791 ⁸⁸
1636 5758 1911 5825 Clemens,
1948 5775 2034 5815 eo.
2072 5758 2141 5826 2;
2178 5755 2357 5812 (Patr.
2391 5756 2484 5812 Cr.
2517 5755 2570 5811 ιι
2598 5765 2653 5812 et
2682 5756 2805 5813 inde
2860 5756 3008 5812 Felix
3064 5758 3107 5825 Ι,
3133 5773 3223 5827 ep.
3251 5756 3301 5823 ι,
3333 5772 3456 5827 quae
3516 5762 3723 5832 par-iter

2751 5688 2796 5719 ⁸⁵
2832 5697 2944 5739 aut.
3024 5688 3198 5740 “ms.
3254 5690 3525 5740 emendate
3580 5688 3723 5742 vobis
