4142 6416
403 431 539 489 1069

1846 382 2223 477 [insveta

3492 416 3649 484 ἰοπι

401 549 671 620 patienter
704 544 870 601 fuerit
906 551 1247 615 supportata.
1283 540 1440 599 Unde
1478 542 1598 612 ipsa
1622 537 1837 596 Veritas
1875 554 1975 610 per
2002 544 2052 598 Α
2078 546 2260 595 autem
2287 556 2354 597 ex
2376 550 2557 599 vestro
2585 542 2813 615 collegio
2835 542 3018 608 fuerit,
3049 552 3102 599 et
3138 545 3208 600 ab
3234 545 3441 601 auxilio
3467 559 3653 602 vestra

401 658 461 699 se
490 640 626 696 dixit
658 658 673 694 :
706 658 726 690 ι
757 638 909 694 Beati
940 638 1034 708 qui
1062 636 1500 708 persecutionem
1533 634 1816 705 patiuntur
1846 649 1973 702 pro-

400 740 518 803 pter
542 730 812 801 justitiam
838 730 919 795 5’;
955 749 974 780 ι
1006 737 1059 785 et
1091 727 1216 782 alibi
1250 744 1265 782 :
1302 745 1322 778 ι
1359 725 1506 781 Beati
1542 725 1696 781 eritis
1719 740 1843 780 cum
1874 740 1973 781 vos

399 826 619 882 oderint
639 824 922 889 homines,
953 830 1007 877 et
1032 819 1301 891 persecuti
1326 834 1424 874 vos
1456 817 1681 884 fuerint,
1708 826 1762 872 et
1790 818 1972 888 ejece-

399 920 511 973 rint
557 932 757 972 nomen
799 923 1043 970 vestrum
1085 924 1345 984 tanquam
1392 911 1621 967 malum.
1652 911 1893 967 Gaudete
1918 910 1971 963 in

401 1010 494 1065 illa
527 1007 637 1071 die,
664 1017 719 1063 et
747 1006 1039 1071 exsultate,
1075 1005 1335 1076 quoniam
1365 1018 1577 1059 merces
1597 1011 1778 1058 vestra
1803 1002 1973 1056 multa

402 1110 485 1158 est
509 1101 563 1155 in
597 1100 736 1155 cmlo
766 1099 834 1152 ⁸ο.
864 1118 882 1149 ι

470 1192 610 1247 Data
635 1208 688 1246 ix
714 1189 942 1246 Kalend.
975 1189 1226 1260 Augusti,
1262 1174 1499 1258 Trajano
1522 1196 1576 1243 et
1607 1190 1652 1249 ?‘
1682 1186 1903 1243 {Eliano
1926 1189 1971 1220 θ’

402 1287 532 1343 viris
561 1284 882 1342 clarissimis
911 1283 1228 1339 consulibus
1255 1283 1301 1322 9'
1330 1282 1462 1354 (15).

965 1417 1305 1473 EPISTOLA
1345 1408 1407 1475 ll.

610 1536 687 1590 De
717 1535 891 1589 causis
919 1543 970 1587 et
994 1532 1385 1605 gravaminibus
1410 1531 1759 1587 sacerdotum.

472 1646 856 1703 Dilectissimis
878 1644 1141 1700 fratribus
1170 1643 1427 1700 omnibus
1450 1645 1744 1715 episcopis,
1767 1659 1864 1714 per
1892 1644 1974 1699 di-

399 1756 588 1797 versas
622 1739 938 1796 constitutis
961 1739 1231 1810 regiones,
1257 1738 1562 1793 Alexander
1588 1738 1898 1808 episcopus.

365 1820 372 1826 ’
468 1834 517 1867 οδ
545 1832 720 1901 Nulli,
754 1832 950 1888 fratres
971 1873 987 1900 ,
1021 1832 1249 1887 dubium
1302 1838 1386 1886 est
1424 1829 1551 1899 quia
1587 1829 1717 1884 boni
1756 1845 1786 1883 a
1816 1828 1973 1884 malis

400 1945 616 2000 semper
676 1927 1111 1999 perseeutionem
1166 1924 1452 1995 patiuntur
1510 1932 1565 1979 et
1622 1922 1971 1976 tribulantur.

397 2014 630 2091 Propter
654 2019 801 2089 quod
833 2016 1186 2073 humiliemur
1209 2015 1255 2046 ⁸⁸
1282 2014 1385 2069 sub
1414 2012 1621 2083 potenti
1654 2027 1818 2065 manu
1856 2010 1973 2076 Dei,

399 2121 461 2167 ut
493 2111 685 2165 liberet
714 2124 817 2165 nos
852 2108 905 2163 in
955 2115 1202 2176 tempore
1246 2103 1634 2160 tribulationis.
1666 2100 1801 2155 Nam
1836 2101 1978 2157 sicut

396 2202 483 2258 leo
514 2202 739 2270 rugiens
777 2199 1264 2269 circuit,quaerens
1284 2210 1445 2265 quem
1486 2194 1730 2259 devoret,
1759 2192 1839 2247 sic
1867 2193 1979 2246 dia-

398 2296 556 2351 bolus
577 2298 625 2334 ’⁸
648 2309 758 2349 non
779 2300 955 2349 cessat
980 2291 1232 2357 circuire,
1259 2298 1311 2345 et
1334 2304 1574 2360 quaerere
1595 2302 1736 2357 quos
1764 2302 1829 2341 ex
1845 2286 1979 2340 fide~

396 2389 541 2444 libus
567 2388 789 2459 perdat,
816 2396 871 2442 et
916 2385 1155 2441 maxime
1189 2384 1332 2448 illos,
1365 2397 1504 2452 quos
1536 2380 1880 2436 ardentiorcs
1919 2379 1975 2434 in

401 2480 626 2536 servitio
661 2478 962 2535 Salvatoris
983 2518 1000 2544 ,
1044 2476 1205 2547 eique
1245 2473 1627 2531 familiariores
1660 2472 1928 2529 invenerit
1957 2490 1971 2528 ε

396 2570 784 2628 familiariores
801 2568 930 2625 'dico
954 2582 1075 2635 eos,
1109 2583 1250 2638 quos
1295 2566 1402 2623 sibi
1447 2566 1678 2631 sacrari,
1709 2574 1762 2620 et
1796 2566 1852 2619 in
1884 2580 1979 2619 or-

396 2664 523 2720 dine
555 2661 893 2732 apostolatus
923 2658 1187 2715 constitui
1217 2657 1389 2713 voluit
1419 2657 1485 2712 ’7.
1520 2676 1539 2709 ‹
1571 2656 1679 2727 lpsi
1703 2656 1847 2711 enim
1878 2670 1978 2726 pro

397 2755 599 2827 populo
645 2752 1016 2823 interpellant,
1068 2760 1123 2806 et
1163 2751 1350 2821 populi
1394 2759 1615 2822 peccata
1657 2751 1975 2815 comedunt,

397 2849 526 2918 quia
555 2846 812 2918 precibus
855 2846 974 2901 suis
1009 2852 1065 2900 et
1101 2843 1473 2899 oblationibus
1504 2858 1568 2898 ea
1613 2842 1793 2900 delent
1814 2852 1979 2913 atque

396 2948 732 2997 consumunt
754 2937 821 2991 ’⁸.
861 2956 880 2990 ι
908 2930 1012 3002 Qui
1036 2944 1243 3005 quanto
1265 2934 1542 3006 digniores
1576 2932 1799 2999 fuerint,
1826 2944 1976 2990 tanto

396 3032 616 3089 facilius
663 3046 763 3101 pro
809 3030 1269 3092 necessitatibus,
1312 3043 1413 3097 pro
1465 3027 1975 3098 quibusclamant,

394 3125 783 3183 exaudiuntur.
822 3142 842 3176 ‹
871 3122 1098 3177 Multum
1122 3121 1292 3187 enim,
1323 3125 1383 3176 ut
1414 3120 1490 3176 ait
1517 3119 1711 3177 beatus
1738 3119 1977 3177 Jacobus

2077 645 2136 686 se
2165 633 2518 703 subtraxerit,
2554 638 2730 709 magis
2774 638 3160 695 schismaticus
3184 655 3350 708 quam
3394 642 3649 697 sacerdos

2076 737 2197 778 esse
2247 727 2586 795 probabitur.
2630 748 2649 781 ‹
2697 729 2869 795 Ecce,
2922 730 3101 799 inquit
3147 730 3443 801 Propheta,
3483 750 3648 803 quam

2076 816 2282 871 bonum
2324 828 2377 873 et
2409 835 2573 889 quam
2626 820 2967 891 jucundum,
3030 821 3277 876 habitare
3334 821 3533 879 fratres
3593 826 3650 879 in

2077 924 2247 963 unum
2282 908 2323 965 ⁸.
2361 928 2378 962 ι
2417 912 2494 965 illi
2529 926 2657 966 vero
2694 913 2747 965 in
2781 929 2949 967 unum
2973 928 3080 967 non
3112 914 3377 981 habitant,
3406 916 3500 984 qui
3539 915 3651 972 fra-

2076 1008 2221 1054 trum
2255 1001 2452 1057 solatio
2494 1018 2554 1059 se
2593 1003 2943 1071 subtrahunt,
2976 1014 3090 1071 aut,
3117 1006 3262 1076 quod
3283 1007 3519 1063 deterius
3541 1016 3647 1074 est,

2076 1094 2341 1153 fratribus
2381 1097 2610 1152 insidias
2649 1107 2974 1168 prazparant,
3014 1109 3108 1152 aut
3154 1098 3381 1169 laqueos
3411 1112 3643 1170 ponunt.

2076 1186 2153 1243 De
2179 1188 2263 1244 his
2280 1190 2424 1245 enim
2449 1200 2501 1246 et
2529 1205 2718 1245 eorum
2743 1190 3011 1245 similibus
3032 1189 3297 1247 Dominus
3330 1207 3425 1261 per
3450 1192 3649 1247 Oscam

2075 1282 2393 1348 prophetam
2419 1282 2681 1351 loquitur,
2719 1282 2908 1338 dicens
2936 1298 2950 1334 :
2985 1299 3004 1335 ι
3049 1281 3278 1353 Propter
3305 1283 3411 1339 hoc
3446 1284 3649 1357 lugebit

2075 1380 2245 1436 terra,
2275 1384 2330 1428 et
2358 1374 2726 1430 inﬁrmabitur
2765 1374 2944 1429 omnis
2987 1375 3083 1445 qui
3129 1375 3339 1430 habitat
3386 1376 3441 1430 in
3480 1393 3566 1443 ea,
3592 1379 3649 1433 in

2076 1465 2247 1521 bestia
2278 1466 2414 1538 agri,
2445 1476 2500 1523 et
2529 1468 2583 1522 in
2615 1467 2836 1523 volucre
2866 1468 3020 1533 coeli;
3062 1467 3158 1522 sed
3185 1476 3239 1521 et
3266 1468 3446 1537 pisces
3480 1469 3650 1525 maris

2074 1560 2569 1629 congregabuntur.
2626 1558 3463 1629 Verumtamenlunusquisque
3536 1576 3648 1615 non

2072 1651 2296 1721 judicet,
2338 1662 2392 1707 ct
2430 1669 2537 1708 non
2575 1665 2837 1722 arguatur
2866 1654 2983 1718 vir;
3034 1653 3272 1723 pcpulus
3315 1654 3459 1708 enim
3500 1663 3649 1723 tuus,

2075 1744 2220 1799 sicut
2253 1744 2306 1798 hi
2336 1745 2428 1814 qui
2456 1745 2842 1800 contradicunt
2874 1744 3168 1800 sacerdoti.
3194 1744 3262 1799 Et
3287 1761 3514 1802 corrues
3547 1748 3651 1802 lto-

2077 1836 2185 1903 die,
2218 1845 2272 1890 et
2320 1845 2541 1891 corruet
2582 1837 2745 1891 etiam
2792 1836 3052 1906 pr0pheta
3100 1843 3303 1891 tecum.
3330 1834 3501 1893 Nocte
3546 1836 3651 1894 feci

2080 1936 2260 1983 tacere
2302 1937 2531 1984 matrem
2576 1936 2746 1983 tuam.
2786 1926 3066 1982 Conticuit
3096 1929 3331 1997 populus
3382 1942 3559 1996 meus,
3586 1944 3654 1984 eo

2076 2021 2219 2091 qttod
2243 2037 2350 2076 non
2376 2021 2569 2075 habuit
2591 2020 2898 2076 scientiam.
2927 2018 3065 2085 Quia
3093 2029 3149 2074 tu
3176 2021 3460 2075 scientiam
3492 2036 3656 2091 repu-

2075 2114 2209 2179 listi,
2254 2114 2514 2184 repellam
2549 2122 2635 2179 te,
2669 2127 2736 2167 ne
2794 2111 3102 2167 sacerdotio
3134 2111 3379 2182 fungaris
3402 2114 3556 2167 mihi.
3588 2114 3655 2168 Et

2077 2207 2242 2263 oblita
2288 2222 2347 2261 es
2397 2206 2529 2275 legis
2564 2204 2659 2259 Dei
2697 2203 2797 2270 tui,
2827 2203 3122 2259 obliviscar
3154 2204 3391 2259 filiorum
3431 2213 3654 2260 tuorum

2076 2308 2132 2354 et
2161 2313 2282 2369 ego.
2318 2296 2633 2353 Secundum
2676 2295 3083 2351 multitudinem
3124 2310 3318 2350 eorum
3347 2297 3428 2352 sic
3458 2312 3654 2366 pecca-

2074 2398 2273 2446 verunt
2301 2390 2455 2444 mihi.
2490 2388 2731 2444 Gloriam
2778 2402 2969 2443 eorum
3012 2388 3079 2443 ad
3114 2388 3469 2460 ignominiam
3503 2405 3656 2445 com-

2077 2483 2331 2540 mutabo.
2370 2480 2602 2537 Peccata
2639 2480 2825 2551 populi
2866 2480 2974 2535 mei
3023 2480 3331 2545 comedent,
3358 2488 3413 2536 et
3447 2481 3514 2536 ad
3544 2481 3653 2535 ini‘

2077 2577 2340 2648 quitatem
2388 2584 2581 2631 eorum
2639 2572 3004 2630 sublevabunt
3055 2571 3269 2629 animas
3318 2587 3531 2629 eorum.
3589 2571 3658 2627 Et

2077 2669 2202 2734 erit,
2231 2668 2374 2725 sicut
2402 2668 2661 2739 populus,
2701 2668 2781 2723 sic
2821 2666 3100 2721 sacerdos.
3133 2665 3200 2720 Et
3223 2666 3459 2721 visitabo
3490 2682 3656 2736 super

2076 2775 2201 2815 eum
2249 2759 2366 2815 vias
2397 2759 2538 2829 ejus,
2584 2767 2639 2813 et
2681 2756 3039 2828 cogitationes
3066 2756 3186 2825 ejus
3232 2758 3455 2812 reddam
3489 2758 3561 2813 ei.
3588 2757 3657 2813 Et

2076 2853 2381 2918 comedent,
2418 2859 2473 2906 et
2502 2867 2609 2906 non
2652 2850 3091 2915 saturabuntur;
3128 2848 3381 2905 fornicati
3416 2859 3564 2917 sunt,
3597 2861 3657 2905 et

2079 2960 2189 2999 non
2221 2951 2596 3005 cessaverunt,
2628 2941 2889 3011 quoniam
2924 2940 3219 2995 Dominum
3246 2940 3655 3011 dereliquerunt

2077 3036 2133 3089 in
2183 3050 2294 3091 non
2344 3034 2707 3091 custodiendo
2738 3034 2779 3088 ⁸.
2821 3051 2842 3086 ι
2884 3032 3012 3090 Haec
3063 3042 3271 3101 cavete,
3332 3033 3550 3101 fratres,
3599 3048 3655 3091 et

2083 3130 2233 3185 bona
2261 3143 2475 3199 semper
2500 3142 2660 3198 agere
2688 3126 2943 3182 festinate
2975 3142 2988 3178 :
3023 3144 3043 3178 ‹
3073 3125 3213 3191 Quia
3236 3126 3292 3181 in
3322 3126 3430 3182 hoc
3454 3142 3655 3198 cogno—

396 3219 715 3291 εροεῑοιυεν
747 3217 889 3272 valet
935 3215 1242 3285 ἀείπθοειῐῖο
1276 3214 1411 3284 ius“
1445 3214 1667 3270 aSSidua
1706 3212 1778 3269 ⁹⁹ο
1816 3234 1834 3266 ι
1865 3213 1969 3282 QUi
2000 3226 2045 3290 C
2079 3228 2234 3277 scent
2284 3234 2497 3286 omnes,
2530 3218 2665 3273 dicit
2717 3217 3002 3283 Dominus,
3057 3217 3321 3286 quoniam
3354 3218 3463 3272 mei
3516 3219 3651 3274 estis

394 3312 543 3365 enim
596 3325 696 3365 vos
752 3308 1131 3379 persequitur,
1182 3308 1397 3376 ipsum,
1446 3306 1605 3375 cujus
1655 3306 1969 3377 legatione‘

396 3402 712 3473 fungimini,
750 3399 1127 3470 persequitur;
1164 3399 1292 3468 quia
1335 3399 1478 3454 sicut
1515 3398 1630 3468 ipse
1666 3396 1840 3453 Filius
1874 3396 1973 3451 Dei

396 3495 666 3549 mediator
704 3491 809 3547 fuit
848 3491 944 3547 Dei
976 3500 1031 3547 et
1064 3491 1372 3556 hominum,
1402 3490 1476 3545 ita
1504 3499 1559 3545 et
1581 3505 1679 3545 vos
1705 3490 1826 3559 ejus
1852 3491 1972 3546 vice

397 3586 452 3641 in
489 3583 735 3640 Ecclesia
778 3583 911 3639 estis
956 3582 1276 3648 constituti,
1310 3590 1370 3637 ut
1416 3582 1559 3636 inter
1588 3581 1757 3636 Deum
1788 3590 1843 3636 et
1871 3583 1973 3637 ho~

396 3678 572 3734 mines
616 3676 888 3746 legatione
936 3673 1262 3747 fungamini.
1294 3676 1315 3705 ⁸
1363 3673 1421 3727 Si
1464 3674 1590 3743 quis
1621 3683 1800 3729 autem
1825 3674 1973 3745 lega-

393 3772 600 3827 tionem
626 3782 866 3827 vestram
893 3768 1139 3839 impedit,
1176 3781 1287 3821 non
1319 3765 1507 3832 unius,
1544 3765 1641 3821 scd
1667 3766 1972 3821 multorum

395 3863 701 3934 profectum
732 3861 946 3916 avertit.
978 3858 1045 3915 Et
1065 3860 1211 3915 sicut
1234 3858 1423 3913 multis
1454 3866 1633 3922 nocet,
1662 3858 1741 3913 ita
1771 3873 1801 3911 a
1828 3859 1970 3913 mul-

394 3957 467 4010 tis
500 3954 812 4025 arguendus
839 3962 944 4019 est,
989 3960 1043 4008 et
1071 3952 1343 4007 bonorum
1384 3950 1643 4006 societate
1676 3953 1967 4007 arcendus.

395 4048 463 4104 Et
486 4049 617 4120 quia
642 4048 737 4104 Dei
784 4061 1009 4103 causam
1041 4045 1296 4115 impedit,
1332 4053 1387 4099 et
1427 4052 1628 4099 statum
1679 4044 1972 4099 conturbat

393 4141 675 4209 Ecclesiae,
704 4139 938 4209 ideoque
984 4138 1054 4193 ab
1099 4137 1219 4208 ejus
1264 4136 1547 4191 liminibus
1586 4144 1857 4191 arceatur.
1887 4136 1971 4191 Ab

393 4236 652 4290 omnibus
678 4248 897 4305 quoque
932 4232 1058 4307 talis
1076 4238 1162 4286 est
1185 4229 1482 4295 cavendus,
1507 4238 1562 4284 et
1589 4244 1699 4283 non
1733 4229 1788 4283 in
1818 4244 1970 4285 com-

393 4329 716 4384 munionem
770 4326 1012 4381 fidelium
1055 4339 1226 4394 usque
1252 4323 1328 4378 ad
1370 4322 1795 4379 satisfactionem
1829 4321 1971 4379 reci-

393 4421 646 4491 piendus.
692 4418 790 4474 Est
836 4418 983 4474 enim
1029 4424 1292 4472 statutum
1326 4417 1476 4481 olim,
1528 4425 1587 4472 ut
1625 4418 1722 4487 qui
1766 4426 1968 4473 statum
2008 4452 2009 4455 η

393 4516 685 4572 conturbat
708 4512 984 4578 Ecclesiae,
1010 4510 1078 4565 ab
1104 4510 1225 4579 ejus
1250 4509 1534 4565 liminibus
1560 4518 1845 4577 arceatur;
1869 4525 1971 4565 nec

395 4624 521 4663 cum
549 4606 800 4663 fidelibus
829 4604 1217 4668 communicet,
1241 4601 1335 4669 qui
1363 4616 1552 4656 eorum
1584 4600 1729 4655 bona
1752 4601 1965 4656 avertit.

393 4694 505 4757 Vos
534 4712 667 4770 ergo
697 4697 744 4753 si
782 4696 1130 4753 dilectionem
1177 4693 1480 4749 habueritis
1521 4692 1589 4748 ad
1625 4694 1880 4759 invicem,
1915 4702 1971 4749 et

393 4792 684 4849 unanimes
718 4789 957 4853 fueritis,
1005 4787 1165 4844 facile
1212 4786 1348 4842 tales
1394 4800 1655 4855 superare
1694 4786 1965 4855 poteritis.

394 4886 415 4918 ³
448 4884 507 4940 Si
538 4899 690 4951 vero,
724 4882 872 4953 quod
900 4881 1075 4937 absit!
1106 4879 1390 4935 discordes
1423 4877 1658 4941 fueritis,
1687 4886 1740 4932 et
1768 4877 1967 4933 canino

390 4977 555 5033 dente
585 4992 685 5032 vos
711 4974 976 5032 derodere
1004 4972 1301 5042 cmperitis,
1342 4985 1451 5025 non
1490 4970 1669 5025 solum
1714 4986 1807 5026 eos
1856 4987 1967 5025 non

391 5068 744 5140 superabitis,
774 5068 871 5125 sed
916 5074 971 5122 et
1001 5065 1157 5120 vobis
1200 5064 1335 5134 ipsis
1371 5063 1661 5125 nocebitis,
1704 5072 1867 5133 atque
1896 5064 1966 5117 ab

389 5164 473 5220 eis
503 5160 919 5234 superabimini,
950 5167 999 5215 et
1046 5159 1364 5214 innocenter
1394 5155 1534 5211 forte
1562 5156 1831 5225 peribitis.
1856 5157 1961 5223 Qui

491 5278 535 5311 ⁸⁸³
582 5276 770 5331 Matth.
825 5284 878 5340 ν,
930 5273 1017 5328 10.
1095 5274 1141 5305 ⁹⁰
1167 5271 1298 5326 Luc.
1329 5285 1404 5336 Vl,
1454 5269 1549 5335 22,
1596 5268 1686 5322 25.

388 5417 436 5457 "
458 5414 585 5474 Osci
630 5434 702 5478 tv,
732 5418 785 5471 8.

390 5487 553 5541 bium.
657 5486 847 5543 ‘Psal.
887 5502 1095 5545 cur".
1127 5487 1177 5537 1.

885 5420 929 5454 νο
959 5415 1074 5470 Jac.
1126 5429 1179 5479 v,
1221 5413 1309 5467 16.
1387 5413 1403 5443 ¹
1432 5412 1560 5467 vice.

1049 5346 1060 5357 .
1095 5274 1141 5357 ’ξ
1167 5271 1298 5357 huc.
1329 5271 1549 5357 v1,ﬂ22,
1580 5271 1696 5357 72.5.
1781 5272 1824 5303 ⁹¹
1866 5271 2051 5357 datio“
2081 5271 2356 5357 Africano.

388 5348 436 5388 ’⁸
455 5345 511 5413 ⁸5,
555 5357 748 5418 quazst.
785 5335 875 5401 lt'
906 5344 1060 5399 Nulli
1106 5343 1344 5396 dubium.
1392 5335 1467 5374 7”
1493 5349 1696 5409 oportet
1731 5356 1823 5393 nos
1862 5341 1972 5393 [tun

388 5417 436 5457 ’³
458 5414 583 5467 Ose.
630 5434 702 5467 iv.
732 5418 785 5467 8.
885 5420 929 5454 νο
959 5415 1074 5467 Jac.
1126 5429 1179 5467 V.
1221 5413 1309 5467 16.
1387 5413 1403 5443 ¹
1432 5412 1560 5467 vice.
1663 5413 1682 5443 ²
1713 5410 1839 5465 dist.
1873 5412 1972 5466 94:

2074 5335 2160 5396 tri.
2234 5342 2281 5373 ⁹⁶
2314 5340 2505 5393 chtr.
2560 5353 2613 5401 v,
2659 5335 2713 5389 8.

2092 5414 2208 5467 auis
2244 5420 2418 5465 autem
2457 5409 2769 5467 legationem

1275 5426 1309 5466 ι.
1388 5426 1403 5443 ι
1432 5428 1560 5467 vice.
1663 5426 1682 5443 ι
1713 5426 1839 5465 ansr.
1873 5426 1972 5466 :14:

1275 5484 1295 5514 ³
1328 5481 1452 5536 Ose.
1503 5498 1575 5545 Iv,
1603 5480 1755 5552 5έ10.
1790 5480 1866 5552 Ex
1903 5481 1961 5535 S.

2092 5428 2208 5482 quis
2244 5426 2418 5465 autem
2457 5426 2791 5478 legationem.
2886 5426 2905 5432 ν
2938 5426 2989 5465 1,
3026 5426 3172 5468 quas:

2075 5482 2318 5552 eronymi
2350 5480 2619 5552 versione.
2697 5473 2897 5529 6Joan.
2940 5486 3060 5537 xui,
3083 5468 3172 5524 55.

2073 3312 2348 3383 discipuli,
2397 3311 2443 3368 si
2476 3310 2827 3365 dilectionem
2856 3308 3157 3363 habueritis
3186 3309 3253 3363 ad
3278 3308 3512 3364 invicem
3541 3310 3581 3361 ‘.
3622 3329 3641 3362 ι

2072 3407 2094 3441 ⁷
2120 3406 2334 3461 Bonum
2365 3416 2606 3474 namque
2646 3412 2728 3458 est
2774 3402 2965 3471 procul
3001 3401 3169 3456 dubio
3192 3408 3254 3456 et
3294 3401 3553 3457 omnibus
3583 3404 3652 3456 ti-

2072 3498 2349 3555 mentibus
2378 3495 2552 3550 Deum
2577 3493 2960 3559 desiderabile,
2996 3493 3254 3548 cohibere
3274 3493 3647 3550 dissensiones

2070 3595 2125 3642 et
2156 3584 2559 3650 altercationes,
2584 3580 2959 3653 fratribusque
2992 3581 3301 3648 subvenire,
3329 3590 3384 3637 et
3411 3583 3647 3640 invicem

2071 3694 2184 3736 non
2208 3678 2472 3741 invidere,
2505 3675 2600 3731 sed
2624 3674 2903 3745 adjuvare.
2929 3674 3041 3729 Nos
3080 3688 3233 3745 ergo,
3267 3675 3364 3745 qui
3392 3675 3648 3745 discipuli

2071 3770 2290 3826 Domini
2344 3777 2400 3825 et
2446 3767 2554 3823 dici
2599 3774 2653 3822 et
2703 3780 2827 3822 esse
2876 3765 3159 3836 cupimus,
3186 3776 3405 3836 portare
3427 3782 3649 3824 crucem

2070 3860 2275 3918 Christi
2309 3869 2365 3917 et
2391 3859 2629 3929 compati
2658 3857 2920 3914 fratribus
2959 3857 3241 3925 debemus,
3265 3868 3321 3913 et
3346 3874 3455 3913 non
3484 3875 3650 3930 quas-

2071 3969 2288 4026 cunque
2316 3954 2398 4011 eis
2424 3952 2653 4008 insidias
2689 3959 2784 4006 aut
2820 3949 3005 4006 foveas
3035 3964 3363 4021 praeparare,
3392 3951 3524 4020 quia
3560 3961 3647 4007 ta-

2070 4047 2274 4103 lionem
2321 4054 2601 4109 meretur,
2652 4042 2748 4113 qui
2790 4041 3051 4098 fratribus
3092 4040 3305 4098 foveam
3352 4055 3646 4114 prmparat.

2078 4157 2097 4191 ι
2127 4137 2306 4193 Nolite
2337 4151 2541 4201 errare,
2567 4135 2786 4200 fratres,
2810 4133 2940 4205 quia
2961 4132 3107 4189 Deus
3125 4148 3237 4190 non
3270 4135 3528 4190 irridetur
3553 4136 3595 4190 ⁸.
3621 4155 3642 4188 ι

2071 4231 2247 4303 Hujus
2294 4231 2373 4285 rei
2420 4228 2596 4301 gratia
2636 4227 2903 4283 Dominus
2947 4226 3102 4281 vobis
3151 4226 3429 4282 commisit
3460 4225 3649 4283 Eccle—

2071 4324 2209 4382 siam
2254 4330 2434 4389 suam,
2482 4328 2544 4376 ut
2585 4334 2685 4390 pro
2727 4317 2985 4373 omnibus
3024 4315 3307 4384 laboratis,
3342 4325 3397 4373 et
3431 4318 3648 4374 cunctis

2069 4414 2348 4486 oppressis
2393 4426 2553 4482 opem
2594 4410 2739 4466 ferre
2779 4424 2889 4464 non
2919 4408 3226 4479 negligatis.
3264 4405 3417 4463 Unde
3445 4419 3501 4465 et
3536 4409 3650 4465 Do-

2071 4509 2256 4563 minus
2283 4522 2378 4577 per
2405 4506 2723 4576 prophetam
2750 4501 3013 4572 loquitur,
3050 4501 3239 4557 dicens
3264 4516 3278 4553 :
3315 4518 3334 4553 ‹
3366 4499 3493 4557 Haec
3513 4502 3649 4558 dicit

2074 4602 2337 4658 Dominus
2375 4618 2388 4654 :
2424 4597 2671 4654 Judicate
2716 4608 2875 4649 mane
2917 4593 3221 4663 judicium,
3273 4603 3329 4648 et
3374 4595 3549 4651 eruite
3591 4597 3645 4651 vi

2074 4707 2396 4765 oppressum
2428 4692 2495 4746 de
2542 4704 2711 4743 manu
2758 4685 3168 4751 calumniantis,
3200 4699 3270 4739 ne
3314 4683 3456 4740 forte
3482 4702 3642 4757 egre-

2072 4788 2255 4844 diatur
2281 4784 2439 4856 quasi
2469 4782 2611 4854 ignis
2656 4778 2959 4849 indignatio
2988 4792 3132 4843 mea,
3175 4784 3230 4831 et
3256 4777 3641 4843 succendatur,

2071 4888 2127 4935 et
2166 4894 2274 4934 non
2319 4878 2390 4933 sit
2427 4874 2523 4946 qui
2572 4871 2885 4943 exstinguat
2917 4871 2960 4923 θ.
3008 4887 3030 4921 ι
3077 4866 3188 4923 Vos
3226 4882 3387 4937 ergo,
3441 4868 3535 4937 qui
3586 4869 3644 4923 in

2074 4987 2289 5030 summa
2337 4968 2557 5040 specula
2597 4981 2629 5020 a
2666 4964 2899 5019 Domino
2939 4959 3223 5017 constituti
3266 4962 3419 5027 estis,
3464 4969 3645 5017 atten-

2071 5067 2201 5122 dere
2223 5079 2318 5120 eos
2340 5070 2396 5118 et
2424 5061 2730 5131 opprimere
2765 5061 2998 5125 oportet,
3043 5051 3139 5122 qui
3173 5050 3230 5104 in
3272 5047 3469 5105 fratres
3498 5051 3646 5105 sedi-

2070 5160 2249 5215 tiones
2277 5165 2330 5211 et
2367 5152 2622 5210 scandala
2659 5148 2920 5214 excitant,
2957 5159 3025 5200 ne
3051 5141 3216 5199 simul
3241 5156 3366 5198 cum
3407 5143 3489 5197 eis
3516 5158 3643 5212 per-

2454 5269 2500 5300 "
2554 5262 2803 5319 Heliano.
2893 5260 2939 5293 ⁸³
2986 5258 3248 5313 mendosa
3286 5254 3639 5323 subscriptio.

2463 5354 2488 5365 ..
2560 5353 2593 5365 υ
2660 5335 2691 5365 Ω
2809 5332 2899 5365 οτι
2961 5346 2995 5365 η
3050 5329 3110 5365 In
3163 5326 3271 5365 Ῐπιί
3322 5324 3618 5365 annnrdnlog

2879 5332 2930 5389 i.
2961 5346 3018 5399 (ι.
3050 5329 3072 5381 1
3098 5344 3111 5381 :
3157 5326 3271 5395 Ipsi
3321 5324 3639 5378 sacerdotes.

2886 5401 2905 5432 ³
2938 5402 2989 5465 1,
3026 5406 3214 5468 quaest.
3253 5395 3319 5448 ιε
3355 5392 3509 5447 Nulli
3538 5396 3643 5447 du-

2883 5508 2897 5517 .
2940 5486 3059 5517 xui-
3083 5468 3172 5517 ⁸55.
3248 5465 3267 5496 ⁷
3300 5461 3431 5517 Svn.
3456 5462 3639 5517 Later.

3341 5480 3431 5534 yn.
3457 5479 3639 5519 Later.

389 5559 492 5613 sub
532 5558 589 5612 S.
623 5556 881 5623 Martino,
913 5557 1146 5612 consult.
1180 5556 1232 5609 4.
1309 5554 1331 5585 ⁸
1358 5552 1475 5608 Gal.
1513 5567 1586 5617 γι,
1622 5551 1670 5603 7.
1748 5552 1767 5581 θ
1789 5550 1899 5606 Jer.
1932 5568 1972 5605 χῖ

2074 5553 2135 5606 li
2164 5550 2376 5616 etxxn,
2411 5550 2463 5603 '5.

460 5712 573 5781 (l3)
609 5710 842 5780 Trajano
888 5719 936 5764 et
990 5708 1213 5781 Atiliano
1265 5709 1393 5763 viris
1448 5706 1786 5781 _c_larissimis_
1822 5722 1958 5781 coss.

389 5777 564 5846 Scias,
598 5777 802 5847 lector,
837 5783 987 5851 ipsos
1035 5780 1318 5848 pontifices
1371 5778 1548 5851 nullos
1598 5777 1852 5851 consules
1902 5778 1955 5851 in

2069 5708 2434 5778 superiorum,
2455 5703 2551 5778 vel
2575 5702 2739 5757 etiam
2775 5698 3140 5778 posteriorum
3175 5693 3647 5778 pontificumpr

2064 5763 2218 5834 stolis
2241 5763 2621 5847 superadditos
2649 5763 2968 5847 consulatus
2996 5763 3305 5837 discrepare
3332 5763 3642 5834 deprehen-

384 5855 493 5907 fine
546 5841 896 5921 epistolarth
950 5841 1301 5918 subjunxisse
1323 5890 1337 5913 ,
1376 5849 1480 5921 sed
1515 5848 1692 5921 potius
1742 5846 1961 5899 aliunde
2062 5850 2183 5919 das,
2212 5863 2278 5905 ne
2312 5841 2546 5902 inireris.
2579 5842 2703 5899 SCV-
2739 5841 2857 5896 BIN-

386 5918 748 5993 subrepsisse.
793 5921 981 5991 Itaque
1015 5922 1058 5976 si
1094 5936 1125 5975 a
1171 5918 1522 5990 chronologia
1566 5918 1957 5988 imperatorum
