4142 6384
474 427 605 489 IO'H

1578 415 1973 474 ALEXAND!“
2009 415 2031 471 l
2068 411 2269 473 PAPE
2299 411 2681 474 EPISTOLE.

3587 407 3728 467 1072

475 549 633 603 eatis.
665 545 910 601 Salutate
935 556 1128 598 omnes
1171 540 1267 612 qui
1311 546 1459 595 recte
1498 538 1755 593 laborant
1779 538 1835 593 in
1863 537 2041 592 Evan-
2071 541 2117 597 Α
2143 540 2188 571 ²²
2220 536 2445 593 Summa
2475 536 2621 592 enim
2649 532 2913 605 iniquitas
2941 538 3044 599 est,
3076 529 3297 595 fratres,
3344 526 3635 584 detrahere
3672 538 3730 584 et

475 638 618 709 gelio
646 634 872 701 Christi,
920 643 975 687 et
1014 632 1163 702 juste
1212 630 1520 700 gubernant
1570 643 1762 683 navem
1808 628 1949 698 ejus,
1979 643 2047 683 ne

475 730 853 786 cohabitantes
911 726 966 780 in
1010 740 1073 779 ea
1120 724 1502 792 demergantur
1558 729 1654 775 aut
1694 720 2049 775 suﬂ‘ocentur.

479 825 691 878 Salutat
734 833 833 875 vos
877 816 1060 873 omnis
1104 815 1400 887 apostolica
1440 812 1682 869 Ecclesia
1716 814 1772 867 in
1799 812 2048 868 Domino.

481 920 670 970 Amen.

554 1005 686 1060 Data
733 1001 965 1071 septimo
999 997 1043 1030 ¹⁰
1071 994 1298 1051 Kalend.
1347 994 1693 1062 Novembris,
1736 994 1974 1066 Trajano
2010 996 2052 1027 “

481 1107 535 1152 et
562 1095 782 1151 Eliano
814 1093 857 1123 ¹¹
887 1088 1019 1144 viris
1057 1086 1377 1142 clarissimis
1398 1086 1719 1141 consulibus
1750 1086 1815 1140 “.

555 1188 623 1242 1η
656 1188 760 1257 ﬁne
794 1185 952 1255 hujus
993 1180 1230 1253 epistolis
1258 1180 1369 1235 Iure
1400 1177 1587 1232 addita
1617 1178 1785 1247 reperi
1829 1176 1887 1228 in
1924 1172 2058 1229 Cod.

484 1276 733 1343 Lucensi,
761 1292 878 1346 quw
901 1273 1300 1345 interpolatoris
1328 1268 1557 1339 alicujus
1588 1282 1826 1322 esse-non
1854 1264 2060 1329 dubito,

480 1374 573 1426 sed
604 1378 781 1423 tamen
809 1367 990 1421 danda
1013 1376 1162 1421 erant
1191 1381 1212 1420 :

552 1456 889 1527 Praeceptum
918 1451 1135 1508 Domini
1159 1457 1266 1513 est,
1301 1456 1363 1503 ut
1383 1455 1605 1517 excepta
1630 1460 1795 1501 causa
1821 1442 2059 1498 fornica-

484 1548 673 1615 tionis,
700 1561 839 1601 uxor
866 1559 898 1599 a
931 1544 1052 1598 viro
1081 1540 1283 1597 dimitti
1304 1554 1421 1594 non
1450 1538 1675 1603 debeat;
1706 1544 1760 1590 et
1784 1535 1906 1589 ideo
1932 1532 2058 1603 qui~

483 1655 704 1712 cunque
742 1638 879 1694 citra
903 1636 1119 1706 culpam
1147 1631 1399 1689 criminis
1425 1627 1784 1700 suprascripti
1830 1639 2058 1681 uxorem

486 1748 644 1789 suam
676 1740 1004 1803 quacunque
1052 1726 1344 1783 occasione
1395 1724 1689 1787 dimiserit,
1745 1722 1873 1792 quia
1915 1718 2060 1790 quod

486 1824 633 1879 Deus
660 1822 964 1892 conjunxit,
993 1819 1085 1874 ille
1114 1830 1376 1889 separare
1401 1815 1699 1885 disposuit,
1749 1812 1937 1867 tandiu
1964 1826 2061 1865 ec-

2151 644 2432 685 accusare.
2470 627 2621 683 Unde
2655 628 2922 697 scriptum
2944 634 3030 681 est
3055 642 3069 678 :
3100 642 3119 676 ι
3147 623 3341 677 Omnis
3364 622 3458 691 qui
3488 620 3732 677 detrahit

2152 722 2308 777 fratri
2340 736 2466 786 suo,
2490 719 2765 775 homicida
2792 728 2877 774 est
2903 716 3264 785 ",ietomnis
3301 712 3577 768 homicida
3614 728 3727 766 non

2151 816 2317 871 habet
2338 822 2545 886 partem
2568 821 2663 868 aut
2680 811 3052 867 haereditatem
3074 810 3131 863 in
3153 822 3322 878 regno
3344 805 3461 860 Dei.
3477 804 3543 859 Et
3564 804 3725 859 alibi:

2159 927 2180 961 ι
2218 908 2417 963 Cavete
2445 920 2566 971 vos,
2598 904 2797 960 fratres
2829 900 3165 966 charissimi,
3197 914 3267 953 ne
3297 897 3593 968 participes
3613 896 3730 951 eili-

2155 998 2399 1061 ciamini,
2426 998 2572 1066 quod
2600 995 2776 1051 absit!
2804 994 2965 1049 malis
2985 1006 3178 1047 eorum
3194 990 3262 1047 “.
3290 1008 3308 1042 ι
3326 987 3394 1043 Et
3414 1004 3525 1043 non
3548 987 3731 1043 solum

2153 1105 2253 1145 vos
2284 1097 2471 1145 cavete
2513 1103 2544 1142 a
2587 1087 2814 1151 talibus,
2844 1085 2938 1140 sed
2975 1094 3030 1139 et
3059 1096 3251 1138 cavere
3293 1080 3432 1135 alios
3474 1080 3544 1134 ab
3570 1080 3651 1133 eis
3675 1088 3731 1133 et

2156 1190 2403 1237 avertere
2427 1180 2640 1235 docete.
2670 1176 2747 1232 De
2770 1177 2857 1231 his
2893 1175 3039 1231 enim
3074 1172 3347 1228 Dominus
3375 1172 3454 1226 ait
3481 1186 3579 1241 per
3602 1186 3729 1241 pro—

2154 1274 2376 1345 pbetam
2424 1271 2706 1327 Michream
2733 1284 2748 1322 :
2780 1286 2799 1320 ι
2835 1267 2928 1322 Vae
2979 1267 3073 1338 qui
3111 1265 3363 1337 cogitatis
3408 1264 3621 1328 inutile,
3676 1270 3731 1317 et

2158 1364 2464 1436 operamini
2494 1361 2701 1418 malum
2738 1361 2797 1416 in
2830 1360 3103 1418 cubilibus
3120 1358 3348 1424 vestris;
3382 1357 3436 1411 in
3466 1356 3588 1411 luce
3614 1371 3733 1410 ma-

2158 1457 2334 1513 tutina
2366 1455 2577 1511 faciunt
2604 1454 2758 1518 illud,
2786 1452 3046 1523 quoniam
3074 1460 3264 1507 contra
3296 1449 3466 1504 Deum
3503 1458 3585 1504 est
3612 1464 3733 1502 ma-

2163 1563 2267 1602 nus
2298 1561 2513 1602 eorum.
2567 1543 2636 1600 Et
2688 1542 3087 1612 concupierunt
3127 1555 3312 1612 agros,
3362 1548 3420 1594 et
3470 1538 3735 1593 violenter

2158 1637 2423 1703 tulerunt,
2464 1644 2518 1691 et
2550 1635 2743 1693 domos
2783 1642 3103 1703 rapuerunt,
3146 1642 3199 1688 et
3242 1630 3727 1687 calumniabantnr

2164 1730 2340 1783 virum
2370 1735 2424 1782 et
2451 1727 2677 1783 domum
2709 1726 2851 1797 ejus,
2880 1724 3062 1780 virum
3094 1732 3150 1779 et
3177 1722 3549 1779 haereditatem
3583 1722 3727 1792 ejus.

2161 1821 2370 1877 idcirco
2403 1820 2535 1877 dicit
2561 1818 2828 1875 Dominus
2854 1820 2971 1874 haec
2997 1836 3010 1872 :
3051 1816 3191 1873 Ecce
3221 1830 3323 1887 ego
3346 1814 3527 1886 cogito
3569 1829 3732 1883 super

485 1913 794 1970 clesiastica
820 1909 1209 1968 communione
1244 1907 1509 1978 privetur,
1540 1902 1605 1960 et
1623 1913 1768 1960 coetu
1803 1902 2053 1958 omnium
2090 1881 2099 1935 1

2171 1911 2429 1967 familiam
2465 1912 2627 1966 istam
2662 1908 2905 1977 malum,
2940 1907 3087 1962 unde
3129 1921 3239 1961 non
3256 1881 3545 1961 'auferetis
3592 1881 3734 1959 colla

483 2004 925 2060 Christianorum
956 2010 1176 2057 maneat
1207 2001 1421 2057 alienus
1443 2039 1459 2066 ,
1508 1997 1753 2069 quandiu
1782 2006 1839 2051 et
1866 1995 1933 2050 ad
1965 2010 2061 2051 so-

485 2096 737 2151 cietatem
761 2092 964 2149 relictze
984 2089 1236 2162 conjugis
1265 2089 1474 2155 redeat,
1507 2096 1562 2142 et
1583 2094 1795 2157 partem
1832 2084 1917 2140 sui
1945 2098 2063 2139 cor-

486 2186 639 2257 poris
671 2186 903 2241 honesta
937 2182 1053 2254 lege
1088 2180 1332 2252 conjugii
1372 2178 1659 2235 sinceriter
1695 2175 2058 2246 amplectatur

484 2292 540 2338 et
566 2280 764 2338 foveat.
794 2279 860 2335 lli
890 2288 1076 2335 tamen
1105 2278 1197 2349 qui
1217 2277 1331 2348 jam
1362 2283 1487 2330 ante
1515 2272 1704 2328 moniti
1729 2286 1761 2326 a
1782 2270 2065 2327 sacerdote

488 2374 683 2442 semel,
705 2382 762 2429 et
789 2373 898 2440 bis,
921 2371 1217 2440 tertioque,
1248 2376 1312 2423 ut
1340 2366 1711 2437 corrigantur,
1738 2363 1808 2419 ad
1834 2362 2064 2418 charum

489 2480 604 2521 suae
629 2464 880 2535 conjugis
909 2463 1090 2519 redire
1119 2459 1394 2517 noluerint
1432 2456 1769 2512 consortium
1790 2494 1807 2519 ,
1847 2452 1953 2524 ipsi
2005 2468 2067 2509 se

490 2559 609 2616 suis
634 2557 869 2624 meritis,
901 2563 956 2611 et
984 2570 1015 2609 a
1037 2552 1292 2625 palatina:
1326 2547 1611 2619 dignitatis
1628 2545 1806 2601 oﬂicio
1836 2558 2064 2615 separa-

491 2652 648 2718 hunt,
683 2657 740 2706 et
773 2648 1001 2716 insuper
1046 2654 1328 2715 generosae
1357 2638 1639 2709 dignitatis
1666 2636 2064 2701 testimonium,

491 2740 739 2814 quandiu
794 2738 850 2794 in
878 2737 1041 2808 culpa
1076 2732 1301 2794 fuerint,
1324 2730 1607 2799 amissuri,
1661 2729 1792 2804 quia
1845 2743 2066 2786 carnem

494 2849 652 2893 suam
690 2830 903 2890 dissidii
927 2828 1123 2901 jugulo
1150 2825 1518 2882 tradiderunt.

1022 2937 1356 2995 EPISTOLA
1386 2937 1483 2992 lll.

572 3037 642 3094 Ut
673 3036 902 3092 vitentur
935 3032 1284 3087 detractiones
1309 3038 1359 3084 et
1401 3027 1618 3098 injustaz
1646 3024 1997 3095 pulsationes.

567 3130 875 3186 Alexander
905 3125 1220 3196 episcopus,
1258 3121 1518 3177 omnibus
1545 3118 1733 3174 divino
1758 3113 2067 3171 sacerdotio

2159 2011 2363 2067 vestra,
2402 2010 2458 2057 et
2501 1999 2857 2056 ambulabitis
2909 1997 3163 2069 superbi,
3205 1997 3462 2067 quoniam
3519 2004 3733 2065 tempus

2161 2094 2466 2165 pessimum
2506 2104 2609 2149 est.
2651 2091 2711 2147 ln
2741 2092 2828 2149 die
2855 2092 2945 2146 illa
2972 2099 3220 2146 sumetur
3249 2104 3412 2161 super
3438 2103 3535 2144 vos
3567 2103 3731 2157 para-

2161 2188 2311 2254 bola,
2336 2201 2391 2243 et
2409 2188 2719 2243 cantabitur
2744 2186 3021 2243 canticum
3053 2199 3178 2239 cum
3213 2183 3502 2249 suavitate,
3544 2180 3737 2236 dicen-

2163 2280 2299 2334 tium
2340 2277 2814 2349 :Depopulatione
2862 2276 3062 2333 vastati
3121 2291 3337 2340 sumus,
3378 2290 3507 2346 pars
3551 2274 3739 2345 populi

2164 2372 2269 2427 mei
2307 2380 2643 2427 commutata
2673 2379 2777 2427 est.
2813 2368 3108 2437 Quomodo
3140 2368 3351 2424 recedis
3389 2384 3420 2423 a
3450 2384 3575 2435 me,
3612 2383 3738 2422 cum

2164 2468 2494 2529 revertatur,
2528 2460 2625 2531 qui
2670 2460 2926 2530 regiones
2976 2465 3197 2512 nostras
3238 2456 3480 2511 dividat?
3521 2465 3745 2526 propter

2166 2553 2336 2623 quod,
2361 2567 2472 2607 non
2491 2551 2597 2606 erit
2617 2550 2712 2605 tibi
2730 2550 2953 2603 mittens
2978 2545 3307 2611 funiculum,
3336 2542 3496 2600 fortis
3517 2543 3573 2598 in
3595 2553 3740 2598 cmtu

2167 2643 2410 2698 Domini.
2445 2640 2525 2697 Ne
2558 2640 2861 2712 loquamini
2886 2642 3172 2711 loquentes
3199 2654 3215 2691 :
3246 2635 3366 2693 Non
3395 2636 3624 2693 stillabit
3648 2650 3741 2691 su-

2166 2749 2264 2806 per
2299 2735 2454 2801 istos,
2485 2746 2595 2787 non
2624 2730 3053 2801 comprehendet
3074 2727 3352 2793 confusio,
3380 2726 3515 2782 dicit
3552 2725 3742 2780 Domi-

2168 2840 2274 2879 nus
2304 2822 2496 2880 Jacoh.
2532 2820 2793 2892 Nunquid
2837 2819 3189 2875 abbreviatus
3231 2826 3317 2873 est
3364 2817 3588 2885 spiritus
3632 2813 3741 2868 Do-

2168 2915 2326 2981 mini,
2355 2923 2450 2969 aut
2472 2913 2609 2969 tales
2635 2920 2764 2969 sunt
2786 2910 3143 2981 cOgitationes
3170 2908 3333 2979 ejus?
3358 2906 3553 2962 Nonne
3578 2905 3740 2962 verba

2169 3022 2292 3061 mea
2328 3006 2471 3061 bona
2514 3013 2645 3061 sunt
2687 3019 2815 3060 cum
2861 3018 2950 3070 eo,
2985 3002 3083 3073 qui
3127 3014 3273 3057 recte
3306 3000 3593 3071 graditur?
3622 3009 3675 3054 et
3713 3014 3746 3053 e

2174 3096 2483 3161 contrario;
2519 3094 2756 3165 populus
2799 3108 2956 3148 meus
3001 3092 3057 3146 in
3101 3089 3476 3146 adversarium
3512 3103 3745 3144 consur-

497 3218 853 3294 fungentibus
881 3180 987 3287 pax
1015 3222 1071 3270 et
1097 3180 1501 3268 lmi'sericordia
1552 3206 1969 3276 multiplicetur,
2019 3212 2073 3259 et
2100 3213 2143 3271 c
2174 3188 2607 3294 rem-"Desuper
2638 3186 2822 3294 ῐξξηίαι
2848 3186 3074 3256 Pallium
3104 3184 3428 3286 διιδξυιίειὶεν
3462 3192 3514 3238 ει
3537 3198 3630 3237 eos
3652 3180 3747 3251 qui

500 3312 767 3385 sapientia
789 3317 951 3380 atque
976 3305 1120 3361 bona
1157 3302 1411 3359 voluntas
1441 3300 1497 3355 in
1523 3296 1781 3355 omnibus
1812 3303 2074 3366 augeatur

502 3418 559 3464 et
579 3401 939 3462 frnctiiicetur
964 3399 1022 3453 in
1044 3394 1299 3451 Domino.

575 3516 597 3553 ι
642 3494 829 3554 Gratia
856 3490 955 3548 Dei
981 3503 1199 3555 sumus,
1233 3486 1432 3542 fratres
1467 3478 1806 3547 charissimi,
1842 3477 1894 3533 id
1926 3476 2076 3548 quod

501 3603 694 3646 sumus
724 3585 791 3639 “.
824 3602 846 3636 ο
875 3580 1087 3639 Idcirco
1122 3577 1286 3634 nobis
1322 3573 1720 3647 providendum
1746 3580 1853 3636 est,
1893 3579 1947 3625 et
1977 3584 2079 3640 0p-

498 3680 630 3754 pido
663 3673 1081 3738 decertandum,
1107 3685 1176 3725 ne
1203 3670 1261 3724 in
1293 3683 1355 3723 ea
1381 3664 1542 3722 vacui
1576 3663 1943 3729 inveniamur,
1958 3661 2075 3725 sed,

498 3752 691 3830 eadem
720 3767 882 3825 nobis
930 3770 1261 3834 cooperante
1310 3759 1507 3831 gratia,
1555 3756 1797 3812 fructum
1842 3752 2079 3809 Domino

499 3862 799 3935 plurimum
824 3864 1189 3928 reportamus.
1217 3851 1373 3919 Quod
1400 3850 1560 3905 aliter
1591 3847 1708 3903 ﬁeri
1739 3861 1850 3902 non
1876 3852 2079 3916 potest,

500 3954 610 4010 nisi
630 3949 953 4022 sapientiam
981 3944 1327 4011 sectanda“,
1342 3941 1572 4013 ejusque
1592 3949 1863 4010 praecepta
1894 3937 2082 3992 lectio-

502 4045 668 4101 nibus
686 4052 742 4100 et
770 4040 986 4114 hymnis
1008 4034 1347 4098 meditando,
1372 4042 1541 4103 atque
1563 4046 1629 4086 eo
1655 4028 2084 4084 adminiculante

504 4134 806 4207 implendo,
836 4130 1070 4194 orando,
1098 4125 1403 4199 vigilando,
1436 4123 1771 4178 voluntatem
1816 4119 1973 4190 ejus,
2023 4119 2081 4173 in

506 4235 775 4298 quantum
801 4226 921 4295 ipse
948 4221 1181 4292 largitus
1210 4217 1400 4280 fuerit,
1435 4214 1697 4286 perlicere
1736 4213 2081 4269 Studeamus.

504 4314 617 4370 Nec
639 4314 783 4368 enim
806 4309 1183 4381 negligendam
1200 4305 1435 4378 gratiam
1452 4304 1613 4358 nobis
1636 4302 1900 4357 Dominus
1912 4301 2081 4366 dedit,

507 4408 602 4463 sed
629 4406 859 4461 fideliter
884 4406 1247 4460 exercendam
1275 4399 1491 4456 tribuit.
1525 4397 1752 4454 Dilectio
1780 4398 1927 4453 enim
1965 4397 2084 4453 sine

508 4497 858 4554 simulatione
886 4495 941 4549 in
984 4492 1144 4549 nobis
1171 4507 1295 4548 esse
1324 4500 1381 4547 et
1425 4504 1690 4560 apparere
1732 4488 1925 4555 debet;
1954 4489 2081 4559 quia

2176 3280 2487 3336 transibant
2515 3278 2859 3349 simpliciter,
2899 3273 3253 3333 convertistis
3289 3275 3345 3329 in
3378 3274 3582 3329 bellum
3609 3274 3676 3327 “.
3721 3290 3741 3324 ι

2176 3372 2244 3428 Et
2268 3388 2297 3427 e
2324 3380 2536 3438 contra,
2570 3370 2642 3427 de
2672 3370 2757 3425 bis
2778 3370 2873 3441 qui
2904 3379 3238 3424 accusantur
3269 3368 3355 3424 vel
3395 3367 3747 3427 tribulantur,

2176 3480 2275 3535 per
2305 3461 2522 3518 Nahum
2548 3462 2869 3532 prophetam
2904 3459 3229 3517 confortans
3254 3475 3373 3526 eos,
3406 3459 3486 3514 sic
3510 3457 3752 3528 loquitur

2178 3555 2483 3611 Dominus:
2525 3572 2545 3605 ι
2576 3553 2766 3609 Bonus
2798 3550 3088 3617 Dominus,
3118 3560 3175 3607 et
3218 3549 3538 3607 confortans
3566 3550 3621 3603 in
3656 3547 3745 3602 die

2180 3644 2570 3711 tribulationis,
2597 3652 2650 3699 et
2670 3643 2851 3699 sciens
2879 3650 3162 3712 sperantes
3191 3640 3245 3695 in
3273 3655 3351 3696 se.
3381 3640 3447 3694 Et
3474 3636 3752 3694 indiluvio

2180 3743 2542 3808 praetereunte
2584 3732 3116 3790 consummationem
3157 3730 3321 3787 faciet
3374 3730 3482 3785 loci
3522 3729 3662 3801 ejus,
3698 3737 3755 3783 et

2181 3828 2437 3883 inimicos
2466 3826 2585 3896 ejus
2611 3830 3013 3894 persequentur
3044 3821 3300 3876 tenebrae.
3332 3817 3474 3886 Quid
3503 3817 3756 3888 cogitatis

2182 3928 2378 3977 contra
2412 3916 2748 3974 Dominum?
2797 3912 3346 3970 Consummationem
3398 3912 3517 3982 ipse
3568 3909 3755 3966 faciet.

2182 4010 2305 4067 Non
2352 4016 2651 4080 consurget
2689 4006 2889 4077 duplex
2916 4004 3237 4071 tribulatio;
3267 4002 3398 4075 quia
3423 4004 3567 4059 sicut
3586 4002 3758 4073 spina:

2184 4121 2244 4161 se
2270 4104 2503 4160 invicem
2529 4100 2983 4171 complectuntur,
3008 4098 3087 4154 sic
3102 4097 3411 4153 convivium
3447 4110 3635 4151 eorum
3662 4108 3759 4164 pa-

2186 4198 2321 4254 riter
2365 4194 2711 4267 potantium;
2743 4202 3145 4248 consumentur
3166 4189 3324 4260 quasi
3353 4188 3553 4257 stipula
3585 4184 3758 4241 aridi.-

2187 4299 2299 4346 tate
2332 4288 2512 4360 plena.
2565 4284 2648 4339 Ex
2694 4293 2746 4339 te
2767 4282 2941 4339 exibit
2967 4282 3216 4353 cogitans
3247 4290 3438 4336 contra
3464 4278 3760 4333 Dominum

2187 4380 2476 4443 malitiam,
2498 4384 2680 4432 mente
2706 4381 3051 4444 pertractans
3080 4370 3605 4442 praevaricationem.
3635 4365 3762 4422 Haec

2187 4473 2320 4529 dicit
2358 4469 2668 4525 Dominus:
2706 4466 2764 4520 Si
2798 4464 3025 4537 perfecti
3057 4463 3287 4530 fuerint,
3316 4471 3372 4517 et
3418 4462 3492 4517 ita
3524 4461 3708 4530 plures
3742 4474 3757 4511 :

513 4614 533 4644 ι
575 4588 758 4646 omnis
798 4587 893 4657 qui
944 4584 1061 4641 odit
1082 4584 1125 4616 ¹⁶
1159 4581 1380 4636 fratrem
1413 4550 1596 4647 sntim,
1628 4550 1921 4636 homicida
1954 4550 2080 4634 est:
2114 4550 2162 4610 Ῑ)
2187 4565 2267 4621 sic
2308 4576 2528 4633 quoque
2566 4558 2939 4623 attondeutur,
2971 4565 3027 4611 et
3056 4554 3429 4626 pertransibit.
3463 4550 3642 4606 Atilixi
3686 4559 3761 4616 te,

507 4681 606 4754 qui
633 4696 765 4737 vero
801 4679 979 4751 diligit
1022 4692 1171 4743 eum,
1227 4676 1282 4731 in
1337 4673 1451 4729 Deo
1484 4682 1692 4738 manet,
1727 4680 1782 4727 et
1826 4671 1971 4727 Deus
2023 4669 2081 4724 in

507 4789 576 4829 eo
606 4773 670 4827 π.
718 4791 737 4823 ι
771 4769 930 4825 Unde
965 4776 1022 4823 et
1060 4766 1359 4838 Apostolus
1398 4766 1475 4819 ait
1504 4781 1518 4819 :
1558 4780 1577 4814 ι
1608 4761 1789 4818 Nolite
1835 4762 2085 4832 judicare

433 4922 435 4927 ι
507 4868 708 4923 fratres
730 4863 987 4928 invicem,
1017 4861 1113 4916 sed
1151 4860 1257 4914 hoc
1276 4857 1516 4929 judicate
1542 4855 1737 4925 magis,
1774 4870 1841 4909 ne
1868 4852 2084 4923 ponatis

424 4997 430 5005 ρ
507 4956 898 5014 oil'endiculum
923 4952 1079 5008 fratri
1103 4950 1188 5006 vel
1214 4948 1533 5005 scandalum
1571 4946 1639 5002 ¹⁸.
1678 4963 1697 4997 ι
1725 4944 1787 4999 Et
1820 4942 2086 4998 Dominus

510 5051 724 5122 inquit:
745 5069 764 5102 ι
785 5047 943 5115 Quod
964 5045 1063 5101 tibi
1096 5059 1204 5098 non
1236 5042 1321 5097 vis
1343 5040 1483 5104 ﬁeri,
1510 5037 1666 5093 alteri
1690 5052 1759 5091 ne
1796 5034 2078 5089 facias’m

506 5142 577 5199 Et
599 5141 730 5198 alibi
763 5159 778 5195 :
809 5158 829 5191 ι
855 5137 914 5192 ln
939 5137 1042 5191 hoc
1068 5140 1405 5204 cognoscent
1428 5143 1620 5185 omnes
1645 5126 1776 5196 quia
1805 5126 1912 5179 mei
1951 5122 2086 5178 estis

509 5230 788 5302 discipuli,
822 5228 868 5285 si
893 5225 1242 5282 dilectionem
1281 5220 1586 5276 habueritis
1611 5218 1680 5271 ad
1703 5214 1936 5270 invicem
1958 5212 2027 5266 '°.
2062 5230 2082 5263 ι

472 5330 475 5331 ⁷
509 5326 578 5381 Et
600 5324 861 5379 Salomon
883 5320 994 5375 ait:
1016 5336 1035 5369 ι
1060 5314 1405 5371 Sacriﬁcium
1422 5312 1662 5366 salutare
1680 5315 1784 5373 est,
1808 5303 2089 5359 attendere

511 5414 809 5481 mandatis,
858 5422 914 5468 et
961 5408 1245 5466 discedere
1296 5405 1366 5460 ab
1424 5402 1575 5458 omni
1626 5397 1915 5468 iniquitate
1961 5396 2027 5449 ²¹.
2062 5412 2081 5445 ι

597 5557 643 5588 ¹⁰
682 5570 785 5609 ms.
831 5565 984 5612 xvm,
1018 5561 1195 5616 neque
1223 5552 1307 5616 est
1350 5544 1406 5616 in
1458 5538 1642 5616 fastis_
1658 5548 1892 5616 sequens
1918 5548 2029 5616 pan;
2048 5535 2360 5616 consulum.

1550 5610 1591 5640 ιδ
1621 5610 1642 5661 l
1667 5602 1797 5660 Cor.
1828 5602 1933 5669 xv,
1964 5602 2049 5657 lO.
2131 5605 2172 5637 ¹⁸
2199 5604 2484 5659 scrutando
2515 5605 2614 5666 ita,
2646 5609 2776 5660 etc.,
2810 5614 2913 5669 ms.
2960 5602 3165 5648 noster.

515 5629 560 5659 ¹³
589 5626 843 5680 mendosa
878 5621 1065 5674 itidem
1099 5614 1451 5682 Subscriptio.

512 5697 671 5751 Joan.
703 5709 785 5758 ιιι,
818 5691 903 5745 15.
996 5687 1038 5719 ³⁸
1064 5686 1220 5758 Boni.
1247 5699 1360 5758 _XI\L,
1390 5683 1477 5736 l5.

1555 5682 1598 5712 ¹⁹
1620 5677 1757 5732 Tol).
1796 5689 1868 5739 tv,
1906 5672 1993 5727 16.
2071 5674 2114 5704 ¹⁰
2139 5674 2298 5730 Joan.
2332 5692 2453 5739 xm,
2486 5674 2574 5727 55.

2189 4668 2245 4714 et
2290 4673 2396 4712 non
2432 4653 2668 4724 ailligam
2714 4660 2767 4706 te
2806 4650 2948 4706 ultra
2980 4650 3048 4703 “.
3085 4667 3103 4700 ι
3136 4646 3320 4702 Facile
3371 4653 3477 4712 est,
3531 4642 3756 4708 fratres,

2190 4749 2358 4806 verbo
2384 4746 2571 4802 fallere
2620 4743 2922 4809 hominem,
2954 4742 2999 4772 ⁸⁷
3030 4739 3126 4796 sed
3159 4754 3269 4794 non
3304 4736 3500 4792 Deum.
3533 4734 3764 4804 Sapiens

2191 4859 2300 4899 non
2324 4851 2406 4897 est
2437 4839 2531 4910 qui
2563 4846 2756 4903 nocet,
2808 4850 2907 4891 nec
2943 4833 3024 4887 vir
3062 4832 3347 4901 linguosus
3376 4829 3432 4883 in
3463 4828 3668 4881 malum
3705 4839 3765 4879 se

2191 4939 2389 5007 diriget
2409 4936 2462 4989 in
2482 4942 2649 4988 terra.
2673 4928 2823 4983 Nihil
2846 4943 2979 4983 vero
3010 4925 3138 4981 mali
3171 4924 3305 4989 vult,
3335 4922 3429 4992 qui
3460 4919 3635 4974 fidelis
3656 4926 3762 4972 est.

2187 5030 2331 5086 Malo
2366 5029 2511 5085 enim
2542 5036 2597 5083 et
2626 5040 2795 5097 pravo
2839 5020 3061 5093 ingenio
3102 5018 3237 5073 ﬁdes
3269 5016 3445 5071 aliena
3468 5022 3573 5068 est.
3598 5011 3645 5042 ’⁸
3676 5012 3767 5064 Ait

2184 5123 2332 5180 enim
2360 5121 2655 5192 Apostolus
2685 5118 2752 5174 de
2782 5114 3081 5171 infidelium
3114 5107 3419 5180 ignorantia
3453 5125 3465 5160 :
3495 5124 3512 5157 ι
3539 5103 3596 5158 Si
3619 5103 3767 5157 enim

2184 5215 2592 5285 c0gnovissent,
2620 5222 2902 5280 nunquam
2930 5204 3221 5259 Dominum
3253 5200 3438 5272 gloria:
3461 5194 3769 5253 cruciﬁxis-

2187 5318 2309 5362 sent
2336 5307 2404 5359 ³⁸.
2447 5324 2465 5357 ι
2494 5302 2838 5370 Cruciiigunt
2870 5297 3018 5353 enim
3054 5294 3371 5358 Dominum,
3404 5290 3498 5361 qui
3535 5302 3660 5343 eum
3707 5285 3766 5339 in

2187 5397 2562 5454 sacerdotibus
2582 5394 2698 5450 suis
2732 5399 3157 5463 persequuntur,
3190 5386 3317 5457 quia
3348 5398 3483 5437 crux
3512 5396 3543 5434 a
3565 5377 3769 5435 crucia-

3240 5524 3284 5555 ι’
3314 5514 3429 5571 Jul.
3486 5513 3764 5585 Africano.

3266 5594 3310 5623 “
3339 5584 3593 5643 detrahit.
3673 5585 3712 5614 "
3750 5584 3769 5636 ι

2683 5670 2721 5700 ²¹
2758 5668 2924 5722 Eccli.
2968 5681 3147 5727 xxxv,
3180 5664 3234 5717 ἓ.
3312 5664 3357 5693 ’³
3391 5660 3444 5725 6,

2457 5535 2498 5565 ¹¹
2543 5514 2771 5586 ’Τνὶαηο
2798 5538 2847 5584 et
2886 5526 3137 5583 Heliano.

3515 5665 3666 5712 umst.
3704 5654 3728 5707 1
3753 5670 3766 5705 :

515 5730 1035 5829 :Sji‘tiintainiq’uitas.
1112 5757 1158 5788 ³³
1189 5757 1207 5807 l
1240 5730 1516 5829 Jtiililtlll,
1784 5730 1984 5829 Ephes:
2016 5759 2068 5808 ν,

2231 5748 2273 5779 ³⁵
2298 5730 2460 5799 ΜίεΙί.
2492 5759 2549 5804 ιι,
2585 5741 2700 5805 1-8,
2731 5755 2797 5829 εξ
2822 5740 3048 5829 interpr;
3079 5734 3135 5787 S.
3168 5734 3314 5788 llier.
3351 5733 3438 5829 l:
3460 5730 3701 5829 Naglipi‘n.
3727 5739 3769 5783 ι.

2214 5815 2252 5829 n
2303 5816 2348 5829 η·
2398 5816 2406 5825 ι
2444 5816 2453 5824 ·
2504 5823 2543 5829 ,ν
2745 5811 2764 5829 1
2822 5823 2949 5829 -..ιηιι
3051 5807 3129 5829 ἒ...
3179 5821 3212 5829 .-
3269 5821 3292 5829 ,-
3670 5809 3745 5829 ΔΙ·

517 5811 963 5897 τῖἠίξξὴἒιί-Ηιει.
990 5828 1217 5896 interpr.
1294 5825 1338 5857 ’τ
1362 5811 1678 5879 Υἱόεδειιι.
1701 5815 1841 5872 Sixti
1862 5811 2091 5885 Pytliag.
2120 5833 2184 5873 ex
2214 5815 2411 5871 Bullini
2442 5816 2669 5882 interpr.

516 5921 581 5969 tt.
614 5910 668 5958 ὅ.

2745 5810 2789 5841 ⁸⁸
2817 5796 3239 5875 c011c:Hisp.tt,
3265 5821 3317 5859 c.
3351 5803 3437 5858 I5.
3514 5801 3557 5831 ¹⁹
3582 5800 3607 5852 1
3637 5796 3770 5849 Cor.
