4142 6380
416 315 555 372 1073
1611 319 1793 377 SIXTI
1825 321 1845 376 Ι
1880 322 2052 379 ΡΑΡᾹ

2020 324 2086 379 AS
2116 324 2497 383 EPISTOLA'I.
3520 325 3656 385 1074

418 446 475 490 tu
510 435 730 491 dicitur.
758 435 804 468 “
828 434 1084 510 Magnum
1109 453 1239 495 vero
1276 439 1582 496 cruciatum
1620 444 1874 509 sustinet,
1892 444 1987 513 qui
2016 452 2063 508 Α
2092 456 2160 502 ne
2190 447 2415 503 veniens
2459 446 2838 517 unusquisque
2870 446 2937 501 ad
2964 444 3261 517 judicium,
3296 460 3487 516 poenas
3525 460 3652 501 cum

419 528 530 582 vim
562 528 787 597 patitur.
818 526 923 583 Sed
960 538 1169 597 tamen,
1201 549 1221 583 ι
1250 531 1395 586 beati
1422 533 1516 603 qui
1549 534 1983 601 persecutionem
2094 539 2275 608 impiis
2323 538 2567 607 recipiat,
2618 538 2713 592 sed
2755 553 2881 593 cum
2926 539 3092 608 justis
3120 538 3369 607 gloriam.
3407 537 3453 570 ³³
3494 534 3653 605 Quod

415 620 702 689 patiuntur
729 630 950 690 propter
989 621 1262 691 justitiam
1279 624 1378 679 ἰ.»
1398 654 1467 663 -
1484 643 1505 676 ι
1533 623 1692 691 Ecce,
1716 624 1793 680 ait
1819 624 1989 681 ludas
2090 630 2213 699 pius
2236 626 2499 683 Dominus
2520 637 2779 697 przestare
2800 627 3075 698 dignetur,
3107 626 3202 696 qui
3236 626 3370 681 vivit
3387 636 3442 681 et
3461 633 3657 697 regnat

417 713 704 783 apostolus
725 714 793 779 ³³,
818 715 1002 770 veniet
1028 714 1295 772 Dominus
1320 718 1375 771 in
1400 717 1640 774 millibus
1666 718 1782 774 suis
1811 716 1990 773 facere
2088 736 2185 791 per
2216 720 2414 776 saecula
2449 731 2662 775 cuncta.

412 805 706 877 judicium,
732 814 788 861 et
810 807 1034 875 perdere
1059 821 1250 863 omnes
1278 808 1497 878 impios,
1522 818 1577 865 et
1600 823 1833 880 arguere
1861 824 1951 863 om
1969 839 1986 849 -
2162 811 2295 867 Data
2329 811 2555 867 Kalend.
2579 809 2729 877 Maii,
2751 807 2967 867 ΔΞιίωο
2989 816 3043 865 et
3074 806 3268 866 Vetere
3297 807 3431 865 viris
3452 807 3650 866 claris-

416 912 539 951 nem
552 911 797 963 carnem,
812 898 879 953 de
891 899 1147 955 omnibus
1161 900 1419 971 operibus
1431 901 1725 973 impietatis
1738 916 1950 958 eorum.
1963 919 1983 954 ι
2092 906 2246 963 simis
2271 905 2591 962 consulibus
2618 904 2685 961 ³⁸.

415 987 562 1055 Hac,
596 988 817 1059 fratres,
861 990 1020 1047 valde
1053 990 1295 1048 timenda
1333 1000 1464 1048 sunt
1500 1003 1552 1051 et
1581 991 1986 1065 perpendenda,

415 1169 511 1232 Ex
570 1170 851 1254 decretis
910 1173 1263 1254 Alexandri
1324 1176 1557 1254 papaal
1624 1177 1982 1239 secundum
2016 1174 2417 1254 Gratianum.
2475 1174 2553 1235 Ut
2602 1188 2793 1254 nemo
2821 1170 3016 1254 simul
3070 1172 3155 1234 sit
3225 1176 3554 1254 accusator
3586 1176 3652 1232 et

498 1250 725 1324 testis;
764 1251 1113 1333 excodice
1149 1249 1442 1332 quinque
1478 1254 1793 1333 librorum
1825 1255 2039 1332 libari,
2075 1272 2213 1333 cap.
2246 1252 2328 1314 C:
2358 1258 2427 1315 ut
2463 1252 2796 1330 presbyter
2826 1250 2913 1316 ab
2941 1250 3333 1315 incestuosis
3371 1249 3640 1312 xeuium

496 1345 627 1390 non
670 1329 985 1408 accipiat,
1024 1337 1093 1393 ut
1137 1329 1361 1395 eorum
1391 1330 1637 1395 scelera
1666 1329 1951 1397 reticeat.

487 1489 559 1547 Ut
605 1491 789 1547 nullus
845 1492 1132 1564 presbyter
1179 1493 1436 1560 xenium,
1490 1494 1581 1553 vel
1622 1496 1989 1567 quodcunque
2088 1503 2227 1564 ctet;
2256 1510 2359 1550 nec
2390 1509 2421 1550 a
2450 1507 2728 1566 quoquam
2760 1492 3059 1562 pmnitente
3083 1491 3472 1563 gratiam,,ant
3499 1490 3657 1546 favo-

413 1584 845 1640 emolumentum
881 1584 1199 1655 temporale,
1238 1585 1351 1640 imo
1392 1586 1785 1645 detrimentum
1822 1587 1986 1658 spiri-
2089 1603 2228 1653 rem,
2270 1586 2358 1642 vel
2396 1601 2599 1641 munus
2644 1584 2923 1655 suscipere
2971 1592 3299 1656 praesumat,
3352 1591 3415 1638 ut
3472 1582 3656 1638 minus

411 1678 581 1745 tuale,
614 1693 645 1732 a
673 1693 1007 1749 quocunque
1022 1678 1241 1749 publico
1266 1679 1353 1736 vel
1385 1680 1700 1740 incestuoso
1729 1682 1982 1751 accipiat,
2087 1679 2249 1750 digne
2280 1678 2635 1750 pmnitcntem
2664 1677 2732 1733 ad
2769 1676 3279 1732 reconciliationem
3318 1676 3575 1740 adducat,
3606 1684 3661 1731 et

412 1772 643 1828 utnobis
660 1772 740 1826 vel
757 1770 1025 1826 ministris
1044 1770 1247 1827 nostris
1261 1780 1543 1837 peccatum
1557 1772 1705 1829 illius
1720 1772 1981 1841 reticeat;
2014 1804 2062 1865 Β
2085 1771 2136 1826 ei
2157 1771 2530 1826 testimonium
2562 1768 3030 1824 reconciliationis
3052 1768 3217 1836 ferat,
3248 1777 3304 1825 et
3325 1782 3656 1839 quocunque

412 1880 513 1920 nec
534 1862 776 1935 profecto
798 1863 1178 1933 cujuscunque
1200 1878 1473 1933 personae,
1491 1873 1585 1919 aut
1600 1864 1986 1936 consanguini-
2014 1860 2053 1907 έ
2090 1862 2260 1918 livore
2282 1863 2450 1917 alium
2467 1860 2765 1930 quemlibet
2786 1862 3004 1935 dignius
3030 1862 3389 1932 pmnitentem
3414 1875 3443 1915 a
3462 1875 3656 1916 recon-

411 1958 655 2025 tatis,vel
668 1956 1074 2023 familiaritatis,
1093 1955 1285 2011 alienis
1300 1956 1984 2027 communicanspeccatis,
2091 1952 2366 2010 ciliatione
2390 1962 2704 2021 removeat;
2737 1955 2867 2023 quia
2896 1954 3001 2018 hoc
3026 1951 3427 2021 Simoniacum,
3461 1959 3517 2007 et
3546 1949 3658 2007 Deo

410 2047 515 2103 boc
548 2048 708 2105 nobis
743 2049 828 2105 vel
872 2048 1137 2105 ministris
1176 2047 1381 2105 nostris
1417 2049 1759 2104 innotescere
1806 2048 1985 2103 detre-
2090 2055 2147 2103 et
2172 2045 2333 2102 bonis
2363 2046 2677 2103 hominibus
2712 2046 3082 2102 abominabile
3104 2053 3207 2101 est.

477 2182 528 2215 ⁸⁸
556 2183 611 2248 5,
660 2198 716 2252 q.
746 2182 807 2236 1:
864 2180 1020 2235 Nulli
1088 2181 1325 2237 dubium.
1402 2182 1444 2214 ³¹
1487 2180 1678 2236 Matth.
1731 2197 1785 2248 v,
1830 2181 1883 2235 8.
1950 2182 2005 2252 ξ’
2036 2180 2113 2236 He

2036 2180 2260 2236 Henoch
2313 2182 2456 2252 apud
2508 2180 2728 2247 ludam,
2768 2181 2943 2250 v.14,
2999 2182 3086 2238 15.
3163 2179 3212 2213 ³⁸
3241 2177 3500 2238 Clausula
3543 2192 3660 2235 ser-

410 2267 636 2308 monum
668 2250 726 2307 S.
757 2252 1067 2325 Augustini.
1145 2253 1191 2284 ³⁴
1214 2270 1301 2308 an.
1339 2253 1464 2319 116,
1493 2254 1705 2307 vivente
1740 2252 1921 2307 adhuc
1949 2250 2221 2319 Evaristo,
2256 2250 2512 2308 consules
2554 2252 2796 2308 fuerunt.

1254 2562 1940 2725 SIXTUS
1992 2566 2156 2811 _I
2285 2555 2779 2716 PAPA

1801 2893 2315 2989 NOTITIA

414 3074 526 3135 (Ex
558 3071 706 3122 Libro
729 3072 997 3134 pontiﬁcali
1024 3072 1218 3123 Damasi
1241 3084 1502 3139 pa_paa_._ap._
1526 3071 1698 3139 MAESI,
1726 3069 1992 3139 Cpucjl.,_l,
2016 3069 2125 3139 βω.
2150 3070 2740 3139 -Χθ-ςεξξ-ιθοὶῇοῃβξ-θς.
2758 3074 2904 3121 notas
2922 3070 2982 3121 ad
3006 3072 3139 3121 hunc
3162 3070 3324 3121 locum
3348 3070 3483 3123 Libri
3505 3071 3673 3135 ponti-

1284 3132 1438 3183 ﬁcalis
1454 3132 1572 3182 'vide
1601 3132 1899 3198 Patrologia:
1931 3132 2113 3185 Latina:
2136 3139 2176 3182 t.
2202 3132 2431 3195 CXXVII,
2455 3135 2550 3183 col.
2571 3132 2737 3195 1159.)

415 2389 3654 2439 ω

485 3279 676 3337 Sixtus
706 3281 944 3350 natione
974 3279 1285 3345 Romanus,
1330 3294 1400 3350 ex
1449 3290 1603 3350 patre
1626 3279 1887 3345 Pastore,
1936 3279 2005 3335 de
2051 3278 2273 3350 regione
2301 3278 2401 3336 Via
2450 3280 2593 3347 lata,
2639 3280 2780 3337 sedit
2818 3295 2993 3337 annos
3036 3281 3245 3348 decem,
3285 3297 3501 3339 menses
3534 3291 3665 3345 tres,

485 3297 676 3337 mxtus
719 3297 944 3336 natione
974 3297 1285 3345 nomanus,
1331 3297 1400 3334 ex
1449 3297 1603 3350 patre
1628 3297 1887 3345 raswre,
1936 3297 2005 3335 ue
2051 3297 2111 3333 re
2152 3297 2273 3335 Ione
2311 3297 2401 3336 vna
2452 3297 2593 3347 tata,
2639 3297 2780 3337 seuit
2818 3297 2993 3337 annos
3036 3297 3245 3348 aecem,
3285 3297 3501 3339 menses
3534 3297 3665 3345 tres,

413 3352 530 3407 dies
560 3352 652 3405 2l.
703 3349 829 3405 Fuit
878 3359 1057 3404 autem
1109 3349 1448 3419 temporibus
1489 3349 1752 3414 Adriani,
1805 3364 1982 3419 usque
2020 3350 2093 3421 ad
2114 3297 2326 3405 %erum
2373 3359 2428 3404 et
2472 3351 2845 3421 Anniculuny
2898 3352 3162 3421 martyrio
3207 3361 3523 3407 coronatur.
3569 3352 3669 3407 Hic

414 3421 728 3486 constituit,
758 3430 817 3475 ut
852 3418 1416 3492 ministeriasac‘rata
1440 3418 1949 3492 non_tangerentur,
1978 3419 2085 3474 nisi
2112 3436 2149 3492 _a
2182 3420 2451 3492 ministris
2494 3420 2744 3492 sacratis.
2783 3418 2898 3492 Hic,
2914 3418 3232 3487 constituit,
3264 3430 3324 3477 ut
3352 3422 3668 3492 quicunque

413 3493 702 3561 episcopus
737 3501 997 3562 evocatus
1034 3489 1201 3562 fuerit
1229 3489 1297 3562 ad
1327 3490 1510 3562 sedem
1546 3487 1851 3562 Romanam
1892 3489 2284 3562 apostolicam,
2322 3489 2643 3562 rediens_ad
2675 3489 2995 3562 parochiam
3041 3506 3195 3562 suam
3217 3532 3231 3556 ,
3262 3487 3387 3545 non
3420 3487 3668 3562 suscipe-

413 3558 734 3626 retur,_nisi
761 3576 885 3616 cum
917 3560 1168 3615 formatis
1197 3559 1546 3614 salutationis
1583 3560 1652 3615 ad
1681 3559 1890 3628 plebem
1930 3558 1963 3613 a
1994 3560 2122 3616 sede
2150 3559 2469 3629 apostolica.
2503 3558 2592 3629 (Et
2618 3558 2935 3629 censtituit,
2976 3568 3035 3613 ut
3062 3561 3371 3629 missarum
3393 3558 3666 3617 actionem

413 3631 698 3688 sacerdote
728 3631 1040 3700 incipiente,
1071 3631 1303 3700 populus
1332 3630 1593 3700 hymnum
1624 3627 1941 3700 decantaret
1969 3647 1983 3683 :
2017 3648 2036 3679 ί
2064 3627 2319 3693 Sanctus,
2340 3627 2585 3695 sanctus,
2614 3637 2839 3700 sanctus
2892 3627 3157 3685 Dominus
3184 3630 3328 3686 Deus
3353 3628 3615 3698 Sabaoth,
3644 3651 3665 3684 ι

413 3702 589 3774 etc.)i_
620 3701 721 3756 Hic
749 3698 874 3774 fecit
902 3698 1275 3774 ordinationes
1303 3698 1413 3774 t_res
1426 3715 1534 3774 per
1568 3714 1809 3774 mensem
1835 3698 2208 3774 Decembrem,
2242 3699 2890 3774 presbyterosundecim,
2906 3700 3173 3774 diaconos
3205 3710 3343 3774 tres,
3377 3702 3667 3774 episcopos

413 3768 754 3896 Eer'diversa
787 3772 905 3852 loca
935 3779 1203 3852 quatuora
1232 3768 1333 3836 Qui
1368 3768 1533 3826 etiam
1569 3769 1815 3840 sepultus
1847 3780 1934 3825 est
1969 3769 2127 3840 juxta
2164 3768 2365 3840 corpus
2396 3768 2540 3825 beati
2571 3768 2715 3825 Petri
2752 3769 2809 3825 in
2843 3769 3130 3837 Vaticano,
3160 3787 3259 3826 vm
3291 3768 3427 3828 ldus'
3446 3768 3667 3843 Aprilis.

463 3851 483 3896 t
516 3851 751 3896 cessavit
777 3850 1124 3896 emscooatus
1150 3840 1270 3896 dies
1297 3840 1355 3895 2.

516 3842 751 3899 cessavit
777 3840 1124 3913 episcopatus
1150 3840 1270 3898 dies
1297 3840 1355 3895 2.

425 3996 3623 4023 ww

1513 4136 1946 4287 SIXTI
2025 4154 2079 4279 Ι
2170 4148 2618 4279 ΡΑΡᾸΕ

1647 4391 2429 4517 ΕΡΙΞΤΟΙΛΕ.

1525 4608 1719 4674 (ΜΑΝδι,
1751 4602 1931 4657 Concil.
1954 4597 2159 4657 collect,
2185 4606 2219 4648 t.
2249 4598 2290 4660 Ι,
2309 4600 2406 4649 col.
2432 4596 2565 4662 649.)

829 4791 1170 4855 EPISTOLA
1202 4788 1421 4845 PRIMA
1451 4787 1586 4859 (M).
2019 4791 2063 4848 (ἶ.
2095 4792 2148 4839 et
2170 4797 2281 4837 non
2304 4779 2549 4835 infideles
2574 4776 2947 4833 inveniamini.
2980 4774 3157 4832 Nolite
3193 4775 3398 4831 imitari
3434 4776 3674 4843 malum,

801 4903 868 4942 an
907 4901 1079 4942 omnes
1114 4899 1331 4940 cumsrr
1368 4897 1610 4938 nosces.
2102 4874 2194 4930 sed
2220 4872 2365 4943 quod
2383 4871 2587 4926 bonum
2604 4876 2687 4924 est
2705 4868 2847 4941 agite
2872 4884 2886 4921 :
2910 4867 3049 4939 quia
3069 4868 3163 4938 qui
3185 4882 3251 4923 ex
3281 4867 3394 4923 Deo
3411 4877 3514 4933 est,
3539 4868 3678 4923 bene

728 4979 804 5035 De
840 4980 942 5048 [ide
982 4987 1032 5033 et
1070 4979 1405 5031 accusatione
1444 4974 1693 5045 episcopi.
2104 4964 2262 5030 facit;
2294 4963 2388 5033 qui
2424 4971 2603 5017 autem
2639 4962 2800 5026 male,
2825 4976 2935 5015 non
2966 4974 3036 5015 ex
3066 4957 3197 5024 Deo,
3226 4957 3323 5015 sed
3360 4973 3430 5014 ex
3454 4959 3678 5014 diabolo

494 5068 761 5127 Omnibus
811 5071 867 5125 in
904 5069 1018 5125 Deo
1060 5067 1221 5123 Patre
1269 5077 1325 5124 et
1375 5066 1607 5122 Domino
1649 5072 1839 5119 nostro
1866 5060 1997 5117 Jesu
2098 5066 2201 5113 est.
2228 5054 2419 5111 Fidem
2449 5053 2593 5109 enim
2628 5060 2829 5107 rectam
2862 5066 2962 5107 vos
3002 5060 3185 5107 tenere
3220 5058 3455 5120 oportet,
3487 5062 3548 5105 ut
3570 5049 3681 5106 disi

422 5163 643 5219 Christo
662 5162 873 5219 dilectis
898 5160 1179 5226 fratribus,
1209 5148 1265 5214 in
1289 5159 1558 5214 charitate
1578 5155 1795 5210 Domini
1825 5153 2000 5208 nostri
2100 5148 2398 5203 sentientes
2431 5147 2499 5201 ab
2517 5144 2813 5214 apostolica
2848 5159 2957 5199 non
2985 5143 3106 5199 sitis
3134 5142 3404 5197 doctrina.
3427 5142 3472 5174 ³⁸
3496 5140 3677 5197 Unum

423 5255 555 5311 Jesu
585 5256 811 5321 Christi,
848 5254 1034 5311 Sixtus
1062 5252 1322 5309 Romanae
1343 5249 1602 5306 Ecclesia:
1629 5245 1998 5303 archiepisco-
2100 5237 2247 5294 enim
2290 5252 2477 5291 verum
2510 5236 2678 5291 Deum
2712 5235 2937 5291 Patrem
2985 5244 3038 5290 et
3068 5234 3291 5301 Filium,
3338 5250 3370 5291 a
3399 5233 3719 5304 praphetis,.

426 5364 549 5418 pus,
584 5348 836 5403 salutem.
2103 5338 2158 5385 et
2179 5329 2441 5399 apostolis
2466 5328 2805 5383 ostendimus
2828 5327 3201 5398 praedicatum,
3231 5325 3489 5418 aquibus
3513 5324 3679 5381 etiam

500 5436 848 5505 Charissimi,
876 5433 1109 5491 fideliter
1136 5430 1280 5502 agite
1317 5430 1375 5485 in
1412 5427 1691 5494 omnibus;
1722 5432 1783 5480 ut
1819 5424 2003 5481 ﬁdeles
2108 5420 2371 5492 Spiritum
2416 5428 2666 5476 sanctum
2709 5420 2985 5475 credimus
3031 5434 3143 5473 non
3190 5432 3314 5474 esse
3355 5416 3676 5480 discretum,

504 5572 549 5606 ³³
578 5574 814 5630 Ithacius
830 5580 1014 5628 contra
1033 5570 1283 5635 Warim.,
1304 5584 1353 5624 c.
1374 5566 1429 5621 2.

503 5687 615 5755 (Η)
662 5686 787 5741 Haec
831 5694 885 5739 ct
938 5698 1172 5755 sequens
1222 5680 1548 5735 νοθεύονται.
1578 5708 1647 5718 —-
1676 5678 1919 5748 Epistula
1952 5677 2004 5734 Ι.
2105 5677 2440 5755 universalis
2493 5675 2761 5755 Ecclesiae:
2792 5673 3678 5755 apostolica:cpiscopusiusgri:

433 5742 703 5830 Epistolas
756 5757 895 5813 duas
947 5742 1196 5825 scripsit,
1245 5766 1482 5824 quarum
1534 5742 1832 5821 postrema,
1889 5764 1998 5821 qua
2105 5749 2293 5818 bitur,
2367 5742 2758 5806 novatoribus'
2793 5742 3156 5818 summopere
3188 5742 3488 5818 ‘displicet.
3564 5742 3698 5803 Sub.

3110 5892 3131 5919 ῒ

3122 6016 3144 6044 ο
