4142 6384
456 321 603 379 1075

1913 318 2090 376 SIXTI
2125 320 2143 373 l
2185 319 2383 374 PAP/E

3562 315 3702 372 1076

457 441 597 498 Isaia
644 441 908 512 propheta
941 441 1194 497 dicente:
1253 458 1273 492 ι
1303 440 1416 512 Ego
1445 457 1566 497 sum
1599 441 1764 509 Deus,
1815 451 1869 497 et
1914 460 2023 497 non
2054 444 2253 504 Atalia
2300 441 2592 512 prmdicat,
2650 448 2707 494 et
2740 438 3009 493 'eumdem
3048 437 3269 505 Filium,
3315 437 3485 493 Deum
3532 453 3700 508 super

454 543 540 590 est
574 534 714 589 alius
743 543 937 605 praeter
967 548 1073 588 me.
1124 532 1192 588 Et
1227 548 1323 604 per
1388 535 1654 603 meipsum
1698 535 1861 605 juro,
1897 537 2024 606 quia

457 624 627 678 exivit
659 640 725 679 ex
758 639 851 679 ore
880 638 1003 677 meo
1030 624 1252 689 veritas,
1293 632 1349 678 et
1390 640 1572 680 sermo
1607 608 1763 681 meus
1798 643 1906 682 non
1940 644 2027 683 re-

457 724 717 781 vertetur,
765 716 893 785 quia
940 716 1076 769 mihi
1128 716 1481 771 inclinabitur
1529 732 1691 772 omne
1739 734 1917 790 genu,
1972 730 2026 775 et

454 805 634 860 omnis
660 805 845 875 lingua
873 805 1078 875 jurabit
1106 819 1202 876 per
1224 805 1534 876 Dominum,
1560 808 1779 864 dicens:
1804 809 2024 865 Iustitia

453 906 507 950 et
535 895 707 967 gloria
743 895 809 950 ad
840 911 965 951 eum
996 897 1176 951 veniet
1199 898 1263 951 ³⁸.
1299 916 1317 949 ι
1359 898 1425 952 Ει
1456 908 1513 953 ιιι
1549 900 1605 955 in
1634 901 1739 956 hoc
1772 903 2021 957 testimo—

451 986 545 1041 nio
594 984 810 1040 Patrem
862 995 915 1040 et
950 985 1148 1041 Filium
1216 988 1379 1042 simul
1429 989 1599 1045 fuisse
1655 993 2019 1061 cognoscatis,

449 1074 681 1129 Paulum
734 1076 1041 1146 apostolum
1092 1077 1276 1133 audite
1329 1079 1596 1135 dicentem
1627 1099 1641 1135 :
1683 1099 1703 1133 ι
1733 1080 1804 1157 Ut
1836 1082 1890 1135 in
1924 1098 2021 1137 no-

449 1167 620 1232 mine,
652 1168 852 1238 inquit,
880 1166 1007 1223 Jesu
1039 1184 1200 1223 omne
1230 1185 1369 1247 genu
1393 1170 1662 1238 ﬂectatur,
1693 1173 2016 1242 caelestium,

447 1258 791 1313 terrestrium
826 1267 879 1313 et
911 1258 1275 1325 infernarum,
1306 1270 1360 1315 et
1394 1263 1575 1319 omnis
1627 1264 1813 1335 lingua
1843 1266 2016 1320 conli-

449 1358 649 1414 tcatur,
686 1351 815 1420 quia
864 1350 1130 1406 Dominus
1161 1350 1320 1407 Jesus
1352 1352 1607 1410 Christus
1640 1356 1695 1410 iu
1728 1357 1902 1426 gloria
1935 1365 2019 1421 est

447 1437 545 1492 Dei
572 1438 753 1494 Patris
805 1442 1200 1511 omnipotentis
1228 1442 1291 1496 ³⁷.
1330 1461 1349 1494 ι
1405 1443 1563 1509 Quod
1608 1445 1678 1511 si,
1712 1446 2014 1520 secundum

448 1529 683 1601 aliquos,
716 1529 889 1588 Filius
921 1541 1003 1587 est
1034 1534 1213 1588 minor
1240 1532 1403 1607 Patre
1439 1550 1560 1601 suo,
1584 1550 1714 1607 ergo
1743 1538 2015 1595 minorata

445 1630 531 1674 est
565 1629 618 1676 et
655 1622 827 1691 gloria
856 1621 1036 1677 Patris
1084 1622 1139 1677 in
1172 1621 1333 1679 Filio.
1386 1622 1453 1680 Et
1490 1625 1580 1685 ubi
1622 1636 1726 1691 est,
1768 1630 1913 1699 quod
1959 1614 2012 1683 in

447 1710 743 1779 Salomone
772 1710 1053 1783 Scriptura
1083 1715 1344 1786 loquitur,
1371 1700 1599 1773 dicens:
1629 1736 1647 1769 ι
1682 1714 1834 1774 SicUt
1866 1720 2012 1775 enim

2128 535 2312 591 omnia
2342 534 2686 588 benedictum
2725 531 3006 586 insinuat?
3049 548 3068 582 ι
3103 530 3347 596 Quorum
3379 538 3581 599 patres,
3612 531 3698 583 in—

2126 627 2264 697 quit,
2309 642 2375 681 ex
2415 626 2616 695 quibus
2643 623 2896 679 Christus
2946 621 3248 679 secundum
3302 638 3545 689 carnem,
3598 624 3695 692 qui

2125 729 2208 777 est
2253 734 2419 788 super
2471 717 2657 771 omnia
2685 716 2830 771 Deus
2877 714 3191 770 benedictus
3240 714 3297 767 in
3341 713 3542 768 saecula
3567 712 3635 767 ⁸⁸.
3669 732 3690 766 ι

2123 807 2255 862 Item
2296 806 2463 862 Isaias
2502 806 2582 859 ait
2614 820 2628 857 :
2669 824 2688 856 ι
2720 804 2988 859 Dominus
3018 802 3164 857 Deus
3194 801 3390 867 Israel,
3421 802 3517 871 qui
3558 800 3697 857 Iibe-

2123 900 2264 955 ravit
2300 914 2425 953 eum
2468 898 2536 951 de
2558 896 2814 967 Egypto.
2868 895 2983 965 Ego
3036 910 3160 950 sum
3210 894 3442 964 primus,
3488 904 3543 950 et
3590 908 3695 964 ego

2121 998 2245 1062 post
2296 992 2431 1055 hac,
2486 997 2539 1043 et
2586 998 2780 1058 praeter
2814 1003 2903 1043 me
2948 1003 3059 1045 non
3106 996 3191 1042 est
3218 987 3363 1042 Deus
3407 988 3553 1042 sicut
3590 1002 3693 1057 ego

2120 1098 2265 1146 sum,
2298 1082 2393 1152 qui
2424 1090 2548 1145 stet,
2586 1089 2640 1135 et
2665 1089 2853 1146 vocet,
2893 1088 2948 1133 et
2993 1087 3260 1149 praeparet
3296 1078 3453 1143 mihi,
3483 1092 3551 1133 ex
3580 1093 3697 1147 quo

2120 1173 2398 1229 hominem
2429 1172 2530 1227 feci
2563 1172 2619 1225 in
2647 1172 2847 1227 saeculo
2869 1172 2969 1225 ".I
3006 1170 3140 1226 Item
3170 1170 3300 1225 alibi
3333 1187 3349 1226 :
3387 1188 3408 1222 ι
3444 1169 3502 1224 In
3534 1180 3586 1224 te
3609 1179 3695 1225 est

2119 1264 2285 1331 Deus,
2316 1274 2370 1319 et
2398 1264 2795 1327 nesciebamus,
2823 1271 2878 1318 et
2906 1278 3018 1318 non
3048 1271 3132 1319 est
3155 1262 3294 1318 alius
3324 1261 3467 1317 Deus
3497 1270 3693 1330 praeter

2120 1365 2170 1411 te
2196 1356 2259 1410 ⁸³.
2293 1375 2312 1409 ι
2376 1354 2458 1409 Tu
2500 1371 2561 1411 es
2606 1355 2751 1409 enim
2794 1353 2974 1422 Deus,
3028 1363 3083 1411 et
3112 1355 3515 1419 nesciebamus,
3546 1353 3691 1410 Deus

2116 1447 2281 1503 Israel
2306 1447 2570 1505 Salvator.
2597 1446 2752 1505 Unus
2774 1446 2919 1503 Deus
2939 1463 3048 1502 non
3076 1455 3203 1502 sunt
3228 1446 3387 1502 Pater
3409 1455 3464 1500 et
3488 1446 3693 1502 Filius?

2115 1539 2246 1607 Quis
2279 1547 2362 1596 est
2389 1540 2479 1596 hic
2501 1539 2664 1604 Deus,
2693 1540 2745 1594 in
2778 1554 2887 1609 quo
2914 1554 3036 1594 esse
3069 1538 3270 1594 dicitur
3300 1539 3466 1604 Deus,
3492 1547 3693 1609 praeter

2114 1647 2275 1701 quem
2319 1632 2485 1687 alium
2511 1632 2673 1686 deum
2716 1646 2821 1686 non
2851 1644 2973 1685 esse
3000 1630 3263 1700 propheta
3311 1643 3692 1699 smpenumero

2115 1722 2486 1793 protestetur?
2519 1721 2585 1777 Et
2608 1721 2837 1778 'Baruch
2874 1737 2888 1773 :
2915 1740 2933 1773 ι
2964 1718 3063 1777 Hic
3093 1719 3237 1777 Deus
3264 1706 3478 1788 noster,
3510 1721 3609 1787 ait,
3636 1729 3693 1777 et

445 1804 501 1858 in
528 1815 818 1875 conspectu
856 1822 1067 1873 eorum,
1095 1807 1292 1876 inquit.
1324 1810 1701 1891 magniﬁcatus
1736 1826 1796 1867 es
1828 1812 1880 1866 in
1910 1829 2013 1867 no-
2045 1794 2088 1849 Β
2117 1830 2225 1869 non
2258 1814 2617 1885 applicabitur
2643 1816 2782 1891 alter
2808 1814 2875 1869 ad
2907 1830 3054 1883 eum,
3093 1815 3187 1885 qui
3218 1814 3425 1869 invenit
3470 1830 3688 1870 omnem

444 1893 553 1961 bis,
582 1896 656 1950 ita
688 1896 743 1950 in
773 1905 1070 1967 conspectu
1109 1909 1295 1953 nostro
1323 1886 1763 1969 magniﬁeaberis
1794 1903 1847 1957 in
1882 1904 2010 1971 illis,

439 1995 504 2041 ut
532 1996 866 2062 cognoscant
902 1996 990 2053 te;
1032 1989 1173 2044 sicut
1216 1998 1269 2045 et
1306 2006 1405 2047 nos
1446 1994 1840 2063 cognovimus:
1871 2011 2012 2065 quo-

439 2078 590 2132 niam
634 2094 741 2133 non
771 2089 856 2135 eSt
884 2079 1027 2136 Deus
1068 2091 1263 2150 praeter
1306 2092 1390 2149 te,
1421 2082 1649 2139 Domine
1672 2086 1763 2139 ’3?
1794 2105 1812 2137 ι
1872 2086 2010 2141 Dili-

437 2178 627 2239 genter
651 2171 889 2239 attende,
920 2182 973 2227 et
1007 2188 1242 2243 agnosce
1268 2172 1465 2233 Filium
1505 2191 1645 2244 esse,
1680 2179 1772 2248 qui
1800 2179 2013 2247 magni-

436 2262 696 2319 ﬁcabitur
745 2265 803 2319 in
829 2264 1059 2335 judicio,
1089 2267 1218 2322 dum
1246 2270 1459 2324 venerit
1486 2270 1642 2325 vivos
1678 2280 1733 2325 et
1762 2283 2011 2329 mortuos

432 2356 700 2427 judicare.
756 2356 890 2413 Item
937 2357 1107 2414 Isaias
1134 2378 1147 2413 :
1205 2378 1224 2412 ι
1256 2360 1486 2427 Audite,
1512 2362 1710 2418 domus
1738 2362 1929 2431 Jacob,
1957 2374 2011 2419 et

435 2447 642 2503 residui
690 2449 886 2504 domus
935 2448 1123 2516 Israel,
1158 2452 1252 2521 qui
1281 2440 1602 2523 egredimini
1646 2470 1713 2509 ex
1745 2465 1923 2523 utero,
1956 2464 2012 2510 et

433 2540 728 2595 erudimini
768 2557 798 2595 a
827 2557 997 2612 puero
1022 2559 1195 2614 usque
1227 2546 1294 2621 ad
1330 2557 1665 2603 senectutem
1696 2548 1816 2603 :Ab
1854 2549 2010 2603 initio

433 2646 536 2700 ego
571 2646 716 2696 sum,
757 2642 811 2689 et
846 2649 1135 2705 quousque
1184 2638 1505 2707 senescatis,
1536 2652 1639 2707 ego
1678 2652 1800 2694 sum
1844 2658 1858 2695 :
1908 2654 2009 2710 ego

432 2738 534 2779 vos
568 2723 691 2790 feci,
724 2734 778 2781 et
815 2741 915 2798 ego
950 2728 1195 2784 sustineo
1225 2746 1240 2782 :
1286 2744 1386 2800 ego
1427 2731 1721 2799 remittam,
1751 2747 1852 2802 ego
1881 2748 2008 2791 sus-

432 2815 631 2884 cipiam
652 2856 665 2880 ,
700 2815 832 2871 dicit
872 2816 1137 2874 Dominus
1158 2819 1223 2873 ⁸⁹.
1260 2838 1279 2872 ι
1334 2819 1401 2875 Ει
1434 2821 1630 2876 iterum
1659 2838 1671 2873 :
1706 2821 1857 2893 «Ego
1887 2839 2009 2878 sum

432 2906 700 2963 Dominus
744 2908 922 2976 Deus,
974 2920 1175 2980 praeter
1222 2927 1310 2967 me
1364 2928 1473 2968 non
1520 2922 1604 2969 est
1657 2914 1795 2969 alius
1838 2914 2006 2981 Deus,

435 3000 771 3056 annuntians
817 3001 1148 3071 novissima,
1182 3005 1506 3075 priusquam
1540 3006 1704 3073 ﬁant,
1736 3018 1791 3062 et
1822 3010 2008 3070 statim

433 3100 815 3149 consummata
863 3102 993 3149 sunt
1018 3094 1084 3148 ⁸⁰.
1120 3113 1138 3148 ι
1168 3096 1298 3151 Item
1327 3097 1457 3152 alibi
1492 3116 1504 3151 :
1545 3117 1563 3149 ι
1592 3098 1734 3153 Audi
1768 3115 1877 3164 me,
1917 3100 2009 3155 Ja-

432 3184 536 3240 cob
586 3194 640 3241 et
667 3184 853 3251 Israel,
884 3187 1147 3257 quoniam
1204 3203 1305 3259 ego
1336 3187 1459 3243 feci.
1527 3189 1640 3261 Ego
1676 3206 1799 3245 sum
1825 3191 2011 3248 Domi-
2052 3190 2053 3193 “

432 3292 537 3332 nus
565 3276 710 3334 Deus
737 3277 970 3348 primus,
1008 3287 1063 3334 et
1093 3294 1194 3351 ego
1225 3272 1597 3337 novissimus:
1623 3290 1677 3336 et
1712 3282 1767 3335 in
1801 3297 1862 3337 ea
1890 3299 2010 3353 quae

432 3378 829 3440 superventura
891 3378 1021 3427 sunt
1067 3371 1121 3425 in
1176 3371 1523 3437 novissimis,
1578 3387 1678 3442 ego
1732 3388 1853 3428 sum
1886 3373 1953 3429 ⁸¹.
1985 3392 2005 3426 ι

429 3461 563 3518 Item
601 3462 716 3519 ibi:
767 3482 787 3516 ι
814 3461 928 3534 Ego
971 3479 1094 3519 sum
1124 3463 1290 3532 Deus,
1340 3464 1435 3536 qui
1488 3474 1541 3520 te
1576 3466 1787 3531 creavi,
1825 3466 1919 3537 qui
1957 3475 2010 3522 te

431 3557 636 3626 adjuvi,
670 3564 724 3612 et
752 3557 1090 3613 communivi
1138 3557 1364 3614 dextera
1392 3573 1513 3613 mea
1544 3559 1607 3613 ⁸².
1645 3578 1663 3611 ι
1725 3558 1793 3614 Ει
1827 3560 2010 3614 unita-

430 3660 539 3705 tem
581 3647 760 3706 Patris
815 3658 869 3705 et
918 3649 1046 3704 Filii
1096 3640 1385 3722 assignans
1431 3651 1720 3727 loquitur,
1774 3650 2003 3707 dicens:

435 3762 454 3795 ι
491 3741 605 3814 Ego
655 3742 812 3799 testis
851 3752 1050 3807 vester,
1100 3743 1233 3821 dicit
1274 3742 1537 3800 Dominus
1574 3744 1740 3810 Deus,
1786 3754 1840 3800 et
1874 3760 2009 3815 puer

429 3850 587 3890 meus
614 3843 695 3902 tu,
721 3850 882 3905 quem
911 3851 1013 3907 ego
1042 3836 1201 3907 elegi,
1233 3845 1294 3901 ut
1318 3836 1505 3893 sciatis
1532 3845 1586 3891 et
1616 3838 1852 3892 credatis
1880 3838 2009 3907 quia

342 3982 345 3983 ν
427 3943 529 3998 ego
559 3943 714 3996 sum,
759 3939 814 3983 et
844 3938 971 3984 ante
1013 3944 1100 3983 me
1133 3943 1242 3999 non
1283 3926 1387 3983 fuit
1421 3928 1569 4007 alius
1591 3926 1767 3997 Deus,
1798 3938 1853 3983 et
1887 3937 2009 3998 post

428 4036 517 4075 me
548 4036 655 4075 non
689 4020 795 4077 erit
825 4020 893 4075 ⁸³.
927 4039 946 4072 ι
1008 4019 1189 4076 Unum
1218 4021 1296 4087 hi,
1324 4021 1418 4090 qui
1452 4036 1562 4075 non
1598 4037 1731 4080 sane
1763 4022 2005 4090 sapiunt,

426 4114 630 4183 eligant
657 4127 726 4168 ex
756 4112 1008 4168 duobus:
1050 4121 1145 4167 aut
1180 4110 1454 4167 fateantur
1481 4110 1697 4168 Patrem
1730 4122 1784 4168 et
1808 4112 2007 4167 Filium

431 4204 598 4259 Deum
658 4220 871 4268 unum,
922 4214 1018 4261 aut
1068 4206 1116 4261 si
1164 4206 1340 4261 solum
1392 4204 1611 4260 Patrem
1665 4204 1837 4260 Deum
1887 4221 2008 4262 esse

428 4296 784 4362 contendunt,
817 4312 948 4366 ergo
983 4296 1089 4353 illis
1115 4295 1380 4353 Dominus
1428 4306 1615 4352 noster
1652 4296 1813 4352 Jesus
1844 4296 2008 4352 Chri-

426 4397 547 4443 stus
574 4388 621 4420 ⁸⁸
649 4386 746 4444 Dei
778 4387 949 4443 Filius
980 4403 1088 4443 non
1121 4387 1226 4443 erit
1251 4386 1416 4455 Deus,
1447 4388 1577 4458 quia
1605 4389 1870 4457 scriptum
1898 4397 2003 4445 est:

2113 1911 2256 1962 viam
2312 1908 2584 1974 scientiae,
2615 1915 2670 1962 et
2699 1907 2847 1963 dedit
2890 1922 3010 1962 eam
3044 1904 3213 1961 Jacob
3261 1921 3430 1976 puero
3479 1921 3600 1974 suo,
3633 1914 3689 1962 et

2113 1997 2279 2075 Israel
2322 2000 2520 2053 dilecto
2573 2015 2695 2055 suo.
2740 1998 2873 2054 Post
2919 1998 3037 2053 haec
3084 1998 3138 2051 In
3183 1998 3349 2053 terris
3388 1996 3541 2053 visus
3581 2005 3684 2062 est,

2112 2100 2165 2145 et
2192 2090 2331 2145 inter
2360 2091 2608 2146 homines
2639 2099 2996 2146 conversatus
3025 2097 3111 2145 est
3134 2089 3204 2142 ⁸⁸.
3238 2106 3257 2141 ι
3316 2087 3383 2143 Ει
3429 2089 3480 2142 in
3529 2086 3686 2142 Salo-

2111 2198 2273 2238 mone
2302 2184 2532 2238 habetur
2557 2199 2573 2238 :
2608 2201 2628 2235 ι
2658 2181 2915 2238 Miserere
2954 2182 3135 2247 nobis,
3159 2180 3303 2235 Deus
3331 2179 3606 2244 omnium,
3634 2189 3690 2233 et

2111 2274 2339 2329 ostende
2372 2275 2529 2331 nobis
2556 2275 2737 2330 lumen
2763 2274 3151 2340 miserationis,
3181 2285 3233 2327 et
3260 2271 3491 2325 immitte
3521 2271 3689 2325 tirno-

2111 2380 2227 2419 rem
2266 2374 2422 2420 tuum
2453 2380 2616 2436 super
2652 2374 2863 2436 gentes,
2892 2380 3014 2435 quae
3043 2380 3153 2431 non
3189 2362 3570 2433 exquisieruut
3609 2373 3686 2427 te,

2110 2468 2171 2511 ιιι
2202 2466 2537 2528 cognoscant
2566 2458 2695 2527 quia
2725 2471 2836 2512 non
2866 2466 2951 2512 est
2980 2456 3119 2511 alius
3149 2454 3314 2522 Deus,
3348 2454 3453 2509 nisi
3482 2465 3541 2509 tu
3562 2453 3631 2507 ⁸ο.
3660 2470 3684 2504 ι

2110 2550 2245 2604 Item
2276 2550 2403 2603 alibi
2432 2568 2447 2605 :
2478 2569 2497 2601 ι
2525 2548 2754 2605 Domine
2784 2548 2927 2604 Deus
2957 2549 3147 2611 Israel,
3182 2562 3291 2602 non
3340 2554 3423 2601 est
3464 2545 3561 2599 tibi
3608 2545 3687 2599 si-

2110 2628 2256 2697 milis
2286 2641 2341 2695 in
2370 2641 2511 2696 cmlo
2543 2656 2787 2719 sursum,
2818 2655 2996 2711 neque
3028 2643 3083 2694 in
3114 2649 3259 2695 terra
3287 2639 3543 2694 deorsum
3563 2637 3629 2691 ".
3660 2654 3682 2688 ι

2110 2734 2177 2789 Ει
2209 2734 2265 2787 in
2298 2734 2508 2803 psalmo
2540 2747 2652 2788 xvu
2682 2735 2758 2787 :"
2792 2752 2811 2786 ι
2840 2726 3111 2799 Quoniam
3161 2734 3286 2803 quis
3320 2730 3462 2785 Deus
3492 2738 3688 2801 praeter

2110 2824 2427 2890 Dominum,
2458 2834 2553 2878 aut
2581 2825 2705 2895 quis
2734 2824 2878 2880 Deus
2908 2833 3103 2894 printer
3132 2823 3302 2877 Deum
3333 2820 3629 2878 nostrum?
3658 2838 3681 2873 ι

2110 2914 2175 2973 Ει
2200 2917 2256 2971 in
2278 2916 2475 2972 Genesi
2498 2916 2577 2971 ⁸³ε
2606 2935 2624 2969 ι
2645 2916 2711 2970 Ει
2741 2916 2880 2986 pluit
2904 2916 3166 2971 Dominus
3193 2931 3223 2970 a
3246 2914 3475 2969 Domino
3506 2914 3682 2985 ignem

2108 3018 2164 3064 et
2196 3008 2373 3063 sulfur
2401 3024 2566 3079 super
2597 3007 2893 3063 Sodomam
2925 3018 2978 3062 et
3006 3008 3393 3074 Gomorrham,
3413 3015 3467 3062 et
3491 3006 3687 3061 evertit

2109 3102 2358 3157 civitates
2399 3101 2542 3157 illas.
2579 3119 2598 3153 ι
2654 3100 2711 3155 Si
2747 3102 2897 3156 solus
2930 3100 3090 3155 Pater
3122 3100 3265 3157 Deus
3296 3109 3400 3166 est,
3429 3099 3522 3167 qui
3549 3098 3686 3169 pluit

2112 3192 2289 3262 ignem
2317 3201 2372 3246 et
2399 3191 2575 3247 sulfur
2601 3207 2631 3246 a
2652 3191 2883 3246 Domino
2910 3206 3073 3262 supra
3104 3193 3388 3262 praedictas
3413 3191 3683 3253 civitates,

2112 3293 2172 3339 ut
2194 3298 2289 3339 eas
2314 3284 2629 3339 everteret?
2675 3298 2884 3353 quaeso,
2916 3284 3204 3361 responde.
3241 3282 3308 3337 Et
3336 3283 3391 3337 in
3420 3281 3683 3337 Deutero-

2111 3376 2299 3430 nomio
2323 3376 2371 3408 ⁸⁸
2399 3394 2412 3430 :
2454 3394 2472 3427 ι
2502 3373 2769 3430 Dominus
2818 3375 2973 3430 solus
3008 3374 3313 3430 deducebat
3344 3390 3460 3440 eos,
3492 3382 3547 3429 et
3573 3387 3685 3428 non

2109 3464 2215 3525 fuit
2243 3482 2367 3522 cum
2400 3466 2508 3521 illis
2542 3465 2676 3522 deus
2704 3465 2938 3521 alienus.
2973 3484 2993 3518 ι
3025 3463 3093 3521 Ει
3124 3464 3327 3521 Paulus
3369 3464 3685 3532 apostolus:

2118 3557 2307 3614 «Unus
2354 3557 2523 3624 Deus,
2564 3558 2659 3629 qui
2684 3557 2951 3629 justiﬁcat
2982 3558 3453 3614 circumcisionem
3484 3572 3550 3612 ex
3578 3556 3686 3612 ﬁdo

2109 3659 2163 3704 et
2191 3649 2518 3719 praeputium
2567 3662 2664 3719 per
2707 3649 2869 3703 tidem
2899 3648 2946 3691 ⁸⁸
2973 3665 2986 3705 :
3018 3666 3037 3699 ι
3092 3647 3158 3702 Ει
3215 3648 3281 3703 ad
3328 3645 3680 3705 Corinthios:

2116 3761 2134 3793 ι
2193 3741 2334 3796 Deus
2385 3749 2504 3796 erat
2553 3742 2610 3794 in
2650 3740 2913 3807 Christo,
2982 3741 3249 3796 mundum
3324 3739 3686 3795 reconcilians

2111 3832 2215 3886 sibi
2234 3833 2300 3887 ⁵⁸.
2338 3852 2356 3884 ι
2392 3831 2458 3887 Ει
2488 3833 2686 3888 iterum
2714 3849 2727 3886 :
2758 3851 2777 3884 ι
2804 3830 2925 3887 Non
2954 3843 3038 3889 est
3065 3831 3232 3897 Deus,
3263 3831 3369 3888 nisi
3399 3846 3543 3887 unus
3567 3831 3633 3885 ⁵⁷.
3660 3848 3680 3881 ι

2109 3925 2177 3980 Et
2206 3925 2273 3980 ad
2306 3923 2526 3980 Galatas
2549 3926 2635 3980 5°:
2669 3942 2689 3978 ι
2722 3924 2985 3980 Mediator
3021 3932 3202 3979 autem
3233 3924 3397 3979 unius
3433 3937 3542 3979 non
3576 3930 3680 3987 est,

2110 4008 2254 4073 Deus
2286 4028 2468 4073 autem
2499 4033 2641 4074 unus
2669 4026 2790 4073 est:
2824 4037 2842 4069 ι
2896 4016 2963 4071 Ει
2990 4018 3255 4072 unitatem
3280 4015 3459 4072 Patris
3489 4025 3542 4070 et
3562 4014 3686 4069 Filii

2107 4120 2163 4165 et
2188 4111 2425 4182 Spiritus
2452 4109 2625 4165 sancti
2649 4110 3048 4173 demonstrans,
3073 4107 3326 4179 Ephesiis
3347 4108 3593 4165 scribens
3614 4108 3685 4172 ‘°,

2108 4201 2183 4255 ita
2209 4200 2493 4258 conﬁrmat
2527 4219 2540 4256 :
2593 4218 2613 4253 ι
2645 4200 2976 4256 Sutl'erentes
3025 4200 3260 4255 invicem
3310 4199 3368 4253 in
3398 4198 3683 4265 charitate,

2108 4294 2328 4349 solliciti
2358 4286 2576 4351 servare
2615 4293 2881 4349 unitatem
2926 4292 3155 4363 spiritus
3182 4292 3239 4346 in
3262 4291 3481 4353 vinculo
3510 4291 3682 4361 pacis.

2110 4385 2290 4458 Unum
2326 4402 2525 4457 corpus
2553 4396 2609 4442 et
2634 4403 2776 4441 unus
2805 4386 3052 4455 spiritus,
3086 4386 3228 4440 sicut
3259 4384 3439 4440 vocati
3469 4385 3603 4440 estis
3627 4383 3685 4439 in

433 4505 451 4532 ι
483 4482 621 4535 Ante
666 4496 755 4536 me
806 4495 919 4535 non
970 4479 1075 4537 fuit
1122 4480 1264 4535 alius
1294 4480 1459 4549 Deus,
1509 4490 1563 4536 et
1615 4490 1738 4550 post
1774 4496 1861 4537 me
1886 4496 1998 4538 non
2030 4486 2075 4541 D
2105 4496 2212 4535 una
2242 4495 2338 4550 spe
2364 4479 2671 4535 vocationis
2699 4486 2915 4535 vestrae.
2974 4475 3129 4555 Unus
3161 4476 3449 4543 Dominus,
3479 4491 3586 4530 una
3618 4476 3686 4530 ti-

424 4574 529 4627 crit
553 4573 621 4627 ⁸⁸.
655 4592 673 4625 ι
726 4571 785 4628 Si
813 4572 1113 4628 secundum
1156 4573 1289 4627 tales
1319 4573 1393 4627 ita
1419 4580 1537 4638 est,
1568 4588 1668 4627 cur
1699 4572 1997 4643 Apostolus

498 4672 541 4702 ³⁸
568 4672 676 4726 Isa.
708 4686 832 4736 XLV,
860 4668 1054 4740 22-25.
1086 4715 1101 4740 ε
1129 4669 1171 4700 ³⁷
1196 4668 1393 4739 Philip.
1426 4685 1487 4733 II,
1514 4668 1599 4732 10,
1648 4670 1735 4724 11.

423 4742 465 4773 ⁸⁸
500 4743 605 4795 Isa.
636 4755 785 4805 XLIV,
839 4755 964 4804 XLV,
999 4739 1368 4795 intermistim.
1446 4740 1491 4773 ⁸³
1515 4740 1621 4794 Isa.
1662 4756 1772 4805 xu,
1805 4740 1891 4795 10.

425 4828 503 4873 Ix,
543 4811 596 4865 5.
692 4811 736 4843 ⁸⁷
764 4812 873 4865 Isa.
923 4825 1078 4876 XLIII,
1112 4810 1166 4875 6,
1199 4809 1250 4864 7.
1346 4809 1390 4841 ⁸⁸
1419 4811 1523 4864 Isa.
1561 4822 1685 4877 XLV,
1720 4809 1805 4864 18.

1812 4670 1854 4701 88
1893 4670 2036 4701 Una"

1833 4670 1854 4702 ⁸
1892 4669 2060 4725 Eccli.
2098 4685 2286 4737 χχχιιι,
2322 4669 2377 4734 4,
2411 4670 2466 4723 5.
2571 4669 2616 4701 ³⁸
2640 4669 2746 4722 Isa.
2784 4683 2929 4733 xLVI,
2958 4669 3012 4731 3,
3048 4669 3102 4722 4.
3218 4669 3265 4697 ⁸⁰
3295 4669 3455 4730 Ibid.,
3491 4669 3544 4729 9,
3594 4669 3681 4718 10.

1838 4740 1891 4795 0.
1986 4741 2031 4772 ⁸³
2058 4742 2165 4795 Isa.
2208 4756 2365 4805 XLIII,
2397 4738 2483 4791 10.
2560 4737 2607 4769 ⁸⁸
2636 4736 2798 4792 Deus.
2838 4740 2840 4742 ’
2874 4740 2922 4769 ⁸³
2948 4739 3053 4791 Isa.
3097 4752 3252 4803 XLIII,
3282 4735 3369 4789 10.
3447 4735 3493 4767 ⁸⁸
3522 4735 3682 4788 Rom.

1906 4809 1951 4842 “
1981 4809 2219 4865 Baruch.
2257 4826 2339 4875 III,
2387 4808 2580 4863 36-38.
2656 4809 2703 4839 '°
2733 4807 2902 4862 Eccli.
2936 4822 3120 4871 xxxw,
3156 4808 3207 4873 1,
3251 4807 3305 4859 2.
3380 4808 3425 4839 ⁸⁸
3457 4807 3502 4859 Il
3548 4805 3682 4875 Reg.

2103 4575 2223 4638 des,
2256 4588 2429 4628 unum
2464 4572 2756 4643 baptisma,
2786 4588 2929 4626 unus
2962 4570 3127 4625 Deus.
3167 4589 3186 4623 ι
3246 4570 3290 4601 ⁸ο
3323 4568 3381 4625 Si
3413 4585 3521 4625 non
3552 4584 3686 4626 sane

2571 4668 2616 4701 ’9
2640 4668 2746 4722 Isa.
2784 4683 2929 4733 xLVI,
2958 4667 3012 4731 3,
3048 4668 3102 4722 4.
3218 4666 3265 4697 ⁸⁰
3295 4666 3455 4730 Ibid.,
3491 4665 3544 4729 9,
3594 4663 3681 4718 10.

422 4898 544 4946 vm,
577 4880 669 4935 25.
745 4882 791 4914 ⁵²
816 4896 870 4935 v.
903 4880 993 4935 52.
1070 4878 1257 4950 ⁸³,οειμ
1282 4896 1396 4947 XIX,
1426 4880 1517 4945 24,
1548 4881 1639 4935 25.
1716 4881 1764 4911 ⁸⁸
1797 4879 1953 4935 Deut.
1981 4896 2030 4935 II.

2120 4883 2165 4913 ⁵⁵
2201 4879 2359 4933 Rom.
2394 4895 2475 4944 ιιι,
2507 4878 2613 4950 '50.
2674 4878 2720 4910 ⁵⁸
2745 4879 2952 4950 IICor.
2973 4894 3025 4940 v,
3051 4877 3137 4931 10.
3214 4878 3259 4910 ⁸⁷
3288 4878 3308 4929 1
3335 4877 3461 4932 Cor.
3491 4877 3683 4941 VIII,4.

423 4953 470 4983 ⁸⁸
494 4968 616 5021 cap.
649 4966 734 5015 ιιι,
767 4951 856 5006 20.
934 4952 979 4983 ⁸⁸
1010 4966 1131 5020 cap.
1158 4966 1234 5017 Iv,
1259 4950 1379 5006 5-5.

423 5048 589 5117 huius
661 5046 799 5101 Sixti
845 5062 995 5116 papa:
1051 5046 1294 5112 nomine,
1351 5044 1489 5111 Sixti
1541 5046 1851 5117 philosophi
1890 5045 1995 5115 Py-

423 5116 712 5189 thagormi,
760 5117 999 5189 hominis
1041 5117 1243 5189 ethnici
1300 5132 1365 5171 ac
1426 5116 1680 5189 inﬁdelis,
1719 5132 1999 5189 commen—

422 5185 621 5242 tarihm
663 5204 693 5242 a
733 5202 791 5242 se
828 5203 859 5241 e
895 5186 1083 5241 Graeco
1126 5186 1316 5245 Latine
1354 5187 1714 5251 translatum,
1750 5185 1997 5241 Ruﬂinus

421 5258 1107 5328 Aquileiensishprcsbyter
1142 5258 1416 5328 vulgavit;
1444 5258 1511 5328 de
1550 5271 1660 5327 quo
1699 5256 1850 5328 illum
1897 5271 1998 5328 suo

422 5326 618 5383 merito
677 5327 736 5381 S.
779 5326 1142 5397 Hieronymus
1197 5326 1641 5397 frequentissime
1699 5326 1996 5397 redarguit.

421 5399 499 5452 Ita
530 5401 675 5454 enim
708 5397 775 5452 ad
802 5396 1209 5467 Ctesiphontem
1242 5396 1509 5462 scribens,
1541 5397 1648 5451 ait:
1675 5416 1693 5448 ι
1726 5396 1876 5450 Illam
1902 5412 2001 5450 au-

424 5480 529 5522 tem
562 5470 943 5533 temeritatem,
973 5470 1083 5523 imo
1128 5470 1417 5531 insaniam,
1446 5469 1569 5536 quis
1600 5467 1765 5536 digno
1804 5467 2003 5534 poterit

421 5540 694 5606 explicare
734 5554 1006 5603 sermone,
1045 5538 1192 5608 quod
1232 5538 1432 5591 librum
1468 5538 1608 5592 Sixti
1637 5535 1997 5607 Pythagoran,

426 5609 662 5674 hominis
715 5609 921 5678 absque
966 5610 1185 5662 Christo
1233 5618 1395 5678 atque
1437 5608 1666 5678 ethnici,
1710 5608 1997 5678 immutan

424 5681 665 5743 nomine,
715 5676 853 5731 Sixti
902 5680 1159 5749 martﬂis
1200 5690 1261 5749 et
1282 5677 1541 5749 Romanae
1583 5676 1843 5749 Ecclesiae
1877 5680 1996 5745 epi-

428 5750 599 5825 accpi,
630 5749 983 5819 praznotavit?
1014 5747 1068 5802 in
1107 5764 1217 5818 quo
1247 5748 1401 5817 juxta
1438 5748 1634 5819 dogma
1676 5747 1994 5821 Pythagori—

1480 4951 1524 4983 ⁸ο
1552 4966 1717 5020 supra
1764 4951 1817 5005 in
1860 4952 2021 5021 epist.
2062 4950 2300 5006 Evaristi
2332 4964 2483 5020 papa:
2521 4948 2708 5004 itidem
2736 4949 3037 5019 supposita.
3124 4956 3127 4959 '

2100 5061 2310 5112 corum,
2335 5046 2429 5115 qui
2466 5044 2743 5099 hominem
2783 5052 3071 5115 exzequant
3109 5041 3257 5115 Deo,
3276 5050 3330 5097 et
3357 5040 3571 5115 deejus
3599 5040 3685 5095 di-

2101 5126 2233 5172 cunt
2255 5112 2377 5172 esse
2404 5114 2729 5179 substantia,
2751 5112 3012 5168 multa’de
3035 5112 3369 5183 perfectione
3392 5112 3680 5183 dicuntur;

2101 5199 2163 5242 ut
2199 5188 2295 5258 qui
2329 5187 2594 5258 volumen
2631 5181 3255 5258 philosophirnésciunt,
3294 5183 3396 5258 sub
3427 5181 3682 5258 martyris

2103 5251 2325 5312 nomine
2365 5251 3033 5327 Iibantde‘aureo'calice
3072 5252 3386 5327 Babylonis.
3432 5251 3682 5327 Denique

2103 5329 2159 5381 in
2194 5330 2314 5397 ipso
2345 5326 2625 5382 volumine
2653 5326 2800 5379 nulla
2825 5323 3421 5397 prophetaruInL'nulla
3447 5323 3670 5397 patriar-

2104 5392 2355 5465 charum,
2374 5397 2523 5451 nulla
2546 5392 2941 5463 apostolorum,
2968 5395 3113 5447 nulla
3140 5394 3199 5465 tit
3220 5394 3425 5465 Christi
3451 5392 3679 5465 mentio,

2108 5478 2169 5523 ut
2206 5462 2612 5538 cpiscopume’t
2651 5479 2942 5538 martyrem
2985 5465 3105 5518 sine
3134 5463 3238 5519 ﬁde
3258 5462 3467 5538 Christi
3508 5463 3681 5538 fuisse

2108 5482 2169 5523 ut
2206 5482 2524 5538 episcopum
2558 5482 2612 5519 et
2651 5482 2942 5587 niar?'rem
2985 5482 3105 5518 smc
3134 5482 3238 5519 nue
3266 5482 3467 5518 bIII‘ISlI
3508 5482 3677 5517 tuisse

2108 5539 2419 5595 contendat.
2446 5556 2462 5586 ι
2495 5536 2621 5590 Ηωο
2648 5537 2716 5590 ibi
2760 5534 2779 5588 ι
2811 5537 3142 5603 ieronyrnus,
3178 5535 3271 5602 qui
3317 5534 3443 5588 alibi
3491 5532 3677 5587 eadem

2104 5627 2168 5665 ex
2219 5625 2384 5666 causa
2433 5608 2486 5660 in
2539 5608 2787 5660 eumdem
2835 5606 3072 5673 graviter
3114 5604 3417 5661 invehitur.
3474 5603 3675 5658 Bamn.

2106 5697 2249 5737 anno
2278 5678 2488 5735 Christi
2516 5676 2638 5743 I42,
2667 5692 2818 5754 num.
2848 5676 2902 5731 5.
2943 5674 3068 5732 Sev.
3102 5674 3218 5729 BIN.
