4142 6422
431 323 567 376 1077

433 532 698 600 recipere,
730 546 797 585 ex
832 531 939 583 hoc
974 531 1160 599 itaque
1193 531 1527 596 testimonio,
1560 531 1614 584 in
1668 547 1776 585 uno
1806 529 2010 598 Spiritu

436 629 691 692 poterunt
725 622 892 677 simul
924 620 1100 676 Patris
1133 628 1187 674 et
1213 619 1333 673 Filii
1376 612 1638 674 unitatem
1673 620 2009 674 condiscere.

434 712 651 767 Patrem
690 713 877 783 igitur,
917 720 978 765 ut
1008 712 1262 781 superius
1311 712 1766 780 comprehensum
1811 720 1915 774 est,
1952 710 2007 763 in

436 807 639 861 divinis
691 805 909 870 litteris,
963 806 1283 875 ingenitum,
1335 804 1555 874 proprie
1599 803 1859 873 positum,
1912 819 2013 858 nec

436 899 614 969 legere
643 905 878 968 possunt
908 898 1145 967 penitus,
1180 912 1279 952 nec
1319 898 1569 967 probare.
1625 894 1731 950 Sed
1761 896 1888 965 quia
1921 897 2004 950 id-

434 1000 615 1068 ipsnm
645 996 780 1052 fides
806 994 976 1065 exigit
999 994 1336 1059 Christiana,
1384 992 1592 1062 absque
1640 991 1751 1046 ulla
1790 990 2009 1045 dubita-

435 1089 587 1146 tione
628 1089 903 1159 ingenitus
940 1085 1202 1148 creditur,
1235 1084 1330 1155 qui
1363 1093 1542 1139 tamen
1585 1084 1883 1139 secundum
1924 1097 2011 1137 se-

433 1183 576 1238 riem
604 1180 1016 1250 Scripturarum
1042 1221 1057 1245 ,
1086 1179 1142 1233 in
1172 1177 1312 1233 Filio
1342 1193 1372 1233 a
1398 1192 1458 1234 se
1495 1177 1676 1248 genito
1701 1177 1856 1233 visus
1890 1189 2011 1231 esse

432 1282 794 1330 monstratur.
831 1272 909 1327 De
937 1279 1134 1327 caetero
1164 1270 1387 1341 placuit,
1423 1271 1464 1303 ⁶¹
1493 1278 1714 1341 propter
1740 1269 2007 1323 malorum

432 1367 717 1423 hominum
767 1366 1170 1429 infestationes,
1219 1374 1280 1419 ut
1322 1364 1376 1418 in
1421 1362 1768 1419 accusatione
1790 1361 2009 1417 Domini

429 1460 831 1525 ministrorum,
859 1459 1038 1529 primo
1065 1472 1321 1528 persona,
1349 1457 1505 1523 fides,
1534 1457 1667 1521 vita,
1696 1464 1750 1512 et
1781 1471 2010 1511 conver-

428 1555 575 1609 satio
638 1553 1137 1621 blasphemantium
1202 1552 1532 1607 enucleatim
1607 1559 2002 1621 perscrutetur.

425 1644 561 1700 Nam
594 1645 730 1701 fides
755 1647 799 1680 "
824 1660 1017 1701 omnes
1044 1654 1199 1700 actus
1226 1645 1466 1701 hominis
1490 1644 1794 1715 praecedere
1823 1645 2002 1711 debet;

423 1738 552 1806 quia
592 1737 795 1794 dubius
830 1737 886 1791 in
930 1736 1055 1802 fide,
1089 1737 1323 1795 inﬁdelis
1355 1746 1474 1793 est..
1519 1735 1631 1793 Nec
1670 1738 1751 1793 eis
1778 1737 2003 1791 omnino

1888 318 2271 373 EPISTULA}.

430 440 707 508 sapientes
762 422 1027 493 unitatem
1078 436 1201 491 lidei
1250 437 1520 492 voluerint
1570 438 1802 509 simplici
1850 439 2011 493 corde
2042 445 2088 499 Α

3556 324 3694 380 10τὸ

2893 442 2931 497 ἰ.

2683 532 2751 586 De
2777 536 2945 588 sacris
2974 538 3130 590 vasis.

2187 624 2231 655 ⁸⁸
2264 624 2571 695 Cognoscat
2597 634 2778 681 vestra
2807 628 3094 697 sapientia,
3132 628 3444 693 charissimi
3473 628 3689 695 fratres,

2115 717 2243 784 quia
2276 718 2331 771 in
2366 718 2467 773 hac
2503 728 2692 773 sancta
2728 719 2856 774 sede
2888 722 3186 790 apostolica
3218 739 3247 776 a
3288 722 3447 777 nobis
3476 730 3530 777 et
3558 721 3692 777 reli-

2115 811 2241 880 quis
2298 810 2604 881 episcopis,
2664 813 2986 882 caaterisque
3039 812 3257 868 Domini
3309 813 3691 869 sacerdotibus

2114 912 2375 957 statutum
2406 913 2515 969 est,
2548 913 2609 958 ut
2650 920 2810 961 sacra
2855 920 2985 959 vasa
3030 922 3137 962 non
3174 907 3241 961 ab
3287 907 3430 969 aliis.
3462 922 3629 976 (luam
3659 923 3691 961 a

2111 996 2342 1051 sacratis
2386 995 2727 1069 Dominoque
2771 998 2966 1056 dicatis
3006 1007 3416 1057 contrectentur
3448 1000 3689 1054 homini-

2112 1086 2237 1142 bus.
2272 1086 2572 1159 Indignum
2617 1090 2766 1145 enim
2815 1090 2974 1145 valde
3019 1100 3132 1159 est,
3166 1101 3223 1146 ut
3266 1107 3421 1147 sacra
3472 1092 3685 1147 Domini

2111 1194 2264 1245 vasa,
2290 1195 2629 1252 quaecunque
2653 1184 2782 1246 sint,
2803 1182 3062 1239 humanis
3090 1183 3282 1238 usibus
3306 1184 3566 1251 serviant,
3597 1192 3692 1239 aut

2112 1269 2181 1322 ab
2211 1269 2334 1324 aliis
2367 1286 2529 1341 quam
2559 1287 2591 1327 a
2619 1272 2854 1327 Domino
2882 1271 3276 1329 famulantibus
3304 1274 3463 1343 eique
3492 1274 3689 1328 dicatis

2112 1368 2413 1416 tractentur
2459 1362 2613 1428 viris,
2655 1380 2724 1418 ne
2770 1380 2871 1434 pro
2919 1365 3121 1421 talibus
3166 1365 3687 1435 praisumptionibus

2111 1452 2285 1509 iratus
2325 1453 2611 1523 Dominus,
2641 1457 2857 1527 plagam
2890 1459 2934 1490 θ’
2970 1458 3217 1528 imponat
3246 1458 3450 1529 populo
3483 1473 3604 1525 suo,
3636 1470 3689 1513 et

2110 1545 2167 1599 hi
2196 1546 2381 1613 etiam,
2415 1549 2507 1616 qui
2539 1564 2647 1603 non
2672 1559 3057 1619 peccaverunt,
3092 1552 3235 1605 mala
3261 1550 3559 1621 patiantur,
3595 1561 3690 1604 aut

2109 1648 2366 1706 pereant,
2402 1640 2531 1711 quia
2577 1643 2719 1711 perit
2765 1642 2949 1712 justus
3001 1643 3302 1713 saepissime
3352 1658 3451 1713 pro
3496 1643 3685 1713 impio.

2109 1731 2405 1799 Attendite,
2436 1732 2653 1802 fratres,
2686 1748 2755 1788 ne
2790 1733 2916 1787 talia
2944 1733 3140 1790 vestris
3180 1734 3233 1787 in
3274 1732 3536 1789 Ecclesiis
3568 1750 3690 1803 per-

422 1799 779 1895 eredendum,
814 1830 908 1899 qui
934 1799 1184 1889 veritatis
1214 1830 1376 1887 ﬁdem
1409 1831 1683 1902 ignorant,
1713 1844 1812 1882 nec
1840 1836 2002 1885 recta:
2032 1799 2076 1855 Β
2105 1822 2334 1879 mittatis
2386 1799 2646 1894 deinceps
2694 1826 2811 1879 fieri
2836 1866 2850 1891 ,
2900 1841 2968 1881 ne
3019 1842 3151 1897 grex
3196 1826 3437 1895 pretioso
3485 1799 3690 1880 Christi

422 1924 859 1978 conversationis
902 1923 1072 1979 vitam
1110 1923 1346 1989 ducunt;
1385 1922 1647 1992 quoniam
1675 1922 1813 1977 tales
1840 1921 2000 1977 facile

419 2023 475 2068 et
502 2016 873 2071 indifferenter
903 2016 1148 2073 lacerant
1184 2025 1240 2072 et
1266 2016 1628 2071 criminantur
1658 2022 1805 2069 recte
1832 2024 1883 2069 et
1912 2014 2001 2085 pie

420 2108 685 2163 viventes.
738 2107 945 2163 Idcirco
994 2108 1237 2178 suspicio
1283 2123 1474 2165 eorum
1525 2106 1867 2163 discutienda
1916 2116 2000 2163 est

420 2201 680 2267 primum,
709 2209 766 2256 et
789 2201 1133 2268 corrigenda,
1162 2215 1339 2273 neque
1368 2199 1783 2256 accusatoribus
1812 2216 2002 2271 suspe-

418 2287 545 2350 ctis,
585 2288 667 2341 vel
714 2287 783 2343 de
826 2287 1176 2343 inimicorum
1222 2288 1387 2343 domo
1428 2288 1858 2359 prodeuntibus,
1908 2299 1995 2345 est

416 2378 778 2434 credendum.
832 2377 1003 2433 Erant
1044 2379 1189 2434 enim
1239 2378 1487 2449 quidam,
1515 2380 1609 2448 qui
1659 2380 1813 2450 prius
1843 2381 1999 2434 vide-

421 2470 623 2524 bantur
660 2484 783 2525 esse
818 2484 885 2523 ex
921 2469 1103 2535 nobis,
1157 2488 1176 2521 ι
1207 2468 1303 2523 sed
1353 2485 1463 2524 non
1505 2479 1664 2525 erant
1701 2486 1767 2526 ex
1815 2472 1995 2526 nobis.

420 2561 478 2616 Si
509 2577 639 2617 vero
670 2562 903 2618 fuissent
928 2576 995 2616 ex
1021 2562 1202 2628 nobis,
1233 2562 1568 2617 mansissent
1597 2563 1786 2632 utique
1808 2563 1999 2620 nobis—

416 2667 544 2707 cum
575 2652 676 2718 “,i
710 2661 761 2707 et
781 2666 887 2706 non
919 2652 1341 2707 conturbassent
1357 2652 1572 2707 fratres.
1606 2671 1625 2705 ι
1650 2652 2001 2709 Exacuerunt

416 2744 585 2809 enim,
618 2753 681 2799 ut
713 2744 1337 2815 aitPropheta,linguas
1360 2760 1490 2800 suas
1510 2745 1655 2800 sicut
1690 2755 1990 2815 serpentes,

416 2852 690 2891 venenum
724 2837 978 2906 aspidum
1010 2836 1118 2893 sub
1142 2836 1303 2892 labiis
1348 2852 1540 2893 eorum
1566 2838 1631 2892 “.
1663 2856 1681 2889 ι
1733 2837 1987 2910 Quapro-

416 2936 539 2998 pter
583 2928 638 2984 hi
670 2929 963 2999 respuendi
995 2936 1148 2995 sunt,
1190 2929 1239 2985 si
1283 2929 1682 2999 incorrigibiles
1719 2945 1995 3001 apparue-

416 3020 557 3083 rint,
593 3028 649 3075 et
676 3019 918 3086 vitandi,
969 3036 1038 3075 ne
1069 3019 1302 3077 Domino
1327 3020 1657 3077 famulantes
1692 3021 1993 3091 decipiant.

2103 1915 2371 1985 sanguine
2414 1917 2754 1987 redemptus,
2794 1920 2849 1973 in
2877 1920 3260 1989 praecipitium,
3305 1919 3454 1989 quod
3508 1919 3685 1973 absit!

2102 2017 2245 2064 ruat.
2278 2008 2506 2079 Propter
2539 2010 2687 2079 quod
2730 2028 2748 2060 ‹
2772 2012 3038 2066 assumite
3070 2019 3408 2066 armaturam
3443 2010 3559 2074 Dei,
3582 2028 3604 2063 ι
3633 2020 3693 2065 ut

2102 2102 2328 2173 possitis
2372 2104 2631 2159 resistere
2663 2104 2749 2160 his
2794 2103 2887 2173 qui
2925 2104 3313 2158 contradicunt
3343 2104 3562 2158 veritati
3590 2121 3604 2158 :
3635 2114 3691 2157 et

2108 2194 2361 2249 «induite
2411 2209 2507 2249 vos
2555 2195 2785 2249 loricam
2827 2196 3090 2265 justitiae,
3143 2196 3374 2252 calceati
3420 2197 3585 2268 pedes
3633 2197 3688 2251 in

2101 2288 2501 2360 praeparatione
2532 2287 2816 2359 Evangelii
2843 2288 2995 2358 pacis
3021 2290 3088 2344 "°.
3112 2307 3132 2340 ι

2863 2379 2928 2434 ll.

2422 2472 2497 2526 De
2532 2472 2855 2542 appellanda
2896 2474 3015 2528 sede
3050 2473 3360 2542 apostolica.

2171 2566 2215 2599 "
2253 2566 2309 2622 Si
2342 2568 2468 2638 quis
2496 2582 2625 2622 vero
2656 2576 2903 2622 vestrum
2934 2567 3187 2635 pulsatus
3220 2566 3386 2622 fuerit
3411 2566 3466 2621 in
3502 2566 3687 2637 aliqua

2100 2657 2452 2725 adversitate,
2484 2657 2731 2723 licenter,
2769 2658 2912 2712 hanc
2948 2666 3193 2713 sanctam
3238 2666 3293 2712 et
3326 2658 3686 2727 apostolicam

2101 2750 2331 2820 appellet
2375 2750 2580 2815 sedem,
2622 2758 2679 2805 et
2707 2750 2775 2804 ad
2806 2764 2949 2815 eam,
2979 2749 3138 2820 quasi
3185 2750 3253 2804 ad
3289 2758 3475 2820 caput,
3517 2750 3691 2805 sulfu—

2100 2843 2251 2913 gium
2290 2842 2508 2908 habeat,
2544 2857 2615 2897 ne
2647 2843 2915 2899 innocens
2964 2841 3277 2908 damnetur,
3317 2851 3412 2899 aut
3445 2842 3690 2900 Ecclesia

2100 2951 2200 2991 sua
2231 2935 2621 2991 detrimentum
2647 2935 2904 3005 patiatur.
2946 2933 3005 2990 Si
3028 2944 3213 2991 autem
3237 2936 3286 2992 ei
3312 2951 3539 2992 necesse
3567 2937 3689 2993 fue-

2099 3027 2173 3082 rit
2194 3028 2239 3060 "
2265 3042 2498 3097 eamque
2527 3027 2804 3097 appellare
2840 3026 3065 3082 minime
3090 3043 3262 3085 ausus
3291 3027 3475 3095 fuerit,
3505 3038 3560 3085 et
3589 3045 3690 3085 vo-

423 3128 443 3163 (
486 3111 638 3168 State
669 3127 821 3182 ergo,
881 3111 1228 3171 dilectissimi
1255 3155 1269 3180 ,
1305 3128 1470 3184 super
1499 3114 1638 3180 vias,
1672 3114 1995 3184 aspicientes
2026 3137 2070 3196 α
2103 3127 2259 3175 catus
2290 3128 2472 3175 tamen
2504 3119 2573 3175 ab
2603 3120 2706 3175 hac
2745 3128 2937 3175 sancta
2971 3123 3099 3177 sede
3131 3119 3319 3188 fuerit;
3352 3136 3462 3176 non
3496 3132 3693 3181 renuat

416 3215 471 3261 et
500 3207 905 3277 interrogantes
928 3205 998 3261 de
1022 3206 1233 3262 semitis
1257 3206 1473 3262 Domini
1530 3207 1798 3277 antiquis,
1833 3219 1889 3263 et
1913 3208 1998 3262 vi-

415 3302 541 3357 dete
572 3318 696 3372 quae
727 3313 812 3358 est
838 3303 925 3357 via
946 3302 1161 3357 Domini
1185 3302 1330 3359 bona
1363 3312 1418 3358 et
1442 3312 1615 3369 recta,
1648 3311 1702 3357 et
1727 3303 2003 3358 ambulate

418 3394 476 3448 in
507 3410 591 3459 ea,
626 3406 680 3449 et
712 3395 1004 3450 invenietis
1038 3395 1283 3464 requiem
1329 3395 1618 3449 animabus
1648 3397 1846 3451 vestris
1871 3397 1938 3450 ⁸⁵.
1974 3413 1995 3448 ι

415 3486 547 3542 Data
578 3503 667 3541 xvr
693 3488 738 3519 “
761 3487 988 3542 Kalend.
1019 3487 1167 3552 Maii,
1196 3488 1301 3543 sub
1319 3486 1563 3541 Adriano
1587 3496 1641 3542 et
1664 3487 1805 3543 Vero
1828 3489 1892 3542 ".

986 3578 1320 3636 EPISTOLA
1359 3578 1423 3633 li.

898 3688 966 3727 ΔΙ)
1007 3686 1179 3726 οιΝεε
1211 3686 1512 3727 ECCLESIAS.

489 3765 697 3831 Sixtus,
731 3764 1061 3819 universalis
1096 3764 1413 3833 apostolica:
1444 3764 1557 3833 (15)
1589 3762 1847 3819 Ecclesia
1875 3764 1995 3835 epi-

415 3874 638 3930 scopus,
663 3857 921 3912 omnibus
945 3854 1219 3925 episc0pis
1250 3854 1304 3909 in
1330 3855 1585 3919 Domino,
1614 3855 1871 3911 salutem.

2103 3210 2320 3277 venire;
2356 3210 2452 3266 sed
2494 3209 2821 3277 confestim,
2848 3218 2908 3265 ut
2936 3210 2985 3264 ei
3021 3211 3334 3266 nuntiatum
3378 3210 3563 3280 fuerit,
3593 3228 3691 3268 ve-

2107 3305 2228 3359 nire
2274 3304 2515 3371 festinet,
2552 3313 2608 3359 et
2653 3318 2871 3370 causas,
2907 3319 3007 3375 pro
3055 3303 3261 3373 quibus
3302 3313 3529 3361 vocatus
3584 3312 3690 3371 est,

2104 3395 2403 3464 prudenter
2429 3394 2706 3466 disponat,
2737 3404 2901 3464 atque
2928 3395 2975 3450 si
3004 3410 3233 3451 necesse
3271 3394 3478 3464 aliquid
3516 3396 3692 3451 corri—

2106 3502 2231 3559 gere
2260 3486 2448 3552 fuerit,
2471 3501 2595 3541 cum
2629 3487 2715 3541 his
2740 3501 2880 3555 quos
2906 3486 2995 3539 hic
3015 3485 3222 3555 primos
3252 3485 3542 3551 invenerit,
3571 3502 3693 3542 cor-

2110 3578 2267 3648 rigat.
2300 3576 2350 3607 "
2376 3574 2457 3631 Ad
2480 3576 2781 3634 Ecclesiam
2815 3588 2998 3632 tamen
3031 3592 3187 3631 suam
3222 3575 3338 3647 (l6)
3394 3593 3504 3632 non
3536 3576 3691 3645 prius

2107 3676 2447 3732 revertatur,
2495 3684 2660 3737 quam
2704 3668 2901 3724 litteris
2939 3667 3257 3738 apostolicis
3302 3667 3389 3722 vel
3440 3667 3692 3721 formatis

2106 3760 2337 3831 pleniter
2391 3760 2693 3816 instructus
2744 3768 2909 3829 atque
2952 3768 3218 3831 purgatus
3265 3759 3368 3825 sit,
3427 3759 3473 3814 si
3526 3758 3691 3814 fuerit

2105 3853 2271 3919 unde,
2306 3860 2369 3906 ut
2407 3860 2695 3923 postquam
2726 3852 2951 3906 domum
2984 3867 3238 3907 reversus
3269 3850 3456 3915 fuerit,
3485 3867 3691 3922 (ποειιο-

488 4000 529 4032 ⁶¹
562 4000 706 4053 Idem
739 3998 878 4052 infra
911 3997 963 4050 in
996 3995 1156 4066 epist.
1180 3991 1337 4066 AJulii
1372 4009 1524 4063 papae
1556 3992 1620 4059 ll,
1659 4009 1777 4066 cap.
1827 3995 1916 4066 ll,
1939 3999 2003 4053 ad
2023 3994 2190 4052 lladr‘.
2224 3998 2349 4051 coll.
2386 4013 2508 4066 cap.
2542 3998 2596 4051 Ιι.
2672 3998 2717 4028 θ’
2750 4012 2815 4050 ex
2852 3995 3159 4053 Enchiridio
3185 3996 3343 4065 Xysti
3379 3996 3689 4066 philosophi

416 4073 699 4138 desumpta
730 4068 998 4121 sententia
1031 4064 1134 4119 'est
1171 4064 1295 4138 156,
1327 4080 1391 4138 es
1418 4066 1675 4138 versione

416 4159 479 4205 ιι,
511 4132 626 4196 19.’
708 4139 754 4170 ⁸⁸
776 4138 919 4193 Psal.
953 4152 1175 4200 cxmx,
1198 4137 1250 4189 4.
1348 4135 1393 4166 ⁸⁵
1420 4132 1529 4188 Jer.
1564 4151 1637 4197 γι,
1680 4135 1764 4189 16.

417 4365 666 4409 vestrum.

489 4473 602 4540 (15‘;
646 4468 970 4525 Universalis
991 4466 1339 4540 iapostolicw.
1374 4462 1428 4518 In
1462 4464 1628 4540 hujus
1655 4465 1897 4534 epistol:e
1927 4465 1995 4517 ti-

1774 4064 1921 4119 ufiini
1953 4067 2046 4135 qui
2083 4068 2191 4123 260
2233 4079 2355 4136 post
2393 4064 2606 4122 Sixtum
2639 4068 2659 4120 Ι
2695 4082 2889 4135 papam
2941 4069 3100 4120 annis
3134 4064 3283 4120 vixit.

1866 4136 1911 4167 °°
1937 4153 2070 4190 xvn.
2168 4140 2212 4170 ⁸⁷
2244 4138 2378 4190 falsa
2414 4140 2733 4190 consulatus
2760 4145 2909 4189 nota.
2988 4137 3031 4166 ⁸⁸
3083 4135 3159 4190 De
3188 4152 3283 4189 con

419 4176 452 4196 ..
518 4176 596 4196 ω.
776 4176 797 4192 .
822 4176 919 4193 οη..
954 4176 1151 4191 πμ...
1198 4176 1250 4189 τ.
1420 4176 1529 4188 νυ..
1574 4176 1613 4188 ..
1682 4176 1764 4189 ..μ
1938 4176 2070 4190 ......
2244 4176 2379 4195 .....,..
2414 4176 2733 4193 causam...
3083 4176 3157 4190 ..ν
3188 4176 3325 4192 πη...

419 4183 482 4266 lii
530 4222 711 4267 sancla
741 4177 1226 4279 apostolica._lde_rn
1254 4205 1402 4279 infra
1438 4177 1742 4279 in_deci'et._
1770 4204 2027 4279 Stephani
2063 4210 2106 4267 Ι,
2148 4210 2310 4279 cuius
2348 4209 2568 4279 initium
2604 4219 2685 4279 est
2712 4227 2724 4260 :
2756 4206 3325 4279 Quanquanisperem.

418 4284 462 4315 ⁷ο
494 4283 693 4352 Ephes.
741 4270 815 4345 vi,
852 4279 967 4352 _ll,
1016 4277 1102 4352 Μ,
1269 4308 1338 4315 -—
1386 4275 1442 4352 in
1497 4275 1632 4352 L_uc.
1680 4270 1930 4331 additur;
1967 4270 2106 4352 item
2140 4270 2321 4352 Sirius
2348 4278 2404 4334 in
2428 4274 2927 4352 secundq‘epistola.

742 4353 787 4382 τ’
815 4350 863 4403 ei
897 4348 1143 4403 evenerit.
1178 4345 1596 4405 Luc.:eivcnire
1635 4356 1790 4416 atque
1825 4347 2093 4416 appellare
2130 4351 2343 4403 minime
2376 4352 2559 4417 fuerit.

3393 4067 3437 4097 ⁸³
3470 4064 3686 4139 idean.
3736 4130 3739 4139 ι

2988 4137 3031 4166 ⁸⁸
3083 4135 3159 4190 De
3188 4152 3418 4192 consecr.
3464 4137 3591 4190 dist.
3624 4138 3686 4189 l:
3736 4144 3737 4147 ‘

2988 4222 3078 4260 tam
3104 4222 3325 4273 sperent.
3404 4209 3446 4242 θ’
3483 4208 3688 4273 plagas.

2168 4140 2212 4170 ⁸⁷
2244 4138 2379 4195 falsa
2414 4140 2733 4193 consulatus
2760 4145 2909 4189 nota.

3065 4277 3107 4306 “¹¹
3142 4278 3197 4335 ‘2.
3248 4292 3301 4344 q.
3355 4277 3421 4331 6:
3460 4279 3519 4332 Si
3572 4281 3689 4347 quis

2636 4348 2681 4378 ⁷³
2710 4350 2765 4415 8,
2797 4366 2854 4420 q.
2883 4349 2916 4404 5
2952 4369 2965 4403 :
3000 4345 3232 4412 Quilibet
3256 4347 3511 4415 fratrum.

2105 4483 2268 4521 mauo
2325 4468 2567 4525 pontifici
2623 4468 2723 4522 soli
2781 4467 3077 4522 convenire
3130 4466 3407 4520 evidenter
3467 4464 3695 4519 convin-

417 4526 531 4598 tul‘o
560 4526 776 4595 Sixtus
823 4526 1097 4608 pomiferi,
1136 4552 1268 4608 non,
1317 4543 1377 4587 ut
1431 4526 1655 4608 quidam
1688 4526 1998 4608 'novatores
2033 4526 2075 4580 ί)
2104 4548 2256 4593 cunt.
2296 4536 2366 4592 Ut
2415 4539 2643 4608 reliquis
2690 4537 3346 4608 Cliristianzegreligionis
3391 4535 3691 4608 episcopis.

416 4613 590 4668 nostri
621 4605 884 4679 temporis
907 4615 1191 4670 notarunt,
1221 4605 1363 4660 fastu
1392 4607 1681 4679 superbiae,
1715 4614 1809 4679 aut
1840 4605 1998 4679 titulo

417 4675 869 4739 inconvenienter
921 4687 1189 4746 usurpato
1249 4692 1309 4731 se
1361 4676 1688 4730 universalis
1741 4675 2002 4730 Ecclesia:

417 4757 737 4823 episcOpum
768 4751 1036 4823 nominat,
1060 4749 1152 4802 sed
1171 4748 1380 4823 iureac
1402 4747 1558 4823 titulo
1580 4747 2001 4823 successoribus

418 4816 563 4879 Petri
585 4816 854 4892 [propter
898 4820 1068 4892 legem
1102 4828 1156 4892 et
1188 4817 1585 4892 institutionem
1627 4816 1854 4892 Christi,
1877 4816 2001 4892 j_us—_

420 4885 864 4950 tissime—debito.
904 4885 1003 4943 cei
1047 4889 1192 4943 enim
1224 4886 1464 4941 universi
1496 4888 1672 4956 gregis
1703 4885 2004 4941 Christiani

420 4965 711 5047 pastoralis
738 4976 867 5047 cura
900 4960 1223 5047 demandata
1253 4966 1356 5022 est,
1374 4956 1577 5047 :loann.
1606 4972 1726 5024 cap.
1755 4973 1868 5037 xiii,
1894 4972 2004 5047 non

423 5027 612 5105 inique
648 5035 865 5086 titulum
922 5031 1145 5105 sibi_d_e
1191 5028 1321 5105 jure
1358 5027 1545 5105 divino
1591 5028 2004 5105 convenientem

422 5095 672 5174 usurpat.
711 5102 890 5168 Quid?
917 5100 1059 5171 quod
1093 5097 1436 5174 Ter-tulliano
1470 5098 1610 5150 libro
1647 5095 1719 5149 De
1745 5098 2007 5174 pudicitia

422 5166 599 5243 capite
628 5166 803 5243 primo
830 5166 1141 5234 atte'stante,
1168 5166 1354 5243 Victor
1380 5178 1406 5206 ι
1436 5182 1574 5235 papa
1605 5181 1664 5220 se
1694 5167 2005 5243 pontificem

424 5237 727 5299 maxim-um
777 5252 831 5297 et
884 5244 1201 5309 episcopum
1267 5240 1651 5309 episcoporum
1724 5237 2005 5291 nominet?

430 5337 447 5366 ε
476 5315 674 5376 Audio,
700 5313 878 5382 inquit
910 5308 1305 5382 Tertulliauusg
1333 5310 1497 5363 etiam
1525 5308 1764 5382 “"99"”
1800 5323 2003 5382 prii-po-

424 5388 612 5449 situm,
653 5396 705 5438 et
736 5376 953 5453 quidem
982 5380 1405 5453 peremptorium
1436 5396 1449 5430 :
1492 5376 1757 5453 pontifex,
1799 5378 2005 5453 scilicet

430 5446 722 5519 maximus,
750 5446 802 5507 et
848 5446 1141 5521 episcopus
1173 5446 1565 5521 episcoporum
1603 5448 1735 5521 dicit
1767 5464 1778 5499 :
1805 5446 1917 5515 Ego
1940 5456 2005 5521 et

428 5527 657 5581 ltlwcills
690 5517 744 5578 et
789 5517 1169 5577 fornicationis
1214 5517 1431 5581 delicta,
1465 5539 1480 5569 ι
1514 5528 1617 5571 etc.
1669 5517 1801 5582 Quae
1843 5519 2005 5571 verba

436 5598 541 5650 sive
584 5594 1108 5663 Tertulliani,sive,
1140 5590 1287 5663 quod
1326 5589 1676 5663 probabilius
1704 5597 1807 5663 est,
1844 5588 2005 5663 edicti

425 5668 573 5732 sint,
617 5668 885 5719 universa:
917 5656 1200 5717 Ecclesia:
1240 5656 1485 5729 regimen
1539 5674 1602 5713 ac
1644 5659 1859 5715 titulum
1909 5656 2009 5712 lto.

508 5816 536 5846 ι
565 5805 929 5877 1ephyrinum
966 5804 1149 5877 potius
1182 5804 1449 5876 intelligit.

2148 4609 2203 4661 ui
2228 4624 2424 4664 omnes
2452 4606 2605 4677 aeque
2636 4609 2837 4663 summi
2870 4606 3181 4662 sacerdotes
3215 4616 3378 4674 atque
3410 4607 3695 4677 pontifices

2150 4679 2428 4732 iceliantur
2467 4673 2550 4747 (ut
2584 4678 2780 4731 Baron.
2822 4678 3009 4731 multis
3050 4673 3326 4745 exemplis
3359 4673 3591 4747 inmotis
3625 4673 3693 4727 ad

2110 4747 2271 4803 Rom.
2322 4745 2551 4819 martyr.
2601 4750 2689 4804 die
2731 4748 2764 4799 9
2799 4748 3001 4815 Aprilis
3049 4748 3365 4819 declarat),
3417 4745 3697 4819 [inmanius

2109 4820 2350 4889 pontifex
2378 4860 2392 4881 ,
2429 4815 2582 4873 urbis
2623 4829 2677 4873 et
2714 4819 2865 4871 orbis
2902 4819 3068 4871 totius
3102 4818 3415 4889 episcopus,
3454 4815 3600 4868 Petri
3639 4816 3692 4865 in

2107 4887 2308 4944 ciliciis
2338 4900 2391 4943 et
2425 4889 2720 4958 privilegiis
2765 4903 3076 4951 successor,
3109 4887 3533 4958 discerneretur,
3558 4902 3694 4958 Anie-

2111 4961 2248 5022 rito,
2286 4956 2507 5028 propter
2541 4956 2929 5028 pncrogativas
2980 4958 3353 5025 apostolorum
3396 4956 3626 5023 principi
3664 4972 3695 5008 a

2108 5029 2332 5083 Christo
2385 5027 2995 5096 concessas‘fpontifex
3052 5027 3346 5090 maximus,
3402 5028 3697 5093 episcopus

2110 5101 2494 5168 episcoporum
2533 5101 2835 5168 appellatus
2870 5108 2972 5151 est.
3016 5096 3109 5150 llis
3146 5097 3317 5149 titulis
3366 5096 3698 5168 non_omui-

2110 5166 2214 5223 bus
2260 5166 2316 5222 iii
2351 5172 2514 5223 rebus
2552 5166 2628 5223 uti
2665 5179 3108 5231 consueverunt,
3158 5168 3253 5221 sed
3312 5176 3424 5218 tum
3475 5166 3696 5219 demunt
3772 5222 3775 5225 _

2110 5253 2235 5294 cum
2273 5241 2402 5309 quid
2440 5240 2653 5308 puhlice
2689 5241 2741 5291 in
2771 5240 3066 5309 universali
3105 5236 3350 5309 Ecclesia
3373 5235 3697 5309 edicendum

2109 5306 2368 5389 essay—ut
2417 5306 2613 5389 accidit
2667 5306 3287 5389 [CIIIPQI‘B“Tcl‘llli‘iiaill
3316 5306 3394 5387 .in
3448 5306 3694 5389 promul-

2112 5381 2289 5448 gaiulo
2326 5382 2544 5433 decreto
2580 5380 2646 5433 de
2682 5377 3005 5447 recipiendis
3042 5380 3092 5431 in
3124 5377 3417 5448 Ecclesium
3454 5377 3696 5448 fornica—

2110 5446 2208 5503 riis
2243 5452 2654 5519 paenitentibus.
2687 5448 2819 5503 Vide
2852 5450 3142 5503 Barouiuin
3169 5463 3311 5501 anno
3334 5446 3537 5519 Christi
3574 5446 3693 5519 lli,

2114 5536 2167 5574 η.
2206 5514 2322 5575 [et
2356 5522 2481 5581 2l6,
2521 5538 2666 5574 num.
2698 5520 2731 5573 4
2760 5529 2813 5573 et
2843 5536 2995 5588 seqq.
3028 5536 3199 5586 usque
3216 5520 3280 5572 ad
3307 5518 3387 5569 l2.
3428 5517 3551 5588 ch.
3579 5514 3691 5570 lin.

2187 5590 2298 5660 (l6)
2337 5592 2417 5643 Ad
2453 5590 2745 5644 Ecclesium
2781 5587 2952 5643 tamen
3000 5606 3171 5643 suam.
3225 5588 3353 5660 Vide
3383 5605 3503 5660 qua;
3536 5587 3697 5660 habet

2115 5657 2371 5719 Bellaria.
2411 5664 2502 5719 lib.
2542 5678 2559 5717 ι
2597 5662 2670 5716 De
2712 5661 2863 5722 Rom.
2906 5672 3077 5730 pout.,
3105 5676 3225 5731 cap.
3275 5657 3508 5727 Ἡμιὺί
3553 5657 3694 5711 inter
