4142 6382
472 329 609 386 1οἹ9

1771 329 2202 410 TELESPHOBI
2238 330 2442 410 paras

3572 332 3710 388 1080

469 457 626 504 scant
653 447 818 502 vicini
849 447 955 513 sui,
979 446 1212 514 qualiter
1241 447 1329 502 hic
1361 463 1461 506 sua
1499 447 1843 517 aliorumque
1872 464 2038 503 causa
2072 456 2112 508 A
2141 459 2321 503 autem
2368 449 2524 504 aliter
2571 463 2732 519 agere
2776 449 3199 520 praesumpserit,
3232 456 3370 504 serat
3416 463 3706 505 censuram

465 537 718 594 discussa
746 536 930 600 fuerit,
968 546 1241 606 quatenus
1268 552 1386 591 eam
1414 539 1620 606 absque
1651 539 1830 606 aliqua
1862 540 2036 592 ambi-

467 627 671 698 guitate
696 627 946 680 nuntiare
971 635 1024 680 et
1054 626 1346 696 praedicare
1375 627 1630 682 omnibus
1660 628 1862 696 possit;
1893 627 1937 658 ⁷⁵
1967 628 2036 682 ab

467 721 570 775 hac
608 721 752 774 enim
793 729 982 786 sancta
1028 721 1177 785 sede,
1219 735 1249 773 a
1293 721 1496 776 sanctis
1540 721 1825 790 apostolis,
1869 722 2032 786 tueri,

463 809 678 864 defendi
706 818 760 865 et
787 810 1008 876 liberari
1042 811 1281 881 episcopi
1308 813 1446 881 jussi
1485 820 1632 876 sunt,
1667 820 1728 866 ut
1761 812 1902 866 sicut
1940 827 2034 865 eo-

462 917 585 957 rum
618 901 996 971 dispositione,
1029 902 1317 958 ordinante
1347 902 1600 970 Domino,
1626 904 1876 973 primitus
1906 913 2034 959 sunt

462 993 768 1060 constituti,
787 993 866 1049 sic
893 995 1058 1064 hujus
1085 1005 1288 1051 sanetae
1313 997 1479 1059 sedis,
1501 996 1659 1066 cujus
1684 997 2030 1065 dispositioni

459 1099 650 1138 eorum
695 1099 890 1140 causas
929 1093 982 1139 et
1018 1085 1224 1156 judicia
1269 1096 1639 1152 servaverunt,
1671 1088 2028 1157 protectione,

459 1175 660 1230 futuris
689 1177 1026 1244 temporibus
1055 1177 1164 1232 sint
1191 1178 1259 1232 ab
1289 1179 1545 1234 omnibus
1579 1169 2032 1247 perversitatibus

459 1282 674 1335 semper
712 1268 886 1331 liberi.
932 1266 1086 1322 Unde
1128 1269 1417 1338 culpantur
1456 1269 1512 1324 hi
1549 1269 1642 1340 qui
1685 1269 1845 1324 aliter
1885 1269 2028 1324 circa

457 1356 655 1416 fratres
680 1360 906 1428 egerint,
929 1376 1096 1430 quam
1120 1361 1284 1432 hujus
1316 1362 1461 1417 sedis
1487 1361 1789 1435 rectoribus
1816 1362 2028 1433 placere

458 1453 834 1523 cognoverint.

527 1632 606 1686 De
637 1635 892 1703 episcopis
915 1635 1065 1689 rebus
1097 1637 1358 1705 spoliatis,
1388 1637 1465 1690 vel
1495 1653 1526 1690 a
1551 1636 1670 1690 sede
1703 1635 1950 1705 pulsatis.

527 1723 624 1780 liis
663 1726 841 1780 taliter
881 1727 1277 1794 consideratis,
1313 1734 1477 1796 atque
1523 1743 1648 1782 cum
1686 1728 2021 1798 reliquorum

2138 540 2301 609 hujus
2328 541 2472 595 sedis
2498 556 2621 595 cum
2655 541 2907 595 omnibus
2934 541 3193 596 membris
3223 539 3338 600 suis
3371 540 3474 595 sibi
3511 553 3707 596 ventu-

2136 646 2273 685 ram.
2309 630 2374 686 Et
2404 632 2544 686 sicut
2569 631 2762 700 egerit,
2800 631 2872 684 ita
2899 630 3153 699 recipiet;
3189 631 3235 684 si
3269 631 3429 695 bene,
3459 629 3628 698 bene;
3659 631 3706 687 sl

2135 737 2317 791 grave,
2338 737 2527 791 grave;
2555 722 2599 777 si
2626 721 2879 791 pessime,
2899 722 3162 790 pessime:
3187 739 3206 772 ι
3231 721 3486 790 quoniam
3510 721 3709 790 dignus

2132 822 2217 867 est
2241 812 2524 882 operarius
2551 813 2797 867 mercede
2822 828 2921 866 sua
2944 813 3009 866 ⁷⁸.
3033 832 3051 863 ι
3086 811 3218 876 Nos,
3247 811 3463 876 fratres,
3495 813 3704 868 nullum

2133 904 2357 973 perdere
2386 905 2654 970 volumus,
2684 904 2777 958 sed
2819 904 2934 973 ipse
2960 919 3018 958 se
3047 903 3245 973 perdit,
3274 903 3366 973 qui
3395 904 3482 973 pie
3517 904 3704 958 consi-

2131 994 2320 1048 derata
2350 995 2566 1059 avertit,
2593 1002 2648 1048 et
2680 994 2773 1063 qui
2806 993 3176 1063 apostolorum
3217 1003 3271 1048 et
3300 993 3465 1062 hujus
3503 1001 3706 1048 sanctae

2131 1085 2276 1139 sedis
2305 1084 2522 1139 decreta
2550 1083 2780 1138 libenter
2807 1083 2990 1138 violat.
3023 1085 3067 1115 τ’
3111 1103 3128 1136 ‹
3157 1083 3262 1139 Sed
3290 1099 3456 1148 nunc,
3484 1083 3701 1149 fratres,

2130 1175 2578 1230 commendamus
2609 1190 2705 1230 vos
2729 1190 2918 1230 omnes
2955 1174 3206 1240 Domino,
3233 1183 3288 1230 et
3312 1175 3480 1228 verbo
3517 1173 3704 1244 gratia:

2127 1266 2268 1336 ejus,
2299 1266 2391 1336 qui
2419 1274 2597 1336 potest
2627 1267 2884 1335 perlicere
2909 1275 2963 1322 et
2991 1267 3121 1322 dare
3151 1267 3518 1322 hazreditatem
3543 1266 3702 1322 vobis

2127 1373 2252 1413 cum
2298 1358 2550 1412 omnibus
2598 1358 2802 1414 sanctis
2830 1358 2896 1412 ⁷⁸.
2939 1377 2956 1410 ›
2995 1360 3117 1428 Ipse
3152 1368 3332 1413 autem
3363 1357 3506 1413 Deus
3549 1359 3701 1428 pacis

2126 1459 2181 1505 et
2220 1451 2631 1516 consolationis,
2666 1451 2798 1506 idet
2825 1452 2978 1506 vobis
3023 1452 3257 1522 idipsum
3299 1466 3490 1520 sapere
3529 1450 3582 1505 in
3621 1450 3702 1504 al-

2125 1549 2457 1604 terutrum,»
2507 1550 2566 1596 ut
2607 1541 2762 1597 vobis
2811 1542 3042 1596 invicem
3086 1541 3457 1607 succurratis,
3496 1550 3551 1596 et
3588 1556 3698 1596 non

2125 1632 2246 1688 sitis
2294 1633 2474 1700 divisi,
2507 1651 2526 1685 ‹
2551 1641 2611 1687 ιιι
2653 1633 2972 1700 unanimes,
3011 1649 3120 1687 uno
3160 1649 3256 1689 ore
3298 1642 3353 1687 et
3389 1647 3500 1688 uno
3535 1633 3700 1689 corde

2125 1722 2546 1779 bonorilicemus
2566 1739 2690 1780 eum
2721 1725 2774 1778 in
2806 1725 3099 1780 concordia
3121 1727 3165 1756 ⁷⁸
3189 1745 3206 1777 ι
3243 1735 3295 1780 ει
3319 1725 3698 1781 consolatione

454 1817 836 1886 episcoporum
881 1817 1134 1883 decretis,
1175 1825 1436 1888 tanquam
1464 1817 1512 1849 ⁸⁵
1545 1797 2021 1870 omniumcuram
2054 1797 2096 1851 Β
2125 1813 2390 1880 fratrum,
2443 1815 2576 1887 (qui
2629 1825 2822 1886 potens
2874 1828 2955 1872 εει
2998 1817 3325 1872 confirmare
3393 1817 3694 1872 secundum

451 1916 726 1977 gerentes,
754 1918 973 1978 prepter
998 1909 1141 1963 sedis
1165 1909 1397 1979 propriae
1424 1909 1634 1978 apicem
1655 1907 2021 1974 decernimus,

453 2007 514 2052 ut
556 2014 716 2053 nemo
751 1999 1086 2068 pontiﬁcum,
1121 2000 1354 2070 aliquem
1397 2001 1512 2055 suis
1555 2000 1717 2054 rebus
1753 1999 2024 2068 exspolia-

451 2098 567 2169 tum
614 2092 953 2158 episcopum,
991 2099 1084 2145 aut
1123 2106 1154 2144 a
1194 2091 1322 2146 sede
1366 2091 1605 2160 pulsum,
1645 2089 2024 2147 excommuni-

448 2191 577 2234 care
607 2188 702 2234 aut
722 2180 971 2250 judicare
1010 2190 1337 2250 prmsumat;
1371 2182 1499 2252 quia
1535 2197 1644 2236 non
1678 2191 1761 2237 est
1801 2181 2024 2252 privile-

448 2270 620 2343 gium,
652 2286 761 2341 quo
806 2258 1096 2344 exspoliari
1142 2273 1317 2352 possit
1353 2272 1464 2343 jam
1499 2274 1756 2345 nudatus.
1805 2271 1862 2327 Si
1897 2273 2022 2343 quis

2125 1904 2479 1977 Evangelium
2524 1907 2664 1978 ejus,
2696 1908 2850 1978 juxta
2893 1909 3275 1964 revelationem
3324 1910 3565 1980 mysterii
3601 1909 3688 1962 ⁸ο»

2127 1998 2336 2064 aeterni,
2376 1996 2711 2067 temporibus
2744 1997 2950 2052 scilicet
2980 1998 3278 2068 perpetuis,
3310 1998 3510 2067 quibus
3537 1997 3693 2055 vobis

2122 2103 2355 2146 munera
2385 2089 2688 2145 futurorum
2715 2089 3036 2160 gaudiorum
3064 2090 3341 2160 largienda
3373 2099 3521 2144 sunt.

2197 2180 2328 2234 Data
2371 2197 2426 2235 ιχ
2460 2179 2689 2235 Kalend.
2733 2180 2960 2250 Aprilis,
2989 2181 3232 2238 Adriano
3273 2188 3328 2237 et
3367 2179 3511 2237 Vero
3557 2179 3694 2237 viris

2124 2272 2445 2329 clarissimis
2473 2273 2791 2328 consulibus
2815 2273 2881 2328 ⁸⁸.

447 2572 793 2641 Decretum
833 2575 993 2637 Sixti
1026 2591 1104 2641 ex
1143 2576 1363 2640 codice
1391 2579 1467 2660 16
1504 2578 1846 2656 librorum,
1892 2577 2007 2643 lib.
2039 2597 2150 2719 ltvl,
2183 2595 2319 2718 clap.
2358 2579 2422 2665 5,¹
2454 2577 2720 2644 dubium
2755 2581 2991 2653 tamen,
3051 2592 3130 2639 an
3170 2574 3382 2654 primi,
3421 2576 3688 2640 secundi

1955 2676 2030 2719 ve
2140 2676 2205 2719 er
2241 2677 2308 2718 ιι.

1955 2676 2057 2720 vel
2115 2676 2308 2720 term.

443 2813 526 2867 De
548 2813 883 2885 presbyteris,
917 2833 1257 2890 pergnaram
1286 2819 1657 2888 negligentiam
1683 2821 1796 2874 sine
1823 2822 2022 2890 baptis-

797 2897 936 2940 mate
965 2887 1168 2956 .aliquis
1202 2887 1441 2942 mortuus
1485 2891 1664 2957 fuerit.

517 2993 860 3064 Perpendaut
911 2999 1245 3070 presbyteri,
1289 3001 1476 3071 quanti
1525 3002 1860 3059 discriminis
1914 3005 2018 3070 sit,

445 3087 658 3142 animas
680 3087 1031 3144 innocentum
1057 3107 1150 3160 per
1174 3107 1364 3147 eorum
1392 3079 1770 3165 negligentiam
1798 3111 1828 3148 a
1854 3110 2021 3164 regno

444 3176 542 3232 Dei
587 3177 823 3234 excludi.
857 3178 912 3234 Si
953 3183 1100 3236 enim
1141 3185 1400 3254 gaudium
1446 3195 1530 3240 est
1577 3185 1629 3239 in
1677 3185 1815 3241 ccelo
1857 3199 2021 3255 super

445 3283 557 3324 uno
596 3279 882 3338 peccatore
915 3275 1294 3342 paenitentiam
1340 3287 1535 3348 agente
1557 3278 1637 3344 9';
1671 3278 1800 3353 quid
1837 3287 2015 3347 putas,

442 3370 645 3445 quanta
689 3362 769 3418 ira
807 3372 862 3418 et
901 3366 1201 3436 indignatio
1238 3384 1403 3439 super
1439 3371 1591 3446 illum
1634 3363 1770 3436 erit,
1798 3369 1890 3440 qui
1923 3384 2017 3438 per

2128 2835 2283 2874 suam
2331 2818 2714 2891 negligentiam
2757 2819 2981 2890 januam
3030 2819 3271 2889 paradisi
3313 2819 3695 2875 innocentibus

2125 2911 2366 2965 claudit?
2414 2910 2482 2964 Et
2528 2911 2650 2965 ideo
2687 2911 2985 2982 presbyteri
3024 2926 3240 2966 summa
3278 2911 3554 2982 diligentia
3599 2927 3693 2966 ca«

2124 3011 2307 3070 veant,
2334 3019 2401 3058 ne
2437 3003 2654 3067 animae,
2684 3017 2783 3072 pro
2820 3003 3019 3073 quibus
3062 3003 3285 3072 sanguis
3314 3002 3519 3058 Christi
3555 3001 3693 3058 cliu-

2126 3112 2222 3152 sus
2258 3106 2362 3161 est,
2398 3113 2494 3168 per
2529 3113 2682 3152 suam
2724 3098 2991 3153 incuriam
3035 3114 3066 3154 a
3109 3099 3320 3156 etnlcsti
3355 3099 3694 3154 beatitudine

2125 3198 2475 3258 separentur;
2516 3190 2608 3244 sed
2636 3190 2703 3257 si,
2730 3189 2875 3260 quod
2899 3191 3067 3248 absit!
3097 3193 3355 3260 evenerit,
3387 3192 3538 3263 gravi
3570 3209 3694 3265 pm-

2121 3279 2364 3334 nitentiae
2401 3280 2571 3335 luctui
2613 3296 2672 3336 se
2710 3282 3014 3351 submittat,
3048 3298 3144 3353 per
3179 3283 3338 3355 cujus
3379 3284 3688 3356 neglectum

2124 3383 2382 3425 evenerit.

538 3534 561 3560 ⁸
581 3528 648 3584 Ει
689 3530 1089 3600 sententialiter
1122 3529 1176 3583 in
1206 3529 1354 3584 decr.
1379 3528 1529 3600 Sixti
1560 3529 1630 3594 II,
1656 3539 1710 3583 et
1736 3528 1806 3600 in
1840 3529 1988 3600 decr.
2015 3527 2144 3583 Julii
2174 3544 2346 3598 papae.
2423 3533 2467 3564 ⁷⁸
2497 3530 2672 3586 Verba
2706 3530 3009 3600 Tripartitce
3041 3549 3114 3598 Iv,
3154 3531 3242 3596 15,
3275 3550 3339 3589 ex
3373 3533 3498 3590 Soz.
3525 3550 3606 3598 ιιι,
3633 3535 3686 3591 7.

441 3600 590 3670 Idem
623 3601 853 3656 habetur
901 3599 1132 3670 infragin
1184 3600 1332 3654 deer.
1371 3599 1510 3665 Sixti
1550 3600 1617 3666 Il,
1646 3599 1817 3670 _cujus
1855 3599 2111 3654 initium:
2147 3600 2342 3669 Magno
2377 3619 2522 3656 mun.
2574 3602 2640 3654 Et
2688 3603 2741 3654 in
2775 3599 2923 3657 decr.
2958 3604 3328 3670 Julii'contra
3360 3604 3685 3660 Orientales.

441 3671 488 3702 ⁷⁸
533 3668 668 3724 Luc.
711 3688 768 3734 x,
826 3671 878 3726 7.

952 3671 995 3699 "-'
1044 3668 1309 3726 Martinus
1338 3671 1381 3733 l,
1415 3687 1445 3724 e
1473 3687 1592 3739 syn.
1646 3667 1999 3724 Lateranensi
2049 3671 2192 3723 unde
2226 3667 2279 3724 et
2315 3673 2437 3731 liciis

2518 3671 2834 3744 rteeedentis
2887 3674 3147 3744 epistolaa.
3224 3675 3416 3731 "Act.
3471 3692 3566 3742 xx,
3597 3677 3684 3731 52.

442 3739 490 3771 ⁷⁸
523 3738 684 3816 Rom.
715 3757 806 3808 xv,
833 3740 888 3796 5.
961 3739 1006 3771 ⁸ο
1035 3739 1193 3794 Rom.
1225 3757 1334 3808 xvi,
1357 3742 1446 3796 25.
1506 3738 1563 3772 ί⁸¹
1615 3739 1748 3796 falsa
1773 3739 1955 3794 itidem
1981 3740 2329 3810 subscriptio.
2407 3745 2451 3775 ⁸¹
2481 3738 2613 3798 Luc.
2647 3757 2735 3808 xv,
2773 3743 2821 3794 7.

440 3899 824 3990 praerogaiivas
848 3915 1001 3990 ‘Petri
1024 3930 1313 3990 recenset,
1347 3921 1492 3990 quod
1528 3921 1582 3974 in
1619 3909 1848 3974 formata
1891 3919 2007 3988 epi-

442 3986 603 4052 stola,
641 3988 798 4057 cujus
840 3986 1129 4058 formulam
1175 3986 1380 4045 ibidem
1421 3991 1746 4060 descriptam
1783 3986 2004 4057 habent,

2113 3928 2238 3990 post
2269 3919 2622 3991 Patris,Filii
2668 3929 2722 3974 et
2745 3918 3004 3990 :Spiritus
3037 3922 3208 3977 sancti
3237 3938 3434 3983 nomen
3467 3929 3688 3991 aposto-

2116 3991 2291 4044 lorum
2320 3990 2582 4060 principis
2615 3991 2759 4046 Petri
2789 3992 3173 4063 adjungebant.
3200 3991 3326 4049 Sev.
3357 3992 3473 4048 Bm.

450 4169 3672 4221 m

1075 4357 2442 4537 TELESPHORUS
2547 4360 3038 4535 PAPA

1818 4789 2330 4883 NOTITIA

530 4970 624 5034 (Ex
658 4971 806 5024 Libro
823 4976 1099 5055 pontiﬁcali.
1116 4975 1312 5028 Damasi
1333 4991 1487 5041 papae,
1510 4993 1586 5042 ap.
1619 4981 1789 5041 MANSI,
1817 4978 2018 5040 Concil.,
2057 4982 2097 5042 Ι,
2123 4980 2230 5034 655.
2253 5008 2317 5020 --
2334 4982 2442 5032 Vid.
2476 4980 2766 5050 Patrologia»:
2791 4981 2972 5037 Latine
2993 4988 3030 5035 ι.
3057 4984 3286 5050 CXXVII,
3306 4986 3401 5037 col.
3427 4984 3590 5049 1175.)

469 5271 898 5355 "Telesphorus,
936 5275 1446 5355 nationeGrzeeus,
1475 5295 1542 5334 ex
1577 5283 2114 5355 anachoreta_.__sedit
2149 5299 2322 5355 annos
2359 5285 2445 5349 ll,
2482 5298 2699 5338 menses
2733 5283 2936 5355 5,_dies
2968 5282 3056 5355 2|.
3095 5283 3222 5336 Fuit
3256 5291 3453 5355 autem
3472 5291 3682 5355 tempo-

437 5345 589 5424 ribus
624 5343 882 5424 Antonini
919 5354 971 5398 et
1005 5344 1173 5424 Marci
1202 5350 1840 5424 __mz_trtyrio_coronatur,
1904 5351 2004 5424 llic
2040 5354 2329 5424 constituit
2375 5343 2444 5408 ιη’
2478 5364 2686 5424 septem
2735 5343 3102 5407 hebdomadas
3148 5363 3275 5408 ante
3300 5353 3510 5408 Pascha
3536 5343 3683 5423 jeju-

437 5417 590 5494 nium
637 5414 1026 5494 celebraretur.
1056 5415 1162 5470 "Hic
1197 5417 1347 5494 fecit,
1371 5414 1456 5472 ὐι
1489 5420 1553 5494 _in
1589 5419 1764 5474 Natali
1802 5422 2018 5494 Domini
2066 5425 2236 5478 nostri
2282 5423 2415 5479 Jesu'
2447 5414 2651 5478 Christi
2703 5434 2868 5477 noctu
2905 5425 3085 5494 missa;
3117 5414 3680 5494 celebrareturfcum

437 5484 587 5564 omni
622 5483 730 5536 alio
765 5492 1010 5564 tempore
1043 5497 1167 5540 ante
1199 5488 1346 5542 hora:
1382 5491 1552 5543 tertia:
1587 5507 1808 5545 cursum
1844 5492 2027 5564 nullus
2062 5504 2416 5563 praesumeret
2451 5495 2648 5547 missas
2678 5494 2972 5564 celebrare,
2999 5493 3126 5562 quia
3159 5509 3220 5546 ea
3257 5494 3390 5546 hora
3415 5483 3682 5564 Dominus

438 5562 634 5634 noster
674 5555 1019 5634 a's‘cenditnin
1059 5572 1323 5634 crucem;
1367 5566 1513 5634 et_ut
1561 5570 1686 5615 ante
1735 5555 2080 5616 sacrilicium'
2109 5565 2344 5634 hymnus
2386 5565 2659 5618 diceretur
2704 5555 3030 5633 angelicus;
3055 5564 3157 5634 hoc
3198 5573 3281 5634 est
3308 5583 3320 5618 ε
3352 5582 3369 5613 ε
3400 5562 3584 5634 Gloria
3624 5563 3680 5634 in

437 5623 668 5676 excelsis
705 5621 840 5702 Deo_._
863 5642 880 5674 ι
921 5621 1184 5702 llie_fecit
1202 5627 1582 5702 ordinationes
1618 5641 1852 5700 quatuor
1885 5650 1981 5702 pcr
2014 5621 2255 5687 mensem
2294 5632 2664 5696 Decembrem,
2690 5621 3034 5702 presbyteros
3059 5633 3148 5699 12,
3182 5633 3445 5702 diaconos
3479 5633 3532 5697 8,
3565 5633 3682 5701 epi—

440 5707 636 5772 scopos
662 5707 759 5769 per
792 5694 1004 5772 diversa
1039 5696 1158 5750 loca
1197 5697 1281 5775 {5.
1312 5695 1416 5762 Qui
1452 5694 1901 5770 etiam—sepultus-
1930 5711 2011 5760 est
2036 5703 2197 5775 juxta
2229 5718 2428 5774 corpus
2463 5704 2606 5759 beati
2640 5694 2786 5758 Petri
2816 5694 2871 5756 iii
2904 5694 3168 5761 Vaticano
3202 5701 3374 5760 Nonis
3408 5694 3673 5758 Januarii.

439 5759 506 5832 int
540 5770 772 5818 ccssawt
805 5774 1151 5832 episcopatus
1186 5766 1300 5822 dies
1338 5767 1388 5820 7.
2734 5772 2738 5779 ’

463 5772 506 5817 ’.ι
540 5772 772 5818 ccssawt
805 5774 1151 5834 episcopatus
1186 5772 1300 5822 dies
1338 5772 1388 5820 7.
2041 5772 2052 5775 '
2327 5772 2344 5774 “
2734 5772 2738 5779 “
