4142 6434
417 356 553 413 1081

1504 355 1843 413 EPISTOLA
1884 356 1975 411 AD
2010 358 2248 417 OMNES
2277 360 2579 420 FIDELES.

3536 370 3559 425 1
3569 369 3676 426 082

1210 708 2202 839 TELESPHORI
2296 709 2743 839 PAPZE
2816 691 2861 723 ⁸³

1654 963 1721 1052 Ε
1742 962 2244 1057 PISTOLA
2311 1003 2425 1075 (t7)

1254 1151 1346 1205 AD
1374 1150 1609 1208 OMNES
1642 1151 2200 1211 UNlVERSALlTER
2229 1157 2505 1215 CHRISTI
2552 1159 2861 1227 FIDELES,

419 1311 500 1367 De
515 1311 726 1382 jejunio
755 1318 949 1381 septem
969 1307 1566 1391 hebdomadarumcante
1594 1308 1838 1391 Pascha:
1859 1311 1926 1391 de
1948 1310 2233 1366 missarum
2261 1313 2606 1391 celebratione
2630 1317 2685 1369 in
2708 1326 2857 1391 nocte
2892 1316 3112 1391 atalis
3137 1318 3383 1373 Domini:
3410 1336 3511 1390 quo
3543 1332 3678 1388 tem-

1072 1396 1196 1450 pore
1227 1380 1351 1435 aliis
1382 1379 1567 1434 diebus
1593 1381 1768 1436 missae
1791 1380 2137 1448 celebrentur,
2162 1392 2212 1437 et
2240 1384 2303 1437 de
2332 1386 2696 1455 episcoporum
2717 1388 3037 1456 defensione.

419 1534 769 1593 Charissimis
786 1532 1048 1590 fratribus
1064 1541 1118 1589 et
1134 1532 1505 1588 dilectissimis
1527 1531 1819 1603 episcopis,
1839 1532 1995 1588 Tele-
2023 1538 2068 1597 A
2096 1536 2172 1591 ita
2198 1545 2253 1592 et
2284 1538 2339 1591 in
2370 1538 2579 1609 jejunio
2608 1540 2770 1596 debet
2802 1542 2919 1596 fieri
2955 1543 3234 1599 discretio.
3268 1544 3335 1600 Et
3374 1546 3519 1602 sicut
3550 1546 3676 1602 laici

492 1628 725 1698 sphorus
742 1625 1002 1680 Romana:
1026 1623 1177 1679 urbis
1202 1622 1671 1694 archiepiscopus,
1690 1622 1921 1678 salutem
1946 1622 2001 1676 in

488 1718 742 1776 Domino.

490 1810 778 1865 Credimus
802 1807 850 1840 ⁸⁸
875 1815 1123 1863 sanctam
1147 1807 1306 1863 fidem
1341 1816 1603 1874 vestram,
1638 1808 1693 1862 in
1728 1808 2003 1879 apostolo-

416 1918 539 1958 rum
567 1900 875 1957 eruditione
907 1899 1211 1967 fundatam,
1244 1900 1385 1955 hanc
1418 1908 1622 1965 tenere,
1645 1909 1698 1955 et
1732 1900 1872 1954 hanc
1900 1916 2001 1971 po-

416 1995 563 2064 pulis
584 1992 854 2051 universis
878 2007 1171 2062 exponere,
1199 2007 1321 2061 qua:
1349 1992 1602 2047 videlicet
1627 2007 1657 2045 a
1686 1992 2000 2048 constitutis

418 2086 813 2156 apostolorum,
844 2099 1147 2154 eorumque
1174 2099 1578 2151 successorum,
1612 2085 1757 2139 nulla
1789 2084 2001 2141 ratione

417 2176 691 2243 dissentit,
725 2190 823 2245 per
852 2189 993 2245 quos
1023 2174 1235 2244 justum
1266 2182 1349 2230 est
1374 2183 1601 2230 caeteros
1627 2175 1854 2230 erudiri.

421 2422 493 2481 Ut
533 2431 728 2491 septem
768 2421 1125 2475 hebdomadas
1159 2430 1283 2475 ante
1310 2421 1523 2476 Pascha
1564 2421 1743 2477 clerici
1783 2440 1816 2477 a
1839 2439 1997 2479 carne

478 2493 743 2576 jejunent,
788 2508 879 2547 nec
927 2492 1220 2547 admittant
1250 2492 1418 2547 laicos
1465 2493 1522 2546 in
1568 2494 1996 2550 accusationibus

487 2579 622 2620 suis.

486 2675 829 2747 Quapropter
868 2675 1199 2745 cognoscite,
1228 2689 1259 2729 a
1296 2672 1454 2729 nobis
1488 2683 1541 2730 et
1578 2690 1607 2729 a
1636 2676 1850 2731 cunctis
1878 2676 1995 2745 epi-

417 2770 598 2840 scopis
625 2770 681 2823 in
710 2770 815 2824 hac
837 2777 1026 2824 sancta
1055 2776 1110 2823 et
1144 2768 1442 2837 apostolica
1474 2767 1601 2823 sede
1628 2769 1991 2839 congregatis,

2102 1642 2158 1685 et
2187 1631 2478 1687 saeculares
2505 1634 2754 1688 homines
2790 1635 2987 1690 nolunt
3021 1651 3116 1691 eos
3144 1638 3385 1707 recipere
3424 1638 3478 1693 in
3508 1653 3678 1694 accu-

2102 1722 2409 1779 sationibus
2457 1734 2513 1779 et
2548 1724 2999 1782 infamationibus
3043 1728 3180 1792 suis,
3234 1729 3306 1783 ita
3346 1745 3447 1785 nec
3493 1730 3678 1785 clerici

2100 1817 2297 1873 debent
2330 1833 2426 1874 eos
2479 1819 2718 1888 recipere
2754 1820 2809 1873 in
2848 1820 3325 1891 impulsationibus
3363 1822 3509 1889 suis;
3542 1837 3682 1893 quo-

2100 1910 2248 1964 niam
2274 1910 2330 1965 in
2364 1911 2619 1967 omnibus
2650 1912 2888 1968 discreta
2926 1913 3084 1969 debet
3118 1929 3332 1984 semper
3359 1929 3479 1969 esse
3508 1923 3563 1969 et
3588 1929 3679 1969 se-

2100 2013 2319 2076 gregata
2357 2005 2468 2061 vita
2499 2013 2553 2061 et
2574 2008 2921 2063 conversatio
2950 2007 3302 2072 clericorum,
3336 2023 3400 2062 ac
3444 2007 3677 2062 saecula-

2098 2097 2243 2152 rium
2267 2098 2314 2130 ⁸⁸
2334 2097 2623 2154 laicorum.
2656 2098 2723 2153 Et
2745 2100 2887 2155 sicut
2911 2100 2965 2154 hi
2994 2101 3230 2171 amplius
3262 2110 3392 2155 sunt
3421 2098 3678 2169 applicati

2099 2189 2300 2246 divinis
2322 2190 2581 2255 cultibus,
2607 2201 2662 2246 et
2695 2193 2995 2248 familiares
3024 2192 3238 2248 Domini
3267 2193 3527 2249 dicuntur
3550 2192 3678 2247 Sal-

2097 2283 2323 2351 vatoris,
2354 2284 2428 2347 ita
2469 2285 2717 2341 moribus
2749 2295 2803 2341 et
2836 2285 3251 2341 conversatione
3277 2293 3441 2354 atque
3472 2282 3679 2340 sancti-

2096 2386 2207 2434 tate
2227 2377 2425 2433 debent
2445 2392 2568 2432 esse
2592 2377 2856 2432 distincti.
2880 2378 2924 2409 ⁸⁷
2951 2375 3060 2432 Has
3081 2392 3207 2445 ergo
3233 2384 3438 2445 septem
3471 2372 3677 2429 hebdo-

2097 2471 2286 2525 madas
2316 2484 2508 2525 omnes
2537 2470 2723 2525 clerici
2755 2485 2785 2523 a
2811 2484 2978 2524 carne
3005 2479 3060 2525 et
3091 2468 3302 2523 deliciis
3326 2468 3597 2538 jejunent,
3621 2474 3678 2520 et

2096 2562 2315 2634 hymnis
2349 2554 2626 2632 etvigiliis
2659 2570 2822 2631 atque
2860 2561 3206 2618 orationibus
3232 2560 3465 2617 Domino
3497 2558 3674 2614 inhae-

2094 2669 2213 2710 rere
2240 2653 2329 2709 die
2363 2662 2640 2724 noctuque
2664 2653 2943 2709 studeant.

2844 2788 2909 2845 ll.

416 2870 845 2952 δίθίυίυωίθδδθν
888 2872 947 2915 ui
979 2872 1186 2930 septem
1228 2859 1600 2952 hebdomadas
1644 2861 1833 2930 Plenas
1871 2870 1997 2917 ante
2028 2880 2072 2937 Β
2100 2882 2173 2938 De
2216 2882 2561 2937 celebratione
2602 2897 2909 2947 missarum,
2954 2890 3006 2936 et
3048 2881 3242 2952 hymno
3275 2878 3513 2952 angelico
3543 2880 3680 2935 rcci-

416 2961 665 3007 sanctum
694 2951 927 3017 Pascha,
951 2966 1142 3007 omnes
1164 2951 1347 3007 clerici
1374 2952 1431 3005 in
1465 2961 1667 3007 sortem
1698 2953 1745 2985 ⁸⁸
1770 2952 1987 3008 Domini

417 3043 529 3116 (18)
571 3046 775 3109 vocati,
804 3060 836 3099 a
871 3060 1038 3101 carne
1076 3044 1359 3114 jejunent;
1398 3045 1528 3114 quia
1564 3046 1707 3100 sicut
1760 3045 1996 3101 discreta

413 3150 537 3193 esse
552 3136 710 3191 debet
733 3136 841 3191 vita
867 3135 1189 3191 clericorum
1217 3150 1248 3190 a
1269 3136 1535 3192 laicorum
1559 3136 1995 3203 conversatione,

2796 2952 2980 3006 tando.

2168 3047 2215 3079 ⁸⁸
2238 3045 2408 3102 Nocte
2440 3060 2568 3102 vero
2600 3054 2789 3101 sancta
2816 3044 3125 3101 Nativitatis
3154 3043 3371 3099 Domini
3407 3042 3520 3114 (l9)
3557 3040 3681 3097 Sal-

2100 3139 2332 3207 vatoris,
2365 3139 2564 3195 missas
2587 3139 2861 3194 celebrent
2899 3136 3047 3209 (20),
3091 3145 3147 3193 et
3176 3138 3442 3209 hymnum
3471 3133 3680 3206 angeli-

485 3317 534 3350 “
562 3330 673 3398 ms.
695 3315 888 3371 Irenaei
920 3315 1018 3370 lib.
1052 3330 1136 3397 in,
1168 3329 1218 3369 c.
1247 3315 1302 3397 ὅτ
1336 3313 1724 3397 Telesiphorus:
1752 3315 2091 3389 Harduinus,
2119 3323 2213 3397 qui
2248 3338 2279 3376 e
2310 3338 2382 3378 sae
2481 3324 2648 3378 citato
2670 3324 2793 3379 cod.
2820 3322 3016 3392 colleg.
3050 3320 3226 3377 Paris.
3264 3337 3379 3377 sec.
3414 3320 3545 3376 Jesu
3576 3320 3677 3375 de-

485 3395 619 3445 rosrt
642 3395 934 3445 sequentes
965 3401 1146 3440 varias
1182 3385 1466 3440 lectiones.
1543 3387 1589 3418 ⁸*
1612 3388 1895 3445 lpsnssima
1926 3394 2087 3445 verba
2121 3394 2365 3445 epistola:
2385 3338 2545 3445 Fiam.
2580 3393 2651 3445 ad
2681 3408 2762 3445 en.
2792 3390 2995 3445 Illurici
3020 3408 3085 3445 ex
3111 3392 3360 3445 versione
3384 3390 3677 3445 Eninhanii

2436 3409 2463 3445 a

417 3385 1475 3463 eerpsitsequentesvariasJectiones._
1543 3386 1895 3463 “ipsissima
1925 3385 2087 3463 verba
2121 3385 2365 3463 epistola:

2470 3409 2545 3447 m.
2580 3393 2651 3446 ad
2681 3408 2762 3462 ep.
2792 3390 2995 3461 Illyrici
3020 3408 3085 3446 ex
3111 3392 3367 3462 versione
3384 3390 3677 3462 Epiphanii

418 3453 597 3531 _Sclio_l_.
629 3453 777 3525 Trip.
804 3472 857 3531 ΥΣ
886 3456 977 3522 25,
1006 3456 1130 3531 vide
1150 3453 1479 3531 Theodoreti
1514 3468 1568 3511 et
1607 3455 1897 3531 Sozomeni
1925 3453 2201 3517 historias.
2246 3463 2495 3517 Distinet.
2525 3464 2557 3516 4
2584 3482 2596 3517 :
2650 3453 2947 3517 statuimus
2980 3471 3041 3515 ut
3075 3473 3290 3531 septem.
3331 3460 3395 3516 Et
3432 3453 3674 3515 in'Decr.

417 3527 625 3603 iv.,lib.
672 3542 737 3603 Ii1
782 3526 856 3603 _°'
885 3542 990 3581 ms.
1024 3527 1081 3578 in
1113 3534 1271 3603 sorte.
1307 3594 1322 3603 _
1350 3525 1530 3603 8“ius.
1561 3542 1623 3579 ac
1645 3527 1954 3585 saecularia.
2025 3534 2070 3565 ⁸⁷
2103 3532 2355 3589 Distinet.
2385 3534 2456 3588 λιι
2493 3531 2793 3587 Statuimus
2834 3541 2892 3586 ut
2935 3525 3148 3603 septem;
3183 3532 3250 3586 Et
3284 3532 3339 3586 in
3369 3531 3521 3585 Decr.
3566 3532 3671 3593 lv.,

416 3597 511 3653 lib.
544 3612 606 3651 ll.
693 3597 739 3629 ⁸⁸
770 3595 849 3651 De
870 3611 1103 3651 consecr.
1136 3595 1265 3651 dist.
1301 3594 1363 3649 i:
1397 3594 1566 3651 Nocte
1594 3604 1799 3650 sancta.

513 3752 598 3822 l7)
631 3752 863 3822 Νοθείας
896 3760 1173 3822 suspecta.

518 3820 604 3893 18)
642 3821 711 3876 Ut
739 3832 933 3893 septem
976 3820 1327 3893 hebdomadas
1370 3820 1553 3893 plenas
1586 3832 1708 3893 ante
1746 3831 1989 3893 sanctum

414 3890 627 3950 Pascha
656 3890 832 3947 omnes
859 3892 1038 3945 clerici
1068 3892 1122 3945 in
1156 3900 1349 3947 sortem
1382 3890 1610 3947 Domini.
1638 3892 1792 3958 Quod
1824 3908 1990 3961 supra

412 3965 676 4021 diximus.
704 3962 1174 4032 quadragesimale
1201 3961 1492 4031 jejunium,
1518 3963 1805 4027 Clementi,
1834 3960 1993 4031 lgna-

414 4036 493 4090 tio
518 4044 571 4089 et
593 4031 850 4103 Dionysio
875 4031 1117 4103 tempore
1139 4041 1192 4086 et
1204 4041 1369 4103 aetate
1392 4031 1663 4101 prioribus
1689 4033 1990 4103 cognitum,

412 4120 523 4160 non
547 4122 578 4159 a
600 4102 955 4180 Te_le_Sphoro,
983 4102 1075 4158 sed
1107 4102 1285 4171 potius
1306 4102 1374 4157 ab
1398 4103 1659 4180 apostolis
1681 4102 1990 4180 institutum

412 4190 557 4241 esse,
593 4190 625 4229 a
653 4171 988 4245 Telesphoro
1023 4182 1207 4227 autem
1241 4187 1363 4245 non
1387 4171 1493 4228 nisi
1530 4172 1755 4245 scripto“
1773 4173 1993 4245 decreto

412 4246 690 4300 firmatum
714 4258 744 4296 a
770 4242 987 4297 clericis
1008 4257 1105 4311 per
1127 4244 1331 4313 septem
1352 4243 1591 4313 integras
1619 4242 1992 4313 hebdomadas

412 4314 695 4369 observari
748 4321 1001 4366 exactum
1049 4311 1203 4377 esse,
1227 4312 1355 4382 hinc
1384 4311 1569 4382 aperte
1600 4321 1837 4378 constat.
1870 4311 1991 4367 Non

410 4385 558 4440 enim
588 4384 663 4439 ait
689 4383 997 4445 statuimus,
1020 4390 1083 4436 ut
1116 4382 1259 4436 male
1294 4381 1590 4438 Gratianus
1618 4383 1746 4437 dist.
1778 4382 1814 4438 4
1861 4383 1992 4447 alle-

410 4464 521 4526 gat,
547 4456 987 4526 sed‘guapropter
1016 4452 1343 4526 cognoscite,
1367 4453 1470 4526 etc.
1493 4452 1623 4526 δεῖ.
1650 4451 1767 4526 Bia.

484 4519 593 4597 (19)
624 4519 798 4597 Nocte
829 4519 945 4597 vero
984 4519 1171 4597 sancta
1212 4519 1529 4597 Natioitatis
1573 4522 1808 4597 Domini.
1848 4520 1987 4577 Cum

410 4594 467 4649 in
493 4592 767 4650 'saeriticio
797 4594 979 4648 missa:
1012 4592 1272 4648 offeratur
1305 4594 1578 4658 Christus,
1607 4592 1699 4663 qui
1718 4600 1819 4663 est
1836 4607 1991 4663 _cau-

409 4665 510 4720 dor
537 4666 677 4721 lucis
699 4673 935 4728 aeternae,
954 4663 1112 4733 juxta
1136 4664 1187 4717 id
1212 4663 1359 4733 quod
1386 4664 1455 4719 de
1475 4661 1656 4732 seipse
1676 4662 1808 4717 dicit
1828 4661 1986 4720 Joan.

411 4750 467 4790 ιι
504 4750 625 4814 ca_p.
663 4751 677 4787 :
705 4752 725 4786 ι
756 4732 840 4814 hic
872 4732 1088 4814 oportet
1122 4732 1342 4814 operari
1367 4748 1530 4802 Opera
1572 4733 1807 4814 ejusqui
1842 4734 1991 4814 mis-it

411 4821 520 4868 me,
548 4803 723 4861 donec
765 4804 882 4859 dies
908 4803 1014 4874 est,
1043 4822 1063 4855 ›
1103 4804 1283 4874 sitque
1328 4804 1433 4857 hoc
1477 4803 1805 4859 sacriticium
1855 4804 1991 4874 legis

410 4876 633 4945 gratiae,
665 4876 720 4929 in
753 4888 861 4944 qua
890 4873 1075 4945 divina
1122 4870 1344 4941 claritas
1376 4874 1644 4945 illustrius
1679 4870 1982 4945 communi-

409 4943 599 5013 catur;
635 4943 910 5001 ordinarie
931 4943 1000 4998 ab
1032 4958 1232 4999 aurora
1266 4959 1439 5013 usque
1466 4943 1532 4998 ad
1568 4944 1851 4999 meridiem
1886 4944 1992 5000 hoc

410 5024 825 5073 sacrosanctum
875 5014 1061 5069 miSsa:
1115 5014 1445 5070 sacriﬁcium
1489 5014 1768 5083 celebrare
1820 5014 1980 5081 licet,

410 5096 537 5141 ante
565 5101 827 5141 auroram
858 5098 1011 5154 vero,
1047 5084 1131 5138 vel
1160 5093 1283 5153 post
1314 5084 1597 5139 meridiem
1640 5083 1774 5138 illud
1800 5086 1989 5154 auspi-

408 5158 547 5222 cari,
581 5156 827 5236 omnium
876 5152 1002 5236 fere
1037 5152 1426 5236 iheologorum_
1468 5170 1533 5209 ac
1572 5152 1987 5236 summistarum

409 5242 684 5283 consensu
734 5226 886 5280 velut
930 5224 1179 5281 illicitum
1232 5224 1592 5295 improbatur.
1617 5225 1708 5295 iAb
1740 5224 1990 5295 hac_lege

408 5309 593 5367 tamen
641 5305 862 5367 propter
907 5295 1189 5367 decretum
1243 5293 1324 5349 et'
1351 5294 1810 5367 constitutionem
1833 5293 1995 5361 Tela—1

408 5366 618 5437 sphori,
642 5365 758 5421 toto
789 5375 1057 5437 terrarum
1085 5365 1240 5437 orbe,
1268 5378 1379 5437 nox
1406 5365 1775 5437 sacratissima
1798 5365 1851 5417 in
1873 5380 1987 5437 qua

408 5432 681 5491 Dominus
727 5445 914 5492 noster
963 5432 1125 5490 Jesus
1171 5434 1423 5489 Christus
1455 5435 1507 5487 in
1540 5436 1686 5489 hunc
1718 5432 1984 5489 mundum

408 5506 576 5561 homo
601 5514 763 5560 natus
792 5514 895 5570 est,
925 5504 1191 5574 singulari
1222 5512 1277 5560 et
1306 5505 1539 5573 mystico
1578 5504 1861 5574 privilegio
1887 5507 1985 5561 de-

407 5585 617 5643 corata,
654 5575 850 5631 merito
877 5576 1165 5645 excipitur,
1198 5574 1397 5644 quippe
1422 5590 1543 5643 quae
1575 5585 1794 5644 propter
1821 5574 1985 5629 Chri-

408 5648 478 5729 sti
513 5646 782 5729 fulgorem
809 5662 884 5729 ac
902 5646 1229 5729 claritatem,
1264 5645 1382 5725 dies
1408 5646 1759 5729 potiusquam
1784 5661 1889 5729 nos
1915 5646 1984 5726 a_b

410 5715 652 5773 Ecclesia
677 5725 922 5785 reputata
947 5716 1036 5771 sit.
1056 5715 1257 5770 Eodem
1284 5715 1564 5785 privilegio
1594 5725 1806 5785 noctein
1825 5715 1983 5769 Chri-

410 5788 479 5844 sti
514 5783 848 5858 resurgentis
878 5786 1003 5843 olilu
1036 5783 1297 5865 donatam
1327 5783 1521 5865 fuisse,
1547 5796 1740 5858 praeter
1765 5783 1984 5865 Walfri-

2090 3752 2222 3807 dum
2272 3750 2594 3815 Strabonem
2620 3794 2636 3819 ,
2673 3751 2746 3806 De
2790 3752 2970 3821 oﬂiciis
3016 3751 3375 3821 eccles..cap.
3428 3750 3519 3817 25,
3548 3766 3672 3821 cap.

2095 3822 2300 3878 Solent.
2331 3823 2401 3875 De
2417 3840 2649 3877 conseer.
2676 3823 2803 3877 dist.
2846 3824 2897 3886 1,
2929 3833 2981 3876 et
3012 3837 3135 3891 cap.
3160 3821 3312 3886 Quod
3343 3839 3374 3875 a
3403 3822 3672 3892 patribus,

2093 3893 2219 3949 dist.
2250 3894 2339 3952 75.
2366 3902 2509 3948 recte
2542 3901 2832 3948 testantur.
2864 3892 2976 3946 Hac
3010 3894 3155 3946 enim
3192 3900 3370 3953 nocte,
3396 3892 3542 3946 circa
3576 3907 3674 3947 ve-

2094 3965 2396 4033 spertinum
2421 3962 2825 4033 crepusculum,
2842 3962 3138 4032 prophetiae
3165 3962 3502 4031 legebantur,
3530 3962 3675 4033 ignis

2094 4032 2150 4088 et
2184 4048 2375 4089 cereus
2416 4032 2915 4098 conSecrabautur,
2972 4041 3287 4101 exterasque
3336 4032 3676 4086 eaaremonia:

2095 4104 2268 4159 solitae
2310 4103 2557 4173 ﬂebant;
2592 4103 2808 4157 demum
2858 4111 2980 4173 post
3025 4103 3261 4157 medium
3292 4103 3467 4156 noctis
3504 4104 3674 4157 missa

2095 4174 2477 4229 inchoabatur.
2514 4172 2672 4228 Nunc
2722 4181 2901 4227 autem
2950 4172 3043 4226 illa
3095 4175 3435 4227 consuetudo
3468 4181 3670 4235 cessat,

2094 4259 2219 4311 cum
2250 4245 2363 4315 jam
2394 4242 2632 4315 Sabbato
2655 4253 2844 4315 sancto
2878 4243 2970 4297 illa
3004 4241 3173 4297 missa
3208 4243 3370 4313 paulo
3402 4252 3528 4315 ante
3558 4258 3673 4315 me-

2094 4311 2292 4369 ridiem
2336 4314 2658 4369 celebretur.
2700 4312 2841 4381 Quid
2878 4315 2943 4369 de
2978 4311 3223 4382 vespero
3260 4328 3431 4367 caena:
3485 4311 3674 4367 Domi-

2095 4385 2253 4451 niese,
2281 4393 2337 4439 et
2357 4384 2423 4439 de
2452 4393 2610 4438 nocte
2640 4384 2979 4454 singularum
3011 4384 3321 4454 vigiliarum
3351 4383 3480 4437 olim
3517 4397 3671 4454 re_ee-

2016 4463 2060 4524 α
2092 4465 2244 4525 ptum
2276 4454 2461 4518 fuerit,
2491 4452 2750 4525 videatur
2766 4452 3364 4525 Walfridus‘przedicto
3394 4454 3535 4525 ioco,
3562 4452 3670 4525 Ba—

2092 4522 2281 4580 ronius
2322 4540 2466 4579 anno
2498 4523 2701 4579 Christi
2746 4523 2869 4589 154,
2907 4540 2964 4579 n.
3002 4524 3071 4591 2,
3100 4522 3355 4579 Bellarm.
3391 4523 3485 4577 lib.
3522 4538 3561 4577 ιι
3592 4522 3672 4577 De

2091 4596 2278 4659 missa,
2304 4610 2426 4663 cap.
2464 4595 2553 4649 14.
2590 4593 2667 4648 In.

2190 4664 2280 4735 20)
2313 4660 2515 4735 Missas
2539 4664 2815 4719 celebrent.
2841 4662 3132 4735 Communi
3159 4679 3223 4719 ac
3246 4662 3527 4735 ordinario
3544 4660 3670 4731 jure

2166 4666 2280 4789 $20)
2313 4666 2507 4718 Missas
2539 4666 2815 4719 celebrent.
2841 4666 3132 4719 Communi
3159 4679 3223 4719 ac
3246 4666 3527 4719 ordinario
3544 4666 3668 4731 jure

2092 4751 2166 4790 nu
2193 4735 2225 4789 li
2252 4734 2521 4790 sacerdoti
2552 4735 2750 4803 saepius
2773 4749 2937 4803 quam
2967 4733 3134 4789 semel
3164 4735 3217 4788 in
3245 4734 3331 4788 die
3355 4731 3668 4803 sacriﬁcare

2090 4806 2323 4881 licet,_ut_
2342 4813 2560 4881 constat
2580 4801 2645 4866 ei
2674 4801 3020 4881 capiSu/ﬁg,
3033 4803 3432 4881 _l_)e_consecrat.
3448 4802 3590 4881 _dist.
3610 4801 3666 4865 1,

2092 4877 2187 4931 ubi
2219 4875 2353 4929 dicit
2400 4875 2554 4929 Alex.
2607 4870 2818 4943 papa‘ll
2850 4888 2863 4924 :
2896 4870 2918 4924 ξ
2948 4872 3157 4929 Sullicit
3197 4870 3465 4928 sacerdoti
3497 4885 3666 4943 unam

2090 4948 2316 5001 missam
2362 4945 2535 5006 insdie
2569 4940 3002 5009 una'celebrare,
3041 4946 3173 5013 quia
3204 4942 3458 5013 Christus
3494 4940 3664 5013 semel

2091 5031 2291 5086 passus
2317 5024 2423 5079 est,
2448 5024 2502 5069 et
2528 5024 2702 5086 totum
2737 5014 3000 5086 mundum
3027 5009 3276 5086 redemit.
3299 5009 3418 5086 lfion
3453 5009 3666 5086 modica

2091 5078 2181 5142 res
2209 5094 2294 5143 est
2325 5078 2490 5139 unam
2531 5084 2756 5151 missam
2789 5083 2989 5152 facere,
3032 5092 3086 5137 et
3118 5084 3275 5152 valde
3300 5082 3439 5152 felix_
3462 5088 3546 5152 est
3569 5078 3665 5147 qui

2092 5171 2259 5211 unam
2291 5156 2452 5229 digne
2473 5148 3020 5229 celebrarepotesi.»
3058 5154 3125 5208 Et
3151 5151 3322 5229 infra:
3358 5170 3379 5203 ι
3406 5148 3510 5217 Qui
3533 5163 3665 5229 vero

2090 5242 2191 5296 pro
2214 5218 2483 5296 pecuniis,
2515 5218 3044 5296 autadulationibus
3059 5224 3425 5296 saecularium,
3448 5218 3664 5296 una_dic

2092 5287 2376 5365 praesumit
2403 5287 2584 5364 plures
2610 5294 2788 5365 facere
2811 5295 3030 5360 missas,
3060 5309 3169 5348 non
3194 5294 3405 5365 aestimo
3426 5287 3663 5365 evadere

2088 5361 2515 5421 damnationem.
2542 5383 2561 5416 ι
2600 5364 2689 5418 Ex‘
2711 5366 2912 5435 quibus
2950 5365 3126 5435 verbis
3154 5361 3545 5435 posterioribus
3566 5372 3663 5435 pa:

2092 5445 2166 5491 tet
2198 5436 2568 5491 Alexandrum
2600 5436 2706 5490 hoc
2729 5426 2849 5488 'nou
2876 5426 3221 5489 consuluisse
3248 5434 3535 5491 duntaxat,
3562 5426 3660 5481 sed

2087 5508 2253 5562 etiam
2275 5507 2375 5563 sub
2396 5520 2556 5576 paena
2578 5505 2944 5576 damnationis
2969 5504 3308 5576 praecepisse.
3328 5501 3662 5576 Continuata

2085 5582 2170 5631 est
2195 5577 2279 5630 lex
2325 5569 2429 5630 ista
2470 5575 2839 5631 ecclesiastica
2881 5569 2987 5643 per'
3013 5569 3387 5643 Innocentium
3418 5569 3508 5643 ll_l,
3534 5582 3663 5635 cap,

2086 5646 2435 5716 Consuluisti,
2464 5654 2519 5700 et
2550 5660 2644 5715 per
2674 5641 2972 5716 Honorium
3009 5643 3096 5708 lll,
3129 5642 3361 5716 _cap._pe
3384 5641 3660 5716 referente,

2085 5715 2162 5770 De
2189 5716 2535 5770 celebratione
2553 5710 2868 5771 missarum.
2893 5715 3048 5769 Sicut
3072 5710 3234 5783 igitur
3260 5710 3657 5783 Natali_Dotni~

2084 5787 2208 5866 nico
2251 5802 2315 5843 ex
2348 5786 2632 5858 privilegio
2684 5786 2945 5860 singulari
3000 5781 3279 5863 competit,
3319 5781 3465 5866 quod
3495 5786 3659 5847 nocte
