4142 6418
482 341 622 397 1085

1852 332 2281 388 TELESPIIURI
2322 331 2528 386 ΡΑΡᾸΞ

3593 324 3616 378 1
3625 323 3731 377 03.1

481 472 604 512 eum
640 454 694 508 in
732 452 812 508 eis
852 452 963 523 (2!)
998 450 1314 506 solemniter
1342 449 1659 514 decantcnt,
1688 451 1948 521 quoniam
1996 461 2052 506 et
2079 460 2125 513 Α
2153 451 2427 505 centium:
2460 450 2647 505 Gloria
2693 448 2747 502 in
2781 445 3065 502 altissimis
3100 443 3243 509 Deo,
3278 451 3333 497 et
3360 442 3414 496 in
3455 451 3596 496 terra
3631 458 3733 511 pax

482 546 670 599 eadem
722 552 884 596 nocte
934 542 1001 595 ab
1031 541 1223 611 angelo
1270 542 1582 610 pastoribus
1635 542 1916 597 nuntiatus
1948 552 2054 607 est,

480 637 624 691 sicut
651 635 767 702 ipsa
799 630 1012 686 Veritas
1043 631 1535 697 testatur,dicens:
1573 650 1592 683 ι
1626 630 1879 687 Pastores
1901 641 2059 688 erant

481 725 534 779 in
566 724 786 793 regione
816 722 1006 777 eadem
1030 722 1338 791 vigilantes,
1367 731 1421 776 et
1446 723 1813 779 custodientes
1841 723 2060 795 vigilias

479 817 657 871 noctis
683 830 847 885 supra
875 829 1091 885 gregem
1120 829 1304 868 suum.
1331 814 1398 867 Et
1425 830 1553 870 ecce
1573 814 1798 886 angelus
1843 815 2061 871 Domini

477 907 625 961 stetit
667 906 823 975 juxta
870 906 1013 971 illos,
1065 915 1119 959 et
1166 904 1467 959 timuerunt
1511 906 1709 961 timore
1744 922 1967 977 magno,
2007 916 2063 962 et

475 998 613 1053 dixit
648 998 756 1053 illis
807 997 1061 1067 angelus:
1097 995 1275 1051 Nolite
1310 998 1532 1062 timere;
1563 1012 1689 1052 ecce
1709 999 1854 1053 enim
1887 1014 2058 1054 evan-

476 1088 647 1161 gelizo
672 1088 829 1145 vobis
868 1089 1127 1158 gaudium
1164 1103 1441 1157 magnum,
1474 1089 1620 1157 quod
1647 1089 1754 1144 erit
1784 1091 1931 1145 omni
1961 1106 2059 1160 po-

473 1182 624 1250 pulo,
648 1180 777 1251 quia
817 1190 982 1235 natus
1024 1192 1107 1236 est
1139 1180 1295 1235 vobis
1337 1180 1501 1235 hodie
1538 1179 1809 1248 Salvator,
1839 1183 1934 1252 qui
1973 1192 2057 1239 est

470 1273 727 1329 Christus
761 1271 1049 1339 Dominus,
1086 1272 1141 1327 in
1176 1273 1396 1328 civitate
1429 1272 1622 1328 David.
1657 1272 1726 1327 Et
1758 1275 1862 1329 hoc
1896 1276 2053 1332 vobis

474 1364 693 1433 signum
724 1382 737 1418 :
775 1364 1065 1420 invenietis
1108 1363 1372 1419 infantem
1404 1364 1602 1434 pannis
1639 1364 1967 1433 involutum,
2000 1375 2056 1422 et

470 1454 710 1523 positum
740 1453 795 1507 in
827 1456 1113 1525 praesepio.
1138 1453 1203 1509 Et
1224 1456 1406 1510 subito
1426 1454 1569 1509 facta
1601 1463 1686 1511 est
1708 1470 1831 1510 cum
1858 1459 2052 1529 angelo

472 1546 767 1602 multitudo
793 1546 1000 1601 militia:
1030 1547 1289 1614 etelestis,
1322 1548 1661 1605 laudantium
1692 1549 1861 1606 Deum
1886 1562 1940 1606 et
1967 1550 2052 1607 di-

2160 543 2475 597 bominibus
2521 543 2677 595 bona:
2722 538 3021 594 voluntatis
3064 537 3177 592 ⁸⁸.»
3222 537 3269 567 ’θ
3293 534 3540 604 Reliquis
3588 536 3735 589 enim

2160 635 2513 704 temporibus,
2535 634 2827 688 missarum
2854 628 3247 685 celebrationes
3270 638 3396 682 ante
3422 628 3613 681 horam
3626 626 3733 680 diei

2163 728 2377 781 tertiam
2404 726 2626 780 minime
2646 733 2773 778 sunt
2794 722 3130 779 celebrandae
3152 720 3287 791 (22),
3311 720 3440 790 quia
3467 727 3521 773 et
3544 718 3734 772 eadem

2167 818 2301 873 hora
2335 817 2600 872 Dominus
2650 814 2948 870 crucifixus
3000 821 3105 880 est,
3152 821 3207 867 et
3248 826 3411 881 super
3440 809 3734 881 apostolos

2168 909 2403 980 Spiritus
2424 916 2649 963 sanctus
2675 905 3025 961 descendisse
3056 904 3275 975 legitur.

2896 996 2986 1051 ill.

2297 1091 2373 1147 De
2399 1091 2656 1162 episcopis
2684 1089 3013 1145 honorandis
3041 1096 3091 1145 et
3126 1105 3229 1143 non
3250 1087 3607 1142 detrahendis.

2227 1187 2271 1218 ⁸³
2294 1184 2377 1239 Ab
2398 1184 2667 1255 episcopis
2691 1192 2872 1239 autem
2895 1182 3037 1237 idem
3058 1182 3337 1252 angelicus
3360 1181 3595 1252 hymnus
3612 1170 3741 1247 (25)

2154 1290 2256 1346 pro
2282 1287 2525 1345 tempore
2562 1284 2619 1330 et
2659 1276 2785 1330 loco
2808 1276 3102 1330 missarum
3134 1271 3416 1329 solemniis
3448 1272 3733 1328 celebran-

2153 1368 2259 1424 dus
2288 1377 2373 1424 est
2404 1377 2568 1438 atque
2603 1369 2919 1425 solemniter
2946 1367 3279 1424 recitandus.
3313 1365 3421 1436 Ipsi
3450 1367 3595 1421 enim
3635 1366 3761 1436 qui,

2154 1461 2376 1530 proprio
2408 1476 2503 1517 ore
2529 1475 2726 1530 corpus
2752 1459 2965 1516 Domini
2989 1458 3103 1529 (24)
3122 1458 3435 1524 conficiunt,
3463 1459 3532 1511 ab
3551 1458 3731 1511 omni-

2156 1554 2260 1611 bus
2286 1563 2414 1610 sunt
2438 1554 2713 1622 audiendi,
2739 1552 3047 1618 obediendi,
3081 1559 3247 1622 atque
3278 1550 3507 1605 timendi
3538 1559 3592 1605 et
3620 1564 3732 1604 non

537 1726 582 1759 θ’
612 1724 746 1797 huc.
770 1740 853 1797 ir,
891 1724 1066 1797 8-14.,
1144 1726 1191 1797 Ῥ
1219 1725 1271 1779 in
1296 1741 1397 1781 ms.
1431 1724 1571 1781 Just.
1603 1741 1764 1797 quem
1789 1728 2037 1797 sequitur
2066 1727 2233 1783 editio
2258 1728 2489 1797 Merlini,
2516 1727 2831 1797 inseruntur
2852 1726 3021 1780 multa
3050 1741 3116 1779 ex
3149 1726 3360 1795 psalmo
3385 1740 3545 1779 xxx"
3566 1732 3633 1797 iet
3654 1698 3739 1787 n.1,:

514 1811 597 1849 ua:
619 1796 868 1850 Crabbus
894 1803 947 1847 et
979 1796 1068 1850 alii
1097 1796 1509 1851 submoverunt.

524 1876 711 1936 accepta
738 1876 887 1919 nocte
913 1864 1140 1920 Nativit.
1176 1866 1231 1930 6,
1265 1877 1457 1938 qutest.
1494 1868 1515 1921 Ι
1544 1886 1556 1921 :
1590 1864 1899 1923 Sacerdotes
1938 1870 2050 1939 qui.

1587 1795 1633 1829 ’ί
1655 1796 1733 1851 De
1756 1795 1985 1852 consecr.
2023 1799 2150 1854 dist.
2180 1800 2242 1855 1:
2276 1798 2443 1853 Nocte
2468 1795 2639 1853 sanet.
2673 1796 2739 1851 Et
2771 1800 2825 1853 in
2855 1797 3010 1853 Decr.
3038 1798 3115 1851 Iv.
3178 1797 3268 1851 lib.
3300 1812 3358 1863 ll,
3398 1797 3488 1850 ubi
3516 1795 3733 1850 additur

469 2019 594 2092 ejus
638 2019 742 2092 diei
786 2015 1157 2092 sacratissima
1204 2027 1338 2092 ante
1361 2034 1615 2092 auroram
1647 2018 1878 2092 missam,
1918 2021 2059 2075 cele—
2090 2025 2133 2080 Β
2161 2022 2487 2091 completum
2515 2037 2622 2076 una
2655 2037 2779 2076 cum
2819 2021 3114 2092 pontificali
3146 2031 3370 2077 auctore
3397 2024 3451 2077 in
3477 2020 3595 2077 Vita
3626 2020 3731 2074 Te-

474 2088 655 2143 brare'
686 2088 991 2159 liceat,_ita
1044 2088 1210 2159 etiam
1256 2089 1431 2143 eidem
1479 2090 1589 2143 diei
1623 2090 1917 2159 singularis
1955 2092 2059 2146 ista

472 2162 831 2229 praerogativa
877 2156 1197 2229 Telesphori
1239 2160 1510 2228 pontificis
1556 2156 1880 2216 auctoritate
1924 2177 2060 2217 con-

468 2245 626 2284 cessa
661 2227 763 2302 est,
800 2227 946 2302 quod
980 2228 1169 2302 iiceatl
1186 2227 1292 2283 neu
1320 2229 1791 2302 unamrduutaxat,
1818 2238 1912 2287 sed
1939 2233 2061 2302 pitt-

474 2315 566 2353 res
603 2297 931 2357 missas'illo
964 2297 1058 2371 die
1091 2298 1305 2371 oﬂ'erre.
1356 2298 1558 2371 Scribit
1590 2301 1735 2354 enim
1773 2301 1827 2355 in
1862 2297 2058 2371 plurali

472 2385 729 2435 numero,
755 2372 949 2424 missas
982 2367 1258 2423 celebraret.
1279 2370 1457 2435 Quare
1480 2370 1693 2425 etiamsi
1726 2371 1791 2425 de
1815 2367 2058 2427 ternario

470 2455 704 2495 numero
742 2454 1029 2497 sacrorum
1072 2439 1127 2493 in
1161 2440 1249 2494 die
1284 2438 1491 2496 Natalis
1524 2440 1741 2495 Domini
1779 2440 2060 2498 faciendo-

472 2526 592 2562 rum
622 2527 879 2579 expresse
904 2509 1039 2582 nihil
1062 2508 1342 2582 decretum
1366 2526 1487 2582 esse
1510 2512 1915 2582 reperiatur,ab
1939 2513 2058 2582 ipso

470 2589 653 2633 tamen
683 2590 904 2635 auclore
941 2580 1110 2649 legem
1146 2579 1284 2635 hanc
1308 2579 1586 2635 conditam
1614 2596 1758 2645 esse,
1790 2581 1913 2635 inde
1947 2579 2057 2637 non

470 2652 615 2720 male
665 2652 961 2720 colligitur,
1005 2649 1152 2718 quod
1198 2650 1255 2703 S.
1290 2650 1585 2717 Gregorius
1617 2650 1673 2705 in
1726 2651 1947 2706 bomilia
1980 2652 2059 2706 De

473 2718 663 2773 Natali
698 2718 913 2774 Domini
940 2720 1357 2774 consuetudinis
1388 2722 1471 2775 vel
1503 2722 1638 2789 legis
1674 2722 1839 2789 hujus
1862 2723 2056 2776 memi-

472 2790 635 2856 nerit,
689 2791 983 2858 nullusque
1036 2789 1179 2843 alius
1228 2800 1419 2843 auctor
1470 2791 1734 2847 hactenus
1783 2792 2057 2846 nominari

472 2860 734 2926 potuerit.
764 2860 867 2925 Qui
902 2874 1032 2926 ergo
1060 2859 1249 2912 eodem
1279 2860 1368 2914 die
1394 2858 1601 2916 Natalis
1630 2860 1848 2916 Domini
1883 2863 2058 2916 sacri-

469 2930 577 2983 ficii
607 2930 948 2983 iterationem
970 2929 1071 2983 hac
1092 2929 1320 2997 epistola
1343 2944 1598 2998 expresse
1616 2946 1727 2985 non
1751 2931 1869 2985 sine
1889 2946 2057 2987 causa

469 3000 700 3070 mystica
737 2999 1011 3069 praecepit,
1044 2998 1110 3071 ad
1154 3008 1362 3053 certum
1412 3001 1733 3071 mysterium
1768 3010 1916 3055 certo
1949 3017 2057 3055 nu-

470 3069 624 3123 mero
661 3069 1185 3139 repraesentandum,
1221 3069 1521 3124 ternarium
1576 3070 1908 3133 delinivisse,
1946 3087 2057 3125 non

472 3155 700 3210 possunt
756 3156 864 3210 non
925 3140 1129 3195 sentire
1174 3156 1239 3194 ac
1285 3140 1527 3194 credere.
1563 3140 1818 3210 Mysticas
1859 3155 2057 3196 causas

469 3209 636 3263 trium
692 3209 1087 3265 sacrificiorum
1137 3210 1241 3264 hoc
1296 3210 1383 3264 die
1432 3209 1869 3275 ofi'erendorum,
1920 3212 2057 3266 alias

470 3279 530 3332 S.
564 3278 805 3335 Thomas
846 3295 906 3335 Ill
956 3290 1119 3347 part.,
1155 3290 1348 3348 quaest.
1393 3281 1483 3343 85,
1513 3289 1617 3335 art.
1664 3281 1699 3333 2
1730 3280 1797 3333 ad
1826 3280 1881 3345 ἓ,
1919 3282 2055 3335 alias

2160 2092 2421 2162 iesphori,
2471 2092 2700 2162 ejusque
2731 2092 2958 2162 epistola
3002 2092 3279 2156 decretali,
3326 2092 3522 2148 asserit
3567 2093 3730 2162 etiam

2160 2160 2512 2218 Innocentius
2549 2162 2651 2227 lli,
2693 2160 2790 2218 lib.
2822 2178 2859 2217 ll
2904 2162 2980 2215 De
3018 2164 3194 2217 missa:
3220 2164 3409 2231 sacrif.
3434 2203 3451 2227 ,
3487 2179 3535 2218 c.
3560 2162 3649 2217 20.
3684 2161 3735 2215 Α

2162 2232 2675 2314 §ymmaclio_papa
2729 2233 3270 2314 composiiumﬁsse
3324 2233 3733 2314 seiiiit_Berno,

2161 2301 2239 2356 De
2262 2303 2428 2372 oﬂicio
2450 2301 2626 2358 missa?
2654 2318 2703 2357 c.
2728 2304 2819 2358 25.
2850 2303 2933 2357 Ab
2953 2301 3161 2357 Hilario
3185 2312 3364 2358 autem
3402 2301 3730 2357 Pietaviensi

2161 2372 2277 2443 hate
2298 2374 2460 2428 verba
2478 2373 2736 2443 angelicis
2752 2374 2932 2428 verbis
2948 2372 3295 2443 superaddita
3317 2388 3439 2429 esse
3456 2379 3729 2435 asserunt,

2158 2440 2422 2499 Aleuinus
2448 2440 2653 2513 libee
2696 2444 2890 2498 divinis
2938 2440 3143 2513 ofﬁciis,
3183 2458 3233 2498 c.
3264 2442 3341 2497 De
3386 2442 3732 2497 celebratione

2160 2514 2367 2583 missae;
2416 2513 2570 2583 Hugo
2610 2511 3096 2577 Victorinus,"lib.
3157 2529 3196 2568 ll
3235 2514 3309 2569 De
3359 2513 3726 2583 sacramentis.

2160 2579 2450 2654 Uteunque
2476 2579 2604 2638 vero
2632 2584 2723 2647 sit,
2756 2594 2972 2639 constat
2997 2598 3132 2654 eum_
3152 2598 3359 2638 morem
3388 2592 3442 2638 et
3464 2582 3733 2651 antiquis-

2160 2652 2375 2707 simum'
2391 2664 2445 2708 et
2491 2654 2899 2709 sanctissimum
2936 2668 3078 2709 esse.
3106 2652 3405 2709 Dissidium
3441 2662 3734 2708 auctorum

2159 2724 2239 2778 sic
2264 2724 2545 2805 conciliari
2557 2739 2723 2805 posse
2744 2724 3400 2805 exist_imo,nut_iiymnum
3425 2722 3733 2805 angeiicum

2158 2794 2389 2863 apostoli
2422 2794 2489 2849 ad
2521 2794 2750 2863 gloriam
2797 2795 2965 2849 totius
3012 2793 3072 2847 8.
3106 2792 3393 2863 Trinitatis
3433 2792 3737 2863 praedican-

2158 2862 2282 2916 dam
2315 2879 2514 2934 augere
2532 2862 2800 2932 coeperint
2847 2864 3090 2933 quidem,
3144 2862 3514 2933 Telesphorus
3550 2872 3732 2934 autem

2158 2948 2280 2986 eum
2315 2932 2458 2988 sicut
2481 2949 2625 2988 nunc
2651 2943 2831 2989 exstat
2850 2932 3222 3002 compleverit,
3251 2932 3542 3003 et'demum
3571 2932 3736 3003 Sym-

2159 3003 2388 3059 machus
2430 3018 2589 3073 papa,
2636 3012 2694 3057 ut
2735 3005 2782 3059 is
2827 3005 2883 3058 in
2935 3005 3024 3059 die
3063 3003 3347 3060 Domii'iico
3382 3013 3437 3059 et
3463 3002 3739 3073 Natalitiis

2158 3071 2458 3143 martyrum
2493 3071 2897 3143 decantaretur,
2947 3075 3283 3143 praeceperit.
3313 3074 3389 3129 Ita
3425 3074 3535 3129 fere
3567 3071 3738 3126 lnno-

2157 3141 2370 3198 centius
2403 3141 2661 3211 praedicto
2684 3145 2805 3197 loco
2834 3141 2974 3198 hanc
3003 3141 3290 3199 auctorum
3314 3143 3736 3211 discrepantiam

2157 3214 2433 3292 conciliat.
2459 3211 2825 3292 Yide‘Suarez
2851 3224 2985 3268 tom.
3010 3214 3095 3279 ΙΙΙ,
3122 3214 3200 3292 D_e_
3222 3224 3559 3278 sacrament.,
3588 3212 3733 3292 disp.

2158 3284 2247 3364 83,
2297 3284 2533 3365 scatat.
2581 3282 2693 3365 Gur
2745 3283 2981 3365 hymnus
3012 3285 3306 3365 angelicus
3352 3299 3635 3365 nunquam
3680 3282 3739 3341 in

467 3350 659 3405 Glossa
684 3351 737 3404 in
761 3366 878 3423 cap,
902 3349 1076 3423 Nocte
1094 3360 1299 3414 sancta,
1326 3351 1400 3405 De
1422 3360 1713 3423 consecrat.
1738 3350 1979 3423 distinct.
2003 3352 2059 3419 1,
2087 3358 2133 3421 c
2165 3355 2349 3409 missis
2381 3349 2800 3418 defunctorum;
2820 3355 2873 3407 in
2921 3349 3127 3410 diebus'
3148 3356 3352 3416 luctus,
3374 3349 3743 3423 ieiuniorum,

467 3430 737 3476 recenset.
788 3420 971 3474 Prima
1008 3421 1173 3477 missa
1205 3424 1502 3477 secundum
1537 3421 1803 3476 Thomam
1845 3422 2056 3491 signiﬁ—

466 3500 556 3545 cat
580 3501 847 3563 aeternam
879 3491 1023 3563 illam
1049 3508 1113 3547 ac
1137 3492 1374 3546 divinam
1408 3493 1837 3563 generationem,
1863 3493 1928 3545 de
1949 3507 2054 3561 qua

472 3562 690 3632 psalmo
722 3578 759 3615 ll
782 3579 796 3615 :
822 3579 840 3611 ι
870 3562 1013 3615 Dixit
1037 3563 1109 3632 ad
1139 3578 1224 3617 me
1248 3582 1260 3616 :
1281 3565 1616 3618 Filiusmeus
1643 3577 1703 3616 es
1728 3570 1808 3628 tu,
1830 3576 1932 3632 ego
1965 3565 2059 3617 ho-

467 3631 555 3686 die
589 3634 749 3713 genui
788 3640 858 3696 te,
881 3652 913 3713 si
939 3642 993 3686 et
1018 3631 1317 3713 Joa_nn.___c.
1352 3649 1532 3713 i,_qua
1564 3632 1731 3713 Pater
1761 3631 1916 3713 sii'ain
1969 3648 2057 3688 es-

466 3699 698 3756 sentiam
731 3719 809 3774 ac
828 3711 1078 3757 naturam
1110 3699 1460 3774 intelligendo
1490 3703 1744 3774 producit
1790 3699 2053 3774 Verbum,

465 3773 610 3841 quod
645 3783 728 3826 est
770 3772 944 3827 Filius
973 3784 1027 3827 et
1059 3772 1457 3843 perfectissima
1494 3772 1680 3843 imago
1717 3772 1915 3827 Patris.
1955 3772 2056 3827 Se-

462 3843 643 3903 cunda
693 3844 856 3899 missa
903 3846 1301 3913 generationem
1333 3845 1539 3899 Christi
1575 3843 1721 3897 illam
1756 3858 2059 3910 repraesena

465 3923 563 3978 tat,
588 3928 694 3982 qua
729 3914 781 3967 in
810 3926 963 3967 utero
994 3914 1055 3968 B.
1086 3914 1269 3969 Maria:
1297 3914 1560 3984 Virginis,
1583 3915 1784 3968 virtute
1820 3914 2057 3982 Spiritus

465 3984 642 4038 sancti
672 3996 1002 4053 conceptus,
1039 4001 1205 4039 carne
1241 3986 1481 4041 humana
1524 3985 1780 4047 indutus,
1819 3985 1873 4038 in
1911 3985 2059 4039 hunc

468 4055 733 4124 mundum
764 4070 926 4109 verus
959 4055 1124 4108 homo
1160 4064 1318 4110 natus
1348 4064 1463 4121 est;
1490 4056 1557 4109 de
1590 4072 1698 4124 qua
1723 4053 1898 4108 Lucas
1922 4070 1970 4107 c.
1994 4071 2054 4121 ιι,

462 4121 662 4193 δρξιηη.
718 4139 839 4193 cap.
885 4140 923 4189 ι,
976 4143 995 4175 ι
1042 4124 1278 4179 Verbum
1314 4142 1442 4180 caro
1498 4121 1697 4179 factum
1734 4134 1851 4188 est,
1889 4143 1907 4175 ι
1947 4135 2055 4178 etc.

467 4192 651 4248 Tertia
684 4192 852 4247 misSa
888 4195 1163 4265 significat
1193 4196 1531 4264 spiritualem
1570 4196 1718 4249 illam
1755 4196 2058 4265 generatio-

465 4280 612 4328 nem,
642 4280 747 4333 qua
781 4267 929 4319 velut
959 4264 1179 4319 Lucifer
1211 4267 1432 4333 quidam
1476 4267 1527 4319 in
1564 4266 1820 4319 cordibus
1851 4266 2057 4320 nostris

464 4332 673 4405 oritur,
694 4336 761 4387 de
784 4352 888 4404 qua
916 4337 1119 4404 passim
1149 4336 1201 4388 in
1229 4332 1739 4405 Scriptura.Glossa
1763 4351 1889 4390 vero
1920 4351 2059 4404 pra:-

468 4404 617 4458 dicto
667 4406 846 4475 capite
898 4407 1061 4459 etiam
1098 4421 1206 4459 non
1252 4404 1700 4461 incenrenienter
1747 4406 1897 4470 dicit,
1949 4416 2058 4460 tres

468 4482 648 4546 status
681 4475 967 4529 hominum
1017 4491 1111 4544 per
1162 4486 1270 4532 tres
1318 4477 1518 4532 missas
1551 4477 1958 4546 repraesentari,
1994 4491 2059 4531 ac

450 4544 771 4618 significari
822 4555 1026 4618 statum
1071 4556 1281 4601 natura:
1309 4544 1653 4618 antelegem,
1690 4548 1793 4601 sub
1834 4548 1969 4617 lege,
2003 4555 2059 4601 et

465 4624 591 4684 post
621 4616 813 4682 legem,
843 4617 924 4670 vel
949 4617 1051 4687 sub
1080 4618 1196 4686 lege
1216 4619 1423 4685 gratiae.
1447 4616 1581 4673 Vide
1606 4618 1854 4675 Glossam
1882 4616 2057 4687 ipsam

2163 3442 2226 3480 ac
2249 3424 2518 3479 ferialium
2548 3424 2825 3479 ordinaria
2848 3425 3186 3487 deeantetur,
3220 3423 3284 3479 D.
3324 3423 3521 3478 Thom.
3553 3423 3586 3477 4
3611 3438 3737 3476 sen-

2159 3505 2318 3560 tent.,
2347 3496 2477 3550 dist.
2511 3493 2603 3559 25,
2636 3495 2776 3549 hanc
2806 3495 3069 3551 rationem
3094 3495 3270 3550 reddit
3301 3494 3485 3565 :quod
3520 3507 3645 3565 cum
3680 3493 3744 3553 in

2158 3566 2361 3637 hymno
2392 3566 2507 3637 hoc
2554 3574 3015 3637 commemoretur
3041 3566 3278 3637 caelestis
3306 3564 3499 3637 gloria,
3536 3564 3592 3617 in
3620 3576 3739 3637 _so-

2158 3632 2518 3690 lemnioribus
2556 3650 2666 3688 non
2704 3636 3090 3690 communibus
3126 3632 3395 3703 feriisfad
3443 3632 3741 3688 ostenden-

2158 3708 2284 3761 dam
2332 3705 2689 3760 differentiam
2746 3706 2925 3760 cultus
2980 3706 3173 3771 divini,
3213 3713 3483 3769 cantetur,
3512 3711 3567 3758 et
3605 3704 3740 3756 dum

2158 3775 2435 3847 propriam
2477 3778 2776 3830 amicorum
2818 3776 3095 3833 miseriam
3126 3776 3395 3847 lugemus,
3429 3773 3624 3828 merito
3653 3773 3743 3826 in-.

2161 3846 2507 3901 termittatur.
2533 3848 2612 3902 lo.

2231 3916 2347 3987 (‘22)
2384 3916 2617 3985 Reliquis
2643 3916 2782 3970 enim
2804 3916 3144 3985 temporibus,
3175 3918 3463 3971 missarum
3499 3910 3749 3987 celebra-.

2162 3982 2337 4041 tiones
2370 3996 2490 4039 ante
2514 3982 2719 4039 'horam
2762 3988 2867 4041 dici
2907 3982 3135 4042 tertiam
3173 3988 3387 4041 minime
3439 3993 3563 4037 sunt
3610 3982 3741 4036 cele-

2161 4057 2396 4113 brandis.
2430 4053 2629 4111 Totum
2668 4057 2771 4112 hoc
2804 4058 3083 4112 decretum
3123 4066 3300 4112 exstat
3331 4072 3381 4111 c.
3414 4053 3584 4107 Nocte
3613 4069 3741 4105 san-

2160 4138 2266 4194 cta,
2294 4126 2370 4181 De
2408 4136 2699 4182 consecrat.
2729 4128 2855 4182 dist.
2884 4128 2935 4181 1.
2974 4128 3099 4183 Haec
3130 4137 3313 4182 autem
3341 4125 3503 4179 verba
3534 4123 3745 4194 decreti,

2158 4192 2588 4279 vel'exponenda
2618 4199 2876 4279 sunt_sic,
2912 4208 2971 4252 ut
2992 4200 3058 4253 de
3092 4195 3430 4279 missisudiei
3464 4192 3739 4279 solemni-

2159 4270 2280 4335 bus,
2308 4263 2423 4323 sive
2447 4269 2901 4323 conventualibus
2929 4277 3141 4323 tantum
3177 4267 3585 4336 intelligantur;
3628 4263 3737 4336 vel,

2159 4341 2205 4395 si
2237 4332 2534 4409 generatim
2582 4338 2805 4409 intelligi
2855 4340 3013 4405 velis,
3052 4339 3341 4409 dicendum
3358 4332 3485 4409 'est,
3510 4333 3613 4409 hoc
3642 4332 3741 4409 de:

2160 4402 2368 4465 erctum
2414 4423 2579 4473 nunc,
2614 4416 2673 4460 ut
2715 4402 2781 4462 ei
2812 4409 2878 4463 iis
2908 4402 3030 4478 qua:
3060 4424 3223 4478 supra
3256 4408 3355 4461 hac
3404 4403 3633 4473 epistola
3670 4402 3742 4455 ad

2157 4481 2407 4553 verbum,
2472 4478 2662 4540 Nocte,
2714 4479 3114 4553 adnotavimus,
3154 4487 3338 4546 aperte
3369 4482 3743 4553 constatkper

2158 4540 2509 4624 contrariam
2527 4550 2981 4624 consuetudinem
3018 4540 3354 4624 revocatum
3401 4559 3543 4624 esse.
3587 4540 3735 4623 Qlim

2161 4620 2394 4677 fortasse
2440 4620 2621 4672 missa:
2669 4620 2877 4674 tardius
2926 4620 3346 4677 inchoabantur,
3382 4620 3510 4683 quia
3557 4620 3741 4683 minor

466 4681 733 4758 praedicto
764 4681 904 4751 leco,
951 4686 1112 4743 Suar.
1134 4681 1178 4742 ἱ.
1217 4681 1313 4753 ill,
1338 4690 1585 4758 disp.80,
1612 4707 1657 4745 s.
1685 4689 1736 4743 5.
1774 4681 1917 4743 Sevi
1938 4688 2056 4745 Bm.
2091 4699 2136 4754 D
2164 4702 2283 4750 erat
2313 4689 2655 4744 sacerdotum
2690 4705 2974 4753 numerus,
3019 4689 3193 4758 major
3224 4681 3462 4758 ﬁdelium
3491 4681 3745 4747 devotio,

539 4756 651 4826 (9.1)
683 4755 954 4832 [lymnuin
975 4759 1267 4832 angeiicum
1297 4760 1353 4813 in
1387 4755 1484 4816 eis.
1522 4761 1793 4832 liymuum
1829 4764 2052 4832 angelo-

468 4842 613 4889 rum,
644 4829 734 4902 qui
769 4830 950 4902 verbis
987 4830 1183 4902 partim
1226 4830 1362 4885 Luc.
1401 4848 1462 4897 ti,
1496 4829 1801 4902 ab'angelis
1832 4830 2051 4902 Christo

470 4899 966 4971 nato_‘decantatis,
1008 4901 1203 4969 partim
1264 4902 1335 4956 ab
1392 4902 1636 4958 Ecclesia
1674 4899 2051 4971 superadditis

469 4968 778 5022 coutinetur
817 4970 950 5024 his:
1008 4968 1027 5022 ἰ
1083 4971 1268 5027 Gloria
1323 4974 1377 5027 in
1422 4974 1653 5030 excelsis
1699 4968 1833 5031 Deo.
1882 4981 1934 5025 et
1994 4972 2051 5025 in

470 5050 611 5091 terra
655 5055 761 5107 pax
810 5041 1125 5096 hominibus
1174 5044 1334 5099 bona;
1391 5046 1728 5098 voluntatis:
1764 5041 2054 5097 laudamus

468 5118 521 5185 te
549 5126 561 5160 :
585 5108 985 5185 _benedicimns
1020 5121 1091 5185 te,
1132 5132 1149 5165 ι
1178 5124 1309 5179 etc.,
1340 5115 1519 5185 angeli
1554 5116 1907 5185 inchoarunt,
1945 5111 2053 5185 Ec~

468 5178 634 5255 clesia
694 5184 1117 5255 consummavit,
1170 5178 1442 5255 totusque
1477 5195 1561 5241 est
1611 5185 1807 5255 plenus
1852 5182 2051 5255 divinis

467 5249 742 5330 iaudibus,
785 5249 1416 5330 graiiarumactione'et
1441 5249 1844 5330 deprecatione.
1868 5252 2049 5321 Ange—

468 5320 571 5375 lica
599 5331 728 5375 sunt
758 5320 835 5376 :4
868 5321 1054 5377 Gloria
1089 5324 1143 5378 in
1174 5328 1407 5382 excelsis
1446 5320 1576 5387 Deo.
1602 5340 1655 5381 et
1688 5326 1742 5378 in
1769 5333 1908 5377 terra
1949 5337 2053 5389 pax

469 5392 785 5446 hominibus
808 5394 963 5448 bona:
990 5395 1319 5463 voluntatis;
1354 5417 1371 5448 ι
1404 5399 1612 5465 reliqua
1659 5410 1781 5465 quite
1807 5410 2053 5463 sequun-

469 5472 558 5515 tur
591 5477 757 5534 aiquo
787 5466 1138 5533 superaddita
1167 5470 1300 5529 sint,
1334 5483 1444 5521 non
1491 5470 1626 5521 satis
1677 5465 1880 5534 liquide
1917 5480 2054 5519 con-

469 5540 596 5599 stat.
636 5533 713 5584 Ex
764 5535 831 5589 iis
870 5550 990 5602 qua:
1033 5537 1127 5591 lib.
1158 5554 1233 5593 vu
1279 5537 1512 5593 Constit.
1542 5554 1591 5593 c.
1617 5539 1683 5592 57
1715 5533 1769 5591 et
1808 5535 1899 5599 58,
1932 5534 2058 5588 Gle-

469 5618 626 5666 mens
652 5603 933 5659 Romanus
960 5608 1171 5673 scribit,
1218 5609 1265 5663 si
1296 5609 1405 5663 illis
1432 5609 1613 5663 debita
1644 5610 1776 5663 fides
1799 5606 2058 5661 adhibea-

472 5684 585 5748 tur,
617 5676 687 5728 ab
714 5677 977 5748 apostolis
1007 5678 1119 5730 fere
1148 5688 1321 5733 totum
1354 5681 1718 5748 compositum
1745 5692 1869 5733 esse
1897 5676 2057 5731 colli—

471 5746 639 5819 gitur,
688 5746 1028 5819 totus_euim
1066 5748 1179 5804 fere
1206 5751 1445 5819 hymnus
1482 5746 1683 5804 ibidem
1718 5767 1748 5804 a
1777 5749 2060 5802 tilernente

476 5813 755 5885 iecit-itur.
779 5813 1167 5888 ATclespboro
1184 5813 1365 5877 autem
1389 5829 1561 5876 totum
1587 5822 1847 5894 hymnum
1875 5818 2047 5883 fuisse

2155 4775 2236 4829 ut,
2269 4760 2483 4817 etiamsi
2529 4760 2735 4813 tardius
2779 4760 3189 4829 iucboarentur,
3223 4757 3325 4826 ipsi
3361 4764 3540 4829 tamen
3579 4761 3739 4829 post-

2154 4823 2627 4910 positisprivatis
2667 4831 2950 4883 laboribus
2996 4832 3062 4883 ad
3124 4823 3350 4910 missam
3402 4823 3734 4910 audiendam

2154 4897 2529 4963 convenirent.
2574 4897 2730 4954 Nunc
2773 4911 2953 4953 autem
2998 4909 3052 4955 et
3091 4899 3438 4953 sacerdotum
3468 4907 3739 4948 numerus

2154 4979 2344 5046 majori
2382 4981 2487 5035 est,
2537 4976 2591 5023 et
2620 4969 2753 5046 aliae
2779 4971 3205 5046 circumstantia:
3238 4982 3451 5046 magna
3478 4979 3545 5046 ex
3581 4970 3740 5032 parte

2154 5036 2286 5103 sunt
2334 5044 2654 5105 immutatae,
2706 5041 2934 5109 ideoque
2977 5041 3177 5094 mirum
3221 5036 3480 5109 nonusit,
3522 5042 3741 5109 tempus

2155 5102 2367 5173 dicendi
2421 5102 2650 5165 missam
2696 5102 3052 5179 anticipatum
3103 5111 3295 5165 fuisse.
3348 5104 3484 5162 Vide
3533 5102 3743 5158 Suarez

2158 5200 2291 5243 tom.
2322 5181 2409 5246 Ill,
2443 5182 2585 5250 disp.
2622 5180 2714 5241 80.
2748 5192 2880 5235 sect.
2908 5183 2961 5237 4.
2990 5181 3066 5235 In.

2226 5256 2338 5328 (‘25)
2383 5253 2455 5305 Ab
2481 5245 2738 5320 episwpis
2775 5262 2950 5328 autem
2990 5252 3128 5328 idem
3171 5249 3439 5328 angelicas
3491 5245 3739 5328 hymnits.

2158 5307 2423 5382 Ιιδῖιὸρο
2462 5307 2565 5394 non
2595 5307 2802 5377 tantum
2836 5323 3132 5391 episcopis,
3162 5307 3266 5376 sed.
3288 5307 3741 5394 etiam_s_:icerdq-

2158 5401 2308 5453 tibus
2354 5392 2666 5464 praecipitur
2714 5401 2771 5464 ui
2827 5387 3071 5464 solemne
3121 5406 3338 5464 sacrum
3386 5387 3740 5448 celebraturi,

2157 5473 2321 5523 etiam
2354 5461 2509 5520 extra
2541 5464 2682 5537 diem
2720 5461 2931 5537 Natalis
2966 5461 3236 5537 Doniiiiici
3280 5461 3543 5537 hymnum
3575 5471 3742 5523 ange-

2158 5542 2323 5595 licum
2354 5537 2408 5589 in
2449 5535 2719 5589 sacrificio
2755 5534 2999 5605 recitent.
3034 5533 3197 5587 Solus
3228 5541 3417 5605 autem
3450 5533 3742 5605 episcopus

2160 5612 2251 5665 hic
2273 5608 2607 5670 nominatur,
2679 5605 2766 5665 uia
2802 5605 2868 5658 ad
2912 5604 3066 5658 illum
3096 5602 3335 5657 maxime
3377 5607 3584 5669 spectat
3614 5602 3736 5649 ιιιίει⁴

2162 5697 2253 5729 sas
2299 5677 2595 5729 celebrare.
2638 5620 2783 5729 (itide
2830 5674 3035 5729 Suarez
3082 5684 3220 5729 tom.
3284 5669 3395 5729 Ill.
3437 5668 3580 5729 disp.
3630 5666 3736 5729 85,

2162 5697 2253 5734 sas
2299 5666 2603 5733 celebrare.
2652 5666 2783 5730 Vide
2830 5674 3035 5730 Suarez
3082 5684 3220 5729 tom.
3284 5666 3580 5739 Ill,'disp.
3630 5666 3739 5732 85,

2162 5759 2296 5806 sect.
2332 5765 2369 5802 ι.
2406 5747 2480 5800 lo.

2226 5821 2340 5891 (Ἡ)
2385 5817 2498 5889 Ipsi
2544 5818 2683 5873 enim
2731 5820 2823 5887 qui
2878 5818 3091 5889 proprio
3139 5831 3227 5872 ore
3271 5828 3457 5868 cornus
3500 5808 3738 5869 Domini.
