4142 6382
334 347 472 407 1085

1529 315 1866 379 EPISTULA
1911 313 2002 367 AD
2028 309 2261 365 ΟΜΝεὸ
2290 302 2599 361 FIDELES.

3456 283 3477 336 i
3488 279 3593 336 086

327 452 662 521 dilacerandi
685 457 780 506 aut
811 438 1164 503 detrahendi:
1210 436 1338 505 quia
1368 433 1570 505 quibus
1604 446 1663 487 se
1693 427 1909 484 Domini
1942 429 1986 484 A
2010 422 2387 492 recipiantur;
2416 416 2547 487 quia
2601 425 2793 467 eorum
2849 403 3129 463 aemulatio
3173 402 3378 457 lacerat
3426 397 3592 453 etiam

1754 519 1782 521 “
2012 516 2023 521 ’
2255 520 2259 521 ν
2386 508 2425 521 ··
2650 520 2655 521 ν
2825 496 3199 521 annuum...“
3233 492 3255 521 ι
3284 496 3592 521 unum...“

329 519 564 625 populus
610 538 881 604 benedici,
912 531 1112 591 salvari
1160 538 1214 584 et
1252 524 1450 580 instrui
1480 522 1650 593 cupit,
1674 519 1907 574 nullate-

331 612 436 697 im;
473 637 632 693 debet
672 644 768 685 eos
803 637 1051 696 arguere,
1079 633 1180 674 nec
1214 617 1408 684 vulgus
1437 612 1495 666 in
1522 624 1714 666 eorum
1741 620 1907 661 accu-

331 730 542 789 satione
568 722 798 792 suscipi.
830 716 1072 787 Populus
1101 710 1250 766 enim
1284 708 1354 762 ab
1381 706 1462 761 eis
1486 702 1767 759 docendus
1801 708 1908 764 est,

331 832 386 877 et
418 789 820 886 corripiendus,
846 818 953 864 non
990 804 1096 875 ipsi
1130 802 1198 857 ab
1220 814 1310 867 eo,
1344 798 1476 867 quia
1520 812 1540 846 ι
1570 807 1678 848 non
1707 800 1791 845 est
1822 789 1909 844 di:-

333 882 584 982 scipulus
618 919 782 976 super
826 901 1149 971 magistrum
1173 896 1245 948 θ’.
1272 913 1292 945 ι
1342 889 1504 945 Nullo
1543 886 1708 941 modo
1745 882 1913 954 igitur

335 973 547 1059 Domini
578 973 867 1069 pontiﬁces
895 999 949 1047 et
978 987 1175 1058 reliqui
1222 983 1551 1046 sacerdotes,
1578 978 1777 1043 quibus
1807 973 1914 1028 Do-

336 1096 472 1153 mini
501 1090 797 1149 commissa
819 1091 903 1143 est
928 1082 1102 1154 plebs,
1121 1077 1225 1135 rite
1242 1075 1505 1148 populum
1536 1078 1764 1143 possunt
1787 1082 1913 1122 cor.

340 1191 533 1261 rigere,
561 1184 609 1239 si
639 1177 977 1249 deceptionis
1029 1189 1089 1229 se
1138 1166 1498 1240 cognoverint
1528 1164 1726 1231 laqueo
1770 1156 1915 1213 infe-

338 1282 491 1339 stari.
522 1276 680 1333 Unde
714 1274 924 1344 justurn
968 1276 1057 1323 est
1092 1277 1285 1319 omnes
1332 1260 1387 1313 in
1428 1254 1687 1312 universo
1716 1252 1761 1284 ”
1787 1250 1919 1305 orbe

334 1375 589 1434 doctores
630 1364 801 1435 legis,
843 1375 909 1415 ea
951 1371 1074 1428 quae
1103 1352 1240 1423 legis
1286 1355 1416 1405 sunt
1466 1359 1678 1415 sapere.
1719 1350 1919 1397 etnon

332 1431 644 1523 sacerdotes
671 1431 888 1509 Domini
910 1448 1074 1504 labiis
1096 1446 1210 1501 suis
1236 1449 1333 1497 aut
1352 1436 1687 1510 quibuslibet
1714 1431 1921 1488 machi-

323 1538 650 1609 ‘nationibus
703 1541 1002 1599 maculare.
1055 1534 1197 1589 Dum
1249 1529 1396 1586 enim
1428 1527 1579 1597 ipsos
1620 1521 1922 1591 disponunt

322 1630 431 1697 iaut
463 1640 692 1711 cupiunt
716 1632 1027 1695 maculare,
1070 1624 1255 1696 potius
1299 1620 1512 1689 seipsos
1545 1612 1824 1670 maculant
1867 1616 1922 1663 et

324 1728 642 1790 Tvulnerant.
674 1728 770 1782 Dei
792 1739 923 1793 ergo
957 1726 1179 1776 accusat
1222 1710 1650 1773 ordinationem,
1684 1704 1920 1774 quieos,

324 1816 432 1897 'qui
473 1824 542 1879 ab
582 1837 649 1877 eo
698 1816 1131 1877 constituuntur,
1177 1804 1491 1863 sacerdotes
1539 1806 1783 1863 accusat,
1831 1794 1915 1849 vel
1947 1774 1992 1833 Β

324 1902 590 1973 damnari
614 1913 661 1946 “
689 1910 860 1981 cupit;
893 1907 939 1961 A
971 1904 1173 1976 quibus
1204 1915 1263 1955 se
1289 1910 1483 1952 omnes
1508 1891 1694 1948 ﬁdeles
1725 1900 1918 1945 cavere

335 2010 555 2073 debent,
592 2004 720 2076 quia
748 1976 861 2056 non
897 1998 1073 2054 solum
1105 1993 1199 2064 qui
1237 1990 1467 2053 faciunt,
1498 1983 1595 2042 sed
1627 1984 1791 2038 etiam
1822 1976 1917 2049 qui

337 2097 690 2157 consentiunt
721 2089 1072 2151 facientibus,
1098 2084 1179 2138 rei
1204 2088 1352 2137 sunt.
1377 2077 1628 2133 Christus
1652 2071 1796 2129 enim
1822 2068 1918 2123 Dei

338 2191 531 2256 Filius,
572 2186 840 2241 Dominus
873 2189 1059 2237 noster
1088 2176 1159 2244 ⁸³,
1191 2174 1432 2229 humano
1464 2166 1649 2238 generi
1688 2164 1918 2220 salutem

338 2282 660 2339 condonans
692 2277 932 2348 plenam,
971 2273 1038 2328 de
1071 2268 1232 2324 nobis
1258 2265 1363 2320 ait:
1416 2259 1559 2328 «Qui
1597 2273 1699 2313 vos
1725 2254 1921 2325 recipit

338 2389 429 2429 me
473 2341 778 2440 recipit;-et
818 2364 914 2435 qui
955 2376 1052 2417 vos
1083 2355 1314 2428 spernit,
1343 2366 1435 2407 me
1466 2346 1675 2418 spernit
1702 2345 1769 2397 '°.
1801 2362 1820 2395 ›
1862 2341 1921 2396 Si

338 2481 469 2535 ergo
513 2460 780 2517 Dominus
812 2457 867 2511 in
913 2454 995 2509 eis
1045 2448 1306 2518 recipitur
1326 2452 1390 2499 et
1421 2439 1692 2510 rejicitur,
1728 2432 1920 2504 procul

340 2526 506 2612 dubio
529 2552 701 2623 ipsius
726 2555 875 2612 sunt,
902 2544 995 2616 qui
1029 2542 1083 2596 in
1109 2540 1191 2595 eis
1214 2535 1460 2613 rejicitur
1492 2531 1576 2585 vel
1597 2526 1914 2596 suscipitur.

349 2665 367 2698 ι
390 2644 458 2700 Et
486 2616 684 2713 tu-quis
703 2656 785 2703 es,
803 2638 896 2708 qui
908 2634 1124 2706 judicas
1148 2644 1367 2686 servum
1390 2624 1628 2679 alienum
1645 2620 1726 2673 ’7?
1748 2637 1767 2670 ι
1788 2616 1924 2671 Pro—

345 2738 435 2795 cul
457 2711 625 2791 dubio
660 2742 1033 2801 transgressor
1081 2739 1142 2780 es
1172 2722 1309 2793 legis
1337 2718 1433 2772 Dei
1460 2726 1514 2770 et
1546 2711 1923 2784 apostolorum

343 2841 507 2901 atque
527 2825 952 2898 prophetarum:
983 2826 1035 2873 et
1059 2830 1167 2869 non
1193 2814 1368 2869 solum
1394 2810 1611 2872 harum,
1639 2804 1731 2860 sed
1760 2802 1924 2857 etiam

343 2921 523 2991 legum
560 2917 947 2970 humanarum.
984 2908 1187 2962 Omnes
1235 2904 1380 2958 enim
1414 2899 1558 2970 leges
1587 2908 1697 2952 tam
1730 2891 1927 2949 divinae

344 3026 510 3083 quam
542 3016 598 3063 et
628 3008 921 3069 humane,
956 2999 1197 3054 alienum
1244 3007 1463 3049 servum
1510 2989 1759 3061 judicare
1795 2998 1927 3054 pro--

343 3105 552 3159 bibent.
588 3098 730 3167 Quid
756 3107 919 3168 putas
961 3091 1067 3147 erit
1113 3090 1181 3145 de
1214 3094 1290 3151 te,
1328 3100 1454 3141 cum
1490 3091 1926 3151 transgressores

344 3205 399 3252 et
428 3166 841 3252 conculcatores
883 3183 1021 3254 legis
1053 3180 1150 3236 Dei
1192 3172 1635 3245 damnabuntur?
1672 3166 1928 3224 Profecto

343 3298 400 3346 et
426 3296 481 3344 tu
512 3280 882 3346 damnaberis,
918 3275 1047 3347 quia
1073 3268 1430 3345 postposuisti
1457 3265 1776 3322 mandatum
1812 3260 1929 3328 Dei,

344 3390 399 3437 et
432 3392 580 3436 tuam
617 3372 926 3444 adimplesti
973 3371 1328 3426 voluntatem.
1361 3360 1630 3429 Quoniam
1668 3358 1808 3412 sicut
1852 3354 1934 3408 di—

347 3469 438 3541 gni
483 3474 612 3523 sunt
658 3463 920 3534 vita,qui
951 3459 1268 3524 mandatum
1311 3453 1405 3508 Dei
1449 3449 1745 3519 adimplent
1769 3454 1933 3515 atque

349 3532 699 3622 custodiunt”
729 3554 807 3607 ita
843 3532 931 3607 rei
963 3558 1021 3605 et
1060 3542 1311 3618 perdigni
1352 3547 1483 3596 sunt
1515 3544 1710 3602 morte,
1742 3532 1837 3613 qui
1868 3546 1931 3585 ea

348 3654 706 3722 postponunt,
734 3653 790 3700 et
818 3644 876 3699 in
909 3653 1112 3695 vanum
1139 3637 1370 3692 ducunt.
1409 3629 1506 3687 Est
1531 3628 1679 3682 enim
1714 3610 1771 3680 in
1796 3639 1934 3693 apo-

350 3720 558 3799 stolieis
583 3739 846 3809 scriptum
873 3730 1138 3788 institutis
1167 3747 1181 3783 :
1211 3728 1257 3759 ’⁸
1287 3744 1305 3786 ι
1328 3722 1568 3778 Alterius
1592 3720 1753 3775 vitam
1773 3732 1932 3772 nemo

350 3832 580 3896 laceret,
619 3808 781 3882 etde
829 3823 977 3879 malo
1033 3819 1210 3874 alieno
1240 3832 1304 3871 os
1346 3824 1504 3870 suum
1538 3826 1649 3866 non
1683 3808 1933 3878 coinqui—

352 3932 497 3978 net.)
549 3922 915 3976 Accusatores
938 3928 1072 3969 vero
1101 3923 1155 3966 et
1185 3906 1583 3970 accusationes,
1616 3918 1757 3973 quas
1784 3902 1932 3972 leges

353 4014 542 4072 saeculi
580 4028 691 4069 non
715 4009 1037 4073 admittunt,
1071 4011 1126 4059 et
1160 4017 1263 4057 nos
1292 4000 1708 4060 submovemus.

1100 4092 1192 4151 IV.

648 4194 723 4252 De
743 4187 1140 4247 accusatoribus
1176 4200 1281 4239 non
1317 4178 1650 4249 recipiendis.

427 4292 472 4324 ”
505 4288 573 4344 Et
616 4283 924 4343 accusatori
965 4279 1191 4336 omnino
1225 4291 1336 4330 non
1367 4273 1513 4329 credi
1562 4267 1930 4332 decernimus,

355 4382 475 4454 qui,
503 4382 726 4436 absente
738 4374 1075 4440 adversario,
1091 4383 1311 4435 causam
1330 4364 1572 4439 suggerit
1588 4373 1713 4417 ante
1731 4361 1935 4417 utrius-

2010 516 2349 570 innocentes.
2383 508 2541 563 Hunc
2571 516 2791 560 murum
2825 496 3203 554 firmissimum
3233 492 3255 523 ⁵
3284 496 3597 546 statuerunt

2011 618 2193 677 patres
2234 600 2431 667 nostri,
2460 608 2514 654 et
2558 612 2658 652 nos
2692 608 2817 650 cum
2862 592 2961 657 eis,
2993 596 3186 644 contra
3216 590 3597 654 persecutores

2011 705 2233 752 nostros
2248 694 2290 759 ⁸,
2316 702 2376 748 ιη
2398 692 2503 746 hoc
2532 687 2776 744 remedio
2799 696 2991 739 eorum
3010 677 3285 750 pellantur
3313 669 3598 727 machina-

2011 796 2217 854 menta,
2268 794 2325 840 et
2374 797 2473 838 vos
2523 778 2833 837 securiores
2880 782 2935 828 et
2984 768 3287 826 sanctiores
3342 757 3598 816 famulari

2011 874 2331 934 mereamini
2358 878 2542 927 vestro
2571 863 2862 924 Salvatori.
2899 860 3245 921 Cisterumsr
3276 848 3595 907 considerat

2014 967 2215 1038 impius
2242 965 2474 1035 justum,
2510 967 2565 1015 et
2593 954 2805 1028 quaerit
2824 961 2887 1007 ut
2911 947 3125 1006 occidat
3152 958 3302 1000 eum.
3333 935 3600 993 Dominus

2014 1075 2125 1115 non
2158 1055 2501 1123 derelinquet
2546 1064 2672 1104 eum
2706 1047 2761 1101 in
2796 1055 2993 1099 manus
3030 1038 3185 1109 ejus,
3219 1042 3274 1088 et
3307 1045 3415 1085 non
3465 1040 3599 1082 con-

2016 1114 2297 1206 demnabit
2320 1114 2470 1206 eum,
2502 1154 2629 1195 cum
2676 1132 3013 1207 judicabitur
3048 1127 3144 1181 illi.
3187 1122 3455 1191 Exspecta
3494 1114 3600 1170 Do-

2016 1241 2229 1297 minum
2263 1246 2320 1293 et
2349 1232 2564 1293 custodi
2588 1230 2732 1286 viam
2766 1226 2917 1296 ejus:
2946 1229 3001 1276 et
3028 1215 3289 1274 exaltabit
3320 1221 3373 1267 te
3395 1218 3456 1265 ut
3478 1222 3604 1277 pos-

2018 1334 2198 1391 sideas
2226 1340 2460 1387 terram:
2489 1339 2613 1379 cum
2657 1317 2958 1375 interibunt
2991 1310 3179 1381 impii,
3213 1302 3443 1361 videbis.
3482 1297 3603 1355 Vidi

2020 1420 2248 1492 impium
2280 1418 2567 1474 robustum
2610 1418 2665 1465 et
2697 1405 3079 1467 fortissimum,
3113 1398 3259 1453 sicut
3291 1390 3605 1461 indigenam

2018 1515 2308 1569 virentem.
2343 1508 2411 1563 Et
2438 1503 2772 1569 transiviyet
2798 1511 2928 1553 ecce
2962 1508 3073 1549 non
3104 1496 3254 1554 erat;
3286 1495 3341 1541 et
3373 1480 3605 1554 quaesivi

2021 1620 2171 1671 eum,
2205 1611 2261 1657 et
2291 1616 2399 1656 non
2425 1607 2510 1654 est
2542 1596 2819 1650 inventus.
2855 1582 3085 1643 Custodi
3117 1575 3529 1647 simplicitatem
3553 1577 3610 1627 et

2023 1702 2147 1758 vide
2170 1709 2406 1761 rectum,
2443 1693 2576 1765 quia
2603 1691 2707 1747 erit
2735 1689 2795 1742 in
2824 1690 3132 1741 extremum
3154 1677 3277 1731 viro
3315 1686 3444 1743 pax.
3466 1666 3613 1722 Pre-

2019 1793 2354 1848 varicatores
2387 1758 2570 1842 autem
2605 1779 2911 1837 interibunt
2956 1773 3192 1845 pariter,
3225 1775 3282 1823 et
3313 1765 3335 1796 ‘
3368 1758 3612 1817 novissio.

2020 1900 2171 1941 mum
2227 1881 2521 1951 impiorum
2579 1872 2799 1947 peribit.
2834 1867 2996 1923 Salus
3039 1870 3223 1919 autem
3266 1858 3541 1928 iustorum
3578 1867 3610 1907 a

2018 1975 2275 2040 Domino,
2304 1940 2799 2027 fortitudo-eorum
2834 1970 3076 2028 tempore
3105 1946 3504 2009 tribulationis.
3537 1940 3611 1999 Et

2020 2037 2380 2131 auxiliabitur
2413 2064 2495 2120 eis
2519 2059 2787 2116 Dominus
2816 2065 2872 2110 et
2899 2048 3156 2107 liberabit
3185 2058 3282 2101 eos
3308 2044 3378 2098 ab
3403 2037 3609 2109 impiis,

2018 2170 2073 2215 et
2099 2159 2293 2228 eripiet
2320 2170 2417 2211 eos
2452 2153 2522 2207 ab
2552 2150 2755 2219 impiis,
2788 2153 2843 2201 et
2870 2140 3107 2199 salvabit
3140 2135 3392 2207 eos,quia
3418 2145 3611 2201 spera—
3636 2140 3643 2151 '

2018 2219 2218 2304 verunt
2242 2248 2296 2302 in
2321 2260 2386 2300 eo
2403 2246 2445 2300 ".
2481 2263 2500 2295 ι
2532 2241 2599 2295 Et
2631 2238 2795 2295 alibi:
2834 2255 2853 2287 ι
2878 2231 3020 2300 Quid
3047 2227 3299 2301 gloriaris
3320 2226 3375 2279 in
3399 2219 3611 2277 malitia

2019 2338 2253 2413 potens?
2286 2331 2663 2393 Misericordia
2697 2328 2795 2382 Dei
2819 2333 2933 2381 tota
2961 2331 3045 2378 est
3068 2320 3176 2375 die.
3205 2314 3438 2371 Insidias
3461 2311 3614 2381 cogi-v

2021 2403 2157 2493 iavit
2189 2431 2374 2500 lingua
2418 2436 2535 2490 tua,
2575 2420 2737 2494 quasi
2770 2415 3040 2473 novacula
3073 2422 3167 2467 tua
3202 2416 3363 2464 acuta
3404 2403 3615 2459 faciens

2022 2527 2233 2584 dolum.
2259 2518 2507 2576 Dilexisti
2529 2515 2795 2571 malitiam
2815 2506 2991 2578 magis
3013 2518 3179 2575 quam
3204 2501 3436 2564 bonum,
3460 2508 3618 2548 men-

2022 2618 2243 2675 dacium
2266 2614 2441 2684 magis
2467 2623 2633 2680 quam
2663 2603 2814 2673 loqui
2843 2598 3135 2670 justitiam.
3158 2588 3402 2647 Dilexisti
3430 2583 3615 2640 omnia

2023 2714 2189 2768 verba
2226 2709 2292 2764 ad
2327 2676 2724 2763 devorandum,
2761 2695 2947 2763 lingua
2979 2688 3188 2744 dolosa.
3214 2684 3321 2739 Sed
3352 2680 3496 2734 Deus
3524 2676 3621 2731 de-

2026 2810 2200 2859 struet
2246 2808 2301 2854 te
2330 2798 2385 2852 in
2422 2792 2839 2863 sempiternum,
2871 2781 3096 2839 terrebit
3129 2788 3181 2833 te
3202 2817 3216 2841 ,
3252 2783 3307 2830 et
3340 2770 3535 2827 evellet
3566 2777 3621 2821 te

2026 2896 2094 2951 de
2122 2887 2473 2949 tabernaculo
2502 2862 2615 2951 tuo,
2644 2893 2699 2939 et
2724 2876 3032 2938 eradicabit
3063 2881 3115 2926 te
3148 2870 3216 2924 de
3244 2877 3388 2921 terra
3429 2862 3620 2916 viven-

2030 2985 2194 3039 tium.
2225 2979 2501 3035 Videbunt
2522 2948 2657 3045 justi
2691 2980 2745 3027 et
2777 2968 3069 3028 timebunt,
3099 2969 3155 3016 et
3181 2971 3344 3027 super
3383 2967 3508 3007 eum
3541 2948 3620 3002 ri-

2028 3078 2252 3133 debunt.
2289 3071 2428 3128 Ecce
2455 3068 2539 3123 vir
2566 3067 2661 3137 qui
2688 3079 2799 3119 non
2833 3059 3020 3132 posuit
3055 3050 3430 3109 fortitudinem
3465 3057 3620 3097 suam

2032 3171 2088 3225 in
2143 3168 2339 3229 Deum,
2390 3161 2486 3217 sed
2546 3156 2789 3229 speravit
2816 3155 2871 3209 in
2918 3144 3269 3207 multitudine
3306 3139 3622 3195 divitiarum

2033 3275 2281 3321 suarum,
2317 3254 2657 3312 confortatus
2684 3260 2768 3305 est
2801 3249 2855 3302 in
2890 3243 3103 3300 insidiis
3130 3238 3265 3296 suis.
3294 3234 3407 3305 Ego
3440 3238 3624 3287 autem

2034 3357 2179 3411 sicut
2214 3353 2361 3409 oliva
2395 3350 2581 3403 virens
2614 3345 2673 3399 in
2705 3343 2870 3397 domo
2901 3338 3032 3403 Dei,
3066 3328 3279 3403 speravi
3314 3329 3369 3381 in
3401 3321 3624 3379 miseri-

2032 3447 2217 3504 cordia
2246 3445 2343 3499 Dei
2378 3445 2434 3497 in
2462 3440 2724 3498 saeculum
2758 3442 2812 3489 et
2845 3432 2901 3486 in
2937 3438 3203 3485 internum
3223 3424 3266 3476 ⁸.
3312 3416 3629 3475 Coufitebor

2033 3541 2132 3594 tibi
2164 3539 2220 3592 in
2250 3535 2534 3597 saeculum,
2562 3527 2826 3601 quoniam
2862 3520 3042 3577 fecisti
3077 3527 3130 3572 et
3159 3509 3489 3582 exspectabo
3520 3519 3624 3563 uo-.

2034 3646 2160 3684 men
2197 3638 2382 3690 tuum,
2420 3622 2683 3694 quoniam
2730 3617 2937 3672 bonum
2975 3613 3029 3665 in
3065 3614 3362 3675 conspectu
3400 3607 3623 3655 sancto-

2034 3734 2159 3773 rum
2191 3718 2212 3750 ⁹
2247 3690 2467 3771 tuorum
2504 3713 2566 3765 ιο.
2606 3708 2681 3762 De
2711 3705 2913 3761 talibus
2940 3701 3085 3756 enim
3117 3690 3531 3752 insidiatoribus
3570 3693 3628 3741 et

2035 3807 2453 3866 accusatoribus
2487 3813 2771 3858 servorum
2803 3808 3031 3852 suorum
3073 3787 3319 3858 loquitur
3356 3780 3633 3836 Dominus

2034 3920 2130 3974 per
2154 3900 2479 3970 Prophetam
2513 3895 2737 3950 dicens:
2779 3908 2797 3941 ι
2828 3887 2902 3943 Os
2937 3894 3095 3940 tuum
3123 3876 3382 3936 dimisisti
3416 3873 3483 3928 ad
3509 3885 3631 3927 ina-2

2033 3995 2230 4060 litiam,
2256 3963 2310 4047 et
2332 3990 2521 4060 lingua
2546 3997 2642 4042 tua
2671 3978 3024 4039 concinnavit
3051 3975 3261 4031 dolum.
3301 3967 3509 4023 Sedens
3530 3963 3628 4018 ad.

2032 4057 2226 4140 versus
2260 4057 2488 4136 fratrem
2512 4088 2668 4135 tuum
2695 4070 3031 4145 loquebaris,
3062 4076 3117 4122 et
3142 4066 3193 4119 in
3227 4064 3401 4118 filium
3436 4057 3629 4119 matris

2035 4184 2143 4230 tuae
2180 4171 2539 4228 fabricabaris
2567 4166 2945 4239 opprobrium.
2986 4160 3111 4215 Haec
3138 4157 3338 4221 fecisti,
3374 4162 3430 4208 et
3457 4150 3625 4216 tacui,

2035 4265 2379 4322 Existimasti
2416 4264 2656 4319 similem
2708 4261 2785 4315 tui
2827 4272 2916 4312 me
2948 4252 3234 4311 fulurum?
3282 4261 3506 4318 arguam
3554 4253 3628 4309 te,

2034 4369 2089 4415 et
2137 4373 2445 4430 proponam
2487 4364 2539 4410 te
2574 4366 2699 4410 ante
2746 4350 2938 4408 oculos
2973 4356 3119 4402 tuos.
3168 4340 3456 4411 luteiligite
3490 4337 3629 4398 haec,

357 4427 475 4454 γ...
503 4427 966 4436 -..η---μ---ηπ
1002 4427 1010 4428 κ
1062 4427 1074 4440 ,
1234 4432 1235 4435 η
1399 4427 1462 4439 ,ιν

355 4488 464 4543 que
509 4470 681 4544 partis
723 4469 930 4539 justam
971 4461 1395 4518 discussionem.
1438 4454 1550 4510 Nec
1586 4454 1666 4520 bi,
1700 4454 1796 4523 qui
1825 4466 1935 4505 non
1967 4458 2012 4515 ι)
2040 4427 2553 4522 qui—obliviscimini
2584 4446 2793 4509 Deum,
2822 4458 2899 4497 ne
2924 4440 3068 4495 forte
3102 4436 3299 4506 rapiat,
3329 4442 3384 4487 et
3416 4446 3524 4485 non
3560 4427 3636 4483 sit

358 4520 463 4543 ‘1"
512 4520 677 4544 I"”"‘
723 4520 869 4539 0""

356 4571 489 4621 sunt
514 4561 717 4627 idonei,
742 4556 1114 4626 suscipiantur
1135 4553 1203 4607 ad
1234 4548 1947 4627 accusationemnatomnes
2043 4520 2138 4613 qui
2172 4543 2363 4597 liberet
2391 4542 2455 4594 “.
2481 4560 2498 4593 ι
2529 4538 2877 4609 Languentes
2912 4540 3094 4587 autem
3131 4530 3184 4582 in
3213 4528 3318 4581 isto
3343 4520 3637 4579 conamine

356 4654 453 4727 qui
487 4654 750 4709 adversus
780 4659 963 4721 patres
996 4654 1304 4709 armantur,
1334 4639 1568 4698 infames
1601 4652 1724 4693 esse
1756 4609 1951 4691 cense}
2041 4635 2272 4690 notandi
2325 4643 2472 4699 sunt,
2521 4640 2577 4687 et
2612 4646 2644 4685 a
2698 4628 2897 4684 talibus
2930 4619 3247 4694 repellendi.
3293 4615 3456 4670 Tales
3486 4612 3632 4674 enim

2508 4724 2540 4727 ς-
2585 4724 2596 4727 -
2659 4722 2690 4727 --
3376 4706 3630 4727 ,μη-,η

358 4759 505 4801 mus.
533 4742 722 4799 Patres
764 4740 912 4796 enim
945 4751 1137 4792 omnes
1186 4730 1479 4789 venerandi
1515 4737 1665 4795 sunt,
1696 4741 1807 4782 non
1852 4740 1944 4780 re-

359 4836 592 4906 spuendi
637 4841 734 4889 aut
773 4834 790 4865 ¹
823 4828 1119 4886 insidiandi
1150 4828 1191 4880 ³.
1233 4827 1255 4856 ³
1283 4822 1348 4877 Hi
1391 4835 1523 4876 vero
1557 4820 1653 4891 qui
1687 4833 1812 4873 cum
1839 4815 1948 4870 ini-

361 4930 522 4986 micis
553 4936 859 4995 morantur,
888 4932 983 4981 aut
1013 4921 1108 4993 qui
1134 4917 1370 4990 suspecti
1396 4915 1688 4976 habentur,
1712 4911 1943 4966 minime

2046 4727 2297 4782 membra
2329 4737 2460 4781 sunt
2490 4722 2718 4786 diaboli,
2745 4720 2838 4789 qui
2866 4718 2907 4748 "
2933 4728 3156 4771 sursum
3182 4718 3347 4777 atque
3371 4706 3633 4765 deorsum

2046 4820 2359 4889 pet-volans,
2383 4817 2582 4888 quaerit
2606 4828 2748 4885 quos
2780 4808 2957 4883 possit
2984 4804 3257 4865 occidere,
3283 4813 3425 4868 quos
3456 4792 3635 4865 possit

2048 4924 2327 4981 separare,
2365 4925 2505 4985 quos
2540 4904 3024 4978 possitdevorare.
3054 4896 3283 4964 Propter
3315 4903 3483 4960 quam
3514 4900 3637 4955 rent

432 5073 478 5103 ⁹¹
504 5071 638 5127 Luc.
661 5084 738 5134 vr,
766 5067 857 5122 40.
930 5065 976 5096 ⁸³
1004 5058 1565 5134 Damasnscitataep.
1590 5053 1659 5134 ad
1689 5049 2147 5134 Ilfggrfgosinserit
2178 5049 2333 5105 verb.
2351 5047 2749 5134 Romanorum;
2772 5043 2830 5106 8,
2858 5047 3051 5134 quiest.
3086 5036 3145 5090 ιε
3178 5032 3489 5134 ξαιξεηίοιεδ
3517 5029 3637 5099 (ἵκει

2229 5122 2274 5134 ..ρ
2311 5119 2353 5134 ι.
2400 5118 2457 5134 ..ι
2624 5117 2657 5134 n
2681 5132 2690 5134 -
2773 5129 2835 5134 ___
2889 5128 2916 5134 ..
3024 5128 3036 5134 -
3166 5108 3185 5134 9
3292 5118 3377 5134 nm
3430 5116 3517 5134 ι-ιιι
3576 5099 3607 5134 Α

360 5109 893 5205 νιιεῑῖῗῖἰιξξθῗὲι
950 5109 1529 5205 εχ’”ἑό“ᾷιέῐιιξ-Α.-οοιιῖ
1552 5122 1680 5205 egi.
1708 5109 1793 5205 ,τέ
1828 5120 1986 5174 nom.
2030 5136 2070 5187 ι,
2100 5122 2154 5174 5.
2229 5118 2499 5205 91mm).
2540 5134 2593 5181 χ,
2623 5117 2693 5205 2;
2725 5109 2943 5177 Lucfx,
2974 5109 3059 5162 to.

362 5152 409 5177 ⁵.
711 5152 803 5205 69’
1552 5152 1601 5178 υ.
1634 5152 1680 5175 ιο
1752 5152 1785 5154 ⁷⁷
1828 5152 1986 5174 ιιυιιιο
2100 5152 2154 5174 υ.
2308 5152 2499 5172 ιῐιαιιιιο
2540 5152 2593 5181 Δ,
2627 5152 2655 5169 ιι
2680 5158 2693 5179 ,
2726 5152 2858 5168 μυυ.
2888 5152 2943 5177 Α,

362 5215 412 5247 os
450 5214 579 5268 Isid.
610 5209 1034 5280 synongmorum
1081 5218 1143 5280 ῃ,
1301 5200 1346 5231 οθ
1378 5198 1432 5261 ’5,
1483 5211 1537 5280 q.
1559 5194 1640 5280 n8:
1670 5191 2060 5280 .Acinsatores,
2117 5202 2221 5247 etc.
2262 5189 2414 5280 Eutuin
2447 5188 2595 5280 decr.
2623 5183 2885 5253 Stephani
2920 5196 2943 5247 υ

1646 5272 1702 5280 ,7.
1892 5262 1960 5280 In.
2019 5277 2069 5280 ___
2136 5278 2148 5280 _
2211 5263 2224 5280 ι
2360 5274 2461 5280 ,Αη,
2580 5258 2600 5280 ι
2635 5253 2912 5280 .'..--...-....l.'

836 5278 938 5329 ino.
1019 5275 1035 5304 ¹
1076 5259 1322 5324 Anianus
1353 5259 1530 5321 censi.
1559 5264 1614 5329 9,
1645 5263 1728 5316 tit.
1760 5263 1850 5327 59,
1891 5262 1986 5314 lib.
2016 5277 2093 5325 χι,
2126 5263 2249 5316 cod.
2291 5259 2502 5313 Tlieod.

366 5320 647 5339 ηυνυιυιυινσ
664 5320 680 5333 υ
706 5320 938 5333 νην-νυιτν.
1076 5320 1248 5324 ___—__e.
1265 5320 1318 5323 ν-
1364 5320 1375 5321 κ

365 5356 421 5409 in
444 5353 574 5408 edit.
600 5349 808 5405 Merlini
829 5366 845 5414 ;
870 5346 1077 5417 primus
1096 5320 1917 5417 Crabbusalteramlectionem
1944 5340 2039 5385 aut
2062 5320 2461 5386 con-ectiouem
2484 5326 2790 5382 substituit.
2867 5323 2888 5354 ⁵
2914 5320 3288 5391 fortissimum.

1854 5403 1863 5417 ³
2138 5404 2204 5417 ⁸⁵⁵³
2277 5403 2332 5417 ἐὶ
2442 5416 2445 5417 ν
2488 5414 2603 5417 νγᾼᾼ-
2660 5395 2790 5417 Ili..-
2913 5394 2935 5417 ι
2972 5392 3280 5417 -Αιι‹..ιῖοηιρηη

1694 5403 1714 5432 ⁷
1744 5400 1888 5455 Psal.
1922 5417 2108 5468 xxxvr,
2138 5404 2229 5468 5:2,
2264 5403 2356 5465 49,
2386 5416 2452 5454 ex
2483 5414 2628 5453 vers.
2660 5395 2809 5449 Hier.

366 5283 680 5339 Accusatort’
706 5283 938 5333 omnino.

365 5426 389 5457 ⁸
423 5422 603 5491 Iniqui
660 5409 842 5473 autent
872 5409 1223 5491 delabuntur”
1245 5409 1466 5491 pariter,
1513 5412 1583 5458 et.

368 5492 791 5547 misericordium
837 5497 1069 5540 tuorum.

370 5567 413 5596 ¹²
433 5563 748 5624 Flavianus,
779 5556 951 5622 Epist.
974 5553 1044 5606 ad
1076 5550 1133 5607 S.
1169 5548 1414 5603 Leonem.

366 5677 513 5734 Nihil
538 5677 630 5732 hic
658 5672 934 5730 concludit
966 5678 1027 5723 ut
1063 5666 1465 5734 calumniantur
1506 5658 1936 5734 Magdeburgenf

370 5765 481 5814 ses,
513 5750 605 5827 sed
637 5746 901 5800 rationem
931 5739 1111 5827 reddit
1137 5752 1235 5790 cur
1273 5732 1587 5827 sacerdotes
1614 5738 1673 5827 elt'
1699 5728 1937 5805 episcopi

372 5801 483 5875 non
516 5801 640 5876 sint
676 5827 879 5872 temere
914 5829 945 5867 a
984 5809 1146 5883 _laicis
1194 5804 1520 5872 accusandi;
1550 5801 1784 5875 scilicet,
1819 5801 1947 5869 quia

1182 5473 1398 5534 “Psal.
1433 5492 1509 5540 Li,
1546 5489 1643 5545 per
1667 5479 1846 5528 totum
1896 5488 1985 5527 ex.
2029 5488 2171 5528 vers.
2211 5473 2360 5528 llier.

3166 5106 3208 5137 ⁹τ
3244 5102 3401 5156 Rom.
3429 5116 3543 5163 xw,
3574 5099 3629 5159 4,

2117 5158 2221 5247 etc.
3104 5192 3179 5253 ac_
3197 5174 3349 5236 Julii,
3378 5172 3432 5253 ἦ,
3475 5158 3540 5253 q.

3014 5251 3034 5280 ³
3065 5251 3136 5302 ita
3170 5248 3223 5299 in
3263 5259 3364 5298 ms.
3395 5239 3535 5296 Just.
3567 5248 3625 5294 et

3368 5312 3389 5345 ⁵
3414 5319 3632 5369 vestros.

2913 5382 2935 5423 δ
2969 5392 3362 5458 sempiternum.
3467 5382 3638 5458 uiis.k

2471 5449 2702 5523 1rP's'al.
2736 5480 2878 5530 λιιι,
2923 5449 3117 5526 19-2ἑ,
3163 5473 3231 5514 cx
3284 5469 3430 5509 vers.
3477 5449 3631 5505 liier.

2580 5258 2600 5287 ³
2634 5253 2933 5308 incusandi.

2044 5664 2210 5711 tanta:
2237 5655 2516 5725 dignitatis
2547 5658 2682 5734 snit,
2719 5658 2778 5703 ut
2805 5659 3012 5734 corpus
3041 5643 3255 5734 Domini
3287 5633 3509 5710 proprio
3535 5647 3646 5714 ore,

2051 5712 2374 5784 consecrent
2413 5734 2465 5779 et
2497 5712 2842 5778 conlitunent.
2878 5712 3003 5774 Sev.
3045 5712 3167 5781 BIN.
