4142 6414
488 308 622 365 ἓο87

1868 317 2123 374 HYGINII
2164 316 2362 373 ΡΑΡᾸΞ

3601 316 3750 375 {088

489 422 818 506 vigilandum
860 448 976 505 est,
1029 447 1085 493 et
1125 438 1295 494 armis
1342 436 1656 494 caelestibus
1689 450 1886 491 sumus
1936 452 2060 489 mu-
2091 443 2136 498 Α
2166 437 2333 501 mine,
2362 435 2526 490 dilexi
2560 435 2937 490 habitaculum
2970 434 3169 491 domus
3205 442 3335 501 tum,
3359 444 3417 492 et
3446 436 3629 493 locum
3660 448 3749 494 ta-

484 529 705 595 niendi,
750 546 819 585 ne
863 529 921 585 in
971 529 1091 599 ejus
1124 527 1413 599 compedes
1459 527 1788 591 incidamus,
1823 536 1917 581 aut
1945 527 2066 596 ejus

483 619 661 677 foveis
686 620 1047 690 illaqueemur
1081 620 1144 675 ¹³.
1170 619 1335 677 Decet
1366 620 1513 675 enim
1549 619 1603 673 in
1647 619 1847 673 talibus
1880 620 2065 674 causis

484 715 592 771 hoc
625 716 864 769 maxime
907 715 1218 785 provideri,
1256 725 1315 771 ut
1358 716 1477 771 sine
1508 714 1738 784 strepitu
1772 727 2029 770 concerta
2050 745 2062 756 -

482 804 717 871 tionum,
746 814 800 859 et
831 803 1073 860 cbaritas
1106 804 1468 871 custodiatur,
1492 812 1545 858 et
1578 804 1774 858 veritas
1806 802 2064 858 defenda-

483 903 593 962 tur,
627 904 789 966 atque
823 897 1164 960 innocentes,
1195 910 1248 952 et
1279 896 1495 950 Domini
1524 895 1773 951 'ministri
1802 896 1957 951 illaesi
1991 896 2061 950 li-

483 987 765 1041 berentur.
786 988 859 1043 De
886 989 1046 1043 bonis
1063 1004 1192 1058 ergo
1215 997 1269 1042 et
1286 988 1453 1057 legem
1472 986 1689 1041 Domini
1704 987 2064 1042 custodienti-

482 1078 609 1143 bus,
631 1079 1001 1149 fratribusque
1020 1079 1064 1110 “
1080 1078 1486 1147 adjuvantibus,
1507 1085 1560 1131 et
1580 1092 1688 1131 non
1714 1076 2061 1144 nocentibus,

484 1169 578 1223 sed
608 1170 1080 1239 supportantibus,
1110 1172 1185 1224 ait
1217 1185 1314 1240 per
1336 1168 1661 1239 Prophetam
1687 1169 1953 1225 Dominus
1979 1169 2023 1200 "
2049 1187 2063 1223 :

485 1278 509 1311 1
542 1259 658 1315 Non
701 1262 815 1317 sedi
852 1279 976 1317 cum
1023 1264 1155 1320 viris
1188 1264 1478 1329 vanitatis,
1513 1280 1639 1319 cum
1674 1264 1925 1334 superbis
1957 1278 2065 1318 non

484 1352 780 1422 ingrediar.
816 1352 973 1409 0divi
1007 1356 1293 1411 ecclesiam
1332 1360 1717 1427 pessimorum,
1742 1365 1796 1410 et
1824 1372 1947 1410 cum
1973 1356 2071 1410 im-

482 1444 590 1513 piis
622 1461 726 1499 non
764 1447 982 1502 sedebo.
1013 1446 1230 1503 Lavabo
1258 1449 1311 1502 in
1346 1448 1655 1504 innocentia
1677 1463 1872 1502 manus
1895 1462 2066 1510 meas,

483 1544 539 1589 et
558 1536 799 1591 circuibo
823 1537 993 1593 altare
1016 1546 1190 1593 tuum.
1224 1541 1474 1605 Domine,
1512 1549 1572 1595 ut
1603 1540 1751 1595 clara
1774 1554 1907 1593 voce
1931 1553 2069 1608 prae—

484 1626 659 1681 dicem
693 1627 931 1696 laudem,
958 1638 1012 1683 et
1042 1646 1257 1685 narrem
1293 1631 1477 1687 omnia
1508 1629 1778 1685 mirabilia
1811 1636 1926 1683 tua.
1949 1626 2064 1683 Do-

2166 529 2444 585 bernaculi
2480 528 2667 599 gloriae
2692 537 2816 584 tuae.
2854 526 2932 582 Ne
2962 528 3179 584 auferas
3209 544 3334 584 cum
3363 529 3749 599 peccatoribus

2167 623 2407 677 animam
2466 636 2641 675 meam
2669 659 2684 685 ,
2729 628 2784 674 et
2844 635 2968 675 cum
3014 620 3148 674 viris
3194 622 3526 692 sanguinum
3573 622 3747 679 vitam

2164 729 2366 768 meam.
2409 710 2467 766 In
2511 728 2748 782 quorum
2794 712 3049 767 manibus
3091 713 3271 769 scelus
3315 724 3420 780 est,
3452 722 3507 769 et
3552 714 3745 771 dextra

2163 819 2355 859 eorum
2404 803 2608 873 repleta
2640 812 2724 858 est
2758 803 3099 858 muneribus.
3142 802 3257 874 Ego
3294 814 3474 859 autem
3509 804 3563 860 in
3605 806 3745 861 sim-

2162 895 2405 964 plicitate
2444 907 2566 947 mea
2595 892 2833 962 gradiar,
2874 891 3083 947 redime
3116 907 3203 947 me
3240 900 3295 947 et
3323 892 3582 948 miserere
3612 893 3743 949 mei.

2164 985 2266 1041 Pes
2291 1000 2447 1041 meus
2476 984 2627 1041 stetit
2648 985 2703 1039 in
2730 992 2900 1051 recto,
2926 984 2982 1039 in
3010 983 3257 1039 ecclesiis
3290 983 3607 1039 benedicam
3635 983 3747 1039 Do-

2166 1078 2376 1133 minum
2407 1076 2473 1132 ”.
2513 1092 2535 1129 1
2567 1074 2915 1130 Concordem
2955 1074 3124 1145 igitur
3174 1089 3301 1129 cum
3355 1075 3615 1130 omnibus
3646 1074 3742 1131 Dei

2167 1168 2548 1229 sacerdotibus
2578 1170 2662 1226 hae
2685 1169 2975 1226 ebaritatis
3006 1170 3310 1236 sententia),
3333 1170 3388 1224 in
3419 1171 3621 1240 quibus
3645 1185 3745 1226 vos

2167 1262 2309 1317 tixos
2334 1270 2389 1317 et
2418 1262 2606 1318 ﬁrmos
2629 1262 2890 1318 exsistere
2910 1262 3247 1332 judicamus.
3282 1260 3426 1317 Deus
3462 1276 3563 1319 vos
3593 1262 3749 1317 inco-

2167 1354 2343 1410 lumes
2373 1355 2664 1422 custodiat,
2697 1355 2794 1410 lilii
2826 1354 3160 1411 cbarissimi.

2239 1444 2375 1500 Data
2407 1446 2817 1517 decimoquinto
2854 1446 3129 1501 Kalendas
3156 1443 3357 1510 Martii,
3386 1444 3663 1503 Antonino
3692 1453 3749 1502 et

2169 1537 2353 1593 Marco
2377 1538 2419 1570 "
2444 1538 2578 1595 viris
2608 1539 2933 1596 clarissimis
2965 1537 3288 1594 consulibus
3324 1535 3389 1590 ⁸⁸.

474 1764 523 1859 ’-
557 1783 603 1815 ¹³
628 1783 684 1838 S.
708 1784 819 1841 Leo
841 1802 927 1856 ep.
964 1787 1042 1859 8._
1098 1788 1141 1819 “
1157 1790 1235 1843 Ita
1280 1803 1384 1843 ms.
1429 1804 1531 1859 pro
1559 1789 1871 1858 fratresque.
1950 1789 1994 1824 ³⁵
2022 1786 2167 1842 Ρ8111.
2193 1804 2323 1849 xxv,
2351 1790 2407 1859 4,
2444 1803 2618 1859 usque
2646 1787 2714 1845 ad
2747 1788 2955 1859 ﬁnem,
2978 1786 3126 1859 Hier.
3162 1786 3446 1859 interpret.
3528 1783 3573 1816 ιθ
3589 1781 3753 1859 idem,

483 1848 758 1927 Damasus
790 1848 952 1927 supra
996 1857 1217 1923 citatus,
1247 1848 1575 1927 quibusdam
1621 1848 1915 1915 identidem
1946 1859 2191 1913 mutatis.
2270 1848 2319 1890 "7
2346 1848 2404 1913 in
2431 1848 2545 1915 ms.’
2567 1859 2798 1914 Antonio
2820 1869 2870 1913 et
2889 1848 3237 1922 Hartio;sed
3270 1848 3471 1910 absunt
3510 1868 3541 1908 a
3584 1850 3751 1909 fastis.

484 1919 542 1977 111
576 1919 875 1983 (1008111118.⁵
920 1928 962 1959 ¹⁸
986 1926 1146 1983 Falsa
1172 1919 1525 2001 subscriptio.

480 2057 3713 2109 ω

1370 2230 2307 2391 HYGINIUS
2387 2226 2888 2388 PAPA

1864 2608 2375 2705 ΝΟΤΙΤΙΑ

481 2805 558 2857 ει
582 2804 729 2854 Libro
752 2802 1022 2867 pontiﬁcali
1040 2806 1235 2857 Damasi
1254 2821 1317 2872 pa

1320 2819 1415 2869 pas,
1454 2818 1532 2867 ap.
1560 2806 1734 2869 Μᾼπει,
1777 2804 1982 2869 Canem,
2022 2804 2062 2869 l_,
2086 2802 2193 2852 663.
2215 2828 2277 2838 -—
2298 2799 2824 2869 Yarﬁiaslectiones‘et
2841 2799 2984 2869 notas
3011 2793 3072 2843 ad
3103 2793 3238 2843 hunc
3263 2793 3425 2842 locum
3446 2787 3583 2842 Libri
3616 2801 3744 2855 pou-

1344 2843 1535 2917 1111εεῖἔέ
1560 2843 1991 2932 ἐπῖδὲἲίαῦὂῒᾶᾐὶὶἑ
2238 2870 2272 2912 1.
2296 2843 2537 2922 CXXV—1i,
2550 2843 2674 2909 ‘asi:
2686 2843 2870 2919 '1‘18’5.)

550 3031 817 3104 Hyginius
844 3034 1064 3089 natione
1090 3034 1334 3108 Graecus,
1356 3051 1422 3090 ex
1450 3036 1800 3108 philosOpho,
1832 3037 1900 3090 de
1951 3034 2201 3108 Athenis,
2232 3032 2390 3108 cujus
2431 3028 2801 3108 genealogiam
2838 3041 2944 3082 non
2986 3025 3190 3108 inveni:
3226 3023 3366 3105 sedit
3393 3036 3570 3108 annos
3606 3036 3744 3105 qua-

479 3116 629 3168 ‘uor,
656 3119 869 3174 menses
905 3115 1037 3170 tres,
1080 3107 1197 3160 dies
1222 3114 1477 3174 quatuor.
1521 3106 1646 3161 Fuit
1673 3106 1866 3160 autem
1906 3106 2240 3174 temporibus

2315 3093 2391 3155 eri
2432 3093 2494 3156 ’ἐι
2528 3093 2715 3161 Marci,
2755 3113 2785 3151 a
2814 3099 3102 3152 consulatu
3140 3095 3326 3164 Magni
3357 3103 3412 3148 et
3440 3093 3749 3158 Cameriui,

483 3163 659 3243 usque
691 3174 759 3227 ad
799 3163 1086 3247 Orphitu'm
1116 3186 1183 3247 iet
1212 3163 1482 3232 Priscum.
1529 3176 1627 3231 Hic
1660 3178 1865 3231 elerum
1898 3163 2210 3247 com-posuit
2244 3181 2299 3228 et
2330 3172 2611 3247 distribuit
2646 3170 2869 3247 gradus.
2919 3167 3020 3223 Hic
3056 3166 3183 3247 fecit
3212 3163 3584 3247 ordinationes
3630 3172 3748 3247 tres

481 3233 585 3312 per-
623 3233 892 3298 mensem'
913 3243 1287 3311 Decembrem,
1324 3248 1670 3318 presbyteros
1698 3233 2324 3314 quindecilu,'diaconos
2351 3243 2613 3363 quinque,
2642 3233 2932 3318 cpiscopus
2958 3253 3055 3309 per
3082 3237 3305 3316 diversa.
3338 3235 3606 3315 loca.sex.
3638 3233 3745 3299 Qui

481 3314 645 3363 etiam
672 3314 915 3363 sepultus
938 3324 1023 3363 est
1063 3317 1210 3363 iuxta
1250 3331 1451 3363 cornus
1506 3319 1644 3363 beati
1687 3316 1834 3363 Petri
1873 3318 1927 3363 in
1971 3314 2255 3363 Vaticano-
2305 3314 2463 3363 tertio
2526 3313 2627 3363 dus
2673 3308 2941 3363 Januarii.
2980 3306 3047 3363 Ει
3095 3312 3336 3362 cessant
3395 3316 3745 3363 episcopatus

479 3314 645 3388 etiam
672 3314 915 3383 sepultus
938 3324 1023 3372 est
1056 3317 1213 3387 juxta
1250 3314 1451 3388 corpus
1491 3314 1645 3372 'beati
1687 3316 1835 3371 Petri
1872 3318 1928 3371 in
1971 3314 2255 3381 Vaticano,
2305 3314 2463 3367 tertio

482 3382 604 3441 dies
626 3382 754 3439 tres.

2526 3303 2627 3366 dus
2673 3303 3047 3364 Januarii.'Et
3095 3304 3336 3362 cessavit
3395 3303 3749 3375 episcopatus

493 3559 3747 3589 W

1522 3717 2154 3847 HYGINII
2248 3714 2697 3845 ΡΑΡλίΕ

1750 3953 2489 4072 ΕΡΙΞΤΟΙΛΕ

1567 4174 1760 4237 (1111181.
1792 4175 1972 4228 Concil.
1997 4172 2203 4236 collect.,
2224 4179 2263 4226 t.
2289 4176 2329 4238 Ι,
2350 4178 2447 4228 col.
2471 4177 2607 4242 663.)

2064 4335 2132 4346 .~

901 4448 1238 4504 EPISTOLA
1275 4449 1493 4503 PRIMA
1524 4449 1661 4520 (es).

869 4558 934 4597 AD
977 4558 1148 4598 OMNES
1180 4557 1393 4598 CHRISTI
1421 4559 1660 4599 FIDELES.

514 4654 590 4709 De
614 4654 731 4727 ﬁde
752 4653 815 4717 ι’,
851 4665 899 4708 et
935 4667 991 4711 ut
1029 4656 1465 4726 metropolitanus
1496 4658 1688 4727 absque
1720 4668 2028 4713 cancrorum

652 4726 1015 4795 episcoporum
1040 4729 1299 4781 instantia
1329 4744 1432 4780 non
1459 4726 1645 4781 audiat
1673 4746 1886 4784 causas.

556 4816 817 4889 Hyginius
839 4821 884 4851 ⁸ο
919 4820 973 4872 in
1008 4818 1211 4875 Christi
1238 4820 1472 4885 nomine,
1503 4820 1661 4875 almae
1693 4820 1845 4877 urbis
1873 4820 2059 4875 Romae

480 4910 788 4979 episcopus,
840 4911 1052 4967 cunctis
1103 4910 1162 4966 in
1221 4912 1522 4986 apostolica
1573 4912 1679 4969 ﬁde
1724 4922 1780 4968 et
1810 4910 2059 4969 doctrina

482 5001 823 5072 degentibus,
855 5003 1106 5059 salutem.

1245 5091 1286 5147 1.

872 5184 951 5239 De
981 5186 1227 5239 misszone
1254 5184 1389 5239 Filii
1418 5203 1451 5240 a
1478 5185 1660 5240 Patre.

550 5274 901 5341 Charissimi,
936 5295 956 5327 1
994 5276 1137 5331 Deus
1174 5276 1372 5331 Filium
1400 5294 1564 5331 suum
1592 5276 1743 5332 misit
1778 5277 1835 5332 in
1869 5275 2064 5331 simili-

480 5367 724 5421 ‘udincm
772 5368 956 5423 carnis
1011 5370 1240 5439 peccati,
1297 5378 1353 5424 et
1401 5369 1469 5424 de
1513 5378 1739 5438 peccato
1777 5368 2059 5424 damnavit

2093 4488 2137 4543 Β
2164 4464 2446 4526 peccatum
2474 4456 2527 4510 in
2557 4470 2746 4523 carne,
2776 4465 2836 4511 ut
2857 4456 3073 4526 iustitia
3105 4456 3240 4527 legis
3269 4456 3583 4527 impleretur
3611 4459 3680 4514 “.
3714 4478 3755 4514 ις

2166 4549 2211 4579 ²²
2236 4545 2409 4602 Filius
2450 4562 2558 4601 non
2616 4544 2922 4601 secundum
2963 4545 3220 4601 deitatem
3262 4546 3439 4601 solam
3499 4561 3530 4601 a
3583 4544 3747 4601 Patre

2164 4637 2369 4693 missus
2405 4645 2509 4703 est,
2538 4637 2635 4692 sed
2664 4637 2965 4693 secundum
2990 4652 3233 4702 carnem,
3258 4652 3421 4707 quam
3448 4636 3761 4694 clementer-

2164 4738 2219 4783 et
2248 4729 2335 4798 pie
2358 4744 2459 4799 pro
2488 4729 2646 4784 nobis
2678 4744 2962 4785 assumere
2983 4743 3093 4783 non
3115 4727 3439 4799 dedignatus
3466 4737 3573 4785 est.
3602 4727 3756 4787 Nam

2165 4820 2311 4890 quod
2338 4820 2711 4890 semetipsum,
2752 4818 3032 4874 exinanita
3072 4818 3379 4887 maiestatis
3407 4834 3522 4874 suae
3550 4827 3746 4889 poten-

2166 4912 2239 4967 tia
2260 4953 2276 4979 ,
2308 4911 2447 4966 idem
2479 4927 2539 4967 se
2569 4911 2744 4967 Filius
2780 4910 3023 4975 miserit,
3053 4908 3352 4979 Apostolus
3375 4918 3755 4978 contestatur,

2169 5011 2226 5058 et
2255 5003 2431 5058 dicit:
2474 5020 2495 5055 1
2551 5001 2915 5071 Semetipsum
2957 5001 3281 5067 exiuanivit,
3323 5000 3557 5057 formam
3597 5005 3743 5059 servi

2169 5095 2461 5164 accipiens,
2486 5103 2541 5149 et
2564 5094 2873 5150 humiliavit
2893 5093 3267 5164 semetipsum,
3284 5091 3459 5149 factus
3481 5094 3743 5150 obediens

2168 5198 2344 5253 usque
2370 5183 2439 5238 ad
2476 5192 2728 5249 mortem,
2787 5190 3017 5237 mortem
3058 5191 3242 5238 autem
3280 5185 3462 5241 crucis
3493 5182 3559 5240 “.
3611 5202 3631 5237 1
3675 5183 3742 5239 Et

2165 5271 2336 5330 Isaias
2368 5295 2380 5330 :
2418 5292 2439 5327 1
2489 5272 2605 5329 Non
2649 5275 2879 5346 legatus,
2932 5288 3112 5345 neque
3155 5278 3401 5349 angelus,
3459 5278 3553 5332 sed
3594 5275 3742 5332 Deus

2163 5366 2281 5437 ipse
2308 5368 2508 5435 veniet,
2538 5375 2592 5421 et
2620 5368 2854 5424 salvabit
2883 5384 2985 5425 nos
3008 5369 3076 5424 ".
3122 5388 3141 5424 1
3175 5368 3308 5425 Item
3350 5368 3482 5424 alibi
3515 5386 3531 5424 :
3578 5387 3599 5421 1
3634 5368 3741 5425 Pa-

558 5508 600 5587 ξθ
624 5507 677 5559 111
699 5521 802 5560 ms.
829 5506 1029 5589 Del-ide
1048 5517 1098 5562 et
1124 5508 1616 5589 religionis'eausis.
1650 5507 1815 5589 Hard.
1840 5509 1886 5589 '_°
1918 5508 2115 5589 1111118..
2133 5506 2384 5589 Viginus;
2410 5521 2467 5589 et
2497 5510 2639 5589 apud
2666 5509 2989 5589 Gratianum
3021 5508 3203 5589 [gigas
3224 5510 3418 5589 ;aiibi_:
3450 5484 3710 5589 111ῃὶ111118-
3717 5522 3739 5589 .'

484 5576 684 5652 ubique
720 5589 883 5652 recte.
910 5576 1241 5652 1118001808.
1320 5581 1363 5652 '_‘
1401 5578 1564 5652 Dom.
1605 5595 1724 5645 vm,
1763 5581 1818 5645 5,
1843 5580 1897 5633 4.
1976 5576 2291 5652 {"Ithacius
2349 5576 2545 5652 contra
2562 5579 2933 5637 Warimadum
2973 5576 3094 5652 cap.
3118 5582 3173 5651 ⁸5,
3203 5576 3346 5639 unde
3373 5576 3741 5651 fraus'patelil

485 5644 823 5701 “creatoris.
904 5649 949 5680 ”
973 5648 1209 5720 Philipp.
1239 5665 1300 5715 n,
1326 5649 1378 5715 7,
1410 5649 1464 5703 8.
1530 5649 1576 5679 ”
1600 5644 1935 5715 1811811111,
1974 5649 2046 5703 22

2161 5651 2403 5719 xxxv,4.

559 5782 673 5852 (25)
708 5782 970 5855 Suspecta
1002 5803 1124 5849 cum
1158 5787 1403 5858 sequenti
1438 5788 1636 5849 dicitur
1669 5790 1780 5847 νγ.
1809 5788 2062 5849 eruditis.
