  <div class='ocr_page' id='page_1' title='image "/cluster/home/n/w/nwhite01/storage/ocr_20150623/5/coo.31924054872845/552.png"; bbox 0 0 4142 6446; ppageno 0'>
   <div class='ocr_carea' id='block_1_1' title="bbox 428 415 565 471">
    <p class='ocr_par' dir='ltr' id='par_1_1' title="bbox 428 415 565 471">
     <span class='ocr_line' id='line_1_1' title="bbox 428 415 565 471; baseline 0.015 -2"><span class='ocrx_word' id='word_1_1' title='bbox 428 415 565 471; x_wconf 81' lang='grc'><strong>1089</strong></span> 
     </span>
    </p>
   </div>
   <div class='ocr_carea' id='block_1_2' title="bbox 1805 409 2193 467">
    <p class='ocr_par' dir='ltr' id='par_1_2' title="bbox 1805 409 2193 467">
     <span class='ocr_line' id='line_1_2' title="bbox 1805 409 2193 467; baseline 0 0"><span class='ocrx_word' id='word_1_2' title='bbox 1805 409 2193 467; x_wconf 67' lang='grc' dir='ltr'><strong>ΕΗΒΤΟΗΕ.</strong></span> 
     </span>
    </p>
   </div>
   <div class='ocr_carea' id='block_1_3' title="bbox 3550 414 3689 473">
    <p class='ocr_par' dir='ltr' id='par_1_3' title="bbox 3550 414 3689 473">
     <span class='ocr_line' id='line_1_3' title="bbox 3550 414 3689 473; baseline 0.022 -3"><span class='ocrx_word' id='word_1_3' title='bbox 3550 414 3689 473; x_wconf 82' lang='grc'><strong>1090</strong></span> 
     </span>
    </p>
   </div>
   <div class='ocr_carea' id='block_1_4' title="bbox 428 524 3686 598">
    <p class='ocr_par' dir='ltr' id='par_1_4' title="bbox 428 524 3686 598">
     <span class='ocr_line' id='line_1_4' title="bbox 428 524 3686 598; baseline -0.001 -15"><span class='ocrx_word' id='word_1_4' title='bbox 428 528 535 583; x_wconf 90' lang='lat' dir='ltr'><strong>lam</strong></span> <span class='ocrx_word' id='word_1_5' title='bbox 559 525 786 597; x_wconf 90' lang='lat' dir='ltr'><strong>apparui</strong></span> <span class='ocrx_word' id='word_1_6' title='bbox 811 540 921 581; x_wconf 91' lang='lat' dir='ltr'><strong>non</strong></span> <span class='ocrx_word' id='word_1_7' title='bbox 938 525 1309 597; x_wconf 68' lang='lat' dir='ltr'><strong>quaerentibus</strong></span> <span class='ocrx_word' id='word_1_8' title='bbox 1337 541 1424 583; x_wconf 92' lang='lat' dir='ltr'><strong>me</strong></span> <span class='ocrx_word' id='word_1_9' title='bbox 1449 528 1521 581; x_wconf 77' lang='grc'><strong>’³.</strong></span> <span class='ocrx_word' id='word_1_10' title='bbox 1555 545 1575 579; x_wconf 69' lang='grc' dir='ltr'>ι</span> <span class='ocrx_word' id='word_1_11' title='bbox 1606 526 1671 583; x_wconf 83' lang='grc' dir='ltr'><strong>Ει</strong></span> <span class='ocrx_word' id='word_1_12' title='bbox 1692 524 1957 582; x_wconf 84' lang='lat' dir='ltr'><strong>Jeremias</strong></span> <span class='ocrx_word' id='word_1_13' title='bbox 1986 542 2000 579; x_wconf 86' lang='lat'><strong>:</strong></span> <span class='ocrx_word' id='word_1_14' title='bbox 2034 528 2079 583; x_wconf 86' lang='lat' dir='ltr'><strong>A</strong></span> <span class='ocrx_word' id='word_1_15' title='bbox 2106 525 2400 598; x_wconf 82' lang='lat' dir='ltr'><strong>Evangeiio</strong></span> <span class='ocrx_word' id='word_1_16' title='bbox 2433 527 2511 581; x_wconf 91' lang='lat' dir='ltr'><strong>alt</strong></span> <span class='ocrx_word' id='word_1_17' title='bbox 2550 544 2562 579; x_wconf 91' lang='lat'><strong>:</strong></span> <span class='ocrx_word' id='word_1_18' title='bbox 2620 544 2640 579; x_wconf 73' lang='grc' dir='ltr'>ι</span> <span class='ocrx_word' id='word_1_19' title='bbox 2680 527 2790 597; x_wconf 79' lang='lat' dir='ltr'><strong>Ego</strong></span> <span class='ocrx_word' id='word_1_20' title='bbox 2825 534 2879 583; x_wconf 92' lang='lat' dir='ltr'><strong>et</strong></span> <span class='ocrx_word' id='word_1_21' title='bbox 2920 526 3083 587; x_wconf 83' lang='lat' dir='ltr'><strong>Pater</strong></span> <span class='ocrx_word' id='word_1_22' title='bbox 3126 543 3295 583; x_wconf 93' lang='lat' dir='ltr'><strong>unum</strong></span> <span class='ocrx_word' id='word_1_23' title='bbox 3330 544 3524 585; x_wconf 86' lang='lat' dir='ltr'><strong>sumus</strong></span> <span class='ocrx_word' id='word_1_24' title='bbox 3557 529 3622 584; x_wconf 75' lang='grc'><strong>³³.</strong></span> <span class='ocrx_word' id='word_1_25' title='bbox 3668 551 3686 581; x_wconf 74' lang='grc' dir='ltr'>ι</span> 
     </span>
    </p>
   </div>
   <div class='ocr_carea' id='block_1_5' title="bbox 432 618 2002 691">
    <p class='ocr_par' dir='ltr' id='par_1_5' title="bbox 432 618 2002 691">
     <span class='ocr_line' id='line_1_5' title="bbox 432 618 2002 691; baseline -0.003 -16"><span class='ocrx_word' id='word_1_26' title='bbox 432 640 454 675; x_wconf 76' lang='grc' dir='ltr'>ι</span> <span class='ocrx_word' id='word_1_27' title='bbox 502 618 778 691; x_wconf 90' lang='lat' dir='ltr'><strong>Dereliqui</strong></span> <span class='ocrx_word' id='word_1_28' title='bbox 835 620 1061 674; x_wconf 87' lang='lat' dir='ltr'><strong>domum</strong></span> <span class='ocrx_word' id='word_1_29' title='bbox 1109 635 1323 683; x_wconf 87' lang='lat' dir='ltr'><strong>meam,</strong></span> <span class='ocrx_word' id='word_1_30' title='bbox 1388 619 1573 675; x_wconf 87' lang='lat' dir='ltr'><strong>dimisi</strong></span> <span class='ocrx_word' id='word_1_31' title='bbox 1632 618 2002 675; x_wconf 85' lang='lat' dir='ltr'><strong>haereditatem</strong></span> 
     </span>
    </p>
   </div>
   <div class='ocr_carea' id='block_1_6' title="bbox 427 708 1999 782">
    <p class='ocr_par' dir='ltr' id='par_1_6' title="bbox 427 708 1999 782">
     <span class='ocr_line' id='line_1_6' title="bbox 427 708 1999 782; baseline -0.004 -14"><span class='ocrx_word' id='word_1_32' title='bbox 427 728 627 768; x_wconf 86' lang='lat' dir='ltr'><strong>meam.</strong></span> <span class='ocrx_word' id='word_1_33' title='bbox 657 708 815 776; x_wconf 92' lang='lat' dir='ltr'><strong>Veni,</strong></span> <span class='ocrx_word' id='word_1_34' title='bbox 846 722 901 766; x_wconf 91' lang='lat' dir='ltr'><strong>et</strong></span> <span class='ocrx_word' id='word_1_35' title='bbox 926 710 1101 766; x_wconf 88' lang='lat' dir='ltr'><strong>factus</strong></span> <span class='ocrx_word' id='word_1_36' title='bbox 1124 726 1243 765; x_wconf 91' lang='lat' dir='ltr'><strong>sum</strong></span> <span class='ocrx_word' id='word_1_37' title='bbox 1280 711 1387 767; x_wconf 88' lang='lat' dir='ltr'><strong>illis</strong></span> <span class='ocrx_word' id='word_1_38' title='bbox 1422 714 1476 766; x_wconf 93' lang='lat' dir='ltr'><strong>in</strong></span> <span class='ocrx_word' id='word_1_39' title='bbox 1504 711 1857 782; x_wconf 85' lang='lat' dir='ltr'><strong>cpprobrium</strong></span> <span class='ocrx_word' id='word_1_40' title='bbox 1890 711 1956 765; x_wconf 79' lang='lat'><strong>&#39;°.</strong></span> <span class='ocrx_word' id='word_1_41' title='bbox 1980 728 1999 761; x_wconf 73' lang='grc' dir='ltr'><strong><em>ι</em></strong></span> 
     </span>
    </p>
   </div>
   <div class='ocr_carea' id='block_1_7' title="bbox 429 804 2007 870">
    <p class='ocr_par' dir='ltr' id='par_1_7' title="bbox 429 804 2007 870">
     <span class='ocr_line' id='line_1_7' title="bbox 429 804 2007 870; baseline -0.003 -10"><span class='ocrx_word' id='word_1_42' title='bbox 429 806 494 862; x_wconf 80' lang='lat' dir='ltr'><strong>Et</strong></span> <span class='ocrx_word' id='word_1_43' title='bbox 522 807 576 861; x_wconf 94' lang='lat' dir='ltr'><strong>in</strong></span> <span class='ocrx_word' id='word_1_44' title='bbox 614 804 837 862; x_wconf 68' lang='lat' dir='ltr'><strong>Micbtea</strong></span> <span class='ocrx_word' id='word_1_45' title='bbox 866 824 881 860; x_wconf 87' lang='lat'><strong>:</strong></span> <span class='ocrx_word' id='word_1_46' title='bbox 918 823 937 856; x_wconf 83' lang='grc'><strong>‹</strong></span> <span class='ocrx_word' id='word_1_47' title='bbox 975 804 1114 859; x_wconf 86' lang='lat' dir='ltr'><strong>Ecce</strong></span> <span class='ocrx_word' id='word_1_48' title='bbox 1148 804 1411 859; x_wconf 84' lang='lat' dir='ltr'><strong>Dominus</strong></span> <span class='ocrx_word' id='word_1_49' title='bbox 1441 804 1641 870; x_wconf 79' lang='lat' dir='ltr'><strong>veniet,</strong></span> <span class='ocrx_word' id='word_1_50' title='bbox 1673 811 1728 857; x_wconf 88' lang='lat' dir='ltr'><strong>et</strong></span> <span class='ocrx_word' id='word_1_51' title='bbox 1764 818 2007 857; x_wconf 92' lang='lat' dir='ltr'><strong>commo-</strong></span> 
     </span>
    </p>
   </div>
   <div class='ocr_carea' id='block_1_8' title="bbox 426 892 2002 952">
    <p class='ocr_par' dir='ltr' id='par_1_8' title="bbox 426 892 2002 952">
     <span class='ocr_line' id='line_1_8' title="bbox 426 892 2002 952; baseline -0.004 0"><span class='ocrx_word' id='word_1_52' title='bbox 426 897 699 952; x_wconf 80' lang='lat' dir='ltr'><strong>vebuntur</strong></span> <span class='ocrx_word' id='word_1_53' title='bbox 740 896 845 951; x_wconf 90' lang='lat' dir='ltr'><strong>sub</strong></span> <span class='ocrx_word' id='word_1_54' title='bbox 888 909 953 949; x_wconf 92' lang='lat' dir='ltr'><strong>eo</strong></span> <span class='ocrx_word' id='word_1_55' title='bbox 1000 903 1213 950; x_wconf 91' lang='lat' dir='ltr'><strong>montes</strong></span> <span class='ocrx_word' id='word_1_56' title='bbox 1245 895 1311 947; x_wconf 82' lang='lat'><strong>&quot;’.</strong></span> <span class='ocrx_word' id='word_1_57' title='bbox 1369 912 1388 946; x_wconf 75' lang='grc' dir='ltr'><strong><em>ι</em></strong></span> <span class='ocrx_word' id='word_1_58' title='bbox 1446 893 1514 947; x_wconf 85' lang='grc' dir='ltr'>Ει</span> <span class='ocrx_word' id='word_1_59' title='bbox 1562 894 1617 947; x_wconf 94' lang='lat' dir='ltr'><strong>in</strong></span> <span class='ocrx_word' id='word_1_60' title='bbox 1676 892 1941 947; x_wconf 86' lang='lat' dir='ltr'><strong>Zacharia</strong></span> <span class='ocrx_word' id='word_1_61' title='bbox 1990 910 2002 945; x_wconf 91' lang='lat'><strong>:</strong></span> 
     </span>
    </p>
   </div>
   <div class='ocr_carea' id='block_1_9' title="bbox 432 983 2004 1055">
    <p class='ocr_par' dir='ltr' id='par_1_9' title="bbox 432 983 2004 1055">
     <span class='ocr_line' id='line_1_9' title="bbox 432 983 2004 1055; baseline -0.003 -14"><span class='ocrx_word' id='word_1_62' title='bbox 432 1007 453 1041; x_wconf 72' lang='grc' dir='ltr'>ι</span> <span class='ocrx_word' id='word_1_63' title='bbox 483 988 670 1044; x_wconf 86' lang='lat' dir='ltr'><strong>Gaude</strong></span> <span class='ocrx_word' id='word_1_64' title='bbox 705 995 759 1042; x_wconf 92' lang='lat' dir='ltr'><strong>et</strong></span> <span class='ocrx_word' id='word_1_65' title='bbox 793 985 1156 1052; x_wconf 77' lang='lat' dir='ltr'><strong>exsulta,filia</strong></span> <span class='ocrx_word' id='word_1_66' title='bbox 1190 985 1344 1049; x_wconf 88' lang='lat' dir='ltr'><strong>Sion,</strong></span> <span class='ocrx_word' id='word_1_67' title='bbox 1373 985 1500 1055; x_wconf 86' lang='lat' dir='ltr'><strong>quia</strong></span> <span class='ocrx_word' id='word_1_68' title='bbox 1536 1001 1661 1039; x_wconf 90' lang='lat' dir='ltr'><strong>ecce</strong></span> <span class='ocrx_word' id='word_1_69' title='bbox 1688 1000 1788 1055; x_wconf 83' lang='lat' dir='ltr'><strong>ego</strong></span> <span class='ocrx_word' id='word_1_70' title='bbox 1824 983 2004 1050; x_wconf 84' lang='lat' dir='ltr'><strong>venio,</strong></span> 
     </span>
    </p>
   </div>
   <div class='ocr_carea' id='block_1_10' title="bbox 426 1076 2000 1143">
    <p class='ocr_par' dir='ltr' id='par_1_10' title="bbox 426 1076 2000 1143">
     <span class='ocr_line' id='line_1_10' title="bbox 426 1076 2000 1143; baseline -0.006 -8"><span class='ocrx_word' id='word_1_71' title='bbox 426 1088 482 1135; x_wconf 91' lang='lat' dir='ltr'><strong>et</strong></span> <span class='ocrx_word' id='word_1_72' title='bbox 533 1079 916 1134; x_wconf 89' lang='lat' dir='ltr'><strong>commorabor</strong></span> <span class='ocrx_word' id='word_1_73' title='bbox 956 1078 1009 1130; x_wconf 94' lang='lat' dir='ltr'><strong>in</strong></span> <span class='ocrx_word' id='word_1_74' title='bbox 1052 1077 1234 1131; x_wconf 91' lang='lat' dir='ltr'><strong>medio</strong></span> <span class='ocrx_word' id='word_1_75' title='bbox 1275 1078 1376 1143; x_wconf 94' lang='lat' dir='ltr'><strong>tui,</strong></span> <span class='ocrx_word' id='word_1_76' title='bbox 1420 1077 1552 1132; x_wconf 91' lang='lat' dir='ltr'><strong>dicit</strong></span> <span class='ocrx_word' id='word_1_77' title='bbox 1585 1076 1849 1131; x_wconf 86' lang='lat' dir='ltr'><strong>Dominus</strong></span> <span class='ocrx_word' id='word_1_78' title='bbox 1877 1076 1943 1130; x_wconf 82' lang='grc'><strong>’⁸.</strong></span> <span class='ocrx_word' id='word_1_79' title='bbox 1981 1092 2000 1126; x_wconf 71' lang='grc' dir='ltr'><strong>ι</strong></span> 
     </span>
    </p>
   </div>
   <div class='ocr_carea' id='block_1_11' title="bbox 426 1167 2003 1241">
    <p class='ocr_par' dir='ltr' id='par_1_11' title="bbox 426 1167 2003 1241">
     <span class='ocr_line' id='line_1_11' title="bbox 426 1167 2003 1241; baseline -0.004 -16"><span class='ocrx_word' id='word_1_80' title='bbox 426 1171 494 1226; x_wconf 86' lang='grc' dir='ltr'>Ει</span> <span class='ocrx_word' id='word_1_81' title='bbox 526 1171 816 1241; x_wconf 74' lang='lat' dir='ltr'><strong>Apostolus</strong></span> <span class='ocrx_word' id='word_1_82' title='bbox 861 1169 929 1223; x_wconf 90' lang='lat' dir='ltr'><strong>ad</strong></span> <span class='ocrx_word' id='word_1_83' title='bbox 976 1167 1368 1223; x_wconf 85' lang='lat' dir='ltr'><strong>Timotheum:</strong></span> <span class='ocrx_word' id='word_1_84' title='bbox 1416 1189 1434 1220; x_wconf 69' lang='grc' dir='ltr'>ε</span> <span class='ocrx_word' id='word_1_85' title='bbox 1484 1167 1768 1223; x_wconf 87' lang='lat' dir='ltr'><strong>Humanus</strong></span> <span class='ocrx_word' id='word_1_86' title='bbox 1801 1181 2003 1232; x_wconf 85' lang='lat' dir='ltr'><strong>sermo,</strong></span> 
     </span>
    </p>
   </div>
   <div class='ocr_carea' id='block_1_12' title="bbox 426 1259 2008 1335">
    <p class='ocr_par' dir='ltr' id='par_1_12' title="bbox 426 1259 2008 1335">
     <span class='ocr_line' id='line_1_12' title="bbox 426 1259 2008 1335; baseline -0.004 -15"><span class='ocrx_word' id='word_1_87' title='bbox 426 1273 483 1320; x_wconf 87' lang='lat' dir='ltr'><strong>et</strong></span> <span class='ocrx_word' id='word_1_88' title='bbox 514 1265 663 1320; x_wconf 93' lang='lat' dir='ltr'><strong>omni</strong></span> <span class='ocrx_word' id='word_1_89' title='bbox 704 1264 1019 1335; x_wconf 86' lang='lat' dir='ltr'><strong>acceptione</strong></span> <span class='ocrx_word' id='word_1_90' title='bbox 1070 1264 1292 1335; x_wconf 84' lang='lat' dir='ltr'><strong>dignus,</strong></span> <span class='ocrx_word' id='word_1_91' title='bbox 1323 1262 1584 1331; x_wconf 89' lang='lat' dir='ltr'><strong>quoniam</strong></span> <span class='ocrx_word' id='word_1_92' title='bbox 1637 1259 1798 1315; x_wconf 85' lang='lat' dir='ltr'><strong>Jesus</strong></span> <span class='ocrx_word' id='word_1_93' title='bbox 1846 1259 2008 1314; x_wconf 90' lang='lat' dir='ltr'><strong>Chri-</strong></span> 
     </span>
    </p>
   </div>
   <div class='ocr_carea' id='block_1_13' title="bbox 427 1351 2008 1425">
    <p class='ocr_par' dir='ltr' id='par_1_13' title="bbox 427 1351 2008 1425">
     <span class='ocr_line' id='line_1_13' title="bbox 427 1351 2008 1425; baseline -0.006 -10"><span class='ocrx_word' id='word_1_94' title='bbox 427 1368 547 1415; x_wconf 87' lang='lat' dir='ltr'><strong>stus</strong></span> <span class='ocrx_word' id='word_1_95' title='bbox 586 1358 733 1412; x_wconf 80' lang='lat' dir='ltr'><strong>venit</strong></span> <span class='ocrx_word' id='word_1_96' title='bbox 774 1358 828 1412; x_wconf 93' lang='lat' dir='ltr'><strong>in</strong></span> <span class='ocrx_word' id='word_1_97' title='bbox 867 1358 1012 1413; x_wconf 91' lang='lat' dir='ltr'><strong>hunc</strong></span> <span class='ocrx_word' id='word_1_98' title='bbox 1053 1358 1321 1412; x_wconf 87' lang='lat' dir='ltr'><strong>mundum</strong></span> <span class='ocrx_word' id='word_1_99' title='bbox 1356 1367 1668 1425; x_wconf 87' lang='lat' dir='ltr'><strong>peccatores</strong></span> <span class='ocrx_word' id='word_1_100' title='bbox 1717 1354 1897 1409; x_wconf 89' lang='lat' dir='ltr'><strong>salvos</strong></span> <span class='ocrx_word' id='word_1_101' title='bbox 1927 1351 2008 1407; x_wconf 88' lang='lat' dir='ltr'><strong>fa-</strong></span> 
     </span>
    </p>
   </div>
   <div class='ocr_carea' id='block_1_14' title="bbox 429 1445 2004 1505">
    <p class='ocr_par' dir='ltr' id='par_1_14' title="bbox 429 1445 2004 1505">
     <span class='ocr_line' id='line_1_14' title="bbox 429 1445 2004 1505; baseline -0.003 0"><span class='ocrx_word' id='word_1_102' title='bbox 429 1464 554 1505; x_wconf 90' lang='lat' dir='ltr'><strong>cere</strong></span> <span class='ocrx_word' id='word_1_103' title='bbox 584 1450 651 1504; x_wconf 65' lang='lat'><strong>’9.</strong></span> <span class='ocrx_word' id='word_1_104' title='bbox 693 1469 712 1502; x_wconf 77' lang='grc' dir='ltr'><strong><em>ι</em></strong></span> <span class='ocrx_word' id='word_1_105' title='bbox 748 1448 816 1504; x_wconf 89' lang='lat' dir='ltr'><strong>Et</strong></span> <span class='ocrx_word' id='word_1_106' title='bbox 845 1449 1143 1504; x_wconf 75' lang='lat' dir='ltr'><strong>Malacliias</strong></span> <span class='ocrx_word' id='word_1_107' title='bbox 1178 1467 1191 1503; x_wconf 89' lang='lat'><strong>:</strong></span> <span class='ocrx_word' id='word_1_108' title='bbox 1256 1468 1273 1499; x_wconf 72' lang='grc' dir='ltr'>ι</span> <span class='ocrx_word' id='word_1_109' title='bbox 1328 1448 1463 1502; x_wconf 84' lang='lat' dir='ltr'><strong>Ecce</strong></span> <span class='ocrx_word' id='word_1_110' title='bbox 1517 1448 1699 1501; x_wconf 82' lang='lat' dir='ltr'><strong>subito</strong></span> <span class='ocrx_word' id='word_1_111' title='bbox 1743 1446 1921 1500; x_wconf 88' lang='lat' dir='ltr'><strong>veniet</strong></span> <span class='ocrx_word' id='word_1_112' title='bbox 1952 1445 2004 1500; x_wconf 93' lang='lat' dir='ltr'><strong>in</strong></span> 
     </span>
    </p>
   </div>
   <div class='ocr_carea' id='block_1_15' title="bbox 426 1538 2009 1612">
    <p class='ocr_par' dir='ltr' id='par_1_15' title="bbox 426 1538 2009 1612">
     <span class='ocr_line' id='line_1_15' title="bbox 426 1538 2009 1612; baseline -0.002 -16"><span class='ocrx_word' id='word_1_113' title='bbox 426 1542 628 1612; x_wconf 85' lang='lat' dir='ltr'><strong>templo</strong></span> <span class='ocrx_word' id='word_1_114' title='bbox 658 1557 759 1596; x_wconf 92' lang='lat' dir='ltr'><strong>suo</strong></span> <span class='ocrx_word' id='word_1_115' title='bbox 788 1541 1048 1596; x_wconf 90' lang='lat' dir='ltr'><strong>Dominus</strong></span> <span class='ocrx_word' id='word_1_116' title='bbox 1067 1582 1082 1607; x_wconf 94' lang='lat'><strong>,</strong></span> <span class='ocrx_word' id='word_1_117' title='bbox 1106 1556 1266 1611; x_wconf 87' lang='lat' dir='ltr'><strong>quem</strong></span> <span class='ocrx_word' id='word_1_118' title='bbox 1312 1555 1408 1594; x_wconf 82' lang='lat' dir='ltr'><strong>vos</strong></span> <span class='ocrx_word' id='word_1_119' title='bbox 1445 1539 1707 1609; x_wconf 81' lang='lat' dir='ltr'><strong>quaeritis,</strong></span> <span class='ocrx_word' id='word_1_120' title='bbox 1750 1548 1803 1593; x_wconf 92' lang='lat' dir='ltr'><strong>et</strong></span> <span class='ocrx_word' id='word_1_121' title='bbox 1831 1538 2009 1608; x_wconf 81' lang='lat' dir='ltr'><strong>Ange-</strong></span> 
     </span>
    </p>
   </div>
   <div class='ocr_carea' id='block_1_16' title="bbox 425 1631 2004 1705">
    <p class='ocr_par' dir='ltr' id='par_1_16' title="bbox 425 1631 2004 1705">
     <span class='ocr_line' id='line_1_16' title="bbox 425 1631 2004 1705; baseline -0.001 -17"><span class='ocrx_word' id='word_1_122' title='bbox 425 1634 514 1690; x_wconf 87' lang='lat' dir='ltr'><strong>lus</strong></span> <span class='ocrx_word' id='word_1_123' title='bbox 553 1635 886 1700; x_wconf 87' lang='lat' dir='ltr'><strong>testamenti,</strong></span> <span class='ocrx_word' id='word_1_124' title='bbox 915 1650 1077 1705; x_wconf 89' lang='lat' dir='ltr'><strong>quem</strong></span> <span class='ocrx_word' id='word_1_125' title='bbox 1109 1649 1206 1688; x_wconf 86' lang='lat' dir='ltr'><strong>vos</strong></span> <span class='ocrx_word' id='word_1_126' title='bbox 1229 1633 1394 1688; x_wconf 88' lang='lat' dir='ltr'><strong>vultis</strong></span> <span class='ocrx_word' id='word_1_127' title='bbox 1424 1633 1492 1687; x_wconf 78' lang='grc' dir='ltr'><strong>³ο.</strong></span> <span class='ocrx_word' id='word_1_128' title='bbox 1526 1651 1545 1686; x_wconf 74' lang='grc' dir='ltr'><strong><em>ι</em></strong></span> <span class='ocrx_word' id='word_1_129' title='bbox 1575 1632 1631 1686; x_wconf 94' lang='lat' dir='ltr'><strong>In</strong></span> <span class='ocrx_word' id='word_1_130' title='bbox 1663 1631 1958 1702; x_wconf 86' lang='lat' dir='ltr'><strong>Evangelio</strong></span> <span class='ocrx_word' id='word_1_131' title='bbox 1991 1650 2004 1686; x_wconf 95' lang='lat'><strong>:</strong></span> 
     </span>
    </p>
   </div>
   <div class='ocr_carea' id='block_1_17' title="bbox 432 1722 2007 1795">
    <p class='ocr_par' dir='ltr' id='par_1_17' title="bbox 432 1722 2007 1795">
     <span class='ocr_line' id='line_1_17' title="bbox 432 1722 2007 1795; baseline -0.001 -16"><span class='ocrx_word' id='word_1_132' title='bbox 432 1743 452 1779; x_wconf 66' lang='grc' dir='ltr'><strong>θ</strong></span> <span class='ocrx_word' id='word_1_133' title='bbox 490 1724 607 1780; x_wconf 90' lang='lat' dir='ltr'><strong>Non</strong></span> <span class='ocrx_word' id='word_1_134' title='bbox 639 1727 762 1781; x_wconf 88' lang='lat' dir='ltr'><strong>veni</strong></span> <span class='ocrx_word' id='word_1_135' title='bbox 801 1741 1000 1781; x_wconf 89' lang='lat' dir='ltr'><strong>vocare</strong></span> <span class='ocrx_word' id='word_1_136' title='bbox 1030 1726 1232 1795; x_wconf 91' lang='lat' dir='ltr'><strong>justos,</strong></span> <span class='ocrx_word' id='word_1_137' title='bbox 1270 1726 1363 1780; x_wconf 91' lang='lat' dir='ltr'><strong>sed</strong></span> <span class='ocrx_word' id='word_1_138' title='bbox 1390 1734 1703 1795; x_wconf 87' lang='lat' dir='ltr'><strong>peccatores</strong></span> <span class='ocrx_word' id='word_1_139' title='bbox 1744 1725 1798 1778; x_wconf 94' lang='lat' dir='ltr'><strong>in</strong></span> <span class='ocrx_word' id='word_1_140' title='bbox 1829 1722 2007 1793; x_wconf 78' lang='grc' dir='ltr'><strong>ι)ωηὶ-</strong></span> 
     </span>
    </p>
   </div>
   <div class='ocr_carea' id='block_1_18' title="bbox 424 1816 2001 1885">
    <p class='ocr_par' dir='ltr' id='par_1_18' title="bbox 424 1816 2001 1885">
     <span class='ocr_line' id='line_1_18' title="bbox 424 1816 2001 1885; baseline -0.003 -11"><span class='ocrx_word' id='word_1_141' title='bbox 424 1819 649 1875; x_wconf 78' lang='lat' dir='ltr'><strong>tentiam</strong></span> <span class='ocrx_word' id='word_1_142' title='bbox 680 1817 745 1873; x_wconf 88' lang='grc'><strong>³¹.</strong></span> <span class='ocrx_word' id='word_1_143' title='bbox 778 1836 797 1869; x_wconf 74' lang='grc' dir='ltr'><strong><em>ι</em></strong></span> <span class='ocrx_word' id='word_1_144' title='bbox 828 1816 959 1871; x_wconf 88' lang='lat' dir='ltr'><strong>Item</strong></span> <span class='ocrx_word' id='word_1_145' title='bbox 994 1816 1124 1871; x_wconf 83' lang='lat' dir='ltr'><strong>alibi</strong></span> <span class='ocrx_word' id='word_1_146' title='bbox 1154 1835 1168 1871; x_wconf 87' lang='lat'><strong>:</strong></span> <span class='ocrx_word' id='word_1_147' title='bbox 1210 1836 1228 1869; x_wconf 75' lang='grc' dir='ltr'><strong><em>ι</em></strong></span> <span class='ocrx_word' id='word_1_148' title='bbox 1263 1816 1407 1883; x_wconf 82' lang='lat' dir='ltr'><strong>Quid</strong></span> <span class='ocrx_word' id='word_1_149' title='bbox 1434 1816 1596 1872; x_wconf 86' lang='lat' dir='ltr'><strong>nobis</strong></span> <span class='ocrx_word' id='word_1_150' title='bbox 1640 1825 1695 1871; x_wconf 84' lang='lat' dir='ltr'><strong>et</strong></span> <span class='ocrx_word' id='word_1_151' title='bbox 1726 1816 1855 1885; x_wconf 91' lang='lat' dir='ltr'><strong>quid</strong></span> <span class='ocrx_word' id='word_1_152' title='bbox 1885 1816 2001 1881; x_wconf 85' lang='lat' dir='ltr'><strong>libi,</strong></span> 
     </span>
    </p>
   </div>
   <div class='ocr_carea' id='block_1_19' title="bbox 423 1907 2002 1979">
    <p class='ocr_par' dir='ltr' id='par_1_19' title="bbox 423 1907 2002 1979">
     <span class='ocr_line' id='line_1_19' title="bbox 423 1907 2002 1979; baseline -0.003 -14"><span class='ocrx_word' id='word_1_153' title='bbox 423 1908 551 1965; x_wconf 87' lang='lat' dir='ltr'><strong>Jesu</strong></span> <span class='ocrx_word' id='word_1_154' title='bbox 589 1910 690 1964; x_wconf 87' lang='lat' dir='ltr'><strong>Fili</strong></span> <span class='ocrx_word' id='word_1_155' title='bbox 731 1909 863 1964; x_wconf 84' lang='lat' dir='ltr'><strong>Dei?</strong></span> <span class='ocrx_word' id='word_1_156' title='bbox 890 1908 1100 1965; x_wconf 84' lang='lat' dir='ltr'><strong>Venisti</strong></span> <span class='ocrx_word' id='word_1_157' title='bbox 1143 1919 1269 1963; x_wconf 89' lang='lat' dir='ltr'><strong>ante</strong></span> <span class='ocrx_word' id='word_1_158' title='bbox 1296 1918 1509 1979; x_wconf 89' lang='lat' dir='ltr'><strong>tempus</strong></span> <span class='ocrx_word' id='word_1_159' title='bbox 1539 1907 1765 1978; x_wconf 87' lang='lat' dir='ltr'><strong>perdere</strong></span> <span class='ocrx_word' id='word_1_160' title='bbox 1794 1922 1894 1963; x_wconf 92' lang='lat' dir='ltr'><strong>nos</strong></span> <span class='ocrx_word' id='word_1_161' title='bbox 1924 1908 2002 1961; x_wconf 81' lang='lat'><strong>”?</strong></span> 
     </span>
    </p>
   </div>
   <div class='ocr_carea' id='block_1_20' title="bbox 427 2000 2000 2072">
    <p class='ocr_par' dir='ltr' id='par_1_20' title="bbox 427 2000 2000 2072">
     <span class='ocr_line' id='line_1_20' title="bbox 427 2000 2000 2072; baseline -0.001 -16"><span class='ocrx_word' id='word_1_162' title='bbox 427 2001 585 2058; x_wconf 81' lang='lat' dir='ltr'><strong>Venit</strong></span> <span class='ocrx_word' id='word_1_163' title='bbox 608 2001 777 2056; x_wconf 89' lang='lat' dir='ltr'><strong>Filius</strong></span> <span class='ocrx_word' id='word_1_164' title='bbox 804 2003 1045 2059; x_wconf 87' lang='lat' dir='ltr'><strong>hominis</strong></span> <span class='ocrx_word' id='word_1_165' title='bbox 1084 2003 1296 2057; x_wconf 87' lang='lat' dir='ltr'><strong>salvare</strong></span> <span class='ocrx_word' id='word_1_166' title='bbox 1331 2009 1387 2058; x_wconf 88' lang='lat' dir='ltr'><strong>et</strong></span> <span class='ocrx_word' id='word_1_167' title='bbox 1425 2017 1669 2072; x_wconf 70' lang='lat' dir='ltr'><strong>quaerere</strong></span> <span class='ocrx_word' id='word_1_168' title='bbox 1697 2000 1844 2071; x_wconf 89' lang='lat' dir='ltr'><strong>quod</strong></span> <span class='ocrx_word' id='word_1_169' title='bbox 1874 2015 2000 2070; x_wconf 85' lang='lat' dir='ltr'><strong>per-</strong></span> 
     </span>
    </p>
   </div>
   <div class='ocr_carea' id='block_1_21' title="bbox 425 2092 1999 2164">
    <p class='ocr_par' dir='ltr' id='par_1_21' title="bbox 425 2092 1999 2164">
     <span class='ocr_line' id='line_1_21' title="bbox 425 2092 1999 2164; baseline -0.002 -14"><span class='ocrx_word' id='word_1_170' title='bbox 425 2096 561 2150; x_wconf 89' lang='lat' dir='ltr'><strong>ierat</strong></span> <span class='ocrx_word' id='word_1_171' title='bbox 594 2094 659 2150; x_wconf 81' lang='lat'><strong>”.</strong></span> <span class='ocrx_word' id='word_1_172' title='bbox 709 2113 728 2146; x_wconf 72' lang='grc' dir='ltr'><strong><em>ι</em></strong></span> <span class='ocrx_word' id='word_1_173' title='bbox 783 2095 914 2149; x_wconf 84' lang='lat' dir='ltr'><strong>Item</strong></span> <span class='ocrx_word' id='word_1_174' title='bbox 965 2094 1141 2149; x_wconf 89' lang='lat' dir='ltr'><strong>alibi:</strong></span> <span class='ocrx_word' id='word_1_175' title='bbox 1181 2112 1200 2147; x_wconf 70' lang='grc' dir='ltr'>ς</span> <span class='ocrx_word' id='word_1_176' title='bbox 1253 2093 1367 2164; x_wconf 80' lang='lat' dir='ltr'><strong>Ego</strong></span> <span class='ocrx_word' id='word_1_177' title='bbox 1410 2093 1538 2148; x_wconf 87' lang='lat' dir='ltr'><strong>veni</strong></span> <span class='ocrx_word' id='word_1_178' title='bbox 1584 2103 1647 2148; x_wconf 92' lang='lat' dir='ltr'><strong>ut</strong></span> <span class='ocrx_word' id='word_1_179' title='bbox 1692 2093 1861 2147; x_wconf 89' lang='lat' dir='ltr'><strong>vitam</strong></span> <span class='ocrx_word' id='word_1_180' title='bbox 1899 2092 1999 2147; x_wconf 87' lang='lat' dir='ltr'><strong>ha-</strong></span> 
     </span>
    </p>
   </div>
   <div class='ocr_carea' id='block_1_22' title="bbox 423 2184 1999 2254">
    <p class='ocr_par' dir='ltr' id='par_1_22' title="bbox 423 2184 1999 2254">
     <span class='ocr_line' id='line_1_22' title="bbox 423 2184 1999 2254; baseline -0.003 -11"><span class='ocrx_word' id='word_1_181' title='bbox 423 2187 606 2254; x_wconf 83' lang='lat' dir='ltr'><strong>beant,</strong></span> <span class='ocrx_word' id='word_1_182' title='bbox 636 2196 691 2243; x_wconf 91' lang='lat' dir='ltr'><strong>et</strong></span> <span class='ocrx_word' id='word_1_183' title='bbox 730 2186 1101 2242; x_wconf 90' lang='lat' dir='ltr'><strong>abundantius</strong></span> <span class='ocrx_word' id='word_1_184' title='bbox 1147 2187 1383 2241; x_wconf 90' lang='lat' dir='ltr'><strong>habeant</strong></span> <span class='ocrx_word' id='word_1_185' title='bbox 1428 2186 1493 2240; x_wconf 69' lang='lat'><strong>&quot;.</strong></span> <span class='ocrx_word' id='word_1_186' title='bbox 1551 2204 1570 2238; x_wconf 71' lang='grc' dir='ltr'><strong><em>ι</em></strong></span> <span class='ocrx_word' id='word_1_187' title='bbox 1622 2184 1753 2240; x_wconf 85' lang='lat' dir='ltr'><strong>Item</strong></span> <span class='ocrx_word' id='word_1_188' title='bbox 1809 2185 1939 2239; x_wconf 91' lang='lat' dir='ltr'><strong>alibi</strong></span> <span class='ocrx_word' id='word_1_189' title='bbox 1984 2202 1999 2239; x_wconf 91' lang='lat'><strong>:</strong></span> 
     </span>
    </p>
   </div>
   <div class='ocr_carea' id='block_1_23' title="bbox 424 2276 2003 2347">
    <p class='ocr_par' dir='ltr' id='par_1_23' title="bbox 424 2276 2003 2347">
     <span class='ocr_line' id='line_1_23' title="bbox 424 2276 2003 2347; baseline 0.001 -16"><span class='ocrx_word' id='word_1_190' title='bbox 424 2297 448 2331; x_wconf 70' lang='grc' dir='ltr'>ς</span> <span class='ocrx_word' id='word_1_191' title='bbox 486 2278 655 2334; x_wconf 78' lang='lat' dir='ltr'><strong>Nemo</strong></span> <span class='ocrx_word' id='word_1_192' title='bbox 702 2280 949 2335; x_wconf 90' lang='lat' dir='ltr'><strong>ascendit</strong></span> <span class='ocrx_word' id='word_1_193' title='bbox 996 2280 1052 2334; x_wconf 91' lang='lat' dir='ltr'><strong>in</strong></span> <span class='ocrx_word' id='word_1_194' title='bbox 1094 2280 1318 2345; x_wconf 64' lang='lat' dir='ltr'><strong>caelum,</strong></span> <span class='ocrx_word' id='word_1_195' title='bbox 1352 2276 1457 2334; x_wconf 88' lang='lat' dir='ltr'><strong>nisi</strong></span> <span class='ocrx_word' id='word_1_196' title='bbox 1498 2276 1591 2347; x_wconf 91' lang='lat' dir='ltr'><strong>qui</strong></span> <span class='ocrx_word' id='word_1_197' title='bbox 1629 2278 1696 2333; x_wconf 92' lang='lat' dir='ltr'><strong>de</strong></span> <span class='ocrx_word' id='word_1_198' title='bbox 1732 2278 1874 2333; x_wconf 90' lang='lat' dir='ltr'><strong>coelo</strong></span> <span class='ocrx_word' id='word_1_199' title='bbox 1909 2277 2003 2332; x_wconf 84' lang='lat' dir='ltr'><strong>de-</strong></span> 
     </span>
    </p>
   </div>
   <div class='ocr_carea' id='block_1_24' title="bbox 418 2367 2005 2441">
    <p class='ocr_par' dir='ltr' id='par_1_24' title="bbox 418 2367 2005 2441">
     <span class='ocr_line' id='line_1_24' title="bbox 418 2367 2005 2441; baseline -0.002 -15"><span class='ocrx_word' id='word_1_200' title='bbox 418 2372 655 2439; x_wconf 88' lang='lat' dir='ltr'><strong>scendit,</strong></span> <span class='ocrx_word' id='word_1_201' title='bbox 687 2370 859 2427; x_wconf 86' lang='lat' dir='ltr'><strong>Filius</strong></span> <span class='ocrx_word' id='word_1_202' title='bbox 905 2372 1145 2432; x_wconf 89' lang='lat' dir='ltr'><strong>hominis</strong></span> <span class='ocrx_word' id='word_1_203' title='bbox 1176 2372 1268 2441; x_wconf 91' lang='lat' dir='ltr'><strong>qui</strong></span> <span class='ocrx_word' id='word_1_204' title='bbox 1306 2379 1393 2426; x_wconf 87' lang='lat' dir='ltr'><strong>est</strong></span> <span class='ocrx_word' id='word_1_205' title='bbox 1425 2370 1479 2424; x_wconf 92' lang='lat' dir='ltr'><strong>in</strong></span> <span class='ocrx_word' id='word_1_206' title='bbox 1525 2369 1665 2425; x_wconf 66' lang='lat' dir='ltr'><strong>cado</strong></span> <span class='ocrx_word' id='word_1_207' title='bbox 1697 2370 1763 2424; x_wconf 85' lang='grc'><strong>³⁵.</strong></span> <span class='ocrx_word' id='word_1_208' title='bbox 1800 2388 1819 2421; x_wconf 76' lang='grc' dir='ltr'><strong><em>ι</em></strong></span> <span class='ocrx_word' id='word_1_209' title='bbox 1853 2367 2005 2423; x_wconf 90' lang='lat' dir='ltr'><strong>Nun-</strong></span> 
     </span>
    </p>
   </div>
   <div class='ocr_carea' id='block_1_25' title="bbox 422 2461 2005 2531">
    <p class='ocr_par' dir='ltr' id='par_1_25' title="bbox 422 2461 2005 2531">
     <span class='ocr_line' id='line_1_25' title="bbox 422 2461 2005 2531; baseline -0.001 -14"><span class='ocrx_word' id='word_1_210' title='bbox 422 2463 554 2527; x_wconf 87' lang='lat' dir='ltr'><strong>quid</strong></span> <span class='ocrx_word' id='word_1_211' title='bbox 582 2464 637 2517; x_wconf 92' lang='lat' dir='ltr'><strong>in</strong></span> <span class='ocrx_word' id='word_1_212' title='bbox 681 2463 769 2518; x_wconf 92' lang='lat' dir='ltr'><strong>his</strong></span> <span class='ocrx_word' id='word_1_213' title='bbox 797 2463 962 2518; x_wconf 88' lang='lat' dir='ltr'><strong>tantis</strong></span> <span class='ocrx_word' id='word_1_214' title='bbox 993 2478 1058 2518; x_wconf 92' lang='lat' dir='ltr'><strong>ae</strong></span> <span class='ocrx_word' id='word_1_215' title='bbox 1088 2463 1288 2518; x_wconf 89' lang='lat' dir='ltr'><strong>talibus</strong></span> <span class='ocrx_word' id='word_1_216' title='bbox 1314 2461 1664 2527; x_wconf 88' lang='lat' dir='ltr'><strong>testimoniis,</strong></span> <span class='ocrx_word' id='word_1_217' title='bbox 1696 2461 1898 2531; x_wconf 89' lang='lat' dir='ltr'><strong>quibus</strong></span> <span class='ocrx_word' id='word_1_218' title='bbox 1945 2476 2005 2517; x_wconf 93' lang='lat' dir='ltr'><strong>se</strong></span> 
     </span>
    </p>
   </div>
   <div class='ocr_carea' id='block_1_26' title="bbox 420 2554 2006 2624">
    <p class='ocr_par' dir='ltr' id='par_1_26' title="bbox 420 2554 2006 2624">
     <span class='ocr_line' id='line_1_26' title="bbox 420 2554 2006 2624; baseline -0.001 -15"><span class='ocrx_word' id='word_1_219' title='bbox 420 2554 593 2609; x_wconf 79' lang='lat' dir='ltr'><strong>Filius</strong></span> <span class='ocrx_word' id='word_1_220' title='bbox 632 2554 725 2609; x_wconf 88' lang='lat' dir='ltr'><strong>Dei</strong></span> <span class='ocrx_word' id='word_1_221' title='bbox 762 2570 794 2609; x_wconf 86' lang='lat' dir='ltr'><strong>a</strong></span> <span class='ocrx_word' id='word_1_222' title='bbox 839 2555 1133 2624; x_wconf 90' lang='lat' dir='ltr'><strong>semetipso</strong></span> <span class='ocrx_word' id='word_1_223' title='bbox 1162 2554 1377 2610; x_wconf 88' lang='lat' dir='ltr'><strong>venisse</strong></span> <span class='ocrx_word' id='word_1_224' title='bbox 1404 2562 1635 2609; x_wconf 88' lang='lat' dir='ltr'><strong>testatus</strong></span> <span class='ocrx_word' id='word_1_225' title='bbox 1672 2562 1775 2618; x_wconf 90' lang='lat' dir='ltr'><strong>est,</strong></span> <span class='ocrx_word' id='word_1_226' title='bbox 1806 2554 2006 2623; x_wconf 88' lang='lat' dir='ltr'><strong>poterit</strong></span> 
     </span>
    </p>
   </div>
   <div class='ocr_carea' id='block_1_27' title="bbox 417 2647 2006 2719">
    <p class='ocr_par' dir='ltr' id='par_1_27' title="bbox 417 2647 2006 2719">
     <span class='ocr_line' id='line_1_27' title="bbox 417 2647 2006 2719; baseline -0.001 -16"><span class='ocrx_word' id='word_1_227' title='bbox 417 2648 546 2719; x_wconf 85' lang='lat' dir='ltr'><strong>quis</strong></span> <span class='ocrx_word' id='word_1_228' title='bbox 574 2647 776 2713; x_wconf 87' lang='lat' dir='ltr'><strong>dicere,</strong></span> <span class='ocrx_word' id='word_1_229' title='bbox 811 2648 880 2702; x_wconf 90' lang='lat' dir='ltr'><strong>ab</strong></span> <span class='ocrx_word' id='word_1_230' title='bbox 915 2648 1045 2713; x_wconf 90' lang='lat' dir='ltr'><strong>alio,</strong></span> <span class='ocrx_word' id='word_1_231' title='bbox 1091 2656 1146 2703; x_wconf 93' lang='lat' dir='ltr'><strong>et</strong></span> <span class='ocrx_word' id='word_1_232' title='bbox 1179 2664 1287 2701; x_wconf 92' lang='lat' dir='ltr'><strong>non</strong></span> <span class='ocrx_word' id='word_1_233' title='bbox 1336 2663 1366 2702; x_wconf 91' lang='lat' dir='ltr'><strong>a</strong></span> <span class='ocrx_word' id='word_1_234' title='bbox 1395 2647 1711 2716; x_wconf 87' lang='lat' dir='ltr'><strong>semetipso,</strong></span> <span class='ocrx_word' id='word_1_235' title='bbox 1749 2647 2006 2703; x_wconf 80' lang='lat' dir='ltr'><strong>venisse?</strong></span> 
     </span>
    </p>
   </div>
   <div class='ocr_carea' id='block_1_28' title="bbox 419 2737 2003 2807">
    <p class='ocr_par' dir='ltr' id='par_1_28' title="bbox 419 2737 2003 2807">
     <span class='ocr_line' id='line_1_28' title="bbox 419 2737 2003 2807; baseline -0.001 -14"><span class='ocrx_word' id='word_1_236' title='bbox 419 2739 550 2793; x_wconf 92' lang='lat' dir='ltr'><strong>dum</strong></span> <span class='ocrx_word' id='word_1_237' title='bbox 594 2737 941 2793; x_wconf 82' lang='lat' dir='ltr'><strong>manifestum</strong></span> <span class='ocrx_word' id='word_1_238' title='bbox 987 2750 1091 2803; x_wconf 90' lang='lat' dir='ltr'><strong>est,</strong></span> <span class='ocrx_word' id='word_1_239' title='bbox 1142 2738 1285 2806; x_wconf 91' lang='lat' dir='ltr'><strong>quod</strong></span> <span class='ocrx_word' id='word_1_240' title='bbox 1346 2738 1440 2807; x_wconf 92' lang='lat' dir='ltr'><strong>qui</strong></span> <span class='ocrx_word' id='word_1_241' title='bbox 1490 2753 1708 2792; x_wconf 83' lang='lat' dir='ltr'><strong>carnem</strong></span> <span class='ocrx_word' id='word_1_242' title='bbox 1759 2746 2003 2792; x_wconf 91' lang='lat' dir='ltr'><strong>nostram</strong></span> 
     </span>
    </p>
   </div>
   <div class='ocr_carea' id='block_1_29' title="bbox 418 2830 2005 2902">
    <p class='ocr_par' dir='ltr' id='par_1_29' title="bbox 418 2830 2005 2902">
     <span class='ocr_line' id='line_1_29' title="bbox 418 2830 2005 2902; baseline 0 -17"><span class='ocrx_word' id='word_1_243' title='bbox 418 2830 708 2902; x_wconf 78' lang='lat' dir='ltr'><strong>dignanter</strong></span> <span class='ocrx_word' id='word_1_244' title='bbox 755 2830 1092 2899; x_wconf 82' lang='lat' dir='ltr'><strong>assumpsit,</strong></span> <span class='ocrx_word' id='word_1_245' title='bbox 1140 2830 1466 2897; x_wconf 89' lang='lat' dir='ltr'><strong>voluntarie,</strong></span> <span class='ocrx_word' id='word_1_246' title='bbox 1514 2838 1569 2885; x_wconf 88' lang='lat' dir='ltr'><strong>et</strong></span> <span class='ocrx_word' id='word_1_247' title='bbox 1618 2846 1729 2886; x_wconf 90' lang='lat' dir='ltr'><strong>non</strong></span> <span class='ocrx_word' id='word_1_248' title='bbox 1787 2831 1857 2885; x_wconf 88' lang='lat' dir='ltr'><strong>ab</strong></span> <span class='ocrx_word' id='word_1_249' title='bbox 1897 2831 2005 2885; x_wconf 89' lang='lat' dir='ltr'><strong>alio</strong></span> 
     </span>
    </p>
   </div>
   <div class='ocr_carea' id='block_1_30' title="bbox 420 2920 2006 2992">
    <p class='ocr_par' dir='ltr' id='par_1_30' title="bbox 420 2920 2006 2992">
     <span class='ocr_line' id='line_1_30' title="bbox 420 2920 2006 2992; baseline -0.001 -14"><span class='ocrx_word' id='word_1_250' title='bbox 420 2925 643 2990; x_wconf 80' lang='lat' dir='ltr'><strong>missus,</strong></span> <span class='ocrx_word' id='word_1_251' title='bbox 670 2923 896 2978; x_wconf 85' lang='lat' dir='ltr'><strong>venerit.</strong></span> <span class='ocrx_word' id='word_1_252' title='bbox 938 2920 1075 2977; x_wconf 89' lang='lat' dir='ltr'><strong>Nam</strong></span> <span class='ocrx_word' id='word_1_253' title='bbox 1110 2922 1204 2992; x_wconf 92' lang='lat' dir='ltr'><strong>qui</strong></span> <span class='ocrx_word' id='word_1_254' title='bbox 1234 2923 1288 2977; x_wconf 93' lang='lat' dir='ltr'><strong>in</strong></span> <span class='ocrx_word' id='word_1_255' title='bbox 1331 2921 1493 2976; x_wconf 90' lang='lat' dir='ltr'><strong>Patre</strong></span> <span class='ocrx_word' id='word_1_256' title='bbox 1526 2938 1777 2985; x_wconf 83' lang='lat' dir='ltr'><strong>manens,</strong></span> <span class='ocrx_word' id='word_1_257' title='bbox 1806 2922 2006 2992; x_wconf 91' lang='lat' dir='ltr'><strong>ubique</strong></span> 
     </span>
    </p>
   </div>
   <div class='ocr_carea' id='block_1_31' title="bbox 420 3014 2003 3087">
    <p class='ocr_par' dir='ltr' id='par_1_31' title="bbox 420 3014 2003 3087">
     <span class='ocr_line' id='line_1_31' title="bbox 420 3014 2003 3087; baseline -0.001 -17"><span class='ocrx_word' id='word_1_258' title='bbox 420 3017 662 3087; x_wconf 88' lang='lat' dir='ltr'><strong>potentia</strong></span> <span class='ocrx_word' id='word_1_259' title='bbox 686 3031 785 3071; x_wconf 90' lang='lat' dir='ltr'><strong>sua</strong></span> <span class='ocrx_word' id='word_1_260' title='bbox 814 3016 1088 3078; x_wconf 90' lang='lat' dir='ltr'><strong>consistit,</strong></span> <span class='ocrx_word' id='word_1_261' title='bbox 1134 3014 1229 3070; x_wconf 89' lang='lat' dir='ltr'><strong>ubi</strong></span> <span class='ocrx_word' id='word_1_262' title='bbox 1273 3030 1384 3086; x_wconf 93' lang='lat' dir='ltr'><strong>quo</strong></span> <span class='ocrx_word' id='word_1_263' title='bbox 1427 3029 1456 3068; x_wconf 84' lang='lat' dir='ltr'><strong>a</strong></span> <span class='ocrx_word' id='word_1_264' title='bbox 1488 3014 1646 3070; x_wconf 84' lang='lat' dir='ltr'><strong>Patre</strong></span> <span class='ocrx_word' id='word_1_265' title='bbox 1673 3015 2003 3081; x_wconf 86' lang='lat' dir='ltr'><strong>mitteretur,</strong></span> 
     </span>
    </p>
   </div>
   <div class='ocr_carea' id='block_1_32' title="bbox 420 3107 2007 3177">
    <p class='ocr_par' dir='ltr' id='par_1_32' title="bbox 420 3107 2007 3177">
     <span class='ocr_line' id='line_1_32' title="bbox 420 3107 2007 3177; baseline -0.001 -15"><span class='ocrx_word' id='word_1_266' title='bbox 420 3107 738 3162; x_wconf 92' lang='lat' dir='ltr'><strong>omnimodo</strong></span> <span class='ocrx_word' id='word_1_267' title='bbox 785 3122 896 3162; x_wconf 91' lang='lat' dir='ltr'><strong>non</strong></span> <span class='ocrx_word' id='word_1_268' title='bbox 947 3107 1157 3174; x_wconf 85' lang='lat' dir='ltr'><strong>habuit,</strong></span> <span class='ocrx_word' id='word_1_269' title='bbox 1194 3107 1453 3177; x_wconf 89' lang='lat' dir='ltr'><strong>quoniam</strong></span> <span class='ocrx_word' id='word_1_270' title='bbox 1488 3107 1633 3161; x_wconf 89' lang='lat' dir='ltr'><strong>nulla</strong></span> <span class='ocrx_word' id='word_1_271' title='bbox 1667 3122 1795 3176; x_wconf 91' lang='lat' dir='ltr'><strong>pars</strong></span> <span class='ocrx_word' id='word_1_272' title='bbox 1835 3107 2007 3161; x_wconf 82' lang='lat' dir='ltr'><strong>coelo-</strong></span> 
     </span>
    </p>
   </div>
   <div class='ocr_carea' id='block_1_33' title="bbox 2108 618 3687 687">
    <p class='ocr_par' dir='ltr' id='par_1_33' title="bbox 2108 618 3687 687">
     <span class='ocr_line' id='line_1_33' title="bbox 2108 618 3687 687; baseline 0.003 -16"><span class='ocrx_word' id='word_1_273' title='bbox 2108 618 2175 673; x_wconf 89' lang='lat' dir='ltr'><strong>Et</strong></span> <span class='ocrx_word' id='word_1_274' title='bbox 2205 620 2399 674; x_wconf 90' lang='lat' dir='ltr'><strong>iterum</strong></span> <span class='ocrx_word' id='word_1_275' title='bbox 2438 639 2451 674; x_wconf 93' lang='lat'><strong>:</strong></span> <span class='ocrx_word' id='word_1_276' title='bbox 2493 639 2513 672; x_wconf 71' lang='grc' dir='ltr'>ι</span> <span class='ocrx_word' id='word_1_277' title='bbox 2568 619 2671 687; x_wconf 85' lang='lat' dir='ltr'><strong>Qui</strong></span> <span class='ocrx_word' id='word_1_278' title='bbox 2714 636 2802 675; x_wconf 90' lang='lat' dir='ltr'><strong>me</strong></span> <span class='ocrx_word' id='word_1_279' title='bbox 2839 620 3004 687; x_wconf 84' lang='lat' dir='ltr'><strong>videt,</strong></span> <span class='ocrx_word' id='word_1_280' title='bbox 3044 620 3191 676; x_wconf 86' lang='lat' dir='ltr'><strong>videt</strong></span> <span class='ocrx_word' id='word_1_281' title='bbox 3218 632 3272 676; x_wconf 90' lang='lat' dir='ltr'><strong>et</strong></span> <span class='ocrx_word' id='word_1_282' title='bbox 3311 621 3526 676; x_wconf 85' lang='lat' dir='ltr'><strong>Patrem</strong></span> <span class='ocrx_word' id='word_1_283' title='bbox 3555 621 3622 676; x_wconf 63' lang='grc' dir='ltr'><strong>ω.</strong></span> <span class='ocrx_word' id='word_1_284' title='bbox 3669 642 3687 675; x_wconf 74' lang='grc' dir='ltr'><strong>ι</strong></span> 
     </span>
    </p>
   </div>
   <div class='ocr_carea' id='block_1_34' title="bbox 2107 709 3689 779">
    <p class='ocr_par' dir='ltr' id='par_1_34' title="bbox 2107 709 3689 779">
     <span class='ocr_line' id='line_1_34' title="bbox 2107 709 3689 779; baseline 0.002 -16"><span class='ocrx_word' id='word_1_285' title='bbox 2107 709 2174 764; x_wconf 83' lang='grc' dir='ltr'><strong>Ει</strong></span> <span class='ocrx_word' id='word_1_286' title='bbox 2237 711 2433 765; x_wconf 81' lang='lat' dir='ltr'><strong>iterum</strong></span> <span class='ocrx_word' id='word_1_287' title='bbox 2489 732 2501 767; x_wconf 88' lang='lat'><strong>:</strong></span> <span class='ocrx_word' id='word_1_288' title='bbox 2566 730 2585 763; x_wconf 73' lang='grc' dir='ltr'>ι</span> <span class='ocrx_word' id='word_1_289' title='bbox 2644 710 2750 778; x_wconf 84' lang='lat' dir='ltr'><strong>Qui</strong></span> <span class='ocrx_word' id='word_1_290' title='bbox 2796 712 2911 767; x_wconf 93' lang='lat' dir='ltr'><strong>odit</strong></span> <span class='ocrx_word' id='word_1_291' title='bbox 2966 728 3093 779; x_wconf 91' lang='lat' dir='ltr'><strong>me,</strong></span> <span class='ocrx_word' id='word_1_292' title='bbox 3144 725 3199 769; x_wconf 90' lang='lat' dir='ltr'><strong>et</strong></span> <span class='ocrx_word' id='word_1_293' title='bbox 3242 713 3456 768; x_wconf 83' lang='lat' dir='ltr'><strong>Patrem</strong></span> <span class='ocrx_word' id='word_1_294' title='bbox 3508 730 3689 768; x_wconf 87' lang='lat' dir='ltr'><strong>meum</strong></span> 
     </span>
    </p>
   </div>
   <div class='ocr_carea' id='block_1_35' title="bbox 2109 802 3690 861">
    <p class='ocr_par' dir='ltr' id='par_1_35' title="bbox 2109 802 3690 861">
     <span class='ocr_line' id='line_1_35' title="bbox 2109 802 3690 861; baseline 0 -4"><span class='ocrx_word' id='word_1_295' title='bbox 2109 803 2225 858; x_wconf 92' lang='lat' dir='ltr'><strong>odit</strong></span> <span class='ocrx_word' id='word_1_296' title='bbox 2250 803 2316 857; x_wconf 74' lang='lat'><strong>“.</strong></span> <span class='ocrx_word' id='word_1_297' title='bbox 2346 822 2366 854; x_wconf 74' lang='grc' dir='ltr'><strong><em>ι</em></strong></span> <span class='ocrx_word' id='word_1_298' title='bbox 2408 802 2473 857; x_wconf 88' lang='lat' dir='ltr'><strong>Et</strong></span> <span class='ocrx_word' id='word_1_299' title='bbox 2517 804 2712 858; x_wconf 90' lang='lat' dir='ltr'><strong>iterum</strong></span> <span class='ocrx_word' id='word_1_300' title='bbox 2746 823 2759 859; x_wconf 92' lang='lat'><strong>:</strong></span> <span class='ocrx_word' id='word_1_301' title='bbox 2806 823 2824 856; x_wconf 84' lang='grc'><strong>‹</strong></span> <span class='ocrx_word' id='word_1_302' title='bbox 2866 803 2936 859; x_wconf 85' lang='lat' dir='ltr'><strong>Ut</strong></span> <span class='ocrx_word' id='word_1_303' title='bbox 2967 820 3159 861; x_wconf 90' lang='lat' dir='ltr'><strong>omnes</strong></span> <span class='ocrx_word' id='word_1_304' title='bbox 3201 805 3561 860; x_wconf 81' lang='lat' dir='ltr'><strong>honorificent</strong></span> <span class='ocrx_word' id='word_1_305' title='bbox 3599 804 3690 858; x_wconf 85' lang='lat' dir='ltr'><strong>Fi-</strong></span> 
     </span>
    </p>
   </div>
   <div class='ocr_carea' id='block_1_36' title="bbox 2108 895 3687 961">
    <p class='ocr_par' dir='ltr' id='par_1_36' title="bbox 2108 895 3687 961">
     <span class='ocr_line' id='line_1_36' title="bbox 2108 895 3687 961; baseline 0 -12"><span class='ocrx_word' id='word_1_306' title='bbox 2108 896 2264 961; x_wconf 93' lang='lat' dir='ltr'><strong>lium,</strong></span> <span class='ocrx_word' id='word_1_307' title='bbox 2292 897 2437 951; x_wconf 89' lang='lat' dir='ltr'><strong>sicut</strong></span> <span class='ocrx_word' id='word_1_308' title='bbox 2473 896 2838 951; x_wconf 82' lang='lat' dir='ltr'><strong>honorificam</strong></span> <span class='ocrx_word' id='word_1_309' title='bbox 2865 895 3083 951; x_wconf 86' lang='lat' dir='ltr'><strong>Patrem</strong></span> <span class='ocrx_word' id='word_1_310' title='bbox 3128 896 3195 952; x_wconf 67' lang='grc' dir='ltr'><strong>δ’.</strong></span> <span class='ocrx_word' id='word_1_311' title='bbox 3237 915 3257 949; x_wconf 71' lang='grc' dir='ltr'><strong><em>ι</em></strong></span> <span class='ocrx_word' id='word_1_312' title='bbox 3318 896 3384 950; x_wconf 85' lang='grc' dir='ltr'><strong>Ει</strong></span> <span class='ocrx_word' id='word_1_313' title='bbox 3431 898 3628 952; x_wconf 83' lang='lat' dir='ltr'><strong>iterum</strong></span> <span class='ocrx_word' id='word_1_314' title='bbox 3674 915 3687 949; x_wconf 92' lang='lat'><strong>:</strong></span> 
     </span>
    </p>
   </div>
   <div class='ocr_carea' id='block_1_37' title="bbox 2113 987 3691 1057">
    <p class='ocr_par' dir='ltr' id='par_1_37' title="bbox 2113 987 3691 1057">
     <span class='ocr_line' id='line_1_37' title="bbox 2113 987 3691 1057; baseline 0.002 -16"><span class='ocrx_word' id='word_1_315' title='bbox 2113 1008 2132 1041; x_wconf 85' lang='grc'><strong><em>‹</em></strong></span> <span class='ocrx_word' id='word_1_316' title='bbox 2175 987 2243 1043; x_wconf 90' lang='lat' dir='ltr'><strong>Ut</strong></span> <span class='ocrx_word' id='word_1_317' title='bbox 2265 989 2468 1044; x_wconf 90' lang='lat' dir='ltr'><strong>sint.in</strong></span> <span class='ocrx_word' id='word_1_318' title='bbox 2510 989 2671 1044; x_wconf 92' lang='lat' dir='ltr'><strong>nobis</strong></span> <span class='ocrx_word' id='word_1_319' title='bbox 2703 1005 2892 1057; x_wconf 91' lang='lat' dir='ltr'><strong>unum,</strong></span> <span class='ocrx_word' id='word_1_320' title='bbox 2949 990 3092 1045; x_wconf 92' lang='lat' dir='ltr'><strong>sicut</strong></span> <span class='ocrx_word' id='word_1_321' title='bbox 3143 999 3199 1046; x_wconf 90' lang='lat' dir='ltr'><strong>et</strong></span> <span class='ocrx_word' id='word_1_322' title='bbox 3248 1006 3347 1044; x_wconf 92' lang='lat' dir='ltr'><strong>nos</strong></span> <span class='ocrx_word' id='word_1_323' title='bbox 3382 1006 3550 1044; x_wconf 92' lang='lat' dir='ltr'><strong>unum</strong></span> <span class='ocrx_word' id='word_1_324' title='bbox 3596 1005 3691 1044; x_wconf 90' lang='lat' dir='ltr'><strong>su-</strong></span> 
     </span>
    </p>
   </div>
   <div class='ocr_carea' id='block_1_38' title="bbox 2107 1082 3685 1151">
    <p class='ocr_par' dir='ltr' id='par_1_38' title="bbox 2107 1082 3685 1151">
     <span class='ocr_line' id='line_1_38' title="bbox 2107 1082 3685 1151; baseline 0.003 -17"><span class='ocrx_word' id='word_1_325' title='bbox 2107 1096 2265 1146; x_wconf 88' lang='lat' dir='ltr'><strong>mus;</strong></span> <span class='ocrx_word' id='word_1_326' title='bbox 2312 1090 2367 1135; x_wconf 90' lang='lat' dir='ltr'><strong>tu</strong></span> <span class='ocrx_word' id='word_1_327' title='bbox 2423 1082 2476 1135; x_wconf 95' lang='lat' dir='ltr'><strong>in</strong></span> <span class='ocrx_word' id='word_1_328' title='bbox 2535 1097 2643 1146; x_wconf 87' lang='lat' dir='ltr'><strong>me,</strong></span> <span class='ocrx_word' id='word_1_329' title='bbox 2677 1091 2731 1136; x_wconf 91' lang='lat' dir='ltr'><strong>et</strong></span> <span class='ocrx_word' id='word_1_330' title='bbox 2764 1098 2864 1151; x_wconf 79' lang='lat' dir='ltr'><strong>ego</strong></span> <span class='ocrx_word' id='word_1_331' title='bbox 2901 1083 2956 1136; x_wconf 91' lang='lat' dir='ltr'><strong>in</strong></span> <span class='ocrx_word' id='word_1_332' title='bbox 3000 1083 3081 1137; x_wconf 90' lang='lat' dir='ltr'><strong>eis</strong></span> <span class='ocrx_word' id='word_1_333' title='bbox 3106 1083 3173 1139; x_wconf 75' lang='lat'><strong>“.</strong></span> <span class='ocrx_word' id='word_1_334' title='bbox 3231 1103 3249 1136; x_wconf 72' lang='grc' dir='ltr'><strong><em>ι</em></strong></span> <span class='ocrx_word' id='word_1_335' title='bbox 3305 1082 3372 1138; x_wconf 93' lang='lat' dir='ltr'><strong>Et</strong></span> <span class='ocrx_word' id='word_1_336' title='bbox 3421 1082 3617 1138; x_wconf 91' lang='lat' dir='ltr'><strong>iterum</strong></span> <span class='ocrx_word' id='word_1_337' title='bbox 3671 1100 3685 1138; x_wconf 87' lang='lat'><strong>:</strong></span> 
     </span>
    </p>
   </div>
   <div class='ocr_carea' id='block_1_39' title="bbox 2114 1173 3689 1249">
    <p class='ocr_par' dir='ltr' id='par_1_39' title="bbox 2114 1173 3689 1249">
     <span class='ocr_line' id='line_1_39' title="bbox 2114 1173 3689 1249; baseline 0.004 -22"><span class='ocrx_word' id='word_1_338' title='bbox 2114 1194 2133 1226; x_wconf 74' lang='grc' dir='ltr'>ι</span> <span class='ocrx_word' id='word_1_339' title='bbox 2169 1173 2364 1230; x_wconf 89' lang='lat' dir='ltr'><strong>Omnia</strong></span> <span class='ocrx_word' id='word_1_340' title='bbox 2407 1192 2531 1231; x_wconf 90' lang='lat' dir='ltr'><strong>mea</strong></span> <span class='ocrx_word' id='word_1_341' title='bbox 2572 1186 2664 1231; x_wconf 88' lang='lat' dir='ltr'><strong>tua</strong></span> <span class='ocrx_word' id='word_1_342' title='bbox 2696 1187 2824 1232; x_wconf 93' lang='lat' dir='ltr'><strong>sunt</strong></span> <span class='ocrx_word' id='word_1_343' title='bbox 2851 1176 2916 1231; x_wconf 76' lang='lat'><strong>“.</strong></span> <span class='ocrx_word' id='word_1_344' title='bbox 2967 1195 2987 1229; x_wconf 72' lang='grc' dir='ltr'><strong><em>ι</em></strong></span> <span class='ocrx_word' id='word_1_345' title='bbox 3036 1176 3103 1231; x_wconf 84' lang='grc' dir='ltr'><strong>Ει</strong></span> <span class='ocrx_word' id='word_1_346' title='bbox 3135 1178 3372 1233; x_wconf 91' lang='lat' dir='ltr'><strong>iterum:</strong></span> <span class='ocrx_word' id='word_1_347' title='bbox 3414 1196 3433 1229; x_wconf 83' lang='grc'><strong>‹</strong></span> <span class='ocrx_word' id='word_1_348' title='bbox 3477 1178 3590 1249; x_wconf 81' lang='lat' dir='ltr'><strong>Ego</strong></span> <span class='ocrx_word' id='word_1_349' title='bbox 3632 1178 3689 1233; x_wconf 93' lang='lat' dir='ltr'><strong>in</strong></span> 
     </span>
    </p>
   </div>
   <div class='ocr_carea' id='block_1_40' title="bbox 2106 1266 3688 1334">
    <p class='ocr_par' dir='ltr' id='par_1_40' title="bbox 2106 1266 3688 1334">
     <span class='ocr_line' id='line_1_40' title="bbox 2106 1266 3688 1334; baseline 0.003 -13"><span class='ocrx_word' id='word_1_350' title='bbox 2106 1266 2302 1334; x_wconf 90' lang='lat' dir='ltr'><strong>Patre,</strong></span> <span class='ocrx_word' id='word_1_351' title='bbox 2335 1278 2389 1323; x_wconf 90' lang='lat' dir='ltr'><strong>et</strong></span> <span class='ocrx_word' id='word_1_352' title='bbox 2432 1268 2594 1323; x_wconf 87' lang='lat' dir='ltr'><strong>Pater</strong></span> <span class='ocrx_word' id='word_1_353' title='bbox 2634 1270 2689 1324; x_wconf 95' lang='lat' dir='ltr'><strong>in</strong></span> <span class='ocrx_word' id='word_1_354' title='bbox 2733 1287 2820 1325; x_wconf 88' lang='lat' dir='ltr'><strong>me</strong></span> <span class='ocrx_word' id='word_1_355' title='bbox 2850 1270 2918 1323; x_wconf 77' lang='lat'><strong>&quot;.</strong></span> <span class='ocrx_word' id='word_1_356' title='bbox 2950 1288 2968 1321; x_wconf 72' lang='grc' dir='ltr'><strong><em>ι</em></strong></span> <span class='ocrx_word' id='word_1_357' title='bbox 2994 1268 3059 1324; x_wconf 86' lang='grc' dir='ltr'>Ει</span> <span class='ocrx_word' id='word_1_358' title='bbox 3085 1272 3282 1324; x_wconf 90' lang='lat' dir='ltr'><strong>iterum</strong></span> <span class='ocrx_word' id='word_1_359' title='bbox 3317 1290 3330 1325; x_wconf 90' lang='lat'><strong>:</strong></span> <span class='ocrx_word' id='word_1_360' title='bbox 3364 1290 3383 1322; x_wconf 86' lang='grc'><strong><em>‹</em></strong></span> <span class='ocrx_word' id='word_1_361' title='bbox 3422 1270 3581 1326; x_wconf 85' lang='lat' dir='ltr'><strong>Pater</strong></span> <span class='ocrx_word' id='word_1_362' title='bbox 3631 1272 3688 1327; x_wconf 93' lang='lat' dir='ltr'><strong>in</strong></span> 
     </span>
    </p>
   </div>
   <div class='ocr_carea' id='block_1_41' title="bbox 2109 1359 3687 1431">
    <p class='ocr_par' dir='ltr' id='par_1_41' title="bbox 2109 1359 3687 1431">
     <span class='ocr_line' id='line_1_41' title="bbox 2109 1359 3687 1431; baseline 0.004 -18"><span class='ocrx_word' id='word_1_363' title='bbox 2109 1375 2196 1413; x_wconf 93' lang='lat' dir='ltr'><strong>me</strong></span> <span class='ocrx_word' id='word_1_364' title='bbox 2220 1375 2468 1427; x_wconf 91' lang='lat' dir='ltr'><strong>manens,</strong></span> <span class='ocrx_word' id='word_1_365' title='bbox 2494 1359 2626 1416; x_wconf 83' lang='lat' dir='ltr'><strong>facit</strong></span> <span class='ocrx_word' id='word_1_366' title='bbox 2658 1376 2823 1431; x_wconf 89' lang='lat' dir='ltr'><strong>opera</strong></span> <span class='ocrx_word' id='word_1_367' title='bbox 2843 1361 2961 1417; x_wconf 66' lang='lat' dir='ltr'><strong>haec</strong></span> <span class='ocrx_word' id='word_1_368' title='bbox 2990 1362 3057 1416; x_wconf 75' lang='lat'><strong>“.</strong></span> <span class='ocrx_word' id='word_1_369' title='bbox 3101 1381 3119 1413; x_wconf 83' lang='grc'>›</span> <span class='ocrx_word' id='word_1_370' title='bbox 3157 1361 3225 1416; x_wconf 89' lang='lat' dir='ltr'><strong>Et</strong></span> <span class='ocrx_word' id='word_1_371' title='bbox 3252 1361 3491 1418; x_wconf 83' lang='lat' dir='ltr'><strong>Joannes</strong></span> <span class='ocrx_word' id='word_1_372' title='bbox 3519 1380 3687 1419; x_wconf 81' lang='lat' dir='ltr'><strong>evan-</strong></span> 
     </span>
    </p>
   </div>
   <div class='ocr_carea' id='block_1_42' title="bbox 2108 1450 3686 1523">
    <p class='ocr_par' dir='ltr' id='par_1_42' title="bbox 2108 1450 3686 1523">
     <span class='ocr_line' id='line_1_42' title="bbox 2108 1450 3686 1523; baseline 0.004 -19"><span class='ocrx_word' id='word_1_373' title='bbox 2108 1450 2298 1521; x_wconf 82' lang='lat' dir='ltr'><strong>gelista</strong></span> <span class='ocrx_word' id='word_1_374' title='bbox 2327 1451 2403 1505; x_wconf 91' lang='lat' dir='ltr'><strong>ait</strong></span> <span class='ocrx_word' id='word_1_375' title='bbox 2435 1470 2448 1505; x_wconf 91' lang='lat'><strong>:</strong></span> <span class='ocrx_word' id='word_1_376' title='bbox 2485 1469 2505 1503; x_wconf 73' lang='grc' dir='ltr'><strong>ε</strong></span> <span class='ocrx_word' id='word_1_377' title='bbox 2537 1451 2593 1505; x_wconf 82' lang='grc' dir='ltr'><strong>ιιι</strong></span> <span class='ocrx_word' id='word_1_378' title='bbox 2617 1453 2889 1523; x_wconf 90' lang='lat' dir='ltr'><strong>principio</strong></span> <span class='ocrx_word' id='word_1_379' title='bbox 2917 1464 3035 1508; x_wconf 87' lang='lat' dir='ltr'><strong>erat</strong></span> <span class='ocrx_word' id='word_1_380' title='bbox 3064 1452 3327 1520; x_wconf 83' lang='lat' dir='ltr'><strong>Verbum,</strong></span> <span class='ocrx_word' id='word_1_381' title='bbox 3364 1464 3419 1509; x_wconf 91' lang='lat' dir='ltr'><strong>et</strong></span> <span class='ocrx_word' id='word_1_382' title='bbox 3449 1454 3686 1511; x_wconf 90' lang='lat' dir='ltr'><strong>Verbum</strong></span> 
     </span>
    </p>
   </div>
   <div class='ocr_carea' id='block_1_43' title="bbox 2107 1542 3691 1613">
    <p class='ocr_par' dir='ltr' id='par_1_43' title="bbox 2107 1542 3691 1613">
     <span class='ocr_line' id='line_1_43' title="bbox 2107 1542 3691 1613; baseline 0.004 -16"><span class='ocrx_word' id='word_1_383' title='bbox 2107 1551 2223 1597; x_wconf 89' lang='lat' dir='ltr'><strong>erat</strong></span> <span class='ocrx_word' id='word_1_384' title='bbox 2246 1544 2389 1613; x_wconf 88' lang='lat' dir='ltr'><strong>apud</strong></span> <span class='ocrx_word' id='word_1_385' title='bbox 2419 1542 2612 1608; x_wconf 91' lang='lat' dir='ltr'><strong>Deum,</strong></span> <span class='ocrx_word' id='word_1_386' title='bbox 2644 1554 2698 1599; x_wconf 91' lang='lat' dir='ltr'><strong>et</strong></span> <span class='ocrx_word' id='word_1_387' title='bbox 2734 1544 2875 1602; x_wconf 89' lang='lat' dir='ltr'><strong>Deus</strong></span> <span class='ocrx_word' id='word_1_388' title='bbox 2903 1555 3021 1601; x_wconf 88' lang='lat' dir='ltr'><strong>erat</strong></span> <span class='ocrx_word' id='word_1_389' title='bbox 3050 1545 3287 1602; x_wconf 89' lang='lat' dir='ltr'><strong>Verbum</strong></span> <span class='ocrx_word' id='word_1_390' title='bbox 3316 1547 3383 1600; x_wconf 68' lang='lat'><strong>‘7.</strong></span> <span class='ocrx_word' id='word_1_391' title='bbox 3429 1566 3449 1599; x_wconf 78' lang='grc' dir='ltr'><strong><em>ι</em></strong></span> <span class='ocrx_word' id='word_1_392' title='bbox 3494 1547 3560 1602; x_wconf 86' lang='lat' dir='ltr'><strong>Et</strong></span> <span class='ocrx_word' id='word_1_393' title='bbox 3590 1550 3691 1603; x_wconf 82' lang='lat' dir='ltr'><strong>ite-</strong></span> 
     </span>
    </p>
   </div>
   <div class='ocr_carea' id='block_1_44' title="bbox 2105 1635 3688 1711">
    <p class='ocr_par' dir='ltr' id='par_1_44' title="bbox 2105 1635 3688 1711">
     <span class='ocr_line' id='line_1_44' title="bbox 2105 1635 3688 1711; baseline 0.004 -22"><span class='ocrx_word' id='word_1_394' title='bbox 2105 1651 2228 1691; x_wconf 88' lang='lat' dir='ltr'><strong>rum</strong></span> <span class='ocrx_word' id='word_1_395' title='bbox 2264 1635 2381 1706; x_wconf 91' lang='lat' dir='ltr'><strong>ipse</strong></span> <span class='ocrx_word' id='word_1_396' title='bbox 2418 1636 2485 1691; x_wconf 89' lang='lat' dir='ltr'><strong>ad</strong></span> <span class='ocrx_word' id='word_1_397' title='bbox 2514 1636 2792 1694; x_wconf 86' lang='lat' dir='ltr'><strong>Parthos:</strong></span> <span class='ocrx_word' id='word_1_398' title='bbox 2834 1639 2877 1671; x_wconf 72' lang='grc' dir='ltr'><strong>ἰε</strong></span> <span class='ocrx_word' id='word_1_399' title='bbox 2911 1658 2930 1692; x_wconf 73' lang='grc' dir='ltr'><strong><em>ι</em></strong></span> <span class='ocrx_word' id='word_1_400' title='bbox 2973 1638 3107 1696; x_wconf 90' lang='lat' dir='ltr'><strong>Tres</strong></span> <span class='ocrx_word' id='word_1_401' title='bbox 3163 1650 3314 1704; x_wconf 90' lang='lat' dir='ltr'><strong>sunt,</strong></span> <span class='ocrx_word' id='word_1_402' title='bbox 3347 1640 3545 1710; x_wconf 91' lang='lat' dir='ltr'><strong>inquit,</strong></span> <span class='ocrx_word' id='word_1_403' title='bbox 3592 1642 3688 1711; x_wconf 90' lang='lat' dir='ltr'><strong>qui</strong></span> 
     </span>
    </p>
   </div>
   <div class='ocr_carea' id='block_1_45' title="bbox 2080 1711 3690 1803">
    <p class='ocr_par' dir='ltr' id='par_1_45' title="bbox 2080 1711 3690 1803">
     <span class='ocr_line' id='line_1_45' title="bbox 2080 1711 3690 1803; baseline 0.005 -21"><span class='ocrx_word' id='word_1_404' title='bbox 2080 1711 2484 1784; x_wconf 51' lang='lat' dir='ltr'><strong>&#39;testimonium</strong></span> <span class='ocrx_word' id='word_1_405' title='bbox 2518 1730 2810 1801; x_wconf 88' lang='lat' dir='ltr'><strong>perhibent</strong></span> <span class='ocrx_word' id='word_1_406' title='bbox 2849 1731 2901 1785; x_wconf 93' lang='lat' dir='ltr'><strong>in</strong></span> <span class='ocrx_word' id='word_1_407' title='bbox 2934 1740 3077 1787; x_wconf 92' lang='lat' dir='ltr'><strong>terra</strong></span> <span class='ocrx_word' id='word_1_408' title='bbox 3123 1749 3135 1784; x_wconf 97' lang='lat'><strong>:</strong></span> <span class='ocrx_word' id='word_1_409' title='bbox 3176 1748 3340 1802; x_wconf 88' lang='lat' dir='ltr'><strong>aqua,</strong></span> <span class='ocrx_word' id='word_1_410' title='bbox 3381 1734 3603 1803; x_wconf 84' lang='lat' dir='ltr'><strong>sanguis</strong></span> <span class='ocrx_word' id='word_1_411' title='bbox 3635 1744 3690 1790; x_wconf 89' lang='lat' dir='ltr'><strong>et</strong></span> 
     </span>
    </p>
   </div>
   <div class='ocr_carea' id='block_1_46' title="bbox 2108 1821 3688 1894">
    <p class='ocr_par' dir='ltr' id='par_1_46' title="bbox 2108 1821 3688 1894">
     <span class='ocr_line' id='line_1_46' title="bbox 2108 1821 3688 1894; baseline 0.005 -22"><span class='ocrx_word' id='word_1_412' title='bbox 2108 1833 2278 1873; x_wconf 90' lang='lat' dir='ltr'><strong>caro:</strong></span> <span class='ocrx_word' id='word_1_413' title='bbox 2312 1830 2366 1875; x_wconf 93' lang='lat' dir='ltr'><strong>et</strong></span> <span class='ocrx_word' id='word_1_414' title='bbox 2408 1829 2518 1877; x_wconf 88' lang='lat' dir='ltr'><strong>tres</strong></span> <span class='ocrx_word' id='word_1_415' title='bbox 2567 1821 2620 1875; x_wconf 93' lang='lat' dir='ltr'><strong>in</strong></span> <span class='ocrx_word' id='word_1_416' title='bbox 2668 1823 2828 1878; x_wconf 89' lang='lat' dir='ltr'><strong>nobis</strong></span> <span class='ocrx_word' id='word_1_417' title='bbox 2886 1833 3036 1883; x_wconf 88' lang='lat' dir='ltr'><strong>sunt,</strong></span> <span class='ocrx_word' id='word_1_418' title='bbox 3072 1824 3167 1894; x_wconf 92' lang='lat' dir='ltr'><strong>qui</strong></span> <span class='ocrx_word' id='word_1_419' title='bbox 3218 1825 3262 1856; x_wconf 70' lang='grc' dir='ltr'><strong>ἰ’</strong></span> <span class='ocrx_word' id='word_1_420' title='bbox 3316 1825 3688 1881; x_wconf 89' lang='lat' dir='ltr'><strong>testimonium</strong></span> 
     </span>
    </p>
   </div>
   <div class='ocr_carea' id='block_1_47' title="bbox 2107 1908 3689 1985">
    <p class='ocr_par' dir='ltr' id='par_1_47' title="bbox 2107 1908 3689 1985">
     <span class='ocr_line' id='line_1_47' title="bbox 2107 1908 3689 1985; baseline 0.006 -24"><span class='ocrx_word' id='word_1_421' title='bbox 2107 1908 2395 1976; x_wconf 88' lang='lat' dir='ltr'><strong>perhibent</strong></span> <span class='ocrx_word' id='word_1_422' title='bbox 2416 1909 2471 1963; x_wconf 91' lang='lat' dir='ltr'><strong>in</strong></span> <span class='ocrx_word' id='word_1_423' title='bbox 2496 1910 2636 1966; x_wconf 71' lang='lat' dir='ltr'><strong>caelo</strong></span> <span class='ocrx_word' id='word_1_424' title='bbox 2657 1929 2669 1965; x_wconf 89' lang='lat'><strong>:</strong></span> <span class='ocrx_word' id='word_1_425' title='bbox 2690 1910 2871 1978; x_wconf 88' lang='lat' dir='ltr'><strong>Pater,</strong></span> <span class='ocrx_word' id='word_1_426' title='bbox 2897 1911 3138 1967; x_wconf 87' lang='lat' dir='ltr'><strong>Verbum</strong></span> <span class='ocrx_word' id='word_1_427' title='bbox 3168 1923 3223 1969; x_wconf 89' lang='lat' dir='ltr'><strong>et</strong></span> <span class='ocrx_word' id='word_1_428' title='bbox 3248 1913 3485 1985; x_wconf 92' lang='lat' dir='ltr'><strong>Spiritus</strong></span> <span class='ocrx_word' id='word_1_429' title='bbox 3512 1934 3525 1969; x_wconf 91' lang='lat'><strong>:</strong></span> <span class='ocrx_word' id='word_1_430' title='bbox 3549 1924 3604 1971; x_wconf 85' lang='lat' dir='ltr'><strong>et</strong></span> <span class='ocrx_word' id='word_1_431' title='bbox 3634 1917 3689 1971; x_wconf 65' lang='lat' dir='ltr'><strong>lii</strong></span> 
     </span>
    </p>
   </div>
   <div class='ocr_carea' id='block_1_48' title="bbox 2105 2000 3687 2072">
    <p class='ocr_par' dir='ltr' id='par_1_48' title="bbox 2105 2000 3687 2072">
     <span class='ocr_line' id='line_1_48' title="bbox 2105 2000 3687 2072; baseline 0.005 -21"><span class='ocrx_word' id='word_1_432' title='bbox 2105 2005 2214 2054; x_wconf 92' lang='lat' dir='ltr'><strong>tres</strong></span> <span class='ocrx_word' id='word_1_433' title='bbox 2252 2014 2423 2054; x_wconf 88' lang='lat' dir='ltr'><strong>unum</strong></span> <span class='ocrx_word' id='word_1_434' title='bbox 2466 2009 2595 2055; x_wconf 91' lang='lat' dir='ltr'><strong>sunt</strong></span> <span class='ocrx_word' id='word_1_435' title='bbox 2624 2001 2691 2055; x_wconf 78' lang='grc' dir='ltr'><strong>⁵ο.</strong></span> <span class='ocrx_word' id='word_1_436' title='bbox 2742 2020 2762 2053; x_wconf 82' lang='grc'><strong><em>›</em></strong></span> <span class='ocrx_word' id='word_1_437' title='bbox 2791 2000 2903 2057; x_wconf 85' lang='lat' dir='ltr'><strong>Nos</strong></span> <span class='ocrx_word' id='word_1_438' title='bbox 2948 2003 3133 2072; x_wconf 90' lang='lat' dir='ltr'><strong>itaque</strong></span> <span class='ocrx_word' id='word_1_439' title='bbox 3168 2004 3222 2057; x_wconf 93' lang='lat' dir='ltr'><strong>in</strong></span> <span class='ocrx_word' id='word_1_440' title='bbox 3260 2014 3455 2059; x_wconf 88' lang='lat' dir='ltr'><strong>natura</strong></span> <span class='ocrx_word' id='word_1_441' title='bbox 3484 2005 3687 2059; x_wconf 90' lang='lat' dir='ltr'><strong>divini-</strong></span> 
     </span>
    </p>
   </div>
   <div class='ocr_carea' id='block_1_49' title="bbox 2104 2090 3690 2166">
    <p class='ocr_par' dir='ltr' id='par_1_49' title="bbox 2104 2090 3690 2166">
     <span class='ocr_line' id='line_1_49' title="bbox 2104 2090 3690 2166; baseline 0.006 -24"><span class='ocrx_word' id='word_1_442' title='bbox 2104 2090 2252 2155; x_wconf 91' lang='lat' dir='ltr'><strong>tatis,</strong></span> <span class='ocrx_word' id='word_1_443' title='bbox 2280 2092 2408 2161; x_wconf 92' lang='lat' dir='ltr'><strong>quia</strong></span> <span class='ocrx_word' id='word_1_444' title='bbox 2444 2108 2617 2147; x_wconf 91' lang='lat' dir='ltr'><strong>unum</strong></span> <span class='ocrx_word' id='word_1_445' title='bbox 2660 2101 2790 2149; x_wconf 92' lang='lat' dir='ltr'><strong>sunt</strong></span> <span class='ocrx_word' id='word_1_446' title='bbox 2833 2090 2993 2149; x_wconf 88' lang='lat' dir='ltr'><strong>Pater</strong></span> <span class='ocrx_word' id='word_1_447' title='bbox 3045 2104 3098 2148; x_wconf 92' lang='lat' dir='ltr'><strong>et</strong></span> <span class='ocrx_word' id='word_1_448' title='bbox 3140 2094 3313 2151; x_wconf 90' lang='lat' dir='ltr'><strong>Filius</strong></span> <span class='ocrx_word' id='word_1_449' title='bbox 3351 2104 3406 2151; x_wconf 90' lang='lat' dir='ltr'><strong>et</strong></span> <span class='ocrx_word' id='word_1_450' title='bbox 3452 2094 3690 2166; x_wconf 89' lang='lat' dir='ltr'><strong>Spiritus</strong></span> 
     </span>
    </p>
   </div>
   <div class='ocr_carea' id='block_1_50' title="bbox 2104 2183 3690 2259">
    <p class='ocr_par' dir='ltr' id='par_1_50' title="bbox 2104 2183 3690 2259">
     <span class='ocr_line' id='line_1_50' title="bbox 2104 2183 3690 2259; baseline 0.006 -24"><span class='ocrx_word' id='word_1_451' title='bbox 2104 2190 2347 2250; x_wconf 90' lang='lat' dir='ltr'><strong>sanctus,</strong></span> <span class='ocrx_word' id='word_1_452' title='bbox 2379 2198 2481 2238; x_wconf 92' lang='lat' dir='ltr'><strong>nec</strong></span> <span class='ocrx_word' id='word_1_453' title='bbox 2508 2183 2726 2239; x_wconf 87' lang='lat' dir='ltr'><strong>Patrem</strong></span> <span class='ocrx_word' id='word_1_454' title='bbox 2756 2186 2943 2255; x_wconf 88' lang='lat' dir='ltr'><strong>aliquo</strong></span> <span class='ocrx_word' id='word_1_455' title='bbox 2976 2195 3221 2257; x_wconf 87' lang='lat' dir='ltr'><strong>tempore</strong></span> <span class='ocrx_word' id='word_1_456' title='bbox 3241 2188 3516 2243; x_wconf 83' lang='lat' dir='ltr'><strong>credimus</strong></span> <span class='ocrx_word' id='word_1_457' title='bbox 3550 2205 3690 2259; x_wconf 71' lang='lat' dir='ltr'><strong>pra:-</strong></span> 
     </span>
    </p>
   </div>
   <div class='ocr_carea' id='block_1_51' title="bbox 2103 2274 3687 2350">
    <p class='ocr_par' dir='ltr' id='par_1_51' title="bbox 2103 2274 3687 2350">
     <span class='ocr_line' id='line_1_51' title="bbox 2103 2274 3687 2350; baseline 0.005 -21"><span class='ocrx_word' id='word_1_458' title='bbox 2103 2274 2357 2341; x_wconf 90' lang='lat' dir='ltr'><strong>cessisse,</strong></span> <span class='ocrx_word' id='word_1_459' title='bbox 2388 2282 2445 2329; x_wconf 92' lang='lat' dir='ltr'><strong>ut</strong></span> <span class='ocrx_word' id='word_1_460' title='bbox 2477 2277 2653 2348; x_wconf 79' lang='lat' dir='ltr'><strong>major</strong></span> <span class='ocrx_word' id='word_1_461' title='bbox 2682 2277 2754 2332; x_wconf 88' lang='lat' dir='ltr'><strong>sit</strong></span> <span class='ocrx_word' id='word_1_462' title='bbox 2788 2276 2964 2343; x_wconf 86' lang='lat' dir='ltr'><strong>Filio;</strong></span> <span class='ocrx_word' id='word_1_463' title='bbox 2998 2294 3099 2334; x_wconf 87' lang='lat' dir='ltr'><strong>nec</strong></span> <span class='ocrx_word' id='word_1_464' title='bbox 3135 2278 3334 2333; x_wconf 89' lang='lat' dir='ltr'><strong>Filium</strong></span> <span class='ocrx_word' id='word_1_465' title='bbox 3360 2289 3549 2350; x_wconf 90' lang='lat' dir='ltr'><strong>postea</strong></span> <span class='ocrx_word' id='word_1_466' title='bbox 3588 2297 3687 2337; x_wconf 84' lang='lat' dir='ltr'><strong>na-</strong></span> 
     </span>
    </p>
   </div>
   <div class='ocr_carea' id='block_1_52' title="bbox 2104 2368 3336 2436">
    <p class='ocr_par' dir='ltr' id='par_1_52' title="bbox 2104 2368 3336 2436">
     <span class='ocr_line' id='line_1_52' title="bbox 2104 2368 3336 2436; baseline 0.003 -14"><span class='ocrx_word' id='word_1_467' title='bbox 2104 2376 2219 2422; x_wconf 91' lang='lat' dir='ltr'><strong>tum</strong></span> <span class='ocrx_word' id='word_1_468' title='bbox 2242 2383 2383 2436; x_wconf 83' lang='lat' dir='ltr'><strong>esse,</strong></span> <span class='ocrx_word' id='word_1_469' title='bbox 2413 2377 2476 2424; x_wconf 88' lang='lat' dir='ltr'><strong>ut</strong></span> <span class='ocrx_word' id='word_1_470' title='bbox 2498 2368 2782 2424; x_wconf 89' lang='lat' dir='ltr'><strong>divinitate</strong></span> <span class='ocrx_word' id='word_1_471' title='bbox 2808 2368 2986 2424; x_wconf 90' lang='lat' dir='ltr'><strong>Patris</strong></span> <span class='ocrx_word' id='word_1_472' title='bbox 3010 2370 3336 2426; x_wconf 79' lang='lat' dir='ltr'><strong>minaretur.</strong></span> 
     </span>
    </p>
   </div>
   <div class='ocr_carea' id='block_1_53' title="bbox 2549 2594 3240 2667">
    <p class='ocr_par' dir='ltr' id='par_1_53' title="bbox 2549 2594 3240 2667">
     <span class='ocr_line' id='line_1_53' title="bbox 2549 2594 3240 2667; baseline 0.006 -19"><span class='ocrx_word' id='word_1_473' title='bbox 2549 2594 2627 2649; x_wconf 85' lang='lat' dir='ltr'><strong>De</strong></span> <span class='ocrx_word' id='word_1_474' title='bbox 2656 2595 2829 2651; x_wconf 77' lang='lat' dir='ltr'><strong>causis</strong></span> <span class='ocrx_word' id='word_1_475' title='bbox 2855 2597 3240 2667; x_wconf 73' lang='lat' dir='ltr'><strong>episcoporum.</strong></span> 
     </span>
    </p>
   </div>
   <div class='ocr_carea' id='block_1_54' title="bbox 2176 2686 3689 2753">
    <p class='ocr_par' dir='ltr' id='par_1_54' title="bbox 2176 2686 3689 2753">
     <span class='ocr_line' id='line_1_54' title="bbox 2176 2686 3689 2753; baseline 0.004 -13"><span class='ocrx_word' id='word_1_476' title='bbox 2176 2687 2220 2718; x_wconf 83' lang='grc'>⁸¹</span> <span class='ocrx_word' id='word_1_477' title='bbox 2262 2686 2556 2753; x_wconf 68' lang='lat' dir='ltr'><strong>Cancrum,</strong></span> <span class='ocrx_word' id='word_1_478' title='bbox 2587 2686 2809 2751; x_wconf 85' lang='lat' dir='ltr'><strong>fratres,</strong></span> <span class='ocrx_word' id='word_1_479' title='bbox 2859 2689 3014 2743; x_wconf 90' lang='lat' dir='ltr'><strong>salvo</strong></span> <span class='ocrx_word' id='word_1_480' title='bbox 3048 2689 3101 2743; x_wconf 88' lang='lat' dir='ltr'><strong>in</strong></span> <span class='ocrx_word' id='word_1_481' title='bbox 3136 2689 3397 2745; x_wconf 90' lang='lat' dir='ltr'><strong>omnibus</strong></span> <span class='ocrx_word' id='word_1_482' title='bbox 3426 2690 3689 2747; x_wconf 70' lang='lat' dir='ltr'><strong>Romana:</strong></span> 
     </span>
    </p>
   </div>
   <div class='ocr_carea' id='block_1_55' title="bbox 2106 2776 3689 2853">
    <p class='ocr_par' dir='ltr' id='par_1_55' title="bbox 2106 2776 3689 2853">
     <span class='ocr_line' id='line_1_55' title="bbox 2106 2776 3689 2853; baseline 0.004 -23"><span class='ocrx_word' id='word_1_483' title='bbox 2106 2776 2366 2833; x_wconf 86' lang='lat' dir='ltr'><strong>Ecclesiae</strong></span> <span class='ocrx_word' id='word_1_484' title='bbox 2394 2780 2680 2850; x_wconf 80' lang='lat' dir='ltr'><strong>privilegio</strong></span> <span class='ocrx_word' id='word_1_485' title='bbox 2701 2823 2715 2843; x_wconf 95' lang='lat'><strong>,</strong></span> <span class='ocrx_word' id='word_1_486' title='bbox 2750 2780 2938 2835; x_wconf 88' lang='lat' dir='ltr'><strong>nullus</strong></span> <span class='ocrx_word' id='word_1_487' title='bbox 2974 2782 3432 2851; x_wconf 82' lang='lat' dir='ltr'><strong>tnetropolitanus</strong></span> <span class='ocrx_word' id='word_1_488' title='bbox 3479 2784 3689 2853; x_wconf 80' lang='lat' dir='ltr'><strong>absque</strong></span> 
     </span>
    </p>
   </div>
   <div class='ocr_carea' id='block_1_56' title="bbox 2106 2873 3685 2945">
    <p class='ocr_par' dir='ltr' id='par_1_56' title="bbox 2106 2873 3685 2945">
     <span class='ocr_line' id='line_1_56' title="bbox 2106 2873 3685 2945; baseline 0.001 -18"><span class='ocrx_word' id='word_1_489' title='bbox 2106 2882 2426 2927; x_wconf 65' lang='lat' dir='ltr'><strong>canet-orum</strong></span> <span class='ocrx_word' id='word_1_490' title='bbox 2449 2873 2696 2927; x_wconf 91' lang='lat' dir='ltr'><strong>omnium</strong></span> <span class='ocrx_word' id='word_1_491' title='bbox 2725 2873 3274 2942; x_wconf 87' lang='lat' dir='ltr'><strong>comprovincialium</strong></span> <span class='ocrx_word' id='word_1_492' title='bbox 3301 2875 3685 2945; x_wconf 88' lang='lat' dir='ltr'><strong>episcoporum</strong></span> 
     </span>
    </p>
   </div>
   <div class='ocr_carea' id='block_1_57' title="bbox 2108 2965 3688 3038">
    <p class='ocr_par' dir='ltr' id='par_1_57' title="bbox 2108 2965 3688 3038">
     <span class='ocr_line' id='line_1_57' title="bbox 2108 2965 3688 3038; baseline 0.002 -19"><span class='ocrx_word' id='word_1_493' title='bbox 2108 2965 2394 3032; x_wconf 90' lang='lat' dir='ltr'><strong>instantia,</strong></span> <span class='ocrx_word' id='word_1_494' title='bbox 2446 2965 2761 3035; x_wconf 87' lang='lat' dir='ltr'><strong>aliquorum</strong></span> <span class='ocrx_word' id='word_1_495' title='bbox 2813 2966 3005 3020; x_wconf 87' lang='lat' dir='ltr'><strong>audiat</strong></span> <span class='ocrx_word' id='word_1_496' title='bbox 3048 2981 3249 3021; x_wconf 79' lang='lat' dir='ltr'><strong>causas</strong></span> <span class='ocrx_word' id='word_1_497' title='bbox 3277 2982 3467 3022; x_wconf 91' lang='lat' dir='ltr'><strong>eorum</strong></span> <span class='ocrx_word' id='word_1_498' title='bbox 3498 3009 3513 3031; x_wconf 93' lang='lat'><strong>,</strong></span> <span class='ocrx_word' id='word_1_499' title='bbox 3556 2970 3688 3038; x_wconf 89' lang='lat' dir='ltr'><strong>quia</strong></span> 
     </span>
    </p>
   </div>
   <div class='ocr_carea' id='block_1_58' title="bbox 2108 3058 3686 3131">
    <p class='ocr_par' dir='ltr' id='par_1_58' title="bbox 2108 3058 3686 3131">
     <span class='ocr_line' id='line_1_58' title="bbox 2108 3058 3686 3131; baseline 0.001 -18"><span class='ocrx_word' id='word_1_500' title='bbox 2108 3058 2276 3113; x_wconf 64' lang='lat' dir='ltr'><strong>irrita:</strong></span> <span class='ocrx_word' id='word_1_501' title='bbox 2305 3068 2487 3124; x_wconf 90' lang='lat' dir='ltr'><strong>erunt,</strong></span> <span class='ocrx_word' id='word_1_502' title='bbox 2525 3058 2683 3114; x_wconf 89' lang='lat' dir='ltr'><strong>aliter</strong></span> <span class='ocrx_word' id='word_1_503' title='bbox 2706 3067 2840 3113; x_wconf 79' lang='lat' dir='ltr'><strong>actae</strong></span> <span class='ocrx_word' id='word_1_504' title='bbox 2874 3074 3041 3129; x_wconf 89' lang='lat' dir='ltr'><strong>quam</strong></span> <span class='ocrx_word' id='word_1_505' title='bbox 3076 3059 3129 3113; x_wconf 92' lang='lat' dir='ltr'><strong>in</strong></span> <span class='ocrx_word' id='word_1_506' title='bbox 3157 3071 3475 3131; x_wconf 30' lang='lat' dir='ltr'><strong>conspectu.</strong></span> <span class='ocrx_word' id='word_1_507' title='bbox 3495 3077 3686 3117; x_wconf 85' lang='lat' dir='ltr'><strong>eorum</strong></span> 
     </span>
    </p>
   </div>
   <div class='ocr_carea' id='block_1_59' title="bbox 2109 3150 3691 3222">
    <p class='ocr_par' dir='ltr' id='par_1_59' title="bbox 2109 3150 3691 3222">
     <span class='ocr_line' id='line_1_59' title="bbox 2109 3150 3691 3222; baseline 0.004 -19"><span class='ocrx_word' id='word_1_508' title='bbox 2109 3150 2358 3204; x_wconf 92' lang='lat' dir='ltr'><strong>omnium</strong></span> <span class='ocrx_word' id='word_1_509' title='bbox 2388 3150 2699 3219; x_wconf 62' lang='lat' dir='ltr'><strong>ventilata;</strong></span> <span class='ocrx_word' id='word_1_510' title='bbox 2730 3160 2785 3206; x_wconf 93' lang='lat' dir='ltr'><strong>et</strong></span> <span class='ocrx_word' id='word_1_511' title='bbox 2805 3151 2940 3222; x_wconf 88' lang='lat' dir='ltr'><strong>ipse,</strong></span> <span class='ocrx_word' id='word_1_512' title='bbox 2970 3152 3019 3207; x_wconf 84' lang='lat' dir='ltr'><strong>si</strong></span> <span class='ocrx_word' id='word_1_513' title='bbox 3049 3150 3261 3220; x_wconf 83' lang='lat' dir='ltr'><strong>fecerit,</strong></span> <span class='ocrx_word' id='word_1_514' title='bbox 3305 3162 3627 3210; x_wconf 91' lang='lat' dir='ltr'><strong>coerceatur</strong></span> <span class='ocrx_word' id='word_1_515' title='bbox 3657 3169 3691 3210; x_wconf 84' lang='lat' dir='ltr'><strong>a</strong></span> 
     </span>
    </p>
   </div>
   <div class='ocr_carea' id='block_1_60' title="bbox 420 3198 2395 3299">
    <p class='ocr_par' dir='ltr' id='par_1_60' title="bbox 420 3198 2395 3299">
     <span class='ocr_line' id='line_1_60' title="bbox 420 3198 2395 3299; baseline 0.009 -44"><span class='ocrx_word' id='word_1_516' title='bbox 420 3215 543 3255; x_wconf 84' lang='lat' dir='ltr'><strong>rum</strong></span> <span class='ocrx_word' id='word_1_517' title='bbox 573 3216 638 3256; x_wconf 89' lang='lat' dir='ltr'><strong>ac</strong></span> <span class='ocrx_word' id='word_1_518' title='bbox 667 3209 825 3255; x_wconf 73' lang='lat' dir='ltr'><strong>terra:</strong></span> <span class='ocrx_word' id='word_1_519' title='bbox 861 3215 913 3299; x_wconf 41' lang='lat' dir='ltr'><strong>a“</strong></span> <span class='ocrx_word' id='word_1_520' title='bbox 928 3208 1225 3270; x_wconf 90' lang='lat' dir='ltr'><strong>conspectu</strong></span> <span class='ocrx_word' id='word_1_521' title='bbox 1259 3198 1433 3255; x_wconf 87' lang='lat' dir='ltr'><strong>Patris</strong></span> <span class='ocrx_word' id='word_1_522' title='bbox 1461 3198 1891 3299; x_wconf 21' lang='lat' dir='ltr'><strong>excipiturxubi</strong></span> <span class='ocrx_word' id='word_1_523' title='bbox 1920 3213 2005 3253; x_wconf 60' lang='lat'><strong>58‘</strong></span> <span class='ocrx_word' id='word_1_524' title='bbox 2031 3206 2073 3264; x_wconf 86' lang='lat' dir='ltr'><strong><em>C</em></strong></span> 
     </span>
    </p>
   </div>
   <div class='ocr_carea' id='block_1_61' title="bbox 419 3288 2001 3348">
    <p class='ocr_par' dir='ltr' id='par_1_61' title="bbox 419 3288 2001 3348">
     <span class='ocr_line' id='line_1_61' title="bbox 419 3288 2001 3348; baseline -0.002 -1"><span class='ocrx_word' id='word_1_525' title='bbox 419 3292 659 3348; x_wconf 80' lang='lat' dir='ltr'><strong>cundum</strong></span> <span class='ocrx_word' id='word_1_526' title='bbox 686 3306 785 3347; x_wconf 88' lang='lat' dir='ltr'><strong>vos</strong></span> <span class='ocrx_word' id='word_1_527' title='bbox 812 3308 844 3347; x_wconf 91' lang='lat' dir='ltr'><strong>a</strong></span> <span class='ocrx_word' id='word_1_528' title='bbox 876 3290 1036 3347; x_wconf 90' lang='lat' dir='ltr'><strong>Patre</strong></span> <span class='ocrx_word' id='word_1_529' title='bbox 1063 3291 1237 3347; x_wconf 88' lang='lat' dir='ltr'><strong>Filius</strong></span> <span class='ocrx_word' id='word_1_530' title='bbox 1276 3291 1617 3347; x_wconf 86' lang='lat' dir='ltr'><strong>mitteretur?</strong></span> <span class='ocrx_word' id='word_1_531' title='bbox 1654 3290 1721 3345; x_wconf 90' lang='lat' dir='ltr'><strong>Et</strong></span> <span class='ocrx_word' id='word_1_532' title='bbox 1755 3288 2001 3344; x_wconf 91' lang='lat' dir='ltr'><strong>Paulus:</strong></span> 
     </span>
    </p>
   </div>
   <div class='ocr_carea' id='block_1_62' title="bbox 427 3382 2003 3455">
    <p class='ocr_par' dir='ltr' id='par_1_62' title="bbox 427 3382 2003 3455">
     <span class='ocr_line' id='line_1_62' title="bbox 427 3382 2003 3455; baseline -0.001 -18"><span class='ocrx_word' id='word_1_533' title='bbox 427 3402 447 3437; x_wconf 74' lang='grc' dir='ltr'>ι</span> <span class='ocrx_word' id='word_1_534' title='bbox 477 3382 863 3452; x_wconf 82' lang='lat' dir='ltr'><strong>Renovamini,</strong></span> <span class='ocrx_word' id='word_1_535' title='bbox 893 3384 1088 3454; x_wconf 89' lang='lat' dir='ltr'><strong>inquit,</strong></span> <span class='ocrx_word' id='word_1_536' title='bbox 1112 3384 1310 3455; x_wconf 91' lang='lat' dir='ltr'><strong>spiritu</strong></span> <span class='ocrx_word' id='word_1_537' title='bbox 1344 3386 1544 3440; x_wconf 89' lang='lat' dir='ltr'><strong>mentis</strong></span> <span class='ocrx_word' id='word_1_538' title='bbox 1574 3394 1789 3450; x_wconf 65' lang='lat' dir='ltr'><strong>vestrae,</strong></span> <span class='ocrx_word' id='word_1_539' title='bbox 1826 3391 1881 3438; x_wconf 93' lang='lat' dir='ltr'><strong>et</strong></span> <span class='ocrx_word' id='word_1_540' title='bbox 1916 3383 2003 3436; x_wconf 91' lang='lat' dir='ltr'><strong>in-</strong></span> 
     </span>
    </p>
   </div>
   <div class='ocr_carea' id='block_1_63' title="bbox 419 3475 2006 3547">
    <p class='ocr_par' dir='ltr' id='par_1_63' title="bbox 419 3475 2006 3547">
     <span class='ocr_line' id='line_1_63' title="bbox 419 3475 2006 3547; baseline -0.002 -15"><span class='ocrx_word' id='word_1_541' title='bbox 419 3476 571 3533; x_wconf 85' lang='lat' dir='ltr'><strong>duite</strong></span> <span class='ocrx_word' id='word_1_542' title='bbox 600 3494 803 3533; x_wconf 93' lang='lat' dir='ltr'><strong>novum</strong></span> <span class='ocrx_word' id='word_1_543' title='bbox 836 3478 1139 3542; x_wconf 91' lang='lat' dir='ltr'><strong>hominem,</strong></span> <span class='ocrx_word' id='word_1_544' title='bbox 1169 3477 1263 3547; x_wconf 93' lang='lat' dir='ltr'><strong>qui</strong></span> <span class='ocrx_word' id='word_1_545' title='bbox 1304 3478 1603 3533; x_wconf 89' lang='lat' dir='ltr'><strong>secundum</strong></span> <span class='ocrx_word' id='word_1_546' title='bbox 1636 3475 1807 3530; x_wconf 90' lang='lat' dir='ltr'><strong>Deum</strong></span> <span class='ocrx_word' id='word_1_547' title='bbox 1852 3490 2006 3530; x_wconf 92' lang='lat' dir='ltr'><strong>erea-</strong></span> 
     </span>
    </p>
   </div>
   <div class='ocr_carea' id='block_1_64' title="bbox 421 3564 2005 3640">
    <p class='ocr_par' dir='ltr' id='par_1_64' title="bbox 421 3564 2005 3640">
     <span class='ocr_line' id='line_1_64' title="bbox 421 3564 2005 3640; baseline -0.003 -15"><span class='ocrx_word' id='word_1_548' title='bbox 421 3579 512 3626; x_wconf 84' lang='lat' dir='ltr'><strong>tus</strong></span> <span class='ocrx_word' id='word_1_549' title='bbox 533 3579 618 3626; x_wconf 90' lang='lat' dir='ltr'><strong>est</strong></span> <span class='ocrx_word' id='word_1_550' title='bbox 648 3569 702 3624; x_wconf 93' lang='lat' dir='ltr'><strong>in</strong></span> <span class='ocrx_word' id='word_1_551' title='bbox 724 3570 941 3640; x_wconf 86' lang='lat' dir='ltr'><strong>justitia</strong></span> <span class='ocrx_word' id='word_1_552' title='bbox 977 3578 1032 3625; x_wconf 92' lang='lat' dir='ltr'><strong>et</strong></span> <span class='ocrx_word' id='word_1_553' title='bbox 1068 3571 1359 3625; x_wconf 85' lang='lat' dir='ltr'><strong>sanctitate</strong></span> <span class='ocrx_word' id='word_1_554' title='bbox 1379 3569 1623 3624; x_wconf 86' lang='lat' dir='ltr'><strong>veritatis</strong></span> <span class='ocrx_word' id='word_1_555' title='bbox 1652 3567 1719 3621; x_wconf 78' lang='grc'><strong>³⁸.</strong></span> <span class='ocrx_word' id='word_1_556' title='bbox 1760 3585 1779 3619; x_wconf 77' lang='grc' dir='ltr'><strong><em>ι</em></strong></span> <span class='ocrx_word' id='word_1_557' title='bbox 1824 3564 1891 3621; x_wconf 87' lang='grc' dir='ltr'><strong>Ει</strong></span> <span class='ocrx_word' id='word_1_558' title='bbox 1936 3566 2005 3620; x_wconf 87' lang='lat' dir='ltr'><strong>ad</strong></span> 
     </span>
    </p>
   </div>
   <div class='ocr_carea' id='block_1_65' title="bbox 416 3658 2007 3738">
    <p class='ocr_par' dir='ltr' id='par_1_65' title="bbox 416 3658 2007 3738">
     <span class='ocr_line' id='line_1_65' title="bbox 416 3658 2007 3738; baseline -0.006 -19"><span class='ocrx_word' id='word_1_559' title='bbox 416 3663 678 3721; x_wconf 64' lang='lat' dir='ltr'><strong>Hebraeos</strong></span> <span class='ocrx_word' id='word_1_560' title='bbox 710 3683 723 3719; x_wconf 90' lang='lat'><strong>:</strong></span> <span class='ocrx_word' id='word_1_561' title='bbox 760 3683 779 3716; x_wconf 84' lang='grc'>‹</span> <span class='ocrx_word' id='word_1_562' title='bbox 818 3663 876 3717; x_wconf 82' lang='grc' dir='ltr'><strong>1η</strong></span> <span class='ocrx_word' id='word_1_563' title='bbox 920 3676 988 3718; x_wconf 90' lang='lat' dir='ltr'><strong>eo</strong></span> <span class='ocrx_word' id='word_1_564' title='bbox 1019 3662 1189 3727; x_wconf 89' lang='lat' dir='ltr'><strong>enim,</strong></span> <span class='ocrx_word' id='word_1_565' title='bbox 1221 3662 1276 3715; x_wconf 93' lang='lat' dir='ltr'><strong>in</strong></span> <span class='ocrx_word' id='word_1_566' title='bbox 1314 3676 1426 3732; x_wconf 85' lang='lat' dir='ltr'><strong>quo</strong></span> <span class='ocrx_word' id='word_1_567' title='bbox 1469 3675 1664 3738; x_wconf 75' lang='lat' dir='ltr'><strong>passus</strong></span> <span class='ocrx_word' id='word_1_568' title='bbox 1692 3667 1776 3714; x_wconf 90' lang='lat' dir='ltr'><strong>est</strong></span> <span class='ocrx_word' id='word_1_569' title='bbox 1806 3658 1922 3728; x_wconf 91' lang='lat' dir='ltr'><strong>ipse</strong></span> <span class='ocrx_word' id='word_1_570' title='bbox 1952 3664 2007 3710; x_wconf 91' lang='lat' dir='ltr'><strong>et</strong></span> 
     </span>
    </p>
   </div>
   <div class='ocr_carea' id='block_1_66' title="bbox 420 3753 2007 3830">
    <p class='ocr_par' dir='ltr' id='par_1_66' title="bbox 420 3753 2007 3830">
     <span class='ocr_line' id='line_1_66' title="bbox 420 3753 2007 3830; baseline -0.005 -15"><span class='ocrx_word' id='word_1_571' title='bbox 420 3769 663 3815; x_wconf 83' lang='lat' dir='ltr'><strong>tentatus</strong></span> <span class='ocrx_word' id='word_1_572' title='bbox 692 3768 799 3826; x_wconf 90' lang='lat' dir='ltr'><strong>est,</strong></span> <span class='ocrx_word' id='word_1_573' title='bbox 831 3768 1023 3830; x_wconf 85' lang='lat' dir='ltr'><strong>potens</strong></span> <span class='ocrx_word' id='word_1_574' title='bbox 1048 3766 1133 3816; x_wconf 89' lang='lat' dir='ltr'><strong>est</strong></span> <span class='ocrx_word' id='word_1_575' title='bbox 1159 3765 1215 3811; x_wconf 91' lang='lat' dir='ltr'><strong>et</strong></span> <span class='ocrx_word' id='word_1_576' title='bbox 1249 3755 1351 3822; x_wconf 90' lang='lat' dir='ltr'><strong>eis,</strong></span> <span class='ocrx_word' id='word_1_577' title='bbox 1381 3756 1475 3825; x_wconf 93' lang='lat' dir='ltr'><strong>qui</strong></span> <span class='ocrx_word' id='word_1_578' title='bbox 1518 3761 1815 3819; x_wconf 90' lang='lat' dir='ltr'><strong>tentantur,</strong></span> <span class='ocrx_word' id='word_1_579' title='bbox 1849 3753 2007 3807; x_wconf 79' lang='lat' dir='ltr'><strong>auxi-</strong></span> 
     </span>
    </p>
   </div>
   <div class='ocr_carea' id='block_1_67' title="bbox 422 3848 2006 3919">
    <p class='ocr_par' dir='ltr' id='par_1_67' title="bbox 422 3848 2006 3919">
     <span class='ocr_line' id='line_1_67' title="bbox 422 3848 2006 3919; baseline -0.004 -12"><span class='ocrx_word' id='word_1_580' title='bbox 422 3851 543 3908; x_wconf 66' lang='lat' dir='ltr'><strong>liari</strong></span> <span class='ocrx_word' id='word_1_581' title='bbox 571 3852 637 3907; x_wconf 92' lang='grc'><strong>³⁷.</strong></span> <span class='ocrx_word' id='word_1_582' title='bbox 670 3872 689 3905; x_wconf 73' lang='grc' dir='ltr'><strong>ι</strong></span> <span class='ocrx_word' id='word_1_583' title='bbox 730 3851 905 3919; x_wconf 91' lang='lat' dir='ltr'><strong>Unde,</strong></span> <span class='ocrx_word' id='word_1_584' title='bbox 961 3852 1159 3907; x_wconf 89' lang='lat' dir='ltr'><strong>fratres</strong></span> <span class='ocrx_word' id='word_1_585' title='bbox 1200 3849 1401 3914; x_wconf 88' lang='lat' dir='ltr'><strong>sancti,</strong></span> <span class='ocrx_word' id='word_1_586' title='bbox 1446 3848 1749 3903; x_wconf 87' lang='lat' dir='ltr'><strong>vocationis</strong></span> <span class='ocrx_word' id='word_1_587' title='bbox 1792 3862 2006 3917; x_wconf 89' lang='lat' dir='ltr'><strong>semper</strong></span> 
     </span>
    </p>
   </div>
   <div class='ocr_carea' id='block_1_68' title="bbox 422 3937 2006 4014">
    <p class='ocr_par' dir='ltr' id='par_1_68' title="bbox 422 3937 2006 4014">
     <span class='ocr_line' id='line_1_68' title="bbox 422 3937 2006 4014; baseline -0.004 -16"><span class='ocrx_word' id='word_1_588' title='bbox 422 3944 663 4000; x_wconf 67' lang='lat' dir='ltr'><strong>caelestis</strong></span> <span class='ocrx_word' id='word_1_589' title='bbox 686 3945 1001 4014; x_wconf 85' lang='lat' dir='ltr'><strong>participes,</strong></span> <span class='ocrx_word' id='word_1_590' title='bbox 1020 3941 1369 3999; x_wconf 83' lang='lat' dir='ltr'><strong>considerate</strong></span> <span class='ocrx_word' id='word_1_591' title='bbox 1392 3939 1714 4011; x_wconf 85' lang='lat' dir='ltr'><strong>Apostolum</strong></span> <span class='ocrx_word' id='word_1_592' title='bbox 1745 3947 1799 3993; x_wconf 92' lang='lat' dir='ltr'><strong>et</strong></span> <span class='ocrx_word' id='word_1_593' title='bbox 1818 3937 2006 3993; x_wconf 89' lang='lat' dir='ltr'><strong>Ponti-</strong></span> 
     </span>
    </p>
   </div>
   <div class='ocr_carea' id='block_1_69' title="bbox 420 4029 2005 4101">
    <p class='ocr_par' dir='ltr' id='par_1_69' title="bbox 420 4029 2005 4101">
     <span class='ocr_line' id='line_1_69' title="bbox 420 4029 2005 4101; baseline -0.002 -11"><span class='ocrx_word' id='word_1_594' title='bbox 420 4035 578 4091; x_wconf 78' lang='lat' dir='ltr'><strong>ﬁcem</strong></span> <span class='ocrx_word' id='word_1_595' title='bbox 604 4036 968 4092; x_wconf 85' lang='lat' dir='ltr'><strong>confessionis</strong></span> <span class='ocrx_word' id='word_1_596' title='bbox 1000 4044 1219 4101; x_wconf 69' lang='lat' dir='ltr'><strong>nostrae,</strong></span> <span class='ocrx_word' id='word_1_597' title='bbox 1248 4029 1463 4101; x_wconf 80' lang='lat' dir='ltr'><strong>Jesnm,</strong></span> <span class='ocrx_word' id='word_1_598' title='bbox 1492 4033 1703 4088; x_wconf 83' lang='lat' dir='ltr'><strong>fidelem</strong></span> <span class='ocrx_word' id='word_1_599' title='bbox 1735 4033 2005 4089; x_wconf 82' lang='lat' dir='ltr'><strong>exsisten-</strong></span> 
     </span>
    </p>
   </div>
   <div class='ocr_carea' id='block_1_70' title="bbox 420 4122 2006 4200">
    <p class='ocr_par' dir='ltr' id='par_1_70' title="bbox 420 4122 2006 4200">
     <span class='ocr_line' id='line_1_70' title="bbox 420 4122 2006 4200; baseline -0.007 -10"><span class='ocrx_word' id='word_1_600' title='bbox 420 4141 531 4190; x_wconf 79' lang='lat' dir='ltr'><strong>tem</strong></span> <span class='ocrx_word' id='word_1_601' title='bbox 557 4132 607 4188; x_wconf 92' lang='lat' dir='ltr'><strong>ei</strong></span> <span class='ocrx_word' id='word_1_602' title='bbox 637 4130 730 4200; x_wconf 91' lang='lat' dir='ltr'><strong>qui</strong></span> <span class='ocrx_word' id='word_1_603' title='bbox 761 4129 977 4185; x_wconf 88' lang='lat' dir='ltr'><strong>vocavit</strong></span> <span class='ocrx_word' id='word_1_604' title='bbox 1004 4144 1151 4182; x_wconf 90' lang='lat' dir='ltr'><strong>eum.</strong></span> <span class='ocrx_word' id='word_1_605' title='bbox 1176 4124 1242 4180; x_wconf 87' lang='lat' dir='ltr'><strong>Et</strong></span> <span class='ocrx_word' id='word_1_606' title='bbox 1268 4124 1335 4179; x_wconf 85' lang='lat' dir='ltr'><strong>ad</strong></span> <span class='ocrx_word' id='word_1_607' title='bbox 1359 4125 1716 4180; x_wconf 86' lang='lat' dir='ltr'><strong>Colossenses</strong></span> <span class='ocrx_word' id='word_1_608' title='bbox 1748 4142 1762 4179; x_wconf 87' lang='lat'><strong>:</strong></span> <span class='ocrx_word' id='word_1_609' title='bbox 1792 4143 1813 4176; x_wconf 71' lang='grc' dir='ltr'>ι</span> <span class='ocrx_word' id='word_1_610' title='bbox 1849 4122 2006 4179; x_wconf 89' lang='lat' dir='ltr'><strong>Nunc</strong></span> 
     </span>
    </p>
   </div>
   <div class='ocr_carea' id='block_1_71' title="bbox 420 4218 2004 4294">
    <p class='ocr_par' dir='ltr' id='par_1_71' title="bbox 420 4218 2004 4294">
     <span class='ocr_line' id='line_1_71' title="bbox 420 4218 2004 4294; baseline -0.006 -12"><span class='ocrx_word' id='word_1_611' title='bbox 420 4237 603 4283; x_wconf 85' lang='lat' dir='ltr'><strong>autem</strong></span> <span class='ocrx_word' id='word_1_612' title='bbox 630 4225 887 4294; x_wconf 89' lang='lat' dir='ltr'><strong>deponite</strong></span> <span class='ocrx_word' id='word_1_613' title='bbox 921 4233 975 4277; x_wconf 92' lang='lat' dir='ltr'><strong>et</strong></span> <span class='ocrx_word' id='word_1_614' title='bbox 1017 4238 1117 4277; x_wconf 88' lang='lat' dir='ltr'><strong>vos</strong></span> <span class='ocrx_word' id='word_1_615' title='bbox 1146 4221 1426 4285; x_wconf 88' lang='lat' dir='ltr'><strong>universa,</strong></span> <span class='ocrx_word' id='word_1_616' title='bbox 1470 4218 1631 4287; x_wconf 86' lang='lat' dir='ltr'><strong>iram,</strong></span> <span class='ocrx_word' id='word_1_617' title='bbox 1668 4218 2004 4288; x_wconf 78' lang='lat' dir='ltr'><strong>indignatio-</strong></span> 
     </span>
    </p>
   </div>
   <div class='ocr_carea' id='block_1_72' title="bbox 421 4310 2003 4385">
    <p class='ocr_par' dir='ltr' id='par_1_72' title="bbox 421 4310 2003 4385">
     <span class='ocr_line' id='line_1_72' title="bbox 421 4310 2003 4385; baseline -0.006 -11"><span class='ocrx_word' id='word_1_618' title='bbox 421 4334 569 4385; x_wconf 89' lang='lat' dir='ltr'><strong>nem,</strong></span> <span class='ocrx_word' id='word_1_619' title='bbox 613 4317 903 4383; x_wconf 89' lang='lat' dir='ltr'><strong>malitiam,</strong></span> <span class='ocrx_word' id='word_1_620' title='bbox 939 4314 1360 4385; x_wconf 86' lang='lat' dir='ltr'><strong>blasphemiam,</strong></span> <span class='ocrx_word' id='word_1_621' title='bbox 1405 4311 1694 4381; x_wconf 89' lang='lat' dir='ltr'><strong>turpiaque</strong></span> <span class='ocrx_word' id='word_1_622' title='bbox 1742 4310 1905 4365; x_wconf 87' lang='lat' dir='ltr'><strong>verha</strong></span> <span class='ocrx_word' id='word_1_623' title='bbox 1936 4324 2003 4364; x_wconf 79' lang='lat' dir='ltr'><strong>ex</strong></span> 
     </span>
    </p>
   </div>
   <div class='ocr_carea' id='block_1_73' title="bbox 419 4400 2000 4477">
    <p class='ocr_par' dir='ltr' id='par_1_73' title="bbox 419 4400 2000 4477">
     <span class='ocr_line' id='line_1_73' title="bbox 419 4400 2000 4477; baseline -0.008 -11"><span class='ocrx_word' id='word_1_624' title='bbox 419 4426 518 4467; x_wconf 92' lang='lat' dir='ltr'><strong>ore</strong></span> <span class='ocrx_word' id='word_1_625' title='bbox 543 4419 725 4466; x_wconf 87' lang='lat' dir='ltr'><strong>vestro</strong></span> <span class='ocrx_word' id='word_1_626' title='bbox 761 4424 871 4463; x_wconf 92' lang='lat' dir='ltr'><strong>non</strong></span> <span class='ocrx_word' id='word_1_627' title='bbox 900 4405 1217 4477; x_wconf 85' lang='lat' dir='ltr'><strong>procedant.</strong></span> <span class='ocrx_word' id='word_1_628' title='bbox 1255 4402 1434 4459; x_wconf 88' lang='lat' dir='ltr'><strong>Nolite</strong></span> <span class='ocrx_word' id='word_1_629' title='bbox 1479 4400 1699 4457; x_wconf 90' lang='lat' dir='ltr'><strong>mentiri</strong></span> <span class='ocrx_word' id='word_1_630' title='bbox 1744 4400 2000 4463; x_wconf 86' lang='lat' dir='ltr'><strong>invicem,</strong></span> 
     </span>
    </p>
   </div>
   <div class='ocr_carea' id='block_1_74' title="bbox 418 4489 2001 4570">
    <p class='ocr_par' dir='ltr' id='par_1_74' title="bbox 418 4489 2001 4570">
     <span class='ocr_line' id='line_1_74' title="bbox 418 4489 2001 4570; baseline -0.007 -17"><span class='ocrx_word' id='word_1_631' title='bbox 418 4500 792 4570; x_wconf 75' lang='lat' dir='ltr'><strong>exspoliantes</strong></span> <span class='ocrx_word' id='word_1_632' title='bbox 838 4512 937 4552; x_wconf 91' lang='lat' dir='ltr'><strong>vos</strong></span> <span class='ocrx_word' id='word_1_633' title='bbox 996 4507 1235 4551; x_wconf 86' lang='lat' dir='ltr'><strong>veterem</strong></span> <span class='ocrx_word' id='word_1_634' title='bbox 1286 4492 1565 4548; x_wconf 87' lang='lat' dir='ltr'><strong>hominem</strong></span> <span class='ocrx_word' id='word_1_635' title='bbox 1606 4506 1731 4545; x_wconf 91' lang='lat' dir='ltr'><strong>cum</strong></span> <span class='ocrx_word' id='word_1_636' title='bbox 1786 4489 2001 4570; x_wconf 81' lang='lat' dir='ltr'><strong>actibus</strong></span> 
     </span>
    </p>
   </div>
   <div class='ocr_carea' id='block_1_75' title="bbox 421 4568 1998 4656">
    <p class='ocr_par' dir='ltr' id='par_1_75' title="bbox 421 4568 1998 4656">
     <span class='ocr_line' id='line_1_75' title="bbox 421 4568 1998 4656; baseline -0.01 -9"><span class='ocrx_word' id='word_1_637' title='bbox 421 4568 570 4656; x_wconf 84' lang='lat' dir='ltr'><strong>suis,</strong></span> <span class='ocrx_word' id='word_1_638' title='bbox 610 4598 665 4645; x_wconf 90' lang='lat' dir='ltr'><strong>et</strong></span> <span class='ocrx_word' id='word_1_639' title='bbox 693 4589 903 4644; x_wconf 86' lang='lat' dir='ltr'><strong>induite</strong></span> <span class='ocrx_word' id='word_1_640' title='bbox 931 4601 1156 4651; x_wconf 86' lang='lat' dir='ltr'><strong>novum,</strong></span> <span class='ocrx_word' id='word_1_641' title='bbox 1193 4585 1288 4656; x_wconf 90' lang='lat' dir='ltr'><strong>qui</strong></span> <span class='ocrx_word' id='word_1_642' title='bbox 1328 4589 1625 4639; x_wconf 87' lang='lat' dir='ltr'><strong>renovatur</strong></span> <span class='ocrx_word' id='word_1_643' title='bbox 1663 4582 1719 4635; x_wconf 91' lang='lat' dir='ltr'><strong>in</strong></span> <span class='ocrx_word' id='word_1_644' title='bbox 1763 4568 1998 4650; x_wconf 50' lang='lat' dir='ltr'><strong>agnitio;</strong></span> 
     </span>
    </p>
   </div>
   <div class='ocr_carea' id='block_1_76' title="bbox 417 4671 1993 4750">
    <p class='ocr_par' dir='ltr' id='par_1_76' title="bbox 417 4671 1993 4750">
     <span class='ocr_line' id='line_1_76' title="bbox 417 4671 1993 4750; baseline -0.01 -11"><span class='ocrx_word' id='word_1_645' title='bbox 417 4699 547 4739; x_wconf 86' lang='lat' dir='ltr'><strong>nem</strong></span> <span class='ocrx_word' id='word_1_646' title='bbox 571 4682 871 4739; x_wconf 87' lang='lat' dir='ltr'><strong>secundum</strong></span> <span class='ocrx_word' id='word_1_647' title='bbox 904 4681 1201 4750; x_wconf 80' lang='lat' dir='ltr'><strong>imaginem</strong></span> <span class='ocrx_word' id='word_1_648' title='bbox 1230 4678 1350 4747; x_wconf 88' lang='lat' dir='ltr'><strong>ejus</strong></span> <span class='ocrx_word' id='word_1_649' title='bbox 1374 4676 1469 4747; x_wconf 89' lang='lat' dir='ltr'><strong>qni</strong></span> <span class='ocrx_word' id='word_1_650' title='bbox 1498 4674 1701 4730; x_wconf 87' lang='lat' dir='ltr'><strong>creavit</strong></span> <span class='ocrx_word' id='word_1_651' title='bbox 1728 4688 1854 4727; x_wconf 89' lang='lat' dir='ltr'><strong>eum</strong></span> <span class='ocrx_word' id='word_1_652' title='bbox 1875 4671 1939 4725; x_wconf 85' lang='grc'><strong>³⁸.</strong></span> <span class='ocrx_word' id='word_1_653' title='bbox 1975 4688 1993 4722; x_wconf 75' lang='grc' dir='ltr'><strong><em>ι</em></strong></span> 
     </span>
    </p>
   </div>
   <div class='ocr_carea' id='block_1_77' title="bbox 421 4763 2000 4845">
    <p class='ocr_par' dir='ltr' id='par_1_77' title="bbox 421 4763 2000 4845">
     <span class='ocr_line' id='line_1_77' title="bbox 421 4763 2000 4845; baseline -0.009 -16"><span class='ocrx_word' id='word_1_654' title='bbox 421 4773 683 4845; x_wconf 82' lang='lat' dir='ltr'><strong>Nunquid</strong></span> <span class='ocrx_word' id='word_1_655' title='bbox 726 4775 776 4829; x_wconf 89' lang='lat' dir='ltr'><strong>is</strong></span> <span class='ocrx_word' id='word_1_656' title='bbox 809 4774 905 4843; x_wconf 91' lang='lat' dir='ltr'><strong>qui</strong></span> <span class='ocrx_word' id='word_1_657' title='bbox 946 4774 1259 4826; x_wconf 88' lang='lat' dir='ltr'><strong>universam</strong></span> <span class='ocrx_word' id='word_1_658' title='bbox 1309 4777 1640 4832; x_wconf 88' lang='lat' dir='ltr'><strong>creaturam,</strong></span> <span class='ocrx_word' id='word_1_659' title='bbox 1669 4763 1906 4819; x_wconf 89' lang='lat' dir='ltr'><strong>visibilia</strong></span> <span class='ocrx_word' id='word_1_660' title='bbox 1948 4770 2000 4815; x_wconf 87' lang='lat' dir='ltr'><strong>et</strong></span> 
     </span>
    </p>
   </div>
   <div class='ocr_carea' id='block_1_78' title="bbox 419 4855 2003 4935">
    <p class='ocr_par' dir='ltr' id='par_1_78' title="bbox 419 4855 2003 4935">
     <span class='ocr_line' id='line_1_78' title="bbox 419 4855 2003 4935; baseline -0.01 -13"><span class='ocrx_word' id='word_1_661' title='bbox 419 4866 717 4922; x_wconf 87' lang='lat' dir='ltr'><strong>invisibilia</strong></span> <span class='ocrx_word' id='word_1_662' title='bbox 764 4865 999 4935; x_wconf 74' lang='lat' dir='ltr'><strong>propriae</strong></span> <span class='ocrx_word' id='word_1_663' title='bbox 1048 4862 1337 4935; x_wconf 82' lang='lat' dir='ltr'><strong>potestatis</strong></span> <span class='ocrx_word' id='word_1_664' title='bbox 1372 4861 1576 4915; x_wconf 89' lang='lat' dir='ltr'><strong>virtute</strong></span> <span class='ocrx_word' id='word_1_665' title='bbox 1609 4855 1917 4927; x_wconf 88' lang='lat' dir='ltr'><strong>procreavit</strong></span> <span class='ocrx_word' id='word_1_666' title='bbox 1938 4867 2003 4907; x_wconf 91' lang='lat' dir='ltr'><strong>ac</strong></span> 
     </span>
    </p>
   </div>
   <div class='ocr_carea' id='block_1_79' title="bbox 420 4948 2001 5029">
    <p class='ocr_par' dir='ltr' id='par_1_79' title="bbox 420 4948 2001 5029">
     <span class='ocr_line' id='line_1_79' title="bbox 420 4948 2001 5029; baseline -0.011 -13"><span class='ocrx_word' id='word_1_667' title='bbox 420 4959 570 5025; x_wconf 81' lang='lat' dir='ltr'><strong>fecit,</strong></span> <span class='ocrx_word' id='word_1_668' title='bbox 595 4960 839 5029; x_wconf 86' lang='lat' dir='ltr'><strong>seipsum</strong></span> <span class='ocrx_word' id='word_1_669' title='bbox 871 4966 1032 5013; x_wconf 90' lang='lat' dir='ltr'><strong>antea</strong></span> <span class='ocrx_word' id='word_1_670' title='bbox 1077 4966 1173 5011; x_wconf 90' lang='lat' dir='ltr'><strong>aut</strong></span> <span class='ocrx_word' id='word_1_671' title='bbox 1212 4954 1587 5025; x_wconf 88' lang='lat' dir='ltr'><strong>postmodum,</strong></span> <span class='ocrx_word' id='word_1_672' title='bbox 1635 4950 1781 5021; x_wconf 89' lang='lat' dir='ltr'><strong>quod</strong></span> <span class='ocrx_word' id='word_1_673' title='bbox 1819 4948 2001 5002; x_wconf 91' lang='lat' dir='ltr'><strong>dicere</strong></span> 
     </span>
    </p>
   </div>
   <div class='ocr_carea' id='block_1_80' title="bbox 419 5042 1997 5123">
    <p class='ocr_par' dir='ltr' id='par_1_80' title="bbox 419 5042 1997 5123">
     <span class='ocr_line' id='line_1_80' title="bbox 419 5042 1997 5123; baseline -0.011 -11"><span class='ocrx_word' id='word_1_674' title='bbox 419 5056 578 5113; x_wconf 88' lang='lat' dir='ltr'><strong>nefas</strong></span> <span class='ocrx_word' id='word_1_675' title='bbox 602 5065 708 5123; x_wconf 91' lang='lat' dir='ltr'><strong>est,</strong></span> <span class='ocrx_word' id='word_1_676' title='bbox 738 5054 962 5121; x_wconf 89' lang='lat' dir='ltr'><strong>creavit,</strong></span> <span class='ocrx_word' id='word_1_677' title='bbox 995 5052 1081 5107; x_wconf 85' lang='lat' dir='ltr'><strong>vel</strong></span> <span class='ocrx_word' id='word_1_678' title='bbox 1112 5051 1293 5108; x_wconf 89' lang='lat' dir='ltr'><strong>facere</strong></span> <span class='ocrx_word' id='word_1_679' title='bbox 1315 5048 1531 5121; x_wconf 84' lang='lat' dir='ltr'><strong>potuit?</strong></span> <span class='ocrx_word' id='word_1_680' title='bbox 1561 5046 1627 5102; x_wconf 87' lang='lat' dir='ltr'><strong>Et</strong></span> <span class='ocrx_word' id='word_1_681' title='bbox 1649 5046 1914 5101; x_wconf 89' lang='lat' dir='ltr'><strong>Dominus</strong></span> <span class='ocrx_word' id='word_1_682' title='bbox 1944 5042 1997 5095; x_wconf 89' lang='lat' dir='ltr'><strong>in</strong></span> 
     </span>
    </p>
   </div>
   <div class='ocr_carea' id='block_1_81' title="bbox 2842 3332 2930 3387">
    <p class='ocr_par' dir='ltr' id='par_1_81' title="bbox 2842 3332 2930 3387">
     <span class='ocr_line' id='line_1_81' title="bbox 2842 3332 2930 3387; baseline 0 0"><span class='ocrx_word' id='word_1_683' title='bbox 2842 3332 2930 3387; x_wconf 82' lang='lat' dir='ltr'><strong>Ill.</strong></span> 
     </span>
    </p>
   </div>
   <div class='ocr_carea' id='block_1_82' title="bbox 2460 3424 3332 3496">
    <p class='ocr_par' dir='ltr' id='par_1_82' title="bbox 2460 3424 3332 3496">
     <span class='ocr_line' id='line_1_82' title="bbox 2460 3424 3332 3496; baseline 0.003 -17"><span class='ocrx_word' id='word_1_684' title='bbox 2460 3425 2534 3479; x_wconf 82' lang='lat' dir='ltr'><strong>De</strong></span> <span class='ocrx_word' id='word_1_685' title='bbox 2560 3424 3017 3479; x_wconf 77' lang='lat' dir='ltr'><strong>criminationibus</strong></span> <span class='ocrx_word' id='word_1_686' title='bbox 3044 3428 3332 3496; x_wconf 75' lang='lat' dir='ltr'><strong>majorum.</strong></span> 
     </span>
    </p>
   </div>
   <div class='ocr_carea' id='block_1_83' title="bbox 2181 3516 3687 3587">
    <p class='ocr_par' dir='ltr' id='par_1_83' title="bbox 2181 3516 3687 3587">
     <span class='ocr_line' id='line_1_83' title="bbox 2181 3516 3687 3587; baseline 0.004 -16"><span class='ocrx_word' id='word_1_687' title='bbox 2181 3518 2226 3550; x_wconf 79' lang='lat'><strong>&quot;</strong></span> <span class='ocrx_word' id='word_1_688' title='bbox 2256 3516 2685 3573; x_wconf 88' lang='lat' dir='ltr'><strong>Criminationes</strong></span> <span class='ocrx_word' id='word_1_689' title='bbox 2736 3516 3010 3586; x_wconf 88' lang='lat' dir='ltr'><strong>majorum</strong></span> <span class='ocrx_word' id='word_1_690' title='bbox 3055 3526 3189 3571; x_wconf 88' lang='lat' dir='ltr'><strong>natu</strong></span> <span class='ocrx_word' id='word_1_691' title='bbox 3243 3533 3341 3587; x_wconf 90' lang='lat' dir='ltr'><strong>per</strong></span> <span class='ocrx_word' id='word_1_692' title='bbox 3380 3518 3518 3575; x_wconf 88' lang='lat' dir='ltr'><strong>alios</strong></span> <span class='ocrx_word' id='word_1_693' title='bbox 3576 3536 3687 3577; x_wconf 84' lang='lat' dir='ltr'><strong>non</strong></span> 
     </span>
    </p>
   </div>
   <div class='ocr_carea' id='block_1_84' title="bbox 2107 3607 3662 3678">
    <p class='ocr_par' dir='ltr' id='par_1_84' title="bbox 2107 3607 3662 3678">
     <span class='ocr_line' id='line_1_84' title="bbox 2107 3607 3662 3678; baseline 0.002 -15"><span class='ocrx_word' id='word_1_694' title='bbox 2107 3608 2262 3676; x_wconf 84' lang='lat' dir='ltr'><strong>ﬁant,</strong></span> <span class='ocrx_word' id='word_1_695' title='bbox 2294 3608 2401 3662; x_wconf 91' lang='lat' dir='ltr'><strong>nisi</strong></span> <span class='ocrx_word' id='word_1_696' title='bbox 2429 3623 2527 3678; x_wconf 91' lang='lat' dir='ltr'><strong>per</strong></span> <span class='ocrx_word' id='word_1_697' title='bbox 2556 3608 2710 3677; x_wconf 92' lang='lat' dir='ltr'><strong>ipsos</strong></span> <span class='ocrx_word' id='word_1_698' title='bbox 2740 3607 2833 3677; x_wconf 92' lang='lat' dir='ltr'><strong>qui</strong></span> <span class='ocrx_word' id='word_1_699' title='bbox 2869 3608 3098 3662; x_wconf 85' lang='lat' dir='ltr'><strong>crimina</strong></span> <span class='ocrx_word' id='word_1_700' title='bbox 3123 3608 3430 3675; x_wconf 82' lang='lat' dir='ltr'><strong>intendunt,</strong></span> <span class='ocrx_word' id='word_1_701' title='bbox 3457 3610 3504 3642; x_wconf 87' lang='grc'><strong><em>⁸³</em></strong></span> <span class='ocrx_word' id='word_1_702' title='bbox 3533 3610 3580 3665; x_wconf 91' lang='lat' dir='ltr'><strong>si</strong></span> <span class='ocrx_word' id='word_1_703' title='bbox 3605 3619 3662 3667; x_wconf 84' lang='lat' dir='ltr'><strong>ta</strong></span> 
     </span>
    </p>
   </div>
   <div class='ocr_carea' id='block_1_85' title="bbox 2109 3699 3688 3770">
    <p class='ocr_par' dir='ltr' id='par_1_85' title="bbox 2109 3699 3688 3770">
     <span class='ocr_line' id='line_1_85' title="bbox 2109 3699 3688 3770; baseline 0.003 -16"><span class='ocrx_word' id='word_1_704' title='bbox 2109 3717 2232 3755; x_wconf 83' lang='lat' dir='ltr'><strong>men</strong></span> <span class='ocrx_word' id='word_1_705' title='bbox 2264 3700 2367 3770; x_wconf 91' lang='lat' dir='ltr'><strong>ipsi</strong></span> <span class='ocrx_word' id='word_1_706' title='bbox 2391 3699 2540 3769; x_wconf 76' lang='lat' dir='ltr'><strong>digni</strong></span> <span class='ocrx_word' id='word_1_707' title='bbox 2569 3708 2623 3754; x_wconf 91' lang='lat' dir='ltr'><strong>et</strong></span> <span class='ocrx_word' id='word_1_708' title='bbox 2662 3699 3175 3767; x_wconf 89' lang='lat' dir='ltr'><strong>irreprehensibiles</strong></span> <span class='ocrx_word' id='word_1_709' title='bbox 3204 3702 3600 3770; x_wconf 78' lang='lat' dir='ltr'><strong>apparuerint,</strong></span> <span class='ocrx_word' id='word_1_710' title='bbox 3630 3714 3688 3760; x_wconf 77' lang='lat' dir='ltr'><strong>et</strong></span> 
     </span>
    </p>
   </div>
   <div class='ocr_carea' id='block_1_86' title="bbox 2111 3790 3687 3862">
    <p class='ocr_par' dir='ltr' id='par_1_86' title="bbox 2111 3790 3687 3862">
     <span class='ocr_line' id='line_1_86' title="bbox 2111 3790 3687 3862; baseline 0.001 -15"><span class='ocrx_word' id='word_1_711' title='bbox 2111 3793 2248 3847; x_wconf 89' lang='lat' dir='ltr'><strong>actis</strong></span> <span class='ocrx_word' id='word_1_712' title='bbox 2270 3792 2506 3862; x_wconf 90' lang='lat' dir='ltr'><strong>publicis</strong></span> <span class='ocrx_word' id='word_1_713' title='bbox 2533 3790 2825 3846; x_wconf 86' lang='lat' dir='ltr'><strong>docuerint</strong></span> <span class='ocrx_word' id='word_1_714' title='bbox 2858 3791 3008 3845; x_wconf 93' lang='lat' dir='ltr'><strong>omni</strong></span> <span class='ocrx_word' id='word_1_715' title='bbox 3034 3806 3093 3846; x_wconf 88' lang='lat' dir='ltr'><strong>se</strong></span> <span class='ocrx_word' id='word_1_716' title='bbox 3151 3793 3466 3862; x_wconf 83' lang='lat' dir='ltr'><strong>suspicione</strong></span> <span class='ocrx_word' id='word_1_717' title='bbox 3496 3809 3687 3850; x_wconf 89' lang='lat' dir='ltr'><strong>carere</strong></span> 
     </span>
    </p>
   </div>
   <div class='ocr_carea' id='block_1_87' title="bbox 2108 3883 3689 3953">
    <p class='ocr_par' dir='ltr' id='par_1_87' title="bbox 2108 3883 3689 3953">
     <span class='ocr_line' id='line_1_87' title="bbox 2108 3883 3689 3953; baseline 0.001 -14"><span class='ocrx_word' id='word_1_718' title='bbox 2108 3895 2164 3939; x_wconf 92' lang='lat' dir='ltr'><strong>ct</strong></span> <span class='ocrx_word' id='word_1_719' title='bbox 2213 3883 2533 3949; x_wconf 90' lang='lat' dir='ltr'><strong>inimicitia,</strong></span> <span class='ocrx_word' id='word_1_720' title='bbox 2593 3891 2759 3953; x_wconf 89' lang='lat' dir='ltr'><strong>atque</strong></span> <span class='ocrx_word' id='word_1_721' title='bbox 2798 3883 3332 3952; x_wconf 87' lang='lat' dir='ltr'><strong>irreprehensibilem</strong></span> <span class='ocrx_word' id='word_1_722' title='bbox 3382 3885 3541 3940; x_wconf 86' lang='lat' dir='ltr'><strong>ﬁdem</strong></span> <span class='ocrx_word' id='word_1_723' title='bbox 3582 3886 3689 3941; x_wconf 62' lang='lat' dir='ltr'><strong>ha»-</strong></span> 
     </span>
    </p>
   </div>
   <div class='ocr_carea' id='block_1_88' title="bbox 2107 3975 3113 4043">
    <p class='ocr_par' dir='ltr' id='par_1_88' title="bbox 2107 3975 3113 4043">
     <span class='ocr_line' id='line_1_88' title="bbox 2107 3975 3113 4043; baseline -0.004 -10"><span class='ocrx_word' id='word_1_724' title='bbox 2107 3977 2260 4043; x_wconf 89' lang='lat' dir='ltr'><strong>bere,</strong></span> <span class='ocrx_word' id='word_1_725' title='bbox 2292 3992 2360 4033; x_wconf 90' lang='lat' dir='ltr'><strong>ac</strong></span> <span class='ocrx_word' id='word_1_726' title='bbox 2388 3977 2861 4032; x_wconf 89' lang='lat' dir='ltr'><strong>conversationem</strong></span> <span class='ocrx_word' id='word_1_727' title='bbox 2892 3975 3113 4029; x_wconf 91' lang='lat' dir='ltr'><strong>ducere.</strong></span> 
     </span>
    </p>
   </div>
   <div class='ocr_carea' id='block_1_89' title="bbox 2845 4084 2938 4141">
    <p class='ocr_par' dir='ltr' id='par_1_89' title="bbox 2845 4084 2938 4141">
     <span class='ocr_line' id='line_1_89' title="bbox 2845 4084 2938 4141; baseline 0.022 -2"><span class='ocrx_word' id='word_1_728' title='bbox 2845 4084 2938 4141; x_wconf 84' lang='lat' dir='ltr'><strong>IV.</strong></span> 
     </span>
    </p>
   </div>
   <div class='ocr_carea' id='block_1_90' title="bbox 2564 4201 3219 4273">
    <p class='ocr_par' dir='ltr' id='par_1_90' title="bbox 2564 4201 3219 4273">
     <span class='ocr_line' id='line_1_90' title="bbox 2564 4201 3219 4273; baseline -0.005 -15"><span class='ocrx_word' id='word_1_729' title='bbox 2564 4202 2642 4258; x_wconf 75' lang='lat' dir='ltr'><strong>De</strong></span> <span class='ocrx_word' id='word_1_730' title='bbox 2670 4202 2957 4273; x_wconf 79' lang='lat' dir='ltr'><strong>peregrinis</strong></span> <span class='ocrx_word' id='word_1_731' title='bbox 2973 4201 3219 4270; x_wconf 79' lang='lat' dir='ltr'><strong>judiciis.</strong></span> 
     </span>
    </p>
   </div>
   <div class='ocr_carea' id='block_1_91' title="bbox 2177 4291 3685 4366">
    <p class='ocr_par' dir='ltr' id='par_1_91' title="bbox 2177 4291 3685 4366">
     <span class='ocr_line' id='line_1_91' title="bbox 2177 4291 3685 4366; baseline -0.004 -16"><span class='ocrx_word' id='word_1_732' title='bbox 2177 4298 2225 4336; x_wconf 72' lang='grc' dir='ltr'><strong>σι</strong></span> <span class='ocrx_word' id='word_1_733' title='bbox 2252 4294 2365 4352; x_wconf 88' lang='lat' dir='ltr'><strong>Nec</strong></span> <span class='ocrx_word' id='word_1_734' title='bbox 2385 4310 2495 4351; x_wconf 91' lang='lat' dir='ltr'><strong>non</strong></span> <span class='ocrx_word' id='word_1_735' title='bbox 2523 4302 2579 4350; x_wconf 93' lang='lat' dir='ltr'><strong>et</strong></span> <span class='ocrx_word' id='word_1_736' title='bbox 2610 4294 2895 4366; x_wconf 79' lang='lat' dir='ltr'><strong>peregrina</strong></span> <span class='ocrx_word' id='word_1_737' title='bbox 2926 4292 3145 4364; x_wconf 79' lang='lat' dir='ltr'><strong>negotia</strong></span> <span class='ocrx_word' id='word_1_738' title='bbox 3171 4300 3229 4348; x_wconf 91' lang='lat' dir='ltr'><strong>et</strong></span> <span class='ocrx_word' id='word_1_739' title='bbox 3256 4291 3466 4361; x_wconf 84' lang='lat' dir='ltr'><strong>judicia</strong></span> <span class='ocrx_word' id='word_1_740' title='bbox 3496 4292 3685 4360; x_wconf 82' lang='lat' dir='ltr'><strong>prohi-</strong></span> 
     </span>
    </p>
   </div>
   <div class='ocr_carea' id='block_1_92' title="bbox 2106 4383 3683 4458">
    <p class='ocr_par' dir='ltr' id='par_1_92' title="bbox 2106 4383 3683 4458">
     <span class='ocr_line' id='line_1_92' title="bbox 2106 4383 3683 4458; baseline -0.004 -14"><span class='ocrx_word' id='word_1_741' title='bbox 2106 4388 2323 4451; x_wconf 89' lang='lat' dir='ltr'><strong>bemus,</strong></span> <span class='ocrx_word' id='word_1_742' title='bbox 2354 4386 2483 4458; x_wconf 92' lang='lat' dir='ltr'><strong>quia</strong></span> <span class='ocrx_word' id='word_1_743' title='bbox 2513 4386 2795 4457; x_wconf 78' lang='lat' dir='ltr'><strong>indignum</strong></span> <span class='ocrx_word' id='word_1_744' title='bbox 2820 4393 2924 4453; x_wconf 85' lang='lat' dir='ltr'><strong>est,</strong></span> <span class='ocrx_word' id='word_1_745' title='bbox 2963 4393 3025 4439; x_wconf 92' lang='lat' dir='ltr'><strong>ut</strong></span> <span class='ocrx_word' id='word_1_746' title='bbox 3056 4385 3125 4439; x_wconf 91' lang='lat' dir='ltr'><strong>ab</strong></span> <span class='ocrx_word' id='word_1_747' title='bbox 3150 4383 3394 4439; x_wconf 79' lang='lat' dir='ltr'><strong>externis</strong></span> <span class='ocrx_word' id='word_1_748' title='bbox 3429 4383 3683 4452; x_wconf 73' lang='lat' dir='ltr'><strong>judicent-</strong></span> 
     </span>
    </p>
   </div>
   <div class='ocr_carea' id='block_1_93' title="bbox 2106 4475 3683 4551">
    <p class='ocr_par' dir='ltr' id='par_1_93' title="bbox 2106 4475 3683 4551">
     <span class='ocr_line' id='line_1_93' title="bbox 2106 4475 3683 4551; baseline -0.003 -15"><span class='ocrx_word' id='word_1_749' title='bbox 2106 4490 2218 4547; x_wconf 92' lang='lat' dir='ltr'><strong>tur,</strong></span> <span class='ocrx_word' id='word_1_750' title='bbox 2243 4481 2336 4551; x_wconf 88' lang='lat' dir='ltr'><strong>qui</strong></span> <span class='ocrx_word' id='word_1_751' title='bbox 2365 4477 2733 4549; x_wconf 88' lang='lat' dir='ltr'><strong>provinciales</strong></span> <span class='ocrx_word' id='word_1_752' title='bbox 2762 4477 2808 4509; x_wconf 78' lang='grc'><strong>⁵⁸</strong></span> <span class='ocrx_word' id='word_1_753' title='bbox 2830 4484 2930 4533; x_wconf 89' lang='lat' dir='ltr'><strong>eta</strong></span> <span class='ocrx_word' id='word_1_754' title='bbox 2953 4490 3012 4531; x_wconf 91' lang='lat' dir='ltr'><strong>se</strong></span> <span class='ocrx_word' id='word_1_755' title='bbox 3033 4475 3236 4531; x_wconf 90' lang='lat' dir='ltr'><strong>electos</strong></span> <span class='ocrx_word' id='word_1_756' title='bbox 3265 4475 3461 4529; x_wconf 87' lang='lat' dir='ltr'><strong>debent</strong></span> <span class='ocrx_word' id='word_1_757' title='bbox 3483 4476 3683 4531; x_wconf 85' lang='lat' dir='ltr'><strong>habere</strong></span> 
     </span>
    </p>
   </div>
   <div class='ocr_carea' id='block_1_94' title="bbox 2101 4567 3679 4647">
    <p class='ocr_par' dir='ltr' id='par_1_94' title="bbox 2101 4567 3679 4647">
     <span class='ocr_line' id='line_1_94' title="bbox 2101 4567 3679 4647; baseline -0.004 -20"><span class='ocrx_word' id='word_1_758' title='bbox 2101 4574 2335 4647; x_wconf 86' lang='lat' dir='ltr'><strong>judices.</strong></span> <span class='ocrx_word' id='word_1_759' title='bbox 2372 4571 2419 4602; x_wconf 81' lang='grc'>⁸⁸</span> <span class='ocrx_word' id='word_1_760' title='bbox 2442 4568 2554 4624; x_wconf 90' lang='lat' dir='ltr'><strong>Nos</strong></span> <span class='ocrx_word' id='word_1_761' title='bbox 2577 4568 2798 4638; x_wconf 88' lang='lat' dir='ltr'><strong>quidem</strong></span> <span class='ocrx_word' id='word_1_762' title='bbox 2824 4609 2840 4635; x_wconf 95' lang='lat'><strong>,</strong></span> <span class='ocrx_word' id='word_1_763' title='bbox 2885 4583 2953 4623; x_wconf 82' lang='lat' dir='ltr'><strong>ex</strong></span> <span class='ocrx_word' id='word_1_764' title='bbox 2996 4567 3149 4621; x_wconf 94' lang='lat' dir='ltr'><strong>omni</strong></span> <span class='ocrx_word' id='word_1_765' title='bbox 3192 4576 3346 4636; x_wconf 91' lang='lat' dir='ltr'><strong>parte</strong></span> <span class='ocrx_word' id='word_1_766' title='bbox 3379 4568 3679 4636; x_wconf 90' lang='lat' dir='ltr'><strong>carpendo,</strong></span> 
     </span>
    </p>
   </div>
   <div class='ocr_carea' id='block_1_95' title="bbox 2105 4656 3681 4725">
    <p class='ocr_par' dir='ltr' id='par_1_95' title="bbox 2105 4656 3681 4725">
     <span class='ocr_line' id='line_1_95' title="bbox 2105 4656 3681 4725; baseline -0.005 -3"><span class='ocrx_word' id='word_1_767' title='bbox 2105 4669 2426 4723; x_wconf 89' lang='lat' dir='ltr'><strong>occasiones</strong></span> <span class='ocrx_word' id='word_1_768' title='bbox 2476 4659 2873 4715; x_wconf 88' lang='lat' dir='ltr'><strong>abscindimus.</strong></span> <span class='ocrx_word' id='word_1_769' title='bbox 2933 4656 3067 4724; x_wconf 83' lang='lat' dir='ltr'><strong>Nos,</strong></span> <span class='ocrx_word' id='word_1_770' title='bbox 3110 4671 3363 4725; x_wconf 71' lang='lat' dir='ltr'><strong>superna:</strong></span> <span class='ocrx_word' id='word_1_771' title='bbox 3405 4674 3681 4714; x_wconf 86' lang='lat' dir='ltr'><strong>memores</strong></span> 
     </span>
    </p>
   </div>
   <div class='ocr_carea' id='block_1_96' title="bbox 2104 4748 3683 4827">
    <p class='ocr_par' dir='ltr' id='par_1_96' title="bbox 2104 4748 3683 4827">
     <span class='ocr_line' id='line_1_96' title="bbox 2104 4748 3683 4827; baseline -0.007 -13"><span class='ocrx_word' id='word_1_772' title='bbox 2104 4758 2424 4827; x_wconf 73' lang='lat' dir='ltr'><strong>disciplinae,</strong></span> <span class='ocrx_word' id='word_1_773' title='bbox 2449 4753 2871 4824; x_wconf 88' lang='lat' dir='ltr'><strong>quibuscunque</strong></span> <span class='ocrx_word' id='word_1_774' title='bbox 2894 4749 3215 4805; x_wconf 88' lang='lat' dir='ltr'><strong>cadentibus</strong></span> <span class='ocrx_word' id='word_1_775' title='bbox 3242 4748 3526 4804; x_wconf 76' lang='lat' dir='ltr'><strong>dexteram</strong></span> <span class='ocrx_word' id='word_1_776' title='bbox 3556 4766 3683 4819; x_wconf 87' lang='lat' dir='ltr'><strong>por-</strong></span> 
     </span>
    </p>
   </div>
   <div class='ocr_carea' id='block_1_97' title="bbox 2102 4841 3681 4920">
    <p class='ocr_par' dir='ltr' id='par_1_97' title="bbox 2102 4841 3681 4920">
     <span class='ocr_line' id='line_1_97' title="bbox 2102 4841 3681 4920; baseline -0.008 -16"><span class='ocrx_word' id='word_1_777' title='bbox 2102 4851 2358 4920; x_wconf 76' lang='lat' dir='ltr'><strong>rigimus,</strong></span> <span class='ocrx_word' id='word_1_778' title='bbox 2390 4858 2445 4901; x_wconf 90' lang='lat' dir='ltr'><strong>et</strong></span> <span class='ocrx_word' id='word_1_779' title='bbox 2468 4861 2498 4899; x_wconf 91' lang='lat' dir='ltr'><strong>a</strong></span> <span class='ocrx_word' id='word_1_780' title='bbox 2527 4844 2702 4898; x_wconf 67' lang='lat' dir='ltr'><strong>ruinae</strong></span> <span class='ocrx_word' id='word_1_781' title='bbox 2732 4841 3052 4912; x_wconf 66' lang='lat' dir='ltr'><strong>praecipitio,</strong></span> <span class='ocrx_word' id='word_1_782' title='bbox 3085 4854 3226 4909; x_wconf 87' lang='lat' dir='ltr'><strong>quos</strong></span> <span class='ocrx_word' id='word_1_783' title='bbox 3251 4855 3566 4908; x_wconf 85' lang='lat' dir='ltr'><strong>possumus,</strong></span> <span class='ocrx_word' id='word_1_784' title='bbox 3594 4855 3681 4893; x_wconf 88' lang='lat' dir='ltr'><strong>re-</strong></span> 
     </span>
    </p>
   </div>
   <div class='ocr_carea' id='block_1_98' title="bbox 2102 4930 3681 5003">
    <p class='ocr_par' dir='ltr' id='par_1_98' title="bbox 2102 4930 3681 5003">
     <span class='ocr_line' id='line_1_98' title="bbox 2102 4930 3681 5003; baseline -0.006 -8"><span class='ocrx_word' id='word_1_785' title='bbox 2102 4941 2370 5003; x_wconf 89' lang='lat' dir='ltr'><strong>levamns,</strong></span> <span class='ocrx_word' id='word_1_786' title='bbox 2398 4946 2452 4992; x_wconf 89' lang='lat' dir='ltr'><strong>et</strong></span> <span class='ocrx_word' id='word_1_787' title='bbox 2483 4934 2823 4990; x_wconf 88' lang='lat' dir='ltr'><strong>defensionis</strong></span> <span class='ocrx_word' id='word_1_788' title='bbox 2853 4931 3246 4986; x_wconf 85' lang='lat' dir='ltr'><strong>adminiculum</strong></span> <span class='ocrx_word' id='word_1_789' title='bbox 3292 4930 3421 4984; x_wconf 88' lang='lat' dir='ltr'><strong>totis</strong></span> <span class='ocrx_word' id='word_1_790' title='bbox 3469 4932 3681 4985; x_wconf 87' lang='lat' dir='ltr'><strong>viribus</strong></span> 
     </span>
    </p>
   </div>
   <div class='ocr_carea' id='block_1_99' title="bbox 2102 5022 3682 5104">
    <p class='ocr_par' dir='ltr' id='par_1_99' title="bbox 2102 5022 3682 5104">
     <span class='ocr_line' id='line_1_99' title="bbox 2102 5022 3682 5104; baseline -0.006 -16"><span class='ocrx_word' id='word_1_791' title='bbox 2102 5033 2345 5104; x_wconf 67' lang='lat' dir='ltr'><strong>praebere</strong></span> <span class='ocrx_word' id='word_1_792' title='bbox 2374 5028 2646 5098; x_wconf 90' lang='lat' dir='ltr'><strong>cupimus.</strong></span> <span class='ocrx_word' id='word_1_793' title='bbox 2676 5026 2720 5058; x_wconf 84' lang='grc'><strong>⁵⁷</strong></span> <span class='ocrx_word' id='word_1_794' title='bbox 2738 5025 2895 5079; x_wconf 83' lang='lat' dir='ltr'><strong>Certe</strong></span> <span class='ocrx_word' id='word_1_795' title='bbox 2920 5024 2967 5078; x_wconf 91' lang='lat' dir='ltr'><strong>si</strong></span> <span class='ocrx_word' id='word_1_796' title='bbox 2997 5023 3080 5076; x_wconf 87' lang='lat' dir='ltr'><strong>vel</strong></span> <span class='ocrx_word' id='word_1_797' title='bbox 3110 5038 3265 5078; x_wconf 90' lang='lat' dir='ltr'><strong>mens</strong></span> <span class='ocrx_word' id='word_1_798' title='bbox 3291 5022 3362 5079; x_wconf 89' lang='lat' dir='ltr'><strong>sit</strong></span> <span class='ocrx_word' id='word_1_799' title='bbox 3388 5024 3523 5078; x_wconf 89' lang='lat' dir='ltr'><strong>recti</strong></span> <span class='ocrx_word' id='word_1_800' title='bbox 3548 5039 3682 5079; x_wconf 82' lang='lat' dir='ltr'><strong>con-</strong></span> 
     </span>
    </p>
   </div>
   <div class='ocr_carea' id='block_1_100' title="bbox 535 5168 2003 5297">
    <p class='ocr_par' dir='ltr' id='par_1_100' title="bbox 535 5219 1977 5297">
     <span class='ocr_line' id='line_1_100' title="bbox 535 5219 1977 5297; baseline 0 -14"><span class='ocrx_word' id='word_1_801' title='bbox 535 5231 592 5265; x_wconf 72' lang='lat'><strong>‘&quot;</strong></span> <span class='ocrx_word' id='word_1_802' title='bbox 621 5231 728 5286; x_wconf 86' lang='lat' dir='ltr'><strong>Isa.</strong></span> <span class='ocrx_word' id='word_1_803' title='bbox 756 5244 884 5297; x_wconf 78' lang='lat' dir='ltr'><strong>uv,</strong></span> <span class='ocrx_word' id='word_1_804' title='bbox 915 5229 968 5283; x_wconf 92' lang='grc'><strong>1.</strong></span> <span class='ocrx_word' id='word_1_805' title='bbox 1074 5227 1122 5259; x_wconf 75' lang='grc'><strong>’⁸</strong></span> <span class='ocrx_word' id='word_1_806' title='bbox 1145 5226 1265 5297; x_wconf 67' lang='grc' dir='ltr'><strong>Ιθιξ.</strong></span> <span class='ocrx_word' id='word_1_807' title='bbox 1296 5241 1400 5288; x_wconf 77' lang='lat' dir='ltr'><strong>xu,</strong></span> <span class='ocrx_word' id='word_1_808' title='bbox 1426 5223 1479 5277; x_wconf 87' lang='grc'><strong>7.</strong></span> <span class='ocrx_word' id='word_1_809' title='bbox 1570 5223 1627 5297; x_wconf 44' lang='grc'><strong>⁸⁷-</strong></span> <span class='ocrx_word' id='word_1_810' title='bbox 1642 5220 1887 5297; x_wconf 54' lang='grc' dir='ltr'><strong>ξίίριι.)2</strong></span> <span class='ocrx_word' id='word_1_811' title='bbox 1923 5219 1977 5283; x_wconf 73' lang='grc'><strong>5,</strong></span> 
     </span>
    </p>
   </div>
   <div class='ocr_carea' id='block_1_101' title="bbox 2105 5168 3673 5297">
    <p class='ocr_par' dir='ltr' id='par_1_101' title="bbox 2182 5168 3673 5297">
     <span class='ocr_line' id='line_1_101' title="bbox 2182 5168 3673 5297; baseline 0.001 0"><span class='ocrx_word' id='word_1_812' title='bbox 2182 5212 2437 5297; x_wconf 51' lang='lat' dir='ltr'><strong>tua.</strong></span> <span class='ocrx_word' id='word_1_813' title='bbox 2579 5168 2799 5297; x_wconf 63' lang='grc' dir='ltr'><strong>πο-’.ηη</strong></span> <span class='ocrx_word' id='word_1_814' title='bbox 2834 5203 3038 5297; x_wconf 55' lang='lat' dir='ltr'><strong>Imm-</strong></span> <span class='ocrx_word' id='word_1_815' title='bbox 3084 5219 3122 5269; x_wconf 70' lang='grc' dir='ltr'><strong>ις</strong></span> <span class='ocrx_word' id='word_1_816' title='bbox 3168 5202 3293 5297; x_wconf 65' lang='grc' dir='ltr'><strong>πίί.</strong></span> <span class='ocrx_word' id='word_1_817' title='bbox 3364 5202 3673 5297; x_wconf 52' lang='lat' dir='ltr'><strong>vnalem&quot;-</strong></span> 
     </span>
    </p>
   </div>
   <div class='ocr_carea' id='block_1_102' title="bbox 420 5293 1691 5369">
    <p class='ocr_par' dir='ltr' id='par_1_102' title="bbox 420 5293 1691 5369">
     <span class='ocr_line' id='line_1_102' title="bbox 420 5293 1691 5369; baseline -0.008 -12"><span class='ocrx_word' id='word_1_818' title='bbox 420 5318 503 5369; x_wconf 87' lang='lat' dir='ltr'><strong>m,</strong></span> <span class='ocrx_word' id='word_1_819' title='bbox 538 5303 591 5356; x_wconf 88' lang='grc'><strong>1.</strong></span> <span class='ocrx_word' id='word_1_820' title='bbox 666 5302 709 5332; x_wconf 85' lang='grc'><strong>³¹</strong></span> <span class='ocrx_word' id='word_1_821' title='bbox 738 5293 947 5369; x_wconf 65' lang='grc' dir='ltr'><strong>Ιιυιεζν,</strong></span> <span class='ocrx_word' id='word_1_822' title='bbox 978 5298 1066 5352; x_wconf 78' lang='lat'><strong>5‘2.</strong></span> <span class='ocrx_word' id='word_1_823' title='bbox 1146 5298 1189 5369; x_wconf 52' lang='lat' dir='ltr'><strong>&#39;f</strong></span> <span class='ocrx_word' id='word_1_824' title='bbox 1213 5296 1565 5369; x_wconf 73' lang='lat' dir='ltr'><strong>_Matth._vtu,</strong></span> <span class='ocrx_word' id='word_1_825' title='bbox 1600 5293 1691 5347; x_wconf 69' lang='lat'><strong>29.</strong></span> 
     </span>
    </p>
   </div>
   <div class='ocr_carea' id='block_1_103' title="bbox 420 5360 1958 5439">
    <p class='ocr_par' dir='ltr' id='par_1_103' title="bbox 420 5360 1958 5439">
     <span class='ocr_line' id='line_1_103' title="bbox 420 5360 1958 5439; baseline -0.009 -12"><span class='ocrx_word' id='word_1_826' title='bbox 420 5360 500 5437; x_wconf 73' lang='lat' dir='ltr'><strong>Iv,</strong></span> <span class='ocrx_word' id='word_1_827' title='bbox 528 5372 620 5439; x_wconf 70' lang='lat'><strong>23,</strong></span> <span class='ocrx_word' id='word_1_828' title='bbox 642 5370 736 5427; x_wconf 68' lang='grc'><strong>24.</strong></span> <span class='ocrx_word' id='word_1_829' title='bbox 811 5372 854 5403; x_wconf 91' lang='grc'><strong>³⁷</strong></span> <span class='ocrx_word' id='word_1_830' title='bbox 888 5360 1051 5424; x_wconf 82' lang='lat' dir='ltr'><strong>Hebr.</strong></span> <span class='ocrx_word' id='word_1_831' title='bbox 1079 5385 1140 5439; x_wconf 73' lang='lat' dir='ltr'><strong>tt.</strong></span> <span class='ocrx_word' id='word_1_832' title='bbox 1168 5367 1257 5421; x_wconf 87' lang='grc'><strong>18.</strong></span> <span class='ocrx_word' id='word_1_833' title='bbox 1332 5367 1375 5397; x_wconf 85' lang='grc'><strong>³⁸</strong></span> <span class='ocrx_word' id='word_1_834' title='bbox 1409 5364 1622 5439; x_wconf 74' lang='lat' dir='ltr'><strong>Coloss.</strong></span> <span class='ocrx_word' id='word_1_835' title='bbox 1648 5378 1760 5439; x_wconf 69' lang='lat' dir='ltr'><strong>_ill_,_</strong></span> <span class='ocrx_word' id='word_1_836' title='bbox 1787 5360 1958 5439; x_wconf 61' lang='lat'><strong>_8_-10.</strong></span> 
     </span>
    </p>
   </div>
   <div class='ocr_carea' id='block_1_104' title="bbox 417 5435 1566 5506">
    <p class='ocr_par' dir='ltr' id='par_1_104' title="bbox 417 5435 1566 5506">
     <span class='ocr_line' id='line_1_104' title="bbox 417 5435 1566 5506; baseline -0.008 -10"><span class='ocrx_word' id='word_1_837' title='bbox 417 5435 652 5497; x_wconf 16' lang='lat' dir='ltr'><strong>&quot;‘Joan.</strong></span> <span class='ocrx_word' id='word_1_838' title='bbox 717 5441 921 5506; x_wconf 74' lang='lat' dir='ltr'><strong>v,.‘25.</strong></span> <span class='ocrx_word' id='word_1_839' title='bbox 997 5440 1043 5471; x_wconf 72' lang='lat'>“</span> <span class='ocrx_word' id='word_1_840' title='bbox 1069 5438 1228 5493; x_wconf 81' lang='lat' dir='ltr'><strong>Joan.</strong></span> <span class='ocrx_word' id='word_1_841' title='bbox 1290 5452 1415 5499; x_wconf 80' lang='lat' dir='ltr'><strong>xvn,</strong></span> <span class='ocrx_word' id='word_1_842' title='bbox 1475 5435 1566 5487; x_wconf 71' lang='lat' dir='ltr'><strong>2L</strong></span> 
     </span>
    </p>
   </div>
   <div class='ocr_carea' id='block_1_105' title="bbox 1794 5278 2771 5349">
    <p class='ocr_par' dir='ltr' id='par_1_105' title="bbox 1794 5278 2771 5349">
     <span class='ocr_line' id='line_1_105' title="bbox 1794 5278 2771 5349; baseline -0.011 -7"><span class='ocrx_word' id='word_1_843' title='bbox 1794 5291 1839 5321; x_wconf 85' lang='grc'><strong>³³</strong></span> <span class='ocrx_word' id='word_1_844' title='bbox 1872 5278 2004 5344; x_wconf 83' lang='lat' dir='ltr'><strong>Luc.</strong></span> <span class='ocrx_word' id='word_1_845' title='bbox 2034 5305 2149 5349; x_wconf 71' lang='grc' dir='ltr'><strong>κη,</strong></span> <span class='ocrx_word' id='word_1_846' title='bbox 2176 5286 2263 5340; x_wconf 85' lang='grc'><strong>10.</strong></span> <span class='ocrx_word' id='word_1_847' title='bbox 2342 5282 2388 5315; x_wconf 73' lang='grc'><strong>³⁸</strong></span> <span class='ocrx_word' id='word_1_848' title='bbox 2410 5280 2571 5336; x_wconf 82' lang='lat' dir='ltr'><strong>Joan.</strong></span> <span class='ocrx_word' id='word_1_849' title='bbox 2598 5296 2651 5341; x_wconf 82' lang='lat' dir='ltr'><strong>x,</strong></span> <span class='ocrx_word' id='word_1_850' title='bbox 2684 5278 2771 5349; x_wconf 78' lang='grc'><strong>10.</strong></span> 
     </span>
    </p>
   </div>
   <div class='ocr_carea' id='block_1_106' title="bbox 2041 5351 2473 5419">
    <p class='ocr_par' dir='ltr' id='par_1_106' title="bbox 2041 5351 2473 5419">
     <span class='ocr_line' id='line_1_106' title="bbox 2041 5351 2473 5419; baseline -0.016 -9"><span class='ocrx_word' id='word_1_851' title='bbox 2041 5362 2084 5392; x_wconf 64' lang='grc'><strong>³9</strong></span> <span class='ocrx_word' id='word_1_852' title='bbox 2107 5357 2263 5411; x_wconf 80' lang='lat' dir='ltr'><strong>Joan.</strong></span> <span class='ocrx_word' id='word_1_853' title='bbox 2296 5371 2353 5419; x_wconf 68' lang='grc' dir='ltr'><strong>χ,</strong></span> <span class='ocrx_word' id='word_1_854' title='bbox 2382 5351 2473 5407; x_wconf 78' lang='grc'><strong>50.</strong></span> 
     </span>
    </p>
   </div>
   <div class='ocr_carea' id='block_1_107' title="bbox 1646 5431 2031 5495">
    <p class='ocr_par' dir='ltr' id='par_1_107' title="bbox 1646 5431 2031 5495">
     <span class='ocr_line' id='line_1_107' title="bbox 1646 5431 2031 5495; baseline 0 -10"><span class='ocrx_word' id='word_1_855' title='bbox 1646 5432 1691 5463; x_wconf 59' lang='grc'><strong>⁸⁸</strong></span> <span class='ocrx_word' id='word_1_856' title='bbox 1722 5432 1883 5495; x_wconf 88' lang='lat' dir='ltr'><strong>lbid.,</strong></span> <span class='ocrx_word' id='word_1_857' title='bbox 1941 5431 2031 5485; x_wconf 91' lang='grc'><strong>10.</strong></span> 
     </span>
    </p>
   </div>
   <div class='ocr_carea' id='block_1_108' title="bbox 2856 5273 3671 5344">
    <p class='ocr_par' dir='ltr' id='par_1_108' title="bbox 2856 5273 3671 5344">
     <span class='ocr_line' id='line_1_108' title="bbox 2856 5273 3671 5344; baseline 0 -15"><span class='ocrx_word' id='word_1_858' title='bbox 2856 5277 2901 5308; x_wconf 85' lang='grc'><strong>³⁸</strong></span> <span class='ocrx_word' id='word_1_859' title='bbox 2928 5274 3088 5329; x_wconf 82' lang='lat' dir='ltr'><strong>Joan.</strong></span> <span class='ocrx_word' id='word_1_860' title='bbox 3118 5290 3200 5344; x_wconf 85' lang='lat' dir='ltr'><strong>In,</strong></span> <span class='ocrx_word' id='word_1_861' title='bbox 3229 5273 3315 5344; x_wconf 72' lang='grc' dir='ltr'><strong>1ζ).</strong></span> <span class='ocrx_word' id='word_1_862' title='bbox 3393 5274 3438 5305; x_wconf 81' lang='grc'><strong>³⁸</strong></span> <span class='ocrx_word' id='word_1_863' title='bbox 3471 5273 3671 5344; x_wconf 86' lang='lat' dir='ltr'><strong>Ephes.</strong></span> 
     </span>
    </p>
   </div>
   <div class='ocr_carea' id='block_1_109' title="bbox 2591 5341 3672 5410">
    <p class='ocr_par' dir='ltr' id='par_1_109' title="bbox 2591 5341 3672 5410">
     <span class='ocr_line' id='line_1_109' title="bbox 2591 5341 3672 5410; baseline -0.004 -7"><span class='ocrx_word' id='word_1_864' title='bbox 2591 5351 2635 5382; x_wconf 78' lang='grc'><strong>⁶⁰</strong></span> <span class='ocrx_word' id='word_1_865' title='bbox 2677 5347 2837 5402; x_wconf 82' lang='lat' dir='ltr'><strong>Joan.</strong></span> <span class='ocrx_word' id='word_1_866' title='bbox 2883 5362 2995 5410; x_wconf 80' lang='lat' dir='ltr'><strong>xw,</strong></span> <span class='ocrx_word' id='word_1_867' title='bbox 3030 5345 3083 5398; x_wconf 90' lang='lat'><strong>9.</strong></span> <span class='ocrx_word' id='word_1_868' title='bbox 3186 5343 3228 5375; x_wconf 76' lang='lat'>“</span> <span class='ocrx_word' id='word_1_869' title='bbox 3256 5341 3417 5398; x_wconf 75' lang='lat' dir='ltr'><strong>Joan.</strong></span> <span class='ocrx_word' id='word_1_870' title='bbox 3464 5341 3553 5404; x_wconf 67' lang='lat' dir='ltr'><strong>xv,</strong></span> <span class='ocrx_word' id='word_1_871' title='bbox 3580 5346 3672 5400; x_wconf 75' lang='lat'><strong>‘25.</strong></span> 
     </span>
    </p>
   </div>
   <div class='ocr_carea' id='block_1_110' title="bbox 2104 5413 3671 5484">
    <p class='ocr_par' dir='ltr' id='par_1_110' title="bbox 2104 5413 3671 5484">
     <span class='ocr_line' id='line_1_110' title="bbox 2104 5413 3671 5484; baseline -0.007 -5"><span class='ocrx_word' id='word_1_872' title='bbox 2104 5429 2151 5460; x_wconf 63' lang='grc'><strong>’⁸⁵</strong></span> <span class='ocrx_word' id='word_1_873' title='bbox 2184 5413 2350 5479; x_wconf 61' lang='lat' dir='ltr'><strong>Joan.</strong></span> <span class='ocrx_word' id='word_1_874' title='bbox 2396 5436 2507 5484; x_wconf 83' lang='lat' dir='ltr'><strong>xw,</strong></span> <span class='ocrx_word' id='word_1_875' title='bbox 2565 5422 2650 5475; x_wconf 84' lang='grc'><strong>11.</strong></span> <span class='ocrx_word' id='word_1_876' title='bbox 2740 5419 2971 5479; x_wconf 78' lang='lat' dir='ltr'><strong>“Ibid.,</strong></span> <span class='ocrx_word' id='word_1_877' title='bbox 3028 5414 3114 5468; x_wconf 90' lang='grc'><strong>10.</strong></span> <span class='ocrx_word' id='word_1_878' title='bbox 3221 5414 3265 5445; x_wconf 71' lang='grc'><strong>⁸⁷</strong></span> <span class='ocrx_word' id='word_1_879' title='bbox 3301 5413 3460 5468; x_wconf 80' lang='lat' dir='ltr'><strong>Joan.</strong></span> <span class='ocrx_word' id='word_1_880' title='bbox 3517 5431 3555 5479; x_wconf 90' lang='lat' dir='ltr'><strong>I,</strong></span> <span class='ocrx_word' id='word_1_881' title='bbox 3618 5414 3671 5468; x_wconf 86' lang='grc'><strong>1.</strong></span> 
     </span>
    </p>
   </div>
   <div class='ocr_carea' id='block_1_111' title="bbox 419 5484 3676 5568">
    <p class='ocr_par' dir='ltr' id='par_1_111' title="bbox 419 5484 3676 5568">
     <span class='ocr_line' id='line_1_111' title="bbox 419 5484 3676 5568; baseline -0.01 0"><span class='ocrx_word' id='word_1_882' title='bbox 419 5513 465 5545; x_wconf 77' lang='grc'><strong>⁸⁸</strong></span> <span class='ocrx_word' id='word_1_883' title='bbox 724 5484 1421 5567; x_wconf 40' lang='grc' dir='ltr'><strong>δῖιέίνὰθεεινβξῆίίιιοῖνὺἶῆ</strong></span> <span class='ocrx_word' id='word_1_884' title='bbox 1470 5484 1675 5558; x_wconf 70' lang='lat' dir='ltr'><strong>mentio</strong></span> <span class='ocrx_word' id='word_1_885' title='bbox 1727 5484 1781 5557; x_wconf 90' lang='lat' dir='ltr'><strong>et</strong></span> <span class='ocrx_word' id='word_1_886' title='bbox 1826 5484 2223 5556; x_wconf 83' lang='lat' dir='ltr'><strong>substituitur:</strong></span> <span class='ocrx_word' id='word_1_887' title='bbox 2256 5510 2352 5568; x_wconf 60' lang='lat' dir='ltr'><strong>nec</strong></span> <span class='ocrx_word' id='word_1_888' title='bbox 2412 5508 2517 5568; x_wconf 65' lang='lat' dir='ltr'><strong>non</strong></span> <span class='ocrx_word' id='word_1_889' title='bbox 2544 5486 2842 5568; x_wconf 66' lang='lat' dir='ltr'><strong>Apostolus.</strong></span> <span class='ocrx_word' id='word_1_890' title='bbox 2907 5489 2952 5517; x_wconf 68' lang='grc' dir='ltr'><strong>δ’</strong></span> <span class='ocrx_word' id='word_1_891' title='bbox 2978 5503 3081 5568; x_wconf 63' lang='lat' dir='ltr'><strong>ms.</strong></span> <span class='ocrx_word' id='word_1_892' title='bbox 3112 5494 3334 5568; x_wconf 63' lang='lat' dir='ltr'><strong>noster:</strong></span> <span class='ocrx_word' id='word_1_893' title='bbox 3376 5484 3446 5537; x_wconf 85' lang='lat' dir='ltr'><strong>Et</strong></span> <span class='ocrx_word' id='word_1_894' title='bbox 3484 5486 3676 5568; x_wconf 43' lang='lat' dir='ltr'><strong>(retin</strong></span> 
     </span>
    </p>
   </div>
   <div class='ocr_carea' id='block_1_112' title="bbox 417 5553 3677 5688">
    <p class='ocr_par' dir='ltr' id='par_1_112' title="bbox 417 5553 3677 5688">
     <span class='ocr_line' id='line_1_112' title="bbox 417 5553 3677 5688; baseline -0.01 -50"><span class='ocrx_word' id='word_1_895' title='bbox 417 5553 571 5638; x_wconf 50' lang='lat' dir='ltr'><strong>nolii&#39;s</strong></span> <span class='ocrx_word' id='word_1_896' title='bbox 588 5553 880 5653; x_wconf 49' lang='lat' dir='ltr'><strong>&#39;s‘LICIﬂIi,</strong></span> <span class='ocrx_word' id='word_1_897' title='bbox 1079 5553 2222 5641; x_wconf 15' lang='lat' dir='ltr'><strong>ut&#39;habe&#39;tvldaciiishilarus;seuiVigilius</strong></span> <span class='ocrx_word' id='word_1_898' title='bbox 2256 5562 2551 5688; x_wconf 61' lang='lat' dir='ltr'><strong>Tagsensis</strong></span> <span class='ocrx_word' id='word_1_899' title='bbox 2591 5553 2686 5641; x_wconf 76' lang='lat' dir='ltr'><strong>lib.</strong></span> <span class='ocrx_word' id='word_1_900' title='bbox 2723 5576 2739 5612; x_wconf 86' lang='lat'>1</span> <span class='ocrx_word' id='word_1_901' title='bbox 2777 5568 2964 5639; x_wconf 72' lang='lat' dir='ltr'><strong>contra</strong></span> <span class='ocrx_word' id='word_1_902' title='bbox 3000 5554 3398 5614; x_wconf 85' lang='lat' dir='ltr'><strong>Warimadum,</strong></span> <span class='ocrx_word' id='word_1_903' title='bbox 3428 5570 3523 5609; x_wconf 91' lang='lat' dir='ltr'><strong>seu</strong></span> <span class='ocrx_word' id='word_1_904' title='bbox 3557 5553 3677 5607; x_wconf 87' lang='grc' dir='ltr'><strong>Μα-</strong></span> 
     </span>
     <span class='ocr_line' id='line_1_113' title="bbox 417 5625 3673 5688; baseline -0.003 0"><span class='ocrx_word' id='word_1_905' title='bbox 417 5655 661 5688; x_wconf 66' lang='grc' dir='ltr'><strong>-..υηιηηπ</strong></span> <span class='ocrx_word' id='word_1_906' title='bbox 688 5669 791 5688; x_wconf 62' lang='grc' dir='ltr'><strong>...ιη</strong></span> <span class='ocrx_word' id='word_1_907' title='bbox 846 5653 876 5688; x_wconf 69' lang='grc' dir='ltr'>κ</span> <span class='ocrx_word' id='word_1_908' title='bbox 921 5651 1234 5688; x_wconf 64' lang='lat' dir='ltr'><strong>&quot;inminuta</strong></span> <span class='ocrx_word' id='word_1_909' title='bbox 1332 5647 1379 5678; x_wconf 75' lang='grc' dir='ltr'><strong><em>ιο</em></strong></span> <span class='ocrx_word' id='word_1_910' title='bbox 1418 5647 1435 5688; x_wconf 92' lang='grc'><strong>1</strong></span> <span class='ocrx_word' id='word_1_911' title='bbox 1465 5643 1600 5688; x_wconf 70' lang='grc' dir='ltr'><strong>Ιηςιιι</strong></span> <span class='ocrx_word' id='word_1_912' title='bbox 1653 5660 1706 5688; x_wconf 81' lang='grc' dir='ltr'><strong>ν-</strong></span> <span class='ocrx_word' id='word_1_913' title='bbox 1741 5643 1794 5688; x_wconf 77' lang='grc' dir='ltr'><strong>(ἰ-</strong></span> <span class='ocrx_word' id='word_1_914' title='bbox 1831 5643 1880 5688; x_wconf 87' lang='lat'><strong>‘7-</strong></span> <span class='ocrx_word' id='word_1_915' title='bbox 1959 5641 2002 5672; x_wconf 69' lang='grc' dir='ltr'><strong>δι</strong></span> <span class='ocrx_word' id='word_1_916' title='bbox 2033 5640 2085 5688; x_wconf 84' lang='grc'><strong>9-</strong></span> <span class='ocrx_word' id='word_1_917' title='bbox 2116 5645 2313 5688; x_wconf 65' lang='lat' dir='ltr'><strong>aumst.</strong></span> <span class='ocrx_word' id='word_1_918' title='bbox 2390 5652 2402 5687; x_wconf 91' lang='lat'><strong>:</strong></span> <span class='ocrx_word' id='word_1_919' title='bbox 2434 5630 2594 5685; x_wconf 80' lang='lat' dir='ltr'><strong>Salvo</strong></span> <span class='ocrx_word' id='word_1_920' title='bbox 2626 5646 2682 5682; x_wconf 74' lang='grc' dir='ltr'><strong>ιη</strong></span> <span class='ocrx_word' id='word_1_921' title='bbox 2713 5630 2975 5682; x_wconf 76' lang='lat' dir='ltr'><strong>omnibus.</strong></span> <span class='ocrx_word' id='word_1_922' title='bbox 3004 5626 3169 5680; x_wconf 85' lang='lat' dir='ltr'><strong>Hadr.</strong></span> <span class='ocrx_word' id='word_1_923' title='bbox 3202 5626 3328 5679; x_wconf 88' lang='lat' dir='ltr'><strong>coll.</strong></span> <span class='ocrx_word' id='word_1_924' title='bbox 3357 5625 3443 5678; x_wconf 59' lang='grc'><strong>11.</strong></span> <span class='ocrx_word' id='word_1_925' title='bbox 3539 5625 3585 5656; x_wconf 82' lang='grc'><strong><em>⁵³</em></strong></span> <span class='ocrx_word' id='word_1_926' title='bbox 3617 5626 3673 5688; x_wconf 76' lang='grc'><strong>2,</strong></span> 
     </span>
    </p>
   </div>
   <div class='ocr_carea' id='block_1_113' title="bbox 417 5640 2933 5719">
    <p class='ocr_par' dir='ltr' id='par_1_113' title="bbox 417 5640 2933 5719">
     <span class='ocr_line' id='line_1_114' title="bbox 417 5640 2933 5719; baseline -0.012 -12"><span class='ocrx_word' id='word_1_927' title='bbox 417 5655 664 5707; x_wconf 77' lang='lat' dir='ltr'><strong>rivadum</strong></span> <span class='ocrx_word' id='word_1_928' title='bbox 688 5640 811 5719; x_wconf 75' lang='lat' dir='ltr'><strong>cap.</strong></span> <span class='ocrx_word' id='word_1_929' title='bbox 843 5640 896 5707; x_wconf 62' lang='grc' dir='ltr'><strong>ὅ.</strong></span> <span class='ocrx_word' id='word_1_930' title='bbox 921 5640 1255 5706; x_wconf 71' lang='lat' dir='ltr'><strong>Hmbumus.</strong></span> <span class='ocrx_word' id='word_1_931' title='bbox 1332 5647 1379 5678; x_wconf 85' lang='grc'><strong>⁸⁰</strong></span> <span class='ocrx_word' id='word_1_932' title='bbox 1417 5647 1436 5698; x_wconf 91' lang='grc' dir='ltr'>Ι</span> <span class='ocrx_word' id='word_1_933' title='bbox 1465 5643 1622 5719; x_wconf 59' lang='lat' dir='ltr'><strong>{eam</strong></span> <span class='ocrx_word' id='word_1_934' title='bbox 1653 5660 1707 5704; x_wconf 86' lang='lat' dir='ltr'><strong>v,</strong></span> <span class='ocrx_word' id='word_1_935' title='bbox 1959 5640 2313 5719; x_wconf 66' lang='lat' dir='ltr'><strong>“_9,_qu2est.</strong></span> <span class='ocrx_word' id='word_1_936' title='bbox 2340 5640 2402 5688; x_wconf 70' lang='grc' dir='ltr'><strong>ὗε</strong></span> <span class='ocrx_word' id='word_1_937' title='bbox 2434 5640 2682 5719; x_wconf 43' lang='grc' dir='ltr'><strong>δᾳρυολη</strong></span> <span class='ocrx_word' id='word_1_938' title='bbox 2704 5640 2933 5719; x_wconf 46' lang='grc' dir='ltr'><strong>¹(ξςηηιιυιξἐ</strong></span> 
     </span>
    </p>
   </div>
   <div class='ocr_carea' id='block_1_114' title="bbox 2004 5698 3115 5765">
    <p class='ocr_par' dir='ltr' id='par_1_114' title="bbox 2004 5698 3115 5765">
     <span class='ocr_line' id='line_1_115' title="bbox 2004 5698 3115 5765; baseline -0.012 -4"><span class='ocrx_word' id='word_1_939' title='bbox 2004 5711 2051 5742; x_wconf 77' lang='grc'><strong>⁸³</strong></span> <span class='ocrx_word' id='word_1_940' title='bbox 2074 5698 2333 5762; x_wconf 70' lang='grc' dir='ltr'><strong>’Ᾱῇἱειηιιδ</strong></span> <span class='ocrx_word' id='word_1_941' title='bbox 2364 5711 2543 5759; x_wconf 86' lang='lat' dir='ltr'><strong>const.</strong></span> <span class='ocrx_word' id='word_1_942' title='bbox 2586 5700 2675 5765; x_wconf 75' lang='grc'><strong>15,</strong></span> <span class='ocrx_word' id='word_1_943' title='bbox 2704 5700 2787 5754; x_wconf 90' lang='lat' dir='ltr'><strong>tit.</strong></span> <span class='ocrx_word' id='word_1_944' title='bbox 2824 5699 2874 5762; x_wconf 92' lang='grc'><strong>1,</strong></span> <span class='ocrx_word' id='word_1_945' title='bbox 2905 5698 2998 5751; x_wconf 86' lang='lat' dir='ltr'><strong>lib.</strong></span> <span class='ocrx_word' id='word_1_946' title='bbox 3038 5714 3115 5751; x_wconf 79' lang='lat' dir='ltr'><strong>Ix.</strong></span> 
     </span>
    </p>
   </div>
   <div class='ocr_carea' id='block_1_115' title="bbox 458 5712 1892 5778">
    <p class='ocr_par' dir='ltr' id='par_1_115' title="bbox 458 5712 1892 5778">
     <span class='ocr_line' id='line_1_116' title="bbox 458 5712 1892 5778; baseline -0.008 -1"><span class='ocrx_word' id='word_1_947' title='bbox 458 5733 612 5778; x_wconf 68' lang='lat' dir='ltr'><strong>natst.</strong></span> <span class='ocrx_word' id='word_1_948' title='bbox 642 5724 705 5777; x_wconf 87' lang='lat'><strong>7:</strong></span> <span class='ocrx_word' id='word_1_949' title='bbox 742 5712 1026 5777; x_wconf 77' lang='lat' dir='ltr'><strong>Criminat.</strong></span> <span class='ocrx_word' id='word_1_950' title='bbox 1056 5720 1122 5775; x_wconf 88' lang='lat' dir='ltr'><strong>Et</strong></span> <span class='ocrx_word' id='word_1_951' title='bbox 1153 5721 1209 5774; x_wconf 91' lang='lat' dir='ltr'><strong>in</strong></span> <span class='ocrx_word' id='word_1_952' title='bbox 1234 5719 1442 5773; x_wconf 92' lang='lat' dir='ltr'><strong>decret.</strong></span> <span class='ocrx_word' id='word_1_953' title='bbox 1472 5715 1626 5769; x_wconf 85' lang='lat' dir='ltr'><strong>Lucii</strong></span> <span class='ocrx_word' id='word_1_954' title='bbox 1659 5722 1713 5767; x_wconf 88' lang='lat' dir='ltr'><strong>et</strong></span> <span class='ocrx_word' id='word_1_955' title='bbox 1740 5712 1892 5767; x_wconf 85' lang='lat' dir='ltr'><strong>Julii.</strong></span> 
     </span>
    </p>
   </div>
   <div class='ocr_carea' id='block_1_116' title="bbox 3539 5625 3673 5690">
    <p class='ocr_par' dir='ltr' id='par_1_116' title="bbox 3539 5625 3673 5690">
     <span class='ocr_line' id='line_1_117' title="bbox 3539 5625 3673 5690; baseline 0 -35"><span class='ocrx_word' id='word_1_956' title='bbox 3539 5625 3585 5656; x_wconf 72' lang='grc' dir='ltr'><strong>ει</strong></span> <span class='ocrx_word' id='word_1_957' title='bbox 3617 5626 3673 5690; x_wconf 66' lang='lat'><strong>2’</strong></span> 
     </span>
    </p>
   </div>
   <div class='ocr_carea' id='block_1_117' title="bbox 3384 5695 3673 5763">
    <p class='ocr_par' dir='ltr' id='par_1_117' title="bbox 3384 5695 3673 5763">
     <span class='ocr_line' id='line_1_118' title="bbox 3384 5695 3673 5763; baseline 0 -14"><span class='ocrx_word' id='word_1_958' title='bbox 3384 5702 3579 5763; x_wconf 64' lang='lat' dir='ltr'><strong>quaest.</strong></span> <span class='ocrx_word' id='word_1_959' title='bbox 3610 5695 3673 5749; x_wconf 86' lang='lat'><strong>6:</strong></span> 
     </span>
    </p>
   </div>
   <div class='ocr_carea' id='block_1_118' title="bbox 2434 5625 3443 5748">
    <p class='ocr_par' dir='ltr' id='par_1_118' title="bbox 2434 5625 3443 5748">
     <span class='ocr_line' id='line_1_119' title="bbox 2434 5625 3443 5685; baseline -0.01 1"><span class='ocrx_word' id='word_1_960' title='bbox 2434 5630 2594 5685; x_wconf 80' lang='lat' dir='ltr'><strong>Salvo</strong></span> <span class='ocrx_word' id='word_1_961' title='bbox 2626 5633 2682 5682; x_wconf 79' lang='lat' dir='ltr'><strong>in</strong></span> <span class='ocrx_word' id='word_1_962' title='bbox 2713 5630 2975 5682; x_wconf 82' lang='lat' dir='ltr'><strong>omnibus.</strong></span> <span class='ocrx_word' id='word_1_963' title='bbox 3004 5626 3169 5680; x_wconf 85' lang='lat' dir='ltr'><strong>Hadr.</strong></span> <span class='ocrx_word' id='word_1_964' title='bbox 3202 5626 3328 5679; x_wconf 88' lang='lat' dir='ltr'><strong>coll.</strong></span> <span class='ocrx_word' id='word_1_965' title='bbox 3357 5625 3443 5678; x_wconf 59' lang='grc'><strong>11.</strong></span> 
     </span>
     <span class='ocr_line' id='line_1_120' title="bbox 2435 5696 3443 5748; baseline 0 0"><span class='ocrx_word' id='word_1_966' title='bbox 2435 5711 2543 5748; x_wconf 62' lang='lat' dir='ltr'><strong>uel.</strong></span> <span class='ocrx_word' id='word_1_967' title='bbox 2586 5700 2674 5748; x_wconf 61' lang='grc'><strong>13-</strong></span> <span class='ocrx_word' id='word_1_968' title='bbox 2704 5700 2787 5748; x_wconf 83' lang='grc' dir='ltr'><strong>ιίι-</strong></span> <span class='ocrx_word' id='word_1_969' title='bbox 2824 5699 2874 5748; x_wconf 89' lang='grc'><strong>1.</strong></span> <span class='ocrx_word' id='word_1_970' title='bbox 2905 5698 2998 5748; x_wconf 86' lang='lat' dir='ltr'><strong>lib.</strong></span> <span class='ocrx_word' id='word_1_971' title='bbox 3038 5714 3115 5748; x_wconf 81' lang='lat' dir='ltr'><strong>Ix.</strong></span> <span class='ocrx_word' id='word_1_972' title='bbox 3224 5696 3272 5727; x_wconf 66' lang='grc'><strong>⁸⁵</strong></span> <span class='ocrx_word' id='word_1_973' title='bbox 3294 5696 3347 5748; x_wconf 80' lang='grc'><strong>5.</strong></span> <span class='ocrx_word' id='word_1_974' title='bbox 3384 5711 3443 5748; x_wconf 83' lang='grc' dir='ltr'>αι</span> 
     </span>
    </p>
   </div>
   <div class='ocr_carea' id='block_1_119' title="bbox 467 5763 2003 5866">
    <p class='ocr_par' dir='ltr' id='par_1_119' title="bbox 467 5763 1995 5866">
     <span class='ocr_line' id='line_1_121' title="bbox 467 5763 1995 5866; baseline -0.009 -19"><span class='ocrx_word' id='word_1_975' title='bbox 467 5763 1353 5866; x_wconf 45' lang='grc' dir='ltr'><strong>ἓῆᾙὲίᾶἁ-ἷιὶἁὲξξξὶῗἰῖιῖἷηῖξεὶἷῗ</strong></span> <span class='ocrx_word' id='word_1_976' title='bbox 1371 5763 1889 5866; x_wconf 51' lang='grc' dir='ltr'><strong>ξ”ἐιῗιίεξίξιῖιῇίξὲίς</strong></span> <span class='ocrx_word' id='word_1_977' title='bbox 1904 5780 1995 5835; x_wconf 81' lang='lat' dir='ltr'><strong>Six</strong></span> 
     </span>
    </p>
   </div>
   <div class='ocr_carea' id='block_1_120' title="bbox 2105 5763 3642 5866">
    <p class='ocr_par' dir='ltr' id='par_1_120' title="bbox 2105 5763 3642 5866">
     <span class='ocr_line' id='line_1_122' title="bbox 2105 5763 3642 5866; baseline -0.008 -34"><span class='ocrx_word' id='word_1_978' title='bbox 2105 5781 2159 5833; x_wconf 87' lang='lat' dir='ltr'><strong>ll.</strong></span> <span class='ocrx_word' id='word_1_979' title='bbox 2233 5763 2792 5866; x_wconf 48' lang='lat' dir='ltr'><strong>“j‘contprovin’ciales.</strong></span> <span class='ocrx_word' id='word_1_980' title='bbox 2870 5765 3370 5866; x_wconf 29' lang='lat' dir='ltr'><strong>“rei‘i‘adtkncolkdl</strong></span> <span class='ocrx_word' id='word_1_981' title='bbox 3446 5766 3489 5798; x_wconf 82' lang='grc'><strong>⁸⁷</strong></span> <span class='ocrx_word' id='word_1_982' title='bbox 3521 5763 3642 5820; x_wconf 84' lang='lat' dir='ltr'><strong>Non</strong></span> 
     </span>
    </p>
   </div>
   <div class='ocr_carea' id='block_1_121' title="bbox 418 5837 3386 5935">
    <p class='ocr_par' dir='ltr' id='par_1_121' title="bbox 418 5837 3386 5935">
     <span class='ocr_line' id='line_1_123' title="bbox 418 5837 3386 5935; baseline -0.009 -16"><span class='ocrx_word' id='word_1_983' title='bbox 418 5837 1333 5935; x_wconf 50' lang='lat' dir='ltr'><strong>Eu}in’éfsiﬁfdliii&#39;pEéé&#39;pﬁBHé</strong></span> <span class='ocrx_word' id='word_1_984' title='bbox 1363 5837 2193 5926; x_wconf 42' lang='lat' dir='ltr'><strong>tie—celiulariis&#39;episcoporum</strong></span> <span class='ocrx_word' id='word_1_985' title='bbox 2237 5837 2535 5915; x_wconf 80' lang='lat' dir='ltr'><strong>descripta.</strong></span> <span class='ocrx_word' id='word_1_986' title='bbox 2575 5841 2707 5898; x_wconf 86' lang='lat' dir='ltr'><strong>Vide</strong></span> <span class='ocrx_word' id='word_1_987' title='bbox 2737 5856 2859 5911; x_wconf 76' lang='lat' dir='ltr'><strong>pag.</strong></span> <span class='ocrx_word' id='word_1_988' title='bbox 2885 5838 3013 5904; x_wconf 73' lang='grc'><strong>450,</strong></span> <span class='ocrx_word' id='word_1_989' title='bbox 3046 5839 3178 5893; x_wconf 84' lang='lat' dir='ltr'><strong>edit.</strong></span> <span class='ocrx_word' id='word_1_990' title='bbox 3218 5837 3386 5891; x_wconf 86' lang='lat' dir='ltr'><strong>Sirm.</strong></span> 
     </span>
    </p>
   </div>
  </div>
