4142 6406
503 360 634 421 1091

1684 358 1941 424 llYGlNll
1974 358 2175 427 Par/£1
2215 372 2597 433 Εῐδιδτοωε.

3636 391 3779 449 11192

500 488 637 550 acia,
674 486 913 542 vindicta
942 487 1142 558 dignus
1182 494 1301 554 est,
1342 489 1439 556 qui
1483 489 1606 544 aliis
1649 493 1866 548 exsistit
1914 510 2083 551 causa
2110 503 2158 560 Α
2186 499 2282 569 qui
2307 498 2472 568 impie
2509 503 2685 557 acturi
2721 512 2869 567 sum,
2906 519 3152 575 ponens;
3186 508 3343 578 quid,
3385 510 3633 580 putatis,
3671 514 3779 568 ini-

499 579 751 649 periculi.
780 578 882 644 Qui
916 594 1045 633 vero
1073 580 1546 647 innocentem,vel
1576 582 1799 639 fratrem
1829 601 2083 655 quocun-
2183 594 2310 663 quis
2349 604 2403 649 et
2445 595 2629 664 impiis
2667 599 3148 666 perseverantibus
3197 602 3253 656 in
3291 604 3536 673 nequitia
3577 621 3776 662 eorum

496 686 609 740 que
646 670 864 741 ingenio
899 672 1268 742 persequitur,
1290 675 1406 744 ipse
1435 675 1488 729 in
1523 692 1581 731 se
1599 676 1850 746 jugulum
1885 681 2079 736 mortis

497 762 769 833 impingit,
802 770 862 816 ut
893 764 970 817 ait
1001 763 1220 818 divinus
1245 775 1299 819 et
1326 765 1517 819 beatus
1547 782 1725 836 praeco
1752 781 1766 817 :
1798 787 1815 820 ι
1840 767 1959 823 Noli
1985 771 2079 825 de-

493 855 738 918 trahere,
764 870 834 909 ne
863 855 1195 920 eradiceris;
1222 856 1333 909 noli
1362 872 1644 926 accusare,
1672 876 1740 914 ne
1764 862 2074 929 accuseris;

492 948 605 1001 noli
625 946 895 1016 judicare,
920 962 988 1001 ne
1007 946 1306 1015 judiceris:
1333 950 1461 1019 quia
1488 950 1540 1004 in
1566 968 1675 1021 quo
1698 953 1906 1021 judicio
1924 954 2075 1024 judi-

491 1039 723 1102 caveris,
744 1039 1087 1109 judicabitur
1120 1040 1187 1095 de
1226 1048 1277 1095 te
1300 1041 1362 1095 ⁸⁸.
1393 1061 1411 1093 ι
1446 1040 1618 1097 Nemo
1650 1044 1948 1099 "creditur
1974 1062 2073 1103 nos

488 1132 692 1198 odisse,
722 1148 959 1203 quorum
981 1134 1243 1189 relatione
1261 1150 1369 1189 non
1397 1136 1630 1190 laeditur.
1656 1136 1794 1192 Dicit
1810 1139 1953 1192 enim
1970 1139 2075 1194 Do-

489 1224 694 1280 minus:
723 1243 743 1276 ε
773 1223 948 1279 Omne
966 1242 1194 1294 regnum
1213 1230 1266 1282 in
1292 1242 1349 1282 se
1365 1228 1622 1295 divisum,
1645 1244 1754 1284 non
1773 1234 2015 1299 stabit“;
2046 1252 2066 1285 ι

486 1318 669 1373 omnis
695 1318 924 1373 scientia
951 1328 1047 1373 aut
1076 1322 1262 1391 regula
1292 1322 1582 1376 adversum
1612 1338 1671 1377 se
1712 1324 1888 1379 divisa
1908 1368 1922 1389 ,
1961 1342 2071 1381 non

485 1410 673 1465 stabit.
700 1408 937 1479 Ideoque
958 1426 1184 1466 necesse
1206 1422 1309 1479 est,
1338 1421 1397 1467 ut
1426 1415 1776 1469 concorditer
1820 1417 2068 1473 salubres

482 1502 803 1573 suscipiatis
819 1503 862 1534 “
888 1506 1161 1571 hortatus,
1182 1506 1320 1560 nihil
1347 1512 1446 1577 per
1475 1509 1884 1563 contentibnem
1904 1525 2070 1581 agen-

481 1604 586 1661 tes,
623 1596 717 1650 sed
749 1595 816 1649 ad
844 1612 1007 1651 omne
1038 1598 1283 1653 studium
1307 1598 1617 1654 devotionis
1651 1601 1960 1665 unanimes,
1991 1601 2069 1657 di-

480 1688 627 1742 vinis
660 1698 713 1742 et
742 1690 1059 1758 apostolicis
1089 1692 1582 1747 constitutionibus
1622 1695 1883 1763 parcatis.

551 1780 683 1835 Data
709 1799 821 1837 xvu
853 1782 1125 1839 Kalendas
1152 1782 1426 1851 Octobris,
1450 1785 1649 1857 Magno
1680 1788 1735 1843 et
1771 1789 2063 1845 Camerino

479 1874 800 1931 consulibus
826 1876 869 1909 ⁶¹

1046 1990 1383 2046 EPISTOLA
1432 1994 1493 2049 ll.

945 2121 1024 2158 ΔΙ)
1078 2120 1587 2161 ATHENIENSES.

538 2215 871 2274 'ﬂtlltortalur
896 2236 981 2273 eos
1006 2236 1068 2273 ne
1093 2221 1257 2274 vitam
1285 2236 1405 2274 cum
1428 2221 1731 2291 inﬁdelibus
1768 2221 1984 2278 ducant.

486 2369 490 2372 ‘
542 2354 811 2429 Hyginius
842 2357 890 2390 ⁸³
914 2372 1074 2427 papa,
1104 2356 1556 2423 Atheniensibus,
1588 2356 1843 2412 salutem.

545 2467 565 2502 ι
598 2449 764 2504 Multa
812 2449 949 2504 mihi
992 2449 1193 2505 ﬁducia
1239 2456 1326 2504 est
1364 2449 1510 2519 apud
1559 2465 1692 2516 vos,
1738 2449 1960 2516 fratres,
2002 2462 2056 2505 et

465 2543 638 2599 multa
679 2543 934 2613 gloriatio
960 2558 1062 2613 pro
1109 2542 1292 2598 vobis.
1342 2541 1604 2611 Repletus
1643 2558 1765 2597 sum
1804 2544 2057 2598 consola-

462 2636 636 2701 tione,
664 2635 1055 2704 superabundo
1088 2634 1291 2705 gaudio
1322 2636 1376 2689 in
1409 2635 1562 2689 omni
1583 2635 1939 2690 tribulatione
1960 2650 2055 2689 ve-

464 2735 578 2782 stra
612 2726 677 2782 “.
720 2744 738 2777 ι
786 2724 1054 2780 Tribulor
1108 2726 1257 2780 enim
1306 2725 1533 2796 quando
1576 2725 1644 2781 de
1692 2726 1851 2781 vobis
1891 2726 2056 2781 audio

462 2817 610 2887 quod
661 2833 773 2871 non
819 2826 1068 2886 oportet;
1100 2817 1363 2872 consolor
1416 2832 1583 2879 vero,
1621 2816 1842 2886 quoties
1872 2831 1935 2870 ea
1968 2816 2055 2871 in-

461 2921 544 2964 ter
566 2924 665 2963 vos
690 2908 807 2963 fieri
830 2924 1163 2978 cognovero,
1187 2924 1309 2978 qua:
1330 2910 1507 2964 bonos
1527 2908 1874 2963 Christianos
1899 2909 2054 2964 decet

461 3001 710 3070 implere.
764 3022 784 3050 ι
813 2998 1014 3064 Nolite,
1043 2998 1266 3065 fratres,
1295 3000 1491 3071 jugum
1532 3001 1733 3056 ducere
1761 3016 1887 3056 cum
1923 3000 2050 3054 inti-

458 3095 676 3150 delibus
705 3095 773 3147 ⁸⁵.
804 3113 822 3146 ι
844 3091 1005 3148 Unde
1034 3092 1241 3148 Doctor
1270 3092 1518 3163 gentipm
1542 3092 1810 3162 loquitur,
1835 3092 2046 3147 dicens:

464 3206 485 3239 ε
521 3185 656 3253 Quae
700 3186 1053 3257 participatio
1090 3185 1322 3256 justitiaz
1370 3200 1495 3240 cum
1531 3184 1859 3255 iniquitate?
1908 3182 2045 3251 Quis
2072 3211 2115 3269 α

457 3287 641 3334 autem
673 3294 981 3334 consensus
1004 3278 1206 3347 templo
1234 3276 1328 3333 Dei
1360 3292 1487 3333 cum
1515 3276 1714 3331 idolis?
1749 3274 1862 3331 Vos
1897 3277 2045 3331 enim

454 3371 591 3427 estis
613 3372 877 3441 templum
910 3370 1006 3426 Dei
1043 3372 1175 3436 vivi,
1203 3372 1349 3427 sicut
1373 3370 1511 3427 dicit
1548 3369 1851 3424 Dominus:
1895 3367 2047 3436 Quo-

453 3468 604 3521 niam
639 3465 960 3520 inhabitabo
987 3466 1042 3519 in
1071 3465 1201 3528 illis,
1225 3476 1280 3520 et
1305 3464 1681 3530 inambulabo,
1712 3474 1767 3519 et
1792 3477 1890 3519 ero
1920 3462 2045 3517 illo-

449 3577 574 3616 rum
607 3560 787 3629 Deus,
833 3570 888 3617 et
929 3560 1031 3631 ipsi
1078 3569 1243 3617 erunt
1288 3561 1425 3615 mihi
1476 3560 1716 3631 populus
1754 3560 1820 3617 ⁸⁸.
1855 3579 1876 3612 ›
1912 3560 1955 3591 ⁸⁷
1984 3557 2045 3614 Si

450 3653 598 3708 enim
629 3654 775 3708 Deus
814 3654 1028 3725 angelis
1073 3653 1428 3723 peccantibus
1460 3667 1571 3706 non
1618 3652 1901 3722 pepercit,
1946 3651 2044 3707 sed

449 3746 780 3801 rudentibus
810 3745 1012 3800 inferni
1042 3746 1345 3813 detractos,
1390 3745 1447 3799 in
1485 3752 1752 3798 tartarum
1790 3743 2043 3807 tradidit,

448 3836 504 3890 iu
526 3837 796 3908 judicium
819 3838 1150 3893 cruriandos
1174 3837 1537 3904 reservari,et
1556 3836 1810 3907 originali
1832 3835 2039 3890 mundo

446 3945 560 3985 non
590 3931 868 4001 pepercit,
902 3931 996 3985 sed
1024 3940 1278 3985 octavum
1305 3928 1422 3985 Noe
1462 3929 1690 4000 justitiat
1726 3943 2036 3999 praeconem

447 4023 767 4088 custodivit,
790 4024 1062 4079 diluvium
1097 4024 1305 4078 mundo
1335 4023 1631 4094 impiorum
1665 4023 1956 4088 inducens,
1984 4029 2040 4076 et

447 4117 697 4172 civitates
721 4115 1092 4172 Sodomorum
1116 4125 1171 4172 et
1203 4116 1689 4171 Gomorrbazorum
1717 4116 1771 4170 in
1794 4116 2037 4170 cinerem

444 4210 738 4282 redigens,
779 4210 1065 4266 eversione
1094 4209 1421 4275 damnavit,
1461 4210 1773 4281 exemplum
1813 4223 2031 4275 eorum,

2181 686 2318 739 erit?
2342 685 2367 739 J
2378 696 2559 741 ustum
2583 703 2714 743 vero
2740 686 2841 743 Lot
2859 704 3204 759 Oppressum,
3235 709 3265 748 a
3293 694 3659 752 nefandorum
3686 699 3776 752 in—

2176 777 2323 847 juria
2350 788 2405 834 et
2428 781 2842 838 conversatione
2873 784 2917 816 ⁸³
2947 784 3122 852 eruit;
3147 797 3371 856 aspectu
3402 790 3549 843 enim
3589 797 3645 845 et
3666 807 3772 846 au-

2178 870 2296 926 ditu
2338 872 2522 942 justus
2555 882 2693 940 erat,
2728 875 2988 933 habitans
3014 879 3155 948 apud
3182 895 3302 945 eos,
3335 882 3428 950 qui
3464 883 3535 937 de
3580 885 3671 939 die
3711 886 3771 940 in

2178 965 2321 1019 diem
2368 966 2608 1021 animam
2646 967 2853 1038 justam
2894 970 3101 1041 iniquis
3127 973 3386 1043 operibus
3415 976 3767 1033 cruciabam.

2176 1055 2342 1111 Novit
2368 1056 2635 1115 Dominus
2658 1060 2779 1129 pios
2812 1062 2879 1116 de
2908 1065 3212 1120 tentatione
3241 1066 3454 1135 eripere
3477 1108 3493 1132 ,
3542 1068 3766 1139 iniquos

2176 1164 2308 1203 vero
2336 1149 2390 1203 in
2428 1150 2570 1205 diem
2608 1152 2805 1222 judicii
2841 1156 3171 1213 eruciandos
3222 1173 3541 1229 reservare;
3587 1166 3766 1236 magis

2174 1250 2358 1296 autem
2404 1258 2501 1298 eos
2539 1245 2633 1316 qui
2664 1257 2789 1316 post
2826 1263 3048 1304 carnem
3095 1252 3151 1305 in
3179 1254 3629 1323 concupiscentia
3660 1256 3767 1311 im-

2173 1335 2459 1390 munditiaa
2481 1338 2789 1404 ambulant,
2816 1340 3363 1415 dominationemque
3380 1356 3761 1416 contemnunt,

2172 1427 2432 1493 audaces,
2464 1429 2569 1482 sibi
2600 1430 2878 1500 placentes
2916 1443 3096 1488 sectas
3126 1450 3235 1489 non
3280 1448 3532 1494 metuunt
3561 1438 3762 1507 facere,

2171 1515 2637 1586 blasphemantes.
2665 1519 2820 1576 Unde
2837 1522 3000 1577 alieni
3026 1528 3233 1581 erroris
3257 1527 3471 1584 socium
3492 1532 3535 1562 ⁸⁷
3560 1546 3590 1585 a
3609 1532 3695 1586 sui
3714 1532 3763 1565 ⁷⁸

2167 1611 2439 1679 propositi
2471 1612 2691 1667 tramite
2722 1615 3093 1683 recedentem,
3127 1629 3221 1674 aut
3255 1624 3573 1691 apostolicae
3613 1626 3763 1683 sedis

2164 1700 2509 1769 jussionibus
2536 1703 2963 1771 inobedientem,
2991 1708 3271 1779 suscipere
3301 1727 3410 1766 non
3435 1729 3756 1784 possumus;

2166 1808 2265 1846 nec
2287 1793 2548 1862 impetere
2564 1796 2605 1827 ⁷¹
2625 1804 2770 1851 recte
2785 1798 3088 1865 credentes,
3101 1803 3183 1856 vel
3205 1813 3519 1860 sanctorum
3535 1805 3761 1864 Patrum

2163 1882 2508 1953 jussionibus
2526 1886 2963 1958 obtemperantes
2985 1884 3376 1963 permittimur,
3397 1898 3525 1968 quia
3542 1900 3684 1955 inter
3697 1902 3761 1956 li-

2164 1974 2315 2029 deles
2335 1984 2390 2029 et
2404 1976 2647 2032 infideles
2672 1993 2869 2049 magna
2893 1981 3052 2037 debet
3069 1998 3191 2038 esse
3208 1986 3486 2041 discretio.
3511 1988 3567 2043 Si
3589 1990 3759 2060 Deus,

2164 2063 2381 2133 fratres,
2402 2067 2569 2138 justis
2595 2071 2639 2101 ⁷²
2668 2086 2775 2125 non
2808 2073 3070 2142 pepercit,
3090 2076 3221 2145 quid
3235 2076 3301 2132 de
3324 2080 3486 2135 nobis
3513 2092 3757 2151 peccato-

2160 2159 2314 2215 ribus
2334 2161 2449 2215 fieri
2477 2163 2727 2230 putatis?
2752 2182 2770 2215 ι
2798 2164 3081 2221 Custodite
3101 2182 3199 2222 vos
3230 2169 3299 2223 ab
3316 2172 3467 2226 omni
3497 2174 3752 2243 inquina-

2159 2260 2346 2304 mento
2363 2253 2545 2307 carnis
2569 2262 2622 2307 et
2638 2254 2908 2323 corporis,
2923 2264 2983 2309 ut
3009 2257 3144 2311 salvi
3168 2257 3287 2314 sitis
3306 2260 3358 2314 in
3378 2261 3467 2318 die
3488 2263 3755 2323 adventus

2159 2343 2384 2398 Domini
2412 2345 2481 2401 ⁷³.
2520 2344 2701 2401 Unum
2737 2356 2920 2403 autem
2949 2349 3057 2405 hoc
3106 2367 3214 2406 non
3246 2354 3412 2410 lateat
3440 2372 3558 2420 vos,
3579 2361 3754 2415 iutait

2146 2435 2491 2504 Apostolus,¢
2515 2437 2851 2504 charissimi,
2886 2440 3017 2511 quia
3049 2459 3192 2500 unus
3215 2445 3333 2501 dies
3377 2449 3519 2516 apud
3563 2449 3751 2505 Domi-

2158 2540 2309 2592 num,
2342 2526 2486 2581 sicut
2527 2529 2676 2583 mille
2718 2530 2879 2595 anni,
2911 2540 2967 2587 et
2996 2534 3144 2589 mille
3184 2537 3355 2602 anni,
3408 2539 3553 2594 sicut
3604 2557 3747 2597 unus

2154 2617 2293 2673 dies.
2319 2617 2439 2673 Non
2473 2622 2656 2676 tardat
2680 2622 2949 2679 Dominus
2980 2628 3403 2696 promissionem
3445 2646 3626 2702 suam,
3652 2638 3747 2692 sed

2154 2712 2428 2780 patienter
2448 2724 2732 2785 exspectat
2761 2728 2983 2788 propter
3010 2736 3129 2788 vos,
3155 2723 3349 2779 nolens
3374 2725 3586 2797 aliquos
3616 2745 3745 2800 per-

2154 2802 2267 2870 ire,
2293 2803 2390 2858 sed
2420 2819 2615 2862 omnes
2658 2809 2724 2863 ad
2750 2811 3130 2879 penitentiam
3160 2817 3363 2870 reverti
3388 2816 3453 2871 ⁷⁸.
3480 2802 3746 2877 Adveniet

2152 2907 2336 2953 autem
2367 2900 2486 2955 dies
2514 2900 2731 2955 Domini
2766 2912 2824 2957 ut
2856 2903 2981 2970 fur,
3010 2905 3066 2958 in
3091 2921 3203 2975 quo
3229 2908 3354 2962 cceli
3395 2924 3595 2979 magno
3639 2915 3742 2969 im-'

2152 3000 2277 3059 petu
2304 2994 2602 3059 transient;
2640 2993 2909 3050 elementa
2958 3011 3092 3051 vero
3140 2998 3324 3054 calore
3366 3002 3647 3060 solventur
3671 3006 3739 3061 ⁷⁵.

2150 3081 2290 3136 Cum
2322 3083 2439 3138 haec
2465 3100 2597 3155 ergo
2624 3087 2811 3141 omnia
2835 3088 3185 3144 di‘ssolvenda
3212 3092 3345 3161 sint,
3368 3095 3559 3164 quales
3580 3111 3745 3167 oper-

2154 3182 2228 3229 tet
2249 3187 2349 3231 vos
2380 3191 2501 3231 esse
2534 3178 2589 3230 in
2627 3180 2835 3235 sanctis
2857 3184 3380 3243 eonversationibus
3420 3197 3475 3243 et
3519 3191 3745 3260 pietatia‘

2148 3267 2275 3335 bus,
2306 3278 2687 3339 exspectantes
2722 3282 2777 3328 et
2813 3287 3173 3345 properantes
3210 3279 3269 3333 in
3301 3281 3599 3338 adventum
3630 3284 3739 3341 diei

2148 3359 2267 3428 Dei,
2302 3377 2400 3432 per
2426 3378 2591 3434 quem
2624 3365 2747 3422 caeli
2772 3367 3030 3424 ardentes
3054 3370 3359 3439 solventur,
3387 3382 3443 3429 et
3465 3375 3739 3434 elementa

2146 3454 2289 3525 ignis
2333 3456 2516 3513 calore
2563 3459 2891 3516 tabescent‘!
2912 3460 3024 3518 Nos
3053 3478 3186 3519 vero
3217 3467 3389 3522 caelos
3425 3483 3597 3524 novos
3624 3510 3638 3535 ,
3682 3479 3737 3526 et

2146 3555 2351 3603 terram
2376 3565 2596 3620 novam,
2632 3559 2685 3608 et
2720 3554 2991 3623 promissa
3023 3555 3198 3626 ipsius
3233 3572 3641 3631 exspectamus,
3677 3565 3738 3620 in

2144 3642 2348 3712 quibus
2362 3643 2581 3713 justitia
2610 3645 2885 3704 inhabitat
2913 3650 2981 3704 ⁷⁸.
3006 3650 3153 3707 Deus
3184 3661 3369 3709 autem
3403 3658 3586 3712 omnis
3610 3674 3738 3729 gra-J

2141 3734 2253 3801 tiae,
2278 3735 2373 3804 qui
2394 3737 2611 3791 vocavit
2653 3752 2755 3792 vos
2802 3738 2860 3793 in
2906 3747 3167 3796 aeternam
3200 3758 3359 3798 suam
3395 3746 3645 3817 gloriam,
3676 3749 3732 3803 in

2142 3827 2363 3884 Christo
2386 3828 2515 3885 Jesu
2553 3830 2830 3886 modicum
2856 3848 3075 3903 passos,
3102 3835 3217 3906 ipse
3238 3841 3502 3907 perﬁciet,
3529 3846 3732 3898 contir-

2142 3922 2317 3977 mabit
2339 3930 2394 3978 et
2416 3923 2694 3978 solidabit.
2724 3923 2831 3995 Ipsi
2856 3927 3027 3997 gloria
3052 3930 3414 4001 etimperium
3444 3935 3498 3989 in
3530 3937 3735 3993 saecula

2144 4016 2495 4071 sarculorum.
2529 4016 2705 4071 Amen
2733 4017 2802 4073 ⁷⁷.
2842 4037 2863 4071 ι

2214 4109 2351 4163 Data
2378 4125 2413 4162 ι
2444 4104 2714 4165 Kalendas
2738 4108 2947 4179 Martii,
2973 4112 3170 4184 Magno
3192 4125 3245 4172 et
3275 4116 3570 4176 Camerino
3595 4137 3729 4177 con-

2140 4202 2354 4259 sulibus
2385 4203 2452 4258 ⁷⁸.

2065 4345 2139 4365 ..ι

959 4443 1077 4505 EX
1138 4441 1528 4503 DECRETIS
1564 4440 1884 4504 HYGINII
1942 4440 2168 4502 PAPIE
2232 4438 2658 4500 SECUNDUM
2693 4438 3201 4500 GRATIANUM.

872 4592 1087 4648 Sobolcs
1115 4609 1180 4647 ea:
1203 4594 1448 4649 secundis
1476 4594 1679 4664 nuptiis
1710 4592 1910 4653 aenita,
1940 4590 2346 4661 consanguineis
2376 4587 2570 4659 prioris
2590 4587 2689 4641 viri
2726 4586 2967 4651 copulari
2992 4602 3093 4639 non
3126 4585 3295 4640 debet.

509 4718 554 4749 "’
589 4715 646 4771 Si
683 4732 795 4787 qua
823 4718 1020 4772 mulier
1056 4718 1337 4773 transierit
1360 4717 1429 4772 ad
1461 4715 1736 4773 secundas
1758 4716 2003 4786 nuptias,
2035 4724 2091 4769 et
2115 4729 2182 4769 ex
2217 4712 2301 4769 eis
2330 4711 2541 4782 prolem
2588 4708 2863 4774 habuerit,
2906 4709 3023 4779 ipsa
3054 4707 3239 4777 proles
3282 4722 3390 4761 non
3432 4715 3613 4777 potest
3664 4724 3723 4763 se

439 4815 702 4883 copulare
738 4815 1058 4887 cognationi
1091 4814 1298 4885 prioris
1328 4815 1432 4869 viri
1455 4828 1633 4883 usque
1658 4813 1727 4868 ad
1756 4820 2006 4876 quartam
2035 4808 2469 4881 generationem.

1774 4952 1841 4990 EX
1871 4950 2064 4991 EISDEI
2096 4946 2377 4988 DECRETlSo

1266 5050 1632 5105 Ecclesiarum
1661 5050 1987 5104 consecratio
2011 5049 2207 5118 absque
2232 5045 2395 5099 missa
2416 5044 2533 5114 ﬁeri
2560 5057 2664 5097 non
2694 5042 2860 5096 debet.

519 5169 565 5204 ⁸ο
589 5168 793 5225 Omnes
825 5171 1066 5226 basilicae
1088 5186 1214 5226 cum
1241 5172 1411 5227 missa
1446 5170 1648 5225 debent
1668 5185 1884 5240 semper
1917 5165 2252 5233 consecrari,
2293 5173 2349 5219 et
2379 5162 2630 5219 ecclesiae
2662 5161 2978 5217 destructas.
3008 5157 3111 5214 Ubi
3145 5166 3327 5213 autem
3353 5156 3537 5229 plures
3563 5172 3711 5226 sunt,

488 5348 539 5408 με
568 5347 703 5402 an.
727 5346 915 5409 “.57;
946 5347 1136 5402 Matth.
1157 5365 1254 5415 vn,
1278 5350 1302 5403 1
1328 5368 1342 5415 ;
1367 5350 1526 5404 Rom.
1554 5366 1613 5403 ιι.

438 5434 561 5484 non,
604 5420 820 5487 legitur.
897 5419 939 5449 ⁸ο
971 5417 1161 5473 Matth.
1193 5436 1292 5484 xu,
1323 5421 1426 5487 25;
1467 5421 1637 5474 Marc.
1660 5434 1742 5484 lli,
1770 5421 1873 5486 24;
1912 5418 2043 5474 Luc.
2073 5437 2083 5473 ε

2186 5418 2271 5472 17.
2353 5420 2395 5449 εί
2432 5419 2489 5472 S.
2518 5417 2631 5471 Leo
2659 5432 2746 5485 ep.
2772 5414 2866 5487 77877.

1184 5491 1230 5521 ⁸⁵
1257 5493 1276 5543 l
1308 5492 1568 5566 Cor._vn,
1604 5491 1658 5545 4.
1691 5492 1856 5566 fill
1885 5490 2011 5543 Cor.
2042 5506 2083 5544 Vl

2159 5491 2266 5566 l4.__
2312 5490 2356 5566 δέ
2385 5490 2551 5566 Ibid.,
2581 5490 2666 5566 lli.
2714 5490 2788 5566 _"
2821 5490 3042 5566 llllfetr.
3078 5498 3139 5564 ιι,
3175 5490 3479 5566 quibusdan

1855 5569 2049 5629 quaest.
2074 5553 2112 5614 4
2130 5578 2143 5615 :
2181 5561 2353 5615 Alieni
2376 5576 2484 5614 err.
2514 5561 2580 5614 Et
2606 5560 2661 5613 in
2698 5557 2849 5629 decr.
2879 5553 3428 5629 Diony_sii_papa:,_et
3467 5556 3523 5609 in
3550 5557 3704 5629 decr.

1815 5624 2161 5699 “impedire,
2188 5632 2261 5684 ita
2287 5641 2341 5686 et
2366 5647 2468 5686 ms.
2548 5632 2592 5663 ’⁷³
2616 5647 2703 5683 eos
2730 5626 3030 5699 utiqite_p_ro
3052 5624 3441 5699 levibusculpis
3458 5628 3703 5699 puniens.

439 5437 561 5484 non,
604 5437 651 5473 Ie
692 5437 820 5471 itur.
897 5437 939 5449 νν
971 5437 1103 5473 matt

439 5491 485 5521 ⁸³
506 5506 611 5544 ms.
644 5437 895 5559 Eiginus.
932 5487 1103 5542 "ABD.

476 5561 657 5615 olatis.
726 5558 735 5559 ί
771 5559 814 5590 ⁸⁸
849 5558 1131 5613 luxuriosa
1158 5564 1572 5616 conversatione.

472 5631 589 5683 ulii.
699 5631 744 5662 το
772 5645 877 5685 ms.
904 5631 1232 5695 societatem,
1258 5632 1335 5686 vel
1361 5651 1393 5686 a
1425 5634 1529 5687 sui.
1563 5631 1736 5686 limo.

437 5699 483 5731 "
511 5702 556 5753 ll
585 5699 713 5754 Cor.
747 5717 845 5765 vn,
884 5701 934 5752 1.

441 5772 624 5822 itidem
660 5771 920 5837 temporis
945 5771 1244 5829 adnotatio.

437 5839 497 5895 in
526 5839 678 5893 Dur.
712 5841 861 5894 lvon.
896 5841 990 5894 lib.
1021 5855 1081 5893 tt.

1689 5562 1732 5595 60
1765 5561 1820 5624 ’δ’

1013 5700 1058 5730 ⁷⁸⁵
1095 5702 1139 5752 li
1171 5701 1315 5757 Petr.
1345 5720 1424 5771 ιιι,
1448 5704 1501 5766 8,
1532 5706 1584 5758 9.
1663 5705 1750 5755 ⁷⁵1
1782 5701 1978 5756 Thess.
2038 5719 2091 5766 v,
2122 5703 2179 5755 2.
2252 5702 2296 5733 ⁷⁸
2323 5704 2367 5755 ll
2391 5700 2539 5755 Petr.
2566 5717 2649 5766 ιιι,
2680 5700 2768 5753 11.

1353 5776 1396 5806 ⁷⁸
1421 5775 1510 5841 55,
1542 5792 1597 5854 q.
1630 5774 1731 5828 1οε
1765 5772 1825 5828 Si
1852 5789 1954 5843 qua
1982 5773 2195 5827 mulier.

1693 5348 1737 5380 ⁸9
1768 5348 1912 5403 Idem
1934 5346 2214 5403 Ennodius
2235 5342 2387 5412 Apol.
2420 5359 2513 5411 pro
2542 5341 2855 5410 Symmacho
2875 5342 3137 5413 extremis
3158 5343 3362 5411 verbis,
3389 5360 3443 5413 p.
3468 5344 3594 5405 355,
3616 5344 3710 5398 ubi

2986 5415 3030 5445 θ’
3063 5412 3201 5468 falsa
3228 5412 3519 5472 consulum
3556 5425 3708 5469 nota.-

2312 5490 2356 5521 “
2385 5490 2549 5551 Ibid.,
2581 5489 2666 5541 l6.
2694 5482 2709 5485 “
2746 5486 2789 5516 ⁸⁷
2821 5486 2867 5536 ll
2895 5482 3042 5537 Petr.
3078 5498 3139 5549 ιι,
3175 5485 3505 5552 quibusdam
3538 5486 3709 5539 inter-

2845 5696 2930 5746 ⁷⁷1
2957 5694 3102 5749 Petr.
3132 5712 3185 5757 v,
3209 5696 3297 5757 10,
3328 5694 3413 5748 ll.
3460 5694 3463 5695 ⁷
3494 5697 3537 5727 ⁷⁸
3568 5697 3705 5750 l'alsa

2307 5773 2354 5805 ⁸ο
2385 5772 2461 5826 De
2488 5764 2721 5827 consecr.
2755 5764 2997 5822 distinct.
3027 5765 3087 5821 l:
3119 5766 3314 5822 Omnes
3343 5767 3605 5824 basilice.
3636 5765 3705 5821 EI
