4142 6422
451 375 588 430 1109

1802 373 2170 429 PROLEGOM
2181 373 2336 428 ENA.

3573 370 3710 424 1110

448 507 552 544 nus
584 489 712 542 cleri
758 489 985 543 Romani
1029 488 1278 543 Senatum
1323 498 1479 543 vocat
1515 489 1592 557 (1)
1633 507 1644 541 :
1685 504 1822 558 quas
1863 507 2025 546 voces
2058 497 2100 552 A
2133 494 2309 558 primo
2339 491 2546 547 auctori
2580 504 2686 542 non
2714 488 3050 556 contigisset.
3083 484 3277 541 Petrus
3301 486 3706 558 Cluniacensis,

447 561 587 627 apud
629 559 850 613 Latinos
880 561 944 612 ab
984 561 1160 614 (elatis
1189 561 1396 613 notione
1424 558 1492 612 ad
1524 558 1736 630 honpris
1766 569 1814 613 et
1850 561 2023 630 digni-

448 632 576 682 tatis
629 630 1038 699 appellationem
1091 630 1374 684 transiisse
1421 637 1573 683 uotat
1619 628 1877 686 Petavius
1912 628 2019 699 (2).

444 699 648 754 Morem
709 701 982 755 salutandi
1038 701 1092 754 in
1147 699 1253 753 ﬁne
1305 701 1635 764 litterarum,
1690 699 2022 756 Christianis

445 779 575 824 tunc
615 770 784 826 fuisse
850 770 1322 839 acceptissimum,
1374 786 1474 824 nos
1544 771 1706 826 docet
1781 771 2021 826 Ecclesia

444 839 796 913 Smyrnensis
837 842 895 913 in
946 842 1176 913 epistola
1214 841 1584 913 demartyrio
1631 843 1806 913 sancti
1858 841 2020 913 Poly—

441 912 719 982 carpi,qui
747 912 849 966 fuit
871 911 968 965 Pio
987 912 1251 982 aequalis;
1288 912 1358 964 ibi
1397 916 1541 964 enim
1579 913 1659 966 sic
1683 911 2016 982 legitur(5):

442 980 685 1035 Salutate
708 999 885 1036 omnes
910 992 1144 1036 sanctos.
1171 981 1258 1051 jHi
1277 983 1366 1050 qui
1384 982 1656 1036 nobiscum
1680 980 1823 1045 sunt,
1844 980 2019 1036 omnes

439 1053 674 1106 salutant
703 1069 720 1105 :
744 1069 850 1122 qua
881 1054 934 1106 in
963 1069 1021 1106 re
1043 1069 1300 1122 magnum
1326 1052 1581 1108 Ecclesia:
1601 1053 1878 1109 doctorem
1905 1070 2020 1108 ma-

437 1122 585 1192 jores
615 1125 785 1178 nostri
817 1123 1017 1178 imitari
1049 1123 1357 1178 studebant.

517 1213 534 1243 ι
571 1193 694 1248 llaec
737 1195 803 1249 de
848 1195 989 1265 ston
1017 1193 1337 1264 posterioris
1363 1194 1629 1264 epistolae,
1657 1209 1822 1264 quam
1853 1193 2018 1249 Bevc-

439 1265 623 1334 regius
681 1265 1036 1318 indubitatam
1102 1273 1275 1334 vocat
1333 1267 1410 1333 (4)
1444 1307 1459 1330 ,
1516 1265 1636 1334 ejus
1705 1266 2018 1320 testimonio

440 1333 592 1398 usus,
622 1346 682 1389 ut
711 1343 822 1389 tres
844 1337 1135 1390 distinctos
1161 1335 1215 1388 in
1238 1333 1479 1391 Ecclesia
1523 1333 1766 1397 Ordines,
1802 1337 2016 1404 episco-

435 1419 557 1530 potse,
584 1407 928 1530 piretsbyteros
958 1414 1012 1460 et
1031 1405 1314 1470 diaconos,
1343 1407 1408 1460 A.
1444 1406 1505 1461 D.
1537 1406 1660 1472 145,
1685 1407 2018 1462 constitutos

435 1491 497 1529 os
557 1493 586 1528 n
629 1492 657 1530 a
688 1517 702 1530 .

435 1484 702 1530 ostendat.

511 1565 530 1596 ι
570 1545 633 1600 V.
685 1545 1067 1602 Tillemoutius
1123 1557 1248 1618 post
1297 1547 1562 1601 Blondelli
1621 1554 1673 1600 et
1717 1545 2013 1618 Pearsonii

436 1630 698 1671 censuras
725 1633 755 1670 a
786 1633 874 1672 me
915 1617 1181 1674 hactenus
1227 1620 1513 1680 refutatas,
1571 1617 1728 1672 alteri
1773 1618 2016 1686 epistolae

433 1688 606 1740 sancti
645 1687 726 1741 Pii
762 1689 942 1757 majus
968 1691 1243 1758 negotium
1275 1690 1545 1744 facessere
1569 1696 1745 1758 putat,
1779 1689 1924 1756 quod
1959 1689 2012 1741 in

430 1758 619 1810 eadem
655 1759 886 1812 traditur
924 1758 990 1812 de
1032 1757 1175 1814 Vero
1214 1759 1506 1814 Viennensi
1539 1757 1802 1827 episcopo
1829 1775 1860 1811 e
1905 1759 2012 1812 vita

2128 557 2319 618 Gallia:
2336 562 2694 630 ecclesiarum
2727 559 3043 630 conditores
3071 572 3422 630 enumerans,
3442 557 3656 630 aitr(i())
3691 582 3704 612 a

2129 633 2364 688 Irenaeus
2393 628 3082 701 Lugdu'nensiskCnnsct-ztvs
3115 629 3349 701 Viennae,
3374 636 3479 701 etc.
3505 628 3709 683 Passus

2127 703 2230 758 fuit
2260 705 2362 759 sub
2392 699 2650 771 Trajano,
2682 715 2748 754 ex
2788 699 3020 771 Baronio
3043 700 3176 771 (11).
3204 699 3319 771 Hoc
3341 699 3531 753 eodem
3571 709 3709 752 tem-

2123 791 2254 844 pore
2306 769 2625 842 martyrium
2684 770 3197 844 subiisseutraditur
3251 769 3372 836 ejus
3416 784 3708 844 successor

2124 840 2633 911 Zachariam—quem
2670 841 2883 909 excepit
2912 840 3216 911 Martinus;
3246 849 3409 908 atque
3433 840 3585 911 hunc
3606 841 3709 893 sub

2122 917 2311 970 eodem
2368 910 2607 982 'l‘rajano
2648 921 2868 967 secutus
2918 921 3004 982 est
3048 910 3231 975 Verus,
3268 910 3484 982 utiAdo
3514 919 3709 982 auctor

2122 997 2227 1040 est.
2299 981 2547 1051 Quatuor
2611 992 2791 1037 autem
2865 981 3158 1050 episcopos
3209 981 3355 1035 brevi
3417 981 3707 1034 intervallo

2124 1055 2492 1111 Viennensem
2523 1055 2808 1108 ecclesiam
2843 1053 3069 1116 rexisse,
3099 1067 3261 1106 nemo
3289 1051 3579 1105 mirabitur
3609 1054 3703 1120 qui

2122 1127 2465 1196 perpenderit
2498 1126 2550 1178 in
2585 1123 3071 1196 Hierosolymitama
3123 1123 3418 1196 quindecim
3445 1123 3705 1196 praesules

2121 1191 2340 1268 triginta
2369 1197 2526 1268 annis
2553 1191 2957 1268 sedisse,teste_
2980 1191 3216 1268 Eusebio
3246 1192 3358 1262 (12)
3383 1211 3396 1245 :
3428 1195 3562 1268 et__in
3599 1193 3704 1268 lto-

2120 1263 2281 1322 mana
2309 1271 2377 1323 ab
2404 1268 2466 1320 A.
2501 1265 2562 1320 D.
2595 1266 2700 1318 885
2729 1267 2795 1319 ad
2829 1267 2891 1318 A.
2925 1263 2988 1316 D.
3027 1264 3152 1328 912,
3184 1279 3376 1332 nempe
3415 1263 3549 1318 solis
3606 1265 3706 1316 tri-

2123 1339 2269 1406 ginta
2322 1338 2483 1393 annis
2534 1336 2933 1406 quatuordecim
2963 1335 3260 1406 pontiﬁces
3296 1334 3596 1400 numerari,
3644 1343 3705 1390 ut

2119 1403 2339 1463 constat
2363 1425 2427 1462 ex
2457 1403 2779 1461 Baronianis
2803 1405 3125 1475 Annalibus.
3170 1403 3329 1458 Verus
3374 1419 3505 1475 ergo
3537 1420 3700 1474 quem

2121 1480 2258 1533 nihil
2289 1488 2434 1532 vetat
2474 1477 2682 1531 sedisse
2720 1491 2894 1545 usque
2951 1475 3018 1530 ad
3068 1474 3133 1527 A.
3180 1475 3241 1529 D.
3278 1475 3400 1539 M6,
3437 1474 3546 1546 quo
3570 1476 3701 1546 iuni-

2119 1565 2290 1604 versae
2329 1548 2585 1603 Ecclesiae
2625 1562 2862 1616 praeesse
2893 1547 3059 1615 coepit
3100 1546 3250 1610 Pius,
3297 1561 3404 1616 non
3435 1546 3536 1600 sub
3565 1545 3701 1600 Tra-

2115 1621 2270 1688 jauo,
2296 1621 2390 1675 sed
2434 1620 2536 1674 sub
2568 1615 2845 1688 Antonino
2870 1616 3065 1686 Magno
3092 1631 3287 1685 passus
3312 1615 3436 1684 jure
3465 1617 3698 1688 dicetur,

2119 1687 2264 1743 Salva
2296 1690 2619 1744 auctoritate
2649 1687 2895 1755 Sulpicii.
2914 1689 3072 1755 cujus
3098 1690 3210 1740 haec
3233 1687 3539 1741 suntverba
3560 1687 3696 1757 (l5):

2122 1759 2229 1814 Sub
2251 1761 2469 1813 Aurelio
2504 1760 2758 1812 Antonini
2779 1759 2916 1826 ﬁlio,
2937 1759 3227 1824 persecutio
3245 1758 3425 1826 quinta
3450 1758 3654 1826 agitata
3679 1774 3698 1811 :

431 1827 667 1909 sublato,
715 1831 890 1897 deque
954 1827 1112 1910 lus-t9
1152 1833 1206 1885 in
1265 1831 1412 1910 ejus_
1436 1831 1614 1909 locum
1671 1846 1703 1881 a
1733 1830 2011 1910 fratribus
2045 1858 2086 1910 Β
2118 1848 2181 1884 ac
2207 1842 2333 1910 tum‘
2351 1831 2580 1910 primum
2619 1831 2764 1910 intra
2811 1827 3019 1882 Gallias
3054 1831 3312 1897 martyria
3349 1829 3482 1896 visa,
3528 1831 3700 1883 serius

429 1900 717 1969 constituto
751 1914 769 1951 .'
800 1915 922 1967 quae
973 1899 1218 1967 quidem,
1264 1899 1444 1969 inquit
1487 1900 1572 1953 vir
1612 1899 1864 1952 eruditus
1903 1899 2006 1962 (5),

428 1966 486 2040 in
521 1966 868 2040 concordiam
904 1966 1072 2039 redigi
1108 1966 1426 2040 neutiqunm
1464 1979 1696 2038 possunt
1729 1985 1850 2022 cum
1887 1969 2010 2021 Sul-

429 2037 573 2106 picio
621 2039 826 2094 Severo
876 2037 1199 2106 aliirniante,
1241 2037 1450 2095 nullum
1470 2037 1683 2094 Christi
1715 2050 2007 2108 martyrem

429 2118 554 2182 ante
599 2109 671 2164 M.
725 2111 1006 2182 Aurelium
1051 2112 1458 2182 imperatorem,
1492 2112 1606 2165 sive
1633 2119 1762 2182 ante
1801 2126 2008 2182 annum

429 2181 706 2247 vulgarem
741 2180 807 2233 70
841 2183 894 2234 in
923 2179 1362 2237 Galliis—obiisse.
1388 2182 1466 2236 Ad
1492 2184 1604 2235 haec
1655 2179 1842 2234 Verum
1865 2180 2010 2235 hunc

425 2250 726 2319 episcopum
758 2261 811 2305 ct
837 2263 1123 2320 martyrem
1152 2254 1235 2306 vel
1277 2267 1576 2320 nusquam,
1617 2251 1699 2305 vel
1737 2251 2007 2318 confesso-

428 2320 524 2382 ris,
552 2337 661 2374 non
692 2325 946 2392 martyris
985 2324 1143 2378 titulo
1177 2324 1473 2377 memorari
1504 2323 1782 2376 contendit
1813 2339 1825 2374 :
1859 2322 2008 2374 ideo-

426 2405 534 2458 que
568 2407 674 2445 non
713 2393 780 2447 ad
817 2392 1125 2457 secundum,
1176 2394 1270 2448 sed
1322 2393 1388 2446 ad
1445 2403 1696 2462 quartum
1746 2393 2005 2446 saeculum

426 2462 720 2533 pertinere,
772 2478 946 2532 eoque
989 2463 1303 2518 interfuisse
1347 2464 1580 2517 concilio
1621 2462 1638 2514 Ι
1677 2463 2003 2516 Arelatensi.

424 2530 702 2586 Chronico
740 2530 919 2587 autem
961 2534 1161 2589 Adonis
1206 2534 1446 2602 episcopi
1488 2533 1835 2599 Viennensis,
1879 2533 2006 2585 Cre-

423 2613 672 2673 scentem,
734 2603 1050 2658 Zachariam
1107 2615 1161 2659 et
1229 2605 1417 2658 Verum
1456 2604 1639 2673 (quem
1669 2613 2003 2672 postremum

425 2671 546 2727 silet
577 2673 696 2746 Ado
729 2675 843 2743 ipse
881 2677 934 2728 in
973 2674 1380 2746 Martyrologio)
1413 2675 1481 2746 ab
1496 2671 1686 2728 aliena
1726 2689 1888 2726 manu
1922 2673 2006 2725 in-

425 2753 600 2798 sertos
637 2745 829 2810 videri,
868 2747 1092 2800 minime
1120 2745 1125 2746 ⁷
1151 2761 1278 2800 vero
1316 2747 1386 2799 ab
1437 2745 1628 2799 Adone
1685 2745 2001 2797 eorumdem

424 2825 739 2868 sanctorum
765 2817 1058 2883 praesulum
1102 2832 1438 2872 successore.
1479 2815 1642 2869 Addit
1674 2815 1758 2867 vir
1785 2815 2000 2877 doctus,

421 2883 728 2956 simplicem
778 2885 893 2940 Veri
920 2888 1241 2942 memoriam
1274 2901 1560 2956 superesse
1595 2886 1649 2938 in
1685 2884 1885 2938 tabulis
1914 2899 2006 2956 ec-

422 2954 600 3027 clesiae
651 2955 995 3027 Viennensis,
1047 2967 1101 3010 at
1151 2954 1404 3027 martyris
1438 2956 1677 3027 elogium
1721 2956 1910 3027 deesse
1945 2955 2002 3007 in

420 3022 815 3096 Martyrologio
876 3026 1147 3082 Romano.
1220 3022 1313 3082 Sic
1371 3022 1774 3096 Tillemontius.
1823 3025 2004 3090 Quare

421 3095 514 3148 hic
566 3095 699 3149 inihi
734 3095 1029 3167 praecipue
1072 3099 1429 3153 laborandum
1464 3107 1524 3151 ut
1575 3095 1764 3149 Verum
1807 3098 2002 3165 episco-

418 3181 545 3233 pum
566 3177 614 3220 et
643 3178 930 3237 martyrem
958 3169 1203 3224 ecclesiae
1222 3185 1335 3225 sua:
1360 3167 1654 3222 Viennensi
1677 3167 1958 3221 restituam
1987 3183 2001 3220 :

418 3237 726 3309 inde_enim
758 3240 962 3307 patebit
989 3240 1279 3294 sinceritas
1307 3239 1550 3309 epistola:
1581 3237 1758 3292 sancti
1791 3237 1896 3291 Pii.

497 3326 517 3357 ι
550 3305 722 3361 Porro
756 3305 972 3364 diﬁicile
1022 3319 1107 3364 est
1150 3305 1360 3365 credito
1405 3310 1647 3363 Adonem
1681 3323 1794 3362 suae
1835 3309 2002 3364 eccle-

423 3378 521 3432 sia:
545 3378 843 3451 primordia
867 3390 974 3434 tam
1002 3382 1198 3450 supine
1225 3382 1528 3451 ignorasse,
1553 3388 1614 3451 ut
1635 3394 1699 3432 ea
1725 3379 2002 3451 Chronico

420 3463 522 3502 suo
547 3463 658 3501 non
687 3450 995 3516 inseruerit,
1021 3467 1144 3506 cum
1193 3449 1373 3506 tamen
1411 3450 1480 3504 de
1511 3450 1632 3504 aliis
1663 3449 1912 3504 ecclesiis
1948 3449 2000 3502 id

421 3529 674 3574 accurate
711 3522 1040 3587 praestiterit.
1091 3521 1460 3587 Quamobrem
1506 3520 1752 3574 Adonem
1797 3520 1997 3589 ipsum,

418 3596 476 3662 et
533 3604 640 3643 non
687 3591 878 3656 alium,
934 3599 1131 3647 seriem
1175 3593 1469 3662 praesulum
1516 3589 1916 3662 Viennensium
1970 3605 2000 3642 a

417 3658 711 3716 Crescente
761 3663 1071 3730 deductam,
1131 3658 1191 3716 in
1233 3662 1505 3718 Chronico
1547 3675 1647 3714 suo
1705 3659 1998 3730 digessisse

420 3737 649 3802 autumo
681 3750 694 3786 :
737 3743 1006 3788 consonat
1031 3729 1176 3788 enim
1213 3734 1443 3802 ipsemet
1472 3733 1606 3802 Ado
1640 3730 1694 3783 in
1735 3729 2002 3802 Martyro-

417 3799 569 3874 ιοεὶοΔ
620 3803 722 3874 (6),
792 3805 883 3857 ubi
955 3806 1097 3859 banc
1161 3799 1409 3874 eamdem
1474 3801 1743 3874 originem
1766 3799 2000 3874 __litteris

417 3871 761 3944 consigna'vit
800 3875 906 3928 hoc
957 3883 1118 3944 pacto
1152 3894 1165 3929 :
1213 3873 1440 3928 Sanctus
1471 3871 1732 3944 Crescens
1766 3871 1998 3944 Viennte,

419 3941 648 4015 t_:_ivit_ate_
684 3941 1004 4012 Galliarum,
1040 3962 1131 4014 per
1168 3945 1369 4015 aliquot
1414 3960 1582 3997 annos
1623 3943 1804 4015 sedit,_
1826 3943 2001 4015 ibique

417 4009 739 4086 Zachariam
786 4009 1106 4086 discipulum
1146 4009 1333 4085 pro'se
1367 4017 1666 4086 episcopum
1709 4009 1997 4086 ordinauit.

416 4083 557 4156 Ante
604 4083 849 4156 Adonem
905 4083 1095 4140 eadem
1141 4083 1437 4156 scripserat
1479 4084 1761 4156 Paulus_l
1808 4083 1999 4138 Ponti--

415 4151 507 4226 [ex
539 4153 592 4207 in
615 4155 844 4223 epistola
876 4156 945 4210 ad
973 4157 1232 4211 Carolum
1257 4151 1544 4226 Magnum,
1577 4155 1669 4210 ubi
1696 4153 1996 4210 Ecclesiam

416 4221 802 4297 Viennensem,
840 4228 1198 4296 apostolorum
1218 4221 1474 4297 collegam
1502 4226 1851 4292 Crescentem,
1884 4243 2002 4278 nta-

415 4295 639 4364 gistrum
683 4295 883 4351 habere
913 4299 1181 4352 meruisse
1234 4295 1466 4352 alIirntat
1502 4298 1602 4363 (7).
1648 4297 1997 4351 Crescentem

417 4365 622 4437 Gallias
681 4368 998 4436 religionem
1031 4370 1338 4433 edocuisse,
1368 4385 1434 4423 ex
1476 4368 1630 4422 Pauli
1668 4366 1910 4437 Epistula
1954 4367 1998 4419 ll

416 4436 482 4488 ad
531 4434 878 4509 Timotheum
933 4439 1138 4508 colligit
1189 4441 1381 4494 Petrus
1421 4441 1488 4495 de
1534 4434 1854 4509 Maron—(8).
1896 4437 2001 4493 Ne-

415 4521 522 4580 que
541 4506 646 4559 ulla
677 4508 778 4561 alia
807 4506 1106 4563 Galliarum
1141 4510 1386 4566 Ecclesia
1415 4520 1606 4580 praeter
1635 4506 1995 4580 Viennensem

413 4575 708 4648 Crescente
735 4581 983 4634 antistite
1022 4581 1303 4648 gloriatur.
1340 4575 1474 4634 Nam
1512 4581 1596 4633 vir
1628 4580 1876 4634 eruditus
1904 4579 1997 4632 Ni-

414 4646 603 4720 colaus
646 4648 897 4720 Serat'ius
941 4646 1048 4719 qui
1092 4650 1462 4717 Crescentem,
1509 4653 1824 4720 episcopqu
1873 4651 1990 4704 Mo-

414 4719 728 4793 guntiuum_
759 4719 939 4793 facere
982 4721 1170 4775 nititur
1221 4725 1321 4793 (9),
1362 4719 1574 4793 nullam
1594 4719 1716 4791 ejus
1758 4723 1992 4776 mentio-

413 4803 537 4842 nem
569 4789 623 4842 in
655 4790 801 4845 illius
833 4792 1077 4846 ecclesia:
1106 4789 1304 4848 tabulis
1333 4793 1522 4848 haberi
1555 4789 1755 4847 fatetur
1790 4812 1801 4845 :
1842 4794 1991 4862 quod

411 4925 562 5052 ιῸΙ(Ι1)
601 4924 780 4996 Ruﬁn.
817 4925 976 4996 Apol.
1026 4927 1119 4982 lib.
1168 4945 1249 4994 III,
1299 4946 1351 5000 p.
1385 4931 1511 4996 148,
1539 4931 1668 4986 edit.
1703 4947 1830 4986 nov.
1865 4921 1991 4988 [lie-

482 5067 560 5143 (2)
612 5066 791 5143 Petav.
848 5068 926 5143 de
957 5071 1119 5143 eccl._
1137 5069 1308 5135 Hier.,
1347 5072 1437 5126 lib.
1478 5087 1517 5138 ι,
1563 5088 1683 5143 cap.
1725 5074 1812 5139 12,
1845 5073 1873 5143 §
1901 5073 1986 5128 l6.
2039 5110 2042 5112 -

483 5139 561 5206 (5)
611 5139 831 5215 Smyrn:
881 5139 1026 5196 Eccl.
1082 5140 1254 5210 Epist.
1304 5144 1370 5196 de
1423 5139 1651 5214 martyr.
1718 5144 1776 5198 S.
1830 5139 1989 5215 Poly—

410 5223 586 5278 carp.,
618 5225 736 5278 cap.
767 5209 858 5264 20.

482 5281 559 5354 (4)
589 5279 833 5349 Bevereg.
869 5283 922 5336 in
961 5292 1085 5354 not.
1111 5284 1176 5336 ad
1208 5281 1418 5354 Callon.
1467 5281 1506 5336 ll
1551 5295 1751 5354 apost.,
1781 5294 1911 5339 tom.
1946 5285 1987 5340 I.

566 5361 742 5420 apost.
903 5353 1027 5416 459,
1060 5354 1165 5408 col.
1227 5353 1283 5416 2,
1343 5355 1446 5408 sub
1494 5345 1602 5408 lin.-
1640 5345 1770 5411 edit.
1810 5358 1980 5412 Atnst.

480 5493 557 5560 (5)
618 5491 824 5548 Tillem.
883 5493 1046 5548 Mem.

405 5577 461 5634 p.
489 5563 705 5636 lilibet
731 5575 866 5620 tom.
901 5566 992 5631 Ill,
1021 5583 1074 5636 p.
1105 5565 1232 5619 621.

477 5635 578 5709 (6)-
605 5634 743 5706 Αάο,
772 5636 991 5709 Martyr.
1022 5634 1035 5636 “
1071 5638 1124 5692 d.
1189 5639 1262 5692 27
1321 5634 1448 5691 Jun.
1532 5656 1584 5709 p.

406 5696 641 5759 Plautia.

479 5774 752 5902 (ζηιρριιιι
784 5777 872 5835 Jo.
908 5797 938 5834 a
963 5777 1128 5837 Basco
1157 5778 1414 5838 Biblioth.
1449 5777 1683 5837 Floriac.
1718 5791 1860 5853 part.
1897 5799 1982 5852 ιιι,

515 5885 526 5899 .
595 5863 654 5902 υ.-

403 5858 526 5917 pag.
557 5858 654 5902 45.-

1121 5494 1256 5568 eccl.
1311 5505 1442 5549 tom.
1479 5495 1519 5564 Ι,
1555 5513 1609 5568 p.
1675 5497 1802 5565 584,
1837 5507 1872 5553 t.
1922 5499 1986 5567 ll,

1664 5639 1786 5705 109,
1853 5641 1984 5698 edit.

2116 1911 2262 1955 trans
2301 1899 2578 1969 AlpesDei
2608 1900 2856 1969 religione
2878 1909 3141 1968 suscepta.
3651 1947 3656 1952 .

2193 1991 2210 2023 c
2254 1971 2411 2026 Hunc
2448 1968 2675 2038 Sulpicii
2711 1968 2906 2023 locum
2949 1971 3122 2024 critici
3175 1970 3527 2034 recentiores,
3581 1973 3699 2027 Sir-

2116 2044 2375 2104 mondus,
2412 2040 2690 2093 Launoius
2723 2049 2773 2093 et
2800 2039 3204 2106 Tillemontius,
3245 2042 3696 2110 interpretatione

2115 2132 2178 2168 ex
2217 2113 2390 2182 ipsius
2434 2112 2574 2180 juris
2609 2121 2663 2164 et
2695 2111 2974 2165 rhetorum
3018 2111 3301 2182 principiis
3347 2111 3548 2180 petita,
3589 2116 3697 2168 uti-

2115 2181 2245 2238 nam
2290 2197 2416 2237 cum
2461 2181 2732 2250 diptychis
2789 2181 3178 2236 ecclesiasticis
3236 2182 3291 2235 in
3341 2184 3692 2240 concordiam

2115 2255 2358 2322 redigere
2394 2253 2758 2305 maluissent:
2789 2252 2972 2322 generi
3010 2252 3154 2322 enim
3195 2268 3288 2320 per
3326 2253 3560 2319 speciem
3598 2256 3692 2309 dc-

2114 2320 2294 2392 roga‘ri
2330 2323 2528 2377 docent
2565 2320 2983 2393 jurisconsulti.
3025 2320 3220 2376 Petrus
3253 2323 3320 2377 de
3361 2323 3536 2393 Marca
3569 2325 3693 2393 jure

2111 2391 2329 2462 quidem
2353 2435 2369 2457 ,
2408 2408 2525 2446 mea
2561 2393 2850 2456 sententia,
2872 2392 3169 2446 arbitratur
3205 2393 3348 2462 (14),
3387 2391 3688 2462 Sulpicium

2113 2466 2263 2533 loqui
2299 2465 2366 2520 de
2401 2462 2674 2532 martyriis
2729 2462 3083 2532 general-ibus,
3132 2463 3392 2517 nimirum
3429 2468 3496 2518 de
3544 2467 3692 2521 caede

2111 2536 2455 2604 pontilicuuL
2466 2533 2628 2604 simul
2663 2544 2715 2587 et
2731 2535 2914 2604 plebis
2946 2533 3295 2604 Christianae,
3331 2535 3689 2602 quemadmo-

2110 2602 2239 2658 dum
2309 2606 2361 2657 in
2418 2602 2676 2658 Ecclesiis
2727 2603 3022 2658 Viennensi
3079 2613 3133 2657 et
3186 2603 3533 2674 Lugduncnsi
3587 2609 3691 2662 sub

2110 2674 2182 2730 Μ.
2209 2675 2434 2729 Aurelio
2481 2674 2684 2727 factum
2730 2683 2848 2735 est;
2901 2675 2989 2732 cui
3038 2674 3178 2728 cladi
3222 2675 3418 2728 similis
3462 2685 3587 2729 ante
3636 2682 3688 2731 in

2109 2746 2299 2800 Galliis
2353 2745 2515 2816 nulla
2556 2745 2877 2816 contigerat.
2935 2744 3043 2798 Nec
3086 2755 3367 2813 propterea
3404 2745 3519 2798 hanc
3573 2747 3689 2816 ipsa

2108 2815 2366 2886 generalis
2403 2815 2583 2869 clades
2624 2815 2868 2882 impedit,
2904 2816 3033 2884 quin
3084 2816 3385 2884 antiquitus
3420 2816 3510 2869 alii
3547 2815 3686 2885 prac-

2109 2888 2257 2941 sules
2291 2901 2391 2956 pro
2422 2886 2646 2940 Christo
2683 2895 2911 2956 mortem
2955 2886 3209 2948 obierint,
3244 2897 3372 2954 puta
3398 2888 3686 2955 Crescens,

2109 2954 2403 3011 Zacharias
2447 2958 2741 3024 caeteriquc
2771 2954 3139 3020 Viennenses;
3194 2957 3404 3025 absque
3454 2957 3565 3010 ullo
3601 2954 3684 3012 ta?

2109 3044 2232 3082 men
2270 3027 2510 3097 generali
2543 3027 2866 3080 Christiana:
2903 3027 3074 3096 plebis
3122 3028 3368 3090 excidio,
3407 3035 3465 3080 ut
3499 3039 3683 3096 postea

2107 3100 2211 3153 sub
2237 3098 2401 3152 Decio
2434 3097 2636 3166 pariter
2672 3097 2876 3150 factum
2937 3104 3040 3163 est,
3073 3098 3166 3166 qui
3205 3099 3256 3149 in
3291 3099 3440 3152 solos
3473 3097 3686 3166 cpisco-

2109 3185 2210 3238 pos
2237 3165 2449 3223 saeviit.’
2489 3165 2606 3220 Non
2647 3168 2767 3221 ideo
2802 3177 2983 3222 taunen
3033 3165 3106 3219 ini
3136 3167 3300 3222 rebus
3338 3165 3686 3236 perteueudis

2107 3240 2312 3293 erravit
2343 3238 2641 3306 Sulpicius,
2679 3239 2771 3306 qui
2809 3253 3022 3291 summa
3061 3247 3272 3292 tantum
3317 3240 3533 3291 illarum
3588 3257 3683 3294 ca-

2104 3311 2216 3378 pita
2251 3310 2462 3372 libavit,
2512 3311 2832 3376 praeteriens
2861 3307 3270 3362 Gallicanarum
3307 3311 3520 3363 sodium
3571 3314 3685 3366 ori-

2104 3381 2280 3449 gines,
2311 3395 2448 3448 quas
2481 3378 2708 3432 onmino
2738 3379 2973 3432 intactas
3007 3379 3247 3447 reliquit.

2179 3470 2198 3500 ι
2240 3449 2394 3515 Quod
2430 3463 2560 3502 vero
2596 3449 2693 3511 ait,
2729 3451 2897 3520 serius
2936 3458 3084 3520 trans
3107 3449 3266 3518 Alpes
3303 3448 3397 3503 Dei
3430 3451 3681 3520 religione

2103 3531 2366 3589 suscepta,
2398 3520 2504 3572 hoc
2537 3528 2680 3574 recte
2713 3519 2931 3588 quidem
2959 3519 3034 3571 ait
3056 3522 3466 3589 comparatione
3498 3519 3682 3577 habita

2105 3587 2338 3661 partium
2368 3587 3034 3661 orientaliumipsiusque
3066 3587 3252 3654 Italiae,
3284 3607 3406 3659 quae
3431 3592 3681 3647 doctrina

2104 3659 2224 3717 iidei
2261 3662 2411 3729 prius
2445 3659 2650 3732 imbuta
2679 3669 2782 3726 est,
2817 3667 3192 3732 proventuque
3223 3661 3486 3726 uberiori,
3513 3680 3680 3732 quam

2103 3733 2288 3787 Galliae
2321 3771 2335 3796 ,
2407 3730 2760 3798 profanarum
2830 3731 3282 3799 superstitionum
3352 3730 3676 3788 tenaciores.

2103 3804 2183 3857 Ad
2208 3803 2320 3856 hanc
2345 3800 2606 3872 Viennam
2641 3801 2784 3853 intra
2811 3801 3146 3868 provinciam
3161 3800 3463 3857 Rotnanam
3500 3805 3680 3872 potius

2103 3889 2268 3944 quam
2288 3873 2445 3944 intra
2476 3869 2684 3944 Callias
2720 3873 2939 3944 stetisse
2973 3881 3189 3944 constat
3229 3891 3242 3925 :
3299 3890 3427 3928 nam
3463 3869 3516 3927 in
3544 3875 3680 3928 lem-

2105 3940 2251 4016 mate
2284 3940 2539 4016 Epistolas
2573 3942 2991 4016 de__mar_tyribus
3015 3940 3407 4016 Viennensibus
3450 3954 3505 3999 et
3537 3945 3680 4016 Lug-

2104 4014 2427 4067 dunensibus
2463 4014 2604 4081 apud
2628 4012 2924 4068 Eusebium
2953 4013 3088 4082 (15),
3111 4013 3430 4083 Lugdunum
3453 4012 3678 4070 vocatur

2105 4087 2234 4139 urbs
2266 4083 2457 4138 Galliae
2480 4121 2496 4146 ,
2533 4099 2656 4153 qua:
2703 4085 3050 4152 postmodum
3099 4087 3309 4139 devicta
3357 4087 3492 4151 fuit,
3525 4104 3676 4156 quae-

2103 4172 2209 4226 que
2259 4165 2396 4226 tunc
2422 4165 2574 4210 extra
2612 4155 2877 4226 terminos
2911 4156 3207 4224 provinciae
3240 4156 3498 4211 Romana:
3542 4155 3676 4211 ecu-

2105 4224 2344 4280 Sebatur.
2383 4225 2498 4281 Non
2536 4227 2610 4279 ita
2651 4224 2871 4291 Vienna,
2907 4241 3029 4295 quae
3058 4229 3276 4295 proprie
3312 4237 3430 4282 erat
3464 4229 3517 4280 in
3547 4244 3678 4296 pro-

2105 4297 2283 4350 vincia
2309 4296 2593 4363 Romana;
2649 4297 2882 4365 ideoque
2933 4297 3001 4349 ad
3059 4299 3147 4350 illa
3204 4315 3310 4351 non
3367 4300 3678 4353 extenditur

2103 4369 2256 4421 locus
2314 4369 2594 4437 Sulpicii:
2650 4369 2796 4436 quod
2854 4377 3033 4422 tamen
3088 4371 3154 4421 de
3215 4385 3366 4423 more
3419 4373 3678 4425 audacter

2103 4441 2473 4507 pronuntiavit
2508 4437 2903 4510 Lauuoius_._rln
2930 4439 3120 4493 eodem
3156 4439 3409 4494 lemmate
3438 4441 3674 4510 primum

2102 4511 2267 4562 etiam
2319 4510 2498 4564 locum
2537 4510 2739 4564 habere
2774 4507 3047 4581 Viennam
3073 4522 3295 4581 propter
3337 4507 3456 4580 ejus
3493 4511 3680 4566 Eccle—

2029 4573 2073 4628 D
2102 4582 2198 4633 sia:
2229 4582 2609 4649 antiquitatem
2633 4624 2647 4646 ,
2683 4589 2875 4634 auctor
2907 4589 2990 4633 est
3018 4573 3331 4635 Blondellus
3356 4573 3469 4650 (16)
3496 4599 3511 4646 ;
3565 4599 3685 4635 ιιυιι.

2093 4665 2259 4717 vero,
2304 4652 2461 4720 quod
2498 4652 2724 4705 honoris
2777 4652 3134 4720 praerogativa
3185 4655 3238 4704 in
3290 4654 3484 4706 ordine
3528 4654 3675 4707 civili

2093 4729 2226 4775 tunc
2277 4719 2496 4775 Viennae
2549 4737 2660 4789 prae
2711 4719 2999 4790 Lugdune,
3063 4738 3128 4776 ex
3186 4723 3435 4777 instituto
3490 4722 3677 4778 Galba:

2094 4801 2468 4861 competeret,
2526 4800 2586 4846 ut
2627 4793 2806 4846 visum
2852 4801 2936 4845 est
2971 4791 3136 4848 Petro
3180 4793 3248 4847 de
3294 4793 3474 4849 Marca
3519 4795 3669 4865 (17);

2167 4926 2244 4997 (8)
2277 4926 2463 4980 Marca
2488 4926 2663 4998 Epist.
2717 4926 2783 4981 ad
2817 4923 2985 4998 Henr.
3019 4925 3198 4998 Vales.
3236 4925 3263 4996 §
3299 4927 3353 4993 5,
3392 4944 3512 4998 pag.
3543 4917 3669 4984 125.

2094 4995 2286 5052 ExStat
2324 4995 2570 5067 subjecta
2601 4997 2906 5052 Dissertatt.
2942 4995 3004 5067 tle.
3031 4995 3331 5052 Concordia

2167 5070 2246 5138 (9)
2291 5066 2471 5122 Serar.
2509 5067 2756 5138 Mogunt.
2785 5082 2905 5136 cap.
2936 5066 2992 5129 2,
3029 5083 3154 5138 pag.
3187 5067 3314 5125 251.

2191 5143 2276 5200 10)
2319 5138 2471 5193 Petr.
2495 5138 2652 5194 Cluu.
2681 5138 2776 5194 lib.
2809 5138 2852 5203 l,
2883 5139 3128 5205 epist.,2.

2193 5211 2282 5290 11)
2321 5210 2522 5290 Baron.
2574 5209 2643 5289 ad
2674 5224 2806 5262 ann.
2846 5209 2970 5273 118,
3007 5208 3034 5279 §
3066 5210 3120 5274 4,
3175 5219 3230 5265 et
3286 5213 3340 5266 in
3391 5211 3669 5290 Martyrol.

2093 5278 2250 5337 add.
2287 5297 2436 5334 xxvn
2468 5278 2636 5333 Junii.
3017 5278 3028 5279 ί
3081 5311 3084 5315 -

2164 5350 2279 5422 (12)
2307 5349 2679 5423 Euseinist.
2711 5351 2846 5405 eccl.
2882 5350 2977 5407 lib.
3013 5367 3084 5416 Iv,
3110 5368 3229 5423 cap.
3261 5353 3316 5408 5.

2162 5419 2276 5498 (15)
2299 5419 2610 5498 _Sulp_._§ev.
2631 5420 2769 5477 Hist.
2784 5437 2924 5477 sacr.
2953 5424 3047 5478 lib.
3071 5439 3131 5488 ιι,
3151 5419 3270 5495 cap.
3291 5429 3379 5496 32,
3401 5428 3665 5498 pag.9.&6.

2090 5496 2218 5552 edit.
2252 5492 2400 5564 Lips.
2435 5492 2593 5548 1709.

2162 5566 2276 5638 (14)
2318 5566 2505 5638 Marca
2538 5567 2704 5634 Epist.
2743 5567 2809 5620 ad
2834 5565 3014 5622 Vales.
3055 5567 3084 5638 §
3113 5569 3205 5626 25.

2186 5637 2276 5708 15)
2321 5637 2512 5710 Euseb.
2558 5638 2859 5710 Histieccl,
2894 5641 2988 5692 lib.
3022 5637 3074 5704 v,
3095 5657 3226 5710 cap.
3262 5648 3310 5702 1.

2189 5713 2276 5780 16)
2318 5709 2561 5764 Blondel.
2595 5711 2662 5764 de
2687 5709 2912 5763 Prnnat.
2943 5725 3064 5780 pag.
3093 5709 3215 5770 714.

2163 5784 2277 5855 (l7)
2319 5782 2506 5838 Marca
2541 5784 2607 5841 de
2635 5781 2922 5839 Primatib.
2959 5781 3134 5853 §l12.
