4142 6492
458 411 595 469 1113

1793 388 2329 469 mommsens.

3583 406 3726 464 1114

454 528 738 595 colobium,
774 536 979 584 vestem
1025 534 1133 582 tam
1183 526 1477 599 gentilibus
1505 541 1669 599 quam
1695 526 2028 599 Christianis
2058 533 2104 590 Α
2133 528 2201 583 ad
2232 541 2398 599 opera
2436 524 2728 599 Cypriani:
2760 525 2907 599 unde
2933 538 3165 599 prorsus
3196 522 3596 599 contemnenda
3634 534 3720 580 est

453 603 589 659 alias
618 615 987 664 communem,
1019 599 1097 653 sic
1130 597 1385 669 graphice
1408 598 1698 653 delineavit
1729 597 1806 668 (1)
1851 616 1865 651 :
1904 597 2019 652 Ne-

454 689 553 745 que
585 681 732 745 trans
775 670 1231 745 cruraprodiga,
1272 685 1364 722 nec
1413 670 1561 745 intra
1573 684 1767 745 ‘genua
1815 669 2017 745 invere‘:

454 738 645 806 cunde,
684 758 777 795 nec
814 740 1045 793 brachiis
1083 755 1259 807 parce,
1287 755 1378 793 nec
1415 738 1661 792 manibus
1702 747 1865 792 arcte.
1912 738 2019 793 Sed

451 825 571 868 erat
598 813 761 865 etiam
795 810 942 866 aliud
988 810 1248 862 colobium
1297 826 1327 862 a
1380 810 1589 875 vulgari
1637 817 1691 863 et
1736 810 2019 863 communi

452 883 752 947 diversum,
793 896 903 948 quo
954 880 1044 933 uni
1079 879 1318 949 episcOpi
1371 879 1423 932 in
1479 879 1655 933 sacris
1704 880 2018 942 utebantur,

450 961 737 1024 propterea
783 953 1000 1024 dictum
1039 949 1196 1024 a_Pi9
1236 949 1496 1024 colobium
1524 950 1904 1024 episcoporum:
1947 949 2021 1024 [ie

451 1017 519 1081 eo
550 1017 607 1078 ﬁt
640 1022 846 1077 mentio
894 1021 948 1075 in
976 1022 1126 1075 Actis
1153 1020 1295 1074 Petri
1329 1017 1679 1074 Alexandrini
1699 1017 1819 1074 sub
1848 1017 2021 1073 Maxi-

450 1096 600 1149 mino
626 1093 793 1163 passi,
824 1108 947 1163 qua:
988 1092 1041 1144 in
1078 1108 1241 1163 suum
1260 1090 1703 1163 Martyrologium
1739 1091 2018 1163 transtulit

447 1166 567 1220 Ado
594 1160 668 1217 vii
718 1162 837 1218 Kal.
876 1161 1189 1218 Decembris
1239 1181 1251 1216 :
1292 1162 1362 1215 ibi
1403 1160 1553 1214 enim
1600 1161 1681 1213 vir
1732 1160 2017 1214 sanctissi-

447 1251 573 1290 mus
605 1234 883 1288 Christum
936 1233 1040 1289 sibi
1094 1233 1413 1303 apparuisse
1461 1245 1777 1285 memorans
1820 1248 1835 1283 :
1878 1229 2014 1303 Erat

447 1319 645 1368 autem,
674 1304 869 1372 inquit,
893 1302 1111 1357 indutus
1130 1301 1362 1357 comato
1393 1317 1550 1355 LINEO
1579 1315 1830 1365 CANDIDO,
1856 1301 2015 1372 nimis

446 1377 712 1431 conscissa
750 1370 802 1427 _a
847 1390 1054 1428 summa
1105 1390 1265 1443 usque
1322 1373 1607 1437 deorsum,
1658 1380 1710 1424 et
1759 1370 2015 1425 ambabus

446 1446 693 1499 manibus
731 1444 1077 1514 conjungebat
1116 1443 1250 1497 illud
1286 1444 1428 1496 circa
1458 1452 1638 1513 pectus
1677 1458 1855 1507 suum,
1884 1457 2017 1510 quo-

446 1516 729 1570 dummodo
790 1516 1091 1581 cooperiens
1147 1515 1442 1567 nuditatem
1498 1528 1650 1565 suam
1696 1529 1714 1567 :
1757 1528 1906 1580 quem
1954 1521 2013 1565 ut

444 1588 595 1650 vidi,
640 1587 826 1639 timore
867 1585 1030 1637 nimio
1079 1594 1369 1651 correptus,
1417 1584 1627 1636 tandem
1677 1583 2011 1650 confortatus

445 1658 531 1711 aio
566 1656 636 1710 ad
671 1673 788 1709 eum
820 1652 989 1718 :Quid
1026 1663 1125 1721 est,
1162 1654 1400 1719 Domine,
1424 1653 1562 1723 quod
1600 1655 1748 1706 video
1778 1668 2012 1707 TUNICAM

448 1738 594 1782 tuam
638 1729 862 1780 scissam
919 1742 950 1777 a
993 1741 1195 1794 summa
1242 1741 1404 1794 usque
1450 1724 1743 1794 deorsum?
1809 1723 2011 1778 Eadem

448 1807 697 1869 pnostant
733 1797 785 1849 in
814 1792 1443 1869 viilgato_i\riai'_tyroiogiti
1476 1792 1651 1858 Bedze,
1700 1803 1771 1869 et_
1797 1794 1852 1869 in
1887 1808 2010 1848 meo

445 1864 633 1923 codice
684 1882 789 1921 ms.
841 1864 1096 1921 Usuardi.
1157 1864 1250 1921 Sic
1292 1864 1486 1919 Petrus
1540 1880 1710 1919 unum
1757 1864 2012 1923 idemque

444 1939 831 1993 vestimentum
892 1944 946 1990 et
997 1934 1255 1989 colobium
1308 1946 1361 1989 et
1413 1935 1647 1988 tunicam
1688 1943 1864 1988 vocat.
1916 1934 2013 1991 His

440 2009 774 2076 respondent
798 2008 931 2061 Acta
960 2006 1146 2061 Graeca
1195 2006 1338 2060 edita
1386 2021 1416 2059 a
1450 2004 1745 2060 Francisco
1779 2004 2013 2060 Combe-

438 2077 582 2144 ﬁsio,
632 2078 723 2132 ubi
773 2077 967 2147 legitur
997 2076 1075 2145 (2)
1126 2076 1484 2147 Κολόὸιοννθι
1537 2076 1753 2147 Χιτῶνα
1798 2094 1813 2129 :
1864 2076 2011 2145 quod

438 2157 777 2217 postremum
832 2146 1158 2202 Anastasius
1205 2146 1661 2201 Bibliothecarius
1705 2146 2008 2217 interpres,

437 2215 582 2287 apud
612 2218 909 2273 Baronium
958 2219 1036 2286 ('5)
1085 2217 1394 2289 generatim
1415 2217 1579 2289 vertit
1621 2215 2007 2281 indumentum,

437 2286 562 2344 cum
595 2293 777 2344 potius
806 2289 1040 2342 tunicam
1072 2286 1278 2342 v'ertere
1311 2286 1613 2341 debuisset.

514 2305 562 2342 m
633 2304 777 2343 ouus
806 2304 1040 2342 tunicam
1072 2304 1278 2342 vertere
1311 2304 1613 2341 uenutsser.

514 2377 535 2410 ι
581 2304 788 2414 Xuctor
835 2358 912 2412 De
956 2358 1147 2411 divinis
1196 2357 1377 2427 ofﬁciis
1415 2371 1533 2425 cap.
1586 2373 1750 2411 χχχιι
1799 2356 1901 2479 (ᾗ),
1958 2366 2013 2413 et

514 2431 716 2479 anl'illS
754 2429 1267 2479 Auanstodunensis
1299 2428 1398 2479 l5).
1458 2426 1717 2479 colobium
1746 2442 1778 2479 a
1855 2469 1867 2479 .
1905 2426 2007 2479 Sil-

436 2425 716 2485 Honorius
754 2425 1267 2499 Augustodunensis
1299 2428 1398 2496 (5),
1438 2426 1717 2499 colobium
1746 2442 1778 2481 a
1809 2425 1867 2481 Β.
1905 2426 2007 2482 Sil-

432 2508 618 2555 vestro
651 2501 705 2553 in
755 2498 1099 2553 dalmaticam
1124 2513 1345 2553 versum
1394 2498 1667 2568 adimant
1705 2516 1720 2552 :
1775 2513 2010 2568 eamque

434 2570 504 2625 ab
548 2569 737 2623 eodem
786 2568 1040 2639 pontifice
1072 2568 1288 2639 initium
1317 2567 1621 2639 sumpsisse
1649 2569 1813 2622 tradit
1845 2567 2009 2623 etiam

437 2638 769 2710 Walal’ridus
792 2638 919 2710 7(6);
956 2653 1191 2710 quorum
1231 2638 1421 2710 _dictis_
1441 2638 1714 2706 acquievit
1737 2639 2011 2710 cardina-

431 2710 499 2781 iis
524 2708 670 2781 Bona
710 2706 817 2781 (7).
843 2706 1046 2781 Contra
1081 2707 1371 2781 Anselmus
1398 2706 1671 2781 Lucensis
1706 2708 1807 2777 (8),
1840 2708 2013 2781 Euse-

430 2780 523 2835 bio
547 2780 599 2833 in
633 2776 822 2835 testem
850 2780 1110 2844 adducto,
1136 2777 1411 2832 Liberium
1448 2776 1774 2843 dalmaticae,
1821 2778 2011 2833 colobii

432 2848 794 2921 Sylvestrnm,
844 2858 1101 2921 auctores
1152 2848 1301 2921 facit.
1354 2848 1799 2921 SediAnselmAus
1842 2850 2011 2921 dubio

428 2917 750 2992 proculisua
777 2920 959 2992 hausit
971 2936 1050 2992 ex
1072 2918 1224 2992 Actis
1239 2919 1567 2992 apocryphis
1621 2917 1678 2992 S_.
1710 2918 2008 2992 Sylvestri;

429 2988 553 3060 qua:
593 2991 714 3071 ideo
745 2990 941 3071 tribuit_
971 2989 1227 3071 Eusebio,
1262 2988 1419 3071 quod
1446 2989 1602 3071 initio
1646 2988 1888 3071 PrologL
1917 3005 1983 3044 oc

428 3058 654 3115 currant
687 3062 802 3117 liaac
832 3060 995 3115 verba
1034 3077 1046 3113 :
1088 3058 1569 3129 H_i_sloriographus
1620 3070 1800 3113 noster
1823 3058 2013 3113 ’Euse-

428 3130 545 3186 bius
575 3130 954 3195 Ctesareensis,
986 3146 1105 3184 cum
1124 3127 1417 3183 Historiam
1438 3130 1851 3183 ecclesiasticam
1875 3132 2015 3183 scri-

426 3203 590 3268 beret,
616 3202 954 3271 praetermisit
982 3216 1044 3255 ea
1075 3216 1207 3271 quae;
1225 3216 1277 3253 se
1301 3201 1356 3253 in
1378 3200 1500 3254 aliis
1538 3200 1805 3271 apusculis
1827 3200 2013 3254 memi-

2131 593 2348 668 ynlgata
2382 593 2567 668 lectio,
2592 613 2715 668 qua:
2760 597 2881 652 loco
2924 593 3118 650 tunicis
3145 596 3315 668 habet
3346 593 3716 668 dalmaticam.

2126 665 2280 723 Hanc
2326 665 2621 722 lectionem
2658 666 3013 721 librariorum
3053 666 3297 720 audacia:
3342 665 3533 719 tribuit
3574 667 3716 719 idem

2124 738 2307 793 Fellus
2341 757 2355 793 :
2398 754 2522 793 cum
2565 738 2711 792 enim
2741 737 2967 792 oﬂlciosi
3000 737 3251 790 homines
3279 736 3513 806 tunicam
3540 736 3720 806 digni-

2123 810 2221 863 tati
2241 808 2534 877 episcopali
2566 809 2896 877 respondere
2918 823 3024 877 non
3046 808 3348 867 crederent,
3367 804 3719 877 daimaticam

2120 875 2543 935 substituerunt.
2579 876 2637 931 ln
2659 875 2910 931 Adonem
2952 876 3239 947 Bosweydi
3272 893 3408 929 xvm
3440 875 3716 933 Kalendas

2125 950 2402 1013 Octobris,
2427 948 2773 1001 dalmaticam
2802 946 3099 1002 manifesto
3122 946 3407 1015 irrepsisse
3437 950 3714 1015 comperi-

2120 1036 2265 1074 mus.
2298 1019 2374 1073 lbi
2402 1021 2548 1072 enim
2574 1020 2640 1073 de
2662 1019 2936 1089 Cypriano
2972 1018 3051 1073 sic
3081 1018 3307 1089 legitur:
3353 1016 3715 1089 Dalmaticam

2123 1107 2357 1145 TUNICAM
2393 1090 2537 1155 tulit,
2566 1099 2616 1143 et
2648 1087 2962 1142 diaconibus
3002 1088 3247 1151 tradidit,
3275 1097 3424 1141 stans
3459 1088 3511 1140 in
3548 1087 3711 1143 linea.

2126 1160 2236 1215 Vox
2263 1160 2607 1213 dalmaticam
2634 1160 2816 1229 inepte
2848 1159 3135 1213 redundat.
3191 1157 3385 1226 Papias
3421 1164 3475 1211 et
3524 1159 3714 1228 vulga-

2120 1242 2210 1286 tus
2250 1231 2514 1285 Alcuinus
2552 1228 2754 1283 colobia
2790 1229 2912 1284 ideo
2941 1230 2993 1282 in
3027 1228 3345 1281 dalmaticas
3382 1244 3538 1281 versa
3571 1229 3713 1284 seri-

2120 1303 2278 1367 bunt,
2304 1302 2432 1371 quia
2466 1300 2685 1371 nudilas
2714 1300 3059 1371 brachiorum
3082 1299 3423 1371 culpabatur.
3465 1298 3568 1371 sed
3607 1301 3714 1371 hoc

2118 1370 2397 1439 ingenium
2434 1370 2610 1440 magis
2640 1387 2808 1440 quam
2850 1370 3010 1424 ﬁdem
3052 1370 3371 1424 historicam
3406 1370 3564 1438 sapit.
3609 1370 3713 1425 Co-

2116 1442 2316 1496 lobium
2342 1441 2444 1495 fuit
2470 1443 2650 1494 tunica
2671 1441 2940 1495 exterior:
2972 1440 3197 1494 interior
3219 1448 3399 1495 autem
3429 1440 3710 1508 subucula,

2117 1524 2179 1568 ut
2209 1522 2351 1582 patet
2386 1529 2453 1565 ex
2482 1512 2636 1567 Actis
2668 1510 2725 1565 S.
2754 1510 3038 1582 Cypriani,
3076 1513 3168 1581 qui
3203 1511 3707 1582 depositocolobio,

2116 1581 2232 1639 sive
2280 1583 2460 1636 tunica
2505 1581 2812 1648 exteriore,
2836 1582 2888 1635 in
2925 1582 3185 1635 interiore
3229 1597 3423 1650 nempe
3465 1581 3519 1634 in
3569 1583 3709 1636 linea

2116 1655 2335 1709 stetisse
2371 1654 2592 1709 dicitur.
2630 1652 2812 1718 Quare
2860 1653 2986 1706 licet
3032 1652 3239 1705 colobia
3282 1653 3513 1706 manicis
3565 1653 3709 1707 ultra

2116 1725 2366 1779 cubitum
2393 1726 2669 1792 protensis
2692 1732 2971 1788 carerent,
2996 1738 3106 1776 non
3130 1723 3252 1776 ideo
3277 1731 3457 1777 tamen
3488 1724 3712 1777 nuditas

2118 1795 2458 1849 brachiorum
2483 1794 2694 1862 culpari
2728 1802 2964 1863 poterat,
2989 1809 3111 1862 quae
3138 1793 3207 1863 ab
3234 1792 3495 1847 interiore
3525 1794 3709 1847 tunica

2115 1865 2419 1935 tegebatur.
2460 1863 2577 1935 Eon
2624 1862 2755 1934 ergo
2802 1865 2856 1917 in
2890 1863 3132 1919 Ecclesia
3162 1862 3354 1935 Latina
3394 1863 3588 1935 colcbii
3612 1879 3713 1917 au-

2114 1933 2234 1991 ctor
2253 1934 2356 1988 fuit
2382 1933 2439 1988 S.
2469 1933 2765 2005 Sylvester,
2795 1945 2889 1989 aut
2917 1950 2982 1988 eo
3011 1933 3283 2005 recentior
3310 1933 3586 2003 pontifex:
3613 1935 3709 1989 sed

2113 2005 2363 2075 Apostoli
2398 2006 2452 2059 in
2485 2004 2616 2059 suos
2638 2020 2997 2075 successores
3029 2004 3317 2073 episcopos
3350 2005 3515 2075 hujus
3544 2006 3710 2060 vesti-

2113 2074 2282 2132 menti
2308 2089 2515 2130 morein
2546 2088 2599 2129 et
2626 2074 2855 2129 formam
2885 2075 3329 2129 transmiserunt.

2191 2164 2211 2198 ι
2239 2145 2457 2200 Colobio
2475 2146 2702 2214 pallium
2737 2145 3289 2215 superinjiciebatur:
3318 2152 3529 2199 tantum
3553 2146 3709 2200 abest

2112 2225 2175 2270 ut
2203 2217 2465 2269 colobium
2506 2215 2685 2284 ipsum
2728 2215 2894 2270 fuerit
2935 2216 3200 2284 pallium;
3240 2230 3350 2284 quo
3382 2225 3564 2269 tamen
3599 2231 3702 2269 no-

2112 2287 2262 2341 mine
2294 2283 2579 2356 perperam
2596 2286 2911 2356 appellaturi
2926 2283 2979 2339 in
2996 2283 3385 2356 Martyrologio
3406 2284 3703 2340 Viennensi

2112 2356 2367 2426 superius
2396 2355 2655 2411 adducto.
2691 2356 2829 2411 Hinc
2876 2355 3157 2410 Christum
3204 2355 3497 2410 Dominum
3529 2364 3581 2409 et
3620 2368 3707 2410 tu-

2114 2428 2289 2481 nicam
2316 2427 2550 2494 indutui,
2576 2436 2625 2481 et
2658 2427 2884 2495 pallium
2914 2427 3138 2480 amictui
3172 2426 3455 2490 habuisse,
3486 2426 3704 2496 colligi-

2111 2512 2326 2569 inusiex
2354 2496 2563 2569 Joanne
2592 2498 2726 2569 (12).
2760 2498 2960 2569 Abdias
2986 2495 3269 2569 fabulosus
3291 2496 3402 2567 (15)
3425 2496 3493 2550 de
3511 2495 3707 2552 saneto

2113 2567 2511 2622 Bartholomaeo
2528 2567 2757 2638 loquens
2777 2567 3060 2631 :Vestitus,
3080 2568 3278 2638 inquit,
3296 2581 3520 2638 comato
3542 2583 3701 2634 ALBO,

2112 2638 2320 2693 clavato
2371 2637 2631 2707 purpura,
2678 2640 2924 2692 induitur
2973 2638 3142 2708 pallio
3186 2637 3330 2703 albo,
3367 2637 3588 2708 hAabente
3611 2653 3706 2705 per

2111 2708 2350 2779 singulos
2372 2706 2619 2777 angulos
2644 2709 2881 2779 singulas
2931 2706 3187 2779 gemmas.
3220 2708 3349 2762 \‘ide
3386 2706 3703 2777 Philippum

2111 2778 2465 2849 Bonan-otium
2495 2780 2631 2849 (14).
2665 2778 2941 2834 Eumdem
2972 2795 3180 2849 morem
3217 2794 3329 2849 nos!
3349 2780 3548 2849 docent
3574 2780 3703 2833 Acta

2113 2847 2375 2918 Sylvestri
2391 2851 2534 2918 apud
2551 2847 2961 2905 Cumbelisium.
2986 2848 3050 2903 Et
3069 2866 3200 2904 sane
3223 2850 3276 2904 in
3297 2847 3589 2904 Occidente
3609 2850 3704 2903 diu

2110 2928 2237 2988 post
2265 2918 2609 2990 ,Silvestrum
2654 2920 2946 2990 ipsumque
2991 2918 3294 2985 Liberium,
3333 2929 3490 2973 sexto
3535 2921 3702 2975 etiam

2112 2989 2335 3055 saaculo,
2368 2989 2657 3059 episcopos
2681 2989 2884 3059 colobia
2913 3007 3067 3057 usos,
3094 2992 3204 3044 duo
3236 2990 3513 3045 luculenta
3543 2990 3701 3045 testi-

2112 3060 2299 3130 monia
2334 3058 2687 3115 conﬁrmant.
2714 3058 2897 3114 Unum
2940 3070 3025 3116 est
3052 3060 3264 3130 antiqui
3297 3061 3564 3125 auctoris,
3601 3060 3700 3130 qui

2111 3129 2403 3203 descripsit
2422 3130 2688 3203 miracula
2713 3131 2888 3203 sancti
2908 3132 3153 3203 Cibi-iani
3179 3129 3505 3203 presbyteri,
3527 3129 3707 3203 aequa-

2111 3198 2179 3254 lis
2232 3198 2408 3255 sancti
2462 3199 2695 3271 Remigii
2741 3199 3032 3257 Bernensis
3084 3198 3362 3271 episCOpi,
3397 3203 3555 3270 cujus
3585 3198 3704 3258 lich

425 3274 507 3325 nit
530 3273 824 3342 scripsisse.
859 3270 985 3326 Hzec
1010 3269 1148 3327 Acta
1186 3269 1402 3336 Latina,
1441 3272 1712 3326 sexcentis
1755 3270 1851 3342 ab,
1878 3271 2008 3325 hinc
2035 3270 2077 3329 C
2111 3271 2275 3325 verba
2306 3271 2436 3342 (15)
2443 3289 2456 3325 :
2505 3269 2687 3325 Visum
2716 3287 2794 3342 est
2826 3273 2881 3342 in
2903 3269 3351 3327 somnio'cuidam
3384 3288 3449 3325 ea:
3465 3269 3701 3341 nostris,

427 3342 590 3398 annis
636 3341 934 3412 exscripta,
980 3357 1104 3412 qua:
1144 3356 1359 3412 mecum
1403 3342 1535 3395 olim
1571 3341 2010 3412 communicavit

424 3414 781 3469 doctissimus
812 3410 966 3480 aeque
998 3410 1065 3466 ac
1103 3410 1385 3482 piissimus
1433 3411 1731 3482 cardinalis
1761 3410 2007 3465 Thoma-

424 3484 563 3548 sius,
595 3484 783 3538 colobti
815 3481 1215 3538 institutionem
1253 3482 1504 3535 tribuunt
1538 3481 2010 3550 Sylvestromcca-

423 3556 601 3621 sione,
633 3570 738 3625 qua
769 3552 1163 3625 Euphrosynus
1203 3552 1611 3625 episcopus_ex
1640 3550 1870 3625 Oriente
1898 3550 2009 3625 Rog

424 3640 570 3678 mam
616 3621 918 3694 profectus,
955 3621 1203 3677 accedens
1238 3621 1308 3675 ad
1349 3622 1764 3694 sacrificandum
1804 3621 2009 3694 Christi

422 3692 696 3764 mysteria,
728 3708 1100 3764 CANDIDISSIMO
1129 3707 1352 3747 COLOBIO
1379 3692 1627 3764 utebatur
1662 3708 1681 3764 ς
1721 3692 1867 3764 quod
1907 3708 2005 3747 co-

421 3762 619 3821 Lomuu
651 3767 823 3820 sancti
851 3763 1041 3818 Jacobi
1084 3763 1247 3832 fuisse
1283 3762 1603 3832 perhibebat.
1650 3762 1869 3817 Dicebat
1901 3780 2006 3815 au-

423 3845 525 3889 tem
553 3838 751 3903 iustam
784 3850 895 3889 esse
930 3835 1291 3896 reverentiam,
1323 3842 1382 3886 ut
1419 3833 1547 3886 dum
1588 3832 1781 3888 divinis
1812 3843 2013 3902 myste-

420 3908 516 3960 riis
536 3906 779 3961 sacerdos
805 3905 1028 3971 assistit,
1055 3904 1137 3957 his
1163 3912 1349 3957 utatur
1376 3904 1602 3957 vestibus
1628 3919 1744 3971 qua:
1765 3903 2003 3957 habitum

420 3977 781 4047 apostolorum
816 3978 872 4029 in
912 3975 1276 4047 sacerdotibus
1308 3974 1591 4047 exhibent.
1642 3974 1774 4029 lnde
1814 3976 2001 4028 statim

420 4044 537 4118 liae
571 4049 977 4118 subjunguntur
1011 4064 1024 4100 :
1059 4044 1250 4118 Sicque
1292 4046 1498 4114 factum
1528 4053 1627 4110 est,
1663 4054 1721 4097 ut
1753 4062 1785 4107 _a
1818 4056 2002 4098 sancto

418 4115 685 4187 Sylvestro
715 4115 1101 4187 etpresbyteris
1130 4117 1245 4181 eius
1292 4130 1631 4187 COLAOBIORUI!
1672 4131 1809 4187 usus
1844 4130 1996 4167 sum-

412 4184 606 4257 psisset
630 4184 878 4252 initium;
915 4184 1260 4257 qquarcus
1291 4196 1340 4240 et
1368 4185 1546 4239 Julius
1582 4196 1630 4239 et
1659 4184 1905 4257 Liberius
1938 4201 2005 4239 eo

416 4256 600 4313 ordine
629 4261 713 4313 usi
742 4269 884 4312 sunt.
921 4256 1053 4312 Post
1101 4258 1197 4311 Itos
1222 4266 1399 4311 autem
1431 4271 1657 4311 COLOBIA
1696 4258 1755 4309 in
1787 4256 2003 4308 dalma-

418 4331 552 4383 ticas
617 4338 943 4383 commutata
993 4342 1135 4382 sunt.
1198 4326 1323 4382 Haec
1365 4329 1553 4383 eadem
1597 4335 1896 4382 occurrunt
1942 4326 1999 4380 in

415 4400 853 4472 Acti§_Sy|vestri
884 4399 1323 4472 Graeceeditisa
1340 4398 1671 4453 Combelisio
1704 4400 1803 4468 (9).

493 4490 511 4522 ε
541 4465 739 4525 Verum
766 4487 886 4539 qua:
915 4470 981 4524 de
1009 4469 1228 4522 colobiis
1272 4469 1364 4524 hic
1410 4465 1734 4530 narrantur,
1763 4465 1998 4539 omnino

414 4540 551 4596 falsa
590 4558 713 4596 esse
747 4538 1052 4609 culligimus
1084 4555 1151 4593 ex
1182 4541 1435 4611 genuinis
1462 4539 1720 4611 Cypriani
1748 4538 1993 4607 episcopi

2112 3350 2354 3395 sanctum
2399 3340 2698 3411 Remigium
2727 3341 2790 3396 de
2819 3341 2934 3395 loco
2963 3344 3053 3412 ubi
3075 3342 3220 3409 jacet
3255 3352 3371 3412 post
3409 3345 3582 3397 altare
3606 3359 3701 3398 co-

2110 3425 2270 3486 £0310
2299 3426 2434 3486 ALBo
2481 3414 2728 3486 indutum
2766 3416 2999 3482 prodire.
3017 3411 3271 3486 Aiterum
3321 3420 3407 3466 est
3449 3413 3701 3486 Gregorii

2109 3479 2475 3553 Turonensis,
2508 3483 2602 3552 qui
2637 3479 2975 3537 hwc'narrat
3006 3483 3118 3553 (16)
3151 3484 3217 3537 de
3248 3491 3441 3538 sancto
3481 3479 3700 3539 Niéetio

2107 3550 2462 3622 Lugdunensi
2491 3550 2754 3617 antistite,
2782 3568 2909 3607 cum
2934 3550 3045 3622 quo
3072 3550 3253 3607 adhuc
3280 3568 3416 3622 puer
3443 3563 3697 3609 versatus

2106 3621 2314 3677 fuerat:
2352 3621 2518 3675 Orant
2551 3623 2843 3677 vestimenti
2875 3624 2960 3677 sui
2992 3624 3236 3676 articulis
3281 3621 3570 3692 arripiens,
3616 3626 3698 3679 ita

2106 3708 2161 3746 se
2187 3707 2413 3764 comato
2438 3692 2801 3758 concludebat,
2836 3705 2889 3746 ut
2920 3710 3190 3764 nunquam
3231 3702 3380 3747 artus
3410 3696 3508 3749 ntei
3541 3699 3698 3750 beata

2103 3764 2218 3832 ejus
2248 3762 2480 3815 membra
2505 3765 2881 3832 contingerent.

2182 3832 2512 3905 cQuotquot
2555 3842 2739 3887 autem
2782 3843 3038 3890 auctores
3084 3834 3194 3891 huc
3233 3851 3410 3905 usque
3448 3833 3693 3903 laudavi,

2104 3903 2364 3957 colobium
2414 3919 2522 3957 una
2572 3919 2705 3958 voce
2744 3905 3035 3958 candidum
3064 3915 3159 3960 aut
3200 3903 3381 3960 album
3412 3907 3690 3960 dixerunt.

2104 3973 2444 4048 Hoe__ipsum
2481 3976 2769 4029 conﬁrmat
2814 3974 3203 4048 Hieronymus,
3250 3992 3438 4032 sacras
3492 3978 3693 4047 hujus-

2104 4045 2253 4117 modi
2296 4054 2470 4117 vestes
2499 4048 2879 4117 criminantem
2904 4045 3056 4117 (l7):
3087 4049 3221 4112 Qua:
3256 4058 3381 4100 sunt
3413 4045 3689 4116 rogo,‘ail,

2102 4115 2404 4169 inimicitia:
2434 4125 2621 4168 contra
2670 4115 2862 4183 Deum,
2887 4115 2933 4170 si
2968 4115 3201 4172 Tilmon:
3254 4115 3486 4171 habuero
3538 4135 3692 4171 mun-

2101 4186 2335 4240 diorem:
2358 4188 2423 4257 rsi
2464 4188 2758 4256 episcopus,
2794 4187 3069 4257 presbyter
3088 4199 3137 4242 et
3167 4190 3445 4253 diaconus,
3472 4198 3522 4242 ct
3562 4189 3690 4241 reli-

2100 4273 2234 4326 quus
2268 4256 2398 4311 ordo
2430 4258 2816 4311 ecclesiasticus
2852 4260 2907 4311 in
2956 4256 3422 4313 administratione
3471 4260 3683 4328 sacriﬁ-

2100 4328 2307 4381 ciorum
2339 4342 2573 4400 cantium
2605 4340 2740 4383 veste
2773 4332 3166 4400 processerint?
3198 4330 3275 4384 Ex
3329 4332 3413 4384 his
3465 4341 3692 4400 apparet

2099 4414 2321 4470 sacrum
2370 4398 2634 4452 colobium
2683 4415 2897 4468 semper
2952 4399 3135 4453 album
3182 4401 3392 4455 fuisse:
3435 4398 3581 4470 quod
3620 4401 3691 4457 de

2098 4469 2317 4542 coiobio
2365 4470 2649 4542 communi
2692 4479 2754 4542 pel.
2803 4471 3016 4541 vulgari
3063 4486 3170 4527 non
3221 4469 3474 4542 legimus,
3514 4474 3691 4542 deque

2097 4539 2598 4612 dalmaticaimulto
2628 4540 2849 4607 minus;
2885 4539 3050 4612 quam
3075 4553 3203 4612 post
3238 4539 3351 4594 alia
3381 4539 3688 4596 indumenta

412 4621 469 4684 et
499 4614 752 4684 martyris
797 4612 946 4684 Actis
984 4609 1575 4684 procotiisularibus‘pin
1614 4610 1816 4679 quibus
1860 4623 1989 4684 cum
2023 4618 2067 4673 1)
2095 4609 2451 4684 sacerdotalia
2474 4612 2748 4665 inventam
2777 4609 3252 4684 menioratrBruno
3274 4613 3686 4684 Astensis(18):

413 4682 504 4735 ille
532 4680 824 4737 duceretur
855 4682 920 4735 ad
951 4682 1298 4750 supplicium,
1332 4680 1595 4734 colobium
1627 4696 1723 4735 seu
1757 4680 1993 4731 tunicam

410 4752 690 4808 dimisisse
733 4762 1065 4806 memoratur
1094 4769 1106 4805 :
1136 4763 1185 4805 et
1227 4767 1345 4804 cum
1379 4768 1433 4805 se
1476 4766 1669 4805 TUNICA
1701 4750 1997 4819 exspolias.

410 4831 511 4888 set,
544 4834 591 4877 et
633 4821 942 4875 diaconibus
973 4823 1300 4883 tradidisset,
1324 4822 1383 4876 in
1419 4822 1557 4875 linea
1582 4822 1725 4874 stetit
1761 4832 1810 4874 et
1839 4821 1995 4889 erepit

407 4894 781 4962 spiculatorem
826 4893 1222 4962 sustineretlta
1270 4894 1473 4947 habent
1520 4892 1732 4960 antiqui
1778 4893 1995 4962 codices

410 4960 701 5027 mss,teste
713 4962 951 5017 Baronio
970 4961 1315 5034 (40),Ruinar
1325 4963 1400 5017 tio
1419 4963 1530 5033 (11)
1546 4972 1600 5017 et
1616 4961 1829 5017 Joanne
1846 4960 1997 5017 Fello

482 5075 561 5145 (1)
606 5075 829 5129 Tertull.
865 5076 931 5147 de
957 5075 1093 5131 Pall.
1130 5092 1252 5147 cap.
1282 5078 1334 5132 ι.

478 5147 557 5221 (2)
596 5146 834 5221 Qumbef.
865 5146 1066 5221 lllusw.
1097 5146 1328 5221 martyr.
1362 5147 1625 5219 triumph.
1676 5164 1803 5221 pag.
1858 5148 1985 5205 197.

480 5219 564 5289 (5)
606 5217 810 5289 Βανοη.
845 5219 912 5273 ad
938 5233 1068 5289 ann.
1096 5218 1221 5282 510,
1251 5217 1290 5289 ἓ
1318 5220 1373 5275 5.

482 5287 564 5357 (4)
606 5287 749 5342 Inter
781 5304 905 5358 opp.
938 5287 1175 5358 Alcuini,
1211 5287 1369 5344 1091.

479 5356 551 5424 (5⁷
594 5358 795 5412 Honor.
816 5356 967 5428 king.
1014 5356 1226 5414 Gemm.
1265 5362 1435 5414 anim.
1478 5358 1571 5415 lib.
1615 5375 1656 5427 ι,
1701 5374 1819 5431 cap.
1857 5360 1984 5417 211.

479 5370 558 5497 (6i
592 5428 826 5497 Walafr.
854 5428 931 5483 De
955 5430 1070 5483 reb.
1097 5430 1231 5484 eccl.
1258 5446 1378 5497 cap.
1405 5429 1498 5487 24.

479 5428 558 5497 (6)
592 5428 826 5497 Walafr.
854 5428 931 5483 De
955 5430 1070 5483 reb.
1097 5430 1231 5484 eccl.
1258 5446 1378 5500 cap.
1405 5429 1498 5487 24.
1768 5428 1786 5431 ’

584 5498 854 5581 βοηᾞεις.
888 5499 1201 5581 Ιίιᾳτε.ηιὶι).
1242 5516 1279 5566 ι,
1313 5516 1434 5581 cap.
1496 5507 1590 5574 24,
1645 5499 1792 5581 §_i§:

476 5569 556 5639 l8)
586 5570 767 5623 Ansel.
790 5569 932 5640 Luc.
960 5569 1149 5625 inlib.
1177 5586 1278 5625 ms.
1325 5569 1532 5627 Decret.
1569 5569 1710 5640 apud
1758 5572 1984 5631 Ciacon.

405 5636 608 5765 ξιὲδιὲὸι.
660 5640 729 5694 ad
774 5639 1025 5700 Cassian.
1057 5656 1181 5714 pag.
1212 5643 1339 5707 684,
1384 5642 1511 5697 edit.
1552 5636 1619 5696 ιιξ
1641 5640 1816 5698 Vatic.
1854 5660 1982 5700 ann.

497 5780 559 5854 9)
583 5779 819 5854 Gombef.
856 5780 1055 5854 iilustr.
1097 5795 1322 5854 martyr.
1371 5783 1659 5852 triumph.,
1698 5800 1819 5854 pag.
1857 5786 1961 5842 263

620 5850 819 5929 paron.
853 5850 1017 5929 Notat
1136 5850 1410 5922 Mar'tyrol.
1446 5850 1869 5929 dicixxsiibiuii.

505 5921 588 5993 ll)
618 5919 865 5978 liuinart.
898 5924 1017 5979 Act.
1049 5919 1425 5997 Martyrfpag.
1460 5925 1585 5994 218,
1614 5926 1640 5996 §
1674 5927 1759 5981 15.

2098 4681 2329 4753 ejusque
2357 4696 2518 4735 usum
2565 4696 2596 4735 a
2649 4683 2883 4737 summis
2917 4683 3269 4751 pontiﬁcibus
3298 4681 3655 4753 inonnisi'pri

2097 4751 2295 4820 vilegio
2322 4766 2648 4806 concessum
2680 4762 2835 4823 serito
2863 4753 3085 4819 saeculo,
3110 4754 3269 4807 docet
3293 4752 3523 4823 Magnus
3545 4751 3685 4808 (ξι-θε-

2102 4823 2291 4889 gorius
2349 4822 2509 4893 (l9).
2558 4822 2673 4876 lmo
2722 4821 3090 4893 Hieronymus
3142 4834 3345 4877 vestem
3389 4821 3684 4877 candidam

2095 4895 2464 4963 communiter
2501 4892 2750 4963 induere,
2782 4892 2998 4946 crimini
3031 4893 3190 4947 vertit
3225 4894 3359 4963 (20).
3391 4896 3573 4959 Quare
3604 4894 3684 4947 la-

2096 4977 2231 5032 psus
2260 4971 2345 5018 est
2370 4962 2729 5031 Walafridus,
2756 4965 2837 5019 sic
2862 4964 3110 5019 scribens
3138 4964 3283 5035 (21):
3316 4962 3517 5018 Primis
3552 4976 3657 5018 tem

2165 5078 2281 5149 (12)
2309 5076 2509 5132 Joann.
2538 5093 2652 5149 xix,
2686 5076 2777 5133 25.

2169 5148 2284 5222 (15)
2319 5148 2546 5222 ᾼὸάὶαε,
2578 5148 2717 5204 Hist.
2752 5150 2900 5217 Apos

2165 5218 2279 5299 (iii)
2313 5219 2855 5299 {fananpoinmei‘i‘tz
2883 5220 3125 5299 εει-ερον.
3152 5218 3287 5275 Vitr.
3321 5235 3445 5290 pag.
3473 5219 3569 5299 5⁸1ε

2153 5288 2277 5417 1(15)
2304 5289 2558 5345 Bolland.
2606 5291 2729 5346 Act.
2780 5288 2881 5344 SS.
2916 5288 3065 5359 Maii,
3107 5300 3237 5347 tom.
3272 5288 3371 5362 vn,
3398 5288 3524 5363 pag.
3548 5290 3676 5361 624,

2904 5146 2998 5201 tol.
3031 5148 3107 5203 lib
3150 5163 3273 5205 vm.

2165 5433 2279 5504 (16)
2319 5430 2473 5502 Creg.
2509 5431 2708 5489 Turon.
2736 5431 2844 5487 Vit.
2876 5427 3027 5488 Patr.
3056 5448 3179 5502 cap.
3243 5436 3296 5504 8,
3350 5430 3459 5503 §2.

2165 5505 2281 5575 (17)
2314 5504 2535 5557 Hieron.
2569 5505 2663 5559 lib.
2693 5521 2731 5567 I,
2762 5514 2939 5575 contr.
2977 5506 3161 5573 Pelag.

2160 5573 2273 5645 (18)
2301 5575 2471 5628 Brun.
2496 5575 2615 5629 Ast.
2644 5577 2736 5631 lib.
2768 5576 2836 5629 de
2869 5574 3117 5632 Sacram.
3142 5574 3272 5629 bibl.
3298 5573 3401 5629 PP.
3429 5577 3692 5645 lom.XX,

2089 5662 2145 5717 p.
2180 5646 2339 5713 i729,
2365 5646 2494 5699 edit.
2522 5646 2695 5716 Lugd.

2162 5718 2275 5789 (19)
2308 5717 2462 5789 Greg.
2492 5718 2566 5771 Μ.
2598 5714 2691 5771 lib.
2728 5732 2823 5783 vn,
2860 5714 3030 5789 Epist.
3065 5716 3184 5771 112.

2159 5787 2272 5861 (21))
2310 5788 2530 5861 Hieran.
2564 5790 2720 5861 epist.
2754 5791 2820 5843 ad
2860 5787 3147 5857 Nepotian.

2160 5857 2273 5915 [21)
2316 5857 2545 5928 Walafr.
2580 5857 2655 5915 De
2687 5860 2798 5917 reb.
2834 5864 2967 5917 cccl.
3007 5875 3127 5931 cap.
3162 5867 3253 5922 et,
