4142 6434
491 365 629 420 Nl!)

1898 368 1986 423 Pll
2028 367 2049 421 l
2086 367 2285 422 ΡΑΡᾹ]

3609 366 3750 420 M20

1229 830 1439 953 PII
1537 830 1590 954 I
1685 825 2129 956 PAP/E
2207 826 3020 957 EPISTOLfE

1529 1087 1645 1151 (Ap.
1673 1086 1827 1138 Mans:
1850 1086 2031 1140 Concil.
2060 1087 2210 1151 ampl.
2234 1087 2441 1149 collect.,
2470 1088 2507 1150 l,
2528 1088 2663 1150 671.)

860 1414 1195 1470 EPISTOLA
1233 1415 1445 1471 PRIMA
1471 1417 1711 1490 (25-27).

793 1524 861 1561 ΔΙ)
898 1523 1188 1563 υκινειιεοε
1227 1526 1442 1565 CHRISTI
1495 1528 1737 1567 FIDELES.

482 1618 963 1697 [hdie-Dominico
1000 1622 1210 1697 Pascha
1260 1624 1551 1697 celebretur
1577 1642 1597 1680 :
1624 1627 1764 1697 quod
1793 1629 2052 1696 premium

552 1693 801 1747 Ecclesia:
830 1694 1142 1748 subtrahens
1174 1706 1230 1748 ut
1278 1696 1571 1765 sacrilegus
1599 1693 1894 1765 judicetur,
1924 1710 1973 1753 et
2006 1702 2053 1754 si

546 1765 664 1832 quis
706 1780 771 1817 ex
799 1765 1076 1837 ministris
1092 1766 1350 1837 episcopo
1392 1767 1693 1821 inobediens
1723 1769 1903 1837 fuerit,
1960 1779 2055 1823 aut

547 1834 921 1908 contumeliam
959 1843 1051 1908 aut
1083 1836 1307 1889 insidias
1341 1847 1437 1890 aut
1464 1834 1792 1891 calumniam
1828 1855 2051 1908 parave—

547 1905 639 1965 rit,
667 1906 830 1958 curia?
862 1904 1128 1958 tradatur.

543 1994 818 2051 Omnibus
843 1997 1125 2065 Ecclesiis,
1168 1997 1223 2051 in
1253 1998 1444 2054 eadem
1484 2016 1593 2070 qua
1635 2016 1830 2057 sumus
1870 2001 1975 2057 ﬁde
1998 2011 2055 2057 et

472 2088 723 2144 doctrina
759 2089 1129 2157 manentibus,
1173 2089 1306 2147 Pius
1333 2094 1648 2162 apostolica:
1680 2095 1828 2151 sedis
1873 2095 2053 2151 archi-

468 2178 780 2247 episcopus.

542 2268 759 2325 Gratias
794 2270 1033 2341 agimus,
1075 2271 1297 2341 fratres,
1351 2273 1484 2342 Deo,
1532 2276 1796 2345 quoniam
1853 2277 2053 2331 crescit

476 2378 496 2411 ι
528 2360 664 2416 ﬁdes
702 2370 906 2425 vestra,
935 2372 989 2418 et
1020 2363 1263 2419 abundat
1318 2366 1566 2421 charitas
1615 2368 2051 2438 uniuscujusque

469 2453 715 2508 omnium
749 2464 992 2510 vestrum
1019 2456 1073 2509 in
1098 2455 1354 2522 invicem,
1381 2456 1454 2511 ita
1476 2467 1537 2511 ut
1557 2474 1657 2513 nos
1680 2459 1783 2528 ipsi
1813 2460 1868 2512 in
1893 2459 2051 2514 vobis

468 2544 767 2613 gloriemur
793 2547 849 2600 in
871 2545 1135 2602 Ecclesiis
1172 2546 1267 2602 Dei
1295 2549 1363 2603 ⁸⁸.
1406 2569 1425 2601 ι
1460 2548 1672 2615 Videte,
1709 2549 1932 2615 fratres,
1970 2552 2052 2605 vi-

466 2636 613 2703 dete,
643 2646 704 2691 ut
740 2656 760 2689 ‹
796 2654 961 2694 nemo
988 2654 1088 2695 vos
1129 2641 1377 2707 seducat,
1420 2642 1612 2698 volens
1644 2644 1698 2696 in
1739 2643 2051 2697 humilitate

465 2736 521 2781 et
544 2728 807 2797 religione
837 2730 1159 2801 angelorum
1190 2732 1307 2802 (28)
1333 2749 1456 2802 qua:
1485 2748 1595 2787 non
1618 2733 1756 2788 vidit
1781 2734 1920 2804 (29),
1939 2750 2051 2790 am-

2081 1433 2130 1489 Α
2161 1422 2980 1495 benignitatem,humilitatem,
3016 1419 3363 1483 modestiam,
3396 1421 3738 1489 patientiam,

2155 1522 2542 1583 supportantes
2576 1511 2830 1577 invicem,
2859 1520 2913 1564 et
2939 1510 3209 1564 donantes
3238 1510 3667 1580 vobismetipsis,
3693 1512 3738 1565 si

2153 1610 2280 1678 quis
2320 1609 2588 1662 adversus
2630 1604 2869 1673 aliquem
2909 1603 3073 1657 habet
3122 1602 3428 1672 querelam.
3482 1602 3548 1657 Et
3596 1602 3745 1659 sicut

2153 1701 2409 1756 Christus
2444 1697 2671 1755 donavit
2697 1697 2872 1762 vobis,
2898 1697 2972 1750 ita
2994 1704 3047 1750 et
3072 1712 3189 1751 vos.
3221 1713 3240 1746 ι

2928 1853 2971 1904 l.

2384 1969 2451 2025 Ut
2487 1970 2572 2023 die
2605 1969 2883 2023 Dominico
2926 1966 3135 2021 Pascha
3176 1966 3474 2020 celebretur.

2223 2086 2269 2118 ³⁷
2293 2084 2563 2141 Caeterum
2589 2098 2753 2137 nosse
2776 2096 2877 2136 vos
2892 2081 3169 2146 volumus,
3202 2080 3350 2149 quod
3384 2078 3594 2135 Pascha
3620 2079 3733 2134 Do-

2153 2178 2288 2233 mini
2326 2178 2416 2233 die
2453 2176 2738 2231 Dominica
2776 2174 2976 2229 annuis
3018 2158 3463 2228 solemnitatibus
3491 2174 3563 2227 sit
3586 2176 3732 2228 cele-

2152 2270 2423 2325 brandum
2447 2267 2582 2339 (30).
2607 2266 2733 2322 Istis
2760 2282 2889 2337 ergo
2922 2267 3261 2337 temporibus
3294 2266 3340 2298 ⁸⁸
3372 2264 3602 2321 Hermes
3635 2266 3737 2321 do-

2152 2373 2272 2420 ctor
2294 2362 2545 2432 fidei(31)
2575 2369 2630 2416 et
2664 2360 3077 2429 Scripturarum
3096 2360 3303 2417 effulsit
3344 2360 3487 2415 inter
3517 2376 3640 2415 nos.
3670 2359 3736 2414 Et

2151 2458 2279 2511 licet
2327 2469 2431 2510 nos
2482 2454 2624 2509 idem
2669 2451 2883 2508 Pascha
2922 2454 3180 2523 praedicta
3229 2454 3319 2508 die
3371 2453 3735 2517 celebremus,

2150 2550 2280 2620 quia
2310 2558 2494 2601 tamen
2542 2546 2770 2617 quidam
2822 2547 2949 2601 inde
2978 2546 3328 2612 dubitarunt,
3375 2545 3442 2600 ad
3474 2545 3735 2601 corrobo-

2149 2642 2353 2696 randas
2387 2640 2601 2711 animas
2645 2655 2861 2707 eorum,
2892 2639 3070 2695 eidem
3114 2638 3327 2694 Hermae
3357 2638 3585 2709 angelus
3627 2636 3735 2692 Do-

2151 2733 2285 2787 mini
2313 2733 2367 2786 in
2398 2732 2589 2786 habitu
2623 2732 2864 2802 pastoris
2895 2732 3167 2802 apparuit,
3197 2740 3253 2787 et
3280 2732 3539 2800 praecepit
3569 2729 3641 2794 ei,
3675 2738 3736 2785 ut

468 2818 665 2873 bulans
718 2818 945 2884 frustra,
996 2822 1219 2878 inﬂatus
1250 2838 1417 2878 sensu
1467 2825 1654 2879 carnis
1698 2839 1828 2889 suae,
1856 2834 1910 2879 et
1939 2841 2047 2881 non
2081 2823 2361 2879 BPascha
2418 2824 2507 2879 die
2553 2823 2846 2879 Dominico
2895 2826 2967 2880 ab
3017 2826 3278 2880 omnibus
3332 2824 3729 2879 celebraretur.

465 2917 658 2966 tenens
686 2921 871 2981 caput,
902 2928 969 2967 ex
1000 2929 1111 2983 quo
1148 2922 1325 2969 totum
1364 2931 1600 2985 corpus,
1644 2932 1741 2986 per
1778 2933 1953 2972 nexus
1996 2926 2052 2973 et

465 3002 889 3072 coniunctiones
910 3006 1392 3061 subministratum
1423 3017 1479 3063 et
1498 3017 1898 3076 constructum,
1929 3025 2052 3064 cre-

466 3093 573 3149 scit
624 3094 679 3148 in
713 3108 1070 3165 augmentum
1117 3096 1214 3152 Dei
1244 3100 1313 3153 '5.
1357 3097 1465 3153 Sed
1509 3100 1722 3154 induite
1760 3116 1860 3156 vos
1906 3100 2051 3155 sicut

464 3185 625 3240 electi
658 3185 778 3254 Dei,
821 3188 999 3243 sancti
1034 3197 1087 3244 et
1126 3189 1335 3255 dilecti,
1378 3190 1593 3245 viscera
1629 3192 2044 3258 misericordiae,

2150 2915 2304 2971 Unde
2334 2925 2389 2972 et
2419 2932 2518 2971 vos
2546 2917 2845 2986 apostolica
2872 2917 3199 2973 auctoritate
3228 2917 3579 2984 instruimus,
3607 2931 3729 2970 om-

2147 3029 2246 3068 nes
2277 3013 2466 3068 eadem
2492 3026 2717 3066 servare
2747 3012 2972 3072 debere,
3000 3011 3131 3081 quia
3162 3018 3220 3064 et
3246 3024 3344 3063 nos
3388 3008 3579 3063 eadem
3609 3024 3730 3064 ser-

2145 3118 2360 3168 vamus,
2386 3116 2489 3156 nec
2508 3101 2719 3156 debetis
2746 3116 2776 3155 a
2803 3102 2981 3170 capite
3005 3115 3228 3171 quoquo
3261 3099 3424 3152 modo
3442 3098 3732 3152 dissidere.

2145 3194 2347 3250 Cavete
2370 3193 2659 3263 diligenter
2695 3208 2889 3247 omnes
2918 3210 2938 3244 ι
2974 3207 3043 3247 ne
3070 3192 3197 3263 quis
3229 3205 3328 3245 vos
3359 3189 3601 3260 decipiat
3631 3202 3728 3259 per

524 3342 571 3374 ⁸⁸
600 3344 645 3397 Π
674 3341 837 3399 Thes.
857 3363 913 3416 ι,
938 3346 992 3410 '5,
1024 3346 1078 3402 4.
1157 3347 1203 3379 ⁸⁸
1232 3347 1625 3415 Coloss.it.18,
1655 3348 1740 3403 l9.
1817 3351 1862 3383 ⁸⁸
1890 3350 2043 3407 Colos

2145 3351 2313 3416 ιιι,ι2,
2342 3350 2429 3405 15.
2506 3349 2551 3381 ⁸⁷
2576 3346 2655 3402 De
2683 3363 2917 3402 consecr.
2950 3346 3195 3402 distinct.
3226 3345 3293 3401 ὅτ
3324 3343 3496 3399 Nosse
3527 3360 3614 3399 vos
3644 3359 3734 3396 vo-

462 3412 661 3469 lamus.

532 3509 748 3582 (23-27)
785 3510 999 3567 Nullius
1028 3513 1150 3569 fidei
1175 3513 1315 3582 apud
1346 3514 1611 3570 eruditos.

534 3580 648 3655 (28)
684 3582 852 3636 Nemo
907 3600 994 3637 vos
1040 3580 1255 3655 seducat
1305 3585 1361 3637 in
1397 3585 1646 3655 religione
1702 3585 2034 3655 angelorum.

470 3649 651 3737 Yerba
683 3661 810 3706 sunt
845 3656 1077 3737 apostoli
1107 3653 1272 3737 Pauli
1293 3655 1357 3708 ad
1382 3649 1595 3710 Coloss.
1622 3649 1810 3737 capite
1836 3672 1871 3709 ιι
1891 3658 2039 3737 scri-

460 3732 576 3790 pta,
626 3738 732 3795 non
775 3725 920 3793 quod
977 3725 1148 3795 sensit
1212 3724 1575 3795 Hieronymus
1619 3724 1848 3795 epistola
1890 3728 2035 3793 251,

461 3801 652 3864 quiest.
698 3792 1079 3857 10,7adversus
1112 3794 1329 3849 Judtros
1361 3792 1867 3862 caelicolam—stellas
1888 3798 2037 3864 cmli,

463 3862 689 3936 angelos
720 3879 842 3919 esse
883 3866 1187 3929 credentes,
1229 3882 1403 3936 neque
1436 3866 1599 3920 etiam
1641 3867 1905 3921 adversus
1944 3862 2035 3920 Si-l

461 3934 764 4005 moniacos,
803 3944 862 3987 ut
886 3936 1050 3989 sentit
1085 3934 1479 4001 Bellarminus;
1518 3937 1611 3991 sed
1638 3938 1821 4005 potius
1846 3946 2038 3991 contra

461 4002 709 4076 Cerintbi
761 4006 1293 4076 perniciosissimum
1329 4009 1529 4075 dogma
1569 4002 1695 4073 hoc,
1748 4022 1858 4076 quo
1901 4010 2040 4062 adeo

461 4070 745 4128 humiliter
763 4070 842 4129 'de
873 4075 1098 4130 Christo
1146 4070 1436 4141 sentiebat“,
1480 4087 1541 4131 ut
1586 4070 1804 4131 omnem
1854 4078 1923 4131 ab
1973 4093 2041 4133 eo

460 4142 798 4217 divinitatem
833 4144 1095 4211 auferret,
1126 4148 1331 4200 nudum
1364 4145 1847 4217 hominemfuisse
1874 4148 2039 4203 doce-

460 4221 563 4277 ret,
593 4215 817 4284 angelos
839 4217 1148 4287 omuesqui
1176 4218 1364 4270 mundi
1393 4220 1616 4285 opifices
1640 4216 1857 4272 fuerant
1875 4233 2040 4287 super

459 4296 586 4336 eum
611 4286 913 4339 extolleret.
929 4284 1005 4338 Ita
1022 4284 1341 4340 Gerinthum
1361 4284 1599 4341 sensisse
1617 4303 1723 4341 non
1744 4284 1958 4341 tantum
1971 4304 2038 4342 ex

460 4350 664 4432 lreriteo
689 4364 743 4408 et
779 4354 1105 4432 Epiphanio,
1141 4358 1233 4411 sed
1260 4359 1425 4432 etiam
1451 4357 1789 4432 Tertulliang
1814 4358 1886 4432 De
1908 4374 2042 4432 pra:-

458 4425 694 4497 script..,
741 4441 864 4497 cap.
908 4425 1000 4497 28,
1041 4437 1278 4482 constat.
1325 4428 1464 4481 C'um
1523 4429 1689 4497 igitur
1739 4425 2037 4483 Cerinthus

770 3416 817 3447 ⁸⁸
854 3415 984 3471 Vide
1016 3426 1262 3472 nostram
1287 3418 1423 3474 diss.
1460 3419 1538 3473 De
1567 3421 1752 3490 script.
1786 3420 1989 3476 Eccles.
2026 3430 2159 3477 tom.
2184 3415 2227 3475 Ι.

2144 3522 2356 3580 centes,
2392 3513 2640 3569 multosa
2673 3513 2777 3568 fide
2799 3511 3116 3577 averterint,
3148 3520 3207 3564 ut
3234 3518 3381 3580 patet
3407 3526 3472 3564 ex
3500 3511 3729 3580 epistola

2144 3586 2225 3639 Pii
2252 3586 2526 3656 pontificis
2562 3586 2627 3639 ad
2657 3583 2874 3656 iustum
2903 3582 3272 3656 _Vietineusent
3301 3582 3528 3656 scripta,
3563 3596 3727 3656 quam

2145 3651 2291 3711 nunc
2320 3657 2558 3725 primum
2589 3656 2679 3710 hic
2708 3653 2871 3709 tertio
2902 3654 3024 3707 loco
3054 3662 3109 3707 et
3134 3652 3328 3708 ordine
3377 3651 3726 3721 subjicimus.

2145 3726 2271 3781 Sev.
2307 3726 2423 3781 Bm.

2221 3798 2338 3866 (29)
2375 3797 2509 3861 Qui:
2538 3812 2640 3849 non
2661 3795 2817 3849 cidit.
2838 3792 3323 3866 Videnturl’aultts
3354 3801 3410 3866 et
3434 3790 3566 3866 Pius
3597 3793 3731 3846 allu-

2144 3861 2275 3921 dere
2312 3861 2380 3921 ad
2428 3868 2480 3921 id
2523 3866 2669 3936 quod
2710 3866 2777 3919 de
2811 3864 3007 3936 eodem
3048 3862 3324 3936 cerintho
3350 3861 3728 3936 Tlieodoretus

2140 3938 2236 3991 lib.
2265 3952 2324 4004 ιι,
2350 3952 2472 4006 cap.
2496 3932 2555 4001 Il,
2578 3935 2830 3990 Hteretic.
2862 3934 2989 4006 fab.,
3006 3934 3250 4006 scripsit,
3274 3933 3462 3987 dicens
3488 3949 3500 3984 :
3531 3951 3549 3982 ι
3579 3932 3729 3987 Con-

2146 4008 2302 4062 ﬁnxit
2325 4004 2505 4062 autem
2532 4009 2696 4061 etiam
2728 4005 2993 4074 quasdam
3036 4004 3726 4074 revelationes,itanquam

2145 4078 2263 4147 ipse
2288 4093 2381 4132 eas
2400 4089 2546 4132 esset
2578 4073 3002 4143 contemplatus.
3038 4093 3055 4125 ι
3100 4074 3181 4127 Ad
3218 4073 3542 4147 captandam
3557 4076 3718 4147 enim

2145 4144 2484 4202 audientium
2522 4148 2705 4210 ﬁdem,
2730 4147 2839 4201 illis
2863 4147 3137 4207 utebatur,
3167 4144 3335 4198 multa
3371 4161 3429 4197 se
3461 4144 3728 4199 divinitus

2144 4219 2350 4272 vidisse
2384 4220 2678 4282 mentiens,
2712 4232 2855 4285 quae,
2888 4224 2947 4269 ut
2982 4216 3237 4283 inquiunt
3260 4213 3464 4268 Paulus
3491 4224 3542 4267 et
3570 4213 3720 4285 Pius,

2145 4304 2254 4343 non
2288 4290 2442 4343 vidit.
2484 4284 2751 4342 Baronius
2771 4302 2915 4339 anno
2950 4285 3157 4339 Christi
3181 4286 3270 4350 60,
3310 4301 3462 4338 num.
3497 4285 3580 4338 l8.
3612 4284 3685 4339 lu.

2214 4360 2329 4429 (50)
2364 4359 2575 4412 Pascha
2621 4357 2843 4429 Domini
2871 4357 2955 4408 die
2986 4355 3261 4429 llominica
3303 4356 3493 4407 annuis
3535 4356 3726 4429 solem-

2146 4426 2404 4483 nitatibus
2454 4430 2522 4482 sit
2567 4426 2954 4481 celebrandum.
2994 4426 3072 4479 Ex
3108 4427 3289 4480 verbis
3317 4428 3673 4494 sequentibus
3707 4443 3719 4477 :

456 4492 738 4569 Christum
766 4495 1124 4569 deprimeret,
1161 4507 1215 4569 et
1250 4499 1474 4569 angelos
1519 4492 1805 4569 eialtaret,
1841 4500 2037 4553 merito
2065 4497 2113 4553 C
2152 4521 2169 4552 ι
2196 4501 2261 4554 Et
2290 4501 2414 4553 licet
2445 4515 2548 4553 nos
2572 4499 2712 4569 idem
2738 4496 2947 4569 Pascha
2973 4497 3225 4569 praedicta
3252 4498 3339 4551 die
3359 4492 3724 4562 celebremus,

456 4559 661 4617 Paulus
694 4559 922 4639 epistola
960 4567 1052 4639 _ad_
1096 4559 1472 4639 Colossenses,
1526 4580 1581 4623 et
1615 4568 1745 4623 Pius
1794 4559 2043 4639 pontifex

457 4635 816 4706 omnesalias
846 4635 1123 4692 Ecclesias
1160 4638 1262 4693 hac
1287 4640 1522 4706 epistola
1555 4635 1818 4693 admonei
1849 4642 2045 4694 dicen-

456 4709 540 4756 tes
566 4722 583 4756 :
614 4702 906 4780 Nemo_vos
933 4707 1153 4780 seducat
1191 4711 1247 4762 in
1272 4702 1575 4763 humilitate
1626 4710 1854 4780 (Christi
1890 4712 2043 4764 sci-li-

456 4781 564 4836 cet,
605 4790 731 4829 cum
757 4776 827 4829 ob
860 4777 1180 4831 scandalum
1235 4780 1417 4834 crucis
1453 4780 1608 4833 illum
1636 4776 1829 4834 'nimis
1861 4780 2046 4834 humi-

455 4844 617 4923 flans,
672 4845 949 4923 hominem
994 4856 1211 4923 tantum
1243 4850 1416 4923 fuisse
1443 4851 1794 4923 praedicaret)
1832 4861 1881 4904 et
1915 4852 2039 4923 retis

454 4916 605 4991 gione
627 4916 955 4991 angelorum.
994 4916 1214 4991 Natura:
1258 4922 1405 4974 enim
1443 4916 1523 4975 ac
1572 4916 2045 4991 mundi'corporei

453 4985 677 5065 opifices
690 5002 817 5065 eos
839 4987 1009 5065 fuisse
1030 4990 1319 5065 iactantes,
1335 4992 1614 5065 religiose
1641 4992 1807 5065 nimis
1836 4985 2046 5060 deprae-

452 5054 752 5131 dicabant;
758 5054 1086 5131 Theodoreti
1115 5054 1387 5131 expositio
1411 5054 1578 5131 hujus
1602 5061 1711 5115 loci
1741 5071 1795 5115 et
1809 5054 2043 5116 censura

451 5126 682 5206 canonis
723 5127 793 5181 '55
822 5130 1054 5206 concilii
1108 5126 1426 5206 Laodiceni,
1469 5126 1853 5206 prieterqu‘am
1892 5132 2043 5201 quod

454 5197 765 5316 periculosa
791 5197 881 5264 sit,
915 5215 1045 5255 vera
1077 5218 1185 5255 non
1220 5212 1323 5257 est.
1355 5197 1658 5257 Cerintbus
1685 5197 1829 5255 enim
1867 5197 2037 5270 ange-

473 5281 537 5316 os
568 5269 758 5316 mundi
796 5271 1017 5316 anilittes
1049 5288 1157 5316 mm
1198 5276 1364 5316 mmln
1396 5289 1506 5316 nnn
1539 5273 1769 5316 tlnmahat
1796 5288 1919 5316 esse.
1951 5288 2037 5316 (ξιι-

473 5281 537 5319 os
564 5269 758 5337 mundi
796 5271 1017 5337 opiﬁces
1049 5288 1159 5325 non
1198 5276 1364 5327 modo
1395 5289 1507 5327 non
1539 5273 1769 5327 docebat
1796 5288 1919 5327 esse
1949 5269 2045 5325 co-

450 5334 645 5390 lendos
672 5346 727 5392 et
752 5334 1084 5407 adorandos,
1108 5344 1202 5397 sed
1233 5344 1441 5411 potius,
1472 5351 1734 5411 tanquam
1770 5343 2041 5396 malorum

452 5415 732 5473 auctores,
755 5411 883 5462 odio
911 5412 1195 5467 habendos
1222 5430 1369 5469 esse.
1400 5413 1531 5468 Vide
1568 5413 1863 5468 Baronium
1893 5428 2041 5467 anno

453 5474 673 5530 Domini
701 5478 791 5541 60,
818 5498 870 5534 ιι.
906 5480 973 5553 lii
1026 5492 1081 5536 et
1103 5485 1462 5553 sequentibus
1491 5500 1667 5553 usque
1701 5484 1767 5537 ad
1801 5481 2043 5536 ‘20.ltem

452 5554 635 5621 notas
666 5561 886 5605 nostras
912 5552 963 5603 in
983 5552 1193 5608 canon.
1220 5554 1313 5621 55,
1340 5556 1537 5609 concil.
1572 5552 1742 5608 Laod.
1771 5554 1882 5607 Cur
1911 5553 2041 5609 Pius

451 5616 703 5737 pontifex
733 5635 927 5675 omnes
953 5621 1230 5678 Ecclesias
1260 5616 1365 5678 hoc
1388 5625 1511 5678 loco
1536 5627 1681 5679 sicut
1704 5624 1906 5679 Paulus
1929 5622 2037 5678 Co-

475 5702 736 5737 essetises
784 5692 1155 5737 mlmnnmeril-
1201 5709 1367 5737 oniten
1409 5704 1509 5737 ιικι,
1558 5695 1700 5737 nnml
1744 5694 2037 5737 Corinthus

475 5702 736 5764 essetises
784 5692 1157 5757 admonuerit,
1201 5709 1367 5748 causa
1409 5704 1512 5755 est,
1558 5695 1702 5763 quod
1744 5694 2039 5749 Corinthus

451 5769 683 5827 ejusque
730 5764 947 5818 sectarii
993 5765 1096 5821 hoc
1133 5773 1373 5835 tempore
1409 5767 1598 5822 eadem
1644 5781 1899 5835 perverse
1938 5766 2039 5822 do—

2148 4572 2278 4640 quia
2310 4579 2489 4623 tamen
2521 4568 2743 4638 quidam
2779 4567 2905 4640 inde
2954 4567 3300 4640 dubitarunt,
3340 4585 3358 4616 ι
3394 4578 3542 4640 etc,
3590 4569 3725 4640 satis

2148 4638 2333 4708 aperte
2356 4648 2591 4700 constat.
2618 4638 3026 4708 constitutionis
3058 4639 3203 4691 illius
3228 4640 3362 4707 (qua
3385 4638 3722 4705 praecipitur,

2148 4707 2209 4765 ut
2232 4711 2532 4764 Christiani
2586 4710 2674 4762 die
2717 4707 3002 4761 Dominico
3056 4717 3291 4773 tantum,
3335 4716 3461 4775 post
3504 4709 3724 4761 vernale

2146 4781 2535 4850 aequinoctium
2564 4786 2918 4850 occurrente,
2937 4777 3150 4833 Pascha
3182 4778 3478 4850 celebrent,
3523 4778 3724 4850 nesci-

2147 4848 2276 4906 lic‘et
2308 4850 2753 4903 Christianorum
2800 4857 2855 4901 et
2894 4848 3210 4903 Judazorum
3256 4848 3540 4902 Paschalia
3585 4848 3722 4902 festa

2151 4938 2391 4989 unquam
2425 4920 2590 4975 simul
2627 4919 2869 4973 incidere
2911 4920 3145 4989 possint)
3170 4929 3449 4972 auctorem
3482 4919 3722 4988 primum

2148 4993 2294 5045 hunc
2338 4990 2648 5059 pontificem
2693 4989 2850 5043 Pium
2893 5005 3002 5043 non
3049 4989 3253 5055 fuisse,
3295 4990 3388 5043 sed
3431 4990 3611 5059 potius
3655 4991 3725 5042 ab

2148 5061 2438 5130 apostolis.
2478 5062 2622 5128 ‘luod
2668 5061 2880 5130 prolixe
2930 5060 3066 5115 satis
3125 5075 3290 5129 supra
3338 5061 3405 5113 ad
3455 5075 3722 5130 eanonem

2151 5128 2528 5201 apostolorum
2568 5132 2600 5183 8
2656 5128 2990 5193 notavimus,
3020 5128 3330 5186 institutum
3368 5128 3720 5201 esse;_Pium

2146 5199 2279 5256 vero
2294 5203 2602 5272 pontificem
2620 5202 2761 5255 hanc
2785 5202 3132 5256 traditionem
3158 5201 3518 5272 apostolicam
3540 5199 3726 5269 judai-

2148 5271 2391 5326 zantiunt
2422 5272 2795 5326 Ecclesiarum
2821 5272 3219 5326 consuetudine
3256 5271 3540 5335 violatam,
3574 5272 3724 5324 edito

2148 5345 2375 5412 scripto,
2423 5354 2478 5397 et
2511 5351 2772 5412 renovato
2812 5342 3081 5397 duntaxat
3118 5346 3340 5395 decreto
3382 5345 3634 5395 firmasse
3668 5350 3723 5395 et

2146 5411 2501 5469 stabilivisse.
2538 5411 2670 5466 Vide
2697 5413 2897 5466 Bai-0n.
2926 5429 3072 5465 anno
3105 5413 3310 5465 Christi
3340 5413 3464 5478 159,
3497 5428 3652 5466 num.
3692 5413 3714 5463 1

2144 5495 2199 5536 et
2226 5500 2379 5553 seqq.
2414 5485 2545 5537 Item
2570 5499 2633 5536 ea
2654 5500 2775 5553 qua:
2797 5484 3040 5538 diximus
3073 5498 3237 5552 supra
3264 5486 3329 5539 ad
3363 5498 3563 5539 canon.
3590 5498 3717 5553 apo-

2145 5556 2409 5608 stolorum
2443 5556 2496 5609 8.
2537 5555 2613 5607 lo.

2210 5625 2324 5694 (51)
2362 5625 2493 5678 Istis
2539 5640 2661 5692 ergo
2700 5624 3020 5691 temporibus
3075 5625 3294 5681 Hermes
3341 5626 3525 5678 doctor
3569 5623 3715 5691 ﬁdei.

2143 5692 2280 5760 Quis
2298 5692 2354 5749 et
2384 5696 2565 5764 qualis
2599 5698 2765 5749 tuerit
2787 5695 3031 5759 llertucs,
3070 5707 3217 5764 patet
3249 5713 3314 5751 ex
3345 5697 3412 5751 iis
3444 5710 3565 5765 qua:
3580 5696 3722 5750 dixi-

2144 5782 2267 5823 mus
2296 5783 2484 5838 supra,
2517 5767 2569 5821 in
2602 5767 2746 5822 notis
2778 5768 2844 5821 ad
2874 5765 3047 5821 Vitam
3080 5766 3277 5823 Pii.ln.
