4142 6442
432 405 560 459 liii

1848 405 2238 463 EPISTOLIE.

3557 405 3697 462 “‘22

430 528 672 593 aliquam
704 519 1057 592 astrologiam
1090 520 1173 575 vel
1206 520 1613 592 philosophiam
1657 522 1771 593 (3‘2)
1812 534 1866 577 ct
1893 523 2011 577 ina-
2044 528 2091 585 Α
2121 522 2267 576 malo
2309 522 2569 578 thesauro
2598 523 2782 580 cordis
2834 524 2920 579 sui
2954 522 3163 594 profert
3192 524 3357 579 mala.
3408 527 3484 583 Ex
3516 527 3693 583 abun-

432 636 555 676 nem
605 618 900 683 fallaciam,
935 616 1242 671 secundum
1293 617 1648 671 traditionem
1701 617 2011 683 hominum,

426 712 732 769 secundum
762 709 1028 763 elementa
1056 710 1267 775 mundi,
1295 720 1349 764 et
1376 724 1488 764 non
1514 710 1816 765 secundum
1851 710 2014 765 Chri-

425 816 570 861 stum
604 824 623 856 ι
661 812 715 858 et
757 802 1112 857 traditionem
1149 809 1391 867 rectam;
1431 820 1448 853 ι
1497 801 1551 855 in
1598 800 1823 856 Christo
1853 800 2003 855 enim

424 898 639 952 habitat
670 896 853 951 omnis
885 893 1168 965 plenitudo
1196 893 1502 950 divinitatis
1530 893 1924 963 corporaliter,
1950 901 2010 947 ut

423 991 545 1046 sitis
576 991 630 1044 in
663 990 755 1043 illo
778 990 990 1060 repleti,
1014 990 1106 1060 qui
1146 999 1230 1046 est
1260 999 1425 1058 caput
1455 988 1639 1041 omnis
1665 986 2008 1057 principatus

422 1093 478 1139 et
499 1083 788 1154 potestatis
808 1083 878 1148 ’°,
921 1101 939 1133 ι
974 1083 1068 1151 qui
1095 1092 1151 1137 et
1206 1083 1348 1136 hanc
1380 1091 1630 1136 sanctam
1658 1080 1843 1136 sedem
1873 1095 2008 1151 apo-

423 1176 674 1231 stolicam
706 1174 955 1229 omnium
987 1172 1361 1229 Ecclesiarum
1390 1182 1558 1243 caput
1580 1188 1701 1228 esse
1723 1171 2003 1243 praecepit,

421 1269 541 1339 ipso
572 1267 789 1323 dicente
819 1267 1050 1338 principi
1086 1267 1461 1338 apostolorum
1494 1284 1508 1315 :
1536 1287 1554 1319 ι
1576 1265 1660 1320 Tu
1692 1281 1752 1322 es
1784 1266 2001 1333 Petrus,

419 1372 475 1416 et
506 1375 672 1431 super
724 1361 865 1416 hanc
903 1370 1112 1431 petram
1143 1360 1428 1415 aedificabo
1465 1360 1766 1416 Ecclesiam
1797 1375 2001 1427 meam,

417 1464 475 1510 et
508 1462 685 1523 portae
717 1451 880 1507 inferi
912 1468 1019 1506 non
1053 1452 1430 1522 praevalebunt
1472 1452 1738 1508 adversus
1766 1467 1886 1506 eam
1911 1470 1925 1519 ;
1948 1461 2003 1507 et

417 1549 518 1603 tibi
545 1549 688 1604 dabo
742 1548 925 1604 claves
980 1548 1130 1619 regni
1181 1547 1487 1612 caelorum;
1534 1556 1588 1603 et
1634 1545 2003 1616 quodcunque

416 1640 674 1711 ligaveris
705 1655 873 1709 super
903 1650 1129 1705 terram,
1157 1639 1264 1693 erit
1311 1639 1538 1708 ligatum
1575 1649 1630 1693 et
1658 1639 1711 1693 in
1739 1639 1917 1705 ccelo;
1946 1647 2002 1693 et

413 1732 785 1803 quodcunque
816 1731 1050 1786 solveris
1081 1745 1246 1799 super
1280 1739 1504 1795 terram,
1536 1730 1642 1785 erit
1677 1731 1921 1785 solutum
1944 1738 2000 1785 et

413 1826 471 1880 in
498 1824 637 1880 coelo
672 1825 739 1878 ".
776 1843 795 1877 ι
824 1822 957 1879 Sine
994 1822 1166 1877 dubio
1214 1823 1308 1893 qui
1359 1832 1550 1878 contra
1589 1822 1851 1877 mandata
1894 1821 1991 1878 Dei

412 1917 546 1987 agit,
598 1925 809 1987 peccat,
856 1926 913 1971 et
949 1917 1042 1986 qui
1087 1930 1425 1972 consensum
1485 1924 1709 1986 praestat
1758 1916 1990 1970 erranti.
2026 1905 2068 1962 Β

410 2009 458 2040 ³⁸
485 2004 626 2073 Quid
652 2005 798 2060 enim
827 2005 1049 2075 prodest
1076 2005 1174 2069 illi,
1203 2020 1305 2060 suo
1332 2019 1520 2060 errore
1548 2020 1656 2061 non
1679 2006 1873 2077 pollui,
1897 2006 1993 2077 qui

410 2113 743 2155 consensum
772 2107 997 2168 praestat
1023 2099 1227 2153 erranti
1260 2098 1344 2153 “‘2

407 2290 450 2342 A
496 2288 686 2359 quibus
715 2303 819 2341 non
857 2295 1097 2359 oporteat
1126 2288 1397 2359 episcopos
1424 2289 1703 2355 accusari,
1736 2299 1785 2343 et
1812 2288 1877 2345 de
1904 2289 1989 2345 his

544 2361 636 2429 qui
672 2358 1135 2430 transgrediuntur
1151 2358 1311 2429 jussu
1349 2360 1655 2428 apostolica:
1682 2361 1844 2414 sedis.

475 2451 524 2484 ⁸⁸⁵
553 2451 696 2507 Oves
723 2452 870 2506 enim
899 2460 1179 2520 pastorem
1206 2466 1369 2507 suum
1406 2465 1517 2506 non
1558 2451 1984 2521 reprehendant,

402 2545 558 2618 plebs
582 2560 713 2600 vero
739 2544 1061 2615 episcopum
1085 2559 1198 2599 non
1229 2554 1473 2613 accuset,
1500 2560 1602 2602 nec
1625 2547 1823 2619 vulgus
1852 2562 1985 2603 eum

401 2651 618 2711 arguat,
649 2641 916 2711 quoniam
946 2659 965 2693 ι
998 2653 1109 2694 non
1135 2648 1224 2696 est
1260 2640 1567 2711 discipulus
1603 2656 1771 2708 super
1811 2641 1987 2714 magi-

400 2744 601 2800 strum,
620 2750 801 2806 neque
828 2750 1024 2791 servus
1046 2749 1213 2805 supra
1241 2734 1530 2791 dominum
1561 2736 1632 2790 9'.
1666 2754 1687 2789 ι
1728 2734 1983 2807 Episcopi

398 2838 583 2882 autem
618 2843 650 2883 a
696 2827 813 2882 Deo
865 2836 997 2883 sunt
1035 2827 1343 2898 judicandi,
1383 2827 1479 2898 qui
1524 2841 1622 2883 eos
1651 2827 1757 2883 sibi
1790 2827 1982 2883 oculos

396 2921 579 2993 elegit.
632 2920 770 2976 Nam
822 2936 852 2976 a
900 2920 1138 2977 subditis
1191 2928 1287 2976 aut
1332 2936 1515 2992 prava:
1560 2922 1686 2978 vitae
1737 2921 1981 2977 homini-

397 3015 503 3070 bus
554 3030 663 3069 non
714 3024 844 3069 sunt
886 3014 1170 3084 arguendi,
1202 3015 1289 3085 vel
1323 3015 1641 3083 accusandi,
1694 3024 1789 3071 aut
1837 3016 1982 3072 lace-

395 3104 590 3172 randi,
657 3105 777 3176 ipso
839 3104 1073 3161 Domino
1137 3108 1450 3178 exemplum
1496 3108 1700 3175 dante,
1757 3109 1980 3179 quando

2115 614 2299 669 dantia
2325 616 2469 670 enim
2496 616 2681 671 cordis
2705 631 2769 672 os
2801 616 3045 687 loquitur
3076 618 3119 671 ².
3162 634 3181 668 ι
3220 615 3347 670 Ideo
3385 632 3617 687 persona
3644 627 3700 674 et

2110 706 2300 776 opinio
2325 722 2391 762 ac
2416 707 2526 762 vita
2568 706 3006 776 uniuscujusque
3029 707 3085 760 in
3125 705 3282 760 initio
3308 707 3560 762 rimanda
3589 717 3698 775 est,

2110 798 2241 870 quia
2270 798 2398 853 boni
2447 813 2665 869 semper
2710 797 3039 854 infestantur
3068 813 3100 853 a
3128 798 3311 853 malis.
3364 798 3499 854 Boni
3541 801 3692 855 enim

2108 906 2235 946 cum
2259 890 2443 956 malis,
2470 891 2599 945 licet
2621 891 2770 946 misti
2803 891 2917 947 sint
2955 890 3010 944 in
3042 889 3308 957 Ecclesia,
3344 891 3434 945 vix
3459 907 3696 948 concor-

2106 984 2238 1039 dare
2252 985 2627 1051 inveniuntur,
2646 984 2908 1054 quoniam
2929 982 3215 1041 dissimilis
3232 994 3316 1041 est
3330 1001 3522 1040 eorum
3541 987 3691 1057 cogi-

2107 1076 2261 1144 tatio,
2292 1077 2545 1133 voluntas
2560 1087 2615 1132 et
2644 1086 2819 1131 actus.
2844 1077 2865 1108 ³
2892 1074 3040 1131 Nihil
3063 1077 3210 1131 enim
3232 1076 3457 1147 prodest
3480 1079 3693 1135 homini

2101 1168 2372 1240 jejunare,
2391 1180 2444 1225 et
2462 1185 2645 1235 orare,
2675 1178 2731 1225 et
2758 1170 2867 1225 alia
2886 1169 3170 1241 religionis
3192 1170 3336 1225 bona
3368 1187 3551 1243 agere,
3582 1172 3692 1229 nisi

2102 1276 2262 1318 mens
2304 1262 2373 1317 ab
2411 1262 2701 1333 iniquitate
2747 1275 3058 1330 revocetur,
3095 1263 3247 1319 etab
3273 1264 3690 1321 obtrectationi—

2103 1354 2208 1411 bus
2242 1354 2429 1426 lingua
2458 1356 2806 1412 cohibeatur.
2836 1355 2993 1411 Unde
3022 1357 3099 1411 ait
3119 1355 3389 1428 Propheta
3409 1377 3452 1413 ε(
3477 1358 3690 1415 Cohibe

2102 1442 2344 1514 linguam
2386 1454 2537 1500 tuam
2581 1461 2612 1500 a
2650 1446 2817 1510 malo,
2863 1454 2918 1501 et
2958 1447 3099 1501 labia
3143 1458 3235 1501 tua
3277 1464 3347 1503 ne
3392 1450 3688 1520 loquantur

2101 1531 2310 1587 dolum.
2331 1531 2547 1589 Diverte
2575 1550 2605 1589 a
2628 1536 2795 1601 malo,
2824 1544 2879 1590 et
2906 1534 3229 1591 fac~bonum
3249 1538 3290 1591 ‘.
3306 1558 3323 1590 ι
3353 1537 3523 1595 Nemo
3539 1541 3685 1596 enim

2100 1624 2311 1682 bonum
2342 1606 2574 1693 faciens,
2609 1627 2767 1683 alteri
2798 1629 2968 1684 verbo
2991 1640 3085 1683 aut
3116 1628 3262 1685 facto
3290 1647 3489 1686 nocere
3519 1633 3637 1688 vult
3666 1650 3683 1700 ;

2099 1719 2499 1787 quantominus
2528 1719 2583 1773 in
2610 1720 2632 1751 ⁵
2663 1720 3032 1790 suspicionem
3076 1721 3237 1777 debet
3276 1724 3462 1779 venire
3506 1724 3685 1780 fidelis

2100 1811 2287 1879 homo,
2321 1824 2379 1869 ut
2415 1813 2563 1869 dicat
2601 1821 2699 1869 aut
2736 1812 2904 1870 faciat
2942 1830 3008 1871 ea
3047 1831 3171 1886 quae
3215 1816 3327 1885 pati
3368 1833 3478 1872 non
3513 1818 3682 1873 vult?

2100 1903 2121 1934 °
2148 1902 2287 1970 Quia
2317 1905 2496 1961 omnis
2525 1906 2770 1976 suspicio
2796 1907 2979 1977 potius
3015 1909 3325 1978 repellenda
3365 1920 3475 1977 est,
3512 1927 3681 1982 quam

2096 1997 2446 2066 approbanda
2496 1998 2580 2053 vel
2627 1998 2961 2068 recipienda.
3006 2019 3025 2053 ‹
3061 2000 3318 2057 Charitas
3365 2003 3513 2058 enim
3566 2020 3679 2060 non

2092 2089 2291 2159 quaerit
2335 2104 2461 2158 quae
2505 2105 2605 2145 sua
2646 2101 2779 2147 sunt
2801 2092 2844 2159 ⁷,
2879 2110 2899 2144 ι
2926 2092 3022 2148 sed
3062 2108 3185 2163 qua:
3231 2094 3506 2163 aliorum;
3544 2099 3676 2167 quia

2092 2180 2259 2236 unius
2294 2195 2483 2249 causa,
2514 2184 2813 2239 multorum
2848 2199 2957 2239 non
2988 2193 3073 2240 est
3110 2185 3446 2256 pneferenda
3480 2210 3491 2243 :
3522 2208 3541 2240 ι
3573 2189 3674 2245 Se-

2089 2272 2318 2328 ctamini
2344 2274 2693 2343 charitatem,
2722 2276 3058 2331 aemulamini
3094 2278 3403 2348 spiritualia
3433 2280 3476 2334 ⁸.
3525 2281 3673 2337 Cha-

2090 2365 2226 2421 ritas
2252 2367 2399 2423 enim
2442 2368 2656 2438 patiens
2686 2376 2790 2433 est,
2836 2368 3069 2438 benigna
3110 2380 3213 2425 est.
3257 2370 3511 2427 Charitas
3559 2387 3671 2428 non

2087 2459 2399 2527 aemulatur,
2434 2475 2542 2515 non
2572 2461 2685 2531 agit
2705 2476 3015 2532 perperam,
3040 2476 3151 2518 non
3179 2460 3422 2530 inﬂatur,
3455 2478 3565 2518 non
3588 2473 3674 2520 est

2087 2552 2399 2618 ambitiosa,
2426 2568 2537 2607 non
2570 2554 2769 2623 quaerit
2792 2568 2917 2624 quae
2938 2569 3038 2610 sua
3072 2562 3223 2621 sunt,
3255 2569 3365 2609 non
3392 2556 3669 2622 irritatur,

2087 2661 2199 2701 non
2226 2647 2436 2719 cogitat
2470 2647 2700 2714 malum,
2735 2662 2846 2703 non
2890 2647 3091 2718 gaudet
3140 2661 3309 2717 super
3356 2647 3670 2718 iniquitate,

2085 2740 2391 2810 congaudet
2410 2749 2593 2795 autem
2617 2738 2831 2795 veritati
2857 2758 2873 2807 ;
2899 2739 3082 2795 omnia
3110 2740 3303 2807 credit,
3334 2740 3516 2795 omnia
3547 2756 3672 2811 spe-

2085 2840 2193 2893 rat,
2220 2832 2406 2886 omnia
2440 2831 2697 2888 sustinet.
2725 2829 2983 2886 Charitas
3010 2846 3292 2901 nunquam
3328 2832 3526 2887 excidi.
3550 2834 3593 2887 ⁸.
3643 2851 3665 2885 ι

2085 2923 2314 2993 Semper
2342 2938 2477 2994 rogo
2506 2938 2627 2990 vos,
2658 2932 2719 2978 ut
2748 2922 3019 2980 deteriora
3053 2921 3338 2991 rejiciatis,
3364 2932 3419 2978 et
3439 2923 3669 2980 meliora

2082 3015 2409 3086 perﬁciatis;
2447 3015 2579 3086 quia
2614 3030 2715 3069 nos
2754 3028 2866 3069 non
2918 3013 3176 3083 spiritum
3214 3013 3407 3067 mundi
3450 3016 3668 3084 accepi-

2083 3121 2226 3174 mus,
2279 3109 2373 3163 sed
2399 3106 2653 3176 spiritum
2695 3107 2793 3177 qui
2822 3121 2891 3161 ex
2920 3104 3032 3161 Deo
3053 3115 3156 3172 est,
3189 3115 3249 3160 ut
3275 3103 3516 3161 sciamus
3544 3121 3670 3176 qua:

393 3211 493 3267 per
515 3196 757 3265 seipsum
782 3204 837 3251 et
863 3210 972 3251 non
990 3211 1089 3266 per
1119 3197 1311 3265 alium,
1342 3197 1643 3253 vendentes
1662 3199 1978 3255 sacerdotes
2080 3216 2113 3255 a
2146 3200 2262 3255 Deo
2294 3199 2496 3256 donata
2537 3206 2667 3256 sunt
2694 3199 2878 3267 nobis,
2905 3208 2961 3256 et
2998 3213 3065 3255 ea
3108 3198 3402 3255 sectamini
3451 3198 3667 3256 indiffe-

391 3299 448 3345 et
474 3298 721 3344 ementes
749 3288 918 3359 ejecit
948 3289 1018 3345 de
1052 3290 1278 3359 templo,
1316 3298 1371 3345 et
1399 3305 1622 3346 mensas
1654 3292 1975 3348 nummula-
2003 3271 2045 3330 (ἶ
2078 3303 2281 3347 renter.

391 3383 604 3437 riorum
636 3381 858 3452 proprio
887 3382 1082 3437 evertit
1108 3381 1157 3414 "
1187 3381 1421 3453 ﬂagello,
1451 3392 1506 3438 et
1536 3382 1698 3453 ejecit
1727 3383 1796 3439 de
1841 3393 1978 3439 tem-

389 3475 483 3543 plo
504 3476 571 3531 ⁸⁷.
620 3474 687 3529 Ει
718 3477 864 3531 sicut
904 3475 1036 3530 alibi
1079 3490 1177 3545 per
1220 3473 1553 3546 Prophetam
1588 3476 1855 3546 loquitur,
1888 3477 1977 3532 di—

389 3582 525 3623 cens
557 3583 572 3620 :
606 3586 625 3619 ‹
648 3565 793 3623 Deus
825 3567 973 3622 stetit
1006 3566 1061 3620 in
1098 3566 1385 3638 Synagoga
1416 3567 1668 3636 deorum,
1701 3568 1757 3622 in
1796 3568 1979 3624 medio

388 3668 573 3714 autem
590 3660 723 3716 deos
736 3658 998 3727 discernit
1009 3658 1076 3712 ’⁸.
1090 3659 1163 3711 »π
1182 3657 1240 3713 Si
1256 3660 1381 3729 quis
1399 3675 1531 3715 vero
1543 3675 1574 3715 a
1587 3675 1689 3717 suo
1702 3661 1981 3731 proposito

388 3761 695 3808 retrorsum
726 3753 1135 3817 exorbitaverit,
1167 3762 1221 3808 et
1244 3752 1462 3823 jussum
1496 3752 1809 3822 apostolica:
1831 3752 1976 3809 sedis

388 3845 624 3902 [Denter
678 3855 1060 3918 transgressus
1090 3845 1286 3913 fuerit,
1328 3844 1551 3902 infamis
1582 3845 1832 3899 ellicitur.
1868 3842 1975 3899 lte—

387 3939 607 4009 probari
650 3954 783 4010 ergo
818 3948 1033 4009 oportet
1061 3954 1252 3994 eorum
1297 3938 1735 4009 redargutiones,
1775 3937 1872 4008 qui
1916 3936 1973 3992 iu

386 4041 537 4087 recta
570 4032 675 4089 ﬁde
698 4033 941 4103 suspecti
967 4040 1117 4087 sunt.
1152 4032 1169 4064 ¹
1196 4031 1358 4087 Fides
1390 4041 1574 4086 autem
1600 4041 1654 4086 et
1679 4044 1974 4085 conserva-

386 4124 466 4180 tio
488 4124 728 4194 primum
755 4127 1049 4182 scrutanda
1066 4135 1170 4194 est,
1194 4134 1250 4180 et
1272 4125 1474 4192 denuo,
1498 4124 1592 4195 qui
1627 4123 1972 4194 irreprehen-

387 4217 579 4274 sibiles
619 4219 996 4291 apparuerint,
1032 4228 1163 4274 sunt
1205 4217 1604 4288 recipiendi,et
1629 4233 1736 4273 non
1768 4218 1963 4288 prius;

385 4306 515 4376 quia
534 4326 551 4358 ι
578 4308 757 4364 bonus
777 4309 964 4377 homo,
993 4318 1226 4365 testante
1256 4307 1516 4363 Veritatis
1543 4324 1697 4375 voce,
1728 4324 1795 4364 ex
1823 4309 1969 4366 bono

387 4398 646 4455 thesauro
673 4400 852 4456 cordis
885 4400 969 4455 sui
1000 4398 1208 4470 profert
1227 4399 1393 4465 bona,
1431 4406 1485 4453 et
1509 4397 1688 4451 malus
1715 4398 1880 4453 homo
1901 4414 1967 4453 ex

453 4532 501 4566 ⁸⁹
531 4533 731 4590 Euseb.
758 4535 813 4587 in
841 4533 1039 4588 Chron.
1080 4532 1146 4589 ad
1181 4547 1271 4587 an.
1311 4531 1434 4588 115.

380 4605 614 4674 prodest.
690 4606 736 4639 ”
762 4604 948 4659 Horm.
973 4620 1057 4675 ep.
1089 4604 1180 4658 25.

380 4672 471 4730 10.
550 4676 598 4708 ⁹⁶
624 4677 755 4731 Isid.
790 4675 883 4741 Ill,
909 4672 1049 4729 sent.
1079 4676 1166 4729 39.
1244 4676 1289 4708 ’7
1321 4672 1480 4729 Joan'.
1509 4690 1568 4727 ll.
1648 4673 1693 4705 ⁸⁸
1725 4672 1870 4728 Psal.
1896 4691 2083 4743 LXXXI,
2109 4677 2159 4730 1.

383 4747 472 4802 15.
547 4749 569 4780 ³
595 4746 783 4802 Matth.
812 4762 916 4817 χιι,
950 4746 1048 4808 55;
1079 4745 1212 4800 Luc.
1245 4761 1321 4810 vr,
1343 4746 1434 4817 45.
1454 4814 1475 4817 ᾼ
1512 4746 1534 4777 ³
1560 4744 1761 4799 Caesar.
1788 4746 1937 4800 hom.
1967 4748 2059 4801 25.
2097 4749 2171 4800 De
2194 4744 2373 4817 pmnit.
2399 4744 2641 4804 distinct.
2670 4744 2736 4805 ‘5':
2774 4749 2929 4805 Nihil

1528 4530 1576 4564 ιο
1601 4530 1766 4564 ρηιηο
1819 4548 1857 4564 η
1913 4531 1959 4564 ρ’

1311 4531 1434 4588 115.
1528 4530 1576 4564 ⁸ο
1601 4530 1788 4587 Colos.
1819 4548 1880 4598 ιι,
1912 4531 1965 4595 8,

1276 4602 1406 4676 °‘_6,
1438 4619 1493 4674 q.
1527 4604 1548 4657 1
1577 4618 1592 4656 :
1627 4601 1757 4676 Ores
1784 4616 1981 4676 pastori

2139 4536 2184 4567 ’ί
2215 4534 2406 4591 Matth.
2446 4554 2558 4605 xvr,
2585 4537 2670 4605 18,
2704 4539 2789 4593 19.
2866 4540 2913 4574 ⁹²
2946 4540 2999 4606 5,
3024 4540 3267 4595 distinct.
3301 4539 3487 4606 :~Quid
3512 4541 3651 4595 enim

2104 4604 2169 4660 Et
2192 4606 2244 4660 in
2272 4606 2580 4664 Dcchvon.
2613 4610 2706 4664 lib.
2740 4626 2813 4665 tv.
2893 4610 2939 4643 ”
2967 4610 3156 4665 Matth.
3184 4628 3237 4671 κ,
3271 4610 3375 4676 24;
3411 4610 3544 4665 Luc.
3574 4627 3651 4675 vr,

2149 3377 2283 3431 Data
2332 3377 2568 3447 septimo
2620 3375 2748 3432 ldus
2779 3376 2984 3447 Aprilis
3015 3378 3083 3440 ιο,
3139 3378 3304 3436 Claro
3357 3386 3414 3436 et
3458 3376 3664 3437 Severo

2077 3470 2213 3525 viris
2238 3470 2563 3527 clarissimis
2593 3470 2916 3527 consulibus
2944 3471 3010 3526 “.

2570 3602 2913 3681 EPISTOLA
2948 3607 2996 3659 ιι
3028 3606 3165 3677 (55).

2596 3734 2831 3774 ITALICIS
2869 3734 3126 3774 DIRECTA.

2078 3829 2211 3895 Qua:
2242 3830 2435 3885 divinis
2458 3840 2579 3885 sunt
2609 3833 2885 3902 assignata
2905 3832 3111 3897 usibus,
3144 3832 3213 3885 ad
3241 3831 3502 3885 humanos
3527 3848 3657 3888 usus

2321 3901 2434 3956 sine
2456 3901 2735 3973 sacrilegio
2774 3919 2878 3956 non
2901 3919 3050 3973 posse
3077 3904 3385 3972 transferri.

2144 4011 2275 4069 Pius
2305 4012 2569 4070 Romanae
2601 4016 2757 4071 urbis
2785 4017 3259 4088 archiepiscopus,
3299 4015 3500 4074 Italicis
3545 4017 3660 4074 fra-

2073 4105 2250 4161 tribus
2280 4107 2507 4161 salutem
2532 4108 2586 4162 in
2613 4108 2871 4164 Domino.
3652 4158 3653 4161 η

2152 4194 2339 4265 Scitis,
2362 4197 2582 4266 fratres,
2607 4200 2735 4269 quia
2766 4218 2786 4251 ι
2824 4198 2919 4254 Dei
2954 4200 3285 4269 agricultura
3311 4217 3506 4257 sumus
3534 4202 3599 4266 ";
3627 4218 3647 4252 ι

2074 4286 2197 4342 ideo
2229 4289 2352 4360 ejus
2391 4289 2671 4360 adjutores
2708 4307 2832 4347 esse
2879 4291 3145 4347 debemus
3183 4294 3485 4348 secundum
3531 4309 3658 4364 gra-

2076 4379 2231 4445 tiam,
2257 4396 2420 4451 quam
2451 4383 2567 4453 ipse
2605 4383 2755 4439 dedit
2780 4384 2958 4440 nobis.
2997 4385 3055 4440 Si
3083 4396 3266 4441 autem
3294 4386 3397 4441 hoc
3419 4401 3543 4442 esse
3560 4401 3657 4442 ne-

2139 4536 2184 4606 ?”
2215 4534 2406 4591 Matth.
2446 4554 2558 4605 xvr,
2585 4537 2670 4605 18,
2704 4539 2789 4593 19.
2866 4540 2913 4574 ⁹¹
2946 4540 2999 4606 ‘5,
3024 4540 3267 4595 distinct.
3301 4539 3487 4606 :-Quid
3512 4541 3655 4595 enim

2250 4679 2296 4710 9’
2328 4680 2381 4745 5,
2414 4694 2470 4749 q.
2511 4680 2573 4734 ιε
2608 4678 2667 4735 Si
2695 4682 2820 4750 quis
2842 4697 2961 4735 vero
2985 4699 3039 4734 a.
3120 4683 3135 4712 ¹
3168 4681 3331 4735 Hadr.
3361 4682 3485 4735 coll.
3512 4682 3567 4745 4,
3594 4683 3649 4747 5,

2960 4753 3208 4821 prodest;
3238 4764 3291 4806 et
3316 4750 3390 4821 De
3412 4768 3648 4807 consecr.

379 4817 633 4892 distinct:
661 4819 748 4892 5:_
765 4816 918 4870 Nihil
955 4818 1096 4892 enim
1133 4818 1365 4892 prodest.
1401 4815 1424 4848 ⁸
1448 4814 1597 4892 Psal.
1631 4817 1958 4892 ualui”,

2122 4814 2299 4892 lf.S’i_xti
2326 4821 2457 4892 phil.
2487 4829 2626 4875 seut.
2652 4820 2754 4874 168
2769 4831 2836 4892 ει
2867 4814 2988 4876 169.
3024 4822 3114 4883 ⁸6,
3133 4814 3239 4892 qi!
3268 4841 3281 4876 :
3316 4820 3447 4875 Oves
3468 4831 3650 4891 pasto-

380 4904 509 4942 rem.
614 4888 633 4920 "
660 4894 679 4942 Ι
709 4888 839 4943 Cor.
871 4904 991 4953 xm,
1026 4888 1080 4942 5.

1172 4888 1194 4919 ⁸
1220 4889 1239 4940 I
1266 4888 1390 4963 Co_r_.
1431 4904 1543 4963 inv,
1564 4887 1656 4963 _l‘._
1701 4888 1729 4963 ’_
1756 4889 1776 4939 l
1805 4886 1981 4963 Gor._i

2086 4890 2169 4955 .4,
2204 4890 2282 4963 8.Δ
2326 4886 2382 4922 ’³ο
2430 4891 2487 4945 in
2520 4907 2621 4945 ms.
2656 4908 2709 4945 rx
2755 4891 2885 4948 Kal.
2915 4886 3351 4963 Aprilisfﬂsnn.
3432 4886 3477 4925 ίί
3504 4893 3652 4948 Cou-

380 4960 529 5016 sules
559 4960 613 5014 hi
644 4968 904 5015 notantur
931 4959 986 5012 in
1019 4958 1176 5014 fastis
1202 4974 1293 5012 an.
1323 4957 1528 5013 Christi
1556 4957 1679 5012 146.
1710 4958 1787 5012 lo.
1867 4959 1910 4989 ¹²
1935 4960 1956 5012 Ι

2086 4976 2111 5012 ·.
2145 4976 2229 5026 ιιι,
2257 4960 2312 5015 9.

427 5078 547 5154 (52)
562 5078 752 5154 cavete
766 5076 1272 5154 diligentermequis
1285 5092 1371 5130 vos
1384 5076 1724 5154 decipiatper
1738 5076 1973 5154 aliquant
2007 5080 2052 5135 D
2081 5080 2411 5154 astrologiae,
2436 5096 2596 5152 quam
2634 5090 2824 5137 exacte
2853 5083 3080 5139 edoctus
3100 5092 3251 5149 erat;
3279 5083 3371 5140 sed
3402 5085 3649 5154 quotidie

379 5150 726 5219 astrologiam
776 5147 883 5203 aut
923 5148 1331 5215 philosophiam.
1379 5147 1632 5216 Aquilam
1674 5147 1964 5219 Ponticum

379 5221 567 5283 credo,
592 5218 687 5289 qui
709 5220 813 5275 sub
834 5219 1080 5289 Adriano
1103 5219 1433 5289 imperatore
1456 5219 1610 5282 vixit,
1634 5233 1700 5273 ex
1725 5218 1966 5286 judicia-

379 5290 466 5343 rio
514 5288 796 5361 astrologo
842 5288 1226 5361 Christianus,
1264 5304 1330 5341 ex
1365 5288 1682 5361 Christiano
1715 5289 1961 5345 vicissim

381 5363 691 5432 astrologus
730 5357 794 5416 et
832 5369 1080 5432 apostata
1110 5357 1369 5432 ‘Judaaus,
1416 5374 1487 5432 ac
1520 5358 1743 5412 demum
1789 5373 1963 5432 sacrae

381 5428 639 5486 Ecclesia:
668 5431 844 5487 hostis
868 5428 925 5485 et
968 5430 1227 5484 inimicus
1276 5438 1362 5483 est
1407 5428 1609 5495 factus,
1658 5431 1958 5484 notandum

378 5511 545 5574 atque
574 5502 891 5574 fugiendum
907 5502 1175 5574 admonet
1184 5518 1199 5566 ;
1222 5498 1292 5554 de
1318 5516 1432 5574 quo
1457 5500 1797 5574 Epiphanius
1814 5499 1957 5555 libro

381 5572 457 5626 De
484 5571 657 5627 mens:
684 5584 731 5627 et
775 5572 934 5642 pond.
986 5573 1100 5628 hinc
1129 5572 1205 5625 ait
1241 5588 1254 5622 :
1295 5589 1313 5621 ι
1346 5571 1541 5640 Aquila
1570 5571 1735 5640 igitur
1768 5580 1951 5642 mente

378 5653 739 5713 compunctus
776 5640 1051 5714 (intellige
1095 5642 1165 5696 ob
1201 5641 1465 5714 miracula
1497 5657 1624 5714 qua;
1650 5656 1760 5714 per
1782 5640 1951 5695 Chri-

379 5711 588 5770 stianos
613 5716 729 5769 lieri
748 5711 1013 5782 videbat),
1032 5713 1457 5768 Christianismo
1480 5711 1729 5776 credidit,
1748 5720 1949 5782 etcum

376 5785 623 5855 petiisset
646 5801 936 5856 progressu
967 5781 1227 5856 temporis
1250 5783 1591 5853 signaculum
1617 5783 1672 5856 in
1702 5781 1944 5856 Christo,

378 5853 618 5924 idipsum
647 5853 947 5911 assecutus
974 5868 1075 5910 est.
1109 5855 1247 5909 Cum
1288 5863 1469 5908 autem
1499 5870 1531 5908 a
1550 5853 1805 5924 pristino
1838 5868 1942 5907 suo

380 5923 568 5985 habitu
603 5941 715 5984 non
750 5926 1083 5995 discederet,
1126 5941 1159 5981 a
1200 5924 1470 5983 credendo
1508 5923 1758 5983 videlicet
1790 5939 1945 5981 vanae

2070 5152 2400 5226 positionem
2430 5153 2730 5226 nativitatis
2763 5169 2877 5209 suae
2895 5165 3187 5223 spectaret,
3214 5152 3647 5226 redargutusque

2070 5223 2101 5280 a
2138 5223 2543 5294 doctoribuset
2566 5223 2879 5292 increpatus
2906 5240 2969 5279 ea
3000 5227 3195 5294 gratia,
3233 5242 3293 5280 se
3330 5223 3437 5278 non
3464 5223 3647 5282 corri-

2066 5302 2239 5366 geret,
2259 5293 2353 5366 sed
2372 5293 2553 5366 potius
2574 5296 2915 5349 contentiose
2938 5293 3257 5365 opponeret,
3291 5304 3346 5351 et
3382 5312 3487 5349 non
3514 5314 3650 5352 con-

2065 5364 2315 5420 Sistentia
2333 5365 2706 5429 confirmaret,
2732 5366 2905 5419 fatum
2942 5364 3196 5421 videlicet
3215 5377 3271 5421 et
3298 5367 3649 5423 narrationes

2064 5436 2133 5491 de
2178 5436 2333 5504 ipso,
2362 5436 2626 5504 expulsus
2660 5448 2745 5491 est
2781 5453 2973 5491 rursus
3028 5438 3098 5491 ab
3144 5436 3411 5502 Ecclesia,
3460 5438 3631 5492 veluti

2062 5506 2289 5578 inutilis
2320 5506 2387 5558 ad
2422 5506 2686 5578 salutem.
2721 5506 2801 5561 Ex
2849 5524 2961 5578 quo
3012 5508 3156 5562 facto
3194 5508 3639 5573 amarulentiam,

2056 5577 2224 5631 veluti
2278 5574 2580 5645 ignominia
2611 5574 2883 5644 allectus,"
2916 5586 3100 5634 mente
3145 5579 3422 5646 concepit,
3470 5587 3526 5631 et
3571 5582 3640 5634 ad

2053 5648 2458 5718 aemulationem
2474 5648 2650 5703 elatus
2668 5657 2789 5715 est;
2819 5659 2873 5703 et
2903 5650 3171 5718 abnegato
3192 5648 3643 5718 Christianismo,

2052 5718 2335 5789 ipsiusque
2347 5717 2479 5786 vita,
2494 5719 2802 5791 proselytus
2816 5720 2892 5788 fit,
2906 5717 3638 5787 etcirCumciditurJudrcus;

3478 5803 3643 5862 atque

2118 5922 2236 5999 (55)
2274 5922 2485 5982 Pariter
2508 5931 2786 5997 suspecta.
