4142 6422
500 396 644 453 1123

1935 391 2021 447 ΡΠ
2062 390 2081 444 1
2113 391 2202 445 -ΡΑ
2210 390 2316 445 ΡᾹΞ

3626 390 3765 446 11⁵24

500 512 855 584 glexerimus,
889 511 1025 565 nulli
1067 510 1295 565 dubium
1339 518 1444 576 est,
1480 507 1626 579 quod
1665 507 2071 563 damnabimur.
2104 512 2147 565 Δ
2177 509 2348 564 nostri
2398 506 2527 564 Jcsu
2560 507 2788 572 Christi,
2831 508 3150 577 hujusmodi
3186 515 3400 563 traoere
3444 507 3661 564 Satanae
3705 514 3765 567 in

500 603 559 657 Si
586 617 716 657 vero
745 602 799 656 in
830 601 949 670 ejus
979 602 1201 656 servitio
1242 616 1343 669 pro
1366 600 1576 653 viribus
1626 599 2079 664 laboraverimus,

498 695 724 764 verique
768 694 889 762 ejus
916 694 1199 762 adjutores
1241 691 1534 757 fuerimus,
1557 691 1787 762 ejusque
1821 692 2079 745 volunta-

498 796 608 842 tem
660 788 885 857 implere
921 787 1318 850 studuerimus,
1355 785 1600 856 profecto
1636 785 1705 839 ab
1746 784 1840 839 illo
1883 786 2083 841 ditabi-

501 895 644 944 mur,
675 880 801 949 quia
830 897 847 930 ι
886 878 1322 949 uniuscujusque
1360 893 1500 947 opus
1526 920 1541 945 ,
1575 878 1735 948 quale
1767 877 1867 941 sit,
1906 887 1967 932 ut
2007 878 2084 933 ait

499 974 818 1043 Apostolus,
875 973 994 1028 dies
1042 971 1257 1027 Domini
1299 971 1601 1029 declarabit
1646 979 1703 1027 et
1756 971 1899 1041 ignis
1954 986 2083 1041 pro—

499 1065 653 1118 habit
683 1065 745 1118 ¹³.
789 1083 808 1115 ι

566 1157 647 1209 Ad
685 1157 868 1211 sedem
907 1166 1086 1211 autem
1122 1157 1476 1227 apostolicam
1502 1158 1768 1228 perlatum
1804 1167 1908 1221 est,
1933 1155 2081 1227 quod

498 1253 615 1307 sint
660 1252 799 1306 inter
838 1266 936 1306 vos
986 1251 1366 1305 contentiones
1411 1261 1466 1307 et
1495 1252 1876 1307 aemulationes
1908 1270 1920 1305 :
1954 1260 2008 1306 et
2039 1250 2081 1282 ¹¹⁵

496 1344 696 1413 praedia
729 1343 932 1397 divinis
968 1344 1162 1398 usibus
1207 1342 1430 1405 tradita,
1478 1343 1701 1412 quidam
1745 1344 2001 1397 humanis
2036 1344 2080 1375 ’⁸

497 1436 773 1505 applicant
804 1434 1018 1499 usibus,
1061 1442 1115 1487 et
1152 1433 1376 1487 domino
1414 1433 1524 1488 Deo
1564 1434 1676 1499 (cui
1705 1436 1899 1489 tradita
1931 1434 2081 1505 sunt)

494 1545 560 1585 ea
586 1528 939 1595 subtrahunt,
967 1535 1028 1581 ut
1050 1526 1168 1581 suis
1193 1527 1718 1582 usibusinserviant.
1740 1527 2083 1598 Quapropter

497 1622 568 1678 ab
602 1623 858 1676 omnibus
905 1622 1055 1677 illius
1097 1622 1142 1651 ¹⁶
1190 1620 1566 1689 usurpationis
1619 1622 1946 1676 contumelia
1983 1622 2080 1677 de-

496 1715 742 1784 pellenda
759 1722 865 1779 est,
880 1730 947 1767 ne
966 1713 1167 1783 praedia
1197 1712 1390 1766 usibus
1409 1721 1743 1766 secretorum
1773 1712 2080 1767 ctelestium

496 1809 679 1863 dicata
728 1808 864 1873 (54),
920 1821 951 1861 a
1006 1806 1337 1875 quibusdam
1400 1805 1735 1861 irruentibus
1790 1815 2076 1861 vexentur.

495 1898 652 1967 Quod
694 1900 738 1953 si
770 1900 1061 1968 quisquam
1088 1897 1516 1967 prazsumpserit,
1554 1897 1853 1968 sacrilegus
1878 1898 2078 1952 hahea-

497 2002 608 2055 tur,
640 2000 694 2046 et
725 1992 867 2045 sicut
897 1991 1196 2061 sacrilegus
1234 1990 1530 2059 judicetur.
1576 1992 1728 2060 lpsos
1767 2000 1948 2045 autem
1984 1991 2079 2060 qui

498 2085 603 2137 hoc
645 2092 836 2153 agunt,
886 2084 1114 2138 clericos
1141 2091 1197 2137 et
1225 2081 1443 2136 Domini
1476 2084 1794 2138 sacerdotes
1824 2082 2079 2152 persequi

495 2190 702 2245 eosque
734 2174 1001 2231 infamare
1049 2177 1382 2241 audivimus,
1424 2184 1487 2230 ut
1529 2176 1733 2229 malum
1764 2190 1931 2245 super
1962 2190 2080 2229 ma—

495 2268 608 2321 lum
651 2267 873 2329 addant,
924 2275 978 2321 et
1013 2267 1313 2321 deteriores
1358 2268 1510 2331 liant,
1560 2280 1671 2320 non
1717 2265 2079 2334 intelligentes

493 2360 641 2429 quod
678 2357 920 2412 Ecclesia
954 2357 1167 2412 Domini
1209 2358 1262 2411 in
1316 2356 1696 2411 sacerdotibus
1730 2356 2000 2421 consistit,
2025 2364 2081 2409 et

494 2450 696 2505 crescit
729 2450 781 2503 in
816 2450 1081 2518 templum
1130 2448 1246 2502 Dei.
1277 2450 1319 2480 ”
1346 2448 1412 2503 Et
1439 2450 1584 2504 sicut
1627 2450 1723 2518 qui
1773 2447 2079 2503 Ecclesiam

495 2539 589 2592 Dei
622 2548 819 2606 vastat,
858 2548 913 2594 et
954 2541 1076 2609 ejus
1120 2540 1322 2610 praedia
1355 2550 1411 2594 et
1446 2540 1677 2595 donaria
1712 2540 1985 2609 exspoliat
2027 2546 2083 2594 et

495 2631 723 2697 invadit,
746 2631 805 2685 fit
828 2633 1131 2702 sacrilegus
1158 2649 1171 2684 :
1204 2634 1284 2688 sic
1304 2642 1358 2687 et
1382 2633 1471 2686 ille
1497 2632 1591 2702 qui
1619 2633 1739 2702 ejus
1768 2632 2082 2688 sacerdotes

494 2724 825 2794 insequitur,
863 2725 1137 2795 sacrilegii
1182 2742 1309 2781 reus
1339 2726 1544 2792 existit,
1580 2734 1635 2780 et
1662 2727 1964 2795 sacrilegus
1988 2725 2082 2795 ju-

494 2816 749 2871 dicatur:
786 2836 802 2867 ι
843 2816 1229 2884 Aﬂmulamini,
1282 2817 1501 2884 fratres,
1563 2818 1905 2873 charismata
1965 2832 2085 2871 lue--

494 2906 635 2961 liora
666 2906 730 2971 ιε,
763 2925 781 2957 ι
833 2916 888 2960 et
919 2906 1084 2961 nolite
1111 2907 1238 2961 talia
1273 2922 1457 2977 agere,
1490 2923 1592 2962 nec
1622 2909 1703 2963 eis
1732 2907 2083 2962 commisceri

496 3005 594 3050 aut
632 2998 964 3063 consentire,
998 2998 1092 3067 qui
1138 2999 1267 3052 talia
1315 3007 1515 3068 agunt;
1560 2999 1823 3067 quoniam
1858 3014 1967 3053 non
1995 3014 2085 3053 so-

496 3084 633 3150 lum,
666 3087 760 3154 qui
792 3086 923 3139 talia
949 3096 1139 3156 agunt,
1171 3096 1301 3142 sunt
1330 3087 1498 3155 hujus
1543 3088 1795 3143 criminis
1838 3089 1941 3151 rei,
1988 3088 2085 3143 scd

495 3175 589 3245 qui
621 3176 946 3231 facientibus
974 3178 1322 3232 consentiunt
1353 3180 1417 3231 η.
1454 3197 1473 3229 ι
1501 3180 1546 3209 ¹⁰
1571 3176 1690 3232 Νοιι
1713 3194 1843 3249 ergo
1866 3180 2085 3249 gravius

2184 600 2466 655 interitum
2507 603 2712 668 carnis,
2752 613 2813 657 ut
2851 602 3081 671 spiritus
3118 601 3303 657 salvus
3333 601 3406 656 sit
3436 601 3492 655 in
3534 602 3624 659 die
3655 603 3764 657 Do—

2184 693 2318 746 mini
2362 694 2535 747 nostri
2578 692 2707 749 Jesu
2741 693 2971 749 Christi.
3019 692 3140 746 Non
3189 701 3275 747 est
3322 692 3466 748 bona
3514 694 3766 765 gloriatio

2181 794 2386 839 vestra.
2432 783 2683 851 Nescitis,
2719 786 2846 854 quia
2898 785 3174 839 modicum
3213 784 3540 840 fermentum
3591 796 3764 841 totam

2182 888 2422 929 massam
2456 874 2795 944 corrumpit?
2825 872 3162 943 Expurgate,
3218 874 3398 943 inquit
3445 876 3763 945 Apostolus,

2183 974 2342 1020 vetus
2388 964 2744 1031 fermentum,
2792 975 2844 1020 ut
2889 966 3010 1021 sitis
3060 980 3198 1019 nova
3233 968 3570 1035 conspersio,
3626 968 3768 1023 sicut

2182 1056 2317 1111 estis
2346 1056 2547 1126 azymi.
2578 1054 2789 1110 Etenim
2819 1056 3021 1125 pascha
3049 1065 3302 1110 nostrum
3336 1056 3656 1111 immolatus
3681 1066 3768 1112 est

2182 1146 2456 1202 Christus.
2484 1145 2673 1217 Itaque
2701 1147 3008 1216 epulemur,
3039 1163 3149 1201 non
3179 1148 3232 1201 in
3270 1146 3540 1204 fermento
3569 1150 3762 1214 veteri,

2182 1254 2362 1307 neque
2408 1239 2464 1293 in
2519 1237 2790 1293 fermento
2840 1238 3062 1292 malitiae
3111 1247 3166 1292 et
3227 1239 3504 1307 nequitiae,
3562 1239 3658 1294 sed
3708 1240 3764 1293 in

2183 1332 2393 1403 azymis
2415 1331 2749 1388 sinceritatis
2777 1341 2833 1387 et
2865 1331 3130 1386 veritatis.
3166 1330 3375 1400 Scripsi
3398 1331 3554 1387 vobis
3579 1333 3633 1385 in
3657 1332 3768 1399 epi-

2183 1423 2348 1487 stola,
2381 1424 2459 1477 ait
2490 1423 2633 1478 idem
2679 1424 2795 1491 ipse
2831 1422 3157 1492 Apostolus,
3193 1438 3262 1477 ne
3294 1423 3765 1478 commisceamini

2183 1512 2657 1579 fornicariis,.non
2684 1514 2872 1583 utique
2900 1512 3217 1569 fornicariis
3245 1514 3411 1584 hujus
3440 1514 3767 1581 mundi,aut

2182 1606 2385 1671 avaris,
2419 1615 2515 1662 aut
2540 1606 2854 1675 rapacibus,
2891 1616 2986 1661 aut
3017 1606 3178 1661 idolis
3207 1606 3612 1673 servientibus;
3634 1608 3767 1662 alio-

2182 1700 2315 1769 quin
2339 1699 2655 1753 debueratis
2690 1698 2758 1753 de
2780 1698 2884 1752 hoc
2915 1698 3123 1753 mundo
3149 1698 3374 1753 exiisse.
3398 1696 3559 1753 Nunc
3578 1708 3762 1753 autem

2185 1790 2381 1860 scripsi
2406 1790 2585 1857 vobis,
2614 1804 2723 1844 non
2756 1790 3120 1845 commisceri.
3155 1790 3210 1843 Si
3242 1790 3366 1859 quis
3394 1789 3563 1846 frater
3586 1792 3766 1845 nomi-

2182 1893 2344 1939 natus
2365 1894 2449 1939 est
2474 1883 2798 1947 fornicator,
2827 1892 2922 1937 aut
2949 1892 3281 1949 avarus,aut
3310 1883 3472 1937 idolis
3497 1883 3761 1949 serviens,

2181 1985 2276 2031 aut
2303 1976 2627 2041 maledicus,
2663 1985 2759 2030 aut
2779 1976 3052 2041 ebriosus,
3081 1985 3175 2030 aut
3200 1990 3388 2045 rapax,
3417 1991 3543 2030 cum
3574 1975 3768 2045 hujus-

2181 2069 2328 2123 modi
2366 2082 2468 2124 nec
2506 2068 2690 2123 cibum
2736 2083 2973 2123 sumere.
3011 2067 3153 2134 Quid
3199 2069 3345 2123 enim
3387 2068 3525 2122 mihi
3555 2068 3623 2122 de
3656 2068 3763 2135 his,

2181 2161 2276 2230 qui
2313 2159 2451 2216 foris
2483 2170 2628 2226 sunt,
2657 2160 2947 2229 judicare?
2992 2159 3185 2215 Nonne
3226 2161 3293 2215 de
3324 2160 3433 2223 his,
3478 2161 3575 2231 qui
3619 2162 3766 2217 intus

2183 2261 2332 2319 sunt,
2365 2268 2465 2308 vos
2491 2253 2788 2323 judicatis?
2819 2252 2955 2307 Nam
2993 2268 3088 2308 eos
3131 2254 3227 2323 qui
3279 2252 3414 2309 foris
3445 2262 3595 2317 sunt,
3622 2253 3767 2309 Deus

2179 2344 2469 2416 judicabit.
2502 2344 2726 2400 Auferte
2756 2346 2960 2401 malum
2998 2362 3065 2401 ex
3094 2346 3407 2416 vobisipsis.
3448 2347 3628 2401 Audet
3666 2348 3769 2401 alio

2182 2436 2309 2505 quis
2343 2444 2608 2498 vestrum,
2645 2437 2854 2491 habens
2885 2437 3165 2506 negotium
3214 2438 3481 2493 adversus
3509 2438 3765 2505 alterum,

2179 2524 2419 2595 judicari
2443 2525 2586 2595 apud
2615 2526 2859 2596 iniquos,
2881 2538 2935 2582 et
2967 2543 3075 2582 non
3112 2530 3254 2598 apud
3286 2531 3545 2585 sanctos?
3566 2532 3649 2585 An
3678 2547 3770 2586 ne-

2184 2617 2340 2672 scitis
2366 2618 2630 2688 quoniam
2657 2620 2834 2674 sancti
2860 2618 2958 2673 Dei
2991 2621 3058 2675 de
3082 2621 3289 2675 mundo
3319 2622 3679 2690 judicabunt?
3703 2623 3771 2679 Et

2185 2710 2233 2763 si
2263 2708 2319 2762 in
2343 2708 2502 2763 vobis
2528 2709 2872 2778 judicabitur
2906 2710 3169 2776 mundus,
3219 2710 3432 2781 indigni
3475 2713 3630 2777 estis,
3671 2712 3769 2782 qui

2184 2798 2252 2855 de
2281 2800 2525 2857 minimis
2556 2800 2851 2871 iudicetis?
2878 2799 3107 2856 Nescitis
3143 2803 3404 2872 quoniam
3433 2805 3656 2874 angelos
3680 2804 3771 2873 jn-

2185 2892 2528 2948 dicabimus?
2581 2901 2788 2963 quanto
2849 2894 3026 2964 magis
3085 2895 3412 2950 saecularia?
3473 2897 3769 2952 Saecularia

2187 2982 2353 3053 igitur
2364 2984 2570 3053 judicia
2597 2983 2642 3038 si
2668 2984 2993 3047 habueritis,
3025 2986 3490 3055 contemptibiles,
3524 2988 3618 3056 qui
3642 2998 3773 3042 sunt

2188 3075 2244 3129 in
2283 3076 2545 3145 Ecclesia,
2600 3079 2725 3134 illos
2774 3081 3094 3136 constituite
3144 3083 3212 3137 ad
3266 3083 3645 3152 judicandum.
3687 3084 3770 3137 Ad

2192 3168 2576 3224 verecundiam
2610 3177 2847 3225 vestram
2884 3171 3032 3227 dico.
3084 3172 3178 3227 Sic
3220 3188 3330 3227 non
3368 3182 3454 3228 est
3499 3175 3642 3228 inter
3672 3191 3771 3230 vos

498 3276 783 3336 peccatum
828 3276 913 3322 est
964 3268 1276 3333 fornicatio,
1337 3284 1503 3340 quam
1551 3235 1937 3341 sacrilegium;
1988 3271 2081 3325 sed
2113 3235 2155 3294 α
2191 3261 2412 3331 sapiens
2466 3262 2801 3331 quisquam.
2855 3264 2951 3333 qui
3007 3265 3183 3335 ρσεεὶι
3236 3265 3488 3335 judicare
3542 3265 3767 3321 fratrem

500 3357 645 3412 sicut
678 3356 858 3427 majus
887 3367 971 3413 est
1004 3368 1286 3428 peccatum
1323 3360 1468 3430 quod
1497 3361 1550 3414 in
1587 3360 1756 3415 Deum
1790 3361 2083 3417 committi-

502 3459 612 3518 tur,
641 3468 807 3522 quam
832 3454 978 3523 quod
1011 3454 1063 3507 in
1098 3454 1400 3519 hominem,
1439 3454 1519 3509 sic
1554 3454 1774 3524 gravius
1795 3464 1880 3509 est
1903 3456 2077 3510 sacri-

500 3544 700 3615 legium
735 3560 915 3615 agere,
943 3561 1108 3615 quam
1148 3544 1435 3601 fornicari.
1494 3544 1570 3599 De
1598 3545 1799 3600 talibus
1822 3547 1966 3599 enim
2000 3546 2078 3600 ait

492 3636 787 3705 Apostolus
822 3653 834 3688 :
879 3655 898 3687 ‹
932 3637 997 3691 Et
1030 3652 1126 3691 vos
1156 3637 1326 3691 inﬂati
1364 3637 1521 3702 estis,
1555 3646 1609 3691 et
1642 3652 1751 3691 non
1798 3637 1971 3707 magis
1998 3639 2077 3691 lu-

494 3735 644 3782 ctum
683 3725 974 3793 habuistis,
1012 3737 1067 3783 ut
1108 3729 1330 3783 tollatur
1367 3730 1434 3783 de
1482 3729 1664 3783 medio
1688 3738 1952 3795 vestrum,
1979 3730 2076 3800 qui

495 3818 600 3874 hoc
624 3834 762 3890 opus
794 3819 940 3875 fecit.
958 3820 1071 3890 Ego
1096 3821 1319 3891 quidem
1342 3821 1541 3875 absens
1561 3836 1811 3891 corpore,
1836 3836 2077 3891 praesens

495 3917 676 3964 autem
707 3910 922 3979 spiritu,
951 3910 1065 3980 jam
1088 3910 1326 3979 judicavi
1366 3918 1425 3964 ut
1450 3926 1693 3980 praesens
1724 3926 1847 3965 eum
1877 3910 1968 3980 qui
1998 3910 2077 3965 sic

493 4010 753 4072 operatus
776 4011 880 4066 est,
910 4003 963 4055 in
991 4003 1215 4056 nomine
1238 4000 1455 4056 Domini
1488 4002 1660 4061 nostri
1694 4000 1822 4057 Jesu
1848 4002 2054 4056 Christi

432 4136 433 4139 η
493 4093 839 4163 congregatis
873 4092 1029 4147 vobis
1052 4102 1107 4147 et
1131 4107 1253 4147 meo
1284 4092 1506 4162 spiritu,
1538 4091 1595 4144 in
1626 4091 1829 4145 virtute
1859 4089 2083 4145 Domini

2190 3355 2395 3408 suum?
2419 3355 2510 3409 sed
2562 3354 2730 3411 frater
2768 3372 2892 3410 cum
2922 3356 3090 3411 fratre
3129 3357 3340 3427 judicio
3375 3359 3682 3426 contendit,
3717 3368 3773 3414 et

2186 3443 2291 3500 hoc
2319 3446 2461 3515 apud
2486 3446 2728 3502 inﬁdeles
2744 3446 2897 3501 ?Jam
2922 3448 3140 3518 quidem
3161 3449 3386 3504 omnino
3411 3449 3670 3507 delictum
3688 3461 3773 3506 est

2185 3537 2241 3590 in
2270 3538 2447 3603 vobis,
2485 3540 2631 3607 quod
2656 3538 2863 3609 judicia
2900 3539 3115 3596 habetis
3139 3539 3279 3595 inter
3304 3557 3424 3598 vos.
3456 3544 3638 3610 Quare
3660 3559 3772 3599 non

2184 3631 2361 3701 magis
2395 3631 2657 3701 injuriam
2698 3633 2987 3702 accipitis?
3034 3635 3215 3701 Quare
3247 3652 3354 3691 non
3394 3637 3570 3707 magis
3617 3637 3769 3691 frau-

2180 3722 2303 3777 dem
2336 3724 2633 3791 patimini?
2657 3724 2763 3780 Sed
2804 3741 2903 3780 vos
2928 3726 3187 3795 injuriam
3230 3728 3442 3794 facitis,
3472 3740 3527 3783 et
3549 3728 3772 3783 frauda—

2186 3815 2279 3879 tis,
2311 3814 2499 3869 ethoc
2539 3815 2827 3873 fratribus.
2873 3819 2954 3872 An
2998 3820 3245 3886 nescitis,
3294 3822 3422 3890 quia
3460 3822 3637 3891 iniqui
3684 3837 3772 3876 re-

2188 3922 2356 3977 gnum
2396 3905 2491 3961 Dei
2538 3923 2648 3962 non
2693 3910 3093 3980 possidebunt?
3123 3912 3303 3968 Nolite
3336 3930 3543 3970 errare.
3583 3914 3773 3985 Neque

2191 3998 2694 4072 fornicarii,nequc
2722 4004 2884 4059 idolis
2929 4006 3252 4072 servientes,
3292 4023 3471 4077 neque
3513 4009 3770 4073 adulteri,

2184 4106 2365 4162 neque
2418 4093 2634 4160 molles,
2688 4109 2865 4165 neque
2926 4098 3301 4151 masculorum
3358 4099 3773 4167 concubitores,

569 4273 613 4304 ¹³
637 4272 657 4325 1
682 4272 808 4327 Cor.
844 4288 927 4335 ili,
956 4272 1041 4325 i5.
1116 4272 1159 4303 ”
1191 4271 1279 4337 12,
1308 4288 1362 4342 q.
1387 4270 1458 4342 2:
1500 4270 1956 4342 Prwdiaidivinis.
2004 4273 2047 4304 ¹⁸
2074 4271 2355 4329 Hincmar.
2395 4273 2473 4327 De
2507 4282 2655 4328 stam
2694 4272 2967 4328 Ecclesiae.
3037 4275 3080 4307 ¹⁸
3110 4274 3245 4331 Cod.
3281 4274 3488 4332 Theod.
3519 4277 3615 4330 lib.
3656 4292 3770 4342 ενι,

495 4343 579 4399 tit.
599 4343 654 4408 2,
677 4353 855 4399 const.
879 4343 970 4395 40.
1050 4344 1090 4373 ³⁷
1118 4342 1204 4407 17,
1233 4359 1288 4412 q.
1317 4345 1381 4396 4:
1410 4341 1559 4397 Sicut
1581 4346 1671 4413 qui
1702 4341 2020 4398 Ecclesium.

492 4510 657 4569 atque
689 4509 817 4555 tunc
860 4500 1137 4556 laborioso
1204 4499 1389 4556 studio
1446 4499 1667 4555 tradidit
1702 4501 1956 4569 ,seipsum
2010 4500 2078 4554 ad

490 4573 811 4626 discendum
894 4571 1247 4625 Hebraeorum
1332 4571 1576 4641 linguam
1605 4612 1621 4635 ,

491 4642 782 4697 elementa.
837 4640 935 4696 Ubi
969 4657 1098 4697 vero
1130 4644 1271 4697 hanc
1303 4640 1519 4697 summe
1554 4640 1860 4707 didicisset,
1897 4644 2071 4696 inter-

493 4719 739 4782 pretatus
763 4722 867 4779 est,
899 4728 1005 4766 non
1037 4724 1184 4767 recta
1210 4714 1420 4767 ratione
1443 4728 1599 4777 usus,
1625 4712 1718 4766 sed
1740 4728 1851 4780 quo
1887 4713 2072 4780 aliqua

495 4788 565 4837 ex
588 4786 823 4853 receptis
849 4783 1003 4837 libris
1025 4793 1373 4852 perverteret,
1397 4784 1611 4837 irruens
1638 4784 1692 4836 in
1719 4782 2073 4852 Septuaginta

492 4854 725 4923 duorum
759 4854 1288 4923 interpretationem,
1317 4862 1377 4908 ut
1413 4853 1726 4923 testimonia
1752 4853 1820 4907 de
1845 4853 2070 4906 Christo

492 4924 547 4976 in
582 4922 879 4993 Scripturis
908 4921 1142 4992 probata
1169 4925 1326 4979 aliter
1363 4925 1569 4993 ederet.
1612 4942 1629 4974 ι
1666 4921 1794 4978 lizec
1834 4923 2075 4993 Epipha-

491 4994 619 5047 nius
666 4991 733 5063 de
765 4991 962 5062 Aquila
1011 4995 1269 5063 przcdicto
1307 4994 1449 5049 loco.
1504 4992 1706 5048 Baron.
1759 4991 1907 5048 anno
1942 4991 2068 5056 157,

490 5079 644 5118 num.
674 5062 708 5116 8
737 5072 792 5118 et
812 5066 866 5119 9.
901 5062 1027 5120 Ssv.
1061 5064 1175 5120 BIN.

560 5134 800 5203 (ﬁiere
830 5135 1035 5203 praedia
1066 5135 1247 5188 usibus
1300 5145 1619 5188 secretorum
1663 5132 1955 5186 caelestium
1987 5132 2076 5185 dio

490 5216 635 5258 cata.
669 5202 784 5275 Hoc
817 5202 937 5260 loco
960 5205 1266 5274 sacrilegia,
1292 5220 1415 5275 quae
1444 5214 1574 5259 sunt
1595 5204 1738 5257 furta
1757 5203 2074 5270 autrapinaa

491 5290 675 5328 rerum
712 5274 964 5329 Ecclesia:
998 5274 1416 5343 acquisitarum,
1450 5275 1831 5343 prohibentur,
1862 5282 1916 5326 et
1935 5287 2075 5343 pos-

494 5346 672 5399 sessio
689 5345 956 5415 bonorum
980 5340 1361 5415 temporalium
1379 5340 1554 5400 eidem
1572 5344 1915 5415 conceditur.
1934 5340 2071 5398 Nam

496 5415 639 5469 sicut
676 5416 807 5469 olim
849 5413 1073 5480 Levitis,
1093 5413 1421 5485 quanquam
1454 5415 1684 5469 decimis
1729 5414 2067 5480 ditarentur,

494 5499 606 5538 non
638 5495 756 5540 erat
785 5486 1010 5540 omnino
1039 5486 1324 5542 interdicta
1346 5502 1527 5540 rerum
1557 5485 1854 5555 possessio,
1871 5485 2073 5553 quippe

495 5555 591 5623 qui
620 5571 686 5610 ex
722 5556 981 5610 mandato
1008 5555 1123 5619 Dei,
1160 5555 1324 5613 Num.
1355 5573 1521 5620 xxxv,
1557 5559 1609 5610 in
1638 5556 1870 5623 singulis
1903 5557 2073 5608 tribu-

496 5623 600 5678 bus
625 5627 787 5680 urbes
810 5628 1173 5681 sacerdotales
1200 5628 1470 5681 habebant
1498 5628 1565 5681 ad
1596 5626 1976 5688 habitandum,
1998 5626 2071 5678 ita

496 5695 660 5768 etiam
701 5711 804 5750 nec
829 5696 1157 5751 Christian
1182 5698 1317 5768 legis
1342 5697 1722 5753 sacerdotibus
1744 5698 2071 5768 eo_ruindem

495 5764 768 5837 bonorum
800 5768 1076 5834 possessio
1122 5764 1407 5822 interdicta
1460 5768 1744 5837 probatur.
1792 5764 2070 5819 Ecclesias

497 5833 643 5905 enim
672 5833 1139 5905 Christianorum,
1176 5833 1554 5905 possessiones
1586 5838 1713 5891 olim
1759 5837 1864 5890 sub
1894 5838 2069 5905 genti-

496 5901 636 5959 libus
671 5903 1094 5974 imperatoribus
1120 5901 1430 5975 possedisse
1449 5923 1555 5964 non
1575 5916 1784 5963 tantum
1814 5901 2071 5978 Pii'papa:

2103 4346 2145 4376 ³⁸
2172 4345 2191 4396 Ι
2215 4344 2343 4400 Cor.
2368 4360 2470 4411 xu,
2499 4345 2589 4399 ⁸51.

2671 4344 2713 4375 ¹⁹
2738 4343 2898 4399 Rom.
2930 4362 2969 4413 ι,
2993 4346 3081 4401 52.
3161 4348 3205 4379 ὀ
3234 4346 3514 4403 Hincmar.
3548 4348 3766 4402 ibidem.

2191 4512 2246 4577 et
2289 4500 2511 4577 _Urhani
2547 4499 2567 4553 l
2600 4504 2844 4575 epistola:
2870 4503 2943 4577 _ad
2986 4518 3179 4577 omnes
3220 4503 3508 4577 episcopos
3552 4508 3771 4577 scriptae

1703 4580 1758 4648 et
1817 4574 2070 4648 ipsorum
2106 4579 2150 4635 ι)
2178 4574 2777 4648 _declaraiit_,__sed’ipsa
2811 4574 3392 4648 etiamimperatorum
3412 4574 3617 4641 edicta,
3647 4574 3771 4648 qui-

2178 4644 2282 4698 bus
2316 4657 2411 4697 eas
2446 4643 2553 4697 illis
2587 4647 2800 4700 ablatas
2837 4644 2988 4698 reddi
3025 4648 3448 4713 mandaverunt,
3485 4643 3769 4703 evidenter

2176 4716 2575 4788 demonstrant.
2614 4714 2670 4771 In
2705 4717 2883 4771 edicto
2918 4715 3063 4767 enim
3092 4714 3453 4788 Constantini
3485 4731 3648 4788 atque
3678 4717 3766 4771 Li-

2178 4784 2306 4859 cinii
2331 4784 2447 4859 _hazc
2468 4785 2669 4859 scripta
2708 4789 2961 4859 leguntur
2984 4801 3002 4859 _:
3027 4803 3045 4835 ‹
3075 4786 3146 4838 At
3172 4788 3433 4855 quoniam
3471 4784 3575 4859 ipsi
3602 4789 3769 4842 Chri-

2181 4853 2346 4908 stiani
2370 4870 2477 4907 non
2514 4853 2692 4911 solum
2728 4853 2791 4911 ea
2829 4857 2948 4909 loca
2984 4856 3037 4909 in
3073 4853 3204 4925 quae
3229 4853 3525 4913 convenire
3561 4860 3764 4923 solent,

2177 4926 2271 5000 sed
2318 4926 2481 5000 etiam
2530 4927 2641 5000 _alia
2691 4928 2953 5000 habuisse
2995 4938 3440 5000 cognoscuntur,
3486 4945 3608 5000 quae
3652 4946 3763 4983 non

2176 4994 2545 5067 privatim_ad
2595 4998 2866 5067 singulos,
2915 4996 3008 5067 sed
3058 4994 3126 5050 ad
3158 4999 3250 5067 jus
3298 5000 3465 5055 totius
3504 4994 3763 5067 ipsorum

2175 5065 2625 5139 communitatis,
2679 5065 2732 5122 id
2778 5076 2864 5139 est
2909 5065 3372 5139 Christianorum,
3405 5065 3763 5139 spectabant;

2177 5135 2408 5208 singulis
2442 5138 2533 5204 qui
2568 5154 2633 5192 ea
2666 5138 2969 5208 possident,
3005 5138 3234 5194 mandes
3270 5135 3451 5203 velim,
3485 5152 3546 5196 ut
3578 5143 3766 5196 omnia

2174 5219 2272 5272 per
2306 5206 2516 5281 legem,
2529 5206 2702 5281 quam
2727 5224 2898 5281 supra!
2928 5209 3233 5277 posuimus,
3271 5210 3480 5281 absque
3502 5213 3610 5266 ulla
3631 5227 3769 5266 cono

2178 5277 2937 5351 troversia‘Christianis,_id
2972 5288 3056 5333 est
3106 5282 3355 5335 societati
3389 5277 3657 5351 'ipsorum
3711 5290 3767 5334 et

2174 5348 2465 5423 conventui
2502 5351 2747 5404 reddant.
2787 5368 2806 5400 ι
2846 5349 3018 5423 Porro
3052 5365 3114 5403 ea
3140 5353 3336 5423 omnia
3373 5348 3516 5418 loca,
3550 5368 3673 5423 quae
3695 5352 3764 5405 ad

2174 5416 2517 5474 Christianos
2568 5431 2814 5489 spectare
2846 5420 3001 5482 dicit,
3036 5422 3410 5475 ecclesiastica
3445 5416 3640 5489 fuisse,
3677 5440 3765 5478 se-

2176 5502 2351 5564 quens
2372 5492 2689 5564 eorumdem
2717 5492 2956 5564 edictum
2979 5492 3046 5544 ad
3060 5492 3362 5546 Anulinum
3383 5497 3759 5564 conscriptum

2174 5559 2437 5623 declarat,
2475 5561 2562 5615 his
2597 5563 2778 5616 verbis
2804 5578 2819 5614 :
2845 5580 2864 5611 ς
2898 5561 3079 5625 Quare
3111 5564 3369 5617 volumus
3410 5575 3469 5619 ut
3504 5559 3667 5621 simul
3697 5581 3763 5617 ac

2173 5628 2339 5705 hasce
2365 5630 2573 5705 litteras
2607 5646 2635 5685 a
2673 5634 2834 5705 nobis
2869 5634 3169 5705 acceperis,
3200 5635 3251 5705 si
3276 5649 3400 5703 quae
3427 5653 3493 5689 cx
3520 5639 3605 5690 his
3634 5652 3763 5705 pos-

2173 5700 2537 5771 sessionibus,
2573 5719 2696 5771 qua:
2721 5704 2787 5756 ad
2810 5700 3146 5756 catholicam
3175 5700 3762 5760 Christianorum—Ec-

2172 5770 2394 5847 clesiam
2416 5772 2469 5824 in
2494 5770 2814 5847 quibusque
2831 5775 3150 5828 civitatibus
3185 5787 3280 5847 aut
3312 5777 3436 5831 aliis
3473 5779 3610 5832 locis
3642 5793 3761 5846 per-

2173 5842 2376 5965 ξηεξηὶΞ
2410 5856 2429 5891 ι
2466 5853 2569 5898 etc.
2614 5842 2745 5900 Vide
2780 5843 2977 5900 Daren.
3017 5860 3164 5900 anno
3199 5846 3406 5906 Christi
3430 5848 3520 5917 57,
3558 5865 3616 5904 ιι.
3642 5842 3757 5902 ’δι

2217 5925 2299 5965 cv.
2381 5928 2450 5965 lN-.

2217 5925 2299 5967 ονε
2334 5925 2450 5966 ῧΙΝ-.
