4142 6412
377 364 512 420 1125

1794 373 2176 429 EPISTOLE.

3515 381 3650 436 “26

376 496 553 549 neque
595 478 767 547 fures,
823 496 1001 552 neque
1046 483 1219 550 avari,
1271 499 1447 554 neque
1493 485 1720 551 ebriosi,
1783 505 1960 558 neque
1989 491 2032 546 A
2063 504 2184 542 men
2220 488 2575 545 transierunt.
2614 489 2781 555 Vide,
2819 489 3008 558 frater,
3044 499 3104 546 ut
3138 492 3262 548 illos
3297 492 3530 550 imiteris
3564 512 3652 550 se-

377 573 650 639 maledici,
686 589 865 643 neque
895 590 1122 644 rapaces
1161 591 1389 647 regnum
1429 575 1524 632 Dei
1570 581 1948 647 possidebunt.

379 663 444 719 Et
478 665 594 719 haec
616 665 837 734 quidem
861 663 1064 732 fuistis,
1097 666 1189 720 sed
1225 667 1397 721 abluti
1437 670 1592 736 estis,
1632 671 1724 725 sed
1750 673 1956 727 sancti-

378 757 524 813 ficati
550 758 683 812 estis
707 759 762 812 in
788 759 1011 813 nomine
1030 759 1248 814 Domini
1272 762 1443 816 nostri
1479 762 1608 817 Jesu
1642 763 1870 827 Christi,
1903 773 1958 819 et

377 850 432 905 in
469 850 678 919 Spiritu
712 849 808 905 Dei
839 851 1012 906 nostri
1032 854 1098 906 ¹¹.
1141 871 1159 903 ι
1196 852 1272 908 De
1307 863 1528 919 caetero,
1565 855 1716 910 salva
1743 855 1796 909 in
1830 871 1958 910 om-

378 943 540 998 nibus
573 944 875 1012 apostolica
927 945 1274 1011 auctoritate,
1321 962 1661 1016 quaacnnque
1715 960 1845 1004 sunt
1889 949 1958 1004 ad

378 1039 660 1109 religionis
688 1043 733 1071 ²²
763 1039 1177 1094 observantiam
1205 1043 1561 1110 pertinentia,
1588 1044 1724 1099 locis
1748 1045 1886 1108 suis,
1905 1055 1960 1100 et

377 1146 408 1184 a
437 1147 551 1186 sua:
581 1132 888 1187 dimceseos
913 1132 1140 1203 synodis
1169 1138 1490 1189 audiantur.
1524 1134 1591 1189 Et
1629 1139 1673 1191 si
1716 1138 1843 1206 quis
1869 1153 1958 1193 sa—

377 1225 658 1280 cerdotum
680 1225 761 1280 vel
812 1226 1152 1295 reliquorum
1199 1227 1547 1294 clericorum,
1573 1245 1674 1284 suo
1699 1230 1958 1302 episcopo

377 1315 698 1373 inobediens
726 1317 909 1384 fuerit,
941 1319 1286 1374 autinsidias
1319 1320 1367 1374 ei
1393 1322 1686 1390 paraverit,
1711 1332 1807 1378 aut
1824 1339 1960 1380 con-

378 1410 680 1476 tumeliam,
733 1419 830 1466 aut
880 1412 1239 1476 calumniam,
1293 1421 1348 1466 et
1392 1415 1647 1471 convinci
1694 1417 1954 1486 potuerit,

378 1519 503 1559 mox
537 1505 706 1559 curiae
750 1505 1017 1560 tradatur.
1061 1525 1080 1558 ι
1127 1506 1230 1573 Qui
1266 1517 1448 1563 autem
1495 1506 1630 1563 facit
1673 1509 1956 1579 injuriam,

377 1595 606 1665 recipiat
631 1595 734 1652 hoc
763 1599 908 1667 quod
929 1598 1116 1667 inique
1140 1599 1310 1668 gessit
1327 1600 1392 1654 ’³.
1413 1600 1789 1670 Corrumpunt
1809 1601 1957 1656 enim

2059 582 2309 650 quendo,
2360 599 2537 652 neque
2586 583 2822 638 vinculis
2880 585 3070 638 mundi
3122 585 3390 655 illigeris.’
3425 584 3651 642 Festina

2061 676 2299 744 palmam
2342 676 2799 746 perseverabilem
2847 691 2973 732 cum
3025 680 3233 734 sanctis
3267 679 3534 749 apostolis
3566 690 3650 734 te-

2061 783 2227 832 nere,
2262 784 2426 838 quam
2463 784 2559 838 per
2607 771 2808 824 multas
2842 771 3127 839 passiones
3157 771 3362 825 Paulus
3409 773 3652 842 suscepit

2059 870 2114 915 et
2141 859 2360 924 Petrus,
2395 861 2486 915 cui
2521 877 2658 916 crux
2692 863 3021 916 charitatem
3073 862 3276 918 Christi
3316 864 3504 918 tollere
3537 881 3648 920 non

2061 956 2253 1023 potuit.
2321 954 2574 1009 Salutant
2603 964 2652 1009 te
2688 954 2844 1011 Soter
2881 967 2936 1010 et
2969 955 3314 1010 Eleuther-ius
3348 958 3494 1027 digni
3529 974 3654 1027 pre-

2071 1047 2292 1117 sbyteri.
2318 1045 2502 1101 Saluta
2523 1047 2720 1102 fratres
2749 1049 2842 1118 qui
2884 1058 3061 1102 tecum
3083 1047 3270 1102 vivunt
3303 1049 3357 1101 in
3393 1047 3650 1105 Domino.

2059 1136 2355 1191 Cerinthus
2411 1138 2751 1205 primarches
2788 1139 3005 1192 Satana:
3055 1139 3256 1192 multos
3305 1140 3501 1194 avertit
3537 1142 3583 1172 ¹⁶
3616 1155 3651 1195 a

2061 1228 2165 1284 ﬁde
2198 1227 2340 1300 (40).
2393 1227 2580 1283 Gratia
2613 1229 2821 1284 Christi
2858 1231 3070 1285 habitet
3101 1230 3155 1284 in
3191 1229 3357 1286 corde
3391 1240 3504 1286 tuo.

2533 1366 2876 1423 EPISTOLA
2933 1366 3003 1420 ιν
3039 1367 3173 1438 (ιι).

2225 1499 2460 1538 DIRECTA
2494 1500 2659 1538 EIDEM
2691 1499 2858 1539 JUSTO
2892 1500 3173 1540 VIENNENSI
3208 1498 3486 1540 EPISCOPO.

2142 1598 2356 1654 Attalus
2391 1598 2506 1669 (42)
2542 1597 2804 1668 epistolas
2839 1605 3142 1668 martyrum
3177 1606 3406 1666 portans
3439 1596 3507 1652 ad
3545 1611 3648 1652 nos

377 1704 559 1744 mores
593 1690 768 1745 bonos
801 1690 1076 1760 colloquia
1107 1693 1248 1746 mala
1272 1692 1338 1746 ’⁸.
1363 1711 1381 1744 ι
1410 1691 1696 1763 Evigilate,
1724 1693 1880 1764 justi,
1905 1701 1959 1748 et
2057 1691 2206 1744 venit
2235 1731 2248 1756 ,
2313 1690 2575 1761 gaudium
2641 1690 2804 1745 nobis
2867 1690 3249 1745 inaestimabile
3316 1689 3524 1745 faciens
3585 1691 3654 1744 de

377 1780 546 1835 nolite
569 1796 824 1850 peccare.

2062 1784 2344 1855 triumpho
2398 1799 2592 1839 eorum
2641 1799 2656 1834 :
2711 1784 2804 1854 qui
2853 1783 2992 1837 dixit
3041 1783 3202 1837 nobis
3256 1792 3509 1837 sanctum
3547 1780 3653 1837 Ve-

449 1849 585 1927 Data
615 1873 802 1929 Idibus
835 1872 1034 1940 Martii,
1070 1873 1232 1929 Claro
1259 1883 1315 1930 et
1351 1873 1554 1930 Severo
1591 1875 1730 1931 viris
1759 1875 1954 1932 claris—
1987 1849 2031 1908 Β
2064 1891 2186 1929 rum
2233 1849 2348 1946 (45)
2400 1876 2660 1945 collegam
2717 1849 2973 1930 nostrum
3023 1874 3288 1929 victorem
3341 1875 3410 1930 de
3461 1875 3654 1929 mundi

376 1964 532 2020 simis
560 1967 881 2022 consulibus
904 1971 972 2024 ’⁵.

855 2058 1194 2115 EPISTOLA
1233 2060 1298 2114 lll
1339 2061 1476 2131 (56).

548 2166 783 2206 ntascn
821 2168 988 2208 wsro
1029 2170 1282 2210 EPISCOPO
1321 2171 1600 2210 vmnnsusr
1642 2154 1778 2226 (57).

444 2243 751 2314 Antequam
795 2245 968 2301 Roma
1013 2247 1279 2311 cxiisses,
1324 2264 1482 2302 soror
1523 2258 1710 2303 nostra
1753 2247 1959 2318 Eupre-

374 2338 485 2408 pia,
513 2339 654 2393 sicut
681 2338 820 2393 bene
843 2339 1171 2404 recordaris,
1223 2340 1440 2395 titulum
1478 2342 1676 2395 domus
1705 2357 1818 2396 suae
1844 2340 1958 2408 ('58)

377 2428 712 2497 pauperibus
759 2429 1092 2499 assignavit,
1133 2430 1226 2484 ubi
1268 2447 1416 2486 nunc
1463 2447 1587 2485 cum
1624 2432 1959 2501 pauperibus

385 2521 590 2575 nostris
631 2529 1041 2576 commorantes
1066 2563 1082 2589 ,
1124 2523 1324 2579 missas
1369 2523 1603 2592 agimus.
1645 2523 1721 2579 De
1765 2534 1818 2578 te
1861 2540 1960 2577 au-

375 2623 504 2680 tam,
551 2614 892 2684 superbeate,
927 2621 1216 2684 postquam
1265 2615 1332 2669 ad
1382 2617 1714 2670 senatoriam
1768 2617 1959 2671 urbem

379 2706 740 2762 Viennensem
768 2690 1076 2776 perrexisti,
1105 2707 1239 2777 quid
1288 2706 1492 2763 factum
1525 2708 1620 2773 sit,
1655 2724 1818 2764 nosse
1864 2725 1961 2763 cu-

374 2799 586 2868 pimus,
628 2808 683 2855 et
735 2809 795 2854 ut
845 2809 1142 2855 sementem
1177 2799 1458 2871 Evangelii
1501 2801 1616 2869 jam
1666 2801 1955 2870 sparseris,

375 2892 565 2947 audire
597 2891 832 2946 multum
867 2893 1270 2948 desideramus.
1307 2891 1612 2963 Presbyteri
1649 2893 1726 2946 illi
1761 2893 1853 2962 qui
1888 2892 1957 2947 ab

375 2984 640 3054 apostolis
684 2984 899 3038 educati
946 3000 1120 3054 usque
1154 2985 1220 3039 ad
1258 3000 1360 3039 nos
1393 2995 1798 3054 pervenerunt,
1834 3000 1959 3040 cum

373 3080 575 3149 quibus
609 3079 774 3134 simul
796 3079 1022 3134 verbum
1053 3079 1179 3134 ﬁdei
1212 3081 1396 3149 partiti
1432 3097 1644 3147 sumus,
1675 3096 1705 3134 a
1733 3080 1962 3135 Domino

2062 1970 2312 2039 principe
2365 1970 2788 2039 triumphasse;
2846 1978 2902 2022 tu
2933 1983 3065 2022 vero
3119 1969 3263 2037 apud
3318 1967 3652 2022 senatoriam

2063 2062 2256 2116 urbem
2287 2060 2650 2116 Viennensem
2685 2061 2804 2130 ejus
2854 2061 2978 2115 loco
3012 2076 3042 2114 a
3071 2059 3334 2115 fratribus
3369 2059 3648 2113 constitu—

2063 2164 2154 2208 tus
2198 2163 2252 2208 et
2294 2154 2510 2208 colobio
2557 2153 2942 2223 episc0porum
2998 2153 3250 2219 vestitus,
3284 2152 3409 2206 vide
3443 2161 3504 2204 ut
3549 2151 3654 2204 mia

2062 2245 2353 2301 nisterium
2405 2246 2552 2316 quod
2612 2245 2928 2315 accepisti,
2992 2245 3048 2298 in.
3096 2243 3330 2298 Domino
3385 2244 3648 2312 impleas;

2063 2354 2196 2394 cura
2260 2348 2443 2394 autem
2495 2348 2814 2394 SﬂﬂClOl‘Uﬂl
2870 2349 3173 2408 martyrum
3224 2351 3460 2406 corpora
3509 2336 3653 2390 sicut

2064 2431 2311 2485 membra
2351 2430 2478 2496 Dei,
2525 2431 2991 2500 quemadmodum
3036 2436 3369 2484 curaverunt
3418 2427 3652 2497 apostoli

2065 2523 2424 2593 Stephanum.
2473 2522 2735 2578 Carceres
2775 2535 3093 2578 sanctorum
3125 2521 3285 2576 visita
3305 2562 3319 2586 ,
3354 2537 3422 2575 ne
3451 2520 3664 2589 aliquis”

2064 2627 2303 2686 tepescat
2365 2617 2422 2672 in
2467 2615 2592 2670 fide.
2647 2614 2904 2686 Martyria
2969 2624 3158 2670 sancta
3205 2611 3412 2682 Spiritu
3462 2613 3668 2666 sancto'

2065 2709 2234 2777 proba
2265 2727 2279 2775 ;
2317 2717 2377 2763 ut
2409 2716 2762 2778 perseverent
2796 2709 2850 2760 in
2879 2707 3007 2773 fide,
3036 2707 3118 2761 eis
3153 2705 3410 2760 incitator
3437 2704 3652 2759 insiste.

2064 2800 2373 2872 Presbyteri
2407 2809 2456 2855 et
2498 2800 2717 2854 diaconi
2751 2815 2859 2855 non
2900 2808 2960 2854 ut
2997 2799 3288 2868 majorem,
3319 2797 3414 2851 sed
3458 2804 3517 2850 ut
3551 2795 3655 2849 mi-

2064 2895 2298 2949 nistrum
2334 2894 2539 2948 Christi
2576 2903 2627 2948 te
2656 2894 2988 2958 observent;
3026 2892 3180 2963 plebs
3215 2891 3474 2946 universa
3528 2905 3655 2944 san-

2064 2989 2250 3042 ctitate
2285 2996 2377 3040 tua
2431 2996 2772 3057 protegatur.
2829 2986 3054 3041 Fratres
3115 2985 3322 3051 nostri,
3368 2999 3509 3048 quos
3559 2999 3656 3052 per

2066 3080 2312 3134 Attalum
2351 3095 2738 3150 recognosces,
2772 3081 2840 3135 de
2878 3080 3095 3149 tyranni
3136 3078 3342 3134 saevitia
3375 3077 3488 3146 jam
3523 3075 3657 3129 libe-

373 3173 550 3226 vocati
601 3172 655 3225 in
689 3172 963 3226 cubilibus
1005 3171 1223 3228 :eternis
1266 3172 1441 3228 clausi
1489 3183 1760 3228 tenentur.
1818 3173 1958 3228 San-
1985 3176 2026 3231 C
2064 3174 2169 3228 rati
2189 3173 2542 3243 requiescunt
2566 3173 2620 3226 in
2638 3171 2890 3227 Domino.
2908 3171 3200 3242 Presbyter
3217 3170 3413 3224 Pastor
3433 3169 3652 3223 titulum

373 3273 496 3322 ctus
531 3262 853 3319 Timotheus
899 3273 953 3318 et
982 3262 1201 3320 Marcus
1245 3265 1360 3332 (59)
1401 3280 1499 3335 per
1536 3266 1740 3320 bonum
1777 3275 1959 3321 certa-

445 3458 488 3489 ²¹
521 3459 542 3509 l
568 3456 698 3513 Cor.
722 3474 776 3524 v,
800 3459 836 3512 2
868 3474 1043 3528 usque
1069 3460 1133 3514 ad
1166 3459 1349 3524 finem,
1383 3469 1437 3514 ct
1467 3477 1542 3527 vr,
1573 3461 1724 3515 1-H.

375 3598 527 3665 poris
559 3600 782 3654 verbum
817 3611 1044 3656 censent
1071 3603 1315 3672 quidam,
1350 3619 1452 3673 ego
1484 3603 1763 3672 praeteriti.

445 3782 560 3853 (35)
598 3782 860 3855 Epistula.
918 3784 1066 3841 Duas
1117 3785 1408 3854 perbreves
1455 3785 1717 3855 epistolas
1758 3784 1840 3839 Pii
1886 3786 1952 3840 ad

372 3852 592 3926 Justum
624 3853 985 3926 Viennensem
1039 3852 1357 3926 episcopum
1416 3852 1648 3926 scriptas
1696 3873 1760 3911 ex
1791 3855 1957 3910 Vien-

374 3924 532 3979 nensi
565 3925 789 3996 archivo
819 3924 1088 3995 proditas,
1127 3942 1194 3980 ex
1228 3935 1380 3980 tomo
1409 3924 1584 3996 primo
1611 3927 1954 3982 Bibliotheca?

373 4004 684 4049 sanctorum
719 3995 947 4050 Patrum
998 3996 1330 4051 Parisiensis
1377 3997 1656 4060 editionis,
1709 3999 1798 4052 ubi
1853 4013 1953 4052 ex-

375 4075 543 4130 stant,
586 4068 983 4139 hucrconsulto
1027 4067 1428 4123 transtulimus.
1463 4066 1637 4124 Hasce
1663 4084 1954 4139 germanas

374 4151 496 4208 esse
523 4152 589 4208 ac
616 4137 911 4208 legitimas,
943 4154 1066 4192 cum
1117 4153 1300 4192 rerum
1340 4137 1746 4206 argumentum,
1779 4150 1830 4192 et
1859 4141 1955 4192 ad-

376 4207 644 4262 mirabilis
676 4207 924 4278 Quaadam
953 4224 1078 4263 cum
1110 4209 1465 4280 rebusgestis
1500 4210 1663 4280 hujus
1691 4209 1953 4278 temporis

374 4280 778 4345 convenientia,
824 4290 937 4334 tum
985 4279 1431 4346 simplicissimus
1479 4279 1580 4334 ille
1611 4281 1954 4349 antiquitatis

373 4349 601 4412 candor,
647 4351 819 4406 cuivis
867 4349 1024 4405 facile
1062 4350 1412 4418 persuadent.
1466 4349 1710 4405 Priorem
1754 4352 1952 4404 harum

373 4420 608 4491 duarum
629 4419 798 4491 Pium
833 4435 978 4476 anno
1006 4420 1357 4491 pontificatus
1385 4422 1471 4476 sui
1503 4422 1825 4491 penultimo,
1856 4422 1951 4490 qui

2069 3264 2315 3323 condidit
2339 3265 2407 3330 '7,
2447 3274 2500 3319 et
2537 3265 2699 3334 digne
2742 3264 2797 3318 in
2833 3263 3068 3319 Domino
3117 3262 3276 3318 obiit.
3331 3261 3653 3317 Revelatum

1830 3462 1874 3492 ²¹
1903 3461 2023 3516 cod.
2048 3459 2260 3530 Theodr.
2292 3461 2385 3514 lib.
2424 3475 2536 3525 xvr,
2561 3459 2642 3515 tit.
2667 3461 2722 3523 2,
2755 3475 2804 3514 c.
2831 3459 2903 3512 ‘25
2927 3467 2981 3514 et
3012 3459 3102 3527 59,
3128 3461 3215 3522 Η,
3244 3470 3438 3530 quaast.
3474 3463 3495 3516 l
3528 3484 3541 3518 :
3577 3464 3638 3520 Si

373 3529 490 3596 quis
523 3529 874 3582 sacerdotum.
952 3531 998 3562 ’³
1029 3530 1246 3586 Coloss.
1290 3547 1374 3597 ιιι,
1407 3533 1499 3586 25.
1560 3534 1653 3584 ἰι
1691 3533 1821 3586 Cor.
1863 3549 1950 3595 xv,
1979 3533 2013 3585 5
2055 3569 2070 3584 .

1861 3604 1902 3634 ²⁷
1930 3618 2020 3659 an.
2049 3601 2170 3656 l60.

2147 3533 2192 3563 ’³
2225 3529 2361 3585 falsa
2394 3532 2656 3600 temporis
2687 3530 3050 3600 eonsignatio.
3128 3533 3174 3562 ³³
3200 3529 3488 3601 praesentis
3512 3544 3619 3590 tem
3639 3571 3652 3576 -

2065 3786 2222 3852 Quod
2259 3801 2391 3842 vero
2431 3789 2534 3843 sub
2563 3787 2789 3843 Aurelio
2821 3788 2994 3857 passi,
3035 3787 3087 3842 in
3124 3785 3513 3858 Martyrologio
3546 3788 3652 3843 sub

2065 3859 2342 3930 Antonino
2373 3859 2706 3928 imperatore
2739 3860 3061 3930 martyrium
3104 3859 3341 3930 subiisse
3374 3858 3648 3930 dicantur,

2067 3929 2338 3983 neminem
2378 3927 2595 3983 mevere
2625 3930 2817 3995 debet;
2853 3927 2976 3982 nam
3005 3929 3222 3983 Marcus
3255 3927 3508 3982 Aurelius
3539 3946 3649 3983 non

2068 4008 2278 4062 tantum
2311 3999 2641 4064 Antoninus,
2678 4001 2772 4054 sed
2803 4000 3051 4069 pluribus
3085 4002 3248 4054 etiam
3304 3997 3426 4052 aliis
3472 4001 3652 4052 Immi-

2068 4071 2230 4191 nibius
2252 4071 2570 4191 ngminatus
2588 4070 2710 4136 fuit,
2732 4080 2791 4124 ut
2813 4071 3052 4126 ostendit
3067 4069 3334 4124 Batonius
3357 4084 3503 4122 anno
3524 4070 3650 4138 165,

2068 4156 2120 4191 ιι.
2215 4149 2268 4191 et
2335 4181 2348 4191 .
2408 4157 2463 4191 υ.

2063 4156 2120 4194 ιι.
2147 4141 2180 4193 4
2215 4149 2268 4194 et
2295 4141 2348 4194 5.
2387 4141 2463 4197 In.

2134 4207 2248 4281 (40)
2283 4209 2566 4264 Cerintltus
2592 4210 2917 4280 primarc/zes
2942 4208 3162 4264 Satana:
3198 4208 3416 4281 multos
3459 4211 3648 4264 avertit

2064 4297 2096 4334 a
2126 4279 2250 4350 ﬁde».
2279 4281 2567 4336 Cerinthus
2594 4279 2672 4335 an
2701 4283 2861 4336 vivus
2895 4283 3094 4346 adhuc,
3128 4279 3210 4334 vel
3253 4281 3434 4348 potius
3474 4281 3526 4334 in
3556 4297 3646 4336 se-

2062 4350 2256 4406 etariis
2300 4359 2511 4406 tantum
2543 4352 2794 4406 hmresim
2837 4353 2907 4404 ab
2933 4367 2999 4406 eo
3029 4361 3308 4420 acceptam
3341 4367 3649 4420 propagan-

2064 4424 2228 4484 tibus,
2276 4424 2477 4478 multos
2530 4439 2560 4476 a
2593 4423 2697 4476 fide
2743 4423 3020 4483 averterit,
3074 4422 3340 4476 incertum
3375 4432 3478 4476 est.
3534 4421 3650 4478 lloc

373 4502 482 4569 est_
509 4489 867 4569 Christilfiﬁ,
920 4489 1278 4569 posteriorem
1308 4489 1516 4569 autem
1568 4507 1714 4547 anno
1763 4489 1957 4569 ultimo
1992 4515 2033 4569 ι)
2062 4502 2272 4569 certum
2299 4502 2403 4558 est,
2430 4494 2652 4569 absurdi
2686 4493 2822 4569 nihil
2860 4493 2988 4554 dici,
3024 4493 3068 4546 si
3099 4492 3459 4569 Cerinthum,_
3481 4509 3645 4562 quem

375 4559 1111 4634 scripsissetipsmepistola:
1131 4561 1445 4617 ostendunt.
1471 4562 1672 4618 Baron.
1693 4561 1954 4628 ann.lt$6,

374 4646 432 4684 ιι.
462 4632 484 4684 l
517 4639 572 4685 et
600 4633 654 4687 4.
687 4631 810 4688 δὸν.
842 4631 960 4688 Bm.

445 4701 558 4774 (56)
611 4701 762 4759 Hanc
810 4714 866 4759 et
921 4721 1036 4776 seq.
1067 4705 1337 4760 Baronius
1363 4718 1650 4774 germanas
1683 4703 1954 4774 agnoscit,

375 4773 499 4827 aliis
535 4773 639 4844 qq.
665 4791 771 4829 non
800 4773 1184 4844 probantibus.

447 4845 561 4914 (37)
604 4843 765 4898 Iusto
800 4843 1060 4915 episcopo.
1101 4845 1290 4902 Justus
1321 4845 1653 4900 Viennensis
1697 4843 1958 4900 Ecclesia:

375 4918 666 4986 episcopus
697 4926 818 4986 post
854 4918 1076 4986 longum
1124 4917 1376 4972 exsilium
1399 4956 1413 4981 ,
1447 4917 1549 4972 sub
1577 4917 1958 4986 persecutione

375 4983 778 5058 hlarci'Aurelii
838 4983 1162 5058 martyrium
1203 4986 1526 5058 subiit._rlta
1557 4983 1676 5040 Ado
1707 4987 1953 5058 ejusdem

382 5053 707 5128 Viennensis
729 5053 1294 5128 Ecclesiae-episcopus
1311 5058 1366 5128 in
1386 5053 1850 5128 Chromtesta'tur.
1873 5056 1951 5128 In.

447 5127 560 5195 (58)
610 5127 848 5181 Titulum
891 5126 1080 5182 domus
1123 5126 1254 5184 suae.
1307 5127 1513 5183 Domus
1551 5127 1739 5182 divino
1784 5126 1957 5183 cultui

377 5197 572 5268 dicatae
604 5199 948 5268 appellantur
975 5199 1138 5253 tituli.
1175 5198 1249 5253 ln.

452 5267 564 5340 (59)
599 5266 830 5324 Sanctus
859 5269 1158 5324 Timotheus
1206 5279 1255 5324 et
1288 5269 1527 5340 Marcus.
1580 5266 1739 5340 Hunc
1766 5267 1957 5340 Iimoe

377 5337 587 5403 theum,
613 5341 1007 5410 cujusiexitum
1055 5340 1270 5395 nuntiat
1301 5339 1433 5394 Pius
1468 5339 1730 5409 pontifex,
1761 5338 1954 5394 Novati

413 5424 720 5475 ermanum,
776 5409 1127 5466 Pudentianae
1172 5421 1336 5480 atque
1392 5410 1654 5465 Praxedis
1703 5411 1952 5476 fratrem,

425 5482 638 5536 udentis
665 5497 794 5536 vero
825 5492 990 5552 atque
1024 5482 1285 5537 Priscilla:
1334 5482 1504 5535 tilium
1554 5480 1729 5552 fuisse,
1777 5481 1956 5552 (eum-

375 5551 796 5622 demqueesse,
811 5551 976 5622 cujus
1016 5555 1069 5606 in
1102 5553 1345 5622 antiquis
1378 5552 1580 5606 tabulis
1621 5551 1955 5606 eccleSiasti-

378 5623 459 5677 cis
483 5623 554 5676 24
576 5621 754 5677 Martii
780 5621 988 5678 Natalis
1017 5621 1322 5692 descriptus
1353 5623 1604 5686 habetur,
1636 5622 1722 5692 his
1747 5622 1950 5676 verbis:

347 5671 360 5743 l
386 5671 1001 5748 aio‘aasstairss.
1019 5671 1331 5763 tanta}.
1353 5671 1948 5756 ἰῖᾶἱέἷὲιῖἷπήόιιῖἐῖζ

379 5766 472 5833 qui
532 5764 635 5819 sub
668 5765 957 5834 Antonino
1009 5767 1341 5833 imperatore
1387 5763 1650 5834 martyrio
1709 5764 1953 5834 coronati

380 5836 589 5904 suum)
662 5833 927 5892 Batonius
958 5839 1123 5894 sentit
1158 5853 1303 5893 anno
1332 5833 1542 5900 Christi
1561 5833 1680 5893 166.
1710 5848 1863 5890 num.
1893 5833 1949 5888 2.

2063 4564 2319 4618 viderunt
2366 4565 2619 4633 apostoli,
2654 4563 2861 4632 quique
2913 4563 3285 4632 apostolorum
3339 4563 3511 4634 tertiae
3557 4579 3649 4634 sy-

2062 4635 2210 4688 nodo
2240 4632 2507 4700 interfuit,
2542 4635 2647 4688 hoc
2684 4643 2929 4703 tempore
2967 4635 3318 4703 superstitem
3354 4632 3528 4688 fuisse
3558 4632 3647 4688 dii-

2060 4719 2275 4759 camus.
2314 4704 2369 4758 Si
2405 4706 2548 4759 enim
2574 4701 2911 4774 Polycarpns
2941 4701 3245 4772 discipulus
3269 4701 3499 4758 Joannis
3527 4707 3650 4758 atti-

2061 4775 2139 4844 git
2169 4775 2453 4830 Anicetum
2494 4775 2825 4844 pontiﬁcem,
2859 4775 3018 4841 cujus
3048 4788 3193 4826 anno
3225 4774 3384 4844 tertio
3418 4775 3520 4827 sub
3548 4775 3648 4827 im-

2061 4842 2315 4914 peratore
2341 4842 2564 4900 Aurelio
2613 4846 2933 4914 martyrium
2989 4843 3178 4908 subiit,
3211 4845 3255 4897 si
3289 4842 3517 4914 Hermas
3564 4844 3647 4897 di-

2061 4862 2315 4914 peratore
2341 4862 2564 4900 AUI‘BIIO
2613 4862 2753 4898 mart
2795 4862 2933 4898 l‘lUll]
2989 4862 3178 4908 ευυιιι,
3211 4862 3255 4897 SI
3290 4862 3517 4897 1181⁸11Ιῖ13
3564 4862 3644 4897 ΠΙ·

2061 4916 2310 4985 scipulus
2351 4915 2506 4970 Pauli
2565 4932 2690 4970 cum
2752 4862 2859 4969 hoc
2903 4914 3168 4985 pontifice
3212 4913 3375 4968 simul
3425 4915 3644 4976 vixerit,

2064 4983 2406 5055 impossibile
2460 4987 2630 5041 videri
2682 5001 2793 5040 non
2831 4983 3010 5047 debet,
3047 4994 3106 5036 ut
3131 4983 3429 5055 Cerinthus
3463 4985 3646 5055 _simnl

2063 5053 2167 5112 hoc
2191 5065 2246 5111 et
2268 5058 2642 5126 apostolorum
2670 5065 2909 5124 tempore
2937 5065 3217 5124 superstes
3243 5054 3424 5108 adhuc
3454 5053 3642 5118 fuerit,

2062 5142 2128 5180 ac
2157 5128 2308 5184 virus
2352 5143 2514 5182 suum
2557 5128 2714 5197 longe
2756 5126 2972 5197 lateque
3013 5141 3107 5194 per
3136 5128 3323 5197 orbem
3371 5133 3644 5180 terrarum

2062 5199 2386 5252 evomuerit.
2423 5198 2622 5252 Baron.
2653 5193 2784 5251 ann.
2819 5193 2942 5259 166,
2980 5193 3132 5249 num.
3165 5195 3221 5250 ‘2.
3254 5193 3331 5249 lo.

2135 5267 2249 5340 (41)
2279 5267 2546 5340 Epistula.
2598 5265 2751 5322 Hanc
2784 5266 3072 5340 epistolam
3097 5267 3478 5340 ultimo‘anno
3505 5266 3645 5335 poni

2059 5337 2301 5394 tificatus
2329 5339 2434 5405 Pii,
2465 5340 2626 5408 paulo
2658 5346 2785 5393 ante
2815 5337 3025 5408 obitum
3061 5337 3182 5407 ejus
3209 5337 3469 5406 scriptam
3497 5351 3641 5401 esse;

2062 5427 2127 5465 ex
2167 5411 2284 5478 ipsa
2313 5406 2545 5480 epistula
2579 5419 2825 5479 apparet.
2868 5406 2945 5462 In.

2130 5481 2244 5552 (42)
2276 5482 2511 5552 Attalus.
2557 5480 2998 5552 Attalus,rc_ujus
3047 5479 3136 5533 hic
3165 5479 3246 5552 itit
3299 5479 3526 5552 mentio,
3562 5485 3648 5532 est

2060 5545 2256 5622 genere
2288 5550 2658 5622 Pergamenus
2680 5593 2694 5615 ,
2729 5551 2821 5622 sed
2851 5545 3095 5603 Romana
3128 5551 3348 5603 civitate
3381 5550 3641 5622 donatus.

2059 5616 2125 5678 ac
2153 5623 2334 5693 magni
2363 5616 2607 5693 'n'ominis
2635 5623 2740 5675 vir.
2773 5620 2870 5693 De_
2874 5621 3037 5693 cujus
3063 5636 3236 5690 agone
3266 5622 3457 5693 litterae
3482 5616 3644 5693 Vien-

2059 5689 2270 5748 nensis'
2302 5703 2355 5748 et
2402 5692 2788 5762 Lugdunensis
2832 5689 3116 5755 Ecclesiae,
3150 5692 3293 5762 apud
3345 5689 3644 5744 Eusebium

2059 5765 2154 5819 lib.
2187 5780 2238 5827 v,
2272 5779 2392 5832 cap.
2429 5761 2811 5830 l,exstantes,
2842 5763 3111 5832 scribunt.
3148 5761 3225 5814 lo.

2131 5835 2246 5907 (45)
2287 5829 2542 5889 δὰηειιιιη
2582 5832 2794 5890 Verum.
2864 5830 3061 5901 Verus,
3117 5833 3184 5889 de
3229 5839 3340 5903 Quo
3385 5831 3492 5902 hic,
3541 5829 3644 5886 fuit
