4142 6412
505 375 644 432 “'2'!

1949 375 2036 431 Pll
2074 374 2095 429 1
2128 372 2333 429 PAPIE

3649 372 3792 432 “28

500 494 640 549 mihi
672 507 797 549 esse
831 492 1008 558 scias,
1042 491 1249 561 collega
1300 490 1622 545 beatissime
1645 531 1661 556 ,
1711 492 1877 547 citius
1910 508 1999 547 me
2034 492 2095 546 ti-
2127 499 2171 555 Α
2201 497 2427 546 senatus
2460 502 2667 558 pauper
2719 488 2835 558 (44)
2866 488 3067 545 Christi
3112 490 3255 559 apud
3312 488 3546 545 Romam
3580 492 3793 549 conslia.

496 597 626 640 nem
678 582 841 652 hujus
890 582 1014 635 vitae
1066 578 1344 635 facturum
1370 582 1437 634 ’⁸.
1478 579 1659 635 Unum
1691 580 1951 653 flagitabo
1984 598 2000 634 :
2036 582 2091 636 in

496 675 891 732 communione
916 682 1026 741 sta,
1062 681 1119 728 et
1151 674 1256 729 mei
1290 689 1360 729 ne
1384 674 1757 730 obliviscaris.
1797 674 2016 730 Salutat
2039 685 2093 732 te

2201 591 2373 637 tutus.
2408 579 2599 634 Saluta
2632 595 2796 635 omne
2824 580 3114 653 collegium
3163 580 3425 651 fratrum,
3471 582 3567 654 qui
3604 590 3790 639 tecum

2200 681 2335 729 sunt
2365 674 2420 726 in
2452 670 2708 726 Domino.

1678 856 1775 912 EX
1831 857 2175 916 DECRETIS
2214 858 2302 916 Pll
2357 856 2562 914 ΡΔΡΑΞ
2606 857 2644 911 Ι.

606 976 742 1029 Ante
766 973 1070 1028 uicesimum
1097 975 1343 1045 quintum
1377 989 1579 1027 annum
1614 975 1845 1046 virgines
1882 992 1988 1031 non

1099 1054 1492 1098 consecrantur.

568 1160 616 1197 ’³
650 1156 905 1225 Virgines
956 1171 1065 1212 non
1121 1157 1372 1212 velentur
1423 1166 1551 1212 ante
1603 1156 1797 1229 viginti
1850 1158 2096 1229 quinque

500 1265 678 1303 annos
731 1248 927 1314 relatis,
984 1248 1089 1302 nisi
1148 1246 1291 1302 forte
1344 1249 1675 1305 necessitate
1730 1249 2095 1316 periclitantis

501 1340 783 1411 pudicitia:
828 1340 1136 1412 virginalis.
1196 1339 1264 1393 Et
1321 1356 1431 1394 non
1484 1350 1614 1396 sunt
1666 1332 2087 1410 consecrandai,

498 1432 606 1487 uisi
659 1433 713 1485 in
758 1431 1068 1501 Epiphania
1113 1440 1165 1485 et
1200 1432 1254 1486 in
1282 1432 1436 1486 Albis
1468 1430 1730 1501 Pascbse,
1763 1444 1819 1490 et
1852 1436 1909 1490 in
1957 1450 2092 1507 apo—

498 1520 767 1578 stolarum
802 1521 1095 1591 Natalitiis,
1131 1522 1238 1579 nisi
1272 1537 1440 1577 causa
1473 1524 1669 1579 mortis
1698 1534 1927 1601 urgente
1947 1526 2013 1579 ³⁸.

498 1678 577 1734 De
616 1679 729 1733 illis
765 1679 858 1752 qui
894 1695 976 1752 per
1028 1690 1187 1752 caput
1215 1678 1314 1734 Dei
1354 1680 1433 1734 vel
1465 1681 1723 1751 capillum
1752 1683 1966 1752 jurant,
2011 1688 2091 1740 vel

783 1749 1110 1818 blasphemia
1138 1762 1326 1804 contra
1353 1749 1541 1805 Deum'
1558 1749 1805 1809 utuntur.

576 1863 614 1897 ⁸⁸
646 1863 703 1919 Si
738 1865 864 1935 quis
896 1880 993 1935 per
1039 1866 1295 1935 capillum
1331 1865 1427 1920 Dei
1474 1867 1558 1921 vel
1608 1877 1774 1939 caput
1818 1868 2092 1939 iuraverit

495 1954 579 2010 vel
605 1955 714 2009 alio
740 1956 902 2010 modo
933 1956 1275 2027 blasphemia
1310 1966 1499 2012 contra
1524 1956 1695 2012 Deum
1731 1974 1866 2015 usus
1899 1959 2087 2028 fuerit,

496 2049 545 2103 si
581 2049 635 2101 in
665 2048 1039 2103 ecclesiastico
1071 2048 1266 2103 ordine
1293 2057 1400 2114 est,
1433 2049 1773 2119 deponatur;
1811 2051 1855 2106 si
1892 2052 2085 2116 laicus,

495 2140 1015 2195 anathematizetur.
1054 2137 1123 2192 Et
1154 2138 1201 2193 si
1248 2139 1375 2208 quis
1418 2154 1517 2207 per
1555 2147 1839 2194 creaturas
1869 2140 2090 2209 iurave.

493 2230 587 2296 rit,
612 2231 877 2285 acerrime
906 2230 1224 2299 castigetur,
1260 2238 1314 2284 et
1339 2230 1495 2300 juxta
1530 2230 1636 2285 hoc
1666 2231 1811 2299 quod
1841 2232 2086 2302 synodus

488 2323 838 2394 iudicaverit,
862 2323 1145 2393 pmniteat.
1166 2320 1225 2377 Si
1256 2324 1383 2393 quis
1415 2335 1596 2379 autem
1624 2324 1787 2379 talem
1807 2325 2083 2381 hominem

494 2429 604 2470 non
650 2413 1098 2469 manifestaverit
1123 2455 1138 2480 ,
1176 2429 1287 2468 non
1330 2423 1416 2469 est
1458 2413 1687 2468 dubium
1737 2415 1871 2485 quin
1902 2416 2085 2471 divina

490 2504 969 2562 condemnatioue
1027 2506 1287 2562 similiter
1342 2515 1684 2561 coerceatur.
1734 2502 1833 2575 Et,
1878 2507 1926 2563 si
1967 2509 2085 2579 epi-

492 2612 697 2667 scopus
731 2597 840 2652 ista
879 2597 1174 2653 emendare
1223 2597 1548 2669 neglexerit,
1604 2598 1871 2656 acerrime
1906 2600 2083 2657 corri-

490 2687 674 2758 piatur
695 2687 765 2742 ³³.

598 2818 677 2874 De
700 2818 809 2874 illis
829 2820 921 2890 qui
937 2819 1249 2959 jubentibfus
1274 2818 1510 2942 dominis
1535 2835 1647 2875 suis
1673 2821 1976 2892 periurium

1194 2906 1370 2944 ecerm
1402 2929 1417 2945 .

1194 2906 1417 2945 ecertnt.

562 3002 608 3034 ⁸⁵
633 3001 740 3069 Qui
774 3002 1093 3073 compulsus
1125 3018 1156 3058 a
1183 3003 1430 3070 domino,
1468 3005 1650 3060 sciens
1683 3006 1914 3076 peierat,
1950 3007 2086 3062 utri-

487 3108 600 3164 que
642 3101 772 3148 sunt
813 3093 1052 3163 periuri,
1097 3101 1152 3147 et
1187 3093 1447 3147 dominus
1478 3102 1533 3147 et
1574 3094 1761 3162 miles;
1799 3096 2081 3162 dominus,
2114 3092 2156 3151 C

488 3184 621 3255 quia
650 3185 946 3255 praecepit:
988 3186 1179 3253 miles,
1227 3186 1357 3255 quia
1398 3186 1523 3256 plus
1565 3187 1882 3253 dominum,
1914 3204 2081 3258 quam

490 3278 733 3331 animam
789 3293 946 3332 suam
1001 3277 1214 3334 dilexit.
1278 3278 1337 3333 Si
1386 3280 1525 3335 liber
1563 3290 1668 3349 est,
1716 3282 2082 3353 quadraginta

489 3370 610 3425 dies
644 3370 699 3423 in
730 3385 870 3441 pane
897 3378 954 3425 et
981 3385 1121 3440 aqua
1157 3371 1441 3440 paeniteat,
1471 3380 1526 3426 et
1551 3383 1760 3443 septem
1791 3386 2082 3445 sequentes

489 3477 698 3530 armos;
736 3462 786 3517 si
819 3477 1012 3518 servus
1052 3472 1157 3529 est,
1194 3472 1307 3519 tres
1334 3463 1790 3536 quadragesimas
1822 3475 1877 3521 et
1904 3467 2083 3539 legiti-

491 3570 611 3609 mas
638 3553 804 3609 ferias
829 3555 1095 3624 paeniteat
1112 3554 1161 3587 “

562 3644 606 3676 ³⁸
629 3643 733 3710 Qui
769 3644 976 3715 peierat
1004 3660 1063 3700 se
1095 3646 1151 3699 in
1182 3662 1349 3701 manu
1384 3646 1651 3717 episcopi,
1683 3656 1781 3703 aut
1824 3648 1877 3703 in
1915 3663 2082 3704 cruce

489 3748 841 3802 consecrata,
887 3748 1000 3794 tres
1030 3754 1207 3795 annos
1233 3741 1535 3810 pmniteat;
1576 3742 1622 3798 si
1653 3758 1784 3797 vero
1828 3744 1883 3798 in
1918 3759 2082 3801 cruce

491 3844 601 3883 non
639 3840 989 3896 consecrata,
1026 3847 1230 3886 annum
1278 3850 1449 3887 unum
1494 3835 1778 3905 paeniteat.
1829 3834 1936 3901 Qui
1983 3851 2083 3890 au-

492 3930 602 3975 tem
639 3931 870 3977 coactus
918 3921 1104 3989 fuerit,
1137 3932 1193 3978 et
1226 3924 1510 3994 ignorans,
1558 3942 1619 3981 se
1645 3927 1994 3996 pejeraverit,
2028 3937 2083 3984 et

491 4022 617 4083 post
646 4016 951 4084 cognoscit,
988 4024 1099 4070 tres
1130 4016 1582 4086 quadragesimas
1614 4018 1879 4087 poeniteat
1905 4018 1971 4070 “.

490 4150 571 4207 De
614 4152 709 4206 illo
748 4154 839 4223 qui
882 4168 1098 4206 uxorem
1153 4153 1453 4293 lc’rgitimam
1496 4169 1609 4208 sine
1657 4170 1868 4224 juatcw
1908 4155 2079 4209 inter-

1208 4234 1390 4279 ecerit.

1208 4234 1390 4279 εδει-ιι.

566 4337 610 4368 ⁸⁷
635 4335 964 4406 Quicunque
1003 4338 1280 4406 propriam
1327 4353 1555 4392 uxorem
1596 4338 1805 4409 absque
1845 4339 1963 4410 lege
1998 4341 2082 4395 vel

2194 991 2485 1049 quousque
2519 975 2850 1030 consentiat.
2894 972 3096 1029 Eadem
3124 974 3211 1029 lex
3242 973 3347 1028 erit
3382 972 3460 1027 illi
3484 973 3579 1044 qui
3614 988 3781 1030 suum

2194 1068 2468 1125 seniorem
2504 1066 2841 1122 interfecerit
2863 1066 2929 1120 ⁸⁸.

2266 1178 2595 1235 Ρωηίιειιιὶα
2630 1180 2770 1250 ejus,
2809 1179 2961 1249 cujus
3001 1177 3320 1250 negligentia
3345 1177 3410 1232 de
3445 1179 3707 1248 sanguine

2651 1249 2853 1304 domini
2887 1250 3091 1320 aliquid
3115 1249 3312 1303 stillat.

2264 1343 2309 1376 ⁸⁸
2338 1341 2396 1397 Si
2438 1358 2536 1413 per
2568 1344 2956 1415 negligentiam
3006 1342 3213 1413 aliquid
3254 1342 3324 1396 de
3367 1341 3633 1414 sanguine
3671 1340 3781 1394 Do-

2198 1433 2335 1488 mini
2367 1434 2651 1489 stillaverit
2694 1435 2978 1499 interram
2999 1475 3014 1500 ,
3046 1433 3229 1504 lingua
3265 1432 3560 1499 lambatur,
3591 1433 3779 1487 tabula

2188 1531 2438 1586 radatur.
2481 1528 2541 1584 Si
2581 1546 2690 1584 non
2728 1528 2894 1585 fuerit
2920 1528 3130 1594 tabula,
3162 1536 3219 1581 ut
3253 1541 3361 1581 nou
3391 1525 3769 1589 conculcetur,

2190 1620 2349 1676 locus
2419 1621 2766 1688 corrodatur,
2821 1629 2876 1675 et
2926 1620 3051 1691 igne
3112 1626 3490 1683 consumatur,
3535 1627 3590 1671 et
3636 1618 3779 1672 cinis

2121 1745 2163 1803 Β
2194 1716 2337 1766 intra
2389 1713 2563 1767 altare
2614 1712 2964 1779 recondatur,
3000 1722 3060 1766 et
3109 1711 3364 1765 sacerdos
3411 1708 3778 1779 quadraginta

2193 1802 2387 1860 diebus
2432 1805 2717 1875 paeniteat.
2775 1804 2833 1858 Si
2872 1818 3036 1873 super
3070 1802 3243 1856 altare
3277 1802 3566 1856 stillaverit
3607 1802 3776 1867 calix,

2193 1896 2413 1950 sorbeat
2444 1896 2695 1951 minister
2728 1896 2953 1956 stillam,
2985 1902 3041 1949 et
3070 1893 3246 1948 tribus
3271 1893 3465 1949 diebus
3494 1894 3774 1971 paeniteat.

2194 1986 2254 2041 Si
2290 2003 2456 2057 super
2502 1988 2727 2043 linteum
2760 1988 2973 2053 altaris,
3007 1997 3062 2042 et
3107 1989 3175 2044 ad
3213 1986 3360 2041 aliud
3394 1987 3540 2041 stilla
3589 1972 3779 2055 pervel-

2192 2081 2365 2146 nerit,
2410 2088 2648 2151 quatuor
2688 2080 2882 2135 diebus
2926 2082 3208 2151 paeniteat.
3252 2080 3310 2134 Si
3358 2095 3533 2150 usque
3568 2080 3636 2134 ad
3671 2087 3779 2132 ter-

2192 2173 2361 2240 tium,
2397 2188 2592 2226 novem
2624 2172 2817 2228 diebus
2858 2173 3139 2243 pteniteat.
3193 2172 3251 2226 Si
3284 2186 3459 2241 usque
3503 2170 3570 2225 ad
3606 2185 3777 2240 quar-

2191 2273 2329 2331 tum,
2372 2263 2566 2334 viginti
2598 2264 2789 2319 diebus
2823 2265 3113 2333 poeniteat,
3156 2271 3212 2318 et
3243 2262 3562 2317 linteamina
3586 2300 3601 2325 ,
3656 2275 3779 2330 qua:

2190 2354 2428 2424 tetigerit
2457 2353 2621 2419 stilla,
2647 2354 2824 2409 tribus
2853 2354 3065 2408 vicibus
3092 2354 3341 2407 minister
3368 2352 3575 2416 abluat,
3608 2351 3779 2405 calice

2190 2446 2583 2517 subterposito,
2608 2454 2664 2501 et
2704 2461 2851 2516 aqua
2894 2445 3193 2501 ablutionis
3245 2452 3516 2507 sumatur,
3540 2451 3596 2497 et
3618 2441 3777 2513 iuxta

2188 2539 2363 2594 altare
2390 2537 2721 2594 recondatur
2741 2538 2787 2570 “

2298 2651 2369 2708 Ut
2395 2652 2663 2724 arreptitii
2694 2651 2864 2706 sacris
2898 2650 3164 2706 altaribus
3199 2666 3303 2705 non
3336 2650 3665 2705 ministrent.

2260 2763 2302 2797 δ’
2336 2764 2717 2820 Communiter
2744 2763 3079 2829 diilinimus,
3116 2772 3176 2819 ut
3208 2764 3393 2818 nullus
3424 2764 3492 2819 de
3535 2764 3645 2830 his,
3678 2761 3775 2833 qui

2189 2865 2285 2913 aut
2324 2857 2380 2912 in
2428 2869 2571 2913 terra
2617 2858 2821 2928 arrepti
2869 2873 2900 2912 a
2942 2857 3284 2912 daemonibus
3334 2857 3637 2922 eliduntur,
3682 2866 3778 2911 aut

2188 2949 2433 3020 quolibet
2462 2948 2629 3003 modo
2652 2948 2960 3003 vexationis
2990 2949 3306 3004 incursibus
3337 2947 3659 3015 efferuntur,
3689 2949 3776 3005 vel

2189 3042 2367 3098 sacris
2398 3042 2638 3097 audeant
2671 3043 2988 3097 ministrare
3017 3042 3308 3115 altaribus,
3344 3041 3430 3096 vel
3468 3041 3777 3096 indiscusse

2189 3148 2249 3187 se
2286 3132 2538 3203 ingeram
2576 3134 2936 3188 sacramentis
2968 3132 3204 3200 divinis,
3236 3131 3475 3201 exceptis
3516 3130 3646 3195 illis,
3677 3130 3772 3199 qui

2187 3239 2486 3294 corporum
2539 3223 2975 3278 incommoditati
3023 3223 3232 3289 dediti,
3289 3222 3409 3278 sine
3452 3219 3772 3291 huiusmodi

2184 3314 2537 3385 passionibus
2571 3315 2625 3369 iu
2664 3324 2808 3369 terra
2844 3313 3149 3385 probantur
3181 3313 3338 3381 elisi,
3376 3312 3471 3383 qui
3503 3320 3684 3366 tamen
3719 3316 3776 3363 et

2183 3405 2287 3475 ipsi
2332 3405 2518 3460 tandiu
2574 3413 2736 3459 erunt
2790 3405 2859 3459 ab
2916 3403 3077 3459 ofﬁcii
3141 3404 3223 3459 sui
3286 3403 3479 3460 ordine
3552 3411 3605 3456 et
3654 3401 3777 3455 loco

2182 3496 2457 3567 suspensi,
2472 3513 2761 3567 quousque
2794 3496 2959 3551 unius
2984 3495 3113 3549 anui
3140 3481 3336 3565 spatio,
3370 3509 3466 3565 per
3491 3491 3778 3547 discretio-

2185 3605 2308 3643 nem
2361 3588 2646 3659 episcOpi,
2698 3588 3050 3642 inveniantur
3097 3587 3167 3642 ab
3202 3588 3430 3643 incursu
3462 3586 3775 3641 damouum

2185 3681 2402 3737 liberati
2425 3682 2495 3739 ".

2550 3771 2628 3826 De
2669 3771 3029 3827 oblationibus
3073 3770 3414 3841 populorum.

2338 3881 2418 3937 Ex
2453 3882 2643 3939 codice
2678 3884 2711 3937 5
2745 3883 3036 3950 librorum,
3071 3882 3215 3937 libro
3251 3899 3311 3950 ιι,
3350 3898 3471 3954 cap.
3504 3882 3628 3937 117.

2255 3972 2329 4030 Ut
2361 3976 2429 4030 de
2461 3974 2833 4030 oblationibus
2868 3990 2991 4045 qua:
3039 3974 3345 4029 offeruntur
3391 3991 3423 4029 a
3461 3976 3684 4046 populo,
3720 3988 3776 4031 et

2182 4066 2696 4123 consecrationibus
2739 4082 2863 4135 qua:
2916 4076 3244 4136 supersunt,
3300 4066 3387 4120 vel
3429 4067 3497 4121 de
3539 4067 3776 4137 panibus

2182 4156 2327 4231 quos
2369 4158 2623 4214 deferunt
2671 4158 2856 4213 ﬁdeles
2902 4158 2972 4212 ad
3018 4158 3343 4224 ecclesiam,
3379 4157 3466 4211 vel
3515 4167 3661 4213 certe
3706 4158 3776 4212 de

2183 4251 2337 4318 suis,
2375 4250 2657 4321 presbyter
2692 4250 3081 4304 convenienter
3117 4260 3299 4319 partes
3337 4248 3541 4304 incisas
3576 4248 3777 4303 habeat

2185 4346 2240 4399 in
2274 4360 2405 4399 vase
2452 4342 2629 4397 nitido
2676 4354 2731 4398 et
2774 4342 3159 4409 convenienti,
3205 4350 3267 4396 ut
3320 4350 3444 4412 post
3480 4342 3774 4395 missarum

470 4429 613 4505 sine
645 4445 813 4484 causa
855 4441 909 4485 et
942 4439 1089 4485 certa
1125 4431 1448 4500 probatione
1482 4431 1836 4497 interfecerit,
1881 4434 2077 4488 aliam-
2110 4448 2156 4503 ι)
2185 4436 2473 4503 solemnia,
2527 4436 2624 4506 qui
2677 4434 3092 4489 communicare
3144 4448 3253 4487 non
3311 4433 3518 4513 fuerint
3570 4434 3772 4502 parati,

444 4515 450 4521 ’
492 4538 600 4593 que
644 4521 865 4576 duxerit
912 4537 1173 4588 uxorem,
1225 4524 1396 4578 armis
1443 4523 1749 4593 depositis,
1799 4526 2076 4594 publicam

493 4624 621 4684 agat
666 4615 1065 4684 pmnitentiam.
1103 4616 1169 4670 Et
1204 4616 1249 4670 si
1286 4627 1585 4671 contumax
1630 4617 1831 4685 fuerit,
1875 4628 1929 4673 et
1961 4620 2082 4689 epi-

488 4722 665 4778 scopo
712 4723 816 4763 suo
850 4708 1174 4765 inobediens
1207 4709 1517 4777 exstiterit,
1566 4710 2087 4778 anathematizetur,

564 4867 609 4896 ’⁸
640 4881 730 4920 an.
761 4864 887 4920 165.

487 4951 561 4991 ex
591 4936 846 5003 Carthag.
882 4950 965 4999 Ill,
1013 4951 1136 4989 can.
1162 4932 1228 5003 4';
1262 4937 1429 4989 altera
1445 4932 1526 4990 'ex
1562 4935 1740 4990 Milev.
1775 4952 1838 4999 ιι,
1869 4952 1993 4989 «tan.
2016 4935 2115 4995 26;
2157 4935 2315 4988 tertia
2349 4950 2411 4987 ex
2448 4934 2607 5002 epist.
2642 4932 2712 4985 XI
2774 4932 2954 4987 Getas.
2988 4948 3108 5001 cap.
3141 4934 3227 4987 1‘2.

1292 5007 1334 5039 ³³
1372 5006 1724 5076 Desumptum
1765 5015 1847 5059 est
1890 5021 1954 5059 ex
2011 5003 2086 5076 lic

2186 5004 2234 5076 la
2277 5003 2594 5076 Iustiniani.
2671 5005 2716 5076 ³³ξ
2762 5004 3136 5076 22,q.5:Qui
3168 5003 3490 5071 compulsus.

488 5009 609 5077 quis
640 5023 731 5076 per
770 5006 1021 5075 capillum
1064 5006 1182 5059 Dei.

2182 4528 2432 4597 eulogias
2487 4527 2637 4580 omni
2672 4526 2760 4580 die
2795 4525 3120 4590 Dominico,
3156 4534 3211 4579 et
3261 4525 3316 4579 in
3365 4524 3559 4578 diebus
3616 4522 3774 4578 festis

2186 4618 2383 4672 exinde
2447 4616 2739 4686 accipiant,
2807 4630 2930 4673 uua:
2993 4630 3121 4669 cum
3178 4613 3560 4669 benedictione
3615 4613 3774 4684 prius

2189 4707 2357 4763 faciat
2380 4709 2446 4760 ⁵³.

963 4865 1008 4897 ’θ
1041 4864 1132 4931 20,
1156 4881 1212 4935 q.
1246 4866 1268 4919 1
1301 4883 1315 4920 :
1345 4864 1585 4935 Virgines
1614 4881 1717 4918 non
1744 4864 2013 4919 velentur:
2044 4872 2097 4917 et
2121 4863 2174 4917 iu
2202 4861 2357 4918 Decr.
2385 4866 2534 4935 lvon.
2562 4862 2812 4935 lib._r_n._
2845 4860 2887 4935 ξο
2912 4860 3087 4931 Huius
3110 4862 3310 4935 decreti
3352 4864 3502 4935 prior
3531 4878 3658 4935 pars
3687 4870 3770 4935 est

3340 4935 3382 4964 ³¹
3413 4933 3505 4997 22,
3620 4934 3641 4984 1
3668 4951 3680 4985 :
3710 4931 3771 4987 Si

3340 5003 3490 5055 ilsus.
3584 5002 3631 5033 ³⁸
3660 5003 3773 5055 An-

490 5074 701 5133 selmus
725 5074 922 5141 lib.xr,
946 5093 1067 5145 cap.
1100 5078 1191 5138 65,
1232 5079 1336 5131 hoc
1364 5078 1496 5132 citat
1526 5074 1593 5130 ex
1633 5075 1998 5129 Pwnitentiali
2027 5074 2321 5139 Theodori,
2352 5086 2411 5129 ut
2440 5074 2895 5145 Burchardus,_et
2921 5075 3013 5145 lvo
3042 5076 3290 5145 sequenti
3322 5076 3519 5145 capite.
3546 5144 3561 5145 γ
3598 5074 3643 5104 ³³
3676 5076 3770 5139 ‘22,

492 5164 551 5217 q.
577 5151 639 5201 5:
672 5148 777 5214 Qui
811 5143 1031 5215 peierat}
1100 5146 1153 5217 f3
1177 5146 1456 5201 Laudatur
1492 5148 1546 5200 in
1577 5148 1799 5217 collect.
1818 5146 2060 5217 Anselmi
2076 5154 2333 5213 tanquam
2350 5162 2414 5201 ex
2430 5143 3113 5217 Ριεηὶιειιῑὶαιὶ-ἹῚιθοάονξἼ

1945 5215 1989 5246 ³⁸
2021 5214 2095 5267 De
2128 5230 2359 5284 consecr.
2409 5216 2650 5270 distinct.
2677 5219 2740 5269 ‘2:
2775 5213 2833 5267 Si
2859 5231 2951 5284 per
2979 5213 3386 5283 negligentiam;
3419 5224 3471 5268 et
3506 5215 3559 5268 in
3610 5214 3766 5266 Decr.

491 5214 591 5286 que
614 5214 905 5287 propriam.
1007 5216 1051 5248 ³⁸
1082 5214 1381 5285 Capitular.
1419 5219 1513 5271 lib.
1540 5233 1577 5278 ι,
1601 5232 1652 5271 c.
1706 5216 1832 5270 500.

494 5288 586 5318 'Iv1\
647 5290 717 5318 Ιῖῑι
779 5305 790 5318 ι
916 5286 960 5318 ιο
990 5285 1065 5318 περ
1123 5286 1461 5318 υωιιὶιηηοὶηΙ
1516 5285 1787 5318 ’Ὧι-ωηιηή

492 5285 620 5341 lvo.
646 5285 737 5341 lib.
778 5305 815 5342 ι.
916 5286 960 5318 ⁶⁰
990 5285 1065 5339 Ex
1117 5286 1481 5341 Pcenitential.
1516 5285 1811 5353 Theodori,
1845 5300 1968 5354 cap.
1998 5286 2086 5338 51.

495 5364 540 5393 δ’
578 5358 671 5413 lvo
708 5371 761 5426 p.
803 5370 875 5419 Il.
931 5368 984 5409 ε.
1041 5351 1176 5420 iis,
1236 5362 1340 5413 hoc
1365 5359 1557 5412 tribuit
1580 5357 1697 5411 Pio.
1806 5356 1855 5388 ⁴⁵³
1885 5354 1984 5410 Pio
2013 5356 2080 5411 tri

495 5534 705 5605 primus
728 5532 805 5603 (a)
832 5531 1422 5605 Vriennensigecclcsize
1453 5532 1774 5605 episcopus,
1798 5529 2077 5600 apostolo-

495 5601 618 5660 rum
649 5601 973 5672 disCipulus,
1005 5605 1097 5671 qui
1131 5601 1353 5672 Traiani
1400 5612 1644 5671 tempore
1692 5603 2071 5672 epismpaturn

493 5676 617 5741 ejus
644 5670 903 5727 Ecclesia:
935 5670 1165 5743 accepit,
1194 5670 1250 5728 et
1277 5673 1343 5727 ad
1376 5674 1494 5728 haec
1518 5670 1692 5743 usque
1716 5682 1961 5741 tempora
1993 5670 2072 5725 illi

498 5743 736 5816 praefuit.
781 5744 909 5799 Sev.
938 5741 1057 5796 Bm.

562 5897 637 5964 (ui
667 5899 793 5949 Dele
832 5898 961 5948 hanc
979 5908 1169 5954 vocem,
1193 5899 1236 5949 si
1261 5910 1379 5949 vera
1396 5894 1617 5948 narravit
1637 5896 1745 5949 Ade
1770 5896 1821 5946 in
1846 5894 2107 5947 Chronico.

3194 5144 3237 5174 ³⁷
3267 5145 3357 5208 55,
3384 5160 3438 5213 q.
3467 5144 3502 5196 2
3529 5144 3769 5209 Quicun-

2200 5283 2242 5315 δ’
2274 5286 2515 5340 distinct.
2559 5303 2571 5337 :
2601 5283 2964 5340 Communiter
3002 5285 3309 5353 ili/ﬁnimus,
3338 5295 3398 5337 ut
3424 5285 3625 5351 nullus,
3660 5293 3767 5339 etc.

1806 5356 1855 5388 ⁴³
1885 5354 1984 5410 Pio
2013 5354 2271 5411 tribuitur
2297 5358 2366 5410 ab
2391 5358 2575 5413 lvone.

2256 5531 2369 5603 (14)
2425 5531 2653 5587 Senatus
2700 5550 2919 5604 pauper.
2976 5533 3033 5587 ld
3065 5540 3170 5604 est,
3221 5548 3443 5589 sacrum
3478 5532 3768 5603 collegium

2174 5601 2628 5682 pgeSbyterurum,
2651 5601 2714 5661 ac
2733 5614 3051 5662 cmterorum
3076 5601 3342 5662 Romanae
3370 5601 3641 5663 Ecclesiae
3656 5604 3770 5661 cleo

2186 5674 2447 5727 ricorum.
2478 5674 2554 5725 lo.
