4142 6406
454 396 592 453 1129

1238 400 1510 457 ΑΜΕΕΤΙ
1548 398 1749 456 ΡΑΡᾸΞ
1784 400 2122 457 EPISTQLA
2169 401 2259 455 AD
2291 401 2566 459 GALLUE
2608 402 2830 461 EPISC.

3572 404 3712 459 ΗΜ

486 509 1808 584 Deconsuetudinesm'anda,quwnonestcontra
1825 515 2004 583 ﬁdem.
2064 527 2109 581 Α
2138 530 2276 585 quas
2330 531 2360 569 a
2392 514 2535 570 Petri
2572 517 2943 586 apostolorum
2990 516 3256 586 principis
3307 518 3713 575 ordinationum

590 599 669 654 Ex
703 602 893 657 codice
920 602 987 655 16
1023 604 1309 668 librorum,
1348 607 1486 660 lihro
1522 622 1611 670 ιιι,
1648 621 1768 675 cap.
1794 606 1883 662 i9.

516 691 561 722 δι
586 690 806 748 Petistis
848 710 945 764 per
979 694 1245 751 Hilarium
1299 698 1695 753 chartularium
1750 709 2024 765 nostrum,

443 796 472 835 ιι
508 782 677 836 beata;
724 785 1000 839 memoriae
1035 788 1435 855 praedecessore
1468 799 1692 855 nostro,
1742 800 1800 844 ut
1834 805 2025 845 omnes

447 872 599 927 vobis
650 885 794 927 retro
828 886 1134 944 temporum
1172 878 1598 935 consuetudines
1650 890 2022 945 servarentur,

511 1050 558 1082 ⁸⁸⁸
588 1051 683 1107 Est
717 1068 783 1107 ex
818 1055 978 1123 epist.
1003 1056 1063 1110 S.
1095 1057 1255 1127 Greg.
1280 1059 1379 1114 lib.
1413 1076 1453 1124 ι,
1478 1077 1564 1130 ep.
1597 1062 1682 1116 75.

1752 1064 1796 1093 ⁸⁵
1830 1064 2072 1118 distinct.
2107 1065 2166 1117 ll

2140 607 2317 662 initiis
2374 608 2641 663 hactenus
2694 618 2941 663 vetustas
2986 607 3147 679 longa
3203 610 3457 666 servavit.
3515 610 3581 666 Et
3616 629 3717 668 nos

2136 700 2378 770 quidem,
2412 700 2567 768 juxta
2603 701 2798 755 seriem
2836 700 3116 755 relationis
3151 710 3366 766 vestrae,
3403 704 3450 734 ’⁸⁸
3474 718 3713 759 consuc-

2135 793 2377 847 tudinem
2416 794 2707 848 laudamus
2730 836 2745 858 ,
2804 809 2927 863 qua:
2973 802 3155 848 tamen
3190 804 3383 850 contra
3417 795 3579 851 ﬁdem
3616 811 3715 850 ca-

2136 885 2395 938 tholicam
2434 885 2568 938 nihil
2606 901 2872 955 usurpare
2906 884 3266 955 dignoscitur.

2232 1085 2245 1116 :
2281 1064 2727 1119 Consuetudinem
2781 1067 2930 1119 laud.
2960 1066 3028 1119 Et
3061 1068 3114 1119 in
3156 1066 3303 1121 Decr.
3330 1069 3480 1121 lvon.
3514 1067 3605 1120 lib.
3647 1082 3708 1122 ιι.

463 1217 3701 1273 W

1264 1389 1522 1547 AN
1529 1393 2207 1552 ICETUS
2317 1398 2386 1547 Ι
2477 1395 2969 1554 ΡΑΡΑ

1816 1748 2325 1841 ΝΟΤΙΤΙΑ

426 1943 701 2010 (Exlibtp
731 1945 1005 2007 pontiﬁcali
1045 1946 1245 2010 Damasi
1276 1943 1758 2010 papm,ap_.__hl.tast,
1787 1941 1996 2010 (Ιοησίι.ζ
2032 1942 2072 2010 _I,
2103 1942 2289 2010 ‘681.—
2323 1940 2782 2010 Vide_1’atrologitz_
2812 1942 2994 2010 Latina:
3019 1949 3054 1992 t.
3096 1943 3327 2005 CXXVII,
3352 1944 3447 1993 col.
3483 1944 3622 2005 1205,
3657 1947 3706 1995 io

1220 2005 1896 2057 AnaStasio'Bibliothecario
1914 2007 2001 2067 qui
2021 2005 2283 2054 Anicetum
2309 2012 2427 2054 ante
2452 2006 2596 2054 Pium
2622 2006 2641 2054 l
2666 2005 2851 2068 ponit.)

499 2157 763 2211 Anicetus
798 2154 1016 2209 natione
1054 2153 1225 2226 Syrus
1247 2199 1259 2221 ,
1291 2172 1353 2210 ex
1381 2165 1536 2225 patre
1565 2154 1776 2226 Joanne
1804 2153 1871 2209 de
1898 2155 2020 2210 vico
2050 2153 2320 2221 Humisia,
2356 2155 2498 2209 sedit
2529 2168 2708 2226 annos
2734 2155 3017 2221 undecim,
3051 2161 3551 2226 menses_quatuor,
3583 2158 3703 2212 dics

423 2234 557 2283 tres.
595 2226 723 2279 Fuit
749 2234 932 2279 autem
965 2224 1304 2294 temporibus
1337 2224 1460 2279 veri
1502 2234 1558 2280 et
1586 2225 1779 2289 Marci,
1827 2240 1857 2278 a
1898 2226 2188 2280 consulatu
2232 2226 2501 2281 Gallicani
2547 2234 2602 2279 et
2648 2224 2883 2290 Veteris,
2932 2240 3106 2294 usque
3147 2225 3217 2278 ad
3260 2224 3589 2294 Praesentem
3648 2236 3703 2281 et

425 2298 704 2353 iiulinum.
742 2295 843 2350 Hic
883 2293 1166 2350 constituit
1202 2304 1262 2350 ut
1296 2298 1530 2351 clericus
1571 2310 1785 2350 comam
1822 2311 1931 2350 non
1970 2296 2221 2360 nutriret,
2262 2296 2565 2351 secundum
2598 2304 2928 2365 praeceptum
2968 2293 3235 2365 Apostoli.
3266 2293 3366 2349 Hic
3397 2294 3524 2350 fecit
3553 2298 3704 2352 ordi-

422 2370 676 2423 nationes
699 2368 941 2437 quinque
970 2381 1065 2435 per
1098 2382 1341 2437 mensem
1386 2366 1762 2431 Decembrem,
1815 2366 2165 2437 presbyteros
2204 2366 2616 2434 septemdecim,
2651 2365 2933 2437 diaconos
2958 2375 3223 2437 quatuor,
3262 2366 3552 2434 episcopos
3605 2384 3700 2436 per

420 2440 639 2494 diversa
675 2434 794 2492 loca
830 2434 1048 2491 novem.
1080 2436 1185 2502 Qui
1227 2438 1393 2492 etiam
1431 2438 1568 2491 obiit
1597 2434 1829 2506 martyr,
1872 2444 1927 2506 et
1971 2434 2218 2505 sepultus
2246 2444 2331 2490 est
2360 2437 2413 2490 in
2446 2436 2766 2491 cmmeterio
2798 2434 3032 2501 Callisti,
3070 2435 3157 2488 via
3198 2434 3394 2504 Appia,

3447 2437 3699 2492 decimo-

419 2511 619 2581 quinto
644 2507 871 2563 Kalend.
899 2506 1090 2562 Maias.
1119 2506 1187 2561 Et
1216 2508 1455 2563 cessavit
1482 2505 1833 2577 episcopatus
1862 2505 1981 2561 dies
2014 2506 2420 2575 septemdecim.

1445 2760 2090 2945 ANICETI
2182 2816 2631 2943 PAPAE.

728 3080 1422 3195 EPISTOLA
1504 3082 1691 3195 AD
1763 3078 2325 3193 GALLUE
2404 3078 3176 3193 EPISCOPOS
3224 3136 3357 3211 (45).

1654 3240 1655 3243 “
1714 3262 1910 3322 (ΜΑΝει,
1932 3259 2134 3321 Concil.,
2163 3263 2200 3321 ι,
2225 3258 2359 3322 685.)

414 3368 765 3424 Declectione
789 3376 837 3420 et
864 3368 1201 3421 ordinatione
1242 3368 1622 3437 archiepiscopi
1664 3378 1713 3420 et
1765 3378 2075 3439 cancrorum
2111 3367 2501 3439 episcoporum,
2546 3377 2596 3422 et
2658 3378 2715 3421 ut
2756 3368 3178 3439 archiepiscopus
3234 3370 3430 3439 absque
3473 3373 3691 3425 consilia

734 3450 1045 3492 ceterorum
1080 3440 1211 3492 nihil
1242 3457 1394 3509 agere
1417 3447 1705 3507 pra’sumat
1732 3440 1796 3490 de
1826 3438 2001 3490 causis
2026 3453 2206 3490 eorum
2241 3437 2350 3490 nisi
2384 3447 2591 3491 tantum
2624 3440 2689 3492 de
2712 3457 2810 3493 sua
2836 3440 3055 3508 speciali
3080 3437 3355 3509 parochia;

480 3593 869 3649 "Anicetus"
896 3593 1170 3649 universis
1213 3591 1473 3647 Ecclesiis
1516 3606 1614 3661 per
1642 3589 1829 3646 Gallia:
1872 3604 2002 3659 pro-
2038 3601 2078 3655 Β
2107 3601 2295 3648 tuente
2323 3591 2583 3659 Domino,
2612 3592 2920 3659 tradidisse,
2970 3608 3080 3648 non
3133 3609 3165 3648 a
3215 3594 3399 3649 minus
3444 3610 3609 3665 quam
3659 3613 3691 3651 ιι

408 3685 619 3740 vincias
645 3684 981 3749 constitutis,
1019 3685 1072 3737 in
1105 3684 1335 3738 Domino
1364 3683 1616 3738 salutem.

482 3777 756 3832 Bonorum
806 3793 1031 3847 operum
1072 3786 1127 3831 et
1165 3777 1209 3808 ⁸³
1268 3776 1638 3846 spiritualium
1685 3774 1993 3832 studiorum

407 3868 578 3923 Deum
611 3879 891 3925 auctorem
924 3885 1065 3935 esse,
1119 3885 1229 3924 non
1274 3868 1504 3924 dubium
1551 3877 1656 3930 est,
1697 3867 1792 3937 qui
1830 3867 1995 3922 bono-

404 3977 528 4016 rum
564 3964 848 4018 hominum
878 3963 1068 4018 incitat
1114 3970 1323 4016 mentes
1359 3968 1415 4015 et
1449 3960 1673 4031 adjuvat
1723 3960 1989 4015 actiones.

402 4052 563 4121 Quod
594 4056 754 4111 nobis
812 4055 1093 4110 evidenter
1128 4053 1401 4124 apparuit,
1434 4068 1561 4108 cum
1609 4053 1752 4107 inter
1777 4051 1991 4122 longin-

400 4162 511 4216 qua
541 4148 712 4217 spatia
742 4148 1052 4218 regionum,
1087 4163 1257 4201 unum
1289 4146 1458 4201 corda
1494 4154 1674 4201 vestra
1698 4151 1993 4200 senserunt

399 4239 714 4304 consilium,
757 4247 813 4293 et
862 4254 985 4309 quae
1049 4238 1447 4293 desiderabatis
1508 4252 1816 4307 responsa,
1879 4251 1985 4290 non

399 4333 566 4385 unius
616 4332 710 4385 sed
745 4331 1110 4400 plurimorum
1143 4331 1385 4400 epistolae
1417 4329 1761 4383 intimarunt.

437 4534 511 4588 De
534 4534 960 4588 ordinationibus
984 4534 1368 4603 episcoporum,
1391 4532 1525 4585 etde
1545 4532 1720 4584 causis
1744 4546 1945 4584 earum.

467 4625 545 4681 De
573 4626 1014 4681 ordinationibus
1046 4641 1179 4680 vero
1208 4624 1618 4694 episcoporum,
1647 4637 1816 4691 super
1862 4622 1985 4693 qui-

394 4717 497 4771 bus
520 4731 622 4771 nos
662 4716 949 4770 consulere
991 4713 1264 4779 voluistis,
1305 4714 1436 4767 olim
1472 4713 1525 4766 in
1557 4712 1735 4766 sancti
1771 4710 1981 4779 prinde-

393 4811 631 4867 cessoris
683 4810 857 4865 nostri
916 4809 1167 4864 Anacleti
1231 4806 1671 4861 ordinationibus
1732 4804 1981 4874 quaedam

388 4904 502 4972 jam
540 4903 758 4957 decreta
806 4901 1110 4971 reperimus
1144 4901 1210 4954 δ’.
1265 4898 1486 4954 Scimus
1529 4897 1676 4951 enim
1729 4895 1982 4950 beatissi-

2099 3684 2277 3740 tribus
2321 3684 2617 3754 episcopis,
2658 3684 2979 3754 epiSCOpum
3022 3684 3270 3740 ordinari
3317 3686 3536 3741 debere.
3582 3685 3690 3742 Sed

2095 3786 2374 3831 crescente
2411 3790 2645 3831 numero
2670 3775 3075 3845 episcoporum,
3118 3776 3223 3831 nisi
3259 3777 3558 3833 necessitas
3605 3778 3691 3832 in-

2094 3867 2409 3931 tervenerit,
2454 3867 2657 3922 debent
2707 3866 2875 3921 etiam
2918 3866 3105 3936 plures
3145 3868 3357 3938 augeri,
3409 3868 3463 3923 id
3498 3878 3606 3937 est,
3638 3871 3687 3925 si

2095 3958 2541 4029 archiepiscopus
2602 3959 2748 4013 diem
2788 3958 3007 4021 obierit,
3052 3968 3109 4014 et
3166 3960 3303 4014 alter
3339 3961 3685 4016 ordinandus

2094 4050 2548 4121 archiepiscopus
2601 4050 2810 4105 electus
2866 4050 3051 4118 fuerit,
3100 4051 3148 4083 ⁵⁸
3195 4066 3388 4106 omnes
3435 4051 3684 4122 ejusdem
3748 4120 3757 4128 ν

2092 4142 2388 4211 provincia:
2423 4144 2667 4213 cpisc0pi
2721 4144 2788 4199 ad
2832 4144 3017 4199 sedem
3058 4144 3426 4214 metropoleos
3479 4159 3683 4201 conve-

2090 4234 2268 4300 niant,
2302 4245 2361 4289 ut
2386 4234 2455 4289 ab
2482 4236 2741 4291 omnibus
2770 4236 2885 4306 ipse
2913 4236 3220 4292 ordinetur.
3254 4237 3299 4268 '“
3321 4238 3546 4307 Oportet
3589 4253 3685 4293 au-

2091 4335 2201 4381 tem
2258 4335 2319 4381 ut
2376 4327 2512 4396 ipse,
2556 4327 2653 4397 qui
2696 4328 2805 4383 illis
2837 4328 3097 4384 omnibus
3126 4343 3363 4399 praeesse
3401 4330 3584 4395 debet,
3612 4330 3683 4385 ab

2090 4441 2349 4496 omnibus
2401 4441 2510 4496 illis
2556 4442 2790 4512 eligatur
2836 4452 2892 4497 et
2933 4443 3235 4500 ordinetur.
3286 4444 3504 4515 Reliqui
3546 4461 3682 4503 vero

2086 4533 2578 4600 comprovinciales
2612 4535 2879 4605 episcopi,
2926 4536 2971 4589 si
3018 4552 3245 4592 necesse
3286 4537 3474 4601 fuerit.
3513 4550 3678 4595 caete-

2087 4620 2164 4675 ris
2196 4622 2692 4692 consentientibus,
2738 4640 2768 4678 a
2821 4625 3019 4689 tribus,
3062 4626 3223 4695 jussu
3253 4628 3674 4699 archiepiscOpi,

2084 4714 2396 4768 consecrari
2455 4724 2684 4783 possmt
2730 4715 3025 4785 episcopis.
3087 4716 3193 4772 Sed
3230 4718 3426 4773 melius
3468 4728 3574 4787 est,
3624 4722 3674 4776 si

2084 4804 2202 4873 ipse
2227 4820 2351 4859 cum
2382 4806 2660 4869 omnibus,
2696 4821 2821 4861 eum
2852 4807 2947 4875 qui
2972 4806 3171 4877 dignus
3197 4816 3301 4872 est,
3332 4811 3581 4879 elegerit,
3618 4821 3675 4866 ct

2084 4898 2268 4952 cuncti
2293 4898 2497 4967 pariter
2518 4899 2856 4953 sacraverint
2888 4900 3223 4969 pontiﬁcem.
3255 4900 3321 4954 Et
3344 4901 3470 4955 licet
3501 4902 3668 4969 istud,

394 5010 545 5048 mum
574 4991 864 5057 Iacobum,
899 4991 991 5061 qui
1023 4992 1307 5046 dicebatur
1334 4989 1545 5053 Justus,
1576 4989 1670 5059 qui
1704 4988 1868 5042 etiam
1894 5002 1979 5041 se-
2007 4967 2053 5027 (ἶ
2085 4991 2413 5045 necessitate
2459 5000 2706 5061 cogente,
2748 5005 3076 5045 concessum
3120 4991 3227 5054 sit,
3281 4992 3414 5045 illud
3458 5002 3665 5061 tamen,

392 5088 634 5141 cundum
671 5100 894 5140 carnem
927 5082 1098 5137 frater
1144 5081 1362 5135 Domini
1404 5088 1755 5149 nuncupatus
1798 5087 1902 5145 est,
1951 5094 1982 5133 a
2078 5082 2225 5153 quod
2247 5084 2314 5137 de
2346 5084 2746 5153 archiepiscopi
2781 5085 3199 5139 consecratione
3227 5085 3547 5154 praedictum
3582 5094 3669 5142 est

390 5178 577 5243 Petro,
626 5175 830 5231 Iacobo
877 5184 932 5229 et
984 5172 1195 5228 Joanne
1236 5173 1520 5242 apostolis,
1567 5170 1978 5241 Hierosolymo-
2074 5185 2239 5245 atque
2269 5183 2623 5244 praeceptum,
2654 5175 2832 5241 idest,
2868 5183 2927 5229 ut
2959 5189 3152 5231 omnes
3181 5176 3507 5245 suil’raganei
3537 5193 3662 5233 eum

389 5287 513 5325 rum
538 5271 858 5340 episcopum
897 5282 1020 5322 esse
1055 5266 1392 5321 ordinatum.
1436 5263 1492 5319 Si
1520 5273 1701 5318 autem
1735 5278 1844 5318 non
1876 5263 1979 5316 mi-
2075 5268 2353 5331 ordinent,
2393 5269 2711 5324 nullatenus
2744 5268 3025 5323 immutari
3062 5270 3220 5336 licet;
3254 5269 3384 5339 quia
3416 5270 3510 5340 qui
3552 5269 3662 5324 illis

348 5330 370 5388 θ
390 5378 496 5419 nus
522 5330 688 5433 qdam
716 5330 747 5415 a
786 5360 965 5416 tribus
1004 5357 1267 5429 apostolis
1304 5366 1490 5411 tantus
1521 5356 1604 5409 vir
1629 5353 1733 5409 iuit
1755 5354 1977 5409 ordina-
2072 5366 2291 5427 praeest,
2316 5359 2384 5413 ab
2410 5360 2669 5414 omnibus
2701 5359 2996 5429 episcopis,
3025 5330 3229 5430 quibus
3251 5330 3469 5429 praeest,
3499 5360 3661 5414 debet

391 5464 481 5511 tus
532 5456 847 5525 episcopus,
902 5460 1052 5523 patet
1098 5448 1344 5520 profecto
1395 5464 1492 5504 eos
1531 5446 1784 5512 formam,
1815 5448 1964 5503 insti-
2072 5450 2355 5505 constitui.
2422 5448 2519 5504 Sin
2572 5451 2727 5506 aliter
2785 5460 3175 5521 praesumptum
3220 5450 3405 5516 fuerit,
3446 5451 3656 5505 viribus

386 5575 436 5607 “
458 5574 513 5629 in
546 5588 680 5628 mss.
706 5588 851 5643 saepe
873 5572 1117 5625 Anicitus
1151 5570 1445 5643 scribitur;
1479 5640 1488 5643 _
1502 5569 1580 5643 _in_
1600 5569 1947 5643 qpibusdam‘
1974 5568 2208 5643 Anicius,
2249 5571 2328 5626 sic
2360 5570 2524 5643 etiam
2551 5579 2716 5625 recte.
2755 5570 2927 5626 iisan.
3041 5570 3087 5643 ⁸7
3119 5573 3175 5643 in
3200 5587 3305 5643 ms.
3334 5578 3524 5643 nostro
3547 5568 3655 5643 hoc

386 5646 509 5723 loco
535 5638 864 5723 {iniciusfet
887 5644 943 5695 in
981 5643 1159 5723 titulo.
1199 5640 1400 5723 ῌίιιιειι..
1476 5640 1521 5670 ⁸⁸
1546 5638 1603 5694 S.
1634 5638 1743 5723 [δέξο
1767 5655 1852 5710 ep.
2066 5641 2112 5676 δ’
2143 5640 2319 5723 Supra
2348 5643 2416 5723 in_
2442 5641 2478 5694 2
2502 5642 2692 5723 Αιιειοι.
2720 5644 2967 5713 epistola.
3044 5642 3090 5673 ⁵ο
3117 5642 3473 5723 66,_distinct.
3512 5659 3525 5694 :
3551 5639 3657 5691 Ar-

386 5718 746 5785 chiepiscopus
770 5714 835 5767 ab
870 5713 1133 5766 omnibus.
1211 5713 1256 5743 “
1284 5711 1342 5766 S.
1378 5710 1489 5766 Leo
1517 5726 1603 5780 ep.
1635 5711 1724 5776 89,
1746 5726 1868 5779 cap.
1890 5711 1941 5765 5.
1966 5709 2136 5766 Conc.
2164 5709 2238 5765 ut
2257 5712 2441 5767 Aurel.
2473 5728 2523 5767 c.
2556 5712 2608 5766 5.

460 5816 575 5901 (ιῦ)
616 5827 1033 5899 Supposititiam
1060 5835 1289 5882 censent
1317 5826 1422 5881 viri
1456 5826 1674 5882 eruditi.

706 5925 979 5984 Ριτιιοι..
1052 5922 1169 5983 Gn.
1211 5922 1290 5985 V.

3246 5914 3323 5972 36
