4142 6396
427 423 558 480 1133

1589 422 1879 481 SOTERIS
1920 427 2118 481 ΡΑΡᾸΞ
2156 426 2532 483 EPISTULA).

3548 432 3682 487 HM

420 544 766 616 radant(48);
792 546 920 615 quia
940 545 1313 600 sicutdiscrcti
1341 547 1539 601 debent
1564 551 1753 603 essein
1774 566 2002 603 conver-
2033 571 2074 626 Α
2108 550 2448 604 terrestrium
2509 559 2563 603 et
2601 548 2961 615 infernorum,
2999 560 3053 606 et
3086 554 3268 607 omnis
3296 552 3480 623 lingua
3512 555 3686 607 conti-

419 637 664 702 satione,
724 636 797 690 ita
827 649 880 690 et
924 636 977 689 in
1017 646 1242 689 tonsura
1274 645 1327 689 ct
1354 639 1502 691 omni
1546 640 1732 692 habitu
1772 640 1991 693 discreti

416 732 614 785 debent
636 748 919 801 apparere.
951 731 1077 785 "me
1094 732 1271 796 vobis,
1306 732 1521 798 fratres,
1554 749 1613 787 ut
1644 734 1877 803 petistis,
1900 750 1993 788 cu—

420 824 705 877 stodienda
734 825 1004 877 mittimus
1030 868 1043 887 ,
1069 834 1123 878 et
1161 826 1438 879 custodire
1465 828 1817 895 przccipimus
1839 868 1853 889 ,
1887 846 1904 876 ι
1938 838 1996 879 ιιι

421 914 474 967 in
510 915 731 967 nomine
779 913 906 968 Jesu
958 931 1121 969 omne
1165 932 1302 986 genu
1354 916 1631 979 ﬂectatur,
1658 919 1998 983 cmlcstittm,

488 1026 531 1056 ⁸⁵
555 1025 789 1096 Philipp.
818 1045 879 1090 tt,
911 1028 996 1088 10,
1032 1027 1117 1081 Η.

418 1149 600 1213 autem
660 1144 945 1206 novacula,
1002 1144 1392 1213 utcolligimus
1438 1159 1503 1196 ex
1549 1143 1831 1197 Clemente
1872 1144 1996 1196 Ale-

416 1212 609 1282 xandr.
643 1212 733 1265 lib.
780 1228 836 1265 ιιι
884 1212 1362 1282 Ριινάιιροθίίρίιτι.
1416 1214 1503 1277 li,
1548 1214 1641 1282 qui
1682 1213 1763 1267 sic
1810 1214 1985 1267 dicit:

425 1299 443 1331 ι
476 1281 576 1333 Pili
609 1283 864 1336 tondendi
902 1281 1065 1344 sunt,
1110 1300 1216 1337 non
1247 1284 1534 1345 novacula,
1567 1281 1673 1337 sed
1706 1293 1990 1336 tonsorum

416 1352 722 1405 forﬁcibus.
766 1372 782 1403 ι
819 1354 945 1406 Item
976 1368 1041 1407 ex
1076 1353 1273 1422 Optato
1311 1355 1620 1407 Milevitano
1645 1353 1740 1408 lib.
1783 1370 1821 1405 ιι
1851 1354 1991 1406 Con-

418 1422 941 1505 trafarmcnianmn
960 1465 974 1487 ,
1007 1425 1097 1477 ubi
1138 1426 1316 1505 arguit
1346 1424 1689 1504 Donatistas.
1721 1424 1867 1492 quod
1889 1440 1989 1505 ca-

416 1493 634 1547 tholicis
656 1494 1030 1547 sacerdotibus
1053 1511 1147 1562 per
1173 1493 1281 1548 vim
1308 1495 1485 1562 capita
1516 1494 1753 1546 raserint
1783 1510 1793 1543 :
1830 1512 1848 1543 ι
1886 1493 1992 1545 Do-

416 1572 554 1627 cete,
582 1564 779 1630 inquit,
814 1564 905 1616 ubi
933 1565 1090 1618 vobis
1129 1565 1445 1618 mandatum
1490 1565 1561 1618 sit
1592 1565 1783 1617 radere
1816 1564 1991 1631 capita

417 1634 817 1698 sacerdotibus,
864 1649 988 1687 cum
1045 1650 1075 1687 e
1119 1636 1399 1689 contrario
1450 1642 1531 1687 tot
1581 1634 1691 1687 sint
1744 1635 1993 1701 exempla

416 1704 692 1773 proposita
744 1704 855 1758 ﬁeri
905 1721 1010 1757 non
1050 1706 1265 1759 debere.
1317 1724 1335 1755 ι
1369 1702 1447 1758 Ex
1481 1702 1811 1773 Hieronymo
1861 1704 1990 1759 inc.

416 1790 545 1827 xuv
592 1773 808 1838 Huc/1.,
843 1776 934 1827 ubi
990 1776 1122 1828 dicit
1162 1776 1474 1829 sacerdotes
1522 1790 1630 1827 non
1677 1775 1875 1829 debere
1901 1790 1993 1827 co-

414 1860 560 1898 mam
613 1846 775 1906 alere,
828 1860 927 1899 nec
981 1856 1159 1898 tamen
1191 1846 1350 1907 radi,
1399 1845 1493 1899 sed
1535 1845 1608 1898 ita
1663 1845 1898 1908 tonderi,
1930 1853 1990 1898 ut

416 1916 559 1968 cutis
582 1924 718 1967 tecta
738 1924 972 1968 maneat.
1000 1915 1242 1983 Denique
1271 1932 1336 1969 ex
1352 1915 1636 1983 Dionysio,
1657 1915 1985 1983 Epiphanio,

414 1984 737 2047 Athanasio,
762 1984 1025 2049 Palladio,
1049 1976 1378 2053 Augustino,
1405 1976 1635 2048 Isidoro,
1665 1976 1831 2050 Beda,
1861 1976 1992 2038 con-

415 2055 542 2108 cilio
570 2055 990 2125 Carthaginensi
1033 2071 1085 2109 tv
1121 2066 1175 2109 et
1197 2054 1463 2109 Toletano
1491 2072 1565 2119 tv,
1603 2056 1747 2109 idem
1780 2056 1992 2126 colligi-

420 2134 547 2191 tur;
584 2140 708 2179 cum
752 2128 893 2194 apud
928 2140 1118 2181 omnes
1154 2126 1276 2181 illos
1312 2135 1552 2181 tonsurae
1583 2127 1836 2195 quidem,
1882 2142 1991 2178 non

414 2202 595 2249 autem
653 2211 861 2249 rasurae
921 2198 1128 2250 mentio
1162 2198 1270 2250 ﬁat.
1323 2195 1585 2250 Praedicta
1621 2196 1786 2264 igitur
1826 2197 1991 2250 verba

413 2266 628 2319 Aniceti
668 2267 941 2332 pontiﬁcis
986 2267 1152 2321 modo
1199 2269 1291 2320 illo
1324 2282 1434 2335 quo
1459 2282 1644 2335 supra,
1682 2267 1990 2334 explicare,

413 2352 581 2405 quam
612 2337 880 2406 integram
936 2339 1224 2459 egistolam
1266 2338 1434 2407 (quod
1466 2336 1595 2390 facit
1628 2335 1882 2389 Bellarm.
1918 2336 1989 2389 De

415 2408 690 2459 monachis
720 2448 735 2459 .
779 2422 897 2459 can.
931 2407 963 2459 4
1009 2410 1044 2459 l.
1078 2419 1361 2459 nronterca
1393 2408 1445 2459 in
1487 2407 1713 2459 dubium
1754 2422 1949 2459 vocare
1972 2448 1986 2459 .

415 2408 690 2459 monachis
720 2448 735 2472 ,
779 2422 897 2477 cap.
931 2407 1044 2477 40),
1077 2419 1361 2477 propterea
1393 2408 1445 2459 in
1484 2407 1713 2477 dubium
1754 2422 1986 2477 vocare,

410 2476 944 2533 eonvettientiusest
981 2476 1047 2532 ac
1089 2476 1276 2533 tutius.
1307 2476 1441 2530 Vide
1484 2476 1694 2529 Valent.
1740 2488 1871 2530 tom.
1898 2476 1987 2539 IV,

412 2548 619 2614 disput.
672 2548 727 2609 9,
756 2557 953 2615 quast.
995 2549 1061 2614 5,
1100 2556 1306 2617 puncto
1345 2548 1415 2612 5,
1448 2546 1525 2599 De
1564 2548 1784 2600 annexis
1808 2564 1990 2600 sacra-

411 2627 584 2669 mento
609 2618 833 2670 ordinis.
856 2619 929 2673 In.

484 2688 597 2757 (48)
620 2685 685 2740 In
708 2690 918 2740 modum
938 2689 1156 2757 sphera:
1178 2689 1391 2741 rodant.
1426 2687 1481 2740 Id
1513 2696 1615 2750 est,
1646 2701 1865 2741 corona:
1904 2686 1989 2740 vel

411 2758 623 2822 circuli,
655 2760 783 2826 quia
812 2758 1000 2812 Patres
1046 2767 1100 2811 et
1129 2759 1359 2812 concilia
1387 2758 1514 2810 dum
1547 2757 1823 2826 praedictis
1852 2758 1987 2811 locis

413 2828 480 2882 de
506 2837 732 2882 tonsura
764 2829 1090 2883 clericorum
1122 2837 1217 2882 aut
1241 2829 1636 2882 monachorum
1664 2829 1988 2896 loquuntur,

410 2913 530 2951 eam
561 2900 927 2952 communiter
955 2915 1212 2953 coronam
1244 2900 1562 2962 nominant,
1591 2907 1880 2967 propterea
1907 2897 1991 2950 ni-

411 2968 638 3031 mirum,
662 2970 808 3037 quod
835 2979 1061 3024 tonsura
1093 2984 1311 3024 corona!
1336 2970 1566 3038 ﬁguram
1594 2965 1814 3022 habeat.
1839 2965 1987 3020 Cau-

412 3052 529 3109 sam
559 3047 613 3109 et
632 3039 899 3092 rationem
936 3041 1099 3109 hujus
1148 3048 1388 3094 tonsura:
1424 3039 1693 3093 clericalis
1731 3046 1985 3107 gestatat,

410 3108 502 3160 alii
529 3108 691 3161 aliam
719 3110 1019 3180 assignant.
1048 3109 1228 3164 Prima
1254 3120 1340 3165 est
1359 3109 1629 3178 Dionysii,
1664 3120 1725 3163 ut
1759 3109 1851 3161 illa
1888 3124 1981 3160 nu-

1198 1028 1240 1058 ⁸⁷
1270 1029 1500 1082 mendax
1526 1030 1811 1083 consulum
1848 1041 1995 1083 nota.

2102 653 2280 697 tealur
2295 646 2421 712 quia
2446 643 2708 697 Dominus
2723 642 2883 700 Jesus
2902 643 3159 702 Christus
3185 648 3239 700 in
3264 648 3436 715 gloria
3467 656 3552 701 est
3581 646 3683 703 Dei

2101 732 2277 787 Patris
2296 734 2361 798 ⁵⁸,
2385 752 2402 783 ι
2427 734 2513 787 cui
2539 734 2715 787 honor
2734 743 2787 787 et
2806 735 3097 804 imperium
3124 753 3221 806 per
3236 748 3435 792 aeterna
3456 739 3679 793 saecula.

2178 824 2315 879 Data
2342 835 2536 879 octavo
2568 826 2837 881 Kalendas
2870 826 3052 894 Junii,
3082 829 3366 886 Gallicano
3396 841 3450 887 et
3469 830 3683 886 Βιλιῐίηο

2105 917 2237 971 viris
2262 919 2585 974 clarissimis
2617 920 2939 974 consulibus
2964 922 3024 973 ⁸⁷.

2094 1144 2314 1197 datione
2346 1140 2542 1211 capitis
2577 1143 2915 1211 significetur
2949 1143 3054 1196 vita
3092 1152 3276 1211 aperta
3312 1151 3366 1197 et
3401 1157 3559 1212 pura,
3585 1142 3674 1196 cui

2095 1214 2456 1268 ecclesiastici
2522 1213 2743 1267 studere
2785 1214 3005 1268 debent.
3060 1215 3309 1267 Secunda
3356 1223 3440 1267 est
3486 1214 3676 1276 Bedtc,

2099 1286 2189 1338 lib.
2232 1300 2262 1335 v
2294 1282 2549 1336 Historia:
2597 1283 2843 1352 Anglic”
2898 1301 2947 1338 c.
3000 1283 3070 1337 22
3098 1325 3113 1347 ,
3151 1293 3206 1337 ιιι
3245 1284 3433 1352 spinea
3468 1282 3678 1337 Christi

2097 1369 2297 1407 corona
2322 1393 2336 1415 ,
2372 1369 2536 1422 quam
2586 1354 2769 1407 clerici
2808 1355 3045 1407 maxime
3080 1354 3135 1407 in
3172 1354 3437 1407 memoria
3477 1353 3678 1406 habere

2096 1426 2329 1485 debent,
2389 1432 2830 1491 repraesentetur.
2884 1422 3064 1477 Tertia
3116 1434 3199 1477 est
3230 1423 3428 1477 Isidori
3464 1423 3559 1476 lib.
3598 1422 3677 1476 De

2099 1493 2450 1563 o/ﬁc.cleric.,
2488 1493 2700 1547 Rabani
2736 1495 2829 1547 lib.
2871 1511 2908 1547 ιι
2947 1494 3022 1547 De
3054 1495 3290 1548 institut.
3340 1494 3519 1547 cleric.
3549 1508 3672 1561 cap.

2101 1566 2153 1628 1,
2192 1574 2247 1618 ιιι
2284 1565 2621 1631 signiﬁcetur
2658 1565 2835 1631 regale
2870 1580 2991 1618 esse
3025 1564 3229 1617 Christi
3266 1564 3630 1618 sacerdotium
3657 1601 3675 1629 ,

2099 1635 2257 1702 cujus
2292 1635 2685 1703 gubernatores
2706 1636 2798 1688 tali
2823 1649 3023 1687 corona
3046 1634 3332 1688 redimitos
3364 1648 3487 1687 esse
3512 1648 3677 1702 opor-

2100 1714 2232 1769 teat,
2269 1705 2351 1758 vel
2385 1705 2549 1758 etiam
2586 1714 2646 1759 ut
2692 1705 3029 1773 significetur
3072 1703 3504 1758 ecclesiasticum
3558 1704 3678 1755 ani-

2097 1791 2269 1837 mum,
2300 1776 2394 1843 qui
2424 1785 2506 1829 est
2528 1776 2583 1828 iu
2616 1776 2836 1828 homine
2872 1774 3015 1829 sicut
3042 1784 3231 1829 vertex
3263 1775 3319 1827 in
3350 1774 3551 1842 capite,
3580 1774 3677 1827 de-

2095 1845 2223 1899 bere
2280 1860 2402 1899 esse
2454 1846 2717 1899 nudatum
2759 1860 2790 1898 a
2821 1845 2989 1909 vitiis,
3022 1845 3320 1913 spoliatum
3346 1844 3544 1897 aﬁ‘ectu
3578 1859 3674 1897 su-

2094 1915 2498 1984 perﬁuitatum,
2529 1930 2595 1969 ac
2624 1917 2846 1969 demum
2888 1925 3138 1984 apertum
3166 1924 3220 1969 et
3250 1914 3565 1984 expeditum
3603 1914 3672 1967 ad

2088 1982 2302 2040 divinas
2352 1986 2739 2054 inspirationes
2775 1982 2939 2039 facile
2982 1982 3381 2053 percipiendas.
3426 1982 3673 2038 Valentia

2089 2056 2364 2125 praedictis
2392 2057 2544 2111 locis.
2572 2054 2680 2109 Sed
2708 2064 2763 2109 et
2806 2056 2913 2109 alia
2956 2055 3025 2108 ab
3056 2055 3141 2110 his
3172 2056 3393 2109 diversa
3419 2054 3486 2107 de
3513 2055 3673 2125 cleri-

2090 2141 2278 2180 corum
2313 2134 2537 2180 tonsura
2567 2126 2861 2180 adducitur
2889 2141 3057 2179 causa
3086 2140 3117 2178 a
3144 2125 3422 2179 Germano
3448 2124 3666 2191 episco-

2089 2212 2159 2265 po
2198 2196 2811 2265 Constantinopolitano
2836 2237 2851 2261 ,
2883 2196 2969 2250 his
3010 2197 3191 2249 verbis
3228 2215 3240 2248 :
3281 2214 3299 2245 ι
3339 2194 3547 2263 Duplex
3576 2209 3671 2246 co-

2091 2282 2230 2320 rona
2285 2267 2681 2335 circumposita
2725 2266 2895 2335 capiti
2943 2266 3286 2326 sacerdotis,
3344 2265 3670 2335 capillorum

2088 2334 2525 2407 signiﬁcatione,
2576 2334 2869 2405 imaginem
2917 2336 3083 2390 refert
3125 2335 3420 2407 venerandi
3475 2334 3674 2407 capitis

2093 2406 2325 2476 apostoli
2377 2407 2519 2460 Petri
2552 2422 2565 2459 :
2604 2408 2693 2461 cui
2727 2421 2852 2461 cum
2887 2408 3092 2460 missus
3124 2415 3271 2459 esset
3302 2406 3370 2459 ad
3391 2406 3670 2476 praedica-

2094 2475 2297 2532 tionem
2323 2479 2538 2531 Domini
2570 2487 2625 2531 et
2662 2477 2947 2546 magistri,
2976 2477 3025 2531 ei
3049 2486 3207 2530 tonsa
3241 2486 3325 2530 est
3351 2475 3420 2528 ab
3451 2476 3539 2546 his
3572 2490 3671 2543 qut

2093 2549 2212 2617 ejus
2239 2548 2478 2603 sermoni
2506 2563 2613 2600 non
2648 2545 2964 2610 credebant,
2993 2556 3052 2600 ut
3083 2546 3403 2617 illuderetu_r
3424 2545 3671 2617 abips‘ts,

2092 2614 2251 2687 eique
2294 2619 2548 2672 Christus
2571 2618 2831 2686 magister
2860 2618 3141 2672 benedixit
3165 2634 3178 2682 ;
3206 2625 3259 2669 et
3299 2614 3585 2687 infamiam
3614 2615 3671 2668 in

2093 2685 2385 2751 honorem,
2428 2688 2740 2741 illusionem
2774 2688 2830 2739 in
2881 2688 3110 2757 gloriam
3145 2685 3455 2757 convertit,
3485 2695 3539 2738 et
3566 2699 3671 2753 poo-

2094 2760 2204 2813 suit
2237 2774 2401 2827 super
2424 2767 2589 2827 caput
2613 2757 2733 2826 ejus
2765 2754 3050 2821 coronam,
3094 2776 3112 2807 ι
3142 2765 3244 2811 etc.
3270 2754 3426 2810 Unde
3456 2762 3675 2827 constat

2096 2844 2239 2892 eam,
2278 2825 2401 2897 qua:
2439 2825 2674 2897 principi
2701 2828 3073 2897 apostolorum
3111 2826 3405 2881 derisionis
3430 2825 3672 2897 et_igno-

2097 2894 2481 2954 minias—causa
2517 2894 2668 2952 illata
2698 2894 2783 2951 est
2823 2909 2952 2951 nota
2980 2896 3250 2961 infamiae,
3283 2897 3452 2949 totius
3480 2894 3669 2949 Eccle-

2096 2970 2192 3023 siae
2228 2970 2419 3023 honori
2449 2970 2701 3024 cessisse.
2740 2967 2869 3022 Vide
2890 2967 3117 3033 Baron.,
3147 2964 3627 3033 Bellarm.,VaIent
3652 3003 3673 3033 ,

2097 3049 2226 3105 etc.,
2263 3039 2509 3110 allegatis
2547 3040 2702 3093 locis.
2736 3036 2812 3090 In.

413 3259 687 3269 n.—

695 3260 907 3269 .——-——_

1424 3397 2045 3553 SOTER
2152 3392 2645 3549 PAPA

1777 3751 2293 3843 NOTITIA

496 3952 588 4015 (Ex
613 3951 760 4001 Libro
785 3947 1054 4012 pontiﬁcali
1078 3948 1270 3997 Damasi
1295 3958 1451 4010 papae,
1478 3959 1555 4007 ap.
1586 3944 1760 4005 MANSI,
1785 3942 1993 4001 Concil.,
2024 3944 2063 4003 Ι,
2087 3942 2198 3992 687.
2225 3969 2283 3978 —
2306 3941 2430 3993 Vide
2458 3936 2759 4005 Patrologiw
2782 3938 2963 3988 Latina:
2987 3944 3021 3989 t.
3045 3937 3271 3997 CXXVII,
3301 3938 3395 3986 col.
3438 3938 3602 3998 Illo.)

483 4101 645 4157 Soter
706 4100 927 4154 natione
971 4097 1307 4166 Campanus,
1368 4112 1433 4151 ex
1466 4105 1621 4166 patre
1652 4094 1962 4150 Concordio
1985 4137 2001 4161 ,
2035 4095 2103 4166 de
2131 4093 2351 4166 civitate
2382 4091 2612 4166 Fundis,
2647 4090 2789 4145 sedit
2818 4087 3073 4166 annosi),
3096 4101 3312 4166 menses
3334 4086 3388 4152 7,
3422 4085 3538 4166 dies
3571 4084 3664 4142 22.

410 4173 535 4227 Fuit
567 4181 749 4226 autem
785 4170 1127 4237 temporibus
1154 4167 1280 4221 Veri
1332 4176 1387 4221 et

1484 4167 1620 4228 arci,
1659 4182 1688 4218 a
1712 4156 2005 4221 consulatu
2042 4164 2253 4219 Rustici
2288 4172 2343 4217 et
2373 4162 2617 4231 Aquilini
2642 4202 2656 4226 ,
2686 4174 2863 4229 usque
2902 4159 2968 4212 ad
2995 4158 3298 4231 Cethegum
3328 4166 3383 4210 et
3417 4156 3663 4231 Clarum.

411 4243 509 4296 Hic
546 4241 851 4304 constituit,
877 4227 1104 4294 utnulla
1144 4240 1413 4292 monacba
1450 4227 1649 4306 pallam
1680 4245 1953 4291 sacratam
1988 4237 2352 4306 contingeret,
2395 4227 2510 4306 nec
2531 4227 2819 4306 incensum
2841 4239 3081 4306 poneret
3096 4229 3151 4282 in
3186 4237 3374 4283 sancta
3409 4227 3663 4306 ecclesia.

412 4314 513 4366 Hic
548 4312 675 4367 fecit
709 4298 1082 4365 ordinationes
1118 4310 1171 4372 5,
1210 4324 1306 4378 per
1347 4298 1589 4362 mensem
1628 4307 1981 4378 Decembrem
2010 4346 2024 4368 ,
2064 4298 2516 4378 presbyteros__18_
2539 4344 2552 4366 ,
2589 4298 2855 4378 diaconos
2889 4299 2923 4354 9
2948 4299 3285 4378 ,nepisc0pos
3322 4313 3419 4378 per
3451 4298 3665 4352 diversa

411 4384 528 4438 loca
688 4381 792 4448 Qui
828 4382 1072 4450 sepultus
1097 4368 1182 4435 est
1212 4368 1279 4433 ἰιι
1318 4379 1633 4434 ccemeterio
1660 4376 1905 4460 Callisti,
1934 4378 2022 4430 via
2055 4368 2267 4444 Appia',
2306 4390 2340 4427 ιι
2415 4371 2687 4427 Kalendas
2723 4370 2917 4425 Maias.
2958 4368 3024 4423 Et
3050 4369 3287 4426 cessavit
3320 4369 3670 4439 episcopatus

410 4456 526 4508 dies
560 4453 644 4506 ll.

1436 4752 2100 4885 SOTERIS
2195 4748 2641 4874 PAP/E

1672 5011 2463 5132 EPISTOL/E.

908 5271 1240 5328 EPISTOLA
1264 5270 1499 5323 PRIMA.

834 5404 900 5442 AD
934 5400 1211 5440 CAMPANI-3
1260 5396 1557 5436 EPISCOPOS.

662 5523 735 5575 De
758 5523 860 5592 ﬁde
880 5532 929 5575 et
964 5518 1331 5572 incarnatione
1361 5515 1423 5568 D.
1454 5513 1527 5567 Ν.
1557 5513 1616 5567 J.
1645 5511 1706 5567 C.

485 5638 647 5693 Soter
681 5638 724 5667 εδ
760 5634 1070 5703 apostolicae
1116 5629 1261 5685 sedis
1309 5626 1755 5695 archiepiscopus
1776 5664 1790 5689 ,
1819 5622 1985 5677 Cam-

417 5730 573 5801 panis
601 5727 879 5791 omnibus,
910 5724 1137 5778 salutem
1158 5721 1212 5773 in
1239 5718 1489 5773 Domino.

2010 5268 2088 5328 Β,
2157 5257 2409 5313 Gaudere
2456 5270 2554 5310 vos
2581 5263 2829 5324 oportet,
2869 5252 3086 5319 fratres,
3132 5254 3311 5323 quod,
3338 5254 3523 5309 divina
3553 5254 3667 5310 lar-

2090 5352 2272 5422 giente
2295 5347 2494 5418 gratia,
2529 5346 2827 5400 familiares
2860 5344 3078 5399 Domini
3110 5347 3405 5412 vocamini,
3436 5348 3668 5417 ejusque

2092 5439 2385 5497 sacerdotii
2427 5438 2689 5508 dignitate
2741 5436 3052 5505 fungimini.
3108 5436 3264 5490 Nune
3310 5446 3492 5491 autem
3532 5452 3666 5506 rogo

2089 5549 2209 5599 vos,
2252 5540 2312 5585 ut
2358 5530 2505 5586 circa
2544 5530 2729 5598 plebes
2754 5530 2908 5583 vobis
2935 5530 3261 5584 commissas
3297 5529 3547 5583 laborare
3576 5529 3665 5581 di-

2094 5620 2337 5693 gnemini
2367 5661 2381 5686 ,
2430 5627 2485 5674 et
2517 5618 2831 5674 fructuosos
2864 5620 3176 5688 manipulos
3212 5618 3446 5673 Domino
3473 5634 3666 5687 repor-

2090 5722 2207 5768 tare
2238 5712 2511 5766 nitamini.
2543 5713 2585 5743 ⁶⁹
2612 5711 2817 5766 Paulus
2860 5712 3005 5766 enim
3036 5712 3317 5781 apostolus
3348 5715 3415 5769 de
3443 5712 3548 5769 ﬁde
3591 5715 3667 5767 ita

491 5844 534 5874 5“
568 5844 621 5896 in
653 5859 754 5897 ms.
785 5839 992 5907 Sotlter,
1024 5849 1078 5895 et
1116 5839 1167 5892 in
1194 5834 1448 5907 gignendi
1471 5849 1602 5889 casu
1634 5820 1862 5887 Sothcr'i.
1895 5828 2064 5885 "ARD.
2147 5830 2189 5861 ⁶⁹
2224 5822 3354 5895 Ithaciusadr.Varimadumcapp.9et10.

3264 6036 3274 6043 ’
3302 6048 3342 6064 κ
