4130 6390
470 401 613 456 1135

1893 397 2187 452 ΒΟἸῈΒΙΞ
2224 398 2426 454 ΡΑΡᾸΞ

3600 400 3739 456 ιιδδ

471 519 736 589 loquitur,
765 518 955 576 dicens
982 538 994 573 :
1031 538 1049 571 ι
1082 519 1239 586 Quod
1282 528 1408 575 ante
1433 520 1761 590 promiserat
1798 535 1892 590 per
1925 535 2049 590 pro-
2078 526 2124 580 Α
2152 520 2266 574 xit:
2308 539 2326 571 ι
2359 520 2581 590 Loquor
2610 521 2793 590 vobis,
2840 529 2896 576 et
2931 536 3040 575 non
3080 520 3302 576 auditis.
3338 520 3396 575 Si
3429 529 3611 576 autem
3644 537 3739 577 ve—

468 612 663 680 phetas
686 626 817 667 suos
858 612 915 666 in
950 610 1254 681 Seripturis
1288 613 1495 668 sanctis
1523 612 1591 667 de
1621 610 1759 666 Filio
1786 628 1888 666 suo
1907 654 1921 678 ,
1954 615 2048 681 qui

467 702 645 757 factus
661 712 745 758 est
767 703 815 758 ei
836 718 903 759 ex
934 704 1142 758 semine
1162 703 1328 757 David
1355 705 1657 759 secundum
1690 705 1997 759 carnem“.
2023 724 2042 755 ι

473 794 603 850 Item
638 796 752 866 ipse
777 797 843 851 ad
868 796 1090 851 Galatas
1119 813 1132 849 :
1173 816 1190 847 1
1220 796 1519 865 Postquam
1551 805 1731 850 autem
1762 797 1910 850 venit
1932 796 2049 864 ple-

472 889 665 942 nitudo
699 889 962 957 temporis
982 930 996 953 ,
1024 888 1173 943 misit
1206 888 1349 943 Deus
1378 888 1573 941 Filium
1603 905 1763 942 suum
1787 930 1802 954 ,
1826 904 1892 943 ex
1926 906 2050 943 mu-

469 982 603 1037 liere
627 981 855 1045 factum,
887 991 939 1035 et
969 980 1173 1035 factum
1206 982 1310 1035 sub
1349 981 1549 1050 lege“.
1591 1000 1609 1032 ι
1646 981 1712 1034 Et
1740 982 1807 1036 ad
1836 980 2050 1052 Philip-

468 1089 664 1141 penses
692 1092 704 1127 :
742 1091 760 1124 ι
786 1073 841 1127 In
871 1074 1286 1128 similitudinem
1318 1074 1606 1127 hominum
1638 1074 1837 1140 factus,
1863 1083 1917 1127 et
1948 1074 2049 1127 ha-

467 1164 584 1218 bitu
637 1165 895 1220 inventus
938 1175 997 1219 ut
1040 1167 1206 1219 homo
1229 1166 1293 1219 ⁷¹.
1336 1185 1355 1215 ι
1406 1164 1471 1218 Et
1505 1166 1559 1219 in
1592 1166 1802 1234 psalmo
1833 1166 2003 1219 xxx”
2034 1184 2047 1218 :

486 1277 504 1308 ι
542 1258 819 1312 Infirmata
868 1268 952 1313 est
1006 1259 1059 1311 in
1091 1268 1407 1327 paupertate
1444 1258 1621 1312 virtus
1652 1274 1772 1312 mea
1795 1299 1811 1324 ,
1842 1267 1895 1311 et
1924 1272 2050 1311 ossa

470 1365 589 1402 mea
625 1350 948 1404 conturbata
980 1360 1129 1414 sunt,
1154 1359 1207 1403 et
1234 1365 1399 1418 super
1427 1350 1678 1403 inimicos
1703 1366 1854 1403 meos
1874 1350 2051 1403 factus

474 1456 594 1493 sum
626 1441 1004 1509 opprobrium.
1043 1460 1062 1490 ι
1098 1441 1253 1504 Item,
1297 1440 1369 1493 ibi
1393 1440 1439 1470 ⁷⁸⁵
1472 1457 1485 1493 :
1519 1458 1537 1489 1
1576 1438 1847 1493 Oblivioni
1891 1440 2053 1493 datus

473 1546 629 1596 sum,
690 1540 952 1599 tanquam
1021 1542 1271 1585 mortuus
1325 1549 1353 1585 a
1418 1532 1604 1585 corde.
1667 1530 1870 1584 Factus
1929 1546 2052 1584 sum

480 1632 738 1691 tanquam
770 1640 863 1677 vas
892 1624 1183 1692 perditum.
1218 1642 1235 1674 ι
1269 1623 1333 1677 Et
1364 1624 1417 1677 in
1453 1624 1619 1677 Lxx"
1650 1639 1663 1675 :
1699 1642 1717 1673 1
1768 1619 2052 1691 Tanquam

473 1714 787 1784 prodigium
855 1714 1034 1769 factus
1108 1732 1228 1769 sum
1295 1716 1520 1780 multis,
1581 1724 1635 1769 et
1706 1723 1761 1767 tu
1836 1714 2055 1783 adjutor

470 1805 655 1860 fortis.
690 1825 708 1855 ι
746 1805 813 1859 Ει
848 1808 900 1860 in
933 1824 1080 1861 Lxxn
1107 1809 1153 1838 ⁷⁸
1184 1826 1197 1861 :
1231 1828 1248 1858 ι
1276 1804 1345 1861 Ut
1370 1809 1679 1877 iumentum
1723 1806 1902 1861 factus
1930 1821 2052 1858 sum

2154 612 2296 666 nerit
2336 612 2513 679 alius,
2557 614 2708 666 illum
2752 614 2987 668 audietis
3015 614 3082 666 ³⁸.
3121 631 3141 664 ι
3175 612 3239 666 Et
3264 613 3498 668 iterum:
3547 630 3567 665 ι
3612 611 3742 669 Haec

2154 703 2371 758 locutus
2420 714 2505 759 est
2547 704 2811 760 Dominus
2852 706 2905 759 in
2942 706 3370 776 gazophylacio,
3422 706 3629 759 docens
3683 707 3739 759 in

2154 795 2388 863 templo:
2429 805 2485 849 et
2523 812 2683 850 nemo
2719 796 3077 865 apprehendit
3116 811 3278 857 eum,
3321 796 3448 864 quia
3493 796 3739 849 nonduin

2152 898 2375 942 venerat
2396 888 2529 942 hora
2551 888 2786 957 ejus’h
2816 888 2953 943 Ecce
2984 888 3035 941 in
3064 887 3150 941 his
3173 888 3456 950 omnibus,
3491 903 3613 956 qua:
3639 903 3740 940 su-

2154 979 2341 1047 perius
2368 980 2510 1033 dicta
2546 990 2693 1043 sunt,
2724 994 2833 1033 non
2864 980 3095 1034 docetur
3121 979 3293 1033 Filius
3335 989 3605 1049 praecepto
3634 978 3740 1032 Pa-

2155 1072 2255 1125 tris
2285 1070 2455 1125 fuisse
2481 1070 2719 1135 locutus,
2759 1071 2855 1125 sed
2898 1071 3071 1139 magis
3108 1071 3391 1139 proprium
3423 1070 3740 1123 exercuisse

2155 1164 2210 1217 in
2260 1164 2536 1233 loquendo
2587 1178 2921 1218 sermonem.
2982 1164 3157 1217 Isaias
3204 1178 3423 1233 quoque
3468 1164 3737 1232 prepheta

2156 1257 2259 1310 ait:
2299 1275 2320 1306 ι
2355 1255 2479 1310 Haec
2508 1241 2947 1310 dicit'Dominus
2985 1274 2997 1308 :
3036 1254 3149 1325 Ego
3179 1254 3279 1311 Ieci
3325 1267 3525 1310 terram
3569 1274 3737 1311 sensu

2156 1364 2311 1414 meo,
2353 1358 2408 1403 et
2433 1349 2711 1403 hominem
2744 1363 2906 1418 super
2930 1364 3085 1403 eam:
3133 1348 3247 1419 Ego
3278 1351 3506 1406 solidavi
3536 1352 3738 1406 caelum

2155 1459 2321 1497 manu
2357 1458 2514 1509 mea,
2568 1458 2667 1513 ego
2710 1444 2968 1499 omnibus
3016 1445 3291 1499 sideribus
3329 1438 3624 1512 mandavi,
3678 1460 3741 1503 ut

2158 1536 2401 1591 lucerent
2426 1538 2478 1589 in
2510 1536 2651 1591 coelo
2672 1536 2740 1590 ".
2779 1555 2797 1587 ι
2836 1534 2968 1590 Item
3010 1536 3083 1589 ibi
3113 1555 3124 1589 :
3164 1556 3182 1587 1
3222 1536 3335 1607 Ego
3366 1554 3528 1593 omne
3556 1541 3741 1595 consi-

2158 1630 2289 1683 lium
2325 1644 2509 1683 meum
2550 1628 2750 1693 statui,
2787 1638 2841 1683 et
2874 1629 3057 1683 omnia
3097 1646 3437 1700 quaecunque
3468 1635 3738 1703 cogitavi,

2158 1737 2257 1791 ego
2303 1720 2405 1776 feci
2442 1722 2513 1776 ”.
2549 1740 2567 1773 ι
2619 1721 2749 1776 Item
2781 1721 2892 1775 ibi:
2930 1740 2950 1771 ι
2988 1719 3079 1774 Sic
3111 1722 3243 1775 dicit
3285 1721 3591 1778 Dominus:
3632 1723 3740 1790 Qui

2160 1814 2445 1867 constituit
2478 1813 2678 1868 coelum
2727 1822 2781 1867 et
2818 1821 3042 1879 terram,
3088 1822 3143 1867 et
3185 1813 3313 1867 fecit
3349 1830 3494 1878 eam,
3536 1825 3591 1869 et
3622 1814 3752 1869 fun-

464 1897 612 1966 apud
644 1907 714 1962 te,
768 1907 821 1951 et
866 1915 967 1968 ego
1011 1914 1226 1967 semper
1254 1874 1459 1953 tecum.
1496 1918 1514 1949 ι
1543 1896 1610 1950 Ει
1638 1900 1693 1949 in
1724 1912 1920 1950 Lxxxv1
1951 1897 1993 1925 '”
2034 1913 2045 1945 :
2086 1874 2126 1927 Β
2156 1905 2305 1958 dam
2336 1905 2381 1936 9°
2412 1921 2532 1959 eam
2564 1906 2629 1959 ετ,
2666 1924 2684 1955 ι
2730 1905 2861 1959 Item
2897 1905 2970 1957 ibi
2998 1874 3037 1957 εἴ
3061 1924 3078 1955 ι
3116 1906 3229 1974 Ego
3262 1874 3509 1974 primus,
3547 1916 3599 1961 et
3636 1924 3740 1977 ego

473 2007 492 2039 ι
524 1987 693 2043 Mater
720 1988 849 2042 Sion
874 1990 1045 2044 dicet:
1068 1988 1265 2055 Homo,
1292 1998 1345 2043 et
1374 1990 1541 2043 homo
1577 1988 1754 2043 factus
1776 1998 1859 2042 est
1881 1989 1934 2040 in
1963 2003 2048 2050 ea,

464 2093 519 2135 et
546 2082 662 2149 ipse
694 2080 944 2135 fundavit
972 2098 1091 2137 eam
1123 2083 1465 2136 Altissimus.
1501 2102 1520 2133 ι
1555 2081 1621 2135 Et
1649 2082 1702 2134 in
1728 2081 2046 2134 Lxxxvn":

467 2193 492 2229 ι
532 2178 732 2231 Factus
766 2194 886 2232 sum
920 2178 1062 2231 sicut
1096 2177 1263 2232 homo
1288 2179 1407 2231 sine
1440 2177 1714 2246 adiutorio
1740 2177 1881 2230 inter
1903 2191 2050 2228 mor—

466 2278 591 2323 tuos
621 2269 779 2322 liber.
815 2288 833 2319 ›
873 2267 939 2323 Ει
970 2270 1022 2322 in
1048 2270 1245 2323 cvm"
1281 2288 1294 2323 :
1336 2287 1354 2319 ι
1393 2267 1459 2322 Ει
1482 2284 1585 2339 ego
1617 2266 1794 2321 factus
1818 2283 1938 2320 sum
1982 2268 2049 2319 ιι..

463 2359 534 2414 lis
563 2362 938 2430 opprobrium,
978 2361 1236 2415 viderunt
1287 2376 1375 2415 me
1400 2399 1415 2423 ,
1462 2370 1515 2415 et
1550 2370 1841 2413 moverunt
1872 2360 2048 2427 capita

460 2463 618 2501 sua.»
645 2446 706 2501 Et
730 2448 782 2501 in
812 2448 925 2501 c1“0
952 2465 965 2499 :
992 2466 1011 2499 ι
1036 2448 1262 2518 Vigilavi
1288 2458 1343 2503 et
1373 2448 1549 2503 factus
1580 2464 1702 2502 sum
1743 2450 1892 2502 sicut
1924 2464 2050 2516 pas-

464 2553 553 2591 ser
580 2538 857 2594 solitarius
888 2540 940 2592 in
976 2548 1137 2593 tecto.
1178 2559 1195 2590 l
1230 2538 1295 2593 Et
1326 2539 1382 2593 in
1404 2538 1698 2610 Evangelio
1725 2559 1738 2593 :
1764 2559 1780 2588 ‹
1812 2538 2047 2593 Verbum

462 2646 596 2684 caro
619 2630 824 2684 factum
848 2640 950 2695 est,
970 2641 1023 2685 et
1046 2633 1313 2685 habitavit
1341 2633 1393 2685 in
1418 2633 1575 2685 nobis
1598 2632 1665 2685 ⁸¹.
1703 2651 1720 2683 ι
1749 2630 1920 2685 Filius
1947 2632 2049 2702 igi-

464 2729 556 2775 tur
574 2722 874 2775 seeundum
889 2738 1108 2775 carnem
1132 2723 1350 2775 dicitur.
1374 2720 1507 2774 Nam
1525 2722 1827 2775 secundum
1847 2722 2049 2775 divini-

466 2821 658 2875 tatem,
691 2828 720 2864 a
754 2811 911 2864 Patre
940 2828 1215 2879 nusquam
1248 2811 1446 2879 legitur
1466 2812 1778 2876 factus,sed
1806 2813 2043 2882 genitus.

464 2901 604 2956 Dum
628 2902 773 2956 enim
788 2900 946 2955 Pater
964 2902 1227 2970 loquitur,
1254 2900 1425 2955 Filius
1447 2903 1717 2971 loquitur,
1737 2911 1928 2956 etcum
1954 2902 2046 2955 Fi-

463 2991 573 3049 lius
593 2994 857 3064 loquitur,
886 2993 1107 3048 Patrem
1145 2995 1199 3047 in
1240 2994 1331 3047 illo
1360 3010 1482 3047 esse
1514 2995 1850 3063 loquentem,
1883 2996 2048 3048 docu-

465 3088 668 3141 mentis
695 3086 1014 3141 ctelestibus
1032 3087 1443 3155 comprobatur,
1458 3084 1886 3154 Panloapostolo
1919 3097 2048 3141 atte-

465 3180 763 3249 stante,qui
781 3177 1241 3241 aitszultifarie,
1263 3179 1555 3247 multisque
1567 3179 1744 3231 modis
1761 3178 1889 3231 olim
1904 3177 2048 3234 Deus

465 3274 680 3326 locutus
713 3281 796 3325 est
840 3272 1085 3339 patribus
1121 3272 1172 3324 in
1204 3271 1507 3340 prophetis,
1535 3272 1831 3325 novissime
1864 3280 2046 3324 autem

465 3366 681 3418 locutus
710 3372 794 3417 est
819 3363 975 3417 nobis
1002 3363 1054 3415 in
1079 3362 1215 3417 Filio
1230 3364 1296 3416 ⁸³.
1324 3382 1344 3413 ι
1376 3361 1441 3417 Ει
1467 3373 1525 3417 ιιι
1547 3362 1799 3417 eumdem
1821 3363 2046 3430 Filium,

464 3464 691 3524 excepto
720 3454 900 3509 Patris
929 3464 1233 3524 praecepto,
1276 3455 1499 3509 doceam
1546 3454 1718 3510 fuisse
1761 3455 2047 3523 locutum,

464 3564 531 3602 ex
562 3547 714 3603 Isaim
755 3549 1031 3618 prephetre
1069 3548 1346 3602 volumine
1383 3547 1713 3617 proferimus
1750 3548 2049 3603 documen-

468 3651 618 3697 tum:
647 3660 666 3693 ι
698 3641 823 3696 Haec
844 3642 977 3695 dicit
1003 3641 1303 3696 Dominus:
1332 3640 1390 3696 In
1422 3642 1511 3696 illa
1539 3643 1627 3697 die
1650 3643 1785 3697 sciet
1815 3643 2049 3712 populus

464 3749 643 3800 meus,
678 3735 937 3804 quoniam
968 3750 1069 3803 ego
1100 3750 1221 3788 sum
1256 3734 1391 3803 ipse,
1421 3735 1516 3804 qui
1544 3735 1808 3805 loquebar
1842 3735 1898 3789 in
1932 3750 2049 3791 ser—

463 3828 547 3881 vis
582 3827 718 3881 meis
749 3827 1051 3895 prophetis,
1091 3827 1475 3895 evangelizans
1503 3829 1748 3881 auditum
1782 3828 1956 3897 pacis,
1996 3838 2050 3883 et

462 3933 592 3972 ecce
628 3917 821 3972 adsum
861 3918 928 3971 ⁸³.
966 3936 985 3969 ι
1023 3916 1155 3970 Item
1203 3916 1311 3970 ibi:
1347 3933 1366 3966 ι
1405 3914 1517 3985 Ego
1566 3931 1687 3970 sum
1737 3915 2005 3970 Dominus
2032 3956 2047 3981 ,

456 4010 560 4081 qui
607 4010 801 4079 loquor
837 4008 1142 4078 justitiam,
1177 4017 1232 4062 et
1277 4008 1548 4062 annuntio
1590 4008 1873 4061 veritatem
1919 4006 1987 4061 “.
2027 4027 2045 4058 ι

461 4100 597 4157 Item
632 4102 741 4156 ibi.
782 4119 801 4152 ι
836 4099 950 4171 Ego
978 4099 1257 4171 cogitavi,
1310 4109 1363 4153 et
1392 4100 1609 4154 locutus
1652 4114 1813 4164 sum,
1862 4107 1917 4153 et
1949 4104 2050 4152 act-

461 4194 631 4260 duxi,
665 4203 719 4248 et
757 4193 970 4257 creavi,
1011 4202 1068 4247 et
1115 4190 1220 4245 feci
1263 4191 1329 4245 ⁸⁵.
1372 4211 1390 4242 ι
1434 4189 1501 4244 Ει
1530 4190 1863 4260 Apostolus:
1910 4209 1929 4242 ‹
1966 4190 2051 4244 An

460 4286 900 4355 experimentum
922 4284 1167 4353 quaeritis
1183 4284 1324 4353 ejus,
1343 4284 1437 4353 qui
1463 4284 1517 4337 in
1536 4300 1623 4338 me
1643 4283 1884 4353 loquitur
1899 4284 2053 4339 Chri-

466 4385 586 4430 stus
616 4374 681 4427 ⁸⁶.
711 4395 729 4425 ι
758 4372 825 4426 Ει
852 4374 907 4427 in
931 4373 1069 4441 psal.
1096 4388 1263 4425 cxvnt
1294 4371 1338 4402 ⁸⁷
1380 4387 1393 4422 :
1428 4390 1447 4421 ι
1484 4370 1773 4440 Loquebar
1799 4370 1867 4424 de
1899 4371 2051 4424 testi-

467 4469 670 4523 moniis
702 4469 810 4522 tuis
833 4468 887 4521 in
914 4474 1210 4535 conspectu
1245 4480 1458 4533 regum,
1500 4472 1554 4518 et
1603 4479 1711 4517 non
1748 4462 2052 4518 confunde-

465 4564 586 4619 bar.
614 4583 631 4612 ι
664 4562 726 4617 Ει
758 4562 872 4631 ipse
900 4559 1166 4614 Dominus
1200 4560 1252 4612 in
1288 4557 1582 4627 Evangelio
1616 4572 1759 4612 caeco
1785 4571 1816 4609 a
1844 4572 1903 4611 se
1932 4555 2050 4608 illu-

466 4656 678 4710 minato
725 4655 892 4709 dicit:
931 4672 949 4703 ‹
1010 4651 1075 4705 Ει
1122 4651 1307 4706 vidisti
1359 4665 1526 4715 eum,
1580 4659 1633 4702 et
1675 4648 1769 4717 qui
1809 4648 2051 4717 loquitur

465 4758 673 4813 tecum,
727 4747 843 4815 ipse
881 4754 964 4801 est
994 4745 1061 4799 ⁸⁸.
1100 4764 1117 4796 ι
1163 4742 1227 4797 Ει
1257 4743 1616 4796 Samaritana:
1662 4740 1879 4794 mulieri
1931 4741 2046 4793 ait:

462 4859 490 4891 τ
529 4840 643 4911 Ego
672 4855 815 4905 sum,
864 4839 957 4907 qui
996 4838 1188 4906 loquor
1228 4844 1411 4889 tecum
1446 4836 1511 4887 ⁸³.
1552 4853 1570 4885 ι
1608 4832 1675 4885 Ει
1713 4832 1780 4887 ad
1810 4831 2054 4900 discipu-

467 4935 585 4987 los:
627 4950 646 4983 ι
686 4930 861 4985 Verba
891 4946 1013 5000 quae
1056 4945 1157 4997 ego
1194 4929 1408 4981 locutus
1446 4942 1565 4980 sum
1592 4925 1782 4988 vobis,
1825 4923 2051 4993 spiritus

464 5034 523 5079 et
554 5026 665 5079 vita
695 5033 824 5079 sunt
859 5024 927 5075 νο.
958 5042 977 5073 ›
1012 5020 1077 5075 Ει
1104 5022 1171 5075 ad
1201 5018 1448 5074 Patrem:
1487 5038 1505 5069 ι
1544 5016 1657 5087 Ego
1683 5017 1749 5069 ad
1782 5024 1834 5069 te
1868 5014 2044 5079 venio,

456 5131 519 5175 et
542 5120 656 5173 haec
690 5120 885 5188 loquor
912 5118 965 5171 in
998 5117 1203 5170 mundo
1232 5116 1297 5169 ⁵³³.
1332 5134 1351 5166 ι
1393 5114 1459 5168 Ει
1493 5115 1689 5167 iterum
1731 5110 1933 5165 Iudaeis
1963 5111 2047 5163 di-

2154 1997 2208 2049 in
2236 2006 2533 2050 aeternum:
2570 2012 2768 2050 manus
2806 2012 2925 2049 mea
2961 1995 3210 2050 fundavit
3242 2006 3479 2062 terram,
3517 2000 3739 2053 dextera

2154 2105 2271 2143 mea
2300 2090 2552 2143 solidavit
2582 2089 2781 2143 ccelum
2809 2089 2874 2142 ’3.
2909 2108 2927 2139 ι
2962 2088 3025 2143 Ει
3062 2091 3114 2143 in
3145 2089 3411 2144 Ieremia:
3443 2110 3461 2141 (
3502 2090 3613 2161 Ego
3635 2090 3740 2145 feci

2153 2189 2352 2234 terram
2381 2181 2433 2232 in
2464 2180 2780 2233 fortitudine
2802 2196 2921 2234 mea
2949 2198 3164 2251 magna,
3195 2191 3248 2234 ct
3280 2182 3331 2233 in
3363 2182 3587 2236 brachio
3617 2199 3740 2236 meo

2154 2271 2368 2324 excelso
2396 2272 2461 2323 9’.
2491 2289 2507 2321 δ
2530 2269 2659 2323 Item
2693 2271 2798 2323 ibi:
2820 2290 2837 2320 ι
2866 2271 3130 2327 Dominus
3159 2272 3287 2325 fecit
3313 2282 3511 2325 terram
3548 2274 3601 2326 in
3624 2275 3739 2326 vir-

2154 2371 2267 2415 tute
2297 2377 2394 2415 sua
2424 2378 2640 2430 magna,
2672 2371 2726 2415 et
2754 2364 2929 2416 erexit
2959 2364 3145 2417 orbem
3176 2372 3331 2416 terra:
3368 2365 3420 2415 in
3449 2364 3737 2432 sapientia,

2151 2463 2205 2507 et
2243 2454 2530 2522 prudentia
2577 2470 2674 2508 sua
2706 2456 2949 2510 extendit
2974 2456 3198 2520 coelum,
3244 2465 3297 2508 et
3325 2458 3507 2524 posuit
3540 2472 3737 2511 sonum

2151 2562 2307 2615 aqua:
2348 2547 2401 2599 in
2445 2547 2586 2600 cmlo
2618 2548 2657 2599 ί.
2697 2566 2714 2597 ι
2763 2550 2783 2578 ³
2818 2547 3102 2601 Defendite
3129 2588 3145 2613 ,
3198 2548 3509 2601 eharissimi
3538 2588 3551 2610 ,
3606 2563 3740 2611 rogo

2151 2656 2268 2704 vos,
2300 2648 2490 2693 contra
2522 2639 2823 2693 malevolos
2856 2640 3105 2693 homines
3132 2639 3517 2693 inconcussitm
3555 2638 3741 2693 Beck-«-

2152 2731 2247 2784 sia:
2302 2740 2537 2797 statum,
2580 2743 2638 2785 ut
2686 2747 2784 2787 vos
2841 2732 3044 2786 Christi
3101 2732 3321 2786 dextera
3374 2732 3630 2785 defendat
3684 2734 3739 2786 in

2149 2837 2346 2875 aevum.

2222 2911 2353 2965 Data
2380 2910 2551 2965 Nonis
2581 2912 2725 2979 Maii,
2760 2912 2993 2969 Rustico
3020 2924 3075 2969 et
3103 2914 3365 2984 Aquilino
3398 2916 3531 2968 viris
3554 2916 3742 2970 claris.

2152 3006 2309 3061 simis
2339 3006 2658 3061 consulibus
2687 3006 2726 3059 ³.

2734 3140 3073 3195 EPISTOLA
3112 3141 3171 3195 Il.

2628 3271 2695 3307 AD
2730 3269 3008 3309 EPISCOPOS
3041 3270 3259 3308 ιτΑιιΑε.

2155 3366 2238 3421 Νι
2273 3368 2483 3437 feminae
2525 3386 2679 3423 sacra
2718 3386 2843 3421 vasa
2882 3368 2958 3422 vr!
2998 3386 3181 3423 sacras
3211 3368 3385 3438 pallas
3431 3372 3742 3440 contingant

2602 3440 2680 3493 vel
2711 3440 2908 3492 altaria
2939 3440 3220 3492 incendant
3255 3440 3294 3491 ‘.

2225 3553 2605 3609 Dilectissimis
2638 3554 2898 3608 fratribus
2932 3571 3027 3623 per
3056 3554 3220 3607 Italia:
3267 3554 3573 3622 provincias
3608 3570 3740 3609 san»

2151 3647 2255 3700 ctis
2290 3647 2603 3701 constitutis
2636 3645 2931 3715 episcopis,
2968 3645 3127 3700 Soter
3157 3662 3315 3715 papa.

2223 3737 2432 3793 Divinis
2466 3741 2748 3809 praeceptis
2784 3741 2804 3771 ⁵
2842 3751 2894 3793 et
2926 3739 3245 3808 apostolicis
3294 3739 3517 3793 monitis
3563 3738 3739 3793 infor-

2152 3845 2391 3896 mamur,
2422 3839 2481 3883 ut
2505 3846 2602 3897 pro
2635 3830 2879 3884 omnium
2904 3829 3274 3883 Ecclesiarum
3301 3838 3466 3893 statu,
3506 3827 3740 3899 impigro

2152 3920 2442 3989 vigilemus
2473 3920 2702 3988 affectu;
2735 3936 2799 3977 ac
2829 3921 2875 3976 si
2900 3921 3032 3990 quid
3062 3934 3293 3989 usquam
3324 3921 3737 3989 reprehensioni

2152 4014 2429 4066 invenitur
2451 4013 2774 4079 obnoxium,
2805 4013 2968 4067 celeri
2997 4011 3365 4067 sollicitudine
3390 4015 3459 4064 ab
3481 4012 3740 4080 ignoran-

2154 4102 2241 4155 tia:
2285 4103 2558 4172 imperitia
2608 4111 2663 4157 et
2704 4103 3142 4174 praesumptionis
3184 4102 3536 4172 usurpatione
3577 4117 3739 4155 revo-

2152 4211 2361 4250 CCIIIUS.

2227 4290 2247 4321 ⁸
2284 4288 2542 4344 Sacratas
2596 4289 2707 4343 Deo
2761 4289 2997 4344 feminas
3052 4288 3138 4343 vel
3196 4288 3532 4352 monachas,
3578 4301 3738 4342 sacra

2153 4395 2285 4434 vasa
2326 4380 2409 4433 vel
2447 4389 2695 4433 sacratas
2740 4379 2911 4447 pallas
2958 4394 3123 4448 penes
3154 4393 3252 4431 vos
3291 4377 3647 4447 contingere,
3682 4386 3739 4428 et

2154 4472 2440 4526 incensum
2466 4471 2615 4524 circa
2639 4471 2831 4524 altaria
2863 4469 3092 4534 deferre,
3120 4470 3384 4538 perlatum
3415 4477 3498 4521 est
3520 4469 3587 4520 ad
3612 4481 3741 4536 apo-

2153 4561 2403 4617 stolicam
2437 4560 2655 4625 sedem;
2685 4575 2807 4629 qua:
2842 4560 3026 4613 omnia
3058 4559 3479 4628 reprehensione
3514 4569 3569 4614 et
3593 4562 3739 4613 vitu—

2152 4652 2436 4723 peratione
2459 4651 2617 4720 plena
2644 4665 2785 4717 esse,
2822 4650 2956 4704 nihil
2982 4660 3126 4704 recte
3152 4650 3480 4719 sapientium
3504 4652 3737 4705 dubium

2151 4751 2252 4797 est.
2289 4739 2633 4809 Quapropter
2658 4740 2821 4810 hujus
2844 4749 3047 4795 sanctae
3075 4741 3220 4795 sedis
3245 4743 3589 4806 auctoritate,
3621 4742 3738 4797 ha‘c

2152 4835 2337 4891 omnia
2369 4833 2529 4888 vobis
2561 4848 2809 4888 resecare
2846 4832 3113 4897 funditus,
3156 4841 3362 4901 quanto
3393 4834 3558 4887 citius
3582 4844 3739 4902 pote-

2152 4924 2295 4990 ritis,
2328 4938 2653 4989 censemus;
2695 4933 2747 4977 et
2777 4940 2844 4977 ne
2875 4924 3045 4993 pestis
3076 4925 3191 4979 haec
3234 4924 3397 4977 latius
3426 4925 3739 4993 divulgctur

2153 5032 2251 5086 per
2283 5030 2474 5069 omnes
2516 5016 2828 5085 provincias
2854 5058 2868 5079 ,
2920 5017 3154 5085 abstergi
3201 5016 3467 5070 citissime
3508 5017 3739 5070 manda-

2154 5123 2295 5161 mus.
2331 5106 2420 5160 Ait
2447 5108 2593 5160 enim
2623 5107 2950 5177 Apostolus:
2991 5125 3008 5157 ι
3044 5106 3316 5176 Despondi
3342 5108 3488 5160 enim
3515 5120 3609 5161 vos
3642 5107 3739 5159 uni

537 5321 580 5351 ὀ
606 5318 763 5373 Rom.
801 5335 838 5383 1,
869 5320 924 5377 2.
956 5320 1009 5372 5.
1084 5318 1125 5349 ⁷¹
1152 5318 1270 5373 Gal.
1313 5334 1386 5382 tv,
1412 5318 1465 5371 4.
1544 5317 1588 5347 ⁷³
1621 5315 1855 5385 Philipp.
1886 5330 1944 5385 ιι,
1979 5300 2045 5368 7.’

2186 5270 2472 5385 ν.11,12.
2538 5311 2762 5377 “v.15,
2798 5311 2910 5385 151.;
2960 5309 3142 5365 "v.7.
3189 5310 3458 5385 _"_°v._25.
3528 5310 3734 5363 "v.

462 5393 508 5425 "‘
536 5409 587 5445 v.
621 5393 674 5444 6.
752 5392 796 5421 ⁷⁹
824 5408 872 5442 ι’.
898 5390 986 5443 25.
1064 5389 1109 5421 ⁸⁰
1137 5405 1190 5443 ν.
1217 5389 1268 5441 8.
1344 5390 1386 5419 ⁸¹
1413 5387 1567 5442 Joan.
1595 5403 1633 5448 ι,
1664 5387 1747 5439 14.

463 5465 554 5517 11.
630 5462 675 5491 ⁸⁸⁸
707 5463 751 5513 II
783 5460 909 5515 Cor.
944 5476 1065 5523 χιιι,
1117 5460 1169 5513 5.
1246 5460 1289 5490 ⁸⁷
1323 5476 1373 5512 v.
1402 5460 1491 5512 46.
1571 5458 1615 5488 ⁸³
1635 5457 1796 5511 Joan.
1830 5472 1903 5519 ιχ,
1932 5455 2021 5508 57.

463 5537 508 5565 θ’
539 5536 693 5586 .loan.
732 5549 785 5594 χ,
833 5531 924 5583 25.
1001 5531 1048 5563 ⁸³
1077 5528 1235 5583 Joan.
1264 5544 1383 5596 Vill,
1416 5530 1505 5581 20.

465 5605 554 5657 18.
632 5602 799 5656 “Isa.
821 5617 1011 5664 xum,
1045 5602 1131 5654 15.
1211 5599 1382 5654 “Jer.
1410 5615 1578 5661 xxvn,
1607 5599 1659 5652 5.

468 5674 619 5743 poris
665 5684 790 5725 nota
823 5688 913 5725 an.
950 5672 1053 5725 I62
1086 5686 1414 5743 congruens.

1826 5387 1868 5415 ⁸²
1894 5384 2058 5438 IIehr.
2086 5400 2123 5445 ι,
2162 5386 2211 5444 1.
2241 5384 2293 5437 2.
2364 5383 2409 5414 ⁸³
2434 5386 2539 5437 Isa.
2580 5399 2672 5443 LII,
2699 5384 2752 5435 6.
2824 5384 2870 5413 ⁸⁵
2894 5383 2998 5435 Isa.
3029 5398 3152 5447 XLV,
3182 5381 3268 5434 I9.

2099 5455 2143 5486 ⁸⁹
2170 5453 2327 5507 Joan.
2360 5470 2434 5518 ιν,
2463 5454 2553 5505 26.

1583 5528 1630 5559 νδ
1660 5530 1763 5583 Isa.
1799 5542 1922 5589 χιχ,
1954 5527 2041 5578 l2.
2116 5526 2160 5556 ’⁸³
2194 5528 2303 5579 Isa.
2336 5541 2483 5583 xcvr.
2518 5524 2596 5575 l0.

1742 5600 1756 5627 ¹
1789 5596 1897 5651 Jer.
1934 5613 1986 5659 χ,
2022 5596 2110 5660 I2,
2146 5596 2231 5648 15.

1494 5671 1515 5701 ⁸
1551 5668 1617 5721 Ut
1659 5667 1820 5721 nulla:
1864 5666 2351 5719 sanrtimonialium
2390 5681 2542 5717 sacra
2596 5681 2718 5733 vasa
2747 5673 3058 5733 sacrataque
3088 5665 3401 5717 linteamina
3430 5662 3733 5733 contingere

3346 5383 3392 5413 ⁸⁵
3425 5385 3529 5436 Isa.
3584 5396 3733 5442 ιινι.

2632 5455 2677 5485 ⁹⁰
2709 5452 2867 5505 .loan.
2915 5469 2987 5516 vi,
3019 5452 3106 5505 61.
3188 5450 3231 5481 ἰ
3262 5450 3424 5505 Joan.
3464 5467 3597 5516 xvn,
3639 5452 3731 5503 15.

2675 5523 2933 5587 "divisit,
2973 5524 3056 5575 vel
3110 5523 3301 5591 ﬁnivit.
3383 5523 3426 5554 "’
3454 5523 3558 5575 lsa.
3604 5536 3731 5586 xu,

2308 5597 2326 5624 ¹
2365 5596 2421 5648 S.
2450 5593 2556 5646 Leo
2586 5609 2671 5661 ep.
2710 5594 2804 5646 25.
2908 5595 2927 5625 ³
2963 5592 3084 5646 Haec
3110 5609 3328 5662 quoque
3359 5592 3552 5647 delirat
3593 5600 3732 5644 teni-

466 5732 559 5794 imt
612 5745 874 5794 incensum
900 5746 1040 5793 circa
1068 5732 1236 5795 altarve
1256 5743 1457 5809 deferre
1479 5750 1823 5809 pra'sumant.
1892 5739 1911 5769 ⁵
1930 5737 1983 5791 S.
2014 5735 2123 5792 Leo
2142 5754 2227 5806 ep.
2247 5737 2299 5788 ’1.
2370 5736 2478 5790 025
2493 5735 2618 5789 dist.
2644 5732 2926 5787 :Sacratas
2954 5732 3058 5788 Deo
3074 5736 3318 5802 feminas.
3345 5737 3514 5789 Cone.
3558 5732 3729 5786 Laud.

467 5816 555 5877 44,
580 5816 695 5867 Gel.
718 5831 801 5878 (λυ.
828 5814 907 5877 I0,
926 5813 1069 5864 c.27.
