4130 6398
379 389 512 443 1157

1867 377 2246 434 EPISTOLAE.

3494 367 3627 422 1158

374 523 531 572 viro,
571 505 835 572 virginem
871 512 1077 556 castam
1107 501 1364 556 exhibere
1406 500 1625 554 Christo
1657 501 1699 552 ⁷.
1750 518 1767 550 ι
1819 500 1838 529 ⁸
1865 498 1956 552 Illa
1987 510 2034 562 Α
2062 500 2176 566 ipse
2225 496 2456 549 Satanas
2503 493 2851 561 transfigurat
2881 503 2940 544 se
2971 487 3025 540 in
3072 485 3322 556 angelum
3366 483 3539 550 lucis,
3581 483 3630 537 si

374 607 458 651 est
487 597 635 650 enim
666 597 819 665 virgo
846 593 1089 648 Ecclesia
1110 633 1126 660 ,
1165 607 1366 662 sponsa
1395 592 1559 646 unius
1596 590 1695 645 viri
1726 591 1951 657 Christi,

374 703 495 756 quae
525 687 673 741 nullo
700 702 757 740 se
784 687 986 762 patitur
1009 700 1196 740 errore
1226 685 1310 738 vel
1342 684 1633 738 inhonesta
1665 683 1955 752 reprehen-

376 781 532 833 sione
574 776 778 840 vitiari,
829 785 889 830 ut
919 791 1014 845 per
1046 783 1220 828 totum
1254 773 1517 827 mundum
1551 788 1658 826 una
1699 771 1768 826 sit
1798 771 1954 826 nobis

380 867 542 921 unius
582 875 743 921 casta:
790 865 1195 920 communionis
1233 863 1575 933 integritas.9
1635 859 1789 916 Unde
1826 875 1956 914 con-

377 957 604 1027 surgite,
637 955 970 1022 charissimi,
995 969 1119 1010 cum
1143 954 1277 1020 Deo,
1310 964 1362 1010 et
1382 955 1641 1020 assistite,
1669 955 1957 1009 induentes

377 1067 530 1105 arma
581 1050 808 1120 spiritus
842 1049 1107 1104 adversus
1145 1049 1507 1120 malignantes
1552 1057 1742 1102 contra
1798 1048 1954 1101 fidem

375 1143 516 1212 ejus,
535 1150 590 1196 et
613 1118 874 1210 probetur
901 1140 1126 1210 spiritus
1149 1118 1444 1208 sapienter.
1476 1139 1528 1192 id
1557 1147 1662 1203 est,
1693 1137 1858 1191 verba
1888 1136 1956 1190 il-

377 1236 580 1298 lorum,
609 1233 654 1286 si
686 1247 755 1286 ex
787 1230 895 1286 Deo
932 1240 1078 1286 sunt.
1125 1229 1400 1300 Scriptum
1438 1238 1522 1284 est
1549 1229 1694 1283 enim
1729 1229 1782 1282 in
1809 1226 1959 1282 Jere-

377 1327 530 1382 mia:
567 1345 586 1376 ‹
619 1325 971 1379 Probatorem
1021 1325 1144 1379 dedi
1192 1333 1243 1380 te
1293 1325 1348 1378 in
1395 1324 1594 1394 populo
1633 1337 1755 1376 meo
1794 1322 1960 1376 robu-

378 1427 546 1482 stum,
578 1424 632 1469 et
655 1415 816 1481 scies,
843 1426 898 1469 et
917 1415 1172 1486 probabis
1199 1415 1340 1470 viam
1363 1414 1579 1468 illorum
1600 1413 1663 1466 ¹⁰.
1692 1432 1710 1463 ι
1732 1411 1958 1466 Multum

378 1517 616 1570 namque
645 1502 806 1556 nobis
833 1503 1150 1557 necessaria.
1170 1512 1254 1558 est
1291 1502 1569 1573 vigilantia
1601 1501 1735 1555 tanti
1771 1516 1958 1556 sacra-

378 1595 548 1647 menti
583 1594 865 1664 sapientia:
893 1594 1263 1660 discretionis,
1295 1609 1420 1664 quae
1455 1593 1668 1648 occulta
1711 1593 1960 1646 tenebra-

376 1700 500 1739 rum
549 1686 788 1747 revelat.
837 1686 908 1744 ad
948 1687 1362 1755 requisitionem
1416 1683 1731 1754 hujusmodi
1782 1684 1858 1736 rei
1907 1692 1962 1737 et

378 1779 796 1845 scrutationem,
822 1780 1084 1850 quoniam
1133 1781 1267 1835 latet
1310 1779 1719 1848 quodammodo
1742 1785 1796 1830 et
1835 1777 1960 1830 abs-

2056 587 2290 644 ministri
2320 586 2438 655 ejus
2471 585 2923 653 transfigurentur
2944 577 3088 632 velut
3119 574 3352 632 ministri
3381 573 3629 644 justitite,

2055 695 2288 752 quorum
2317 678 2440 732 finis
2470 685 2557 732 est
2593 673 2894 730 secundum
2929 685 3092 740 opera
3123 683 3314 724 eorum
3357 667 3422 719 υ.
3471 681 3493 717 ι
3522 662 3631 717 Sed

2056 783 2112 830 et
2139 772 2405 827 Dominus
2437 771 2492 824 in
2528 769 2635 823 hoc
2666 764 3032 836 praemuniens
3065 775 3187 828 nos,
3228 758 3336 814 ait:
3370 776 3390 810 ι
3437 755 3633 810 Δῑιειιο

2055 866 2168 920 dite
2193 881 2221 919 a
2252 864 2404 919 falsis
2436 861 2736 932 prophetis,
2771 857 2864 928 qui
2890 856 3118 911 veniunt
3154 853 3221 907 ad
3249 867 3348 906 vos
3380 851 3434 904 in
3467 848 3634 904 vesti-

2056 956 2258 1010 mentis
2285 955 2490 1016 ovium,
2521 950 2851 1004 intrinsecus
2881 954 3063 1000 autem
3093 950 3221 998 sunt
3243 941 3355 1011 lupi
3383 955 3629 1010 rapaces.

2056 1047 2103 1099 A
2138 1044 2406 1099 fructibus
2455 1056 2646 1097 eorum
2693 1036 3038 1109 cognoscetis
3076 1048 3174 1089 eos
3217 1035 3283 1086 ⁸³.
3335 1051 3356 1084 ι
3403 1031 3547 1101 Ergo
3577 1029 3632 1084 in

2058 1138 2295 1207 idipsum
2325 1151 2392 1190 ex
2427 1142 2540 1188 toto
2582 1132 2742 1186 corde
2778 1137 2960 1184 vestro
2997 1126 3242 1182 referetis
3282 1133 3406 1179 ante
3451 1123 3633 1176 omnia

2061 1245 2225 1299 super
2263 1227 2356 1281 tali
2386 1225 2685 1296 quaestione
2719 1220 3176 1292 deprecationem,
3211 1226 3266 1271 et
3289 1215 3481 1270 dicetis
3509 1229 3635 1268 cum

2060 1319 2260 1375 David:
2300 1336 2319 1371 ί
2351 1318 2557 1372 Βενθιειι
2581 1315 2771 1370 oculos
2801 1326 2972 1378 meos,
3001 1318 3055 1366 et
3081 1307 3440 1364 considerabo
3469 1307 3638 1360 mira-—

2058 1412 2190 1467 bilia
2243 1411 2309 1466 de
2359 1410 2477 1480 lege
2522 1419 2636 1462 tua.
2667 1405 2914 1460 Lucerna
2943 1402 3174 1473 pedibus
3218 1400 3356 1456 meis
3407 1398 3638 1454 verbum

2061 1513 2238 1570 tuum,
2266 1511 2320 1556 et
2351 1501 2529 1556 lumen
2562 1499 2770 1555 semitis
2805 1497 2942 1552 meis
2977 1495 3041 1549 ¹³.
3076 1514 3094 1547 ι
3128 1493 3395 1560 Quoniam
3417 1533 3433 1556 ,
3467 1500 3527 1544 ut
3564 1490 3641 1544 ait

2060 1597 2252 1652 beatus
2301 1594 2490 1649 Daniel
2537 1591 2849 1662 propheta:
2891 1607 2910 1642 ι
2961 1586 3236 1657 Sapientia
3277 1593 3330 1640 et
3377 1581 3641 1638 fortitudo

2059 1689 2180 1758 ejus
2207 1695 2352 1742 sunt.
2383 1684 2486 1739 Dat
2510 1683 2836 1753 sapientiam
2870 1678 3230 1750 sapientibus,
3262 1684 3317 1731 et
3356 1674 3642 1730 scientiam

2063 1779 2492 1850 intelligentibus
2531 1774 2900 1844 disciplinam.
2950 1773 3069 1841 lpse
3116 1769 3322 1826 revelat
3370 1766 3643 1839 profunda

377 1873 650 1938 οοηάίῐυΐ,
687 1873 891 1942 vixque
938 1872 1420 1942 comprehenditur
1471 1869 1662 1925 dolosa
1694 1867 1964 1923 exsistens
1999 1868 2037 1925 Β
2066 1878 2121 1924 et
2152 1866 2494 1931 abscondita,
2523 1873 2576 1919 et
2602 1863 2754 1918 novit
2780 1862 2834 1916 in
2855 1861 3096 1916 tenebris
3118 1859 3440 1922 constituta,
3468 1867 3521 1912 et
3549 1857 3641 1911 lux

377 1963 608 2030 malitia,
638 1979 738 2034 pro
763 1980 829 2019 eo
864 1964 1011 2034 quod
1048 1965 1150 2019 sibi
1185 1965 1434 2033 pietatem
1468 1962 1661 2016 callide
1705 1957 1951 2014 blandia-

377 2066 501 2122 tur,
552 2067 610 2111 ut
648 2058 826 2111 valeat
869 2058 1234 2113 scrutantium
1285 2064 1519 2109 mentem
1561 2053 1750 2106 latere.
1802 2049 1958 2116 Quod

376 2150 567 2219 utique
601 2150 782 2204 sciens
813 2149 1005 2203 beatus
1040 2148 1353 2219 Apostolus,
1393 2147 1500 2199 ait:
1534 2165 1551 2196 ς
1591 2142 1725 2199 Nam
1766 2142 1960 2210 hujus-

377 2241 526 2295 modi
571 2239 1060 2310 pseudo-apostoli,
1106 2240 1341 2308 Operarii
1392 2237 1631 2302 subdoli,
1673 2235 1963 2303 transﬁgu-

377 2340 504 2387 mnt
523 2345 582 2386 se
601 2331 657 2384 in
679 2331 958 2399 apostolos
981 2330 1205 2386 Christi.
1234 2328 1338 2386 Sed
1362 2343 1470 2383 non
1498 2324 1961 2396 mirum,§quando

2059 1974 2186 2016 cum
2220 1974 2285 2014 eo
2314 1968 2417 2013 est.
2442 1955 2581 2022 Quia
2606 1954 2927 2024 sapientiam
2953 1959 3008 2006 et
3030 1949 3410 2004 fortitudinem
3445 1947 3643 2004 dedisti

2064 2051 2223 2118 mihi,
2253 2061 2306 2104 et
2332 2046 2619 2104 ostendisti
2648 2045 2783 2100 mihi
2807 2059 2929 2114 qua:
2955 2041 3140 2112 rogavi
3176 2049 3226 2095 te
3262 2041 3325 2092 ’⁵.
3358 2059 3377 2093 ι

2135 2142 2270 2196 Data
2305 2157 2338 2194 χ
2378 2138 2648 2200 Kalendas
2686 2136 2854 2202 Junii,
2886 2134 3124 2204 Cethego
3153 2143 3207 2186 et
3239 2131 3400 2187 Claro
3441 2130 3484 2164 “
3512 2129 3650 2185 viris

2065 2231 2389 2288 clarissimis
2419 2230 2740 2285 consulibus
2775 2227 2836 2281 ¹⁶.

381 2699 648 2766 Decreta
684 2694 928 2755 Soteris
975 2709 1170 2771 papae,
1197 2689 1553 2753 secundum
1588 2688 1990 2775 Gratianum,
2026 2703 2168 2825 {iulia
2206 2702 2336 2748 non
2367 2685 2688 2750 habentur
2720 2685 2787 2747 in
2829 2685 3159 2764 prioribus
3209 2684 3644 2748 decretalibus

1880 2781 2017 2825 ems
2052 2782 2088 2825 ο
2122 2782 2199 2825 ιε.

1880 2781 2199 2841 epistous.

381 2956 752 3015 Juramenmm
794 2957 992 3013 malum
1037 2957 1175 3026 quod
1223 2956 1430 3007 incaute
1476 2954 1806 3024 promittitur
1857 2967 1966 3004 non.

951 3039 1025 3080 est
1058 3026 1276 3079 servand
1284 3041 1393 3078 um.

457 3150 497 3180 "
539 3147 596 3201 Si
627 3147 830 3216 aliquid
868 3145 1006 3199 forte
1040 3143 1315 3198 incautius
1345 3155 1445 3194 nos
1476 3139 1692 3210 jurasse
1715 3137 1963 3207 contige-

384 3243 476 3308 rit,
508 3241 652 3310 quod
683 3241 1029 3293 observatum
1068 3235 1122 3288 in
1149 3235 1386 3304 pejorem
1423 3242 1609 3300 vergat
1632 3231 1861 3294 exitum,
1896 3230 1964 3281 il-

384 3335 478 3390 lu-d
507 3333 710 3389 salubri
738 3330 969 3385 consilio
999 3327 1322 3382 mutandum
1347 3326 1680 3386 noverimus,
1714 3331 1768 3376 et
1792 3321 1968 3391 magis

389 3426 630 3480 instante
660 3421 981 3475 necessitate
1013 3414 1401 3486 perjurandum
1445 3413 1623 3478 nobis,
1662 3425 1826 3480 quam
1869 3425 1965 3479 pro

2071 2961 2332 3022 sequatur
2378 2954 2722 3024 intrepidus,
2771 2962 2825 3011 et
2871 2952 3104 3010 ofﬁcium
3155 2956 3429 3026 inceptum
3475 2958 3649 3012 adim-

2069 3045 2213 3114 pleat
2242 3047 2311 3101 ²⁹.
2360 3047 2694 3104 Censuimus
2726 3063 2856 3120 ergo
2883 3050 3198 3112 convenire,
3240 3059 3300 3104 ut
3332 3066 3456 3105 cum
3491 3066 3522 3104 a
3560 3067 3650 3105 sa-

2070 3139 2384 3194 cerdotibus
2417 3141 2709 3196 missarum
2747 3153 2987 3212 tempore
3019 3158 3173 3196 sacra
3220 3143 3479 3213 mySteria
3523 3158 3654 3197 con-

2073 3245 2386 3300 secrantur,
2427 3235 2474 3288 si
2514 3233 2854 3305 aegritudinis
2887 3236 3098 3289 accidat
3134 3235 3364 3304 quilibet
3402 3245 3652 3300 eventus,

2070 3342 2181 3396 quo
2212 3335 2448 3394 cceptum
2500 3335 2733 3397 nequeat
2772 3327 2975 3394 expleri
3019 3326 3376 3397 mysterium,
3422 3325 3492 3380 sit
3522 3325 3656 3381 libe-

2071 3435 2193 3472 rum
2226 3420 2479 3488 episcopo
2524 3420 2606 3472 vel
2647 3419 2962 3488 presbytero
2992 3418 3074 3472 vel
3107 3417 3219 3483 alii,
3262 3427 3320 3471 ut
3363 3433 3654 3472 consecra-

389 3516 876 3586 factojuramento,
896 3512 948 3565 in
977 3509 1122 3564 aliud
1140 3509 1346 3564 crimen
1367 3507 1542 3575 majus
1562 3503 1960 3559 divertendum.
1995 3490 2039 3551 C
2071 3509 2274 3564 ιῙοηρηι
2324 3510 2539 3577 expleat
2589 3507 2749 3562 omcﬁ
2809 3509 2994 3578 (χωρεῖ,
3031 3505 3150 3561 Non
3201 3509 3348 3561 enim
3404 3507 3548 3562 aliud
3584 3509 3653 3561 ad

391 3634 624 3703 Quisque
663 3625 1326 3703 sacriﬁcanssacerdotcm
1390 3623 1616 3703 habent,
1676 3620 1968 3699 quicaepta

531 3691 863 3758 sacramenta
886 3699 1113 3768 expleat,
1157 3697 1201 3747 si
1238 3696 1519 3746 necessitas
1550 3691 1824 3760 ingruerit.

469 3817 510 3852 "
547 3816 618 3872 Ut
656 3815 790 3884 illud
817 3811 986 3868 divini
1017 3807 1224 3864 oraculi
1273 3805 1547 3858 monentis
1585 3802 1788 3873 singuli
1827 3817 1969 3870 prae-

395 3920 650 3974 caveant,
687 3923 795 3979 quo
823 3903 1115 3962 scribitur:
1154 3917 1173 3950 ‹
1210 3899 1302 3952 Vae
1339 3897 1478 3962 soli,
1511 3897 1638 3967 quia
1671 3910 1796 3950 cum
1832 3893 1974 3948 ceci—

394 4001 558 4069 derit,
585 4016 695 4054 non
727 3999 891 4053 habet
925 3994 1298 4050 sublevantem
1335 3990 1409 4055 ‘9;
1450 4008 1468 4040 ι
1508 4002 1854 4055 summopere
1878 4001 1974 4038 ve-

393 4094 623 4149 rendum
655 4100 740 4147 est
787 4089 946 4144 nobis
995 4093 1158 4153 atque
1193 4081 1518 4145 cavendum,
1565 4094 1632 4132 ne
1675 4078 1826 4132 horis
1867 4077 1976 4134 illis

395 4195 561 4256 atque
589 4181 949 4253 temporibus,
985 4179 1187 4249 quibus
1216 4175 1328 4229 Deo
1358 4170 1611 4242 psallitur
1643 4169 1726 4222 vel
1762 4167 1979 4222 sacrifi—

397 4286 586 4344 catur,
627 4274 926 4343 unicuique
976 4270 1176 4326 divinis
1218 4264 1569 4337 singulariter
1599 4259 1792 4315 officiis
1840 4259 1978 4314 insi-

398 4368 586 4435 stenti,
629 4366 936 4438 perniciosa
968 4361 1173 4434 passio,
1220 4360 1306 4414 vel
1329 4356 1584 4428 quaelibet
1614 4352 1861 4423 corporis
1897 4353 1982 4404 in-

402 4459 682 4528 valetudo.
706 4465 984 4517 occurrat.
1025 4469 1146 4524 quae
1181 4459 1275 4506 aut
1324 4463 1525 4518 corpus
1562 4445 1744 4501 subito
1789 4442 1982 4498 subrui

402 4554 588 4616 faciat,
633 4563 729 4606 aut
766 4557 1003 4604 mentem
1039 4544 1368 4601 alienatione
1400 4541 1482 4595 vel
1515 4549 1718 4593 terrore
1745 4533 1982 4591 confun-

401 4647 515 4701 dat.
558 4643 664 4698 Pro
693 4639 1007 4710 hujusmodi
1049 4652 1178 4707 ergo
1215 4634 1435 4694 casibus
1466 4637 1852 4702 praecaventes,
1887 4641 1985 4680 ne-

403 4733 711 4790 cessarium
733 4728 990 4786 duximus
1018 4725 1326 4790 instituere,
1383 4729 1442 4775 ut
1491 4720 1584 4774 ubi
1614 4717 1875 4787 temporis
1903 4717 1985 4770 vel

405 4826 513 4881 loci
553 4824 667 4879 sive
700 4819 832 4876 cleri
861 4819 1017 4888 copia
1063 4816 1409 4886 suffragatur,
1465 4811 1664 4867 habeat
1711 4808 1983 4881 (quisquis

407 4916 520 4986 ille)
551 4928 754 4970 canens
787 4909 898 4966 Deo
921 4918 977 4965 et
1006 4907 1341 4972 sacriﬁcans,
1387 4912 1513 4974 post
1557 4917 1617 4957 se
1647 4900 1814 4956 vicini
1841 4901 1982 4956 sola-

410 5006 576 5064 minis
599 5005 927 5074 adjutorem,
960 5010 1020 5054 ut
1051 5000 1096 5054 si
1129 4999 1313 5066 aliquo
1341 5010 1475 5050 casu
1524 4994 1635 5059 ille,
1681 4992 1775 5062 qui
1808 4989 1983 5045 ofﬁcia

412 5096 737 5166 impleturus
772 5092 999 5157 accedit,
1034 5091 1284 5144 turbatus
1317 5085 1501 5148 fuerit,
1552 5085 1634 5138 vel
1670 5084 1738 5138 ad
1782 5091 1983 5136 terram

2074 3601 2509 3669 supplementum
2556 3600 2790 3654 initiatis
2837 3599 3110 3670 mysteriis
3154 3601 3446 3670 competit,
3486 3617 3654 3670 quam

2076 3703 2170 3748 aut
2201 3691 2508 3761 incipientis
2548 3700 2644 3746 aut
2683 3690 3068 3759 subsequentis
3113 3691 3382 3759 explenda
3432 3691 3658 3745 benedi-

2075 3785 2182 3840 ctio
2212 3783 2510 3840 sacerdotis
2555 3782 2724 3852 :quia
2771 3797 2868 3834 nec
2917 3780 3155 3850 perfecta
3193 3781 3359 3835 videri
3403 3789 3656 3850 possunt,

2075 3878 2184 3932 nisi
2235 3874 2585 3946 perfectionis
2630 3875 2822 3929 ordine
2881 3874 3297 3942 compleantur;
3332 3889 3456 3928 cum
3509 3873 3656 3927 enim

2077 3984 2247 4026 unum
2278 3982 2472 4023 sumus
2500 3981 2692 4021 omnes
2738 3967 2792 4020 in
2835 3964 3088 4031 Christo,
3136 3965 3272 4023 nihil
3320 3963 3656 4020 contrarium

2077 4063 2366 4119 diversitas
2391 4060 2609 4127 format,
2637 4059 2730 4114 ubi
2753 4057 3045 4114 efﬁcaciam
3071 4056 3450 4126 prosperitatis
3475 4055 3659 4111 unitas

2079 4156 2201 4211 fidei
2255 4161 2626 4224 repraasentat.
2661 4150 2819 4218 Quod
2865 4150 3028 4206 etiam
3074 4149 3421 4212 consultum,
3476 4149 3659 4202 cuncti

2079 4249 2287 4304 ordinis
2316 4245 2502 4302 clerici
2530 4244 2793 4299 indictum
2828 4244 2911 4297 vel
2941 4241 3211 4296 indultum
3243 4255 3366 4296 esse
3403 4239 3506 4294 sibi
3551 4254 3660 4292 non

2081 4340 2381 4410 ambigam,
2413 4338 2531 4404 sed,
2565 4346 2628 4391 ut
2648 4335 2992 4405 praemissum
3020 4341 3104 4388 est
3132 4333 3184 4386 in
3209 4330 3662 4401 praecedentibus,

2083 4431 2268 4487 statim
2303 4429 2395 4485 alii
2433 4444 2532 4499 pro
2561 4427 2961 4498 complementa
3008 4424 3322 4480 succedant.
3371 4419 3450 4476 Ne
3479 4431 3662 4478 tamen

2083 4522 2230 4592 quod
2272 4534 2480 4575 naturae
2523 4519 2803 4590 languoris
2845 4533 3010 4573 causa
3057 4516 3381 4579 consulitur,
3426 4515 3482 4567 in
3528 4529 3667 4583 prae-

2086 4613 2418 4683 sumptionis
2487 4613 2787 4683 perniciem
2859 4616 3244 4672 convertatur,
3306 4606 3490 4661 nullus
3542 4613 3667 4674 post

2087 4705 2270 4760 cibum
2320 4713 2658 4774 potumque,
2708 4703 2822 4757 sive
2865 4700 3144 4771 quodlibet
3183 4696 3470 4752 minimum
3515 4711 3666 4750 sum-

2089 4805 2282 4865 ptum,
2327 4795 2526 4849 missas
2569 4793 2785 4858 facere,
2837 4791 3130 4859 nullusque
3177 4789 3384 4857 absque
3431 4785 3666 4856 patentis

2090 4887 2356 4944 molestiae
2409 4895 2674 4956 proventu
2701 4884 2952 4938 minister
2977 4883 3063 4937 vel
3094 4881 3372 4947 sacerdos,
3405 4895 3528 4933 cum
3553 4892 3669 4933 cm-

2091 4981 2267 5052 perit,
2310 4978 2626 5049 imperfecta
2667 4975 2843 5035 ofﬁcia
2887 4982 3183 5046 praesumat
3223 4973 3448 5028 omnino
3499 4969 3668 5025 relin-

2091 5088 2278 5143 quere.
2326 5071 2383 5126 Si
2417 5072 2543 5136 quis
2589 5072 2701 5123 haec
2751 5067 3037 5122 temerarie
3085 5061 3524 5134 przesumpserit,
3567 5075 3666 5113 ex-

411 5188 603 5251 elisus,
639 5203 668 5241 a
714 5193 866 5254 tergo
893 5197 1106 5241 semper
1137 5180 1353 5240 habeat,
1394 5177 1486 5247 qui
1528 5176 1649 5244 ejus
1686 5176 1860 5230 vicem
1894 5188 1988 5229 ex-
2018 5166 2063 5220 D
2092 5162 2610 5221 communicationis
2633 5159 2955 5214 sententiam
2995 5155 3304 5213 sustinebit.

491 5457 514 5488 ⁷
543 5458 586 5510 ll
617 5455 744 5511 Cor.
794 5471 870 5516 ιι,
904 5456 960 5509 ‘2.

420 5527 460 5560 ¹¹
495 5525 533 5579 11
561 5527 684 5582 Cor.
722 5542 797 5588 XI,
849 5526 1036 5580 15-15.

419 5610 468 5650 et
507 5597 680 5650 σιω-ο.
734 5595 902 5649 Hann.

1119 5526 1161 5555 ι’
1189 5522 1504 5579 Μειῐιιιζνιι.
1533 5523 1620 5584 15,
1651 5522 1738 5576 16.

1039 5454 1060 5487 ⁸
1096 5454 1154 5508 S.
1195 5454 1305 5508 Leo
1351 5454 1511 5523 epist.
1557 5453 1670 5523 40.7
1723 5453 1744 5485 ’
1775 5452 1834 5508 S.
1870 5451 2131 5523 Martinus
2164 5449 2218 5504 in
2258 5463 2376 5523 εῖτ).
2407 5445 2760 5523 Da_teranen‘51
2796 5443 3116 5523 consn_tt.nt_5'.
3197 5443 3248 5523 ’.ζ
3266 5443 3465 5523 iterent.

2401 5495 2534 5568 {03.—
2577 5495 2648 5544 n“
2684 5511 2816 5563 Dan.
2847 5523 2908 5574 ll,
2935 5505 3127 5580 20-2_5_.
3280 5503 3340 5580 in.
3364 5514 3466 5580 Ins.
3498 5495 3674 5580 (Ie-ligo

987 5596 1031 5627 ¹⁶
1065 5595 1293 5649 Aberrat
1337 5609 1551 5663 quoque
1592 5593 1678 5646 hic
1718 5594 2034 5647 consulatus
2078 5607 2167 5663 an.
2221 5589 2322 5642 170
2363 5585 2574 5663 affixus.

3197 5432 3239 5464 ¹⁰
3266 5430 3465 5485 Jerem.
3495 5442 3570 5491 vr,
3603 5419 3692 5479 2'7.

2653 5581 2695 5612 ⁸⁷
2727 5581 2816 5642 22,
2861 5566 2915 5646 (ι’.
2944 5579 2978 5632 4
3006 5595 3018 5630 :
3054 5575 3112 5630 Si
3138 5569 3360 5646 aliquid.
3393 5570 3468 5646 Ita
3508 5566 3673 5646 etiam

420 5667 600 5721 celeri
635 5665 971 5722 col‘lectores.
1011 5665 1114 5719 Sed
1167 5635 1367 5719 eademI
1409 5635 1571 5718 ca'usa
1607 5673 1658 5716 et
1705 5635 2241 5730 (idmstioiievcitatur
2289 5635 3051 5730 ex__Dedze:_h_omiliaA4'-t,_In
3080 5635 3248 5726 natali
3282 5637 3468 5730 decu“.
3501 5635 3673 5730 sanlcti

421 5707 1658 5790 natura:3:55.33.‘.i3;a';;c.:'"rrti;
1680 5707 2003 5798 suam:
2032 5707 2503 5800 di'i§éi.'i':"ltiud
2537 5723 2794 5800 αευεητ.
2821 5707 2970 5799 Qu...
3225 5722 3306 5770 es.
3343 5727 3407 5767 ει
3442 5707 3672 5765 omnm.

425 5805 687 5863 Toletano
716 5823 790 5872 χι,
815 5822 936 5875 cap.
972 5807 1057 5860 14.
1088 5804 1257 5860 ΙΙΑΜ).

1344 5807 1383 5837 ¹⁰
1414 5804 1590 5861 Ecclc.
1628 5821 1699 5869 iv,
1731 5791 1828 5859 1οξ
1896 5805 1938 5836 ³ο
1969 5791 2239 5857 Hactenus
2281 5806 2488 5853 tantum
2530 5793 2669 5863 apud
2701 5791 3043 5847 Gratianum.
