4130 6378
357 325 486 380 HM

1788 283 2182 372 'Erts'roue.

3483 295 3620 349 Hi?

357 442 662 514 gislatorem
700 440 951 493 docuisse
982 458 995 492 :
1039 459 1056 487 ‹
1099 435 1293 491 Omnia
1342 449 1462 502 quae
1514 433 1718 486 creavit
1768 431 1933 494 Deus,
1967 435 2012 491 A
2042 438 2150 483 tata
2187 429 2226 458 ³¹
2268 425 2337 480 sit
2373 423 2616 492 plcniter.
2645 420 2686 449 ³²
2710 416 2816 470 Nec
2850 415 3186 485 litigantibus
3208 411 3435 480 3"judex
3475 413 3624 480 prius

351 543 506 586 erant
539 532 695 584 valde
729 532 866 583 bona
899 531 964 582 ⁸⁸⁵.
1005 549 1022 580 ι
1057 530 1121 582 Et
1154 529 1270 596 ipsa
1318 542 1414 596 per
1458 541 1515 580 se
1551 525 1763 580 Veritas
1815 525 1928 578 ait:

357 644 378 675 (
413 622 530 676 Non
567 623 708 691 quod
747 621 912 675 intrat
946 621 998 674 in
1035 637 1097 674 os
1143 620 1459 688 coinquinat
1493 617 1801 677 hominem,
1839 615 1931 668 sed

349 714 495 783 quod
523 715 652 766 ‘evit
697 713 764 766 de
821 728 915 766 ore
945 713 1011 765 ³⁵.
1052 732 1068 762 ι
1107 710 1260 764 Unde
1315 717 1528 766 constat
1580 724 1686 760 non
1739 707 1935 761 debere

353 807 576 859 refutari
612 822 768 860 escas
799 821 1141 865 communes,
1173 819 1310 874 quas
1371 803 1515 856 Deus
1546 802 1611 854 ad
1662 802 1812 856 cibos
1839 808 1936 854 tri-

352 899 470 952 buit
517 899 764 952 fidelibus
808 900 941 953 suis.
973 898 1038 950 Et
1088 899 1142 951 in
1184 897 1410 949 Actibus
1461 896 1832 964 apostolorum
1869 895 1936 948 de

355 991 573 1044 mundis
606 991 746 1045 escis
793 990 989 1060 legitur
1025 990 1097 1043 ita
1129 1008 1143 1043 :
1181 1009 1198 1039 ι
1236 989 1457 1042 Postera
1508 999 1686 1042 autem
1723 987 1809 1040 die
1836 988 1936 1040 iter

356 1082 463 1137 illis
514 1081 840 1136 facientibus
887 1081 1198 1135 domesticis
1227 1122 1240 1142 ,
1291 1091 1344 1136 et
1374 1080 1936 1151 appropinquantiluis

352 1173 582 1234 civitati,
634 1172 883 1225 ascendit
939 1170 1134 1224 Petrus
1189 1172 1240 1223 in
1291 1173 1592 1240 superiora,
1650 1178 1710 1224 ut
1755 1178 1938 1222 oraret

353 1265 500 1319 circa
550 1265 739 1318 horam
777 1274 1007 1318 sextam.
1062 1261 1126 1315 Et
1173 1278 1296 1316 cum
1345 1263 1598 1326 esuriret,
1643 1261 1810 1314 voluit
1841 1276 1938 1326 gu-

354 1366 521 1409 stare.
571 1354 896 1409 Parantibus
950 1365 1129 1408 autem
1181 1355 1296 1419 eis,
1345 1355 1540 1408 cecidit
1593 1369 1756 1423 super
1809 1369 1934 1408 eum

354 1448 556 1502 mentis
588 1463 868 1512 excessus,
917 1457 969 1500 et
1013 1448 1148 1500 vidit
1195 1449 1392 1501 coelum
1443 1456 1712 1516 apertum,
1759 1454 1812 1500 et
1845 1447 1938 1500 de-

354 1539 624 1593 scendens
671 1555 768 1593 vas
823 1538 1102 1608 quoddam
1129 1581 1142 1604 ,
1183 1540 1329 1592 velut
1366 1540 1589 1592 linteum
1654 1553 1934 1608 magnum,

354 1639 592 1697 quatuor
629 1628 801 1683 initiis
833 1628 1077 1682 submitti
1111 1628 1178 1682 de
1205 1629 1344 1682 caelo
1375 1631 1429 1681 in
1472 1636 1692 1692 terram,
1730 1629 1782 1681 in
1822 1643 1933 1697 quo

353 1730 512 1773 erant
557 1723 738 1774 omnia
792 1720 1160 1790 quadrupedia
1223 1729 1278 1774 et
1327 1722 1598 1789 serpentia
1651 1730 1827 1786 terms,
1886 1729 1939 1772 et

353 1809 594 1862 volatilia
629 1808 774 1863 coeli.
811 1807 878 1862 Et
902 1808 1043 1863 facta
1068 1817 1152 1863 est
1184 1825 1288 1864 vox
1323 1809 1390 1863 ad
1423 1824 1547 1863 eum
1578 1827 1592 1862 ε
1619 1807 1812 1877 Surge,
1841 1806 1940 1862 Pe-

354 1909 458 1965 tre,
494 1903 679 1956 occide
712 1912 766 1956 et
799 1903 1088 1957 manduca.
1138 1903 1228 1956 Ait
1272 1912 1452 1957 autem
1495 1901 1684 1956 Petrus
1717 1921 1730 1956 :
1764 1902 1938 1965 Absit,

355 1992 606 2060 Domine,
634 1997 762 2064 quia
794 2010 1071 2064 nunquam
1109 1995 1430 2048 manducavi
1461 2009 1622 2048 omne
1651 2009 1942 2047 commune

355 2094 412 2140 et.
445 2087 826 2140 immundum!
877 2085 941 2139 Et
965 2102 1066 2139 vox
1105 2087 1302 2140 iterum
1359 2087 1600 2140 secundo
1647 2086 1713 2138 ad
1766 2100 1890 2138 eum
1928 2102 1940 2136 :

355 2179 510 2244 Quod
545 2177 686 2233 Deus
717 2179 1041 2248 purificavit,
1067 2187 1122 2231 tu
1151 2193 1441 2232 commune
1477 2193 1543 2230 ne
1576 2175 1798 2231 dixeris.
1830 2174 1942 2229 Hoc

356 2280 536 2324 autem
575 2270 777 2325 factum
813 2285 897 2326 est
930 2290 1025 2343 per
1059 2285 1159 2329 ter.
1195 2273 1262 2327 Et
1305 2273 1488 2326 statim
1524 2286 1620 2324 vas
1666 2279 1938 2338 receptum

355 2371 442 2416 est
474 2363 526 2416 in
565 2364 760 2418 cadum
798 2365 862 2416 ’⁸.
907 2384 926 2416 ι

457 2614 535 2670 De
573 2616 1004 2670 accusationibus
1035 2617 1396 2686 episcoporum
1429 2630 1475 2671 et
1510 2619 1840 2672 clericorum.

432 2725 509 2782 De
542 2729 989 2783 accusationibus
1025 2743 1154 2798 ergo
1186 2730 1534 2794 clericorum,
1559 2744 1722 2798 super
1743 2729 1944 2798 quibus

358 2820 596 2872 consulti
651 2835 884 2885 sumus,
935 2820 1062 2889 quia
1115 2835 1307 2876 omnes
1340 2837 1532 2874 eorum
1570 2821 1946 2876 accusationes

359 2910 578 2965 difﬁcile
613 2921 697 2966 est
729 2913 796 2966 ad
834 2913 1012 2966 sedem
1049 2915 1405 2982 apostolicam
1459 2915 1703 2979 deferre,
1740 2914 1944 2968 finitiva

361 3005 745 3072 episcoporum
777 3014 987 3059 tantum
1011 3005 1214 3074 judicia
1243 3007 1348 3060 huc
1382 3007 1715 3072 deferantur,
1749 3017 1805 3060 ut
1843 3008 1945 3060 bu-

362 3095 452 3163 ith
478 3106 680 3148 sancta:
709 3095 863 3148 sedis.
891 3094 1212 3148 auctoritate
1237 3095 1513 3158 liniantur,
1542 3095 1684 3148 sicut
1715 3094 1784 3146 ab
1818 3107 1946 3160 apo-

364 3186 517 3240 stolis
549 3201 850 3255 eorumque
883 3187 1314 3248 successoribus,
1344 3187 1637 3239 multorum
1674 3201 1946 3240 consensu

363 3280 746 3347 episcoporum
769 3319 782 3341 ,
835 3278 946 3347 jam
984 3277 1266 3332 definitum
1310 3287 1414 3332 est.
1447 3280 1490 3309 ²⁷
1526 3277 1634 3331 Nec
1668 3279 1720 3330 in
1756 3292 1945 3330 eorum

372 3371 621 3425 ecclesiis
653 3372 744 3425 alii
781 3381 872 3425 aut
907 3382 1312 3440 prmponantur,
1348 3381 1442 3425 aut
1475 3372 1815 3434 ordinentur,
1853 3385 1950 3422 an-

377 3473 593 3531 tequam
671 3465 760 3518 hic
829 3480 1018 3520 eorum
1085 3465 1231 3534 juste
1290 3465 1648 3519 terminentur
1713 3463 1945 3531 negotia.

371 3559 419 3589 "'
444 3555 715 3622 Quoniam
743 3559 992 3626 quamvis
1011 3559 1169 3612 liceat
1192 3559 1332 3626 apud
1367 3555 1728 3625 provinciales
1759 3566 1812 3608 et
1839 3569 1950 3606 me-

371 3648 727 3718 tropolitanos
809 3657 969 3717 atque
1044 3648 1306 3716 primates
1340 3661 1528 3701 eorum
1568 3646 1826 3699 ventilare
1860 3661 1953 3698 ac-

372 3742 685 3790 cusationes
721 3737 801 3791 vel
835 3737 1264 3801 criminationes,
1299 3753 1406 3789 non
1444 3746 1623 3789 tamen
1657 3737 1782 3789 licet
1814 3735 1952 3788 difi'i-

375 3828 493 3881 nire
529 3843 690 3882 secus
727 3844 888 3898 quam
928 3830 1240 3897 praedictum
1277 3842 1378 3884 est.
1435 3827 1788 3896 Reliquorum
1826 3842 1953 3879 vero

373 3918 696 3971 clericorum
733 3933 930 3973 causas
975 3919 1118 3987 apud
1155 3919 1515 3987 provinciales
1547 3927 1602 3971 ct
1635 3917 1953 3985 metropoli-

375 4020 534 4065 tauos
563 4027 627 4065 ac
661 4012 941 4080 primates,
977 4022 1031 4066 et
1063 4012 1324 4068 ventilare
1355 4019 1409 4065 et
1438 4011 1584 4080 juste
1617 4010 1773 4063 finire
1809 4010 1950 4063 licet.

375 4103 420 4140 ὐ
453 4101 795 4159 Judicantem
832 4113 1013 4158 tamen
1048 4112 1260 4172 oportet
1292 4114 1487 4158 cuncta
1521 4103 1707 4159 rimari
1738 4103 1780 4134 ³ο
1816 4102 1952 4170 (55),

375 4205 428 4248 et
459 4195 706 4248 ordinem
745 4211 924 4249 rerum
961 4196 1117 4264 plena
1155 4195 1506 4264 inquisitione
1539 4195 1829 4258 discutere,
1868 4195 1954 4246 in~

379 4287 686 4355 terrogandi
741 4303 805 4342 ac
857 4289 1228 4358 proponendi,
1290 4289 1689 4358 adjiciendique
1735 4290 1956 4357 pra-luta

377 4380 634 4453 patientia
660 4383 729 4435 ab
762 4396 846 4446 eo,
872 4392 930 4436 ut
962 4382 1034 4436 ibi
1062 4383 1204 4437 actio
1239 4383 1520 4435 ambarum
1555 4384 1789 4451 partium
1821 4383 1960 4436 limi-

450 4523 504 4555 “
534 4519 668 4575 Gen.
702 4535 741 4582 ιε
771 4521 858 4574 51.

381 4589 633 4654 Quamvis
658 4591 834 4646 liceat.

381 4664 465 4716 tit.
504 4661 590 4722 l8,
626 4673 802 4715 const.
847 4663 898 4716 1.

383 4734 558 4785 uncia:
581 4748 685 4783 non
716 4733 956 4788 modicw.

405 4820 522 4870 iapa
547 4817 610 4855 ex
639 4801 898 4856 Gratiano
928 4803 981 4867 5,

403 4871 556 4926 lano.

382 4955 574 5010 quaest.
601 4943 662 4997 9:
703 4941 934 4997 Caveant
954 4944 1186 5011 judices.

384 5017 505 5068 cod.
539 5012 746 5068 Theod.
775 5023 828 5066 et
847 5014 1047 5067 Aniaui
1081 5015 1570 5082 interpretationes.

937 4523 980 4553 ’⁵
1005 4521 1192 4576 Matth.
1228 4539 1316 4586 xv,
1374 4523 1458 4576 Η.
1563 4523 1608 4553 ’⁸
1643 4523 1757 4574 Act.
1791 4537 1821 4573 x
1846 4561 1860 4582 ,

975 4661 1017 4692 ³¹
1043 4661 1251 4715 limata.
1331 4667 1372 4694 3’
1410 4663 1572 4717 Hadr.
1611 4664 1735 4714 coll.
1768 4663 1858 4714 ’τὶ-4.

455 5133 571 5202 (53)
606 5133 944 5186 Judicantem
979 5140 1150 5184 tamen
1173 5141 1375 5201 oportet
1402 5142 1591 5185 cuncta
1621 5131 1826 5184 rimari.
1998 5133 2038 5184 D

385 5199 513 5258 cum
537 5199 822 5258 verbivrutn
871 5199 1350 5270 argumento'post
1381 5203 1636 5257 Contium
1670 5202 1831 5256 etiam
1860 5199 1962 5251 Ba—

386 5276 594 5334 ronius,
633 5277 770 5327 hanc
808 5273 1090 5342 epistolam
1123 5273 1452 5326 existimavit
1497 5288 1616 5327 esse
1651 5280 1959 5342 corruptam

384 5357 437 5397 et
466 5345 788 5409 adulteram,
807 5340 952 5412 quod
982 5358 1068 5406 ea,
1098 5359 1218 5410 quae
1244 5346 1310 5396 de
1350 5343 1572 5411 judiciis
1604 5343 1657 5394 in
1686 5343 1799 5410 ipsa
1829 5340 1965 5392 scri-

389 5426 610 5476 tauntur,
637 5432 701 5467 ex
731 5415 1122 5468 constitutione
1150 5413 1491 5466 tionstantini
1538 5421 1594 5464 et
1640 5414 1962 5478 interpreta-

392 5486 536 5538 tione
572 5484 637 5536 ad
665 5500 783 5537 eam
814 5483 1083 5552 opposita,
1117 5500 1236 5551 quae
1276 5484 1326 5534 in
1361 5484 1481 5536 cod.
1533 5481 1737 5534 Theod.
1786 5481 1876 5532 lib.
1903 5495 1962 5541 ll,

395 5555 468 5606 lle
498 5554 741 5621 judiciis,
775 5562 972 5619 exstat,
1006 5553 1353 5620 superaddita
1379 5592 1392 5615 ,
1438 5556 1713 5619 exscripta
1757 5566 1810 5602 et
1861 5552 1966 5601 huc

390 5627 649 5677 tr:mslata
678 5623 978 5681 videantur.
1017 5625 1042 5662 υ
1083 5624 1184 5677 Sed
1215 5639 1336 5676 cum
1365 5623 1550 5676 eadem
1597 5623 1734 5675 inl'ra
1767 5624 1819 5672 in
1852 5621 1965 5686 epi-

391 5697 527 5748 stola
557 5694 810 5748 decretali
856 5691 982 5745 Julii
1014 5708 1164 5763 papa:
1201 5695 1266 5746 ad
1303 5695 1611 5754 orientales,
1639 5708 1737 5759 cap
1791 5691 1878 5752 Eii,
1907 5700 1960 5740 et

454 5796 481 5835 ιι
510 5795 653 5845 Errat
687 5795 764 5844 hic
783 5807 980 5857 quoque
1015 5796 1200 5856 Bittius,
1226 5801 1272 5843 ut
1313 5796 1533 5856 pluribus
1562 5795 1644 5844 alii
1677 5795 1873 5842 docent.

1964 4517 2110 4570 9-16.

934 4594 978 4624 ³³
1002 4593 1090 4656 50,
1118 4610 1174 4662 q.
1200 4594 1253 4655 5,
1293 4577 1414 4646 can.
1441 4594 1540 4647 5'0:
1568 4577 1909 4644 Jadicantém
1940 4596 2163 4662 Oportet,
2192 4583 2280 4662 ubi
2318 4583 2626 4662 plut-adut.
2661 4577 2907 4662 (ilonlius.

1939 4643 1981 4689 ³⁵
2010 4643 2205 4709 Amani
2237 4643 2607 4719 interpretatio
2644 4649 2706 4700 ad
2736 4647 2865 4711 imp.
2898 4643 3084 4719 Const.

1035 4734 1079 4763 ³⁵
1104 4733 1254 4786 Felix
1279 4736 1347 4794 ll,
1377 4750 1462 4803 ep.
1491 4735 1541 4798 1,
1566 4751 1613 4786 c.
1646 4733 1821 4792 ‘21);‘2.
1847 4748 1898 4799 q.
1935 4741 1952 4781 ι
1981 4747 1992 4782 :
2026 4727 2174 4779 Nihil
2204 4727 2528 4803 cantuum“
2551 4727 3211 4803 Atn'nroslastermittor.
3246 4727 3394 4803 ἕξων
3419 4727 3476 4803 1;

1017 4819 1072 4871 q.
1099 4803 1162 4857 6:
1197 4803 1255 4858 Si
1281 4777 1396 4872 quis
1413 4776 1696 4864 Iﬂclciticus;
1731 4776 1987 4854 ex‘lvl'one
2022 4816 2102 4866 pm
2122 4809 2157 4849 ι.
2188 4811 2260 4859 vl,
2298 4811 2346 4846 c.
2375 4791 2476 4872 Et“?
2503 4808 2517 4855 ;
2550 4799 2617 4841 ah
2655 4787 2983 4867 lﬂlcutherto.
3009 4791 3061 4832 et
3087 4795 3206 4872 capI
3245 4776 3349 4854 52.9
3373 4793 3401 4828 a
3431 4777 3632 4872 liieliezc.

681 4873 724 4903 ³⁸
757 4871 922 4931 Hadr.
950 4849 1075 4926 doli.
1105 4873 1158 4927 8.
1235 4849 1478 4927 Atiianus
1509 4876 1574 4928 ad
1609 4849 1883 4925 Ntivellam
1923 4849 2280 4921 Valentiniani
2333 4872 2386 4914 et
2423 4849 2677 4912 Marciani
2740 4856 3009 4931 hominem
3063 4849 3339 4931 exhiberi,
3395 4849 3635 4931 cte.‘.r_"5lo

1261 4944 1304 4974 ⁸⁸
1339 4945 1653 5003 Gratianus,
1678 4944 1964 4995 existimet.
2003 4941 2172 4990 llxnu.

1647 5014 1691 5043 δ’
1722 5013 1889 5064 Exod.
1922 5025 2078 5068 xxnt,
2111 5013 2162 5059 τι.

2041 539 2142 580 sua
2177 521 2306 576 velit
2339 515 2606 572 sententia
2640 514 2881 574 obviare,
2937 510 3040 563 nisi
3099 505 3319 578 quando
3354 505 3476 570 ipsi,
3510 503 3621 571 jam

2038 614 2274 688 peractis
2310 609 2583 668 omnibus,
2621 607 2755 659 nihil
2792 602 3107 658 habeant‘in
3143 599 3443 669 quaestione
3478 596 3623 665 quod

2039 713 2364 781 proponant.
2397 702 2462 755 Et
2495 699 2682 788 ta‘ndiu
2719 698 2860 751 actio
2899 694 3207 757 ventiletur,
3231 704 3519 760 quousque
3546 687 3624 741 rei

2040 802 2244 854 veritas
2280 785 2608 850 inveniatur?
2649 789 2980 857 Frequenter
3018 786 3354 852 interrogare
3389 788 3621 849 oportet,

2040 910 2109 947 ne
2165 889 2368 958 aliquid
2424 883 2848 954 przetermissum
2915 877 3056 929 forte
3112 881 3422 937 remaneat,
3477 871 3623 939 quod

2041 981 2256 1035 annecti
2292 974 2597 1031 conveniat.
2635 971 2680 1001 3"
2710 968 2946 1022 lnducia:
2978 967 3121 1019 enim
3152 979 3258 1016 non
3300 963 3525 1014 modicae
3556 963 3623 1012 ad

2039 1072 2421 1143 inquirendum
2449 1066 2640 1121 dandae
2675 1073 2823 1126 sunt,
2861 1062 2904 1092 ³⁵
2941 1075 3008 1113 ne
3043 1057 3246 1126 aliquid
3281 1068 3625 1143 praepropere

2039 1141 2130 1235 agi
2160 1180 2189 1218 a
2223 1175 2548 1232 quacunque
2592 1165 2744 1227 parte
2776 1154 3066 1216 videatur;
3122 1150 3248 1220 quia
3295 1162 3390 1216 per
3435 1141 3622 1199 subre-

2039 1259 2275 1326 ptionem
2311 1252 2484 1306 multa
2522 1246 2868 1318 proveniunt.
2907 1241 3048 1295 Nihil
3087 1249 3263 1294 tamen
3301 1239 3508 1306 absque
3545 1237 3624 1288 le-

2040 1348 2230 1417 gitimo
2264 1352 2318 1398 et
2353 1339 2901 1396 idoneo'accusatore
2937 1335 3050 1387 liat.
3102 1330 3238 1385 Nam
3273 1339 3327 1384 et
3363 1328 3624 1382 Dominus

2041 1449 2226 1492 noster
2250 1435 2408 1490 .lesus
2433 1432 2686 1486 Christus
2711 1427 2906 1481 Judam
2938 1426 2981 1456 ³⁵
3017 1425 3192 1478 furem
3227 1437 3349 1477 esse
3382 1420 3622 1480 sciebat;

2042 1532 2134 1586 sed
2169 1531 2298 1600 quia
2335 1543 2442 1582 non
2478 1532 2562 1579 est
2595 1529 2917 1584 accusatus,
2971 1516 3095 1571 ideo
3130 1514 3237 1568 non
3274 1522 3357 1567 est
3393 1512 3623 1580 ejectus.

2044 1625 2109 1678 Et
2141 1621 2408 1693 quidquid
2435 1621 2576 1671 inter
2612 1613 2887 1682 apostolos
2919 1611 3049 1682 egit,
3085 1624 3184 1676 pro
3218 1607 3479 1675 dignitate
3518 1603 3625 1656 mi—

2044 1714 2253 1769 nisterii
2289 1723 2468 1766 ratum
2506 1708 2727 1763 mansit.
2763 1704 2900 1758 Nam
2953 1704 2996 1757 si
3051 1703 3194 1772 leges
3249 1697 3430 1752 saeculi
3469 1710 3629 1748 accu-

2045 1817 2254 1862 satores
2290 1804 2603 1873 requirunt,
2629 1810 2836 1871 quanto
2884 1797 3057 1866 magis
3113 1791 3494 1848 ecclesiastica:
3543 1805 3629 1841 re-

2045 1901 2204 1970 gulae.
2259 1897 2462 1950 Docent
2494 1895 2638 1948 enim
2677 1890 2952 1945 terrestria
2988 1895 3046 1941 et-
3077 1887 3338 1948 humana,
3371 1896 3493 1951 quas
3517 1880 3631 1935 sint

2045 1991 2415 2046 ecclesiastica
2452 1999 2613 2055 atque
2647 1983 2908 2038 cmlestia.

2791 2073 2880 2127 Ill.

2156 2176 2230 2229 De
2253 2171 2677 2227 accusationibus
2709 2167 2942 2219 omnium
2975 2161 3517 2231 comprovincialium.

2120 2267 2194 2322 De
2246 2263 2688 2321 accusationibus
2755 2274 2882 2311 vero
2939 2252 3488 2324 comprovincialilms
3552 2249 3624 2302 ita

2047 2364 2240 2432 legitur
2271 2374 2393 2412 esse
2419 2366 2682 2412 statutum
2710 2353 2753 2382 ³⁷
2794 2370 2804 2403 :
2847 2349 3062 2416 Siquis
3097 2361 3260 2415 super
3293 2341 3628 2412 quibuslibet

2046 2449 2365 2506 criminibus
2399 2447 2695 2516 quemlibet
2723 2443 2980 2498 clericum
3018 2437 3341 2507 pulsandum
3379 2433 3629 2487 credide-

2047 2545 2136 2607 rit,
2177 2543 2230 2595 in
2266 2539 2568 2610 provincia,
2595 2539 2648 2590 in
2685 2552 2792 2606 qua
2826 2532 3076 2587 consistit
3105 2531 3190 2582 ille
3227 2527 3317 2599 qu—i
3355 2527 3626 2594 pulsatur,

2047 2649 2177 2691 suas
2204 2640 2456 2688 exerceat
2487 2631 2753 2692 actiones,
2791 2627 2837 2658 ³⁸
2877 2641 2975 2678 nec
3009 2623 3240 2677 aestimet
3273 2620 3316 2650 ³³
3345 2633 3468 2671 eum
3502 2616 3630 2668 alibi

2048 2737 2141 2783 aut
2168 2727 2383 2795 longius
2418 2724 2484 2778 ad
2521 2722 2786 2793 judicium
2817 2717 3245 2787 protrahendum
3282 2711 3348 2766 ⁵ο.
3388 2710 3466 2762 Illi
3500 2723 3632 2761 vero

2049 2821 2140 2890 qui
2179 2819 2427 2889 pulsatus
2462 2814 2647 2877 fuerit,
2673 2813 2719 2867 si
2748 2811 2988 2880 judicem
3017 2813 3329 2875 suspectum
3359 2801 3630 2864 habuerit,

2050 2913 2209 2966 liceat
2243 2910 2533 2979 appellare.
2575 2907 2818 2958 Caveant
2872 2901 3038 2955 etiam
3088 2897 3301 2967 judices
3353 2892 3629 2952 Ecclesiaa,

2053 3020 2120 3059 ne
2157 3005 2381 3057 absente
2419 3015 2484 3054 eo
2517 2999 2675 3066 cujus
2723 3010 2889 3050 causa
2931 2991 3254 3055 ventilatur,
3307 2988 3631 3042 sententiam

1976 3121 2016 3177 ρ
2053 3095 2354 3166 proferant,
2400 3093 2528 3161 quia
2565 3091 2716 3142 irrita
2748 3089 2870 3150 erit,
2902 3086 3010 3137 imo
3050 3084 3212 3136 etiam
3244 3091 3298 3134 et
3323 3094 3546 3132 causam
3579 3077 3632 3128 in

2055 3187 2262 3259 synodo
2296 3201 2395 3255 pro
2431 3184 2572 3237 facto
2603 3183 2829 3236 dabunt.
2860 3179 2899 3209 “
2925 3175 3226 3231 Proditoris
3252 3189 3381 3226 vero
3417 3186 3514 3226 nec
3543 3185 3634 3224 ca-

2055 3281 2280 3344 lumnia,
2325 3294 2421 3332 nec
2469 3292 2571 3328 vox
2608 3274 2881 3327 audiatur.
2917 3268 3086 3322 Nemo
3139 3267 3283 3320 enim
3331 3264 3633 3318 debitorem

2054 3372 2287 3441 amplius
2338 3375 2514 3438 potest
2568 3377 2919 3435 cognoscere,
2956 3373 3120 3428 quam
3177 3357 3286 3421 ille,
3343 3355 3437 3422 qui
3487 3351 3634 3421 inju-

2053 3466 2190 3518 riam
2224 3465 2454 3533 ejusque
2509 3457 2771 3515 sustinuit
2795 3455 3113 3524 nequitiam.
3149 3449 3454 3518 Oppressus
3479 3461 3635 3498 nam-

2054 3572 2160 3626 que
2212 3556 2282 3610 ab
2328 3553 2582 3608 omnibus
2635 3552 2686 3604 in
2748 3550 2960 3602 cunctis
3013 3543 3371 3598 subveniatur
3429 3538 3636 3594 causis.

2057 3649 2180 3702 llaec
2214 3647 2399 3701 omnia
2434 3657 2782 3712 summopere
2815 3647 2944 3694 sunt
2989 3636 3333 3691 attendenda.
3383 3631 3493 3686 Nec
3529 3631 3637 3684 cri-

2059 3738 2283 3792 minatio
2327 3737 2623 3797 minorum,
2658 3739 2864 3801 quanto
2910 3727 3082 3797 magis
3116 3724 3515 3794 episcoporum,
3551 3721 3626 3772 l'a-

2057 3829 2159 3882 cile
2191 3837 2274 3882 est
2307 3825 2638 3895 recipienda,
2675 3821 2889 3875 dicente
2924 3818 3156 3872 Domino
3184 3833 3198 3871 :
3231 3833 3247 3864 ι
3289 3812 3406 3866 Non
3444 3825 3636 3879 seque-

2057 3923 2132 3973 ris
2155 3920 2343 3973 turbas
2368 3918 2434 3972 ad
2459 3915 2764 3970 faciendum
2799 3912 2999 3965 malum
3025 3909 3089 3960 "’.
3124 3928 3140 3958 ι
3175 3907 3241 3959 Ει
3268 3906 3396 3959 alibi
3425 3923 3438 3958 :
3468 3922 3485 3952 ‹
3517 3901 3634 3954 Non

2059 4011 2326 4079 suscipias
2379 4022 2564 4062 vocem
2611 4002 2882 4058 mendacii
2913 4002 2975 4053 ⁵³.
3017 4019 3034 4051 ι
3076 3999 3139 4053 Et
3174 3999 3226 4051 in
3261 3996 3634 4063 Paralipome-

2061 4121 2165 4157 non
2191 4104 2387 4171 legitur
2420 4120 2432 4154 :
2476 4120 2493 4150 ι
2533 4097 2730 4153 Omnia
2762 4095 2926 4150 corda
2964 4103 3239 4148 scrutatur
3277 4089 3559 4151 Dominus,
3585 4095 3639 4138 et

2059 4208 2278 4247 onmem
2337 4189 2720 4260 cogitationem
2779 4183 2951 4236 novit.
3014 4179 3187 4235 Ilomo
3232 4190 3361 4229 vero
3403 4172 3634 4225 videtin

2062 4287 2220 4351 facie,
2261 4283 2400 4337 Deus
2433 4290 2612 4334 autem
2650 4279 2702 4330 in
2747 4275 2910 4330 corde
2941 4273 3006 4324 δ”.
3049 4292 3066 4322 ι
3113 4269 3177 4323 Ει
3211 4266 3337 4321 alibi
3375 4265 3636 4331 scriptum

2060 4389 2143 4433 est
2177 4397 2188 4430 :
2225 4395 2242 4427 ‹
2285 4373 2400 4428 Non
2436 4380 2615 4442 potest
2667 4370 2908 4422 humano
2959 4360 3312 4418 condemnari
3363 4356 3634 4414 examine,

2608 4522 2764 4561 conc.
2827 4499 3185 4556 Sardiceusis.
3294 4497 3338 4528 ³⁸
3361 4497 3414 4555 5,
3462 4511 3518 4563 q.
3570 4496 3637 4548 6:

2988 4574 3030 4602 ³ο
3063 4572 3196 4625 Cod.
3219 4565 3426 4620 Theod.
3448 4567 3538 4617 Ιιυ.
3581 4583 3638 4628 ιι,

2988 4649 3084 4688 nst.
3163 4638 3208 4668 3"
3238 4641 3303 4688 5.
3337 4653 3390 4688 (1.
3428 4636 3497 4688 5:
3545 4634 3638 4686 ln-

3239 4655 3303 4700 o,
3337 4653 3390 4705 q.
3428 4653 3497 4688 οε
3545 4653 3640 4686 ιη-

3249 4725 3298 4757 v.
3359 4706 3638 4757 “ASixto

2213 4515 2256 4545 ’⁷
2329 4527 2450 4565 can.
2509 4510 2542 4562 4

2485 4721 2528 4750 ³⁸⁵
2551 4709 2953 4777 Amm-osiaster
2972 4715 3024 4762 in
3054 4709 3211 4762 lCor.
3249 4725 3298 4758 v.

2252 4912 2295 4964 λδ
2327 4912 2654 4990 Gratianus,
2690 4922 3119 4993 pertrahendam.
3168 4916 3338 4993 Hann.
3438 4916 3478 4944 “
3505 4912 3640 4967 Vide

2264 5005 2306 5034 "3
2339 5004 2495 5064 lbid.,
2537 5001 2585 5051 Ἰ.
2665 4990 2707 5029 ί·
2739 4993 2960 5046 lParal.
3000 5005 3190 5052 xxvm,
3231 4990 3282 5041 9.

2070 5125 2121 5176 in
2151 5122 2453 5176 canonibus
2496 5115 2719 5170 Adriani
2764 5127 2884 5178 cap.
3045 5107 3224 5182 verbis
3251 5119 3413 5172 prope
3450 5103 3639 5182 iisdem

2066 5196 2351 5251 referatur,
2385 5193 2614 5256 ideoque
2648 5187 2766 5252 ipso
2795 5183 2913 5256 cod.
2945 5179 3361 5254 'l‘ueodosiano..
3393 5179 3484 5242 qui
3523 5187 3644 5251 post

2062 5276 2302 5332 tempora
2332 5249 2459 5313 Julii
2495 5249 2993 5332 paparcompdatus
3015 5257 3120 5332 est,
3158 5249 3470 5332 antiquiora
3501 5249 3639 5304 sint;

2063 5315 2350 5387 inaiiil'esto
2395 5315 2610 5382 con-stat
2657 5315 2899 5394 haue-de
2927 5320 3151 5394 ,ξιιαιείιε
3195 5315 3643 5394 constitutionem

2061 5385 2470 5458 ahrElcutherio
2505 5398 2730 5457 Julium,
2759 5406 2779 5431 ιε
2804 5385 2995 5446 aJubo
3049 5387 3433 5446 Tncodosium,
3473 5385 3643 5458 adeo-

2061 5457 2165 5544 que
2189 5493 2216 5525 a
2249 5470 2596 5544 pontificibus
2623 5469 3035 5544 imperato-rem;
3075 5474 3180 5535 non
3214 5465 3403 5544 contra
3435 5457 3643 5544 abluu-

2064 5527 2312 5613 perato're
2341 5541 2650 5609 poutilicetu
2689 5527 3100 5613 hauealiasque
3131 5527 3336 5581 similes
3367 5528 3640 5613 constitu-

2065 5598 2236 5667 iiones
2267 5598 2544 5664 Inutuasse
2587 5619 2638 5660 et
2663 5604 2935 5671 accepisse.
2970 5640 2982 5652 .
3015 5602 3077 5652 lit
3119 5607 3512 5671 consequenter
3542 5598 3646 5651 hac

2071 5689 2136 5738 de
2161 5701 2326 5736 causa
2378 5697 2484 5732 non
2527 5679 2689 5730 modo
2724 5668 2829 5727 non
2884 5671 3027 5723 velut
3071 5668 3315 5736 spurium
3345 5677 3397 5719 et
3427 5668 3642 5734 illegiti-

2143 5792 2162 5817 θ
2194 5789 2324 5836 Ilaec
2349 5786 2482 5846 prius
2515 5799 2542 5832 a
2585 5781 2814 5844 pontifice
2842 5777 3067 5838 scriptam
3097 5773 3304 5836 probare
3334 5771 3609 5832 oportebat.
