4130 6378
556 269 697 325 1145

1605 267 2018 325 ELEUTHEBII
2054 269 2258 325 PAPz‘E
2297 269 2679 326 EPISTOLA‘I.‘

3665 272 3801 324 ιιιι

550 404 713 460 quem
741 387 885 444 Deus
913 404 1015 444 suo
1047 388 1348 444 reservavit
1373 388 1578 460 judicio
1607 389 1671 442 ⁸⁸.
1710 409 1729 441 ι
1776 390 1941 459 Igitur
1970 406 2133 444 omne
2162 400 2207 455 Α
2237 401 2407 445 strum
2444 407 2568 461 rege
2618 388 2912 444 Britannia
2956 401 3204 457 regnum.
3257 383 3509 439 Vicarius
3542 398 3671 437 vero
3706 383 3798 438 Del

553 481 789 548 pondus,
814 488 866 535 et
891 479 1300 535 circumstantia
1320 480 1752 535 adversariorum
1780 493 2127 549 nocumenta,

548 586 648 640 per
710 572 1065 641 patientiam,
1121 572 1359 637 fratres,
1419 572 1780 641 comprimere
1853 575 2083 643 satagite
2114 592 2155 639 ;.

556 681 576 713 ι
619 662 851 718 scientes
877 663 1008 732 quia
1041 662 1288 719 subversi
1326 670 1455 717 sunt
1504 662 1839 732 hujusmodi,
1874 672 1930 716 et
1958 662 2133 716 delin-

548 760 726 821 quunt
766 753 986 821 pr0prio
1035 766 1130 805 ore
1172 752 1419 806 damnati
1446 751 1511 805 ‘°.
1547 770 1566 803 ι
1602 750 1740 816 Quia
1787 752 1881 820 qui
1934 751 2135 805 fratres

549 852 813 899 accusant
845 845 929 898 vel
974 843 1266 909 infestant,
1317 860 1425 899 non
1474 860 1567 900 eos
1601 846 1853 917 diligunt,
1891 846 1985 900 sed
2019 862 2136 900 ma-

550 936 633 1005 gis
664 936 1034 1007 negligunt,et
1060 944 1306 1006 peccant,
1340 938 1551 992 dicente
1582 938 1840 1008 Apostolo
1882 958 1895 992 :
1933 956 1953 989 ι
1989 938 2133 993 Dile-

546 1028 659 1081 ctio
706 1028 941 1094 proximi
984 1029 1186 1082 malum
1233 1044 1342 1082 non
1374 1038 1647 1098 "operatur
1685 1030 1750 1083 ⁸⁷.
1802 1049 1821 1081 ι
1854 1030 1918 1084 Et
1950 1030 2078 1083 alibi
2118 1049 2132 1083 :

551 1137 574 1168 σι
610 1117 713 1185 Qui
745 1134 853 1173 non
882 1119 1055 1189 diligit
1080 1119 1303 1174 fratrem
1336 1135 1519 1185 suum,
1548 1135 1710 1190 quem
1740 1122 1904 1187 videt,
1937 1120 2133 1189 Deum,

546 1225 711 1281 quem
758 1226 866 1265 non
928 1212 1111 1278 videt,
1170 1212 1444 1281 quomodo
1501 1222 1679 1282 potest
1732 1213 1956 1284 diligere
1979 1212 2060 1266 M"2
2111 1233 2133 1264 ι

545 1300 660 1358 Nos
688 1304 734 1336 "
765 1305 911 1360 enim
934 1306 1169 1361 humiles
1212 1306 1396 1371 corde,
1428 1306 1494 1360 ad
1535 1321 1598 1361 ea
1648 1322 1769 1377 qua
1812 1318 1956 1363 recta
1987 1316 2133 1374 sunt,

547 1396 800 1464 adiutore
845 1397 1099 1465 Domino,
1138 1401 1410 1469 sapienter
1456 1400 1675 1457 vinculo
1715 1402 1997 1457 cbaritatis
2046 1419 2135 1455 vo-

546 1485 765 1541 biscum
813 1502 1006 1543 sumus
1055 1490 1372 1557 constricti,
1420 1499 1475 1546 et
1534 1492 1847 1563 religionem
1910 1492 2138 1547 catholi-

546 1590 671 1631 cam
736 1577 792 1632 in
859 1580 1115 1636 omnibus
1162 1580 1374 1636 fortiter
1429 1582 1812 1650 defensantes,
1875 1583 2138 1653 improbis

547 1669 717 1738 probe
747 1671 1003 1728 resistere
1053 1688 1161 1728 non
1199 1673 1543 1746 negligimus.
1581 1674 1733 1729 Unde
1783 1676 1988 1730 dictum
2013 1685 2133 1731 est:

546 1761 599 1795 ”
620 1759 902 1833 Negligere
937 1764 1084 1819 enim
1128 1780 1253 1819 cum
1298 1767 1477 1835 possis
1520 1766 1809 1820 deturbare
1837 1766 1880 1797 ³²
1916 1780 2136 1834 perver-
2168 1751 2208 1804 Β

548 1865 679 1917 sos,
716 1854 855 1908 nihil
894 1854 1041 1909 aliud
1079 1864 1164 1910 est
1207 1872 1371 1926 quam
1417 1856 1618 1911 fovere.
1654 1855 1766 1910 Nec
1798 1865 1946 1910 caret
1982 1872 2136 1911 scru-

547 1942 681 2013 pulo
729 1945 1007 2000 societatis
1060 1946 1328 2005 occulta.
1388 1946 1482 2016 qui
1529 1944 1818 2001 manifesto
1876 1944 2133 1999 facinoris

548 2035 752 2091 desiuit
784 2037 1022 2092 obviare.
1070 2036 1244 2107 Hujus
1288 2039 1366 2093 rei
1406 2044 1580 2108 gratia
1619 2036 1941 2092 universalis
1983 2035 2136 2090 vobis

547 2141 581 2180 a
609 2124 829 2180 Christo
867 2125 997 2182 Jesu
1039 2127 1152 2197 (54)
1184 2128 1477 2184 commissa
1500 2138 1583 2185 est
1634 2129 1898 2196 Ecclesia,
1942 2137 2002 2184 ut
2037 2142 2137 2197 pro

547 2216 805 2272 omnibus
826 2218 1105 2283 laboretis,
1140 2228 1195 2274 et
1222 2220 1436 2274 cunctis
1463 2235 1618 2289 opem
1654 2220 1796 2275 ferre
1819 2235 1928 2275 non
1960 2220 2135 2290 negli-

547 2309 710 2379 gatis.
746 2328 765 2363 ι
795 2309 984 2365 Frater
1011 2321 1191 2366 autem
1225 2312 1448 2367 fratrem
1490 2314 1753 2383 adjuvans
1786 2314 2134 2381 exaltabitur,

547 2408 604 2454 et
660 2400 890 2458 allidens
940 2402 1297 2473 dissipabitur
1326 2407 1394 2458 ".
1435 2425 1454 2456 ι
1509 2404 1849 2476 Quapropter
1906 2406 2138 2461 relevate

548 2505 765 2559 semper
810 2507 1123 2562 oppressos,
1175 2497 1434 2565 corripite
1499 2496 1791 2565 inquietos,
1821 2507 1880 2552 ut
1925 2497 2137 2552 zizania

551 2580 886 2638 Dominicam
922 2601 1152 2641 messem
1177 2603 1283 2640 non
1316 2587 1489 2656 possit
1520 2587 1784 2643 sutfocare
1811 2629 1825 2642 .

625 2674 757 2728 Data
788 2691 818 2727 v
854 2674 979 2731 ldus
1002 2675 1152 2740 Julii,
1187 2676 1419 2732 Paterno
1448 2680 1493 2710 ⁸³
1519 2687 1572 2732 et
1612 2677 1823 2733 Bradua
1857 2678 1986 2735 viris
2026 2679 2138 2733 ela-

550 2763 791 2818 rissimis
818 2766 1136 2821 consulibus
1160 2767 1227 2821 ⁵⁸.

1035 2876 1374 2931 EPISTOLA
1421 2876 1463 2929 ll
1511 2877 1647 2947 (55).

736 2980 1071 3020 RESCRIPTUI
1103 2983 1170 3020 AD
1199 2980 1395 3020 LUCIUII
1424 2981 1724 3021 ΒΚΙΤΔΝΝΙΕ
1764 2983 1961 3023 ΒΕῧΕΙ.

673 3054 948 3121 Quomodo
968 3074 1144 3126 gerere
1169 3075 1222 3111 se
1246 3058 1430 3112 debeat
1460 3062 1515 3113 in
1540 3076 1695 3130 regno
1728 3060 2039 3117 Britannia.

624 3146 864 3203 Petiistis
891 3163 923 3202 a
952 3148 1112 3202 nobis
1142 3149 1287 3217 leges
1318 3149 1593 3205 Romanas
1640 3160 1694 3205 et
1717 3150 1948 3207 Casaris
1976 3153 2133 3210 vobis

553 3239 871 3306 transmitti,
912 3240 1113 3311 quibus
1146 3241 1201 3295 in
1226 3257 1394 3313 regno
1428 3242 1721 3297 Britannia
1758 3244 1837 3297 uti
1861 3244 2130 3301 voluistis.

554 3330 724 3401 Leges
754 3330 1026 3387 Romanas
1042 3342 1094 3387 et
1111 3331 1344 3388 Casaris
1374 3348 1591 3403 semper
1616 3335 1909 3404 reprobare
1938 3351 2134 3405 possu-

552 3440 698 3490 mus,
726 3425 899 3493 legem
928 3425 1021 3480 Dei
1049 3441 1416 3496 nequaquam.
1445 3425 1773 3497 Suscepistis
1798 3429 1945 3483 enim
1963 3444 2136 3500 nuper

554 3515 906 3570 miseratione
938 3515 1121 3570 divina
1156 3516 1211 3569 in
1246 3531 1414 3586 regno
1447 3515 1741 3572 Britannia
1773 3518 1945 3588 legem
1989 3527 2043 3573 et
2076 3519 2139 3572 fi-

554 3607 677 3660 dem
712 3606 935 3662 Christi.
972 3606 1193 3662 Habetis
1226 3623 1393 3677 penes
1427 3623 1526 3664 vos
1555 3609 1609 3663 in
1646 3626 1813 3679 regno
1849 3620 2139 3681 utramque

554 3697 851 3768 paginam;
887 3713 954 3752 ex
988 3699 1095 3753 illis
1144 3698 1239 3753 Dei
1274 3700 1446 3770 gratia
1483 3716 1578 3769 per
1646 3702 1935 3757 consilium
1983 3704 2135 3773 regni

555 3790 723 3844 vestri
758 3804 914 3845 sume
948 3790 1117 3860 legem
1140 3833 1155 3857 ,
1190 3800 1244 3845 et
1277 3807 1374 3861 per
1426 3793 1573 3847 illam
1612 3793 1707 3847 Dei
1749 3795 2009 3863 patientia
2044 3810 2136 3850 ve-

664 3906 709 3939 ⁸⁸
732 3903 918 3960 Const.
946 3904 1020 3959 M.
1045 3906 1110 3959 ad
1138 3904 1241 3960 PP.
1273 3904 1525 3961 Nicanos
1564 3908 1616 3962 in
1645 3909 1749 3962 col.
1777 3906 1943 3962 Hadr.
1966 3924 2016 3964 c.
2048 3910 2111 3964 51
2136 3917 2190 3963 et
2210 3909 2279 3963 67
2301 3926 2366 3963 ex
2388 3910 2517 3963 edit.
2542 3908 2669 3963 Ant.
2700 3910 2839 3964 Aug.

560 3973 650 4028 10.
740 3974 789 4005 ⁸⁸
820 3976 841 4027 Ι
872 3974 1032 4029 Joan.
1066 3992 1140 4039 IV,
1161 3976 1250 4029 20.

560 4044 689 4116 suit.
719 4043 774 4116 2,
809 4060 954 4116 anno
982 4045 1135 4116 649ξ
1171 4046 1228 4116 _‘°
1246 4046 1414 4116 lf‘elix_
1444 4048 1532 4111 lli,
1560 4064 1644 4116 ep.
1679 4043 1729 4103 ἰ.

566 4195 713 4247 Lxxl,
743 4183 795 4235 1.

2233 485 2364 538 estis
2397 484 2451 537 in
2498 498 2664 553 regno
2705 482 2858 551 juxta
2895 480 3218 550 Prophetam
3254 492 3436 547 regem
3474 493 3489 528 :
3528 495 3546 526 ι
3588 473 3802 529 Domini

2233 581 2317 628 est
2351 583 2492 628 terra
2538 584 2592 628 et
2635 573 2914 643 plenitudo
2946 572 3087 640 ejus,
3110 571 3257 625 orbis
3283 579 3571 632 terrarum,
3596 574 3648 620 et
3682 566 3803 620 uni-

2234 663 2373 717 versi
2406 663 2500 732 qui
2534 663 2779 717 habitant
2813 663 2868 716 in
2902 677 2969 717 eo
2995 663 3071 727 ";
3097 682 3116 711 ι
3146 670 3199 715 et
3232 674 3450 714 rursum
3481 659 3635 727 juxta
3670 655 3804 710 Pro-

2236 754 2448 823 phetam
2486 770 2663 825 regem
2702 772 2713 805 :
2758 774 2776 805 ε
2819 753 3061 807 Dilexisti
3090 753 3377 823 justitiam,
3412 761 3466 805 ct
3498 750 3659 804 odisti
3696 749 3803 803 ini-

2234 847 2496 915 quitatem
2521 865 2536 913 ;
2564 856 2845 916 propterea
2884 846 3037 900 unxit
3070 855 3122 899 te
3148 844 3310 907 Deus,
3348 843 3487 897 Deus
3516 855 3661 905 tuus,
3685 843 3805 897 oleo

2236 937 2434 991 latitia
2465 953 2577 1007 pra
2630 938 2975 993 consortibus
3027 936 3137 991 tuis
3177 937 3349 991 "vel
3382 951 3599 989 rursum
3648 935 3802 1002 juxta

2235 1028 2561 1100 Prbphetam
2624 1047 2802 1100 regem
2858 1049 2870 1083 :
2926 1050 2943 1081 ε
2988 1029 3128 1085 Deus
3166 1029 3430 1100 judicium
3484 1035 3635 1080 tuum
3670 1026 3736 1089 ⁸⁷,
3781 1044 3803 1074 ι

2235 1130 2342 1176 etc.
2377 1121 2494 1177 Non
2529 1123 2673 1177 enim
2705 1123 2840 1177 dixit
2868 1122 3154 1191 judicium,
3186 1135 3361 1189 neque
3391 1118 3654 1187 justitiam
3688 1114 3808 1170 Ca—

2238 1227 2398 1267 saris.

2306 1324 2428 1379 Filii
2462 1326 2605 1380 enim
2644 1327 2786 1397 regis
2820 1334 3006 1396 gentes
3037 1325 3382 1387 Christiana,
3416 1332 3471 1378 et
3506 1323 3684 1392 populi
3719 1337 3811 1375 re-

2238 1418 2328 1487 gni
2350 1426 2510 1481 sunt,
2547 1418 2641 1486 qui
2673 1418 2775 1471 sub
2808 1427 2986 1472 vestra
3016 1416 3350 1487 protectione
3384 1424 3437 1467 et
3472 1429 3601 1483 pace
3636 1414 3689 1466 in
3727 1428 3814 1466 re-

2239 1525 2345 1579 gno
2407 1509 2639 1580 degunt,
2698 1519 2750 1565 et
2814 1512 3122 1566 consistunt
3180 1510 3335 1579 juxta
3403 1507 3810 1577 Evangelium:

2246 1620 2263 1651 ι
2303 1601 2770 1668 Quemadmodum
2806 1603 3005 1673 gallina
3039 1612 3330 1673 congregat
3362 1602 3539 1671 pullos
3572 1601 3675 1655 sub
3710 1601 3816 1655 alis

2239 1699 2304 1750 ⁸⁸.
2349 1716 2368 1748 ι
2402 1696 2602 1753 Gentes
2632 1712 2763 1752 vero
2810 1698 2959 1769 regni
2996 1696 3291 1751 Britannia
3322 1704 3375 1750 et
3421 1693 3605 1763 populi
3661 1691 3815 1760 regni

2238 1799 2401 1855 sunt;
2438 1806 2576 1861 quos
2609 1791 2813 1846 divisos
2845 1790 3051 1847 debetis
3085 1792 3137 1844 in
3160 1805 3329 1843 unum
3366 1788 3430 1843 ad
3465 1786 3815 1843 concordiam

2236 1892 2291 1936 et
2324 1897 2533 1952 pacem,
2571 1891 2624 1937 et
2657 1883 2723 1937 ad
2758 1882 2939 1949 ﬁdem,
2973 1891 3027 1937 et
3068 1882 3135 1936 ad
3171 1883 3341 1951 legem
3398 1879 3622 1936 Christi,
3660 1888 3714 1929 et
3749 1878 3818 1930 ad

2237 1988 2482 2032 sanctam
2532 1976 2828 2031 Ecelesiam
2881 1989 3247 2045 congregare,
3281 1987 3573 2037 revocare,
3611 1969 3818 2035 fovere,

2236 2088 2401 2127 manu
2436 2082 2645 2133 tenere,
2680 2080 2979 2139 protegere,
3014 2078 3227 2138 tegere,
3262 2074 3317 2120 et
3343 2064 3412 2118 ab
3447 2061 3733 2131 iniuriosis
3764 2069 3820 2115 et

2238 2166 2527 2221 malitiosis
2558 2175 2614 2220 et
2643 2166 2712 2219 ab
2745 2162 2982 2218 inimicis
3016 2175 3229 2229 semper
3261 2157 3570 2213 defendere.

2314 2294 2332 2327 ε
2376 2274 2469 2330 Va
2501 2289 2668 2345 regno
2700 2273 2857 2342 cujus
2888 2288 2985 2326 rex
3018 2286 3152 2341 puer
3183 2278 3305 2335 est,
3341 2278 3396 2324 et
3427 2270 3584 2337 cujus
3614 2265 3818 2335 princi-

2239 2384 2332 2438 pes
2366 2383 2526 2422 mane
2558 2367 2852 2421 comedunt
2884 2366 2951 2417 ‘9.
2996 2383 3015 2416 ›
3050 2362 3167 2418 Non
3190 2378 3325 2417 voco
3360 2376 3561 2431 regem,
3599 2366 3817 2427 propter

2238 2477 2461 2531 parvam
2495 2470 2549 2515 et
2574 2459 2855 2514 minimam
2890 2456 3240 2523 atatem,sed
3276 2464 3494 2523 propter
3526 2452 3815 2507 stultitiam

2238 2564 2291 2608 et
2326 2552 2665 2622 iniquitatem
2703 2560 2756 2604 et
2782 2550 3153 2614 insanitatem,
3186 2547 3337 2617 juxta
3364 2544 3688 2613 Prophetam
3729 2558 3818 2596 re-

2239 2662 2403 2716 gem:
2449 2663 2467 2695 (
2524 2643 2636 2698 Viri
2691 2642 3052 2714 sanguinum,
3090 2649 3143 2694 et
3188 2639 3362 2694 dolosi
3408 2652 3516 2690 non
3563 2634 3819 2689 dimidia-

2239 2738 2375 2791 bunt
2406 2737 2522 2791 dies
2556 2751 2685 2791 suos
2718 2736 2785 2799 ⁸ο,
2832 2753 2850 2785 ι
2888 2744 2991 2789 etc.
3027 2732 3129 2787 Per
3182 2731 3574 2786 comestionem
3612 2726 3815 2781 intelli-

2240 2831 2417 2897 gimus
2439 2830 2617 2896 gulam
2639 2870 2653 2894 ,
2679 2841 2775 2897 per
2818 2827 2997 2896 gulam
3058 2825 3361 2893 luxuriam,
3397 2837 3494 2891 per
3540 2819 3817 2874 luxuriam

2239 2921 2422 2973 omnia
2458 2920 2655 2988 turpia,
2689 2928 2743 2973 et
2774 2933 3047 2988 perversa,
3081 2926 3135 2972 et
3167 2917 3342 2983 mala,
3373 2917 3527 2986 juxta
3564 2913 3816 2968 Salomo-

2240 3028 2362 3066 nem
2400 3027 2623 3083 regem:
2665 3030 2683 3063 ι
2728 3011 2783 3065 ln
2835 3012 3153 3066 malevolam
3199 3010 3437 3064 animam
3483 3022 3592 3061 non
3637 3016 3817 3059 mtro—

2160 3097 2203 3153 C
2238 3101 2337 3156 ibit
2369 3101 2778 3171 sapientia,nec
2810 3102 3076 3157 habitabit
3107 3102 3162 3155 in
3184 3114 3413 3170 corpore
3434 3097 3655 3153 subdito
3690 3111 3817 3166 pec-

2236 3195 2374 3249 catis
2404 3196 2469 3247 ⁶¹.
2516 3213 2535 3245 ι

2308 3329 2421 3385 Rex
2457 3330 2655 3386 dicitur
2707 3347 2738 3385 a
2774 3330 3041 3401 regendo,
3077 3346 3187 3385 non
3228 3345 3259 3383 a
3294 3344 3481 3400 regno.
3521 3327 3636 3383 Rex
3682 3328 3818 3391 eris,

2236 3424 2367 3479 dum
2402 3424 2538 3478 bene
2570 3425 2745 3494 regis;
2800 3426 2942 3494 quod
2998 3424 3103 3478 nisi
3152 3422 3364 3489 feceris,
3420 3438 3617 3476 nomen
3674 3422 3817 3492 regis

2239 3533 2348 3571 non
2384 3517 2438 3570 in
2474 3526 2525 3571 te
2558 3517 2868 3581 constabit,
2904 3524 2958 3571 et
2990 3531 3186 3570 nomen
3225 3517 3365 3585 regis
3399 3516 3589 3584 perdes
3620 3533 3633 3566 :
3670 3514 3818 3584 quod

2232 3611 2411 3672 _absit!
2439 3609 2536 3664 Det
2566 3610 2721 3664 vobis
2759 3610 3102 3679 omnipotens
3135 3608 3278 3663 Deus
3329 3625 3555 3677 regnum
3603 3606 3817 3661 Britan—

2242 3705 2346 3756 nia
2377 3702 2457 3756 sic
2488 3717 2692 3772 regere,
2732 3710 2788 3756 ut
2830 3705 3009 3771 possis
3042 3718 3166 3757 cum
3214 3716 3279 3755 eo
3313 3716 3539 3769 regnare
3575 3701 3628 3753 in
3661 3710 3817 3755 ater-

2239 3810 2393 3860 num,
2428 3794 2585 3863 cujus
2618 3794 2853 3848 vicarius
2886 3794 3016 3849 estis
3050 3794 3103 3847 in
3132 3808 3295 3864 regno
3327 3792 3595 3862 prailieto.

2907 3908 2952 3939 ⁴⁶
2979 3907 3084 3962 Tit.
3126 3924 3220 3971 ιιι,
3254 3908 3339 3960 Η.
3417 3907 3460 3939 ’⁵⁷
3494 3906 3651 3961 Rom.
3687 3924 3813 3970 xm,

1342 3977 1386 4049 f9
1415 3975 1617 4049 Victor.
1647 3995 1731 4046 ep.
1769 3978 2023 4049 Gartliag.
2048 3980 2115 4033 ad
2151 3979 2498 4049 Theodorum
2536 3995 2749 4049 papam,
2779 3975 2913 4032 Con.
2940 3978 3127 4049 Later.
3171 3980 3272 4032 sub
3327 3977 3385 4031 S.
3423 3977 3655 4049 Martino
3682 3994 3815 4031 con-

1807 4048 1850 4078 ⁵¹
1878 4048 2204 4114 perturbare.

567 4110 778 4167 Eleuth.
811 4113 865 4177 9,
900 4110 1057 4167 Coss.
1092 4111 1340 4169 Triarius
1366 4110 1641 4171 Maternus
1671 4125 1727 4170 et
1766 4110 2020 4171 Aurelius
2061 4116 2290 4171 Bradua.

872 4180 919 4212 ⁸⁸
946 4180 1133 4235 Matth.
1157 4198 1321 4247 χχιιι,
1348 4184 1439 4238 57.
1514 4186 1559 4218 ⁸ο
1588 4184 1765 4240 Eccle.
1797 4203 1851 4249 x,
1882 4186 1968 4240 16.
2043 4188 2091 4219 ⁶⁰λ
2116 4186 2259 4242 Psal.
2288 4201 2396 4249 LIV,
2423 4185 2513 4239 24.

3400 4048 3449 4079 δ”
3482 4050 3639 4101 Anno
3675 4049 3813 4107 18?},

3400 4158 3408 4172 .
3439 4121 3490 4172 8.
3588 4119 3631 4150 ⁸⁷
3664 4118 3813 4172 Psal.

3712 4135 3813 4173 83h

2935 4048 2982 4079 ⁸³
3026 4048 3289 4101 Materno.

3012 4120 3059 4149 ⁵⁸
3092 4117 3235 4173 Psal.
3264 4133 3408 4183 xuv,
3439 4121 3490 4174 8.

2304 4051 2350 4081 ⁸³
2383 4048 2547 4103 Prov.
2594 4066 2763 4115 xvm,
2806 4050 2859 4102 9.

2389 4116 2434 4147 ⁸⁵
2466 4115 2607 4170 Psal.
2649 4132 2821 4180 χχιιι,
2856 4118 2906 4170 1.

2591 4186 2631 4216 ⁸⁸
2663 4184 2790 4255 Sap.
2820 4203 2859 4252 ι,
2882 4187 2931 4240 4.

561 4351 710 4390 mum
741 4345 953 4415 partum
984 4337 1241 4394 Ecclesia
1263 4342 1658 4415 respuendum,
1692 4345 1784 4399 sed
1812 4348 1991 4415 potius
2015 4357 2130 4402 tan-
2163 4348 2209 4404 D
2237 4349 2605 4406 hierarehieus
2630 4366 2660 4405 a
2693 4350 2911 4406 Christo
2956 4351 3009 4405 in
3041 4348 3280 4405 Ecclesia
3336 4350 3636 4407 institutus.
3674 4351 3813 4407 Nam

562 4420 727 4485 quam
764 4406 953 4461 matris
984 4423 1253 4485 germana
1303 4406 1471 4485 fetum
1522 4406 1837 4482 germanum
1885 4418 2133 4485 plurimis

564 4484 907 4597 tosterorum
940 4478 1253 4544 pontificum
1286 4482 1505 4549 scriptis
1524 4478 1687 4552 quasi
1714 4478 1949 4540 filiorum
1970 4488 2131 4540 vulti-

604 4560 667 4597 US
709 4544 1046 4597 simillimum
1076 4589 1091 4597 -
1140 4548 1208 4597 ab
1256 4549 1472 4597 iniuriis
1514 4553 1853 4597 iniminnrnm
1901 4557 2131 4597 vindinn.

604 4560 667 4598 us
709 4545 1046 4618 simillimum
1076 4589 1091 4612 ,
1140 4548 1208 4618 ab
1256 4545 1472 4618 injuriis
1514 4545 1853 4609 inimicorum
1901 4557 2137 4611 vindica-

562 4626 678 4691 tum
701 4614 876 4691 ob_viis
904 4617 1243 4691 amplexibus
1271 4614 1390 4675 esse
1417 4625 1804 4691 acceptandum
1844 4635 1898 4679 et
1950 4626 2133 4682 foven-

562 4685 714 4738 i‘lum.
754 4683 879 4739 Sev.
913 4683 1031 4739 Bm.

635 4754 765 4827 (54)_
784 4754 1068 4827 AHujusrrei
1096 4760 1271 4827 gratia
1302 4760 1613 4817 universalis
1667 4763 1810 4816 vobis
1836 4781 1868 4817 a
1920 4763 2131 4819 Christo

560 4823 710 4878 Jesu.
746 4823 800 4878 Id
831 4833 915 4879 est
955 4823 1114 4879 dum'
1143 4828 1414 4902 haretici,
1473 4848 1706 4902 quorum
1750 4835 1853 4888 hoc
1896 4843 2137 4902 tempore

563 4910 795 4965 magnus
822 4910 1085 4971 numerus
1112 4907 1247 4971 erat,
1283 4901 1590 4971 universam
1637 4901 1931 4958 Ecclesiam
1964 4901 2136 4971 oppu-

563 4972 749 5042 gnant,
782 4979 890 5042 non
924 4966 1086 5042 modo
1112 4968 1405 5038 episc0pis,
1431 4973 1524 5025 sed
1554 4972 1846 5042 unicuique
1867 4966 2137 5027 Christia-

562 5049 637 5087 no
654 5036 773 5109 ejus
790 5034 1137 5109 defendenda
1146 5034 1356 5109 ὑπείξει
1377 5042 1613 5095 studium
1638 5034 1959 5097 demandata
1979 5053 2103 5095 sunt
2122 5062 2135 5109 ;

561 5103 817 5157 omnibus
845 5105 989 5158 enim
1016 5107 1171 5180 nobis
1222 5123 1252 5161 a
1284 5106 1395 5180 Deo
1440 5122 1767 5180 praceptum
1804 5122 1920 5175 est,
1956 5103 2134 5167 Eccle.

564 5186 685 5241 cap.
718 5189 791 5236 1v,
807 5183 865 5228 ut
890 5189 989 5251 pro
1022 5176 1247 5251 veritate
1272 5193 1335 5232 ac
1358 5176 1568 5247 justitia
1608 5176 1780 5251 usque
1809 5184 1876 5236 ad
1905 5191 2134 5236 mortem

564 5250 854 5298 certemus.
899 5242 1006 5299 Nec
1052 5246 1122 5300 ob
1162 5262 1282 5301 eam
1326 5242 1548 5305 causam
1607 5242 1959 5307 confunditur
2003 5252 2137 5308 ordo

2240 4420 2381 4474 sicut
2410 4420 2690 4490 quodlibet
2716 4423 3018 4475 membrum
3039 4422 3284 4489 corporis
3302 4437 3403 4475 suo
3432 4438 3655 4477 munere
3691 4424 3817 4476 fun-

2241 4505 2393 4558 gens,
2428 4506 2527 4558 pro
2554 4499 2666 4544 toto
2687 4506 2913 4561 corpore
2946 4492 3192 4545 laborare
3216 4491 3433 4556 dicitur,
3459 4494 3594 4546 adeo
3623 4503 3683 4547 ut
3713 4495 3815 4546 hac

2237 4573 2302 4611 ex
2324 4569 2475 4627 parte
2496 4561 2661 4613 totius
2682 4561 3061 4628 corporis,non
3092 4561 3261 4628 partis
3286 4571 3498 4615 tantum
3522 4577 3652 4616 cura
3682 4564 3811 4616 abs-

2237 4643 2343 4701 que
2373 4629 2565 4701 capitis
2597 4630 2790 4701 injuria
2822 4630 2897 4701 i|l_i
2930 4631 3222 4701 commissa
3248 4632 3441 4685 merito
3469 4632 3573 4685 dici
3603 4634 3810 4701 possit;

2237 4699 2424 4769 eadem
2457 4700 2665 4769 ratione
2688 4700 2825 4753 dixit
2858 4699 3198 4754 Eleutherius
3234 4701 3471 4769 pontifex
3500 4742 3515 4765 ,
3552 4699 3813 4756 omnibus

2237 4775 2291 4839 et
2316 4768 2543 4835 singulis
2565 4770 2823 4824 membris
2847 4769 2969 4838 jure
3002 4768 3304 4839 meritoque
3355 4773 3679 4827 universalis
3708 4772 3811 4826 Ec-

2237 4836 2417 4891 clesia
2445 4854 2630 4913 curam
2665 4836 3034 4913 commissam.
3081 4836 3351 4913 Novantes
3385 4857 3513 4913 ergo
3554 4844 3700 4897 hunc
3732 4844 3811 4896 lo—

2238 4919 2362 4961 cum
2394 4908 2548 4982 male
2572 4909 2958 4982 _int_elligentes,
2982 4918 3106 4963 ante
3147 4910 3430 4982 victoriam
3449 4908 3809 4982 'triuniphum

2238 4975 2621 5052 canunt._Vide
2650 4975 2976 5034 Turrianum
3016 5020 3032 5046 ,
3063 4994 3185 5049 cap.
3207 4979 3261 5045 9,
3288 4981 3385 5036 lib.
3418 4999 3479 5048 ri,
3515 4982 3625 5037 Pro
3639 4975 3805 5052 'epist.

2233 5046 2429 5114 pontif.
2461 5046 2539 5101 In.

2312 5116 2426 5193 (55)
2452 5117 2993 5193 Ριρὰιιιίιγυεεᾳιὶιιε
3018 5118 3323 5193 υεΔΒτίιαη.
3346 5121 3548 5178 Eccles.
3580 5123 3802 5193 primor.

2242 5200 2361 5255 cap.
2391 5189 2445 5253 6,
2472 5190 2567 5244 sed
2592 5191 3059 5259 spuriamjudicat
3078 5189 3362 5250 Constant.
3395 5195 3449 5249 in
3478 5189 3711 5268 append.
3734 5192 3807 5249 ad

2241 5266 2373 5312 tom.
2406 5257 2426 5312 Ι
2457 5256 2632 5316 Epist.
2656 5260 2808 5316 Rom.
2832 5272 2977 5316 nam.
3006 5277 3126 5316 nae.
3153 5260 3241 5316 22.

2359 5298 2373 5312 .
2406 5276 2426 5312 Ι
2457 5276 2632 5330 ιριει.
2656 5276 2808 5319 nom.
2831 5276 2977 5334 ροηι.
3004 5277 3126 5331 pag.
3153 5276 3241 5319 ΖἍ.
