4130 6454
479 453 3701 510 ψη...

1275 598 1277 600 1
1388 608 1596 817 S.
1763 613 2787 821 MELI-TO

706 964 1548 1128 SARDIUM
1627 974 1828 1124 IN
1911 969 2350 1126 ASIA
2430 973 3465 1134 EPISCOPUS

1178 1417 1784 1531 NOTITIA
1871 1418 2053 1528 ΕΤ
2134 1420 3011 1535 FRAGMENTA

449 1631 990 1704 lbrolusﬂhristiynus
1015 1633 1191 1704 “loco,
1219 1635 1548 1704 Deﬂelitqne,
1573 1635 1811 1704 Sentium
1847 1635 1897 1704 ita
1921 1637 2062 1704 ᾼεὶα⁵
2080 1637 2337 1704 episcopo;
2377 1641 2677 1704 Dissertatio
2725 1641 2785 1704 [,7
2803 1641 2868 1691 De
2898 1639 2996 1704 vita
3019 1646 3066 1704 et
3097 1637 3300 1704 meritis,
3327 1643 3382 1704 S.
3401 1703 3404 1704 ν
3424 1637 3668 1696 Memmi:

665 1694 841 1757 Ltpsize
863 1694 988 1745 1744
998 1710 1013 1758 ;
1039 1694 1336 1748 Dissertatio
1361 1697 1424 1760 ll,
1447 1701 1519 1750 De
1536 1697 1736 1762 scriptis
1760 1701 1817 1750 S.
1842 1694 2252 1761 Melitonis,'cum'
2272 1694 2560 1764 fragmentis
2583 1694 2892 1761 eorum'dem,
2927 1702 3106 1765 Lipsiae
3129 1703 3267 1764 1751,
3289 1703 3456 1765 ῑιι-ιο.)
3661 1694 3667 1696 ’
3738 1721 3740 1724 ·

2019 1882 2090 1894 -α

1361 2206 1462 2269 DE
1490 2209 1552 2273 S.
1581 2210 2022 2273 MELITONIS
2054 2213 2249 2273 VlTA
2283 2212 2384 2272 ET
2416 2212 2476 2274 li!
2491 2213 2771 2272 Elll'l‘lS.

1892 2376 2236 2432 lnstitutum.

509 2465 654 2525 Inter
681 2471 958 2541 precipu-a
988 2473 1174 2527 saeculi
1207 2482 1330 2542 post
1353 2473 1636 2528 Christum
1669 2484 1858 2528 uatum
1888 2475 2115 2530 secundi
2135 2473 2396 2530 Ecclesiae
2417 2486 2742 2530 ornamenta
2771 2477 2914 2531 haud
2950 2477 3204 2531 ultimum
3247 2478 3424 2532 locum
3458 2492 3700 2535 meretur

445 2569 670 2616 sanctus
693 2562 895 2629 Melite,
932 2562 1189 2619 Sardium
1221 2567 1274 2620 in
1303 2565 1435 2621 Asia
1463 2567 1779 2635 episcopus,
1806 2568 1887 2622 vir
1917 2569 2044 2622 vitae
2087 2569 2400 2634 sanctitate,
2432 2569 2696 2638 praeclara
2727 2571 3058 2634 eruditione,
3094 2573 3337 2626 mascula
3365 2572 3695 2646 Christianae

445 2649 728 2719 religionis
753 2651 1094 2720 defensioue,
1119 2654 1351 2723 aliisque
1387 2655 1442 2708 in
1471 2654 1775 2710 Ecclesiam
1801 2656 2010 2710 meritis
2045 2657 2204 2725 longe
2230 2656 2730 2723 celebratissimus;
2769 2667 2954 2726 utpote
2992 2675 3155 2726 quem
3201 2657 3372 2713 Graeci
3404 2657 3696 2727 Latinique

442 2738 652 2806 Patres,
669 2743 856 2811 primi,
880 2743 1065 2810 medii,
1083 2744 1369 2813 postremi,
1395 2744 1570 2798 amice
1595 2745 2003 2814 conspirantes,
2027 2752 2080 2798 et
2114 2745 2204 2814 pia
2231 2745 2468 2813 quadam
2499 2746 2666 2800 veluti
2705 2745 3051 2800 aemulatione
3078 2746 3333 2802 laudibus
3359 2750 3694 2818 extulerunt,

441 2836 854 2906 posteritatique
877 2837 1243 2892 venerabilem
1273 2837 1649 2895 reddiderunt.
1686 2837 1948 2907 Cogitans
1990 2838 2174 2907 itaque
2200 2838 2476 2907 quodnam
2503 2838 2849 2907 potissimum
2887 2849 3269 2908 argumentum
3325 2839 3427 2894 hoc
3473 2842 3696 2896 melele—

442 2937 586 2982 male
614 2931 957 2985 tractandum
981 2931 1297 3001 deligerem,
1333 2947 1458 2986 cum
1489 2933 1631 2986 inter
1658 2932 1761 2985 alia
1799 2940 1855 2986 et
1873 2932 2042 2985 menti
2066 2947 2200 2986 meae
2231 2946 2352 2986 sese
2374 2930 2594 2986 offerret
2615 2931 2818 2998 Melite,
2864 2933 2931 2987 de
2969 2948 3034 2986 eo
3074 2931 3236 2986 etiam
3285 2947 3559 3000 exponere
3585 2949 3695 2988 non

439 3019 676 3074 multum
709 3021 980 3088 haesitavi,
1013 3023 1107 3078 sed
1136 3037 1203 3078 eo
1231 3022 1396 3078 citius
1430 3023 1528 3077 inii
1565 3023 1882 3090 consilium,
1918 3031 2032 3076 tum
2069 3023 2215 3092 quod
2248 3038 2444 3090 magna
2483 3024 2671 3092 utique
2709 3024 2808 3076 viri
2851 3022 3015 3092 hujus
3059 3023 3114 3075 in
3161 3039 3275 3076 rem
3321 3022 3695 3076 Christianam

439 3113 633 3166 merita
659 3129 781 3169 esse
814 3116 1236 3184 cognoscebam,
1265 3131 1296 3169 a
1327 3116 1566 3181 nemine,
1593 3124 1860 3182 quantum
1892 3115 2062 3169 sciam
2094 3129 2216 3184 ego,
2247 3114 2507 3184 peculiari
2533 3115 2936 3169 schediasmate
2971 3123 3261 3179 enarrata;
3292 3124 3406 3168 tum
3443 3115 3589 3182 quod
3615 3115 3697 3170 sic

438 3205 658 3259 occasio
689 3206 823 3261 mihi
850 3207 1145 3263 eﬂlorescit
1174 3208 1569 3262 anecdotorum
1596 3208 1991 3262 nonnullorum
2015 3249 2031 3275 ,
2073 3223 2309 3278 quorum
2337 3207 2393 3261 in
2431 3208 2627 3262 itinere
2670 3223 2793 3262 meo
2828 3208 3040 3262 condus
3089 3207 3167 3261 fui
3193 3248 3207 3274 ,
3258 3223 3510 3276 promum
3545 3224 3696 3262 nunc

438 3297 654 3366 agendi,
679 3306 840 3367 atque
863 3297 1003 3352 beati
1030 3299 1195 3368 hujus
1218 3298 1398 3355 Patris
1422 3298 1725 3369 fragmenta
1752 3301 2002 3369 quzedam
2027 3300 2084 3354 in
2111 3301 2289 3355 lucem
2317 3300 2698 3370 protrahendi,
2725 3301 2778 3353 in
2803 3315 2925 3369 quae
2952 3300 3178 3354 volvens
3204 3301 3694 3370 praestantissimos

438 3391 743 3449 Bodleiame
774 3397 1125 3465 potissimum
1153 3393 1498 3452 bibliotheca
1530 3394 1748 3449 codices
1785 3393 1924 3449 forte
1954 3395 2142 3450 incidi.
2167 3396 2358 3466 Opera:
2379 3395 2506 3450 hinc
2527 3396 2764 3464 pretium
2797 3410 2885 3448 me
2914 3393 3186 3448 facturum
3215 3396 3402 3462 credo,
3435 3395 3479 3449 si
3505 3395 3691 3450 omnia

436 3501 557 3555 quae
589 3488 655 3541 de
678 3488 953 3546 Melitonis
983 3491 1118 3556 vita,
1151 3491 1370 3560 scriptis
1407 3499 1461 3545 et
1490 3487 1700 3546 meritis
1733 3487 1974 3560 reperire
1998 3489 2188 3544 datum
2212 3488 2339 3556 fuit,
2371 3489 2426 3541 in
2452 3504 2620 3542 unum
2646 3502 2997 3555 congessere.
3030 3485 3100 3541 Ut
3132 3496 3316 3541 autem
3339 3486 3530 3540 ordine
3560 3501 3689 3554 per-

439 3589 739 3636 tracteutur
762 3584 969 3650 omnia,
999 3585 1066 3640 de
1090 3585 1328 3649 nomine,
1359 3585 1557 3653 patria,
1591 3600 1788 3654 genere
1819 3595 1874 3638 et
1897 3592 2058 3639 aetate
2085 3583 2226 3652 ejus,
2256 3597 2364 3652 qua
2389 3581 2609 3646 claruit,
2634 3580 2886 3650 quaedam
2916 3579 3096 3649 primo
3127 3579 3310 3632 statim
3339 3578 3460 3631 loco
3490 3577 3544 3629 in
3573 3592 3690 3631 me-

436 3673 588 3728 dium
627 3673 896 3742 proferam
922 3695 941 3742 -;
975 3677 1172 3731 deinde
1201 3677 1268 3731 de
1294 3677 1413 3747 ejus
1447 3677 1688 3747 ingenio,
1731 3678 2038 3733 eruditione
2064 3717 2079 3742 ,
2113 3676 2438 3732 castimonia
2460 3716 2476 3742 ,
2517 3675 2750 3744 aliisque
2780 3673 3078 3727 virtutibus
3100 3713 3116 3738 ,
3157 3672 3401 3740 itemque
3436 3671 3503 3724 de
3540 3669 3685 3738 ejus,

436 3780 546 3835 quo
571 3765 833 3822 divinitus
855 3777 1154 3822 exornatus
1185 3765 1285 3820 fuit
1318 3769 1620 3838 prophetia:
1643 3770 1788 3823 dono
1809 3785 1990 3839 agam.
2013 3769 2187 3824 Porro
2217 3768 2284 3822 de
2314 3767 2501 3822 sedata
2524 3781 2619 3835 per
2653 3766 2772 3835 ejus
2800 3765 3107 3834 apologiam
3137 3764 3240 3818 sub
3265 3762 3447 3816 Marco
3469 3763 3691 3817 Aurelio

435 3865 490 3911 et
516 3855 686 3912 Lucio
718 3856 860 3913 Vero
899 3860 1324 3928 imperatoribus
1349 3858 1790 3914 Christianorum
1817 3861 2129 3925 vexatione,
2161 3859 2228 3915 de
2261 3857 2523 3913 Ecclesiae
2546 3857 2868 3913 Laodicena:
2901 3856 3109 3909 reddita
3137 3871 3290 3922 pace,
3313 3855 3378 3910 de
3403 3855 3690 3911 itincribus

435 3951 622 4015 variis,
649 3951 877 4021 ejusque
907 3952 1049 4004 circa
1083 3950 1385 4018 Canonem,
1427 3951 1636 4006 Veteris
1678 3953 2028 4022 potissimum
2064 3949 2425 4019 Testamenti,
2458 3967 2589 4007 cura
2616 3993 2630 4017 ,
2675 3966 2785 4006 uno
2818 3951 2985 4006 verbo
3029 3951 3096 4004 de
3126 3950 3246 4019 ejus
3291 3951 3343 4004 in
3385 3950 3690 4006 Ecclesiam

435 4042 644 4098 meritis
669 4044 852 4113 largus
876 4042 1234 4097 dicendorum
1260 4058 1486 4112 campus
1524 4059 1646 4098 sese
1670 4045 1802 4098 mihi
1838 4045 2016 4099 oll'ert.
2043 4043 2265 4114 Longus
2300 4045 2632 4114 scriptorum
2657 4060 2686 4097 a
2709 4043 2965 4097 Melitone
2995 4053 3347 4096 exaratorum
3376 4042 3687 4111 catalogus,

433 4150 596 4200 quem
628 4133 1013 4206 Hieronymus,
1052 4133 1340 4200 Eusebius,
1375 4135 1628 4205 Ruﬁnus,
1658 4136 1999 4207 Nicephorus
2023 4136 2413 4197 exhibuerunt,
2457 4146 2701 4189 nostram
2734 4151 2954 4206 quoque
2989 4134 3288 4189 merebitur
3315 4135 3680 4204 diligentiam.

433 4228 494 4279 In
513 4227 702 4296 primis
721 4234 902 4280 autem
927 4226 980 4280 in
997 4227 1314 4298 colligendis
1334 4228 1438 4282 viri
1461 4229 1624 4298 hujus
1643 4229 1976 4284 sanctissimi
1999 4227 2315 4298 fragmentis
2335 4228 2558 4282 sedulus
2578 4245 2693 4293 cro,
2715 4243 2947 4297 quorum
2971 4227 3130 4281 etiam
3154 4227 3401 4297 qumdam
3424 4229 3690 4284 hactenus

434 4320 580 4390 typis
609 4319 856 4375 nondum
887 4320 1158 4390 exscripta
1187 4322 1467 4390 adjiciam.
1500 4321 1856 4392 Tandemque
1883 4323 1950 4376 de
1984 4322 2200 4386 haeresi,
2234 4337 2358 4390 qua:
2383 4322 2452 4375 ab
2491 4337 2556 4377 eo
2587 4337 2784 4375 nomen
2804 4363 2819 4383 ,
2862 4329 2921 4373 ut
2951 4321 3007 4374 iu
3032 4319 3229 4389 vulgus
3261 4319 3528 4384 creditur,
3565 4335 3689 4374 sor—

434 4414 530 4468 tita
551 4421 656 4480 est,
684 4413 888 4478 dicam,
921 4428 1155 4484 eumque
1184 4430 1252 4469 ex
1285 4415 1668 4470 haereticorum
1703 4414 1882 4468 iudice
1928 4414 2168 4468 eximere
2198 4413 2534 4467 allaborabo.
2577 4411 2644 4466 Ut
2685 4413 2739 4465 in
2772 4427 2944 4482 pauca
2979 4427 3065 4466 me
3094 4412 3438 4477 contraham,
3483 4412 3548 4466 ad
3584 4411 3688 4465 tria

433 4505 550 4561 haec
573 4507 752 4575 capita
783 4522 1004 4561 omnem
1037 4509 1417 4563 tractationem
1442 4510 1714 4564 revocabo
1738 4525 1751 4560 :
1785 4507 2029 4561 Primum
2055 4506 2327 4562 Melitonis
2349 4507 2516 4561 vitam
2543 4507 2848 4575 meritaque
2864 4505 3166 4559 enarrabit.
3201 4503 3257 4556 In
3283 4504 3455 4557 altero
3482 4503 3686 4572 scripta

432 4600 555 4668 ejus
582 4601 1012 4656 recensebuntur
1033 4612 1194 4672 atque
1214 4603 1644 4673 fragmentorum
1674 4601 1804 4656 hinc
1822 4601 1950 4655 inde
1968 4601 2303 4654 exstantium
2329 4599 2566 4670 diligens
2591 4598 2912 4652 instituetur
2937 4596 3303 4667 spicilegium.
3331 4595 3687 4664 Tandemque

433 4690 766 4746 ultimoloco
788 4691 855 4744 de
877 4691 1358 4748 Melitouianorum
1390 4693 1585 4748 haeresi
1633 4702 1843 4763 agetur.
1883 4692 2023 4747 Cum
2065 4693 2167 4747 sub
2197 4693 2456 4747 manibus
2486 4701 2540 4746 et
2565 4700 2761 4760 prazter
2797 4705 2946 4758 spem
2976 4691 3212 4744 creverit
3244 4689 3547 4744 elaboratio
3572 4731 3586 4755 ,
3617 4706 3688 4745 ne

432 4781 656 4836 lecturis
687 4783 851 4838 nimis
879 4784 1037 4855 longa
1073 4786 1324 4841 tractatio
1352 4801 1613 4840 nauseam
1644 4793 1880 4850 moveat,
1913 4784 2166 4852 moleque
2216 4799 2316 4838 sua
2342 4783 2594 4836 laborare
2643 4781 2890 4834 videatur
2937 4781 3251 4836 dissertatio
3301 4789 3512 4844 nostra,
3562 4795 3688 4846 per-

433 4876 766 4930 currendum
812 4892 1066 4946 campum
1118 4880 1172 4932 in
1221 4880 1398 4934 stadia
1447 4879 1758 4948 dispescere
1806 4877 2009 4944 liceat,
2045 4884 2101 4930 et
2130 4877 2234 4930 hac
2277 4877 2396 4930 vice
2423 4876 2489 4929 de
2524 4873 2808 4929 Melitonis‘
2831 4874 3208 4926 tantummodo
3250 4872 3359 4925 vita
3389 4885 3683 4938 exponere,

434 4982 671 5036 eumque
700 4976 759 5022 ut
781 4969 1026 5038 apprime
1060 4971 1304 5036 doctum,
1328 4971 1624 5027 virtutibus
1668 4985 1839 5026 unum
1876 4970 2126 5023 omnium
2174 4968 2260 5022 sui
2297 4967 2561 5036 temporis
2605 4965 2846 5019 maxime
2875 4964 3160 5018 ﬂorentem
3186 5005 3202 5027 ,
3236 4971 3290 5016 et
3331 4962 3398 5015 de
3438 4960 3680 5016 Ecclesia

435 5055 530 5111 Dei
556 5057 770 5127 egregie
801 5069 1100 5114 merentem
1129 5061 1358 5128 sistere;
1391 5063 1602 5130 reliqua
1639 5071 1822 5117 autem
1854 5059 1945 5114 alii
1973 5060 2288 5128 propediem
2319 5058 2648 5112 insecutura:
2683 5056 3058 5111 dissertationi
3094 5070 3398 5109 reservare.
3436 5053 3682 5108 Benevo-

435 5147 548 5201 lum
585 5157 767 5204 autem
798 5150 1078 5206 Lectorem
1105 5153 1368 5221 majorem
1398 5153 1452 5206 in
1479 5154 1701 5208 modum
1740 5169 1873 5224 rogo
1903 5162 2067 5223 atque
2099 5151 2362 5217 obtestor,
2401 5161 2460 5204 ut
2487 5148 2870 5204 conaminibus
2897 5147 3034 5202 meis
3081 5145 3300 5214 faveat,
3350 5154 3683 5214 tenuemque

435 5239 647 5296 huncce
677 5242 920 5297 laborem
949 5243 1090 5314 aequi
1125 5243 1364 5313 bonique
1391 5245 1660 5300 consulat.

1490 5399 1517 5471 §
1553 5397 1592 5451 l.
1641 5399 1715 5452 De
1744 5399 2013 5455 Melilonis
2047 5400 2255 5453 nomine
2287 5399 2598 5454 observatio.

506 5547 664 5605 Circa
693 5550 874 5620 ipsum
905 5549 1177 5606 Melitonis
1198 5566 1395 5606 nomen
1426 5553 1611 5607 statim
1639 5554 1694 5607 in
1726 5553 1916 5608 limine
1947 5553 2298 5610 tractationis
2327 5562 2528 5610 nostra:
2566 5552 2832 5612 nonnulla
2875 5560 3037 5606 erunt
3059 5551 3368 5608 adnotanda
3399 5561 3454 5609 et
3485 5554 3679 5609 obser-

436 5642 583 5697 vatio
611 5644 859 5712 quaadam
883 5644 1239 5715 grammatica
1275 5645 1649 5714 prmmittenda
1683 5647 1809 5712 crit,
1833 5662 1974 5716 quae,
2008 5654 2128 5702 utut
2161 5647 2298 5702 levis
2336 5646 2598 5700 momenti
2658 5661 2747 5700 res
2779 5645 2967 5701 multis
2998 5647 3166 5701 videri
3203 5647 3414 5716 possit,
3460 5648 3676 5704 silentio

437 5741 620 5788 tatuen
645 5733 730 5791 vel
757 5734 880 5792 ideo
905 5751 1012 5792 non
1041 5739 1413 5807 praetereunda
1437 5739 1568 5795 mihi
1608 5740 1842 5808 videtur,
1869 5739 2037 5810 quod,
2080 5756 2203 5796 cum
2240 5757 2272 5796 a
2311 5740 2639 5811 quibusdam
2680 5739 2849 5796 fuerit
2885 5740 3160 5812 neglecta,
3198 5756 3439 5796 errorem
3487 5743 3684 5812 peperit
