4130 6406
475 353 610 409 ΗΠ
1533 356 1588 412 S.
1629 354 1884 411 MELlTO
1925 354 2232 410 SARDIUM
2273 354 2673 410 EPISCOPUS.
3604 351 3742 404 1H8

474 469 531 521 in
564 487 730 540 quem
768 473 1108 528 eruditorum
1137 473 1386 526 nonnulli
1413 489 1532 528 sese
1558 474 1741 528 induci
1768 474 1912 543 passi
1942 472 2185 539 fuerunt,
2215 484 2268 528 et
2298 475 2392 543 qui
2419 473 2761 527 confusionis
2795 471 3206 540 multarumque
3253 469 3514 522 tricarum
3543 483 3739 536 parens

476 557 637 614 facile
667 562 932 617 exsistere
959 572 1152 633 potest.
1190 562 1410 618 Scilicet
1445 565 1497 616 in
1541 563 1733 618 Latine
1770 566 2044 618 reddendo
2072 566 2246 619 nostri
2294 566 2630 620 confessoris
2670 564 2912 628 nomine,
2942 563 3086 631 quod
3116 562 3328 631 origine
3360 559 3608 615 Graecum
3655 567 3742 612 est

476 658 530 702 et
557 651 809 705 Μελίτων
839 654 1011 719 audit,
1049 653 1280 708 diversae
1307 655 1649 708 diversorum
1688 655 2044 708 inveniuntur
2071 657 2376 710 sententiae.
2405 657 2539 710 Aliis
2564 657 2709 709 enim
2743 654 2980 718 Melitus,
3017 655 3140 708 aliis
3178 653 3391 705 Miletus
3422 652 3504 704 Vel
3531 650 3738 713 Mileto,

477 739 600 794 aliis
637 741 878 808 Melitan,
904 745 1028 799 aliis
1050 745 1288 814 denique
1337 745 1522 799 Melita
1551 747 1796 801 effertur.
1845 746 2121 813 Quaeritur
2154 749 2337 817 itaque
2366 765 2616 818 quamam
2655 749 2914 802 formatio
2962 748 3114 802 alteri
3150 749 3221 802 sit
3263 744 3636 814 praeferenda,
3689 753 3742 794 et

475 850 580 901 qua
613 838 962 904 potissimum
989 841 1378 894 terminatione
1403 856 1600 894 nomen
1635 842 1780 896 istud
1813 841 2005 896 Latine
2028 842 2248 895 veniat?
2276 842 2476 897 Facilis
2503 844 2798 895 admodum
2834 843 2899 895 ad
2949 843 3089 894 hanc
3127 840 3485 909 quzestionem
3518 836 3623 891 erit
3654 852 3741 888 re-

476 931 726 996 sponsio,
753 933 1055 988 dummodo
1075 941 1127 986 et
1166 933 1257 986 hic
1289 948 1638 986 communem
1673 935 2155 1002 grammaticorum
2189 935 2420 1002 pharum
2455 938 2630 1002 sequi,
2665 950 2765 988 nec
2811 934 2879 987 ab
2921 934 3169 1002 analogia
3199 974 3216 996 ,
3251 947 3346 986 seu
3381 929 3742 985 similitudine

477 1022 709 1076 aliarum
740 1038 938 1078 vocum
970 1025 1226 1079 recedere
1250 1025 1502 1078 velimus.
1540 1023 1735 1078 Omnia
1768 1036 1947 1078 autem
1977 1026 2200 1079 nomina
2233 1026 2450 1095 propria
2480 1028 2533 1079 in
2569 1027 2834 1096 syllabam
2864 1043 2969 1079 των
2995 1027 3136 1094 apud
3163 1025 3384 1078 Greecos
3406 1022 3736 1084 desinentia,

476 1109 671 1167 Latine
698 1113 752 1166 in
784 1131 843 1166 το
867 1114 1022 1168 linire
1051 1116 1299 1185 analogia
1335 1117 1533 1181 docet;
1568 1116 1648 1170 sic
1675 1131 1724 1168 v.
1752 1132 1800 1170 c.
1829 1115 2076 1180 Πλάτων,
2113 1116 2369 1169 Πλούτων
2397 1116 2586 1171 Latine
2631 1134 2740 1171 non
2767 1119 3023 1171 dicuntur
3047 1117 3241 1171 Platon
3277 1126 3373 1170 aut
3401 1115 3616 1178 Plutus,
3642 1113 3748 1167 sed-

474 1203 660 1270 potius
687 1203 865 1266 Plato,
893 1203 1092 1272 Pluto;
1134 1208 1264 1261 hinc
1293 1209 1499 1262 clarum
1535 1223 1755 1277 quoque
1784 1224 1906 1262 esse
1937 1209 2194 1273 arbitror,
2225 1209 2478 1264 Μελίτων
2502 1209 2692 1264 Latine
2720 1226 2840 1264 esse
2866 1209 3069 1263 Melita.
3107 1209 3270 1263 Recte
3298 1210 3483 1278 itaque
3514 1209 3582 1261 ab
3608 1206 3740 1259 llal-

475 1299 643 1353 loixio
681 1300 756 1371 (1)
787 1303 995 1356 erroris
1024 1312 1332 1372 arguuntur
1353 1303 1548 1357 Petrus
1586 1303 1874 1374 Equilinus
1901 1301 2261 1373 etPhilippus
2288 1302 2670 1374 Bergom‘ensis
2692 1345 2705 1366 ,
2749 1319 2988 1368 quorum
3041 1304 3129 1357 ille
3169 1311 3418 1356 nostrum
3469 1300 3738 1367 Melitam,

475 1390 565 1444 hic
596 1407 724 1446 vero
750 1394 1003 1447 eumdem
1032 1394 1298 1457 Miletum,
1329 1397 1410 1450 vel
1440 1397 1724 1456 Miletanen
1749 1399 1982 1452 vaeavit.
2015 1397 2154 1452 llinc
2185 1399 2459 1452 notandus
2491 1414 2707 1468 quoque
2735 1397 3020 1466 Philippus
3063 1396 3316 1450 Labbeus
3350 1395 3426 1463 (2)
3453 1434 3467 1459 ,
3502 1394 3590 1448 cui
3617 1410 3742 1461 per-

475 1483 602 1538 inde
625 1498 726 1548 est,
765 1489 881 1541 sive
919 1487 1210 1554 Melitanis,
1245 1490 1358 1543 sive
1385 1489 1556 1544 Mileti
1591 1492 1814 1545 nomine
1863 1502 2051 1544 noster
2091 1492 2378 1545 salutetur.
2407 1488 2613 1558 Negare
2645 1499 2825 1542 tamen
2878 1506 2984 1543 non
3039 1504 3261 1556 possunt
3310 1491 3452 1540 [tunc
3493 1500 3737 1540 errorem

474 1576 661 1630 nmltis
686 1577 910 1646 jamj‘am
937 1589 1081 1633 retro
1112 1581 1327 1635 saeculis
1358 1592 1622 1647 erratum,
1659 1583 2078 1653 Melitanemque
2133 1583 2323 1636 Latine
2355 1581 2603 1634 Miletum
2629 1597 2847 1650 quoque
2871 1581 3045 1634 fuisse
3067 1580 3422 1649 appellatum.
3467 1577 3559 1631 Sic
3585 1578 3733 1638 enim

473 1666 529 1720 in
554 1669 741 1723 codice
765 1672 991 1738 antiquo
1017 1673 1172 1739 satis,
1205 1675 1533 1744 optitnteque
1580 1683 1743 1738 notua,
1775 1675 1866 1744 qui
1898 1674 2124 1727 Parisiis
2162 1673 2214 1725 in
2237 1673 2465 1742 collegio
2499 1673 2788 1726 Societatis
2822 1669 2952 1725 Jesu
2995 1669 3425 1725 Claromontano
3482 1683 3740 1722 asserva-

473 1767 587 1826 tur,
609 1763 814 1831 quique
839 1763 1110 1820 Melitonis
1138 1767 1363 1833 librum,
1392 1767 1598 1822 Clavim
1619 1768 1848 1831 dictum,
1876 1766 2140 1827 continet,
2174 1764 2466 1818 anterioris
2498 1762 2611 1817 folii
2633 1779 2889 1831 suprema
2919 1771 3071 1831 parte
3097 1763 3213 1815 hinc.
3245 1761 3520 1828 leguntur,
3546 1758 3738 1812 eadem

472 1869 580 1922 qua
629 1856 799 1910 codex
823 1857 1028 1926 integer
1057 1875 1219 1913 manu
1253 1871 1511 1914 exarata:
1550 1860 1788 1923 Miletus,
1827 1861 2056 1913 Asianus
2087 1859 2384 1926 episcopus,
2423 1858 2560 1910 ltunc
2585 1857 2778 1909 librum
2801 1855 2988 1920 edidit,
3012 1870 3164 1923 quem
3189 1863 3239 1906 et
3269 1870 3498 1923 congrua
3533 1854 3739 1905 nomine

471 1948 681 2002 Clavim
708 1952 1016 2019 appellavit.
1051 1951 1121 2006 Ut
1146 1953 1330 2024 itaque
1357 1953 1632 2018 Labbeus,
1665 1957 1711 2009 si
1736 1956 1957 2024 quidem
1993 1953 2166 2005 errori
2195 1951 2496 2020 antiquitas
2525 1949 2895 2022 patrocinium
2925 1948 3119 2002 afl'erre
3145 1957 3346 2017 potest,
3387 1950 3756 2004 excusandus.

470 2040 876 2110 quodammodo
902 2045 994 2111 sit,
1020 2049 1166 2116 quod
1194 2056 1446 2101 nostrum
1487 2063 1711 2117 quoque
1741 2047 1992 2101 Miletum
2018 2048 2314 2102 vocaverit.

1636 2200 1662 2272 ᾗ
1703 2200 1764 2253 ll.
1823 2202 1968 2255 Varii
2015 2205 2110 2253 hac
2148 2201 2361 2254 nomine
2403 2199 2561 2252 clari.

538 2349 657 2406 Non
688 2353 1007 2426 infrequens
1035 2364 1219 2411 autem
1245 2356 1519 2413 Melitanis
1546 2359 1598 2412 in
1627 2374 1810 2411 rerum
1844 2369 2121 2428 gestarum
2155 2355 2525 2410 monumentis
2555 2365 2636 2411 est
2660 2375 2884 2420 nomen,
2918 2372 3019 2410 nec
3056 2362 3247 2408 noster
3266 2351 3428 2406 unice
3458 2348 3754 2404 utcmorizc-
3807 2341 3817 2355 '

467 2449 887 2518 posteritatique
921 2450 1054 2506 illud
1089 2451 1335 2516 tradidit,
1361 2451 1457 2506 sed
1485 2452 1537 2506 in
1571 2452 1746 2507 sacris
1771 2468 1924 2520 teque
1958 2467 2022 2506 ac
2057 2452 2303 2516 profanis
2335 2451 2626 2506 annalibus
2654 2463 2950 2508 occurrunt
2981 2461 3034 2506 et
3061 2451 3152 2505 alii
3181 2449 3411 2510 eodem,
3456 2446 3538 2498 vel
3591 2443 3735 2498 haud

467 2545 701 2598 limitum
733 2543 954 2598 diverso
983 2545 1206 2598 nomine
1229 2545 1385 2599 clari.
1413 2544 1698 2614 Philippus
1725 2543 2014 2599 Ferrarius
2053 2545 2153 2615 (5),
2186 2546 2394 2599 ordinis
2421 2543 2767 2600 Servitarum
2793 2546 3083 2618 generalis,
3113 2544 3194 2596 vir
3219 2540 3371 2594 omni
3407 2538 3738 2593 eruditionis

467 2655 668 2715 genere
689 2619 1175 2705 instrudtissimuts,
1209 2651 1262 2695 et
1288 2643 1354 2696 de
1383 2651 1700 2696 sanctorum
1732 2641 2083 2709 potissimum
2113 2640 2273 2705 Vitis,
2302 2658 2536 2710 quorum
2563 2643 2786 2697 nomina
2833 2644 2886 2696 in
2932 2639 3375 2712 Martyrologium
3425 2635 3737 2688 Romanum

466 2748 579 2791 non
606 2731 829 2787 fuerunt
853 2735 1042 2800 relata,
1078 2735 1291 2804 egregie
1318 2735 1567 2799 meritus,
1594 2733 1870 2787 Melitonis
1899 2734 2184 2802 cujusdam
2211 2734 2479 2790 Sulcitani
2511 2779 2525 2801 ,
2561 2738 2614 2789 in
2642 2734 2894 2789 Sardinia
2923 2734 3183 2804 episcopi,
3219 2732 3552 2786 mentionem
3588 2728 3736 2792 facit,

468 2825 774 2895 asseritque
831 2842 891 2881 sc
936 2841 1002 2880 ex
1037 2827 1236 2880 tabulis
1267 2836 1321 2880 et
1368 2826 1739 2881 monumentis
1767 2824 2026 2880 Ecclesia:
2061 2824 2356 2882 Sulcitana:
2401 2827 2602 2881 habere
2655 2826 3038 2881 testimonium
3089 2821 3402 2892 bujusmodi
3442 2819 3736 2880 Meiitonis,

472 2915 647 2981 Sulci,
679 2933 772 2973 seu
800 2917 991 2972 Sulchi
1022 2916 1099 2989 (4)
1127 2920 1179 2972 in
1207 2919 1462 2973 Sardinia
1499 2917 1740 2986 episcopi
1790 2926 1844 2971 et
1873 2917 2149 2986 martyris,
2183 2933 2420 2987 eumque
2452 2919 2689 2987 primum
2737 2917 2900 2985 hujus
2924 2915 3071 2970 sedis
3103 2915 3387 2984 prmsidem
3427 2913 3638 2976 statuit,
3685 2920 3742 2966 et

467 3011 761 3078 Bonifacii,
825 3012 1122 3067 Calaritani
1173 3013 1414 3082 episcopi
1465 3012 1818 3080 discipulum.
1873 3010 1959 3065 Cl.
2013 3010 2062 3065 J.
2116 3010 2182 3065 Α.
2227 3010 2514 3065 Fabricius
2551 3012 2651 3080 (5),
2695 3011 2826 3080 quid
2886 3011 3031 3064 enim
3095 3011 3240 3063 hunc
3295 3009 3466 3061 latere
3518 3007 3741 3076 potuit?

469 3106 639 3176 huius
671 3123 890 3176 quoque
916 3106 1182 3170 meminit,
1209 3115 1373 3176 atque
1397 3107 1463 3160 ad
1499 3106 1816 3178 Hieronymi
1857 3108 2036 3161 locum
2065 3149 2079 3172 ,
2116 3107 2210 3160 ubi
2260 3106 2326 3159 de
2353 3115 2543 3160 nostro
2567 3105 2820 3160 Melitone
2859 3109 3038 3176 agitur
3063 3147 3078 3169 ,
3117 3104 3403 3173 diligenter
3436 3103 3738 3166 adnotavit,

469 3217 596 3254 eum
625 3215 748 3254 cum
788 3199 1071 3254 Sulcitano
1095 3200 1320 3254 minime
1343 3216 1463 3255 esse
1487 3199 1954 3255 confundendum.
1989 3201 2041 3253 In
2079 3199 2224 3252 Actis
2254 3197 2571 3252 Sanctarum
2603 3183 2706 3268 (6),}
2731 3216 2851 3268 qua:
2882 3200 3065 3253 multis
3097 3198 3466 3252 voluminibus
3497 3199 3739 3251 Autwer-

468 3290 574 3360 pia:
603 3292 863 3362 singulari
889 3293 938 3348 J.
988 3292 1254 3356 Bollandi,
1290 3291 1616 3347 llenschenii
1643 3334 1657 3356 ,
1689 3291 2050 3362 Papebrochii
2098 3292 2444 3360 aliorumque
2505 3308 2636 3346 cura
2674 3293 2799 3346 inde
2832 3295 2899 3347 ab
2940 3309 3085 3347 anno
3134 3293 3272 3346 1645
3313 3292 3634 3361 prodierunt
3685 3300 3739 3345 et

469 3384 649 3439 adhuc
673 3385 964 3453 prodeunt,
997 3386 1063 3440 de
1096 3385 1364 3440 Sulcitani
1398 3387 1565 3456 hujus
1621 3386 1730 3439 vita
1755 3387 2006 3454 quietiam
2042 3387 2323 3440 memoria:
2354 3386 2706 3440 mandantur.
2747 3385 2989 3441 Ecclesia
3028 3386 3335 3441 Laodicena
3361 3386 3604 3455 ejusdem
3639 3399 3748 3438 no-

469 3477 635 3531 minis
662 3477 1163 3547 etiamcpiscapum
1196 3478 1406 3543 habuit,
1436 3479 1598 3547 cujus
1643 3479 1832 3546 passio
1881 3480 2055 3531 sancti
2090 3477 2321 3533 Joannis
2379 3480 2729 3549 evangelistee
2765 3479 3111 3542 celebratur,
3159 3495 3281 3546 qua:
3315 3477 3542 3531 Omnia:
3594 3478 3738 3530 inter

468 3570 706 3635 codices,
730 3585 870 3639 quos
903 3569 1208 3625 indelebilis
1233 3571 1512 3624 memoria:
1533 3571 1616 3623 vir
1637 3568 1878 3623 Thomas
1898 3568 2146 3622 Bodlzcus
2175 3570 2516 3624 bibliotheca:
2539 3571 2770 3640 publica:
2793 3571 3014 3640 legavit,
3038 3569 3408 3639 manuscripta
3440 3569 3733 3638 exstat(7),

468 3669 520 3716 et
555 3679 716 3731 quam
749 3661 798 3716 εἶ.
829 3663 997 3718 Maria
1026 3664 1397 3719 Florentinius
1427 3664 1528 3734 (8),
1563 3673 1617 3717 et
1637 3679 1704 3717 ex
1747 3677 1813 3715 eo
1862 3662 2026 3715 modo
2058 3671 2394 3718 memoratus
2422 3662 2712 3718 Fabricius
2737 3663 2813 3732 (9)
2842 3663 2982 3733 typis
3005 3663 3420 3718 exscribendam
3448 3671 3733 3726 curarunt,

470 3762 558 3808 ast
579 3755 766 3810 nescio
793 3772 856 3810 ex
882 3773 990 3826 quo
1037 3757 1259 3823 codice,
1299 3759 1350 3811 id
1377 3767 1587 3811 tantum
1625 3773 1733 3812 non
1776 3757 1989 3826 ignoro,
2025 3754 2190 3810 Beato
2234 3755 2433 3810 Joanni
2478 3757 2712 3812 Ernesto
2763 3757 2967 3812 Grabio
3010 3757 3301 3812 consilium
3345 3758 3516 3813 fuisse
3558 3759 3748 3813 denuo.

470 3844 643 3910 illam,
676 3847 721 3901 si
753 3848 1167 3916 supervixisset,
1186 3863 1250 3902 ex
1277 3847 1467 3901 codice
1490 3847 1794 3917 Anglicano
1825 3847 2042 3900 edendi.
2070 3849 2150 3900 Ita
2174 3847 2320 3900 enim
2350 3863 2435 3901 me
2458 3849 2766 3904 docuerunt
2795 3849 2896 3901 viri
2921 3850 3086 3918 hujus
3113 3851 3302 3918 optimi
3345 3850 3580 3914 schedze,
3611 3856 3738 3918 post

467 3951 702 3996 mortem
736 3942 852 4012 ejus
883 3943 1024 3996 inter
1055 3943 1270 3996 cimelia
1315 3943 1658 3996 bibliotheca:
1701 3942 2042 4003 Bodleianm,
2083 3958 2181 3995 ceu
2217 3942 2358 3995 inter
2403 3943 2582 3997 sidera
2619 3945 2800 3998 relata:
2825 3986 2840 4009 ,
2878 3944 3061 4013 ibique
3091 3945 3379 4015 diligenter
3417 3954 3732 4008 asservatae,

468 4049 608 4103 quas
646 4050 754 4088 non
801 4035 920 4090 sine
943 4035 1142 4105 insigni
1181 4035 1556 4088 emolumento
1581 4035 1831 4088 volutare
1859 4034 2294 4089 clarissimorum
2324 4035 2615 4089 custodum
2648 4035 2967 4090 humanitas
3003 4037 3135 4089 mihi
3166 4037 3457 4092 concessit.
3510 4037 3584 4088 De
3628 4037 3736 4093 hoc

468 4128 724 4184 Melitone
751 4127 1081 4196 Laodiceno,
1113 4129 1342 4183 videnda
1372 4128 1561 4197 utique
1591 4137 1720 4183 sunt
1748 4143 1811 4181 ea
1853 4144 1975 4196 qua:
2018 4127 2464 4195 incomparabilis
2507 4127 2790 4183 Fabricius
2827 4129 2939 4198 (l0)
2972 4129 3174 4198 passim
3212 4129 3278 4183 de
3323 4144 3389 4183 eo
3418 4129 3720 4186 annotavit.

469 4217 615 4275 Inter
648 4221 1008 4291 quadraginta
1037 4231 1304 4292 martyres
1330 4219 1572 4274 Sebasta:
1596 4221 1648 4274 in
1687 4220 1942 4274 Armenia
1981 4220 2084 4274 sub
2114 4222 2494 4289 persecutione
2527 4221 2720 4276 Licinii
2745 4223 2808 4275 Α.
2859 4221 2920 4274 C.
2951 4222 3056 4276 520
3077 4263 3091 4288 ,
3126 4221 3328 4292 frigore
3359 4232 3636 4289 enecatos,
3670 4224 3738 4278 de

471 4317 676 4386 quibus
698 4315 886 4371 Basilii
915 4315 1116 4386 Magni,
1141 4315 1390 4385 Gregorii
1413 4313 1642 4385 Nysscni
1670 4358 1683 4379 ,
1711 4314 1944 4384 Ephrem
1984 4313 2127 4384 Syri,
2154 4314 2444 4370 Gaudentii
2490 4316 2792 4372 Brixiensis
2835 4318 3179 4387 aliorumque
3226 4319 3469 4388 insignes
3519 4328 3739 4373 exstant

469 4405 772 4472 orationes,
798 4406 1106 4462 celebratur
1127 4415 1182 4460 et
1207 4405 1481 4461 Melitonis
1506 4407 1729 4460 nomine
1759 4423 1926 4475 unus,
1961 4415 2193 4476 quartus
2217 4421 2247 4459 a
2275 4407 2562 4478 principio,
2590 4418 2751 4477 prout
2774 4424 2838 4462 ex
2867 4407 3240 4465 Bollandianis
3262 4411 3404 4465 inter
3437 4428 3495 4467 se
3519 4410 3749 4467 collatis.

536 4582 612 4654 (1)
656 4581 721 4635 In
761 4583 1064 4638 lllustrium
1103 4584 1353 4637 Ecclesia:
1385 4583 1672 4637 Orientalis
1699 4584 2038 4651 scriptarum,
2077 4567 2122 4623 Α
2149 4582 2418 4654 dinensis,
2447 4597 2608 4654 quam
2642 4583 2792 4636 Sam.
2828 4582 3065 4651 Patrick,
3096 4587 3253 4649 1751,
3287 4589 3516 4641 curavit.

463 4652 878 4728 quisanctilatc
903 4655 1065 4723 juxta
1086 4665 1133 4728 et
1186 4657 1482 4728 eruditione
1514 4671 1635 4706 swc.
1679 4670 1716 4706 ιι
1748 4655 2042 4723 ﬂoruerunt
2160 4724 2177 4728 _
2213 4653 2396 4728 Δ(τίῆ-1η
2448 4652 2777 4706 Bibliotheca
2836 4657 3157 4724 scriptarum
3218 4659 3730 4728 ecclesiasticarum,

479 4723 612 4777 Vitis
642 4737 691 4776 et
726 4725 1076 4788 documentis,
1109 4727 1202 4778 fol.
1242 4727 1362 4780 858.
2152 4724 2246 4778 fol.
2277 4724 2362 4775 95.

537 4794 618 4861 (‘2)
659 4794 761 4860 Qui
794 4796 846 4849 in
883 4797 1034 4850 Nova
1063 4797 1394 4850 Bibliotheca
1427 4813 1554 4849 mss.
1599 4796 1857 4848 librarum
1885 4837 1898 4858 ,
1929 4796 2042 4848 sive
2225 4794 2299 4860 (6)
2344 4792 2542 4844 Mensis
2568 4793 2737 4860 April.
2776 4803 2907 4845 tom.
2945 4797 2986 4854 Ι,
3023 4795 3116 4849 fol.
3146 4797 3230 4850 11.

465 4865 767 4938 speeimiue
785 4869 1132 4934 antiquarum
1154 4869 1447 4921 lectionum
1475 4866 1790 4938 Latinarum
1817 4877 1867 4938 ct
1893 4866 2041 4938 (Βιψ-
2189 4865 2302 4938 __(7)
2332 4863 2767 4938 Vidi_:tlatalogos
2800 4866 3075 4938 librorum
3098 4869 3732 4938 manuscriptorum'An-

464 4949 654 4987 carum
690 4936 742 4988 in
793 4953 853 5010 |v_
871 4932 1049 5010 partes
1091 4938 1417 5010 trilmtarum
1439 4979 1454 5002 ,
1497 4937 1927 5010 Parisiisgltiiiii,
1963 4935 2040 5010 4ξ»,
2309 4943 2362 5010 et
2390 4932 2660 5010 llibc_r_ni;_.t_:
2685 4938 2736 5010 in
2770 4951 2935 4987 unum
2975 4937 3232 5010 collectos
3273 4948 3325 4992 ct
3421 4938 3533 5010 Th1
3556 4938 3728 5010 llydc,

464 5013 621 5072 parte
652 5002 926 5078 secunda,
956 5008 1011 5061 in
1050 5023 1160 5078 qua
1196 5009 1392 5061 biblica
1438 5015 1490 5059 et
1524 5007 1827 5078 theologica
1866 5005 2044 5078 conti-
2155 5002 2495 5078 bibliotheca:
2521 5002 2826 5078 llotllciapa:
2860 5007 3458 5078 protohihliothecario,
3503 5002 3731 5066 Oxouiai

464 5084 684 5146 tuentur,
711 5091 832 5146 pag.
855 5077 945 5140 21,
981 5074 1089 5133 ita}
1116 5077 1291 5132 Clanis
1323 5095 1489 5130 sacrw
1515 5077 1827 5145 Scriptum,
1865 5076 2043 5128 Mileto
2151 5074 2310 5136 1697,
2329 5089 2367 5146 ρ
2392 5074 2604 5126 theatro
2633 5075 3004 5146 Sheldoniano
3036 5079 3250 5131 duobus
3279 5074 3647 5133 voluminibus
3675 5083 3729 5134 in

464 5144 859 5217 seu‘Melitane.
901 5150 1124 5212 Asiana,
1158 5160 1214 5201 ut
1244 5150 1445 5210 uolunt,
1477 5144 1718 5217 episcapa
1750 5157 1984 5199 auctore.
2147 5144 2637 5217 [ol.iedi_tos_._tom.
2670 5145 2708 5207 Ι,
2740 5160 2862 5217 pag.
2912 5146 3041 5212 1‘25,
3073 5149 3260 5201 codice
3295 5148 3436 5202 2152
3461 5193 3474 5213 ,
3519 5148 3726 5204 Bodlei.

538 5214 614 5290 (fg)
656 5215 709 5268 In
738 5217 997 5290 catalogo
1028 5221 1265 5289 generali
1294 5213 2042 5290 sanctorunt,'quinonusunt
2147 5216 2208 5269 F.
2247 5216 2299 5290 7Ἰ
2351 5213 2554 5290 4..ῗ)2ζ
2589 5223 2710 5284 pag.
2741 5213 2864 5290 191,
2913 5217 3086 5290 b,_sq.
3144 5219 3727 5290 Ejusdemfragmenta

464 5283 1214 5356 inMartyrologio'Romano
1241 5331 1255 5354 ,
1304 5289 1546 5344 chetiis
1586 5283 1732 5344 amio
1781 5286 1948 5351 16°25,
1986 5287 2040 5338 in
2145 5287 2393 5356 quaedam
2412 5284 2491 5356 _in
2515 5283 2699 5356 Calen.
2737 5285 2961 5339 Patrum
2988 5283 3360 5341 inveniuntur.
3388 5283 3728 5344 Vide'Mont-

464 5345 916 5429 Qu._ad__l\'alctid.
944 5360 1168 5429 Aprilis.
1243 5345 1254 5354 '
1935 5345 1945 5351 '
2143 5345 2367 5429 faucon.
2394 5354 2662 5429 __Bi_l{lioth.
2690 5357 3138 5429 Bibliothecarum
3178 5359 3352 5429 μμ,
3382 5360 3504 5411 ita.

539 5425 614 5491 (4)
661 5425 799 5480 Urbs
827 5425 1093 5483 Sat-diuite
1121 5431 1429 5492 notissima,
1459 5431 1617 5496 cuius
1646 5429 1788 5497 apud
1828 5437 2041 5481 veteres
2215 5429 2292 5548 ὃὸ)
2330 5425 2412 5479 Ad
2458 5425 2901 5497 Martyrologium
2939 5438 3096 5483 vetus
3138 5425 3194 5481 SI
3243 5427 3580 5500 Hieronymi,
3607 5446 3729 5500 pag.

539 5512 722 5548 :ttllens
751 5500 1234 5548 occurritmentio.
1269 5501 1435 5548 Miror
1462 5501 1609 5548 Frid.
1644 5498 2035 5548 Snanltemium
2146 5497 2213 5548 15
2254 5537 2266 5548 .
2521 5501 2527 5515 ‘

464 5494 722 5567 frequens
751 5500 990 5553 occurrit
1011 5501 1234 5553 mentio.
1268 5501 1435 5554 Miror
1460 5494 1609 5553 Frid.
1644 5494 2035 5567 Spanhemium
2146 5494 2266 5551 150.
2510 5501 2527 5567 ᾗ

465 5567 520 5618 in
559 5565 884 5639 Geographia
914 5587 1011 5624 sua
1042 5587 1196 5624 sacra
1225 5581 1273 5624 et
1296 5570 1653 5624 ecclesiastica
1682 5565 1886 5622 nullam
1917 5568 2037 5634 ejus
2220 5568 2295 5636 (9)
2337 5565 2609 5639 lnicodice
2640 5569 2954 5638 apocrypho
2970 5568 3036 5622 N.
3072 5567 3136 5623 Τ.
3162 5581 3314 5637 parte
3344 5587 3426 5634 III,
3448 5586 3568 5639 pag.
3599 5570 3729 5625 604.

467 5637 798 5708 mentionem
839 5639 1114 5708 injecisse,
1147 5658 1270 5695 cum
1318 5651 1496 5693 tamen
1540 5641 1703 5693 fuerit
1737 5641 1892 5693 sedes
1929 5640 2037 5706 cpi-
2218 5639 2330 5706 (l0)
2372 5638 2549 5708 (litato
2586 5638 2680 5689 lib.
2711 5637 2861 5704 parte
2888 5655 2946 5700 ιι,
2980 5656 3098 5708 pag.
3134 5641 3260 5701 789,
3303 5641 3426 5698 790,
3450 5637 3518 5692 ἰιι
3545 5646 3595 5691 in
3625 5640 3724 5692 lii-

469 5707 727 5779 scopulis.
750 5708 984 5779 iionfer,
1023 5712 1068 5763 si
1116 5711 1322 5778 placet,
1377 5710 1595 5763 Cellarii
1653 5709 2034 5779 Gcographiam
2150 5709 2406 5779 liliotltcca
2437 5707 2620 5762 (ἱνα-σα
2649 5708 2741 5760 lib.
2779 5725 2828 5773 γ,
2860 5724 2976 5777 t'ap.
3016 5707 3072 5774 1,
3099 5721 3208 5765 sccl
3257 5712 3308 5772 :2,
3346 5712 3484 5779 §2~i,
3518 5716 3624 5767 vui.
3661 5710 3722 5776 Υ,

469 5777 634 5842 atttiq.
674 5778 836 5845 p.51,
868 5777 1276 5850 editiotiis,tpm:
1309 5781 1438 5834 mihi
1463 5782 1526 5834 ad
1561 5777 1875 5848 mauuseSI,
1901 5779 2035 5833 Lon-
2147 5798 2267 5849 pag.
2313 5777 2428 5831 185.
