4130 6412
539 384 679 437 “55
1587 381 1643 435 S.
1687 381 1940 436 MELITO
1981 382 2112 434 SAR

2220 382 2287 435 ΞΜ
2329 382 2727 437 EPISCOPUS.
3583 420 3587 422 γ
3658 379 3799 432 1156

540 497 689 551 xime
725 495 1238 561 deditproventnm.
1269 492 1406 547 Hine
1436 495 1760 562 cognomine
1798 495 2038 549 Asianus
2084 497 2349 548 salutatur
2392 494 2723 564 Hieronymo
2769 494 2881 564 (57)
2929 505 2982 547 et
3015 491 3275 550 Chronici
3307 495 3662 549 Alexandrini
3698 511 3800 548 au-

533 588 672 640 ctori
704 588 839 657 (58).
866 585 1039 652 Quam
1071 597 1249 638 autem
1283 585 1335 637 in
1366 586 1547 653 specie
1574 587 1911 655 provinciam
1939 585 2084 640 Asia:
2107 588 2337 656 patriam
2372 587 2644 649 habuerit,
2683 597 2735 639 ct
2765 603 2888 655 qua:
2925 587 3269 654 potissimum
3294 589 3427 642 urbs
3459 588 3559 656 ipsi
3589 588 3801 640 natales

533 679 762 744 dederit,
795 677 1097 732 tacentibus
1127 675 1367 729 historia:
1394 677 1780 741 monumentis,
1807 677 2033 731 definire
2060 694 2166 730 non
2195 679 2390 741 audeo.
2425 675 2696 730 Halloixio
2719 677 2829 746 (59)
2856 677 3072 745 quidem
3102 675 3559 730 verisimillimum
3585 677 3802 729 videtur

539 771 803 824 Sardibus
833 787 958 824 eum
987 770 1155 823 fuisse
1184 781 1394 834 natum,
1423 779 1584 840 atque
1608 786 1912 840 cognomen
1949 771 2258 836 Sardensis,
2291 771 2374 824 vel
2407 771 2609 824 rectius
2641 769 2923 834 Sardiani,
2957 769 3146 822 tulisse
3178 785 3284 821 non
3313 766 3695 820 tantummodo
3721 766 3795 818 oh

535 864 924 917 habitationem
958 873 1012 916 et
1042 879 1242 917 munus
1265 863 1524 932 episcopi,
1552 864 1700 933 quod
1739 865 1792 917 in
1836 865 1970 919 urbe
2002 865 2257 919 Sardium
2286 869 2483 934 gessit;
2514 865 2607 921 Sed
2655 864 2816 918 etiam
2842 863 2912 916 ob
2951 863 3288 916 nativitatem
3321 871 3374 916 et
3409 862 3663 930 patriam.
3697 863 3796 912 Ast

532 974 658 1011 cum
691 959 1060 1026 conjecturam
1098 974 1252 1011 suam
1291 958 1422 1011 nulli
1455 959 1545 1012 alii
1583 958 1936 1014 fundamento
1970 962 2417 1027 superstruxerit,
2455 977 2619 1030 quam
2651 959 2797 1029 quod
2830 957 3119 1012 Sardensis
3155 956 3577 1025 cognominatus
3603 953 3705 1013 sit,
3739 963 3802 1006 ut

530 1054 580 1105 ei
613 1054 952 1107 subscribam
987 1053 1137 1105 nullo
1177 1053 1337 1106 modo
1383 1053 1481 1106 abs
1522 1068 1610 1106 me
1658 1052 1948 1121 impetrare
1980 1070 2226 1123 possunt,
2262 1055 2385 1108 licet
2424 1071 2524 1108 nec
2567 1055 2735 1122 aperti
2772 1053 2976 1105 erroris
3001 1066 3126 1103 eum
3176 1052 3316 1103 hanc
3339 1048 3411 1101 ob
3443 1060 3666 1100 causam
3699 1059 3795 1097 ar-

531 1162 696 1214 guere
728 1145 908 1198 velim.
942 1143 1074 1213 Ejus
1104 1154 1279 1199 tamen
1327 1147 1594 1200 sententia
1627 1163 1726 1200 cur
1757 1147 1970 1198 infirma
2020 1156 2073 1198 et
2117 1147 2363 1214 precario
2409 1156 2621 1199 asserta
2668 1145 2803 1198 mihi
2855 1143 3121 1204 videatur,
3177 1139 3533 1210 sequentibus
3564 1136 3797 1191 inducor

541 1238 867 1291 rationibus.
901 1236 1082 1290 Primo
1112 1239 1258 1306 quod
1289 1239 1480 1291 nullihi
1509 1239 1650 1291 unde
1680 1238 1978 1306 appelletur
2011 1236 2328 1300 Sardensis,
2362 1238 2453 1290 sed
2506 1239 2574 1290 ita
2607 1251 2819 1303 semper
2850 1235 3171 1287 ordinentur
3202 1233 3388 1296 verba,
3432 1239 3492 1283 ut
3519 1228 3668 1282 nullo
3697 1242 3798 1279 ne-

530 1330 678 1399 gotio
711 1331 891 1383 statim
927 1339 1126 1396 pateat,
1154 1345 1276 1382 cum
1305 1346 1408 1381 non
1441 1330 1512 1382 ob
1543 1330 1796 1397 patriam,
1827 1329 1918 1382 sed
1953 1330 2022 1381 ob
2051 1329 2371 1395 dignitatem
2402 1329 2560 1381 unice
2584 1328 3006 1381 ecclesiasticam
3038 1327 3139 1378 hoc
3174 1338 3478 1393 cognomen
3505 1321 3798 1376 meruisse.

532 1425 623 1478 Sic
656 1440 708 1476 v.
748 1440 795 1476 c.
827 1422 1059 1475 Eusebio
1098 1432 1320 1474 vocatur
1349 1438 1362 1473 :
1393 1422 1505 1491 Τῆς
1538 1423 1594 1473 ἐν
1626 1421 1855 1492 Σάρδεσι
1884 1421 2117 1491 παροικίε

2220 1421 2504 1481 ἐπίσκοπος
2537 1419 2646 1488 (60)
2673 1433 2685 1468 :
2720 1419 2818 1487 τῆς
2855 1421 2910 1470 ἐν
2937 1417 3193 1488 Σάρδεσιν
3223 1412 3546 1482 Ἐκκλησίας
3573 1412 3800 1464 ἐπίσκο-

530 1535 632 1580 πος
663 1516 771 1588 (6i)
803 1532 815 1567 :
841 1513 1152 1587 Σαρδιανῶν
1183 1515 1476 1577 ἐπίσκοπος
1507 1515 1604 1584 τῆς
1636 1513 1833 1576 Λυδίας
1865 1514 1996 1582 (62),
2026 1514 2102 1566 sic

2220 1513 2341 1566 ﬂino
2371 1532 2387 1562 (
2421 1512 2710 1566 Sardensis
2735 1513 2962 1565 antistes
2989 1510 3266 1569 Ecclesim,
3293 1508 3583 1576 episcopus
3609 1504 3800 1559 Eccle—

531 1612 627 1664 sia:
664 1610 954 1663 Sardensis
994 1608 1128 1678 (65),
1174 1628 1190 1658 ι
1226 1609 1304 1662 sic
1328 1607 1678 1678 Hieronymo,
1710 1606 2017 1676 Nicephoro
2041 1609 2288 1675 aliisque.
2314 1608 2359 1658 A
2387 1608 2600 1660 neruiue
2627 1617 2809 1660 autem
2839 1616 3079 1660 veterum
3116 1605 3447 1672 scriptorum
3473 1601 3802 1669 simplicrter

531 1703 847 1774 Σαρδιανὸν,
887 1721 904 1752 ι
939 1700 1262 1755 Sardensem
1295 1702 1409 1754 sive
1438 1700 1764 1754 Sardianum
1800 1719 1817 1750 ι
1850 1716 1972 1753 eum
2006 1701 2333 1769 appellatum
2361 1701 2563 1754 inveni.
2598 1702 2842 1755 Alterum
2873 1699 3016 1768 quod
3047 1714 3133 1751 me
3171 1706 3373 1761 movet,
3407 1696 3511 1748 hoc
3538 1702 3640 1756 est,
3675 1693 3798 1745 istis

535 1796 873 1863 temporibus
907 1794 1076 1848 moris
1109 1809 1213 1847 non
1246 1802 1354 1846 tam
1401 1791 1570 1845 fuisse
1615 1789 1872 1845 Ecclesiae
1911 1793 2227 1846 doctoribus
2257 1808 2288 1845 a
2335 1792 2507 1860 patria
2532 1794 2859 1864 cognomina
2891 1793 3193 1859 imponere,
3223 1789 3314 1842 sed
3345 1803 3438 1841 eos
3461 1787 3528 1840 ab
3555 1783 3802 1838 Ecclesia

533 1888 736 1954 potius,
763 1889 847 1940 cui
873 1896 1158 1956 prazerant,
1188 1885 1276 1937 illa
1298 1883 1507 1938 tulisse.
1535 1881 1626 1936 Sic
1654 1883 1798 1936 enim
1829 1886 2059 1952 lgnatio,
2088 1883 2284 1936 Nonne.
2311 1885 2363 1937 in
2391 1885 2642 1939 Sardinia
2676 1893 2802 1937 nato
2823 1883 2957 1952 (6i),
2986 1881 3340 1944 Antiocheni;
3373 1876 3635 1932 Clementi
3659 1874 3799 1943 (65),

533 1979 625 2045 qui
667 1978 906 2031 Italicam
943 1989 1086 2032 certe
1119 1977 1348 2046 patriam
1380 1991 1487 2029 non
1526 1975 1735 2040 habuit,
1773 1973 2002 2028 Romani
2032 1995 2044 2040 ;
2079 1978 2287 2030 Irenaeo
2323 1977 2458 2044 (66),
2489 1977 2579 2031 cui
2621 1976 2749 2028 Asia
2779 1977 2946 2029 vitam
2985 1973 3153 2038 dedit,
3185 1971 3564 2040 Lugdunensis
3597 1981 3803 2036 cogno-

535 2072 683 2125 mina
714 2071 894 2124 addita
937 2069 1307 2132 inveniuntur,
1346 2079 1492 2122 certe
1518 2084 1624 2122 non
1649 2071 1719 2122 ob
1754 2069 2006 2136 patriam,
2054 2069 2146 2121 sed
2179 2069 2249 2122 ob
2296 2085 2494 2122 munus
2543 2070 2779 2138 episcopi
2814 2067 3128 2137 regionibus
3167 2065 3285 2119 istis
3327 2064 3802 2117 administratum.

533 2162 772 2217 Econtra
805 2162 917 2227 alii,
947 2177 1087 2230 quos
1125 2175 1303 2214 rerum
1336 2168 1563 2213 eventus
1612 2161 1666 2213 in
1708 2160 1915 2212 nullam
1961 2160 2274 2214 cathedram
2303 2160 2501 2226 evexit,
2543 2170 2664 2214 utut
2707 2162 2773 2214 de
2800 2174 2991 2213 eorum
3020 2158 3192 2226 patria
3220 2155 3525 2210 certissime
3558 2163 3796 2216 constet,

528 2253 747 2306 rutilum
779 2263 955 2307 tamen
984 2254 1050 2307 ab
1081 2269 1143 2307 ea
1170 2268 1470 2322 cognomen
1496 2263 1842 2322 acceperunt,
1878 2267 1944 2306 ne
1971 2253 2178 2306 scilicet
2213 2267 2311 2321 pro
2359 2253 2628 2321 episcopis
2667 2252 2804 2306 falso
2838 2252 3185 2305 haberentur.
3215 2251 3307 2304 Sic
3339 2247 3612 2310 Justinus,
3638 2248 3802 2318 cujus

534 2352 679 2395 terra
715 2355 888 2396 mater
920 2342 1165 2396 Samaria
1207 2341 1330 2408 fuit,
1364 2358 1471 2397 non
1520 2341 1921 2407 Samaritanus,
1949 2341 2044 2396 sed
2080 2343 2198 2394 κατ’
2243 2342 2434 2414 ἐξοχὴν
2482 2351 2686 2413 martyr
2724 2355 2968 2396 vocatur.
3014 2341 3104 2396 Sic
3148 2339 3432 2411 Origenes,
3459 2339 3802 2394 Alexandrim

536 2446 720 2498 natus,
749 2452 776 2488 a
802 2439 971 2505 patria
1004 2437 1227 2490 minime
1256 2436 1679 2504 Alexandrinus,
1716 2438 1808 2491 sed
1836 2437 1906 2490 ob
1936 2437 2185 2490 laborum
2216 2437 2533 2506 patientiam
2572 2436 2946 2507 Χαλκέντερος
2974 2452 3068 2489 seu
3109 2433 3472 2487 Adamantius
3518 2431 3771 2501 cognomi

535 2537 716 2582 natur.
753 2528 843 2582 Sic
872 2530 1142 2583 innumeri
1168 2530 1281 2595 alii,
1309 2546 1542 2599 quorum
1577 2532 1808 2598 patriam
1840 2540 2180 2599 compertam
2226 2532 2510 2596 habemus,
2537 2531 2740 2583 nullam
2773 2531 2841 2583 ab
2865 2545 2926 2583 ea
2956 2529 3274 2599 gentilitiam
3307 2526 3583 2595 accipiunt
3610 2525 3798 2593 appel-

528 2616 818 2676 lationem.
855 2619 1076 2674 Veteres
1109 2622 1310 2690 potius,
1341 2623 1446 2676 viri
1494 2622 1725 2691 alicujus
1767 2623 1997 2692 patrima
2031 2625 2364 2692 expressuri,
2404 2624 2723 2693 generaliori
2757 2624 2993 2692 quodam
3030 2631 3083 2675 et
3126 2622 3318 2675 laxiori
3352 2628 3562 2674 tantum
3593 2634 3800 2688 cogno-

537 2710 686 2764 mine
722 2712 908 2765 Asiani
943 2713 1028 2765 vel
1061 2710 1304 2764 Africani
1333 2712 1477 2765 illam
1513 2711 1754 2766 indicare
1778 2721 2092 2766 sueverunt.
2125 2711 2238 2765 Hoc
2269 2721 2322 2766 et
2353 2711 2590 2767 Melitoni
2622 2720 2809 2765 nostro
2838 2711 3084 2778 contigit,
3126 2711 3198 2764 ita
3234 2719 3291 2763 ut
3321 2726 3427 2762 non
3459 2709 3575 2762 sine
3605 2721 3802 2776 magna

538 2803 936 2871 probabilitatis
965 2803 1147 2872 specie
1196 2804 1498 2859 asseruisse
1537 2804 1672 2857 mihi
1717 2804 1937 2870 videar,
1966 2819 2033 2857 ex
2065 2805 2181 2857 solo
2216 2802 2506 2859 Sardensis
2546 2805 2876 2874 cognomine
2925 2801 3254 2857 Halloixinm
3283 2802 3536 2871 colligere
3572 2817 3804 2870 prorsus

538 2911 648 2950 non
683 2894 943 2964 potuisse,
984 2893 1209 2964 Lydiam
1247 2891 1479 2964 ejusque
1507 2896 1824 2964 primariam
1857 2897 2047 2950 urbem
2076 2895 2278 2950 Sardes
2307 2898 2354 2950 ei
2393 2898 2627 2964 patrium
2657 2896 2934 2950 exstitisse
2957 2897 3153 2949 solum.

1698 3038 1728 3112 §
1767 3037 1832 3093 V.
1877 3040 2102 3104 Quando
2143 3039 2328 3094 Melita
2367 3041 2628 3109 ﬂoruerit.

611 3200 709 3254 Ast
739 3198 924 3252 relicta
961 3198 1104 3267 ejus,
1155 3213 1319 3268 quam
1371 3198 1552 3253 minus
1581 3208 1913 3268 compertam
1962 3197 2225 3253 habemus
2253 3208 2447 3267 patria,
2493 3202 2560 3254 ad
2609 3199 2712 3254 alia
2758 3208 3127 3267 transeamus,
3153 3214 3275 3270 qua:
3316 3198 3489 3268 magis
3521 3209 3650 3254 sunt
3678 3214 3805 3267 per-

539 3301 748 3362 specta,
782 3301 944 3361 atque
977 3291 1042 3344 de
1081 3300 1256 3357 :etate,
1283 3305 1390 3360 qua
1421 3291 1652 3346 celebris
1685 3293 1896 3346 exstitit
1945 3301 2129 3347 noster
2157 3292 2269 3361 jam
2295 3292 2688 3361 disquiramus.
2735 3293 2794 3346 In
2823 3308 2886 3346 ea
2921 3291 3253 3357 deﬁnienda,
3290 3295 3573 3361 sequentia
3604 3293 3805 3362 quibus

541 3389 659 3435 tuto
699 3381 877 3446 inniti,
909 3381 1452 3450 computationesque
1493 3389 1706 3436 nostras
1747 3398 1853 3436 non
1896 3383 2012 3438 sine
2051 3398 2214 3437 causa
2256 3367 2630 3451 superstruere
2669 3399 2962 3454 possumus
3000 3384 3459 3452 deprehendimus
3499 3392 3802 3437 momenta.

541 3471 907 3541 Hieronymus
949 3471 1099 3541 (67),
1140 3470 1409 3526 Eusebius
1448 3470 1560 3541 (68)
1598 3480 1652 3526 et
1701 3470 2042 3542 Nicephorus
2079 3474 2194 3544 (69)
2235 3475 2436 3543 aliique
2476 3491 2688 3530 comvos
2741 3484 3092 3544 temporeque
3145 3491 3407 3545 suppares
3445 3475 3545 3544 ipsi
3589 3475 3805 3530 faciunt

535 3563 925 3634 'Hegcsippum,
966 3562 1308 3633 Dionysium,
1349 3563 1760 3618 Corinthiorum
1799 3565 2137 3635 episcopum,
2177 3565 2456 3637 Pinytum,
2495 3568 2839 3621 Cretensium
2879 3567 3218 3636 episcopum,
3261 3567 3591 3636 Philippum,
3635 3567 3806 3638 Apol-

541 3654 802 3721 linarem,
842 3653 1129 3708 Musanum
1154 3693 1170 3719 ,
1210 3652 1545 3720 Modestum,
1586 3657 1850 3709 Irenaeum
1889 3672 1953 3711 ac
1993 3657 2355 3728 Theophilum
2395 3657 2796 3711 Antiochenum
2822 3697 2837 3721 ,
2879 3658 2971 3725 qui
3006 3647 3384 3712 omnes°circa
3425 3660 3664 3713 medium
3703 3675 3806 3714 sa:-

539 3750 651 3805 culi
690 3750 914 3803 secundi
955 3749 1276 3803 floruerunt.
1319 3748 1399 3803 Ex
1442 3749 1634 3803 iisdem
1671 3765 1837 3818 porro
1872 3752 2189 3807 auctoribus
2231 3751 2343 3820 (70)
2384 3761 2631 3816 constat,
2667 3751 2977 3806 Melitonem
3018 3760 3265 3805 exortam
3309 3754 3425 3807 suis
3465 3754 3807 3823 temporibus

543 3844 604 3897 in
645 3841 886 3896 Ecclesia
928 3841 1233 3896 Laodicena
1275 3843 1674 3897 dissensionem
1715 3843 1858 3897 circa
1897 3847 2188 3913 paschatos
2241 3845 2658 3900 celebrationem
2709 3846 3089 3915 composuisse
3142 3845 3391 3901 feliciter.
3449 3846 3623 3916 Hujus
3673 3864 3808 3901 vero

545 3936 935 3990 controversiae
984 3944 1199 4004 tempus
1251 3934 1369 4004 ipse
1421 3935 1474 3988 in
1529 3935 1795 4003 principio
1843 3937 2056 4004 operis,
2099 3938 2240 3991 hanc
2294 3939 2349 3991 in
2389 3953 2612 3992 causam
2667 3939 2734 3992 de
2785 3939 3044 4007 paschate
3078 3939 3309 4004 exarati,
3352 3940 3437 3994 his
3477 3939 3808 4008 significavit

617 4113 727 4184 (57)
757 4111 1105 4188 ln_thalogp_
1133 4114 1449 4188 scriptorum
1474 4113 2111 4188 ecclgsiagticqrum,_cap.
2145 4122 2189 4176 Α
2219 4124 2400 4188 tamen
2431 4115 2485 4171 in
2514 4115 3078 4188 'Adnotationibgusgad
3116 4115 3319 4188 Ignatii
3347 4117 3624 4188 epistolas,
3656 4133 3797 4184 quas

543 4183 634 4247 24,
661 4200 794 4255 pag_._
821 4183 923 4236 110
956 4202 969 4236 :
1010 4202 1027 4232 ι
1060 4183 1241 4255 Melite
1286 4184 1526 4239 Asianus
1573 4183 1875 4255 Sardensis
1903 4184 2119 4255 episco-
2217 4187 2444 4255 editioni
2479 4203 2592 4242 suae
2650 4186 3110 4255 praestantissimte
3148 4183 3323 4241 Oxon.
3367 4183 3527 4250 1709,
3579 4183 3742 4250 iii-4°,
3774 4206 3806 4244 e

539 4251 669 4335 pus.
693 4251 830 4336 ‘n’Et.
858 4252 1329 4336 lautiqua‘f‘lrreca
1373 4257 1590 4336 versio‘,
1625 4268 1789 4336 quam
1816 4251 2119 4336 ‘lfaliriein's
2219 4255 2322 4309 Th.
2357 4254 2547 4336 Sheld.
2576 4251 2788 4336 adjecit
2802 4255 2904 4336 Th.
2938 4255 3206 4336 Sinitlnts,
3242 4259 3417 4336 magis
3445 4260 3620 4326 placet
3636 4275 3806 4336 asse-

539 4321 708 4377 Simul
747 4323 966 4377 exhibet
1017 4342 1028 4374 :
1071 4321 1318 4375 Μελίτων
1373 4321 1659 4387 Ἀσιανὸς,
1699 4322 1944 4393 Σαρδέων
1998 4323 2117 4375 ἐπί-

2220 4341 2340 4379 rere
2361 4321 2713 4397 jgnatium'a
2757 4326 2910 4397 Syris
2943 4341 3042 4378 sua
3088 4327 3266 4395 lingua
3313 4321 3594 4380 Nnranum
3632 4327 3808 4382 fuisse

545 4409 748 4446 σκοπος
756 4431 769 4443 .

620 4409 853 4533 ῗξὲῗᾌό
901 4462 1204 4533 Olympiad.
1271 4479 1534 4527 ccxxxvt,
1581 4478 1701 4532 pag.
1754 4460 1860 4514 6206
1908 4479 1920 4514 τ
1962 4460 2122 4533 Ἀλλὰ

548 4531 930 4605 διεπιὶτ-Μελ-ίπιτων⁸
947 4529 1212 4605 ν’Ᾱσιανδς,
1243 4534 1550 4605 Σαρδιανῶν
1569 4529 1963 4605 ,ἐπίσκοποςηκ
1990 4547 2040 4583 τ.
2069 4529 2118 4585 λ.

623 4602 735 4671 (59)
776 4601 832 4654 In
883 4603 1182 4656 Illustrium
1245 4601 1497 4659 Ecclesia:
1548 4603 1746 4659 Oricnt.
1802 4603 2118 4669 scriptorum

561 4668 724 4734 Vitis,
746 4671 840 4726 fol.
872 4674 997 4728 818.

580 4741 971 4864 dijLglaigtor.
997 4745 1366 4798 ecclesiastica:
1391 4744 1484 4797 lib.
1513 4761 1586 4803 tv.
1611 4759 1730 4812 cap.
1755 4741 1843 4805 '26,
1873 4741 1967 4795 fol.
1994 4739 2117 4806 188,

542 4820 679 4865 θαιι.
716 4820 882 4867 Itead.

623 4874 732 4952 (6i)
774 4880 946 4946 Ibid.,
998 4885 1093 4938 lib.
1145 4902 1226 4947 iv,
1261 4901 1380 4952 cap.
1432 4885 1500 4939 15
1539 4893 1594 4939 et
1635 4883 1924 4951 Nicephor.
1972 4878 2115 4933 Hist.

547 4951 735 5024 εεσιςξ.
767 4953 862 5024 lib.
898 4970 969 5024 ιδ’,
1007 4972 1128 5024 cap.
1161 4955 1246 5018 10,
1277 4951 1371 5007 fol.
1397 4955 1523 5010 294.
1547 4954 1737 5008 Front.
1775 4952 1975 5024 Ducaei:

623 5018 734 5094 (62)
784 5023 844 5094 in
895 5018 1153 5077 Chronico
1190 5026 1258 5077 ad
1305 5024 1515 5094 Olymp.
1552 5038 1801 5094 ccxxxvu
1836 5020 2121 5074 ιΜελίτων

549 5083 1173 5163 Σαρδιανῶνᾼὲπίσκοπος
1203 5095 1302 5163 τῆς
1332 5083 1552 5158 Λῖδδίας,
1583 5112 1638 5148 κ.
1669 5111 1719 5145 τ.
1748 5093 1799 5163 λ2

621 5159 908 5280 (ϐὅὲιὶυῆ.
958 5163 1098 5216 Hist.
1121 5159 1321 5244 _ecclés.
1363 5165 1457 5218 lib.
1493 5181 1580 5231 tv,
1622 5179 1742 5232 cap.
1777 5161 1869 5225 95,
1901 5159 1997 5214 fol.
2027 5159 2116 5223 93.

548 5230 680 5282 εάιι.
753 5243 859 5282 eat.
891 5232 1155 5282 Rhenam.

621 5245 680 5280 ιι.

621 5298 739 5373 (64)
768 5299 850 5373 De
892 5305 1063 5370 patria
1100 5303 1157 5373 Β.
1191 5303 1386 5373 lgnatii
1427 5303 1550 5357 vide
1583 5303 1632 5357 .l.
1668 5303 1958 5373 Ernestum
1985 5299 2120 5354 Gra-

549 5365 698 5447 bium
722 5365 782 5423 in
797 5365 1646 5449 §picile_gio_SS."Pati-unt.tom.
1669 5376 1746 5449 _Il,
1773 5386 1894 5449 pag.
2009 5385 2116 5437 squ

549 5440 644 5513 qui
689 5454 753 5513 ex
791 5440 1052 5513 Gregorio
1085 5443 1475 5513 Abulpharagii
1516 5443 1708 5495 Arabis
1747 5440 2120 5513 rdynastigrum

550 5507 800 5582 historia,
827 5507 1040 5582 dynast.
1079 5529 1176 5577 vn,
1211 5507 1334 5581 pag.
1368 5507 1490 5576 H9,
1535 5507 1934 5582 probavit’eum
1959 5508 2120 5561 Nura:

550 5579 695 5650 apud
743 5578 945 5635 Sardos
973 5578 1414 5650 parente—Judan
1455 5578 1624 5637 fuisse
1665 5579 2115 5650 proseminatum,

551 5646 830 5715 additque,
863 5667 928 5704 ex
963 5646 1278 5719 conjectura
1306 5651 1408 5705 Th.
1437 5652 1646 5723 Heydii,
1668 5646 1811 5723 forte
1842 5665 1924 5723 ex_
1944 5651 2117 5723 patria

551 5730 777 5790 αμοίιῃρ
820 5730 1006 5774 natum
1057 5717 1304 5776 Latinum
1353 5717 1546 5775 nomen
1575 5721 1961 5790 lgnatii;_qnia
1999 5717 2118 5770 Νήν

551 5785 666 5838 sive
697 5785 848 5843 Nam
875 5792 1163 5848 Clialdaice
1203 5794 1378 5863 ignem
1409 5785 1690 5862 signiticet.
1732 5791 1778 5845 J.
1823 5785 2115 5843 I’Vearsonio

753 5243 859 5285 eat.
891 5232 1155 5287 Rhenani.

2221 4395 2569 4466 appellatum,
2601 4397 2757 4466 quasi
2802 4395 3015 4466 diceres
3046 4415 3063 4446 ‹
3101 4398 3392 4458 illustrem,
3429 4398 3798 4466 splendidum.

2221 4465 2557 4537 gloriosum;
2601 4463 2631 4518 ι’
2650 4476 2704 4520 et
2748 4467 2816 4519 ita
2851 4463 3055 4537 Nurani
3100 4482 3400 4537 cognomen
3435 4463 3542 4520 non
3583 4467 3648 4520 de
3680 4469 3805 4521 loco

2222 4535 2366 4588 unde
2414 4545 2568 4589 ortus
2603 4546 2720 4595 est,
2771 4536 2862 4589 sed
2901 4537 2966 4588 de
3014 4535 3360 4604 cognomine,
3410 4552 3521 4605 quo
3573 4537 3802 4593 honoris

2223 4619 2390 4659 causa
2415 4615 2641 4658 vocatus
2680 4606 2801 4667 fuit,
2835 4605 3243 4674 interpretatur.

2295 4674 2408 4742 (65)
2463 4674 2535 4726 De
2579 4675 2872 4728 Clementis
2920 4675 3153 4728 Romani
3204 4675 3380 4745 patria
3427 4675 3597 4729 altum
3653 4677 3802 4747 apud

2222 4759 2414 4798 omnes
2443 4746 2740 4798 silentium.

2221 4814 2409 4938 ῙΙΊ(66)
2447 4813 2678 4883 Smyrna
2714 4815 2857 4866 hunc
2884 4813 3055 4870 fuisse
3083 4815 3375 4870 oriundum
3404 4816 3653 4870 nonnulli
3683 4831 3803 4887 per-

2263 4902 2277 4937 ι
2317 4899 2384 4936 en
2415 4925 2428 4938 .

2263 4894 2428 4939 Ibem.

2293 4953 2403 5025 (67)
2441 4953 2680 5025 Epistola
2703 4952 2792 5017 85,
2815 4964 2952 5025 tom.
2980 4953 3047 5006 IV
3075 4953 3234 5024 Opp.,
3269 4965 3424 5025 parte
3453 4972 3514 5021 ιι,
3548 4955 3641 5010 fol.
3667 4955 3800 5025 656.

2291 5019 2405 5093 (68)
2437 5019 2660 5096 Hister.
2689 5025 2923 5096 eccles”,
2947 5024 3041 5078 lib.
3085 5019 3174 5096 tv,
3203 5019 3324 5094 cap.
3363 5027 3428 5080 21
3468 5019 3804 5096 ς’Ἥκμαζον

2220 5094 2278 5176 δὲ
2309 5096 2366 5145 ἐν
2396 5093 2606 5196 ’πρώτοις
2650 5095 2740 5145 ἐπὶ
2770 5095 2868 5196 τῆς
2915 5095 3240 5196 Ἐκκλτζσίας
3276 5093 3720 5196 ᾙγήσιτξίπόςτόε,
3740 5097 3804 5149 ὃν

2225 5167 2380 5232 ἴσμεν
2427 5167 2490 5215 ὲκ
2529 5167 2639 5215 τῶν
2682 5167 2983 5235 προτέρων,
3029 5167 3123 5218 καὶ
3173 5167 3449 5230 Διονύσιος
3497 5167 3804 5250 Κορινθίων

2222 5235 2535 5306 ἐπίσκοπος,
2559 5234 2783 5306 Πνίνυτός
2812 5252 2870 5286 τε
2896 5235 3052 5306 ἄλλος
3075 5235 3184 5288 τῶν
3213 5237 3304 5288 ἐπὶ
3327 5238 3552 5306 Κρήτης
3580 5235 3805 5288 επίσκοο

2221 5321 2321 5377 στος
2341 5344 2354 5364 ,
2388 5305 2650 5377 Φίλιππός
2683 5321 2742 5355 τε
2763 5306 2872 5377 λὲπὶ
2909 5305 3255 5377 τούτοις-,καὶ
3301 5305 3667 5377 Ἀπολινάριος
3699 5306 3801 5377 ,καὶ

2220 5374 2488 5495 Ιὲξελιτων,
2523 5375 2805 5436 Μουσανός
2837 5391 2896 5426 τε
2929 5375 3022 5428 καὶ
3053 5375 3346 5440 Μόδεστος,
3387 5377 3483 5429 καὶ
3511 5374 3602 5428 ἐπεὶ
3630 5376 3800 5428 mia-na

2269 5461 2524 5495 ιοηναιος.

2269 5461 2524 5514 ιρηναιος.

2293 5463 2524 5515 ρηναιος.

2293 5516 2404 5582 (69)
2439 5514 2643 5567 Histor.
2677 5514 2884 5584 cretes"
2914 5514 3010 5568 lib.
3047 5532 3119 5578 tv,
3149 5531 3269 5584 cap.
3303 5516 3390 5570 19.

2295 5581 2408 5653 (70)
2449 5585 2645 5637 Euseb.
2685 5583 2830 5638 Hist.
2865 5591 3073 5648 eccles.,
3111 5581 3314 5650 Ιίὶ).ἰγ,
3343 5601 3463 5653 cap.
3495 5584 3602 5648 26;
3635 5581 3779 5636 Nice.

2219 5653 2557 5777 piiloréélist.
2590 5655 2797 5714 ccclcs.,
2831 5656 2924 5709 lib.
2962 5673 3032 5721 tv,
3059 5673 3178 5726 cap.
3227 5656 3328 5722 li);
3362 5655 3559 5711 Ruﬂin.
3587 5657 3679 5708 lib.
3721 5668 3795 5718 ιν,

2221 5740 2334 5792 cap.
2364 5740 2452 5777 2t).
