4130 6380
590 356 730 411 1159
1658 353 1715 406 S.
1760 349 2010 404 MELITO
2054 349 2221 402 SARE

2239 348 2361 404 IUM
2403 350 2804 403 El’lSlAUPllS.
3733 346 3867 402 1160

584 488 650 527 ex
687 483 1059 543 praaconeepta
1089 481 1144 528 et
1172 473 1350 527 obiter
1382 472 1611 542 jamjam
1668 480 1853 526 notata
1902 470 2159 539 Opinione
2194 468 2394 532 oritur,
2430 467 2742 521 Melitonem
2804 480 2927 520 esse
2972 462 3224 534 angelum
3260 464 3427 519 istum
3456 463 3713 521 Ecclesiae
3742 464 3869 519 Sar-

589 569 789 633 diame,
824 583 986 638 quem
1017 568 1178 621 divus
1209 566 1450 621 Joannes
1477 565 1844 634 reprehendit.
1887 562 2024 617 Hinc
2056 564 2428 631 apostolorum
2458 562 2603 615 :etati
2640 560 2903 629 aequalem
2933 558 3245 612 necessario
3275 574 3401 612 eum
3444 555 3677 621 faciunt,
3706 557 3867 613 viris-

587 678 695 731 que
729 663 797 715 ab
824 660 1085 731 apostolis
1120 657 1426 717 instructis.
1454 672 1594 724 quos
1626 655 1957 724 apostolicos
2002 663 2273 707 vocarunt
2304 661 2535 717 veteres,
2564 658 2949 706 annumerant.
2993 649 3176 701 Altera
3213 663 3343 701 vero
3384 663 3450 701 ex
3488 663 3677 702 errore
3720 649 3868 718 gravi

589 754 855 821 procedit,
897 762 951 807 et
981 766 1172 803 eorum
1203 758 1307 813 est,
1335 764 1475 817 quos
1507 748 1714 801 notavit
1739 746 2043 801 Halloixius
2078 745 2215 815 (80),
2247 746 2341 814 qui
2378 744 2686 798 Melitonem
2714 742 3024 806 Frontonis,
3057 756 3150 795 seu
3183 749 3243 793 ut
3278 755 3386 794 non
3431 741 3549 794 sine
3586 741 3718 796 vitio
3746 756 3867 796 eum

587 855 802 909 vocant,
836 844 1120 899 Frontouii
1172 840 1501 910 discipulum
1546 838 1719 894 fuisse
1763 840 2060 892 somniant.
2115 836 2391 906 Legerunt
2443 853 2680 907 namque
2734 836 2810 889 illi
2861 835 2915 886 in
2967 832 3299 904 Hieronymo
3341 833 3455 901 (87)
3492 832 3609 887 haac
3654 832 3815 888 verba
3851 852 3864 887 :

594 961 611 991 ι
652 940 831 994 Melito
860 940 1121 1001 Asianus,
1163 936 1455 990 Sardensis
1482 935 1797 1003 episcopus,
1832 933 2031 986 librum
2058 932 2373 1002 imperatori
2410 934 2480 987 M.
2509 934 2733 987 Aurelio
2766 931 2927 995 Vero,
2957 932 3051 1000 qui
3077 928 3371 982 Frontonis
3417 929 3655 984 oratoris
3701 929 3866 983 disci-

586 1032 750 1103 pulus
784 1031 903 1094 fuit,
939 1046 1037 1099 pro
1060 1027 1377 1083 Christiano
1409 1026 1663 1092 dogmate
1694 1024 1860 1087 dedit,
1895 1042 1913 1073 ›
1942 1033 1995 1077 et
2018 1023 2163 1092 quod
2196 1024 2545 1077 tribuendum
2571 1033 2687 1077 erat
2733 1022 2802 1075 Μ.
2836 1023 3059 1077 Aurelio
3092 1021 3402 1075 tribuerunt
3438 1017 3700 1076 Melitoni.
3730 1018 3868 1075 Vere

587 1126 736 1179 enim
772 1124 1070 1178 Frontonis
1105 1120 1438 1188 discipulum
1472 1118 1542 1171 M.
1568 1118 1754 1171 Aurel.
1793 1117 2133 1169 Antoninum
2176 1115 2368 1181 fuisse,
2399 1125 2631 1171 testatur
2662 1132 2765 1169 non
2801 1117 2963 1169 modo
2998 1117 3113 1184 ipse
3145 1114 3435 1167 verborum
3472 1129 3667 1175 nexus.
3700 1114 3795 1169 sed
3820 1121 3871 1167 et

583 1227 832 1271 veterum
879 1217 1021 1269 hanc
1057 1214 1111 1267 in
1159 1228 1273 1266 rem
1310 1210 1623 1265 testimonia
1655 1211 1910 1279 probant.
1956 1207 2324 1278 Hieronymus
2356 1207 2473 1277 (88)
2502 1208 2649 1261 enim
2689 1206 2804 1276 ipse
2853 1207 2986 1260 alibi
3037 1207 3103 1260 de
3129 1205 3406 1261 Frontone
3438 1206 3718 1259 memoriae
3744 1221 3868 1274 pro-

585 1312 723 1367 didit
748 1312 818 1364 ita
850 1328 862 1362 :
898 1329 915 1357 ‹
950 1308 1156 1361 Fronto
1186 1312 1375 1359 orator
1419 1302 1651 1372 insignis
1687 1303 1938 1363 habetur,
1967 1301 2061 1369 qui
2107 1299 2154 1352 M
2213 1300 2546 1354 Antoninum
2588 1298 2785 1353 Verum
2815 1298 3023 1353 Latinis
3074 1298 3271 1352 litteris
3320 1298 3575 1352 erudivit.
3613 1316 3632 1349 ι
3671 1297 3738 1352 Et
3763 1297 3866 1354 Jul.

584 1402 930 1472 Capitolinus
957 1400 1071 1469 (89)
1103 1396 1449 1465 imperatoris
1496 1396 1663 1465 hujus
1696 1398 1988 1465 magistros
2038 1408 2354 1455 recensens,
2386 1408 2525 1462 quos
2566 1393 2713 1446 varia
2746 1394 2798 1446 in
2835 1392 3093 1446 facultate
3122 1393 3303 1446 varios
3339 1391 3552 1455 habuit,
3608 1391 3689 1446 sic
3733 1390 3870 1445 inter

584 1493 691 1546 alia
736 1512 747 1546 :
791 1511 809 1542 ι
847 1489 1172 1543 Oratoribus
1213 1504 1347 1541 usus
1376 1499 1460 1542 est
1505 1487 1734 1553 Graecis,
1771 1487 1952 1539 Annio
2002 1484 2197 1550 Mario,
2237 1485 2495 1548 Caninio,
2543 1486 2731 1539 Celere
2779 1494 2832 1539 et
2878 1484 3092 1539 Herode
3120 1483 3337 1549 Attico;
3368 1482 3565 1537 Latino
3594 1482 3871 1537 Frontone

585 1583 865 1638 Cornelio.
904 1581 1008 1636 Sed
1047 1581 1279 1634 multum
1311 1596 1377 1634 ex
1415 1579 1499 1633 his
1533 1577 1797 1633 Frontoni
1828 1578 2041 1643 detulit,
2068 1578 2156 1632 cui
2183 1584 2237 1631 et
2275 1587 2512 1631 statuam
2548 1578 2601 1631 in
2650 1587 2843 1633 senatu
2888 1578 3063 1647 petiit.
3104 1596 3122 1629 ι
3166 1576 3310 1643 Quin
3346 1585 3401 1631 et
3431 1577 3715 1631 consulem
3747 1593 3871 1633 eum

586 1675 735 1740 fecit,
770 1683 831 1729 ut
870 1674 996 1728 fasti
1039 1674 1359 1727 consulares
1404 1679 1699 1737 testantur,
1740 1681 1793 1726 et
1840 1679 2035 1741 prmter
2064 1669 2371 1724 Ausonium
2408 1670 2523 1741 (90)
2566 1673 2720 1726 testis
2766 1685 2987 1740 quoque
3018 1677 3102 1725 est
3132 1686 3163 1723 a
3190 1668 3427 1724 Grutero
3453 1669 3566 1740 (91)
3593 1670 3757 1724 allata
3787 1670 3866 1723 in-

586 1769 812 1839 scriptio
846 1778 1024 1830 vetus,
1056 1783 1086 1821 e
1124 1766 1253 1819 fano
1286 1764 1539 1818 Fortuna:
1574 1765 1628 1817 in
1669 1764 1852 1818 littore
1887 1765 2168 1820 Adriatico
2206 1764 2496 1834 producta.
2545 1762 2711 1816 Error
2742 1764 2929 1831 itaque
2962 1762 3052 1817 hic
3098 1770 3183 1816 est
3227 1762 3479 1832 insignis,
3510 1762 3606 1831 qui
3635 1778 3663 1816 a
3697 1764 3865 1833 negli-

586 1862 924 1933 gentioribus
956 1858 1282 1929 quibusdam
1314 1857 1744 1925 chronograpbis
1775 1866 2057 1926 acceptus,
2094 1857 2147 1910 in
2180 1857 2319 1911 alios
2349 1865 2513 1926 atque
2549 1857 2686 1910 alios
2716 1864 2799 1909 est
2830 1854 3130 1909 derivatus.
3176 1853 3302 1909 Haec
3333 1855 3400 1909 de
3429 1855 3624 1924 primis
3654 1855 3871 1911 Melito-

580 1957 670 2010 uis
702 1953 894 2018 nostri,
924 1951 1288 2019 omnibusque
1324 1949 1638 2003 hominibus
1670 1964 1825 2018 atque
1858 1950 2245 2005 communibus
2290 1949 2416 2003 vita:
2454 1948 2603 2011 fatis,
2645 1948 2790 2002 dicta
2840 1957 3024 2001 sunto.
3072 1946 3198 2001 [hee
3245 1947 3312 2001 de
3353 1951 3550 2017 patria,
3576 1957 3756 2013 aetate,
3781 1966 3869 2019 pa-

583 2047 830 2103 rentibus
854 2054 1017 2113 atque
1050 2042 1476 2113 praaceptoribus
1506 2042 1625 2109 ejus
1658 2041 1978 2096 inmedium
2008 2042 2253 2111 proferre
2282 2042 2455 2111 potui,
2493 2041 2586 2095 sed
2617 2056 2791 2110 pauca
2820 2057 2907 2095 me
2943 2040 3148 2095 dixisse
3186 2040 3382 2109 fateor,
3416 2051 3503 2097 ast
3530 2044 3716 2098 omnia
3753 2060 3871 2115 quae

577 2140 824 2211 reperire
860 2139 1038 2208 potui.

592 2220 605 2233 ’
1139 2230 1167 2301 §
1208 2228 1320 2284 VII.
1359 2229 1431 2283 De
1466 2229 1763 2283 eruditione
1803 2229 2074 2283 Melitonis
2115 2232 2169 2283 in
2203 2246 2406 2299 genere,
2435 2239 2483 2282 et
2520 2230 2579 2281 iu
2610 2228 2779 2297 specie
2807 2228 2871 2281 de
2898 2229 3011 2298 ejus
3044 2231 3304 2284 oratoria.

650 2350 707 2403 In
739 2348 910 2403 animi
945 2362 1075 2401 vero
1117 2345 1239 2415 ejus
1267 2343 1625 2400 describenda
1671 2343 1854 2399 indole
1902 2346 2277 2415 amplissimus
2311 2354 2363 2397 et
2408 2344 2495 2397 vix
2550 2343 2891 2398 emetiendns
2921 2343 3278 2400 dicendorum
3329 2364 3557 2420 campus
3611 2369 3670 2409 se
3727 2357 3859 2411 mihi

576 2445 756 2501 offert.
791 2441 1053 2496 Naturam
1079 2440 1224 2493 enim
1259 2439 1314 2492 in
1349 2438 1655 2492 tribuendis
1696 2438 1866 2493 animi
1898 2438 2117 2494 dotibus
2166 2439 2460 2508 benignam
2508 2453 2739 2507 prorsus
2792 2447 2956 2507 atque
3000 2438 3269 2494 faventem
3303 2442 3494 2497 habuit
3539 2462 3649 2501 non
3680 2449 3865 2516 modo,

576 2540 674 2595 sed
710 2546 762 2591 et
791 2538 906 2605 ipse
946 2533 1107 2588 donis
1154 2548 1184 2585 a
1232 2542 1428 2585 natura
1471 2531 1575 2585 sibi
1621 2531 1899 2586 concessis
1954 2532 2159 2601 optime
2208 2528 2312 2585 fuit
2360 2547 2517 2586 usus.
2550 2530 2704 2585 Felix
2736 2530 2883 2585 enim
2922 2531 3201 2601 ingenium
3244 2536 3408 2591 variis
3450 2539 3661 2595 artibus
3708 2554 3872 2611 atque

581 2629 833 2684 scientiis
881 2628 956 2681 ita
1008 2625 1322 2695 perpolivit,
1351 2632 1406 2679 et
1446 2625 1514 2678 ad
1550 2625 1694 2679 bona
1734 2626 1941 2694 qumvis
1970 2624 2455 2695 propensissimam
2482 2627 2817 2680 voluntatem
2848 2624 2921 2679 ita
2971 2628 3265 2683 assuefecit
3296 2630 3558 2686 virtutum
3588 2637 3871 2699 exercitio,

579 2734 641 2780 ut
674 2723 872 2778 eruditi
898 2738 1008 2776 non
1041 2721 1225 2773 minus
1258 2736 1422 2789 quam
1450 2719 1524 2788 pii
1550 2720 1914 2787 promeruerit
1944 2721 2497 2775 commendationem.
2545 2719 2764 2787 Quanto
2811 2724 3007 2778 ardore
3059 2724 3508 2781 meditationibus
3555 2727 3867 2798 indulserit,

582 2826 900 2887 quantaque
927 2814 1176 2867 laborum
1207 2814 1466 2882 patientia
1497 2819 1552 2865 et
1577 2812 1898 2867 assiduitate
1922 2814 2117 2868 studiis
2148 2829 2270 2869 sese
2300 2813 2527 2878 dederit,
2564 2829 2673 2868 non
2714 2816 2879 2870 modo
2915 2816 3155 2885 insignes
3193 2817 3313 2886 ejus
3344 2817 3399 2871 in
3423 2819 3594 2873 variis
3622 2822 3871 2877 scientiis

583 2916 857 2964 testantur
882 2920 1228 2976 progressus,
1260 2905 1352 2959 sed
1381 2912 1437 2958 et
1463 2904 1837 2973 amplissimos
1878 2906 2145 2960 librorum
2178 2916 2413 2961 testatur
2442 2922 2727 2971 numerus,
2780 2922 2944 2974 quem
2993 2908 3265 2964 indefessa
3318 2910 3421 2965 viri
3472 2913 3637 2984 hujus
3675 2918 3870 2985 optimi

582 3011 706 3073 post
736 3018 795 3057 se
832 3001 1053 3070 reliquit
1079 2999 1381 3068 diligentia,
1409 2998 1750 3068 gravissimis
1783 3000 2007 3069 insuper
2042 3000 2165 3053 aliis
2196 3014 2418 3068 quoque
2451 2999 2843 3055 ecclesiasticis
2883 3002 3336 3070 occupationibus
3364 3007 3633 3074 oppressi.
3662 3007 3869 3063 Horum

580 3096 846 3150 librorum
895 3093 1168 3163 prolixum
1218 3091 1526 3159 catalogum
1580 3090 1949 3144 exhibuerunt
1995 3089 2267 3145 Eusebius
2305 3090 2441 3160 (92),
2496 3088 2859 3162 Hieronymus
2907 3092 3045 3160 (95),
3094 3091 3337 3148 Bullinus
3383 3094 3533 3164 (94),
3592 3095 3865 3171 Nicepho-

577 3205 678 3244 rus
712 3188 851 3259 (95),
890 3185 1197 3254 meritoque
1228 3184 1504 3249 dolemus,
1530 3184 1675 3252 quod
1706 3184 1968 3252 temporis
2002 3184 2204 3253 injuria
2240 3185 2501 3253 perierint
2535 3199 2727 3238 omnes
2759 3184 2844 3239 isti
2873 3184 3074 3254 ingenii
3107 3186 3227 3254 ejus
3267 3186 3408 3242 fetus
3438 3191 3664 3259 egregii,
3698 3194 3872 3262 quod-

578 3294 686 3348 que
709 3285 902 3347 praater
928 3276 1113 3331 titulos
1136 3284 1190 3329 et
1216 3290 1389 3344 pauca
1415 3274 1665 3345 quaedam
1698 3273 2023 3344 fragmenta,
2057 3284 2141 3329 ast
2171 3292 2338 3331 aurea
2368 3285 2423 3330 et
2452 3276 2729 3345 quantivis
2762 3277 2942 3345 pretii,
2968 3286 3099 3331 tetas
3133 3290 3319 3332 nostra
3352 3280 3488 3333 nihil
3520 3283 3708 3338 tulerit
3733 3285 3866 3351 (96).

581 3373 896 3427 Melitonem
932 3371 1006 3426 ob
1032 3371 1402 3426 eruditionem
1434 3379 1489 3425 et
1520 3370 1724 3438 scripta
1757 3369 1873 3424 suis
1910 3370 2250 3437 temporibus
2296 3386 2467 3423 unum
2516 3370 2763 3424 omnium
2815 3371 3049 3424 maxime
3094 3372 3359 3426 celebrem
3411 3376 3711 3440 exstitisse,
3747 3394 3869 3447 pro-

580 3464 714 3516 bant
741 3477 905 3531 porro
932 3469 1174 3514 veterum
1214 3460 1354 3515 hanc
1394 3461 1450 3514 in
1483 3476 1599 3514 rem
1633 3459 1968 3514 testimonia.
2006 3459 2254 3513 Bullinus
2286 3460 2401 3530 (97)
2440 3460 2808 3532 fragmentum
2850 3477 2915 3516 ex
2960 3462 3080 3531 ejus
3126 3464 3373 3533 apologia
3406 3465 3660 3533 aﬂ‘erens,
3704 3489 3722 3520 ι
3760 3471 3870 3524 haec

577 3564 633 3608 et
661 3555 832 3608 multa
862 3554 968 3608 alia
996 3553 1250 3607 nobiliter
1281 3552 1350 3607 ab
1381 3568 1447 3607 eo
1474 3553 1677 3621 scripta
1705 3550 1875 3606 fuisse
1914 3571 1933 3603 ι
1972 3553 2271 3623 subjungit.
2298 3553 2568 3608 Eusebius
2598 3554 2733 3622 (98),
2765 3564 2957 3608 contra
2994 3555 3307 3611 Artemonis
3330 3566 3384 3610 et
3408 3556 3563 3613 Pauli
3610 3559 3869 3617 Sam-osa-

577 3649 692 3703 teni
738 3648 972 3703 hazresin
1002 3646 1285 3701 elaborata
1325 3646 1530 3716 scripta
1562 3660 1865 3708 enarrans,
1905 3645 1979 3699 ita
2032 3647 2208 3700 tande:

2237 3662 2250 3698 I
2291 3646 2606 3701 exclamat:
2642 3646 2721 3699 Τὰ
2766 3647 2823 3699 δὲ
2860 3647 3147 3716 Εἰρηναίου
3191 3666 3251 3701 τε
3290 3651 3384 3703 καὶ
3428 3651 3743 3718 Μελίτωνος
3778 3655 3868 3707 καὶ

576 3741 685 3795 τῶν
713 3741 913 3794 λοιπῶν
948 3741 1031 3802 τίς
1062 3740 1247 3806 ἀγνοεῖ
1277 3737 1458 3808 βιῦλία
1484 3755 1498 3803 ;
1530 3739 1635 3793 hoc
1661 3746 1770 3798 est,
1803 3736 2017 3792 Rullino
2044 3739 2207 3807 inter}

2236 3747 2340 3793 rete
2368 3757 2381 3791 :
2422 3757 2439 3789 ‹
2463 3737 2657 3793 1η·ηωί
2680 3754 2811 3793 vero
2828 3748 2881 3792 et
2907 3738 3180 3794 Melitonis
3209 3752 3641 3813 caitetorunzque
3664 3749 3758 3816 qui
3779 3765 3867 3818 per

582 3834 727 3889 idem
753 3843 969 3905 tempus
1014 3833 1255 3897 fuerunt,
1288 3831 1565 3886 volumina
1616 3832 1739 3901 quis
1788 3831 2036 3900 ignorat?
2066 3850 2084 3881 ι
2118 3829 2182 3885 Ει
2215 3840 2444 3900 uterque
2470 3832 2582 3900 (99)
2613 3847 2777 3900 porro
2809 3831 2881 3884 ita
2909 3833 3182 3886 memoriae
3212 3848 3432 3903 quoque
3460 3837 3821 3905 prodiderunt
3853 3860 3864 3894 :

582 3942 606 3974 ι
642 3923 953 3978 Melitonem
988 3922 1273 3977 Sardensis
1306 3921 1563 3976 Ecclesia:
1592 3922 1891 3976 antistitem
1928 3930 1981 3974 et
2019 3920 2387 3989 Apollinarem
2415 3922 2564 3991 (100)
2598 3922 2741 3991 apud
2777 3921 3107 3992 Hierapolim
3133 3923 3435 3980 Ecclesiam
3475 3940 3753 3999 regentem
3781 3948 3868 3987 cv-

576 4014 909 4074 ieberrimos
950 4019 1093 4072 inter
1142 4027 1372 4072 caeteros
1400 4016 1572 4071 fuisse
1604 4016 1872 4071 habitos.»
1904 4016 2117 4081 Quaeris
2147 4018 2241 4086 qui
2279 4015 2483 4070 fuerint
2520 4016 2611 4070 isti
2641 4017 2818 4070 caeteri
2847 4019 2969 4081 viri,
3001 4033 3141 4087 quos
3182 4018 3324 4073 inter
3353 4030 3542 4075 noster
3572 4024 3868 4078 celeberri-

577 4128 705 4166 mus
736 4112 1037 4167 habebatur
1063 4130 1076 4177 ;
1101 4126 1196 4164 eos
1220 4111 1343 4163 illos
1375 4110 1523 4180 ipsos
1552 4108 1723 4163 fuisse
1746 4108 2072 4179 respondeo,
2097 4124 2236 4179 quos
2263 4118 2505 4180 tempore
2526 4109 2766 4180 aquales
2796 4111 2843 4164 ei
2870 4121 3028 4165 antea
3068 4112 3445 4166 nominaverat
3468 4112 3737 4171 Eusebius
3768 4120 3865 4181 (Ι).

575 4205 917 4276 llegesippus
966 4205 1043 4275 (2)
1092 4204 1333 4268 scilicet,
1384 4202 1680 4274 Dionysius
1733 4203 1854 4273 (5),
1900 4202 2161 4274 Pinytus,
2208 4202 2490 4274 Philippus
2548 4204 2664 4274 (4),
2717 4202 2973 4275 Mysanus
3023 4203 3137 4273 (5),
3171 4202 3487 4268 Modestus,
3529 4202 3769 4262 Irenaeus
3817 4222 3870 4264 rt

576 4360 860 4416 I'Histoire
889 4358 1303 4429 ecclésiastique,
1346 4367 1479 4429 tom.
1500 4355 1569 4423 ll,
1596 4372 1719 4426 pag.
1761 4356 1868 4429 445
1900 4375 1915 4429 ς
1948 4356 2161 4429 «AMéli-
2197 4363 2242 4419 Α
2344 4356 2458 4429 (91)
2497 4356 2910 4429 Inscriptionum
2939 4356 3229 4429 Romanar.
3262 4374 3383 4429 pag.
3412 4375 3656 4414 cccurx.

583 4445 674 4487 ton
705 4430 924 4499 qualilic
952 4426 1209 4483 Onésime
1255 4442 1355 4481 son
1397 4426 1560 4488 frére,
1593 4429 1701 4482 soit
1738 4427 1870 4495 qu‘il
1904 4428 1953 4481 lc
1976 4427 2056 4483 fut
2084 4427 2155 4481 ef-
2346 4426 2460 4497 (9'2)
2498 4429 2703 4482 Histor.
2735 4428 3031 4481 ecclesiast.
3063 4428 3158 4481 lib.
3198 4426 3275 4489 ιν,
3297 4426 3417 4498 cap.
3453 4431 3544 4494 ‘26,
3578 4447 3701 4499 pag.
3736 4431 3861 4487 188.

578 4502 948 4557 fectivement,
992 4499 1100 4553 soit
1139 4499 1442 4553 seulement
1469 4514 1629 4557 parce
1671 4499 1801 4557 qu‘il
1835 4498 1968 4553 était
2001 4498 2164 4554 chrév
2345 4498 2458 4557 (95)
2496 4498 2572 4551 De
2616 4499 2960 4557 scriptoribus
3006 4499 3407 4557 ecclesiasticis.
3448 4517 3569 4557 cap.
3604 4503 3699 4557 id.
3737 4519 3861 4557 pag.

579 4502 948 4561 fectivemeut,
992 4501 1100 4553 soit
1139 4501 1442 4553 seulement
1469 4514 1629 4566 parce
1671 4501 1801 4567 qu‘il
1835 4501 1968 4553 etait
2001 4501 2164 4554 chrév
2345 4501 2458 4567 (93)
2496 4501 2572 4551 De
2616 4501 2960 4623 scriptoribus
3006 4501 3407 4565 ecclesiasticis,
3448 4517 3569 4570 cap.
3604 4503 3699 4568 id,
3737 4519 3863 4572 pag.

579 4575 715 4628 tien.
745 4569 938 4638 Cjétait
967 4579 1377 4638 apparemment
1401 4585 1472 4621 un
1505 4568 1697 4637 simple
1734 4569 1934 4637 laique.
1966 4586 1983 4619 ι
2274 4568 2399 4628 110.
2432 4577 2565 4621 tom.
2608 4567 2673 4621 IV
2753 4585 2838 4637 pp.

656 4636 844 4713 (86)]n
892 4636 1052 4713 )Vitis
1080 4640 1372 4713 illustrium
1413 4638 1664 4693 Ecclesiw
1697 4636 1903 4694 Orieut.
1937 4639 2165 4709 scriplo«
2269 4707 2305 4713 _
2344 4638 2633 4713 (94Lliist.
2657 4636 2945 4713 ecclesiast.
2975 4637 3068 4693 lib.
3104 4654 3178 4704 iv,
3200 4654 3321 4709 cap.
3352 4640 3443 4705 25,
3474 4638 3566 4694 fol.
3597 4642 3689 4709 95,
3726 4644 3858 4698 edit.

580 4706 723 4769 tuin.
750 4706 847 4765 fol.
881 4708 1005 4774 858,
1042 4721 1174 4764 tom.
1207 4708 1270 4761 ll.
2043 4706 2052 4709 “

1094 4727 1174 4762 ιηι.
1207 4708 1270 4761 ll.
2043 4706 2052 4709 “
2269 4707 2418 4761 Beat.
2456 4706 2725 4763 Rheuaui.

657 4783 767 4853 (87)
798 4783 857 4837 in
900 4781 1159 4853 Catalogo
1207 4781 1388 4848 script.
1421 4780 1713 4853 ecclesiast.
1748 4796 1866 4850 cap.
1911 4780 2004 4853 21.
2036 4779 2167 4845 Quae
2209 4848 2219 4853 Α
2488 4777 3017 4853 [listornerclesiush
3196 4795 3269 4845 tv,
3304 4795 3423 4849 cap.
3440 4780 3548 4853 _1_0,
3598 4781 3691 4837 fol.
3727 4783 3855 4839 294.

576 4848 1048 4907 νθὲῠίὶΛυὺθιτῐυε
1082 4848 1299 4905 Miratus
1332 4853 1385 4903 in
1432 4868 1533 4905 suo
1574 4853 1640 4904 ad
1679 4852 1733 4905 h.
1770 4848 2047 4906 lfscholio
2092 4852 2167 4904 ita
2209 4848 2219 4859 ’
2346 4848 2459 4920 (96)
2499 4848 2684 4903 Obiter
2714 4850 2801 4903 hic
2830 4851 3022 4903 saltem
3058 4850 3324 4904 librorum
3369 4848 3397 4903 ἐι
3440 4850 3692 4907 Melitoue
3723 4870 3859 4908 con-

581 4923 988 4992 interpretatur,
1014 4922 1177 4992 quasi
1201 4937 1264 4975 ea
1294 4936 1401 4974 non
1437 4923 1503 4992 de
1532 4922 1862 4991 imperatore
1890 4921 2166 4992 Antonino
2270 4922 2599 4987 scriptorum
2646 4921 2804 4992 injeci
2836 4922 3188 4983 mentionem,
3225 4922 3353 4990 quia
3396 4922 3448 4974 iu
3498 4924 3670 4978 altera
3720 4926 3856 4979 diss.

580 4990 927 5076 philosopho,
947 4993 1040 5073 sed
1156 4991 1433 5076 Antonino
1455 4990 1806 5076 V'ero,'nqnlem
1835 4991 2165 5076 is‘collegam
2269 4991 2629 5076 exlinsti‘tluto
2655 4991 2721 5043 de
2753 4992 2831 5076 iis.
2853 5006 3012 5071 agere
3035 4993 3315 5076 constitui.

583 5059 816 5133 imperii
842 5064 1047 5133 habuit,
1076 5062 1429 5133 intelligenda
1460 5063 1603 5133 sint.
1623 5061 1728 5115 Sed
1764 5060 2046 5133 manifeste
2081 5076 2166 5113 re—
2342 5059 2457 5133 (9?)
2488 5060 2697 5133 Hister.
2724 5059 3015 5133 ecclesiast.
3043 5061 3137 5133 lib.
3173 5078 3246 5126 IV,
3277 5077 3396 5131 cap.
3433 5064 3525 5127 25,
3556 5062 3651 5117 fol.
3681 5063 3777 5119 95.

580 5129 783 5189 clamat
817 5132 1122 5187 differentia
1157 5129 1528 5200 praenominis.
1565 5132 1655 5187 Uti
1694 5132 1839 5185 enim
1870 5131 2017 5199 prior
2041 5132 2167 5202 _sine
2341 5129 2455 5201 (98)
2491 5129 3053 5202 ῌίείιοτὶωᾷςσειεείαει.
3074 5131 3166 5184 lib.
3198 5149 3250 5196 v,
3282 5129 3402 5202 cap.
3433 5136 3522 5188 28.

582 5205 696 5285 ulla
720 5205 1095 5285 controversia
1116 5202 1363 5285 «Marcus
1389 5204 1642 5285 Aurelius
1660 5200 2163 5285 verusAutouinus
2279 5200 2462 5285 ...(99)
2489 5200 2719 5285 Rollin”.
2746 5200 2893 5254 Hist.
2924 5200 3320 5285 eccleszliba‘w‘,
3344 5200 3462 5285 cap.
3586 5224 3600 5270 ;
3624 5204 3855 5285 Euseb?

580 5274 965 5344 philosophus,
1003 5294 1021 5324 ι
1054 5274 1133 5328 sic
1162 5273 1445 5344 posterior_
1468 5282 1782 5344 constanter
1822 5271 1875 5344 iu
1910 5271 2164 5344 oni-uibus

2271 5270 2416 5324 Hist.
2444 5270 2760 5344 ecclesulib.
2794 5287 2867 5335 tv,
2908 5286 3028 5344 cap.
3057 5271 3127 5324 26
3157 5290 3169 5325 :
3204 5274 3324 5344 Ἐπὶ
3367 5270 3533 5327 τῶνδε
3568 5276 3661 5328 καὶ
3689 5276 3861 5328 Μελί-

581 5338 825 5413 antiquis
878 5338 1300 5397 nuinismatibus
1352 5361 1370 5393 ι
1424 5342 1629 5398 Lucius
1682 5342 1937 5395 Aurelius
1992 5338 2165 5395 Verus

2266 5359 2375 5415 των
2406 5342 2506 5411 τῆς
2538 5344 2596 5415 sy
2628 5342 2853 5415 Σᾴρδεσι
2885 5338 3634 5415 ἐπξδκρπος,ᾌπολλινάριός
3648 5363 3708 5398 τε
3756 5345 3857 5415 τῆς

582 5412 899 5483 AntOninus
942 5433 959 5464 ι
1001 5424 1377 5483 nuncupatur.
1596 5482 1601 5483 ν
1636 5480 1675 5483 _
1782 5481 1827 5483 _
2018 5482 2025 5483 ,

1782 5481 1791 5483 _
1822 5482 1827 5483 ί
2018 5482 2025 5483 7
2266 5414 2323 5464 ὲν
2363 5412 2658 5483 Ἱεραπόλει
2688 5413 3006 5482 διαπρεπῶς
3038 5412 3304 5482 ἤκμαζον.

656 5484 767 5553 (88)
802 5482 858 5553 lu
888 5480 1312 5537 Continuatione
1350 5482 1608 5537 Chronici
1636 5480 1929 5538 Euscbiani
1966 5482 2033 5537 ad
2066 5500 2161 5537 an-
2340 5480 2488 5551 (100)
2524 5482 2731 5553 Hister.
2764 5480 2946 5536 eccles.
2983 5480 3076 5553 lib.
3114 5480 3185 5546 iv,
3219 5500 3337 5553 cap.
3366 5484 3458 5537 Ἣ.

583 5551 715 5608 nuin
748 5551 782 5606 Α
804 5552 884 5623 Μ.
917 5555 1103 5608 Aurel.
1135 5554 1261 5607 Ver.
1392 5622 1395 5623 ν
1464 5621 1505 5623 η

2340 5555 2415 5621 (1)
2454 5554 2624 5622 Cujus
2656 5551 2832 5605 Vitam
2866 5554 2957 5606 dat
2985 5551 3187 5623 Euseb.
3227 5555 3263 5608 Ι.
3289 5551 3369 5612 c.,
3411 5571 3534 5623 cap.
3559 5555 3647 5609 27.

655 5624 769 5693 (89)
796 5622 853 5675 lu
889 5625 1060 5693 ipsius
1093 5622 1433 5693 imperatoris
1462 5621 1605 5677 Vita.
2341 5624 2416 5691 (Ξ)
2450 5620 2620 5688 Quem
2650 5622 2846 5693 Euseb.
2885 5623 2953 5675 ll.
2976 5620 3038 5673 E.
3060 5623 3092 5676 Ι.
3130 5640 3200 5689 Iv,
3229 5640 3279 5679 c.
3312 5625 3401 5688 2’2,
3442 5620 3694 5679 laudavit.

655 5692 768 5763 (90)
806 5693 861 5744 In
893 5692 1186 5763 gratiarum
1221 5695 1433 5747 actione
1466 5710 1563 5761 pro
1604 5694 1888 5748 consulatu
1926 5695 1990 5747 ad
2026 5695 2162 5749 Gra-
2337 5696 2415 5761 l5)
2454 5693 2525 5746 De
2569 5695 2672 5746 hoc
2716 5692 2974 5759 Dionysio
3020 5694 3138 5747 vide
3165 5696 3414 5748 eumdem
3444 5697 3479 5749 Ι.
3509 5711 3583 5759 c.,
3606 5709 3728 5763 cap.
3758 5695 3853 5748 25.

583 5763 955 5835 tiantmrimp.
991 5764 1343 5834 discipulum,
1375 5780 1493 5834 pag.
1547 5765 1648 5819 l95
1719 5765 1978 5834 Operum,
2024 5769 2156 5823 edit.
2339 5765 2416 5835 (4)
2440 5764 2511 5835 [)e
2528 5763 2777 5831 Philippo
2793 5774 2846 5816 et
2874 5763 3114 5835 Modesto
3144 5766 3284 5821 idem
3306 5767 3414 5835 egit
3447 5763 3853 5832 ibidem,c.‘21.

586 5830 698 5886 Jac.
726 5830 919 5885 Tullii;
1131 5830 1150 5834 “
1330 5830 1335 5831 ⁷
1377 5830 1389 5833 “
1448 5830 1469 5834 ⁷
1768 5830 1784 5834 “
1964 5830 1971 5833 ’

1448 5830 1469 5834 ⁷
1768 5830 1784 5834 -
1964 5830 1971 5833 ’
2447 5833 2615 5901 Idem,
2653 5830 2688 5887 ιζ
2714 5830 2895 5905 c.,rap.
2938 5833 3024 5888 28.
