4130 6402
448 372 589 430 1165
1400 378 1698 435 ΝΟἹΊΤΙΛ.
1737 411 1805 419 -
1842 379 1885 435 1.
1923 381 2012 435 DE
2050 382 2079 436 V

2071 382 2214 437 ΠΤΑ
2254 382 2310 437 S.
2353 381 2746 437 MELITONIS.
3564 385 3702 443 “66

445 497 530 543 ter
553 491 833 561 restiterit,
875 503 929 549 et
961 496 1018 551 in
1049 513 1343 568 pravarum
1369 515 1559 556 eorum
1602 504 1926 573 opinionum
1965 503 2314 573 potissimum
2360 505 2604 575 origines
2633 506 2700 559 de
2742 504 3014 560 industria
3063 504 3433 577 inquisiverit.
3473 504 3707 560 Multum

447 584 595 639 enim
629 602 754 641 cum
782 589 961 645 valeat
1005 593 1072 646 ad
1104 593 1534 650 abstrahendum
1561 598 1630 651 ab
1660 613 1851 652 errore
1887 598 2155 661 animum,
2195 613 2359 653 nosse
2398 614 2645 653 erroneze
2686 599 2969 654 sententiae
3000 615 3226 667 causas;
3257 609 3446 657 noster
3483 616 3707 672 quoque

445 675 501 731 in
528 691 596 733 eo
622 693 845 748 operam
874 695 1028 737 suam
1060 688 1276 756 egregie
1314 703 1543 756 prorsus
1568 690 1788 755 locavit,
1823 691 1967 759 quod
1994 690 2200 759 scripto
2224 691 2463 759 quodam
2484 731 2499 754 ,
2534 701 2594 745 ut
2624 701 2814 746 auctor
2838 700 2921 747 est
2949 689 3316 764 Hieronymus
3343 692 3494 765 (78),
3539 708 3705 748 mon-

444 770 723 837 straverit,
750 786 816 825 ex
846 788 953 843 qua
978 777 1432 846 philosophorum
1461 792 1607 834 secta
1633 783 1862 852 singula:
1898 784 1951 836 in
1980 781 2221 839 Ecclesia
2252 785 2488 839 haereses
2517 783 2751 838 natalem
2778 783 3047 839 traxerint
3084 794 3249 854 atque
3292 784 3581 855 originem.
3608 782 3710 839 Vel

443 859 609 913 unico
632 860 817 930 itaque
861 864 965 918 hoc
989 878 1152 934 Opere
1175 867 1308 922 satis
1343 885 1618 941 superque
1655 874 1832 928 evinci
1860 882 2060 942 potest,
2091 890 2215 929 eum
2243 876 2298 930 in
2325 875 2825 945 philosophicarum
2852 890 3007 945 aeque
3033 890 3097 930 ac
3127 876 3564 946 theologicarum
3608 893 3701 933 re-

443 968 568 1006 rum
601 952 926 1019 latifundiis,
958 956 1100 1011 haud
1131 969 1361 1029 angusta
1394 961 1725 1017 instructum
1753 959 1925 1021 fuisse
1955 964 2204 1018 scientia.
2233 962 2433 1019 Meruit
2458 964 2709 1034 proinde,
2742 963 2813 1018 ob
2837 965 3202 1021 eruditionem
3236 980 3466 1036 prorsus
3511 969 3706 1039 singu-

442 1049 634 1113 larem,
667 1064 961 1118 perennem
986 1051 1053 1105 ad
1077 1064 1323 1121 posteros
1349 1057 1691 1111 memoriam.
1720 1055 1917 1110 Meruit
1958 1056 2196 1112 oratoris
2224 1059 2537 1130 phi1050phi
2571 1067 2734 1128 atque
2761 1058 2997 1131 theologi
3021 1076 3236 1127 nomen,
3266 1070 3464 1118 etcum
3488 1078 3704 1119 summa

442 1138 604 1195 laude
627 1141 847 1195 meruit.

1629 1262 1657 1335 ς
1686 1263 1753 1318 Χ.
1788 1264 1860 1319 De
1891 1264 2162 1319 Melilonis
2194 1267 2532 1320 castimonia.

510 1412 684 1481 Quem
740 1416 1003 1471 hactenus
1036 1418 1375 1486 argumentis
1428 1418 1767 1487 gravissimis
1800 1418 2046 1488 apprime
2077 1418 2301 1473 doctum
2334 1420 2496 1486 evici,
2535 1418 2677 1474 idem
2720 1435 2865 1475 nunc
2898 1434 3117 1490 quoque
3149 1422 3274 1491 pius
3305 1432 3359 1477 et
3392 1423 3697 1479 virtutibus

438 1508 678 1562 maxime
710 1507 931 1574 ﬂorens,
962 1508 1245 1563 sistendus
1276 1508 1414 1562 mihi
1448 1509 1571 1574 erit,
1606 1524 1706 1563 nec
1740 1507 2025 1564 infeliciori
2048 1524 2331 1573 successu,
2356 1525 2457 1564 nec
2482 1510 2780 1566 levioribus
2813 1514 3152 1581 argumentis
3184 1514 3236 1569 id
3259 1524 3441 1569 actum
3476 1516 3540 1571 iri
3568 1531 3703 1571 eon-

440 1600 571 1654 ﬁdo.
606 1601 709 1667 Qui
745 1604 889 1656 enim
924 1617 955 1656 e
981 1603 1225 1673 diligenti
1259 1603 1430 1657 variis
1463 1603 1677 1657 artibus
1711 1611 1765 1657 et
1794 1602 2040 1657 scientiis
2067 1603 2412 1675 ingeniorum
2439 1604 2681 1671 cultura,
2706 1614 2761 1660 et
2790 1620 2822 1661 e
2855 1621 3137 1661 sacrarum
3176 1607 3485 1663 litterarum
3508 1607 3706 1663 crebra

442 1693 673 1748 lectione
700 1695 754 1746 in
789 1693 1073 1747 hominum
1107 1694 1245 1749 bene
1278 1704 1582 1763 praeparata
1616 1702 1838 1762 pectora
1879 1708 2139 1751 emanare
2168 1695 2345 1751 solent
2383 1694 2617 1759 fructus,
2666 1708 2727 1750 ut
2758 1696 2967 1752 scilicet
2996 1697 3346 1752 emolliantnr
3379 1712 3581 1766 mores,
3603 1711 3706 1752 nec

439 1786 694 1841 sinantur
748 1788 1000 1843 homines
1033 1803 1153 1843 esse
1186 1788 1439 1858 improbi,
1494 1788 1529 1841 ii
1585 1797 1735 1842 tanto
1769 1788 1993 1844 uberius
2052 1789 2108 1843 in
2141 1789 2447 1859 piissimam
2495 1788 2769 1845 Melitonis
2823 1792 3063 1847 animam
3096 1801 3447 1859 emanarunt,
3497 1800 3705 1861 quanto

438 1880 637 1948 majori
669 1882 854 1936 studio
889 1883 1107 1952 utrique
1157 1897 1379 1952 Operam
1438 1897 1666 1936 navasse
1702 1882 1969 1937 hactenus
2000 1883 2261 1938 vidimus.
2315 1882 2442 1938 Inde
2492 1883 2660 1954 igitur
2701 1885 2912 1939 exstitit
2952 1884 3150 1940 animae
3201 1886 3323 1955 ejus
3372 1899 3708 1954 morumque

435 1974 648 2042 le'llaS
682 2012 700 2038 ,
740 1974 866 2027 inde
895 1974 1016 2042 ejus
1050 1976 1365 2037 caelibatus,
1401 1982 1456 2028 et
1495 1974 1842 2039 castimonia,
1901 1989 2010 2043 qua
2043 1973 2188 2028 inter
2218 1974 2325 2029 alia
2357 1975 2624 2029 virtutum
2666 1975 2927 2032 exercitia
2973 1979 3310 2047 conspicuus
3357 1977 3482 2044 fuit,
3526 1987 3581 2034 et
3631 1979 3705 2035 ob

434 2078 599 2132 quam
635 2065 875 2120 eunuchi
912 2081 1215 2137 cognomen
1250 2068 1481 2137 accepit.
1517 2066 1595 2120 lta
1629 2082 1867 2137 namque
1898 2075 2126 2123 vocatur
2156 2082 2188 2122 a
2220 2067 2507 2139 Polycrate
2531 2070 2645 2138 ('79)
2690 2068 2744 2123 in
2778 2070 3009 2139 epistola
3038 2072 3298 2142 synodica
3332 2072 3399 2127 ad
3425 2070 3703 2127 Victorem

431 2172 629 2227 papam
662 2177 676 2211 :
712 2160 777 2211 Τί
808 2158 916 2230 γὰρ
946 2160 1027 2213 δεῖ
1057 2160 1235 2228 λέγειν
1270 2161 1508 2231 Σάγαριν
1540 2160 1839 2216 ἐπίσκοπον
1872 2160 1967 2214 καὶ
2001 2162 2275 2233 μάρτυρα,
2309 2161 2368 2225 ὃς
2398 2162 2687 2234 Λαοδικείᾳ
2732 2165 3087 2235 κεκοίμηται;
3122 2165 3203 2218 ἔτι
3232 2165 3341 2237 γὰρ
3370 2165 3465 2219 καὶ
3495 2164 3703 2220 Παπεί-

431 2268 548 2323 ριον
577 2252 669 2304 τὸν
707 2253 993 2323 μακάριον,
1028 2255 1121 2307 καὶ
1151 2253 1436 2307 Μελίτωνα
1465 2252 1557 2306 τὸν
1587 2253 1839 2323 εὐνοῦχον
1860 2294 1873 2318 ,
1907 2253 1999 2306 τὸν
2041 2253 2098 2306 ὲν
2128 2254 2270 2324 ἁγίῳ
2302 2252 2579 2325 Πνεύματι
2626 2254 2804 2309 πάντα
2837 2256 3328 2326 πολιτευσάμενον;
3363 2274 3417 2309 κ.
3456 2274 3504 2308 τ.
3539 2256 3587 2309 λ.
3639 2254 3697 2310 Id

428 2353 515 2397 est
547 2352 608 2397 ut
662 2343 824 2398 divus
864 2344 1230 2414 Hieronymus
1265 2343 1379 2416 (80)
1413 2345 1708 2399 verborum
1742 2343 2047 2414 Polycratis
2091 2344 2443 2414 interpretem
2476 2345 2628 2416 cgit:
2668 2363 2687 2396 ι
2732 2345 2873 2412 Quid
2911 2362 3141 2403 necesse
3180 2356 3263 2402 est
3317 2346 3541 2419 Sagaris
3580 2348 3698 2416 epi-

432 2436 585 2506 scopi
621 2446 674 2491 et
705 2439 962 2507 martyris
996 2437 1294 2501 recordari,
1330 2437 1422 2506 qui
1463 2438 1517 2490 in
1561 2436 1831 2490 Laodicea
1866 2444 2192 2506 soporatur,
2233 2446 2287 2491 et
2318 2435 2522 2506 Papirii
2571 2436 2734 2502 beati,
2767 2445 2822 2492 et
2848 2437 3121 2494 Melitonis
3161 2440 3216 2493 in
3247 2449 3439 2495 sancto
3487 2440 3699 2509 Spiritu

429 2526 693 2591 eunuchi,
729 2528 821 2597 qui
864 2543 1082 2597 semper
1123 2527 1355 2580 Domino
1389 2526 1599 2581 servit?
1637 2544 1655 2577 ι
1695 2525 1863 2580 Audit
1890 2526 2075 2596 itaque
2109 2536 2298 2582 noster
2329 2528 2637 2583 eunuchus.
2671 2527 2920 2599 Cumque
2958 2528 3215 2585 Servatur
3250 2532 3491 2600 optimus
3524 2533 3700 2586 maxi-

428 2631 553 2670 mus
582 2616 635 2669 in
669 2615 967 2688 Evangelio
995 2620 1010 2649 ¹
1044 2618 1153 2689 (81)
1175 2619 1278 2672 tria
1307 2618 1687 2671 cunuchorum
1716 2618 2013 2672 constituat
2033 2634 2059 2685 ρ

2069 2633 2252 2685 enera,
2280 2618 2428 2675 aliud
2448 2619 2656 2676 scilicet
2674 2635 2886 2686 eorum,
2919 2622 3112 2684 οἵτινες
3144 2624 3207 2675 ἐκ
3237 2623 3448 2687 κοιλίας
3490 2624 3700 2696 μητρὸς

426 2709 797 2781 ἐγεννήθησαν
829 2710 990 2773 οὕτω,
1032 2731 1051 2761 ε
1090 2712 1159 2764 ab
1190 2719 1313 2763 ortu
1347 2729 1365 2761 ›
1405 2710 1619 2774 talium,
1651 2711 1747 2779 qui
1781 2710 1848 2764 ad
1882 2708 2057 2765 Vener

2069 2726 2147 2764 em
2187 2710 2456 2767 inhabiles
2487 2712 2603 2767 nati
2634 2720 2797 2780 sunt;
2827 2714 2974 2768 aliud
3007 2714 3248 2780 illorum,
3282 2715 3478 2779 οἵτινες
3509 2717 3700 2769 εὐνου-

425 2802 692 2874 χίσθησαν
723 2802 827 2854 ὐπὸ
859 2802 964 2855 τῶν
995 2800 1316 2874 ἀνθρώπων,
1342 2821 1360 2853 ‹
1385 2803 1478 2872 qui
1503 2803 1571 2856 ab
1599 2803 1913 2858 hominibus
1938 2802 2056 2856 tale:

2070 2820 2075 2853 ;
2105 2802 2282 2859 elIecti
2314 2812 2476 2870 sunt;
2505 2823 2523 2855 ›
2554 2812 2609 2859 et
2639 2805 2787 2859 aliud
2820 2806 3054 2875 denique
3086 2806 3351 2871 istorum,
3385 2808 3580 2872 οἵτινες
3607 2809 3701 2863 εὐ-

425 2895 681 2966 νούχισαν
712 2895 938 2957 ἑαυτοὺς
968 2893 1055 2946 διὰ
1084 2893 1181 2963 τὴν
1216 2892 1489 2963 βασιλείαν
1519 2892 1627 2945 τῶν
1657 2891 1923 2964 οὐρανῶν,
1949 2908 2052 2963 (qu

2063 2892 2161 2947 ise
2185 2891 2332 2955 ipsos
2348 2902 2662 2948 castrarunt
2689 2903 2907 2963 propter
2939 2910 3167 2965 regnum
3192 2898 3489 2963 caelorum;
3527 2916 3544 2949 ι
3582 2912 3694 2951 non

424 2989 527 3043 abs
562 3005 620 3042 re
651 2988 755 3042 crit
787 2989 1093 3057 inquirere,
1130 2988 1197 3042 ad
1229 3002 1524 3056 quamnam
1559 3001 1752 3041 eorum
1786 2987 2016 3043 classem
2050 2984 2236 3042 Melito
2267 2996 2456 3042 noster
2487 2987 2559 3042 sit
2589 2986 2930 3043 referendus.
2966 2986 3183 3044 Ultima:
3213 3001 3396 3045 autem
3423 3005 3550 3044 eum
3598 2991 3697 3045 ad-

426 3080 829 3134 numerandam
864 3096 1019 3141 esse,
1053 3095 1119 3134 ex
1170 3079 1384 3134 duabus
1442 3079 1751 3134 rationibus
1806 3079 1953 3134 haud
2010 3079 2244 3137 obscure
2287 3089 2465 3149 potest
2497 3080 2869 3150 comprobari.
2921 3082 3105 3136 l’rimo
3138 3082 3451 3153 Polycrates
3483 3084 3693 3140 nullam

425 3174 592 3226 aliam
627 3174 698 3228 ob
732 3188 957 3226 causam
990 3172 1229 3227 eunuchi
1263 3168 1592 3242 cognomine
1624 3170 1937 3228 Melitenem
1972 3173 2240 3245 insignire
2277 3173 2409 3229 mihi
2430 3174 2664 3238 videtur,
2687 3190 2853 3244 quam
2890 3184 2948 3227 ut
2971 3174 3136 3228 simul
3168 3176 3373 3246 aliquid
3409 3177 3463 3229 in
3498 3176 3695 3232 laudes

427 3275 594 3338 atque
624 3267 1086 3321 existimationem
1134 3265 1253 3335 ejus
1304 3266 1529 3332 afferat;
1577 3274 1632 3321 et
1675 3265 1755 3321 sic
1801 3265 2087 3321 sententia:
2117 3282 2251 3331 suae,
2303 3280 2470 3336 quam
2518 3276 2711 3321 contra
2750 3264 3026 3321 Victorem
3069 3266 3349 3331 tuebatur,
3384 3266 3533 3321 haud
3574 3266 3696 3323 leve

425 3358 642 3429 pondus
676 3358 1030 3426 superaddat,
1067 3366 1256 3427 utpote
1286 3374 1409 3427 quae
1439 3367 1521 3412 tot
1552 3358 2027 3413 sanctissimorum
2061 3359 2307 3413 virorum
2346 3359 2680 3414 auctoritate
2712 3359 3077 3413 suﬂ‘ulciatur.
3118 3358 3380 3413 Eamdem
3413 3360 3601 3430 itaque
3618 3361 3694 3416 ob

422 3465 675 3515 causam,
709 3449 780 3503 ob
825 3466 990 3519 quam
1043 3448 1303 3520 Sagarem
1352 3451 1628 3522 μάρτυρα,
1673 3460 1730 3506 et
1763 3450 2043 3521 Papirium

2079 3452 2347 3524 μακάριον
2390 3462 2707 3519 vocaverat,
2740 3451 3058 3507 Mclitonem
3106 3466 3326 3521 quoque
3364 3453 3687 3507 eunuchum

425 3543 663 3615 vocavit,
719 3540 855 3595 alias
888 3541 1006 3595 sine
1056 3543 1165 3594 ullo
1198 3556 1362 3611 scopo
1394 3541 1501 3596 hoc
1535 3541 1812 3610 epitheton
1866 3541 2189 3605 addidisset,
2230 3542 2377 3612 quod
2427 3544 2542 3598 sive
2574 3543 2645 3598 ob
2692 3554 2904 3597 natura}
2935 3543 3152 3608 vitium,
3202 3541 3317 3597 sive
3350 3543 3419 3597 ob
3452 3542 3692 3597 aliorum

425 3636 713 3690 hominum
764 3636 1078 3691 violentiam
1131 3636 1209 3690 illi
1243 3637 1550 3706 obtigisset,
1586 3635 1655 3690 ad
1704 3635 1895 3692 laudes
1927 3637 2049 3706 eius
2077 3676 2092 3701 ,
2144 3646 2202 3691 et
2232 3639 2790 3705 commendationem,
2840 3639 2951 3692 imo
2983 3647 3038 3691 et
3069 3638 3135 3692 ad
3169 3637 3515 3708 propositum
3551 3639 3691 3694 nihil

424 3744 658 3798 prorsus
691 3729 947 3784 conferre
978 3728 1265 3798 potuisset.
1308 3728 1365 3781 ιη
1400 3729 1673 3798 ejusmodi
1704 3739 1887 3783 autem
1922 3730 2175 3799 epistola,
2210 3744 2376 3799 quam
2409 3730 2659 3800 privatus
2692 3730 2758 3784 ad
2793 3731 3067 3799 privatum
3101 3730 3331 3784 minime
3354 3730 3501 3785 dedit
3527 3729 3691 3801 Poly-

424 3831 627 3889 crates,
662 3823 756 3878 sed
778 3838 943 3893 quam
982 3823 1201 3893 publico
1241 3824 1485 3888 nomine,
1521 3824 1614 3878 sed
1647 3839 1812 3893 quam
1848 3824 2069 3877 nomine
2100 3823 2345 3878 omnium
2381 3825 2550 3878 totius
2582 3824 2730 3878 Asiae
2769 3821 3140 3879 Ecclesiarum
3190 3822 3256 3877 ad
3281 3821 3558 3878 Victorem
3585 3822 3690 3877 Ec-

422 3919 761 3989 clesiamque
794 3918 1119 3985 Romanam,
1167 3921 1223 3973 in
1266 3935 1324 3974 re
1368 3921 1610 3975 maxime
1643 3920 1809 3982 seria,
1845 3918 2124 3983 exaravit,
2159 3926 2215 3973 et
2243 3934 2407 3988 quam
2453 3921 2507 3973 in
2543 3918 2755 3990 synodo
2786 3917 3018 3973 solemni
3052 3923 3131 3971 tot
3161 3916 3400 3986 episcopi
3428 3929 3687 3984 compro-

423 4014 709 4080 baverant,
750 4024 805 4069 et
844 4016 1249 4085 subscriptione
1279 4015 1760 4079 conﬁrmaverant,
1785 4012 1997 4084 aliquid
2047 4022 2252 4068 temere
2283 4022 2339 4068 et
2385 4013 2526 4067 nihil
2566 4012 2633 4068 ad
2668 4027 2784 4067 rem
2819 4011 3095 4082 adjectum
3130 4009 3321 4076 fuisse,
3367 4011 3459 4064 vix
3506 4025 3572 4064 ac
3614 4025 3685 4065 ne

421 4109 515 4162 vix
550 4111 775 4178 quidem
812 4121 995 4165 mente
1037 4125 1263 4180 possum
1306 4110 1618 4179 concipere.
1655 4109 1899 4164 Alterum
1946 4119 2329 4179 argumentum
2362 4125 2427 4164 ex
2473 4108 2667 4163 Latina
2711 4109 2911 4164 horum
2943 4108 3237 4164 verborum
3280 4108 3534 4162 versione
3557 4106 3686 4163 Hie-

422 4206 641 4276 ronymi
686 4214 851 4273 atque
895 4203 1093 4258 Bullini
1120 4211 1299 4274 potest
1329 4204 1566 4270 desumi,
1601 4219 1838 4273 quorum
1883 4204 2021 4257 alter
2051 4203 2162 4275 (82)
2196 4202 2506 4259 Melitonem
2542 4204 2596 4257 in
2632 4202 2836 4273 Spiritu
2864 4212 3058 4259 sancto
3098 4204 3414 4259 eunuchum
3440 4203 3682 4275 vocavit,

424 4296 564 4351 alter
594 4310 727 4351 vero
769 4295 883 4368 (85)
926 4294 1230 4366 Polycratis
1263 4295 1425 4350 verba
1462 4295 1535 4349 ita
1572 4295 1962 4365 interpretatus
1994 4304 2080 4349 est
2109 4312 2123 4349 :
2168 4312 2187 4346 ί
2224 4293 2329 4350 Sed
2361 4304 2415 4350 et
2444 4294 2748 4366 Papirium,
2779 4295 3079 4352 Macarium
3115 4296 3229 4367 (84)
3270 4305 3327 4351 et
3366 4294 3684 4350 Melitonem

424 4398 649 4460 propter
682 4404 909 4460 regnum
946 4387 1042 4442 Dei
1073 4395 1129 4443 et
1161 4389 1476 4442 eunuchum
1510 4398 1566 4443 et
1600 4386 1807 4458 Spiritu
1843 4394 2035 4444 sancto
2066 4390 2356 4459 repletum.
2391 4411 2411 4444 ι
2449 4390 2526 4446 lta
2549 4400 2611 4448 ut
2633 4393 2941 4449 clarissime
2981 4392 3179 4448 exinde
3208 4401 3415 4462 pateat,
3451 4407 3547 4461 per
3574 4390 3682 4445 Po-

422 4484 648 4554 lycratis
679 4482 930 4554 εὐνοῦχον
965 4482 1053 4537 τὸν
1087 4484 1145 4536 ὲν
1175 4482 1315 4554 ἁγίῳ
1345 4482 1623 4553 Πνεύματι
1659 4482 1836 4536 πάντα
1870 4482 2053 4537 πολιτε

2053 4485 2330 4555 ηυσάμενον
2363 4487 2575 4541 nullum
2609 4488 2758 4543 aliud
2790 4486 3169 4542 cunuchorum
3216 4501 3389 4556 genus
3434 4500 3558 4541 esse
3596 4485 3684 4539 in-

424 4578 801 4647 telligendum,
837 4593 1003 4647 quam
1038 4591 1233 4631 eorum
1274 4576 1469 4640 οἴτινες
1501 4576 1589 4629 διὰ
1620 4576 1718 4647 τὴν
1752 4576 2029 4647 βασιλείαν

2060 4578 2169 4633 τῶν
2201 4579 2445 4650 οὐρανῶν
2495 4581 2813 4653 εὐνούχισαν
2846 4581 3089 4637 ἑαυτούς,
3135 4600 3154 4633 ‹
3185 4583 3278 4651 qui
3320 4597 3379 4637 se
3412 4562 3560 4652 ipsos
3581 4595 3679 4635 ca-

425 4679 671 4727 strarunt
700 4681 921 4741 propter
951 4684 1179 4741 regnum
1213 4670 1536 4725 caelorum.»
1579 4668 1722 4739 Ergo
1770 4680 1991 4740 propter
2042 4686 2269 4740 regnum
2308 4673 2574 4729 caelorum
2613 4676 2966 4744 semetipsum
3015 4673 3245 4732 eviravit
3289 4673 3509 4729 Melita?
3534 4672 3680 4743 Ergo

493 4854 509 4883 ‘
545 4850 734 4906 Matth.
768 4865 884 4917 nx,
918 4849 1007 4903 12.

490 5005 600 5076 (78)
626 5003 868 5074 Epistola
898 5002 1169 5076 85,_tom.
1210 5001 1282 5076 1V
1311 5002 1643 5076 Opp.,part_e
1673 5018 1735 5065 ιι,
1761 5017 1815 5071 p.
1846 5002 1951 5076 656
1978 5020 1992 5076 ς
2098 5000 2293 5076 Μθιοιι.
2319 4999 2590 5056 lnehoferi
2609 5000 2743 5076 diss.
2772 5000 2850 5053 De
2878 5001 3244 5076 eunuchismo;
3268 5001 3571 5076 _Seldenum
3598 5003 3677 5076 De

426 5096 445 5127 ι
480 5070 623 5142 Quid
652 5070 853 5145 loquar
882 5075 953 5145 de
973 5073 1225 5145 Melitone
1251 5070 1992 5145 Sardensiepiscopo;_quid
2088 5073 2214 5145 jure
2257 5080 2465 5145 natum
2512 5082 2561 5124 et
2594 5072 2846 5145 gentium,
2907 5086 3030 5145 pag.
3083 5070 3212 5130 658;
3265 5071 3559 5145 Saldenum
3619 5075 3673 5128 in

416 5140 865 5214 deiApollinario
908 5142 1327 5214 Hierapolitanae
1372 5141 1629 5214 Ecclesiae
1676 5140 1989 5214 sacerdote,
2101 5142 2249 5195 Otii:
2287 5141 2511 5214 11160109.
2559 5157 2611 5214 ρ.
2646 5140 2750 5214 499
2781 5142 3431 5214 _sqq._PlI_ires_auctores
3459 5143 3527 5214 de
3571 5145 3677 5199 hoc

418 5210 679 5285 Dionysio
707 5210 1116 5285 Corinthiorum
1144 5212 1422 5281 episcopo,
1454 5221 1509 5285 et
1538 5210 1772 5285 Tatiano
1791 5222 1845 5266 et
1861 5211 1991 5265 Bar-
2094 5214 2317 5285 oraculo
2348 5210 2678 5285 evolvendos
2709 5211 2858 5265 dabit
2916 5211 2973 5265 S.
3016 5210 3083 5265 R.
3122 5210 3358 5266 Wolﬁus
3390 5214 3445 5268 in
3477 5212 3636 5267 Curis
3657 5254 3672 5277 ,

416 5281 622 5339 desane
673 5286 767 5355 qui
818 5283 1056 5353 origines
1102 5285 1388 5355 hm‘resewv
1435 5282 1775 5355 singularum
1822 5291 1989 5355 etex
2094 5283 2281 5355 vol.__l,
2313 5296 2447 5355 pag.
2482 5281 2604 5335 281.

415 5355 618 5431 quibus
661 5350 1110 5431 philosophorum
1162 5350 1408 5431 [uultibus
1452 5350 1762 5405 emanarint
1804 5352 1989 5412 multis
2165 5351 2279 5431 (ξὲ)
2313 5350 2627 5431 Ιξίίξεοηγῐη.
2804 5366 2924 5431 cap.
2959 5351 3048 5431 ει.

415 5420 788 5480 voluminibus
812 5420 1193 5492 explicarunt?
1228 5440 1246 5474 ι
1312 5440 1345 5463 π
1596 5492 1603 5493 γ
1903 5490 1925 5493 _
1951 5490 1963 5493 _

1917 5490 1963 5493 η
2174 5420 2285 5493 i85)
2314 5420 2559 5493 Bullinus
2596 5421 2649 5473 in
2688 5420 2835 5473 Hist.
2869 5420 3053 5476 cedes.
3090 5422 3182 5476 lib.
3220 5438 3273 5488 v,
3309 5437 3428 5491 cap.
3457 5421 3548 5476 24.

404 5514 441 5575 ι.
476 5493 611 5575 βξ).
634 5494 787 5575 apud
823 5490 1025 5548 Euseb.
1063 5493 1209 5553 Hm.
1233 5492 1525 5546 ecclesiasl.
1553 5492 1646 5547 lib.
1676 5508 1728 5557 v,
1755 5505 1878 5560 cap.
1899 5490 1992 5554 24,
2172 5490 2298 5572 (84).
2337 5490 2588 5575 'llull‘intts
2610 5531 2623 5552 ,
2672 5507 2864 5575 parum
2923 5494 3231 5573 attendens,
3284 5490 3526 5571 errorem
3582 5492 3675 5547 hic

416 5562 719 5699 ίὀιί8ἓῗ41ἷδε
748 5634 1048 5688 illustribus
1080 5632 1333 5688 Ecclesia:
1363 5633 1730 5701 scriptoribus,
1759 5647 1877 5700 cap.
1899 5630 1990 5683 24.

2097 5562 2394 5627 commisit,
2423 5570 2583 5629 atque
2616 5562 2887 5682 μακάΐιον
2915 5563 3016 5614 viri
3046 5577 3242 5616 nomen
3267 5562 3549 5631 proprium
3570 5577 3673 5630 pu-

2098 5635 2255 5695 tavit,
2291 5641 2345 5685 et
2388 5630 2469 5685 sic
2520 5646 2625 5682 non
2665 5640 2723 5683 ut
2757 5700 2762 5701 ν
2792 5629 2997 5701 lieron.
3030 5646 3125 5701 per
3178 5650 3196 5682 ι
3228 5632 3471 5699 beatum,
3504 5649 3525 5684 ι
3574 5632 3672 5686 sed

489 5700 602 5825 £811
669 5704 744 5759 De
787 5706 990 5773 triplici
1035 5706 1138 5758 hoc
1190 5700 1554 5759 eunuchis-mo
1583 5702 1773 5757 Confer
1810 5702 1994 5825 Doug—
2097 5719 2193 5772 per
2230 5723 2247 5755 ‹
2285 5701 2581 5755 Macarium
2620 5718 2637 5751 ›
2678 5700 2929 5755 reddidit.

489 5790 503 5825 ι
608 5776 801 5825 ualeat.
856 5791 1022 5825 mon.
1081 5786 1221 5825 nart.
1284 5791 1343 5825 ιι.
1374 5791 1592 5825 excurs.
1652 5775 1741 5825 50.
1796 5788 1848 5825 ο.
1903 5771 1931 5822 7
1983 5778 1997 5825 ἱ

413 5774 503 5828 mi
560 5771 801 5829 Analect.
856 5771 1022 5839 iacr.,
1080 5786 1221 5845 part.
1284 5791 1592 5840 1|,excurs.
1652 5775 1741 5838 50,
1796 5788 1848 5842 p.
1903 5771 1997 5826 74;
