4130 6450
459 397 600 457 1175
1411 399 1715 461 NOTITIA.
1755 431 1823 439 —
1859 397 1898 455 l.
1937 397 2008 453 DE

2114 397 2230 454 ITA
2267 396 2326 452 S.
2365 391 2772 452 MELITONIS.’
3582 384 3719 438 “74

453 519 615 587 cujus
647 519 977 576 concinnam
1010 530 1065 578 et
1095 521 1314 580 brevem
1341 521 1482 580 hanc
1505 523 1758 579 dabimus
1785 521 2210 590 descriptionem
2251 519 2698 592 geographicam.
2736 514 2944 582 Sardis,
2980 506 3232 572 Sardium
3277 510 3473 584 plurali
3507 518 3715 564 tantum

455 628 705 681 numero,
744 612 846 668 fuit
875 616 1008 672 urbs
1044 614 1224 686 Lydiae
1269 615 1404 686 (ll),
1434 616 1487 669 in
1534 615 1663 672 Asia
1715 616 1944 680 Minore,
1975 613 2196 670 Paetolo
2237 614 2349 684 (12)
2394 612 2638 667 aurifero
2680 609 2904 664 ﬂumine
2957 609 3266 673 notissima,
3297 622 3418 677 qum
3458 604 3717 658 ﬂexuosis

453 706 716 763 Maeandri
760 706 940 761 amnis
985 708 1301 765 recursibus
1349 706 1590 776 perfusa,
1628 722 1792 775 super
1817 705 2024 759 leniam
2072 705 2337 773 procedit,
2363 704 2614 775 Phrygia:
2653 704 2720 758 ab
2771 711 2965 764 exortu
2999 702 3128 758 salis
3169 700 3368 764 vicina,
3399 700 3462 753 ad
3502 706 3716 768 septen-

452 802 687 856 trionem
722 797 1267 864 Mtesiae,meridiana
1293 809 1447 870 parte
1488 798 1663 852 Caria:
1684 806 1894 866 partem
1923 797 2274 866 amplectens.
2316 795 2488 865 Hujus
2513 810 2643 866 ergo
2674 794 2852 865 Lydiae
2879 793 3006 848 urbs
3040 805 3092 846 et
3118 801 3280 860 caput
3321 791 3422 852 fuit
3463 789 3716 842 Sardium

454 888 675 956 civitas,
703 890 826 944 aliis
873 890 1070 960 Σάρδις
1115 892 1236 946 aliis
1283 908 1414 947 vero
1467 890 1695 961 Σάρδεις
1737 889 1923 945 Graece
1964 906 2008 944 Vl

2112 899 2156 944 la
2175 889 2323 960 (15),
2352 890 2489 942 inter
2525 887 2840 959 Thyatiram
2876 895 2928 939 ct
2979 885 3406 954 Philadelphiam
3439 882 3550 954 (lli)
3589 882 3715 946 sita,

453 977 648 1038 Tmolo
691 985 866 1040 monti
917 984 1198 1040 fortunato
1261 985 1520 1056 adjacens
1551 983 1686 1053 (15),
1721 984 1879 1053 cujus
1911 983 2008 1039 Str:

2137 985 2248 1056 (16)
2280 985 2421 1038 hanc
2450 982 2600 1037 dedit
2627 981 3042 1050 descriptionem
3079 997 3092 1033 :
3120 981 3185 1031 At
3207 979 3263 1030 δὲ
3287 978 3510 1047 Σάρδεις
3562 977 3716 1040 πόλις

453 1071 570 1128 ἐστὶ
617 1076 848 1147 μεγάλη,
887 1077 1126 1148 νεωτέρα
1167 1079 1263 1149 μὲν
1304 1079 1412 1132 τῶν
1452 1080 1732 1152 Τρωῖκῶν,
1767 1079 1971 1150 ἀρχαία
2006 1078 2063 1131 δὲ
2087 1080 2256 1148 ὅμως,
2279 1078 2423 1149 ἄκρα
2456 1077 2658 1150 εὐερκῆ
2707 1077 2923 1150 ἔχουσα,
2956 1071 3218 1141 βασίλειον
3254 1070 3309 1122 δὲ
3355 1068 3562 1147 ὖπη-ρξε
3608 1066 3715 1120 τῶν

453 1167 665 1222 Λυδῶν.
714 1187 733 1221 ‹
774 1167 962 1225 Sardis
987 1169 1120 1224 urbs
1151 1179 1234 1224 est
1263 1185 1482 1240 magna,
1528 1172 1799 1240 posterior
1826 1169 2045 1240 quidem
2071 1169 2302 1224 urbibus
2326 1167 2600 1238 Trojanis,
2625 1175 2836 1230 vetusta
2868 1175 3074 1228 tamen,
3111 1178 3264 1218 arces
3294 1161 3501 1216 habens
3530 1162 3715 1215 muni-

453 1261 724 1330 tissimas,
751 1263 964 1336 fuitque
991 1264 1120 1320 olim
1157 1263 1434 1335 Lydorum
1465 1267 1633 1336 regia.
1667 1285 1686 1318 ι
1719 1263 1876 1321 Unde
1914 1277 2135 1334 quoque
2162 1261 2424 1318 Horatius
2461 1261 2574 1330 (17)
2611 1281 2623 1315 :

1124 1392 1265 1460 Quid
1293 1395 1551 1449 concinna
1585 1392 1794 1459 Samos,
1824 1393 1948 1463 quid
1980 1391 2146 1446 Croesi
2180 1389 2324 1458 regia
2357 1385 2586 1442 Sardis?

449 1530 662 1601 Opibus
711 1540 876 1600 atque
933 1528 1142 1585 divitiis
1188 1529 1305 1584 haec
1353 1529 1510 1592 urbs,
1550 1537 1606 1584 et
1654 1527 1838 1583 omnis
1883 1525 2066 1596 Lydiae
2117 1521 2288 1592 regio,
2320 1522 2478 1576 valde
2509 1521 2824 1588 abundavit,
2854 1521 2984 1578 hinc
3021 1531 3074 1576 et
3109 1519 3302 1592 adagia
3333 1520 3706 1582 innotuerunt,

455 1641 473 1672 ε
511 1620 706 1676 ϐιωεο
754 1619 921 1673 ditior
981 1637 1000 1670 ι
1051 1627 1106 1673 et
1156 1635 1177 1670 ‹
1228 1617 1385 1675 Midae
1424 1633 1576 1688 opes.
1631 1636 1649 1669 ι
1682 1617 2002 1672 Celebratur
2055 1618 2294 1671 maxime
2347 1617 2419 1670 ob
2467 1629 2711 1685 purpura
2761 1612 3002 1682 tingendi
3038 1621 3210 1666 artem
3255 1623 3311 1666 et
3349 1613 3420 1668 ob
3450 1614 3708 1683 tapetium

449 1714 1050 1784 praestantissimorum,
1085 1710 1286 1780 quibus
1341 1710 1747 1765 indormiebant
1800 1718 2032 1773 veteres,
2085 1718 2357 1764 texturam
2383 1708 2519 1779 (18),
2551 1708 2696 1763 unde
2738 1707 2868 1761 illud
2911 1704 3169 1759 Varronis
3194 1705 3348 1775 (i9):
3385 1725 3404 1755 ‹
3443 1705 3595 1761 Cubo
3654 1706 3708 1758 in

447 1804 790 1860 Sardianicis
843 1803 1115 1872 tapetibus
1166 1801 1308 1856 inter
1355 1802 1658 1858 ehlamides
1717 1813 1772 1855 et
1819 1816 2094 1870 purpurea
2162 1803 2418 1856 amicula.
2482 1821 2500 1853 ι
2535 1801 2660 1855 Haec
2714 1800 3040 1869 caeteroquin
3084 1797 3276 1854 civitas
3315 1813 3439 1852 cum
3486 1798 3709 1853 Sardicn

445 1895 617 1963 urbe,
652 1909 777 1964 quae
817 1909 849 1948 a
890 1893 1120 1949 Claudio
1153 1893 1455 1949 Ptolomaeo
1483 1892 1597 1963 (20)
1635 1893 1774 1946 inter
1799 1891 2046 1946 Thraciae
2084 1892 2333 1946 civitates
2369 1891 2800 1946 mediterraneas
2837 1901 3178 1955 numeratur,
3229 1899 3282 1945 et
3314 1892 3546 1946 concilio
3577 1890 3710 1945 Sar-

441 1983 674 2049 dicensi,
701 1983 756 2036 in
789 1998 957 2038 causa
982 1982 1350 2038 Albanasiana
1387 1983 1683 2048 celebrato,
1717 1981 1947 2035 illustris
1976 1989 2078 2047 est,
2112 1995 2222 2034 non
2281 1982 2442 2036 debet
2491 1979 2796 2045 confundi,
2834 1997 3012 2052 neque
3051 1998 3177 2037 cum
3218 1980 3468 2037 Sardinia
3508 1985 3708 2045 insula,

437 2075 602 2145 cujus
633 2073 827 2128 incolae
853 2072 1032 2140 Sardi,
1070 2072 1262 2129 Sardoi
1290 2084 1344 2129 et
1370 2073 1673 2139 Sardenses
1705 2088 1927 2144 quoque
1954 2081 2242 2138 vocantur,
2275 2081 2329 2126 et
2357 2073 2422 2127 de
2456 2073 2660 2143 quibus
2697 2083 2826 2127 nota
2859 2083 2987 2130 sunt
3011 2074 3118 2129 duo
3142 2075 3459 2144 proverbia,
3497 2095 3513 2126 ‹
3553 2074 3709 2129 Sardi

442 2169 683 2235 venales,
706 2187 728 2219 ι
766 2169 975 2225 scilicet
1001 2171 1069 2226 de
1093 2170 1294 2226 vilibus
1311 2180 1369 2225 et:
1390 2169 1736 2239 contemptis,
1775 2188 1792 2220 ι
1822 2167 2124 2224 Sardonius
2150 2169 2318 2232 risus,
2345 2186 2364 2218 ι
2402 2169 2468 2223 de
2493 2168 2614 2223 risu
2633 2167 2759 2223 ﬁcto
2789 2181 2884 2223 aut
2913 2170 2986 2236 ei,
3025 2170 3117 2239 qui
3160 2170 3299 2224 ridet
3344 2169 3546 2224 exitiali
3573 2170 3707 2240 (21).

442 2259 651 2316 Sardus
680 2261 862 2332 itaque
915 2270 969 2317 et
1018 2262 1310 2317 Sardensis
1354 2271 1438 2316 est
1491 2276 1522 2318 e
1568 2261 1843 2326 Sardinia,
1877 2258 2221 2314 Sardicencis
2245 2274 2274 2313 e
2302 2258 2559 2326 Thracia,
2588 2258 2891 2314 Sardianus
2922 2275 3052 2314 vero
3081 2275 3110 2314 e
3150 2258 3339 2331 Lydia.
3365 2260 3525 2322 Hinc,
3558 2260 3707 2329 quod

439 2352 602 2421 paulo
633 2354 889 2422 superius
945 2355 999 2408 in
1037 2365 1161 2409 nota
1206 2356 1432 2426 jamjam
1483 2355 1919 2419 observavimus,
1961 2352 2145 2409 Melite
2173 2355 2354 2409 minus
2383 2362 2529 2408 recte
2555 2369 2585 2407 a
2610 2353 2872 2422 dignitate
2896 2354 3268 2408 ecclesiastica
3311 2364 3535 2410 vocatur
3573 2355 3706 2408 Sar-

439 2444 657 2510 dcnsis’;
691 2445 819 2500 hinc
866 2461 1032 2514 porro
1068 2447 1446 2517 eorrigendus,
1477 2446 1731 2502 Cbronici
1781 2448 2134 2503 Alexandrini
2166 2450 2453 2518 interpres,
2486 2447 2578 2518 qui
2625 2447 2756 2502 illud
2795 2447 3036 2502 auctoris
3069 2466 3081 2499 :
3109 2446 3356 2500 Μελετων
3399 2448 3705 2518 Σαρδιανῶν

441 2537 545 2599 ὲπς
586 2537 794 2601 vertit»:
830 2555 849 2588 ι
883 2536 1068 2592 Melite
1121 2537 1537 2594 Sardicensium
1601 2538 1864 2609 pontifex,
1905 2559 1924 2591 ι
1958 2540 2248 2595 dicendum
2307 2550 2424 2594 erat
2468 2539 2883 2596 Sardianorum.
2930 2538 3103 2593 Hodie
3148 2538 3534 2595 ﬂorentissima
3569 2543 3700 2594 olim

440 2628 658 2693 civitas.
691 2630 905 2687 viculus
944 2639 1029 2686 est
1076 2632 1356 2702 ignobilis,
1388 2649 1550 2703 quem
1595 2632 1762 2688 Turci
1801 2643 2003 2699 tenent,
2033 2642 2089 2689 et
2132 2633 2259 2689 Sart
2295 2643 2514 2698 vocant,
2553 2635 2696 2690 aedes
2725 2634 2886 2688 habet
2912 2642 3175 2703 angustas
3209 2643 3263 2688 et
3299 2633 3556 2697 humiles,
3582 2635 3702 2688 sine

441 2722 756 2793 splendore,
788 2723 906 2777 sine
941 2733 1137 2778 ornatu
1178 2742 1191 2778 :
1225 2725 1372 2788 nulla
1399 2725 1472 2779 ibi
1506 2725 1758 2792 ecclesia,
1789 2725 1924 2780 nulli
1963 2724 2284 2793 Christiani,
2314 2741 2416 2780 nec
2445 2726 2583 2782 alios
2619 2725 2732 2780 fere
2774 2725 2980 2780 incolas
3028 2726 3192 2780 habet
3227 2736 3424 2795 praeter
3453 2736 3704 2795 pastores

443 2823 502 2868 et
531 2814 823 2880 bubulcos,
847 2817 941 2885 qui
968 2816 1023 2870 in
1049 2817 1226 2886 ampla
1256 2827 1310 2871 et
1339 2816 1742 2886 jucundissima
1786 2817 2038 2886 planitie,
2103 2833 2226 2886 quae
2260 2817 2380 2873 vico
2423 2818 2550 2872 huic
2590 2817 2962 2888 praetenditur,
2991 2833 3212 2888 gregum
3241 2828 3305 2877 et
3328 2829 3703 2875 armentorum

444 2906 518 2963 ibi
551 2906 960 2975 depascentium
993 2921 1182 2960 curam
1209 2916 1394 2975 agunt.
1427 2905 1716 2961 Publicum
1753 2906 1825 2961 tbi
1851 2904 2074 2975 quidem
2102 2905 2400 2976 hospitium
2427 2907 2702 2977 quoddam
2733 2915 2836 2974 est,
2869 2916 2955 2963 ast
2990 2909 3169 2964 nullos
3199 2911 3302 2965 nisi
3331 2908 3528 2965 Persas
3557 2927 3700 2966 mer-

447 3007 701 3053 caturam.
727 3000 989 3069 gregatim
1021 3010 1337 3054 exercentes
1368 3000 1710 3068 (Caravanis)
1739 3001 1935 3070 recipit
1956 3001 2385 3072 peregrinantes.
2403 3001 2458 3056 ln
2495 3001 2720 3057 australi
2753 3002 2976 3072 regione
3006 3002 3250 3072 ingentes
3279 3006 3515 3072 antiquae
3547 3005 3698 3059 urbis

441 3091 606 3145 hodie
651 3093 833 3147 adhuc
889 3102 1106 3147 exstant
1150 3095 1342 3160 ruinae,
1391 3093 1594 3164 quibus
1641 3095 1778 3150 visis
1821 3093 1983 3152 facile
2013 3096 2247 3167 quilibet
2284 3096 2469 3150 animo
2505 3095 2794 3164 concipere
2820 3104 3017 3163 potest,
3044 3112 3208 3165 quam
3247 3097 3532 3163 magniﬁca
3564 3097 3692 3150 olim

437 3183 799 3255 fuerit,quam
813 3184 1092 3253 splendida
1109 3193 1162 3238 et
1184 3184 1734 3256 superbaantequam
1761 3196 2082 3242 verteretur.
2104 3188 2284 3243 Debeo
2299 3187 2438 3241 hanc
2465 3186 2782 3241 relationem
2813 3185 3170 3240 celeberrimo
3193 3185 3296 3239 Th.
3342 3184 3554 3240 Smitho
3585 3184 3696 3255 (2‘2)

431 3340 504 3393 τὸ.
521 3339 717 3410 κτητὸν
749 3337 1123 3410 Σαρδιανικός.
1149 3357 1167 3389 ι
1202 3337 1550 3410 δθῃᾶίείιιὼε
1574 3339 1765 3410 Lydia:
1791 3355 2008 3410 magna,

432 3409 571 3475 civis
613 3407 1156 3464 'dicitur’Sardianus
1193 3418 1246 3463 et
1281 3407 1545 3464 Sardiana
1569 3452 1582 3470 ,
1631 3407 2008 3475 possessivum

431 3490 519 3535 est
575 3479 949 3534 Sardianicus.
995 3497 1014 3530 ι
1072 3478 1227 3533 Patet
1280 3481 1476 3532 exinde
1538 3478 1849 3533 Meﬁtouem
1902 3495 2010 3532 non

432 3551 553 3605 sine
587 3550 722 3604 vitio
753 3548 1206 3618 communissime
1235 3547 1526 3603 Sardensis
1563 3549 1886 3618 cognomine
1917 3564 2013 3617 ap-

469 3620 646 3685 ellari,
683 3634 819 3678 cum.
855 3627 1034 3672 tamen
1070 3617 1372 3673 Sardianus
1407 3620 1478 3673 sit
1515 3617 2009 3687 cognominandus.

469 3635 646 3685 euarI,
683 3635 819 3678 cum,
855 3635 1034 3672 tamen
1070 3635 1372 3673 Sardianus
1407 3635 1478 3673 ειι
1515 3635 2009 3687 cognommanuus.

432 3635 552 3744 gos
604 3690 750 3743 enim
809 3687 1118 3750 Sardensis,
1161 3697 1304 3742 recte
1349 3689 1674 3743 observante
1723 3687 2011 3753 Halloixio,

432 3759 609 3827 magis
644 3774 768 3812 eum
803 3757 1073 3826 signiﬁcat
1102 3757 1195 3826 qui
1231 3773 1261 3811 e
1306 3756 1559 3812 Sardinia
1589 3766 1692 3821 est,
1727 3773 1889 3827 quam
1915 3759 2011 3826 qui

428 3843 461 3883 e
498 3826 1097 3883 Sardibus.cSardittia
1150 3842 1314 3896 porro
1365 3835 1450 3881 est
1501 3827 1552 3880 in
1585 3827 1792 3891 Africa,
1824 3826 2012 3882 Sardis

428 3911 561 3952 vero
616 3896 674 3952 in
717 3897 872 3966 Asia.
898 3898 1035 3951 Cum
1069 3895 1234 3965 igitur
1261 3895 1566 3956 Sardussit
1603 3897 1669 3966 is.
1698 3898 1790 3966 qui
1819 3913 1849 3950 e
1882 3896 2012 3950 Sar—

429 3967 604 4033 dinia,
635 3967 799 4022 etiam
844 3965 1126 4020 Sardensis
1169 3982 1234 4020 ex
1263 3965 2009 4035 cognatione;formationum

429 4047 648 4116 recepta
697 4035 1106 4116 Sardiniensem
1160 4033 1532 4116 designabit.)
1561 4033 1837 4116 Hactenus
1872 4037 2007 4116 ille.

429 4103 611 4175 Tullio
664 4113 833 4170 certe,
891 4104 1067 4175 Plinio
1122 4113 1204 4175 et;
1227 4103 1350 4159 aliis
1401 4103 1594 4160 Latine
1663 4107 2010 4175 loquentibus

432 4173 737 4230 Sardianus
786 4183 897 4242 est,
948 4173 1043 4243 qui
1087 4188 1119 4229 e
1173 4173 1470 4243 Sardibus;
1530 4173 1751 4230 Sardus
1785 4191 1914 4231 vero
1961 4186 2013 4230 et

430 4243 726 4304 Sardensis,
744 4254 796 4298 et
822 4242 1064 4299 Sardous
1085 4243 1177 4313 qui
1201 4260 1231 4299 e
1251 4242 1519 4298 Sardinia.
1550 4244 1655 4298 Sed
1686 4245 1798 4299 ha3c
1815 4246 2009 4299 obiter.

499 4316 610 4386 (11)
639 4314 868 4386 Plinius,
897 4313 1151 4368 Historia:
1178 4315 1444 4386 naturalis
1467 4313 1564 4386 lib.
1584 4330 1641 4386 v,
1663 4330 1712 4367 c.
1739 4314 1830 4370 29:
1864 4333 1882 4366 ε
1905 4315 2013 4386 Ly-

428 4383 540 4454 dia,
591 4383 792 4454 inquit,
837 4386 1144 4438 celebratur
1198 4385 1435 4454 maxime
1461 4383 1727 4442 Sardibus
1757 4386 1810 4438 in
1844 4383 2013 4443 latere

429 4452 610 4510 Tmoli
669 4452 906 4520 ineptis,
951 4455 1044 4523 qui
1101 4463 1262 4510 antea
1321 4453 1571 4509 Timolus
1615 4455 2010 4523 appellabatur,

427 4525 632 4579 vitibus
676 4526 946 4590 consitus,
980 4532 1035 4578 et
1064 4540 1128 4578 ex
1167 4539 1232 4578 eo
1276 4524 1576 4593 proﬂuente
1615 4523 1868 4588 Pactole,
1917 4542 2013 4578 eo-

423 4595 662 4719 :lle‘tnque
684 4593 1090 4715 lchrysorrhoa;
1132 4593 1400 4649 Sardiana
1428 4611 1575 4649 nunc
1615 4596 1916 4664 appellatur
1946 4610 2009 4650 ea

464 4681 476 4716 ι
509 4679 617 4719 ιο.»
649 4679 678 4717 e
705 4679 756 4718 c.

464 4664 583 4727 itio,
599 4683 617 4715 ι
649 4671 758 4726 etc.

498 4733 615 4802 (12)
671 4731 1000 4804 Βιτδῦρίμὶη
1058 4732 1391 4804 (ἓερφγιρΙιία
1444 4735 1549 4787 sive
1601 4733 1664 4786 de
1703 4736 1806 4790 situ
1841 4733 2004 4798 orbis,

422 4804 520 4858 lib.
548 4819 668 4867 xm,
699 4818 824 4872 pag.
849 4802 974 4864 596,
993 4803 1093 4872 ed.
1124 4802 1446 4866 Βὲιεί1549,
1475 4805 1568 4856 iul.
1596 4805 1690 4858 Gr.
1726 4804 1842 4863 Lat.
1867 4806 2010 4860 εῬεἰ

421 4874 479 4946 et
571 4870 864 4946 Πακῖεωλδς
882 4870 1019 4946 *ἀπὸ
1054 4874 1150 4946 τοῦ
1173 4873 1434 4946 -Τμώλου-
1457 4875 1780 4946 καταφέρων
1817 4874 1876 4946 ro
1906 4892 2008 4927 πα-

421 4943 572 4997 λαιὸν
601 4939 804 5015 χρρσρῦ
838 4941 1034 5015 ψῆγμᾳ
1065 4939 1350 5015 πρλὺ,’ἀφ’
1378 4939 1438 5015 οὗ
1476 4945 1564 4996 τὸν
1593 4939 1824 5015 Χρόίσου
1856 4944 2008 5012 λεγὸ-

425 5011 886 5086 μεγονξῖπλοῦτον,
907 5011 1027 5086 sed):
1069 5013 1176 5067 τῶν
1232 5011 1511 5086 πρφγόνῳν
1561 5011 1725 5086 seeos
1763 5011 2007 5086 διονομα-

424 5081 618 5154 ὰοῆναί
650 5099 806 5154 φασι.
847 5101 865 5132 ‹
904 5083 950 5134 Α
985 5081 1183 5154 Tmolo
1211 5081 1392 5138 autem
1425 5085 1543 5137 ﬂuit
1573 5084 1848 5154 Pactolus,
1874 5081 2005 5139 olim

422 5152 592 5208 multa
644 5153 769 5225 auri
823 5162 1064 5225 ramenta
1094 5152 1366 5225 deferens.
1392 5157 1533 5208 unde
1566 5153 1740 5210 Crtnsi
1771 5172 1899 5225 opes
1954 5165 2008 5210 et

423 5225 697 5288 majorum
724 5222 842 5290 ejus
870 5223 1172 5278 celebratas
1202 5223 1408 5278 ferunt.
1454 5243 1471 5275 ι

495 5293 608 5361 (15)
643 5291 760 5346 Νοιι
793 5293 1111 5362 desuntqui
1145 5295 1550 5362 tenigmatirum
1583 5309 1784 5348 nomen
1820 5295 2004 5349 hario-

421 5363 604 5416 lanlur
632 5379 698 5414 ex
735 5371 828 5420 1w
878 5380 896 5412 ι
933 5361 1203 5432 princeps,
1245 5361 1273 5414 ί
1299 5372 1391 5416 aut
1441 5372 1574 5421 *ι’-ιιι)
1635 5381 1654 5413 ‹
1710 5366 1945 5419 amussis
1981 5383 1999 5416 ι

421 5441 743 5506 θυιΑ-Ἰῖηιυ-
781 5452 799 5482 ί
834 5441 1193 5506 supcr_stes,_i
1240 5434 1445 5506 quibus
1503 5435 1752 5502 cogitatis
1812 5436 2006 5506 ιιιιΙΙιιε

423 5501 602 5573 hodie
617 5503 817 5573 modus
843 5499 944 5555 est.
984 5499 1191 5571 Spanh.
1227 5499 1415 5573 Geogr.
1439 5499 1610 5556 sacra:
1636 5516 1682 5558 et
1713 5505 2002 5559 ecclesiast.

422 5587 545 5642 pag.
577 5571 662 5631 65.
683 5570 944 5642 iOperum
971 5570 1104 5626 tom.
1133 5573 1174 5625 l.

496 5641 617 5712 (14)
679 5641 1038 5713 Praeterihas
1090 5643 1253 5713 urbes
1280 5643 1333 5696 in
1377 5643 1542 5706 Lydia
1571 5659 1735 5713 porro
1764 5645 2006 5700 celebres

425 5709 656 5782 [uerunt
679 5710 1075 5781 Philadelphia,
1107 5712 1364 5782 Tripolis,
1386 5709 1617 5778 Tralles,
1645 5713 1915 5781 Magnesia
1940 5717 2007 5770 ad

427 5777 672 5853 Sipylum
719 5777 982 5853 montem,
1013 5793 1065 5836 ct
1106 5777 1218 5853 alia
1248 5777 1518 5853 Magnesia
1550 5777 1613 5837 ad
1652 5777 2003 5848 lll;e;unlrum,

404 5859 408 5861 ’
442 5849 703 5922 Hypmpa,
755 5849 1151 5908 llicrocaesarea
1203 5849 1571 5925 Leucophrys,
1607 5853 1769 5926 Nysa,
1808 5853 2003 5910 Τριιιρ..

2119 3341 2366 3464 ngtthylrm
2396 3348 2449 3463 3t
2478 3336 3008 3409 Aureliopolis.Cell.
3029 3336 3216 3408 Ceogr.
3256 3340 3420 3410 antiq.
3449 3354 3574 3410 pag.
3604 3341 3695 3406 5'0,

2119 3426 2148 3464 Θ
2190 3429 2202 3464 l
2236 3450 2249 3462 .
2323 3426 2392 3463 Oll
2437 3449 2450 3463 .

2236 3450 2249 3462 .
2279 3426 2450 3463 LOllG.

2117 3421 2539 3562 fdii'sifsiiibo
2556 3499 2580 3562 ξ
2621 3477 3066 3562 ’Υπέρκειταιρὲι
3089 3477 3197 3530 τῶν
3231 3479 3508 3562 Σάρδῳᾉ

2115 3549 2204 3613 λος
2254 3550 2526 3618 εὐδαίμων
2553 3549 2696 3613 ὅρος.
2738 3548 2925 3618 Geogr.
2962 3549 3058 3604 lib.
3085 3564 3207 3615 xm,
3245 3563 3368 3619 pag.
3395 3548 3518 3604 596.
3551 3548 3692 3605 Edit.

2117 3618 2287 3672 Basil.
2322 3619 2476 3672 1519.

2161 3635 2287 3672 3511.
2322 3635 2342 3671 1
2359 3635 2476 3672 ῧ-ἨΙ.

2188 3688 2299 3758 (16)
2333 3688 2477 3758 idem
2515 3689 2637 3742 loco
2667 3688 2855 3742 citato.

2186 3756 2298 3826 (17)
2334 3757 2705 3826 Epistolarum
2735 3758 2830 3812 lib.
2866 3773 2906 3823 1,
2937 3758 3097 3826 epist.
3116 3756 3220 3826 7H.

2186 3825 2699 3908 (18)(1Ἧι1ες1ηιιιο
2731 3829 2784 3882 in
2818 3844 2936 3908 rem.
2959 3825 3075 3882 Jac.
3099 3825 3474 3908 .Hasazindiss.
3513 3827 3590 3908 _de
3617 3829 3695 3884 in-

2153 3897 2354 3952 uiuatis
2391 3897 2764 3951 Sardiensium
2805 3897 3144 3953 vestimentis
3176 3899 3242 3951 ad
3273 3897 3689 3957 illustrationeltt

2115 3966 2437 4036 ApocalJn,
2457 3969 2508 4030 4,
2539 3982 2658 4037 quae
2692 3968 2746 4022 in
2779 3967 3105 4022 Bibliotheca
3136 3966 3402 4021 Bremensi
3429 3977 3574 4022 tonio
3601 3969 3688 4031 lll,

2115 4038 2249 4092 fasc.
2290 4053 2347 4098 ιι,
2380 4053 2435 4090 ιι.
2469 4039 2524 4098 4,
2567 4053 2690 4106 pag.
2726 4055 2801 4092 nt.
2832 4039 2970 4102 ‘255,
3001 4045 3198 4103 exstat,
3226 4047 3280 4092 et
3326 4038 3528 4096 Christ.
3577 4039 3690 4094 Bicl

2112 4109 2247 4166 diss.
2282 4107 2352 4178 ρο
2379 4107 2620 4178 Purpura
2649 4107 2820 4177 Lydia
2847 4110 2916 4167 ad
2943 4109 3065 4164 Act.
3093 4123 3201 4169 XVI,
3229 4108 3315 4174 M,
3339 4107 3482 4162 Bibl.
3510 4108 3686 4164 Brem.

2115 4189 2247 4234 tom.
2281 4176 2630 4248 l|,¥fase._m,
2661 4176 2716 4248 ni.
2748 4179 2802 4239 2,
2837 4195 2889 4248 p.
2932 4180 3056 4232 551.

2185 4249 2296 4318 (19)
2353 4245 2428 4300 Ex
2489 4250 2608 4317 ejus
2653 4245 2880 4303 Hercule
2932 4248 3207 4304 Socratico
3251 4249 3393 4318 apud
3425 4247 3684 4315 Nonium,

2115 4315 2306 4389 Ha'safo
2338 4315 2561 4389 citante,
2588 4318 2755 4389 Adicta
2789 4321 2921 4373 diss.
2951 4335 3070 4389 pag.
3102 4317 3226 4372 505.

2185 4388 2299 4456 (20)
2334 4386 2678 4458 geographia:
2724 4389 2818 4443 lib.
2851 4386 3080 4458 mfcap.
3109 4389 3195 4443 11.

2190 4455 2302 4539 (21)
2337 4455 2582 4539 iitroque
2613 4475 2748 4539 usus
2778 4461 2877 4539 fuit
2899 4455 3108 4524 Cicero,
3138 4461 3307 4539 priori
3338 4462 3556 4539 quidem
3577 4461 3684 4539 lib.

2116 4543 2192 4599 vn
2250 4527 2609 4599 Epistolarum
2654 4531 2736 4599 ad;
2777 4530 3025 4593 diuersos,
3069 4527 3153 4599 cp:
3198 4532 3290 4598 24,
3339 4527 3406 4585 ad
3461 4532 3686 4587 Fabium

2119 4596 2333 4653 Gallum
2373 4617 2386 4652 :
2428 4617 2446 4648 ι
2494 4597 2671 4652 Habes
2713 4597 2913 4653 Sardes
2956 4596 3174 4653 venales
3222 4596 3388 4656 alium
3438 4603 3545 4656 alio
3591 4619 3688 4656 ne-

2117 4669 2397 4738 quiorem;
2438 4687 2456 4719 ι
2495 4670 2669 4721 altero
2727 4678 2904 4722 autem
2965 4668 3330 4738 Epistolarum
3383 4672 3474 4724 lib.
3527 4674 3680 4726 citat.

2109 4755 2196 4806 ep.
2229 4738 2318 4803 55,
2361 4739 2426 4791 ad
2480 4739 2730 4791 eumdem
2770 4740 2914 4794 hunc
2961 4740 3012 4790 in
3060 4743 3281 4793 modum
3328 4757 3341 4791 :
3394 4759 3414 4792 ι
3471 4742 3683 4796 Videris

2108 4808 2255 4861 enim
2307 4807 2440 4860 mihi
2477 4808 2671 4871 vereri,
2699 4823 2766 4861 ne
2797 4809 2899 4861 nisi
2935 4809 3087 4876 illum
3139 4811 3470 4876 caverimus,
3504 4811 3683 4864 ridea-

2110 4893 2235 4931 mus
2283 4877 2494 4945 γέλωτα
2520 4876 2902 4958 ξαρδῴγιον.ᾐ›
2957 4875 3088 4931 Vide
3124 4878 3430 4958 Ll_0ydi‘u.t_n“
3461 4882 3514 4958 in
3547 4880 3678 4936 Lex.

2108 4963 2282 5017 geogr.
2336 4962 2469 5028 voce
2513 4945 2798 5028 Sardinia,
2839 4945 3140 5028 .Erasmum
3178 4945 3240 5001 in'
3288 4949 3555 5013 Chiliad.,
3628 4961 3683 5006 et

2109 5015 2609 5089 Avrel.f_VIc‘torem,
2629 5017 2704 5068 De
2750 5016 3217 5089 cirisillustribus
3245 5033 3361 5086 cap.
3416 5018 3502 5082 57,
3555 5035 3678 5089 pag.

2111 5089 2233 5152 198,
2254 5087 2381 5140 edit.
2410 5085 2622 5140 Batava:
2649 5101 2770 5155 qua:
2812 5085 2970 5150 1696,
2997 5085 3276 5157 Ultrajecti
3307 5085 3458 5142 Sam.
3492 5085 3678 5145 Piiisci

2109 5173 2388 5235 curacum
2428 5158 2707 5235 variorum
2737 5158 3085 5235 not._prtnli_it
3121 5159 3256 5212 ill-8.

2181 5227 2292 5297 (2‘2)
2334 5226 2398 5279 In
2444 5225 2649 5297 Septem
2674 5227 2815 5280 Asia:
2849 5225 3208 5281 Ecclesiarum
3229 5239 3277 5282 et
3302 5228 3675 5284 Constantino—

2108 5295 2281 5370 poleos
2311 5298 2520 5359 notitia,
2539 5295 2770 5364 Trajecti
2803 5297 2868 5349 ad
2891 5297 3064 5351 Rhen.
3096 5299 3254 5364 1694,
3275 5300 3327 5352 in
3353 5301 3408 5365 8,
3436 5317 3554 5370 pag.
3583 5300 3674 5354 ‘27.

2110 5367 2173 5421 Et
2226 5377 2359 5441 ante
2406 5382 2530 5420 eum
2580 5376 2826 5441 exactam
2877 5383 3095 5441 quoque
3144 5370 3336 5441 barum
3392 5367 3673 5441 régiimum

2109 5438 2524 5510 descriptionem
2576 5437 2724 5489 dedit
2767 5435 2919 5510 Paul.
2947 5436 3143 5491 Ricaut
3193 5435 3673 5510 Esq.rAn'gl0rum

2111 5508 2248 5576 apud
2287 5507 2665 5579 Smyrnenses
2721 5522 2814 5579 per
2868 5508 3086 5579 longum
3126 5509 3385 5576 temporis
3435 5507 3672 5579 spatium

2109 5577 2300 5649 consul
2348 5579 2399 5649 in
2453 5577 2591 5628 libro
2642 5576 2863 5649 Anglico
2891 5595 2903 5630 :
2927 5577 3045 5649 The
3077 5589 3280 5646 present
3317 5576 3558 5649 state-of
3588 5582 3673 5632 tlte

2112 5646 2272 5700 Creek
2295 5647 2399 5698 and
2426 5649 2712 5700 Armenian
2740 5646 3024 5713 Churches,
3056 5652 3261 5701 written
3308 5660 3362 5702 at
3404 5651 3487 5702 the
3523 5646 3671 5702 cum-

2110 5717 2268 5789 mund
2296 5719 2357 5786 of
2382 5717 2462 5768 his
2488 5715 2930 5789 Maiesty,j‘Lond.
2983 5719 3138 5781 1679,
3159 5724 3289 5785 ιιι-8,
3315 5724 3421 5778 452
3446 5721 3670 5789 paginas

2112 5788 2360 5855 ἱιιψΙιιιιε,
2409 5803 2518 5856 quo
2562 5789 2701 5840 libro
2731 5786 2832 5840 Th.
2869 5787 3114 5842 Smitltus
3153 5791 3295 5852 haud
3325 5786 3670 5846 mediocriter

2111 5872 2326 5928 quoque
2378 5874 2507 5913 usus
2551 5857 2718 5913 fuisse
2747 5860 2876 5912 mihi
2903 5860 3131 5913 videtur.
3169 5858 3495 5917 Hodiernum
3539 5860 3669 5914 Sat»
