4130 6418
410 451 547 508 H77
1354 447 1659 507 NOTITIA.
1703 480 1771 491 -——
1806 449 1850 503 I.
1892 448 1969 502 DE

2073 446 2184 502 l'l'A
2225 440 2284 503 S.
2324 436 2716 503 MELITGNIS.
3528 444 3667 501 H78

407 574 521 629 sedi
550 572 770 628 cuidam
793 587 1027 643 magnae,
1064 572 1244 643 qualis
1286 572 1557 629 Sardiana
1586 584 1724 642 erat,
1758 576 1928 629 totius
1954 573 2137 647 Lydia:
2168 573 2508 645 metr0polis,
2548 580 2897 643 praeponatur
2943 569 3078 639 (29).
3113 566 3256 640 Ergo
3294 584 3439 623 anno
3462 567 3667 623 Christi

407 665 478 720 95
523 664 708 720 Melito
746 665 1137 734 sexagenarius
1164 666 1382 721 circiter
1404 666 1631 737 jamjam
1662 668 1999 733 exstitisset;
2031 681 2174 721 anno
2206 674 2388 720 autem
2416 665 2694 735 sequentis
2732 662 2914 717 saeculi
2934 660 3334 732 septuagesimo
3366 659 3543 729 primo
3573 667 3669 713 aut

404 755 646 810 secundo
675 755 983 827 apologiam
1019 754 1088 809 Μ.
1142 757 1361 812 Aurelio
1400 759 1716 828 imperatori
1765 758 2005 813 tradidit.
2044 756 2188 828 Ergo
2228 758 2589 829 quadraginta
2631 764 2687 809 et
2728 764 2947 809 centum
2985 752 3203 807 circiter
3237 767 3410 804 annos
3435 750 3668 803 vivendo

404 848 695 918 attigisset,
720 849 877 919 cujus
904 865 1031 905 cum
1064 850 1191 905 talis
1222 859 1355 907 aetas
1387 867 1419 905 a
1452 852 1603 907 nullo
1635 852 1965 923 scriptorum
1995 861 2347 925 agnoscatur,
2373 853 2568 909 merito
2606 865 2826 922 quoque
2849 848 3183 913 dubitamus,
3208 844 3582 901 eum’Joannis
3611 844 3664 897 in

403 941 595 996 Patmo
632 942 934 999 exsulantis
976 952 1242 1015 tempore,
1283 942 1538 999 Sardium
1584 943 1759 1001 fuisse
1801 946 2142 1017 episcopum.
2176 944 2350 1000 Porro
2380 945 2514 1001 viris
2551 943 2871 1014 apostolicis
2904 958 2999 999 seu
3033 940 3302 1011 ejusmodi
3327 938 3482 1001 viris,
3524 952 3668 1005 quos

399 1032 633 1102 apostoli
664 1034 1066 1100 instruxerunt,
1099 1051 1129 1090 a
1163 1034 1381 1091 nemine
1405 1037 1821 1100 adnumeratur,
1855 1037 2003 1107 quod
2048 1047 2195 1093 certe
2232 1037 2451 1093 silentio
2488 1052 2597 1091 non
2640 1034 3069 1107 praeterivissent
3111 1041 3321 1087 veteres
3350 1029 3664 1098 scriptores,

398 1133 588 1194 utpote
619 1125 715 1194 qui
750 1126 1148 1182 studiosissime
1176 1127 1280 1182 hoc
1308 1136 1555 1197 egerunt,
1581 1137 1640 1182 ut
1663 1129 1863 1197 quibus
1895 1129 1986 1183 hic
2014 1129 2189 1182 honor
2217 1127 2521 1195 obtigisset,
2545 1126 2921 1197 posteritatem
2961 1142 3069 1181 non
3096 1125 3309 1187 lateret,
3341 1123 3451 1174 imo
3482 1119 3669 1189 potius

395 1216 602 1271 Irenaao
622 1217 854 1287 aliisque
870 1216 981 1288 (50)
997 1233 1119 1272 cum
1138 1228 1487 1289 postponunt,
1508 1236 1667 1289 quem
1687 1222 1850 1289 ἐγγὺς
1866 1219 1969 1273 τῶν

2073 1218 2299 1272 οστόλων
2315 1218 2623 1290 γενόμενον,
2648 1238 2667 1270 ι
2692 1234 2799 1273 ιιοιι
2819 1218 2975 1287 longe
2992 1233 3021 1271 a
3040 1215 3373 1285 temporibus
3388 1212 3670 1282 apostolo-

395 1321 519 1361 rum
536 1308 848 1374 distantem,
862 1321 1156 1366 ivocarunt
1173 1313 1307 1379 (51).
1325 1311 1564 1367 Tandem
1580 1328 1798 1383 quoque
1815 1314 1929 1383 ipsa
1947 1314 2107 1369 verba
2126 1313 2234 1367 scio
2251 1329 2409 1381 opera
2435 1321 2549 1377 tua,
2571 1313 2699 1381 quia
2726 1327 2911 1365 nomen
2936 1310 3092 1363 habes
3109 1306 3247 1379 quod
3271 1308 3432 1371 vivas,
3451 1314 3500 1360 et
3520 1320 3631 1356 mor
3644 1332 3664 1345 -

398 1403 521 1454 tuus
553 1417 628 1465 es,
662 1402 716 1455 in
744 1402 1053 1457 Melitenem
1085 1404 1311 1459 minime
1339 1405 1631 1474 quadrant,
1678 1406 1763 1460 his
1790 1405 1935 1459 enim
1967 1404 2198 1459 indicari
2227 1405 2445 1460 videtur
2476 1405 2627 1460 illius
2654 1405 2915 1475 episcopi,
2945 1402 3199 1474 quisquis
3252 1401 3437 1462 fuerit,
3470 1399 3667 1453 miser.

394 1491 571 1547 rimus
602 1504 777 1550 status
802 1503 855 1550 et
885 1495 1088 1550 exitiali
1129 1511 1390 1566 oppressa
1429 1507 1651 1567 peccato
1683 1497 2044 1563 conscientia;
2073 1497 2141 1553 de
2181 1497 2434 1553 Melitone
2464 1504 2645 1553 autem
2688 1512 2852 1567 supra
2883 1495 3214 1559 audivimus,
3251 1501 3513 1563 quantum
3557 1490 3666 1545 vir-

392 1583 602 1639 tutibus
632 1595 686 1641 et
712 1586 836 1642 vitae
866 1587 975 1643 Deo
999 1600 1233 1658 acceptae
1261 1588 1550 1644 vacaverit.
1590 1587 1707 1645 Hoc
1741 1589 1925 1659 itaque
1964 1590 2119 1645 triste
2145 1590 2431 1645 oraculum
2465 1590 2718 1645 evincere
2749 1597 2950 1658 potest,
2984 1588 3115 1642 illud
3145 1586 3212 1641 de
3247 1585 3376 1651 alio,
3407 1598 3570 1655 quam
3598 1581 3667 1637 de

391 1686 583 1734 nostro
614 1680 783 1737 fuisse
810 1683 1206 1753 conscriptum.

1368 1795 1395 1868 δ
1424 1794 1539 1850 XV.
1564 1794 1640 1849 De
1664 1812 1864 1850 canone
1899 1794 1965 1849 V.
2002 1794 2064 1851 T.
2094 1812 2127 1849 a
2159 1794 2409 1850 Melitone
2433 1804 2704 1852 enarrata.

458 1908 559 1963 Ast
584 1906 773 1964 relicta
800 1909 901 1965 hac
924 1910 1320 1974 controversia,
1342 1910 1532 1979 paucis
1561 1910 1739 1965 adhuc
1767 1910 2070 1975 videamus,
2094 1923 2258 1977 quam
2282 1906 2497 1978 egregie
2515 1907 2754 1977 episcopi
2784 1907 2888 1963 sibi
2918 1906 3235 1964 mandatum
3260 1922 3462 1961 munus
3484 1919 3669 1976 gesse-

386 2002 481 2066 rit,
509 2010 564 2056 et
590 2018 753 2072 quam
786 2003 1014 2058 miriﬁce
1041 2018 1143 2059 suo
1170 2003 1425 2073 praesidio
1460 2003 1744 2059 Sardiana:
1777 2018 1885 2057 non
1910 2012 2142 2068 tantum,
2176 1999 2273 2056 sed
2301 2008 2356 2054 et
2385 2000 2654 2055 universas
2695 1998 2951 2055 Ecclesia:
2993 2001 3280 2057 commoda
3302 1998 3663 2068 promoverit.

387 2091 541 2150 Haud
574 2096 826 2152 ultimum
860 2098 1007 2151 verbi
1041 2098 1210 2153 divini
1238 2098 1720 2163 administratoris,
1744 2106 1797 2151 et
1821 2095 2060 2167 episcopi
2088 2093 2360 2166 inprimis,
2389 2092 2622 2148 cilicium
2639 2102 2742 2159 est,
2770 2095 2913 2149 sacri
2942 2094 3169 2150 canonis
3196 2092 3667 2169 accuratissimam

383 2203 573 2244 curam
606 2192 831 2259 habere,
859 2193 1009 2255 θείας
1037 2194 1366 2265 παραδόσεις
1398 2193 1649 2261 κατέχειν
1678 2192 1725 2257 ⁸,
1771 2200 1823 2243 et
1864 2188 1969 2244 divi

2073 2205 2081 2241 ι
2110 2188 2163 2241 iu
2199 2201 2360 2242 sacro
2393 2200 2604 2241 canone
2638 2194 2924 2242 contentos
2949 2187 3119 2241 libros
3154 2187 3227 2240 ita
3251 2186 3563 2251 custodire,
3608 2195 3669 2243 ut

382 2300 565 2358 neque
606 2290 838 2345 addatur
867 2304 1044 2367 neque
1072 2289 1392 2343 detrahatur
1423 2287 1649 2353 aliquid.
1675 2285 1793 2343 Iloc
1818 2285 1939 2341 istis
1964 2281 2315 2353 potissimum
2352 2280 2711 2351 temporibus,
2738 2279 2942 2350 quibus
2972 2278 3432 2349 interpolationis,
3465 2292 3665 2347 suppo-

383 2380 604 2437 sitionis
630 2392 679 2437 et
713 2382 1131 2438 adulterationis
1175 2380 1441 2435 librorum
1473 2395 1757 2435 sacrorum
1803 2377 1986 2431 nullus
2009 2374 2121 2429 fere
2158 2373 2283 2429 linis
2306 2373 2423 2438 fuit,
2458 2372 2695 2427 maxime
2730 2382 2849 2426 erat
2879 2373 3271 2426 necessarium.
3316 2368 3454 2423 lluic
3483 2370 3669 2438 itaque

382 2468 559 2531 cilicio
591 2487 691 2527 nec
714 2487 772 2527 se
797 2472 1059 2527 subduxit
1080 2472 1264 2528 Melite
1287 2482 1496 2536 noster,
1528 2470 1623 2526 sed
1652 2468 1929 2540 prolectus
1957 2473 2042 2521 est
2068 2466 2123 2519 in
2150 2464 2449 2531 Orientem,
2474 2472 2529 2519 et
2557 2463 2624 2518 ad
2654 2464 2831 2517 locum
2867 2464 3042 2531 ipsum
3065 2462 3167 2517 iter
3196 2462 3451 2525 instituit,
3481 2460 3534 2514 in
3553 2475 3666 2530 quo

380 2583 506 2638 qua:
536 2568 591 2621 in
622 2564 923 2635 Scripturis
962 2575 1277 2631 narrantur,
1310 2577 1460 2637 gesta
1491 2563 1622 2619 olim
1651 2562 1894 2628 fuerunt,
1934 2568 1998 2615 ut
2025 2558 2236 2614 Veteris
2265 2557 2602 2614 Testamenti
2638 2558 2811 2613 libros
2849 2557 3137 2627 diligenter
3174 2557 3491 2626 comperiar,
3523 2572 3667 2626 quo-

383 2676 505 2717 rum
534 2660 697 2715 etiam
744 2654 1069 2727 sequentem
1102 2658 1169 2713 ad
1201 2658 1522 2713 Onesimum
1553 2655 1799 2722 fratrem,
1839 2670 2003 2725 quem
2035 2650 2801 2722 OnesipborumNicephorus
2833 2651 2947 2721 (52)
2977 2661 3154 2716 vocat,
3188 2652 3494 2707 transmisit
3522 2652 3661 2706 indic

382 2768 525 2814 cem,
560 2762 717 2821 prout
742 2749 1011 2805 Eusebius
1031 2766 1095 2805 ex
1120 2750 1389 2820 prommio
1410 2750 1535 2804 libri
1555 2747 1839 2816 cujusdam
1864 2744 2136 2800 Melitonis
2153 2760 2315 2814 quem
2349 2742 2616 2812 Excerpta
2634 2742 2932 2811 inscripsit,
2952 2741 3203 2796 eumdem
3235 2742 3484 2796 recitavit
3511 2743 3624 2812 (55)
3647 2762 3662 2801 :

390 2862 412 2894 ι
446 2844 649 2915 Moysis
677 2843 799 2897 libri
826 2859 894 2896 v:
926 2841 1175 2908 Genesis,
1206 2842 1447 2910 Exodus,
1481 2841 1779 2906 Leviticus,
1822 2838 2067 2905 Numeri,
2106 2836 2627 2901 Deuteronomium;
2685 2833 2844 2890 Jesus
2885 2833 3052 2901 Nave,
3074 2834 3315 2902 Iudices,
3354 2834 3524 2901 Ruth,
3557 2835 3667 2895 Re.-

388 2955 516 3008 gum
565 2941 690 2995 libri
743 2958 815 3005 ιν,
862 2938 1318 3011 Paralipomenon
1369 2939 1501 3005 duo,
1534 2937 1741 2994 Psalmi
1769 2935 2018 3000 Davidis;
2046 2933 2359 2988 Salomonis
2382 2928 2699 2996 Proverbia,
2723 2945 2846 3000 qum
2875 2938 2929 2983 et
2954 2928 3255 3000 Sapientia,
3282 2929 3661 3001 Ecclesiastes,

384 3029 671 3087 Canticum
688 3030 1185 3097 canticorum,Job,
1201 3030 1621 3103 Prophetarum.
1656 3045 1852 3102 nempe
1868 3028 2041 3095 Isaiae,
2059 3024 2329 3091 Jeremite,
2358 3031 2413 3078 et
2435 3021 2722 3078 duodecim
2752 3019 3167 3092 prophetarum,
3200 3022 3334 3078 liber
3364 3038 3523 3080 unus.
3562 3020 3665 3076 Da-

385 3120 514 3185 niel,
552 3122 826 3189 Ezechiel,
861 3122 1085 3179 Esdras.
1122 3142 1140 3175 ι

455 3279 477 3310 ⁵
501 3278 520 3330 1
543 3274 671 3337 Cor.
702 3275 867 3341 xuﬂ;
897 3276 943 3329 Il
979 3273 1175 3331 Thess.
1204 3292 1266 3342 ιι,
1295 3278 1391 3346 15;
1422 3296 1505 3346 ιιι,
1532 3279 1600 3349 6;
1622 3279 1745 3339 Gal.
1773 3296 1813 3349 ι,
1840 3281 1925 3337 14.

368 3421 494 3485 νῐιῐε,
526 3438 634 3477 non
669 3422 787 3477 sine
817 3419 1173 3495 fundamento
1210 3425 1507 3495 excipiant,
1550 3432 1729 3495 tamen
1771 3440 1972 3495 negare

381 3508 491 3546 non
516 3502 765 3561 possunt,
790 3493 1070 3547 continere
1100 3494 1319 3548 easdem
1340 3493 1589 3548 veterum
1622 3493 1973 3549 Constitutio-

382 3577 507 3614 num
530 3574 583 3615 et
602 3561 906 3626 Διατάξεων
930 3563 1305 3617 ἀποστολικῶν
1333 3564 1554 3626 rudera,
1586 3566 1771 3617 multis
1804 3566 1975 3619 inter-

419 3632 747 3687 olationibus
784 3634 853 3686 ab
897 3633 1099 3687 Ariano
1130 3633 1269 3688 forte
1313 3635 1612 3702 impostore
1641 3636 1970 3689 intermista.

433 3702 575 3757 ullus
600 3703 790 3773 itaque
818 3702 1032 3773 dubito,
1058 3704 1198 3758 hanc
1226 3703 1681 3761 Constitutionum
1707 3705 1877 3773 legem
1904 3706 1974 3759 ab

379 3772 642 3844 apostolis
669 3772 802 3840 ipsis
824 3772 989 3844 latam
1024 3783 1078 3828 et
1105 3783 1349 3842 tempore
1378 3776 1504 3838 isto,
1538 3789 1649 3844 quo
1677 3772 1862 3829 Melite
1892 3776 1975 3829 vi-

380 3843 479 3907 xit,
511 3842 859 3897 observatam
902 3842 1073 3897 fuisse
1120 3844 1375 3908 credere;
1419 3842 1844 3907 cum‘Arianus,
1879 3855 1975 3898 ant

377 3913 688 3981 cuicunque
732 3921 895 3967 sectae
944 3914 1195 3967 addictus
1245 3914 1407 3975 alius,
1457 3914 1664 3968 nullam
1716 3914 1976 3971 habuerit

376 3997 603 4054 causam
646 3982 925 4054 adulteras
968 3999 1165 4038 manus
1209 3983 1337 4039 huic
1366 3986 1489 4040 loco
1531 3984 1752 4048 inferre,
1784 3991 1976 4054 utpote

375 4052 585 4125 nullius
615 4053 999 4125 cujuscunque
1031 4054 1252 4125 demum
1286 4055 1568 4125 sententiae
1598 4052 1975 4125 erroneae'pa-

374 4121 670 4194 trocinium
692 4124 747 4175 in
779 4138 844 4176 eo
867 4121 1112 4194 invenire
1134 4132 1366 4193 poterat.
1402 4123 1684 4178 Wistonus
1706 4121 1972 4194 singulari

374 4192 542 4259 libro,
586 4208 757 4265 quem
779 4209 851 4246 an
886 4192 1060 4263 Essay
1097 4192 1165 4246 on
1196 4195 1279 4247 the
1323 4194 1650 4265 Apostolical
1694 4192 1972 4249 Constitu-

375 4265 539 4327 tions,
570 4263 796 4334 wherein
841 4264 887 4317 is
921 4265 1138 4334 proved,
1174 4265 1288 4317 that
1317 4263 1433 4334 they
1474 4282 1563 4319 are
1602 4264 1708 4334 the
1722 4275 1859 4319 most
1881 4283 1972 4320 sa-

373 4336 496 4387 cred
530 4333 593 4402 of
627 4334 710 4387 the
742 4333 1019 4387 canonical
1061 4334 1232 4387 Books
1282 4335 1343 4401 of
1372 4332 1456 4389 the
1488 4334 1618 4388 New
1668 4332 1972 4390 Testament

374 4403 679 4471 inscripsit,
707 4413 761 4458 et
792 4405 883 4473 qui
918 4412 1127 4459 tomum
1167 4404 1236 4457 ill
1273 4404 1671 4460 Christianismi
1710 4406 1970 4472 primitivi

371 4473 617 4539 conﬁcit,
649 4474 717 4528 de
744 4474 812 4529 iis
842 4475 972 4546 egit,
997 4489 1200 4546 easque
1226 4490 1334 4530 non
1363 4476 1970 4546 modoggenuinasgsed

372 4551 432 4615 et
459 4546 754 4600 canonicas
806 4545 1066 4605 maxime,
1112 4545 1169 4600 et
1209 4547 1397 4600 eadem
1437 4545 1643 4611 divina,
1687 4561 1798 4615 qua
1831 4545 1969 4603 Novi

373 4610 713 4695 testamenti
766 4615 970 4695 scripta
1013 4616 1347 4695 Geometras-av.
1394 4610 1970 4695 auctori-laterinstru-

371 4690 495 4740 ctas
516 4698 640 4740 esse
667 4685 938 4754 probavit,
958 4695 1012 4739 et
1039 4687 1113 4741 ita
1136 4686 1356 4756 quidem
1391 4686 1660 4756 probavit,
1693 4694 1757 4741 ut

944 4794 960 4808 .
982 4795 995 4809 .
1016 4799 1031 4812 .
1049 4796 1063 4810 .
1082 4794 1097 4809 .
1118 4797 1130 4809 .
1150 4754 1167 4811 ζ
1184 4754 1243 4810 Si
1274 4754 1538 4827 Pergama
1566 4756 1758 4810 dextra

521 4822 745 4893 Defendi
769 4828 1192 4896 possenttetiam
1222 4830 1321 4893 hac
1351 4822 1566 4896 defensa
1600 4827 1846 4894 fuissent.

1019 4894 1177 4952 Vino.
1204 4894 1427 4951 xEneid.
1455 4913 1517 4963 ιι,
1539 4896 1666 4964 ‘290,
1697 4897 1823 4953 291.

371 4964 604 5023 Clariss.
633 4973 688 5020 et
729 4965 993 5034 praecocis
1024 4967 1227 5036 ingenii
1271 4966 1608 5028 Baraterius,
1639 4968 1802 5037 cujus
1828 4983 1968 5037 prte-

370 5046 651 5092 maturam
701 5046 934 5090 mortem
975 5038 1127 5091 orbis
1169 5037 1439 5092 litteratus
1470 5038 1665 5092 merito
1712 5038 1881 5105 dolet,
1911 5039 1965 5092 in

370 5108 520 5162 binis
551 5107 629 5175 de,
652 5105 1133 5161 Constitutiouibus
1167 5110 1475 5176 apostolicis
1513 5107 1969 5164 elaboratissimis

370 5176 855 5233 dissertationibus
895 5193 1085 5230 earum
1142 5193 1250 5231 non
1300 5181 1463 5233 modo
1509 5178 1879 5233 sinceritatem
1917 5188 1973 5233 et

371 5248 760 5316 antiquitatem
793 5247 859 5301 ad
893 5245 1115 5301 Eusebii
1167 5264 1342 5317 usque
1374 5256 1619 5317 tempora
1665 5249 1853 5303 multis
1882 5264 1971 5317 ra-

372 5318 618 5375 tionibus
647 5318 904 5382 asseruit,
952 5317 1046 5372 sed
1074 5328 1129 5383 et
1179 5316 1495 5372 earumdem
1526 5327 1739 5373 aetatem
1768 5320 1836 5373 ad
1864 5316 1969 5373 sa:-

373 5388 484 5459 culi
510 5405 547 5459 ιι
572 5391 751 5459 prima
783 5387 936 5441 initia
987 5389 1190 5459 retulit.
1233 5387 1341 5442 Has
1384 5389 1800 5459 dissertationes
1832 5390 1967 5443 sub-

369 5457 696 5529 junxitsum
723 5458 1099 5528 οἱδιιυὶδὶιὶοηὶ
1124 5458 1519 5528 Chronologij
1548 5457 1610 5509 de
1639 5458 1966 5529 successione

371 5527 753 5598 antiquissima
781 5527 1147 5599 episcoporum
1178 5529 1538 5599 Romanorum
1569 5530 1690 5582 inde
1731 5546 1763 5581 a
1802 5527 1963 5584 Petro

368 5615 536 5668 usque
570 5601 639 5653 ad
679 5598 967 5665 Victorem,
989 5616 1111 5669 quas
1159 5598 1438 5667 Ultrajeeti
1478 5598 1637 5664 1740,
1678 5600 1733 5653 in
1762 5608 1962 5667 quarto

369 5668 594 5740 prodiit.
628 5669 696 5724 Et
725 5670 843 5725 istae
885 5668 1123 5725 Wistoni
1167 5671 1488 5739 applausum
1530 5672 1666 5725 adeo
1698 5671 1959 5740 tulerunt,

371 5738 550 5794 ineas
574 5757 681 5810 non
706 5742 868 5794 modo
903 5741 957 5794 in
988 5738 1613 5810 linguanJAnglicanam
1654 5738 1962 5796 transfusas

373 5810 557 5865 denuo
571 5809 804 5869 Londini
828 5809 1082 5875 ediderit,
1106 5812 1201 5865 sed
1227 5820 1281 5865 et
1308 5809 1369 5865 ut
1387 5809 1726 5865 Baratcrium
1753 5825 1957 5879 praece-

380 5890 591 5947 ptorem
631 5896 792 5937 suum
817 5896 1010 5936 vocare
1038 5881 1282 5953 mihique
1316 5883 1438 5951 plus
1472 5881 1703 5953 simplici
1730 5880 1846 5937 vice
1874 5880 1955 5936 la-

2079 3426 2182 3479 teri
2220 3426 2368 3481 haud
2408 3428 2710 3493 erubuerit,
2741 3442 2801 3484 se
2827 3428 2998 3484 multa
3029 3444 3095 3484 ex
3142 3426 3247 3483 hoc
3282 3427 3487 3497 scripto
3521 3432 3658 3488 edo.—

2078 3497 2454 3580 ctumufuisse,
2494 3514 2617 3567 quae
2649 3507 2807 3580 antea
2832 3500 3152 3580 ignorasset
3188 3498 3321 3580 ipse:
3367 3498 3481 3580 [mo
3512 3516 3667 3580 pron-

2077 3580 2173 3620 sus
2201 3566 2304 3636 sibi
2336 3566 2659 3636 persuasum
2692 3566 2947 3633 habebat,
2980 3566 3261 3622 Baraterio
3288 3567 3355 3622 de
3382 3566 3661 3628 Constitu-

2078 3635 2308 3691 tionibus
2338 3635 2509 3710 hisce
2539 3640 2788 3693 eamdem
2838 3655 2902 3710 ac
2932 3640 3034 3710 sibi
3065 3638 3273 3693 sedisse
3322 3639 3659 3710 opinionem,

2075 3707 2498 3778 eumquejllam
2540 3711 2720 3777 palam
2765 3708 3007 3778 proﬁteri
3058 3717 3269 3763 tantum
3320 3722 3427 3760 non
3461 3707 3669 3769 ausum

2076 3774 2267 3832 fuisse.
2298 3775 2425 3833 Haec
2446 3774 2638 3851 salt—em
2664 3774 2789 3851 eum
2808 3778 2874 3851 _in
2899 3780 3064 3851 tinem
3088 3778 3234 3851 _dicta
3258 3787 3440 3851 sunto,
3474 3791 3535 3834 ut
3562 3798 3659 3851 pa-

2078 3854 2207 3911 teat,
2234 3862 2321 3901 me
2347 3864 2456 3902 non
2488 3848 2715 3904 omnino
2754 3848 2946 3903 frivole
2976 3847 3041 3902 ad
3086 3847 3470 3916 interpolatum
3499 3847 3662 3907 czete-

2074 3917 2270 3991 roquin
2285 3918 2636 3991 antiquitatis
2654 3919 2917 3991 scriptum
2947 3932 3293 3987 provocasse,
3311 3926 3500 3991 utpote
3514 3924 3659 3991 quod

2074 3987 2302 4055 genuini
2349 3988 2469 4042 auri
2514 4004 2625 4044 non
2675 3989 2839 4043 modo
2878 3996 3126 4043 ramenta
3178 3988 3439 4054 continet,
3487 3987 3580 4047 sed
3606 4003 3663 4048 et

2073 4057 2242 4125 quod,
2273 4058 2321 4112 si
2362 4058 2529 4127 etiam
2576 4066 2750 4114 totum
2781 4074 2921 4127 Opus
2963 4057 3371 4127 supposititium
3415 4060 3507 4123 sit,
3556 4064 3666 4118 sub

2074 4125 2700 4200 saeculisecundiinitia
2726 4125 2957 4200 jamjam
2984 4125 3282 4193 exstitisse,
3316 4130 3659 4187 eruditorum

2072 4198 2325 4253 nonnulli
2357 4199 2730 4253 crediderunt.

2144 4268 2259 4340 (29)
2293 4268 2465 4323 Aliter
2494 4278 2675 4324 autem
2706 4268 2834 4340 ﬁeri
2852 4276 3087 4340 poterat,
3117 4266 3172 4321 in
3204 4281 3370 4340 parva
3394 4274 3657 4340 parnasia.

2071 4341 2150 4420 ita
2175 4338 2321 4420 enim
2341 4354 2510 4420 porro
2551 4340 2754 4420 eaedem
2796 4337 3214 4420 constitutiones
3255 4338 3290 4391 ι.
3329 4337 3657 4420 ε.]›ι·(ιιιιιιι-

2070 4409 2243 4463 tiant;
2281 4425 2300 4459 ι
2341 4408 2436 4463 Sin
2468 4424 2601 4464 vero
2638 4408 2693 4462 in
2733 4424 2900 4479 parva
2936 4408 3173 4479 quadam
3198 4408 3454 4479 paraecia
3501 4418 3662 4468 astate

2067 4486 2363 4559 provectus
2384 4493 2492 4559 non
2516 4478 2844 4559 reperiatur,
2870 4488 2925 4536 et
2943 4478 3015 4559 sit
3042 4478 3263 4559 aliquis,
3285 4494 3414 4559 cum
3432 4494 3541 4551 quo
3562 4485 3660 4554 qui

2069 4548 2270 4604 versati
2324 4558 2474 4613 sunt,
2531 4548 2908 4606 testimonium
2963 4548 3216 4619 dederint
3268 4548 3493 4619 dignum
3536 4548 3660 4609 esse

2073 4619 2169 4689 qui
2195 4620 2291 4674 ﬁat
2327 4620 2640 4690 episcopus,
2676 4622 2773 4689 qui
2800 4621 2856 4675 in
2887 4618 3256 4690 adolescentia
3299 4618 3583 4677 mansuete
3603 4633 3660 4681 et

2075 4688 2379 4757 composite
2415 4688 2648 4745 vivendo
2664 4688 2932 4756 ,’senilem
2962 4697 3176 4743 aetatem
3200 4688 3360 4757 plane
3382 4693 3656 4757 ostendat,

2074 4763 2122 4815 si
2147 4757 2337 4841 talium
2360 4759 2681 4841 testimonio
2694 4761 2979 4841 probatur,
2996 4758 3145 4841 quod
3172 4757 3225 4811 in
3250 4772 3383 4838 pace
3398 4762 3511 4829 liat,
3537 4773 3659 4841 esto

2075 4831 2385 4899 episeOpus.
2428 4848 2448 4880 ι
2482 4828 2810 4885 Recentiora
2852 4828 3089 4892 concilia
3122 4828 3179 4881 in
3213 4828 3472 4898 episcOpo
3498 4828 3656 4887 erdi-

2074 4901 2258 4955 nando
2297 4899 2543 4954 eamdem
2574 4901 2656 4954 vel
2684 4900 2752 4954 ad
2794 4900 3080 4954 minimum
3122 4899 3341 4967 triginta
3382 4915 3655 4962 annorum

2073 4977 2286 5040 aetatem
2316 4970 2621 5039 requirunt,
2662 4969 3010 5039 rationesque
3044 4968 3277 5040 reddunt
3315 4968 3475 5036 duas,
3505 4975 3654 5040 quod

2073 5040 2191 5109 ipse
2216 5038 2684 5110 Servatornoster
2710 5038 3048 5095 docerenon
3078 5039 3308 5110 coeperit
3335 5049 3464 5110 ante
3485 5038 3651 5110 quam

2073 5122 2237 5165 natus
2262 5119 2408 5165 esset
2430 5109 2648 5179 triginta
2672 5125 2867 5176 annos,
2887 5119 2941 5165 et
2978 5109 3124 5179 quod
3157 5110 3270 5179 haec
3296 5108 3399 5162 viri
3427 5108 3651 5179 perfecti

2067 5190 2202 5236 aetas
2230 5181 2323 5235 sit.
2351 5178 2521 5245 Conf.
2545 5179 2911 5250 Binghamum
2946 5178 3003 5233 in
3039 5178 3346 5247 Originibus
3387 5178 3525 5234 δάεν.
3552 5184 3649 5240 lib.

2070 5265 2130 5317 ll,
2156 5266 2276 5320 cap.
2304 5251 2390 5321 lt),
2414 5251 2523 5304 vol.
2550 5249 2590 5313 l,
2615 5249 2736 5321 pag.
2766 5251 2869 5305 142
2897 5267 2981 5320 sq.

2143 5320 2450 5392 (50)_Quos
2501 5320 2738 5392 supra__’§
2782 5322 2818 5376 ζ’)
2857 5321 3265 5376 nominavimus
3307 5338 3376 5377 ex
3424 5321 3647 5383 Hieron.

2075 5390 2247 5461 epist.
2268 5390 2369 5456 85;
2403 5391 2604 5444 Euseb.
2646 5390 2793 5447 Hist.
2824 5393 3009 5446 eccles.
3037 5392 3132 5446 lib.
3165 5408 3239 5460 IV,
3268 5408 3389 5455 cap.
3430 5393 3526 5460 l9;
3556 5392 3652 5449 Ni-

2069 5462 2310 5532 cephoro
2334 5462 2428 5515 lib.
2449 5477 2522 5525 ιν,
2552 5476 2674 5529 cap.
2707 5461 2759 5516 9.

2145 5527 2259 5603 (51)
2290 5530 2367 5603 lita
2394 5527 2724 5603 vocatur—ab
2753 5531 3047 5603 Augustin.
3085 5538 3270 5585 contra
3294 5527 3501 5585 Julian.
3550 5534 3646 5590 lib.

2068 5618 2112 5673 ι,
2145 5600 2265 5672 eap.
2291 5602 2370 5673 fi;
2416 5600 2945 5673 BasilioiDeSpiritu
2976 5612 3159 5655 sancto
3184 5618 3304 5673 cap.
3334 5604 3425 5670 9.9,
3448 5606 3651 5662 cilante

2068 5672 2249 5727 Caveo
2277 5671 2425 5727 Hist.
2459 5671 2567 5726 litt.
2604 5672 2699 5727 fol.
2724 5672 2814 5727 59.

2142 5742 2256 5814 (52)
2285 5742 2432 5797 Hist.
2463 5742 2648 5797 eccles.
2682 5743 2777 5814 lib.
2813 5759 2887 5807 ιν,
2918 5758 3038 5811 cap.
3078 5742 3165 5798 10.

2140 5813 2255 5886 (55)
2282 5814 2429 5869 Hist.
2462 5814 2645 5870 cccles.
2680 5813 2773 5871 lib.
2798 5831 2874 5881 tv,
2911 5830 3027 5884 cap.
3057 5814 3146 5874 ‘26.
