  <div class='ocr_page' id='page_1' title='image "/cluster/home/n/w/nwhite01/storage/ocr_20150623/5/coo.31924054872845/597.png"; bbox 0 0 4130 6378; ppageno 0'>
   <div class='ocr_carea' id='block_1_1' title="bbox 528 374 2088 437">
    <p class='ocr_par' dir='ltr' id='par_1_1' title="bbox 528 375 2088 437">
     <span class='ocr_line' id='line_1_1' title="bbox 528 375 2088 437; baseline -0.004 -2"><span class='ocrx_word' id='word_1_1' title='bbox 528 379 665 435; x_wconf 77' lang='grc'><strong>1179</strong></span> <span class='ocrx_word' id='word_1_2' title='bbox 1584 378 1644 437; x_wconf 83' lang='lat' dir='ltr'><strong>S.</strong></span> <span class='ocrx_word' id='word_1_3' title='bbox 1684 375 1943 433; x_wconf 73' lang='lat' dir='ltr'><strong>MELITO</strong></span> <span class='ocrx_word' id='word_1_4' title='bbox 1983 375 2088 433; x_wconf 86' lang='lat' dir='ltr'><strong>SAI</strong></span> 
     </span>
    </p>
   </div>
   <div class='ocr_carea' id='block_1_2' title="bbox 2193 374 3790 437">
    <p class='ocr_par' dir='ltr' id='par_1_2' title="bbox 2194 374 3790 434">
     <span class='ocr_line' id='line_1_2' title="bbox 2194 374 3790 434; baseline 0 -1"><span class='ocrx_word' id='word_1_5' title='bbox 2194 375 2295 433; x_wconf 77' lang='grc' dir='ltr'><strong>ΗΜ</strong></span> <span class='ocrx_word' id='word_1_6' title='bbox 2329 374 2730 434; x_wconf 83' lang='lat' dir='ltr'><strong>EPISCOPUS.</strong></span> <span class='ocrx_word' id='word_1_7' title='bbox 3636 379 3790 433; x_wconf 68' lang='grc'><strong>4180</strong></span> 
     </span>
    </p>
   </div>
   <div class='ocr_carea' id='block_1_3' title="bbox 604 493 3789 567">
    <p class='ocr_par' dir='ltr' id='par_1_3' title="bbox 604 493 3789 567">
     <span class='ocr_line' id='line_1_3' title="bbox 604 493 3789 567; baseline -0 -17"><span class='ocrx_word' id='word_1_8' title='bbox 604 493 885 551; x_wconf 70' lang='lat' dir='ltr'><strong>Nehemite</strong></span> <span class='ocrx_word' id='word_1_9' title='bbox 911 502 966 551; x_wconf 91' lang='lat' dir='ltr'><strong>et</strong></span> <span class='ocrx_word' id='word_1_10' title='bbox 997 493 1249 551; x_wconf 88' lang='lat' dir='ltr'><strong>Estheris</strong></span> <span class='ocrx_word' id='word_1_11' title='bbox 1275 493 1401 549; x_wconf 88' lang='lat' dir='ltr'><strong>libri</strong></span> <span class='ocrx_word' id='word_1_12' title='bbox 1438 495 1513 552; x_wconf 89' lang='lat' dir='ltr'><strong>ibi</strong></span> <span class='ocrx_word' id='word_1_13' title='bbox 1545 494 1947 553; x_wconf 75' lang='lat' dir='ltr'><strong>desiderantur.</strong></span> <span class='ocrx_word' id='word_1_14' title='bbox 1980 495 2185 553; x_wconf 90' lang='lat' dir='ltr'><strong>Verum</strong></span> <span class='ocrx_word' id='word_1_15' title='bbox 2222 497 2314 553; x_wconf 91' lang='lat' dir='ltr'><strong>ille</strong></span> <span class='ocrx_word' id='word_1_16' title='bbox 2344 497 2655 554; x_wconf 75' lang='lat' dir='ltr'><strong>continetur</strong></span> <span class='ocrx_word' id='word_1_17' title='bbox 2696 495 2799 553; x_wconf 87' lang='lat' dir='ltr'><strong>sub</strong></span> <span class='ocrx_word' id='word_1_18' title='bbox 2832 494 3020 551; x_wconf 63' lang='lat' dir='ltr'><strong>Esdrae</strong></span> <span class='ocrx_word' id='word_1_19' title='bbox 3060 495 3315 562; x_wconf 70' lang='lat' dir='ltr'><strong>nomine,</strong></span> <span class='ocrx_word' id='word_1_20' title='bbox 3332 495 3478 567; x_wconf 77' lang='lat' dir='ltr'><strong>quod</strong></span> <span class='ocrx_word' id='word_1_21' title='bbox 3510 494 3789 550; x_wconf 78' lang='lat' dir='ltr'><strong>familiare</strong></span> 
     </span>
    </p>
   </div>
   <div class='ocr_carea' id='block_1_4' title="bbox 520 587 3786 659">
    <p class='ocr_par' dir='ltr' id='par_1_4' title="bbox 520 587 3786 659">
     <span class='ocr_line' id='line_1_4' title="bbox 520 587 3786 659; baseline -0.001 -17"><span class='ocrx_word' id='word_1_22' title='bbox 520 588 767 658; x_wconf 78' lang='lat' dir='ltr'><strong>antiquis</strong></span> <span class='ocrx_word' id='word_1_23' title='bbox 798 587 969 643; x_wconf 87' lang='lat' dir='ltr'><strong>fuisse</strong></span> <span class='ocrx_word' id='word_1_24' title='bbox 1000 598 1270 643; x_wconf 86' lang='lat' dir='ltr'><strong>monstrat</strong></span> <span class='ocrx_word' id='word_1_25' title='bbox 1300 604 1514 645; x_wconf 88' lang='lat' dir='ltr'><strong>summe</strong></span> <span class='ocrx_word' id='word_1_26' title='bbox 1539 590 1868 644; x_wconf 82' lang='lat' dir='ltr'><strong>venerabilis</strong></span> <span class='ocrx_word' id='word_1_27' title='bbox 1893 590 2237 659; x_wconf 85' lang='lat' dir='ltr'><strong>Carpzovius</strong></span> <span class='ocrx_word' id='word_1_28' title='bbox 2266 589 2412 659; x_wconf 71' lang='lat'><strong>(54.):</strong></span> <span class='ocrx_word' id='word_1_29' title='bbox 2448 589 2537 643; x_wconf 88' lang='lat' dir='ltr'><strong>hic</strong></span> <span class='ocrx_word' id='word_1_30' title='bbox 2566 604 2698 643; x_wconf 87' lang='lat' dir='ltr'><strong>vero</strong></span> <span class='ocrx_word' id='word_1_31' title='bbox 2728 598 2781 643; x_wconf 92' lang='lat' dir='ltr'><strong>et</strong></span> <span class='ocrx_word' id='word_1_32' title='bbox 2805 589 2873 643; x_wconf 91' lang='lat' dir='ltr'><strong>ah</strong></span> <span class='ocrx_word' id='word_1_33' title='bbox 2901 590 3023 643; x_wconf 91' lang='lat' dir='ltr'><strong>aliis</strong></span> <span class='ocrx_word' id='word_1_34' title='bbox 3047 598 3131 643; x_wconf 92' lang='lat' dir='ltr'><strong>est</strong></span> <span class='ocrx_word' id='word_1_35' title='bbox 3157 587 3415 652; x_wconf 91' lang='lat' dir='ltr'><strong>omissus,</strong></span> <span class='ocrx_word' id='word_1_36' title='bbox 3444 603 3499 641; x_wconf 80' lang='grc' dir='ltr'>ν.</span> <span class='ocrx_word' id='word_1_37' title='bbox 3533 603 3585 640; x_wconf 89' lang='lat' dir='ltr'><strong>e.</strong></span> <span class='ocrx_word' id='word_1_38' title='bbox 3614 587 3786 640; x_wconf 82' lang='lat' dir='ltr'><strong>Atha—</strong></span> 
     </span>
    </p>
   </div>
   <div class='ocr_carea' id='block_1_5' title="bbox 522 681 2088 755">
    <p class='ocr_par' dir='ltr' id='par_1_5' title="bbox 522 682 2088 755">
     <span class='ocr_line' id='line_1_5' title="bbox 522 682 2088 755; baseline 0.001 -17"><span class='ocrx_word' id='word_1_39' title='bbox 522 685 680 738; x_wconf 86' lang='lat' dir='ltr'><strong>nasio</strong></span> <span class='ocrx_word' id='word_1_40' title='bbox 708 684 844 753; x_wconf 87' lang='grc'>(55),</span> <span class='ocrx_word' id='word_1_41' title='bbox 872 683 1137 755; x_wconf 80' lang='lat' dir='ltr'><strong>Gregorio</strong></span> <span class='ocrx_word' id='word_1_42' title='bbox 1164 682 1511 738; x_wconf 85' lang='lat' dir='ltr'><strong>Nazianzeno</strong></span> <span class='ocrx_word' id='word_1_43' title='bbox 1543 683 1679 754; x_wconf 83' lang='grc'>(56),</span> <span class='ocrx_word' id='word_1_44' title='bbox 1709 694 1762 738; x_wconf 89' lang='lat' dir='ltr'><strong>et</strong></span> <span class='ocrx_word' id='word_1_45' title='bbox 1793 683 2023 739; x_wconf 89' lang='lat' dir='ltr'><strong>Leontio</strong></span> <span class='ocrx_word' id='word_1_46' title='bbox 2048 685 2088 754; x_wconf 77' lang='grc' dir='ltr'>(Ξ</span> 
     </span>
    </p>
   </div>
   <div class='ocr_carea' id='block_1_6' title="bbox 2193 681 3783 755">
    <p class='ocr_par' dir='ltr' id='par_1_6' title="bbox 2227 681 3783 753">
     <span class='ocr_line' id='line_1_6' title="bbox 2227 681 3783 753; baseline -0.001 -16"><span class='ocrx_word' id='word_1_47' title='bbox 2227 682 2401 753; x_wconf 84' lang='lat' dir='ltr'><strong>Hujus</strong></span> <span class='ocrx_word' id='word_1_48' title='bbox 2432 685 2509 738; x_wconf 87' lang='lat' dir='ltr'><strong>rei</strong></span> <span class='ocrx_word' id='word_1_49' title='bbox 2541 698 2763 738; x_wconf 82' lang='lat' dir='ltr'><strong>causam</strong></span> <span class='ocrx_word' id='word_1_50' title='bbox 2803 683 3028 753; x_wconf 81' lang='lat' dir='ltr'><strong>conjicit</strong></span> <span class='ocrx_word' id='word_1_51' title='bbox 3061 682 3249 738; x_wconf 80' lang='lat' dir='ltr'><strong>Sixtus</strong></span> <span class='ocrx_word' id='word_1_52' title='bbox 3282 681 3545 739; x_wconf 86' lang='lat' dir='ltr'><strong>Senensis</strong></span> <span class='ocrx_word' id='word_1_53' title='bbox 3580 682 3694 751; x_wconf 82' lang='lat'><strong>(58)</strong></span> <span class='ocrx_word' id='word_1_54' title='bbox 3728 683 3783 735; x_wconf 92' lang='lat' dir='ltr'><strong>in</strong></span> 
     </span>
    </p>
   </div>
   <div class='ocr_carea' id='block_1_7' title="bbox 520 776 3785 847">
    <p class='ocr_par' dir='ltr' id='par_1_7' title="bbox 520 776 3785 847">
     <span class='ocr_line' id='line_1_7' title="bbox 520 776 3785 847; baseline -0.001 -16"><span class='ocrx_word' id='word_1_55' title='bbox 520 776 917 843; x_wconf 79' lang='lat' dir='ltr'><strong>additamenta,</strong></span> <span class='ocrx_word' id='word_1_56' title='bbox 974 777 1006 829; x_wconf 90' lang='lat'><strong>7</strong></span> <span class='ocrx_word' id='word_1_57' title='bbox 1053 785 1328 846; x_wconf 88' lang='lat' dir='ltr'><strong>postrema</strong></span> <span class='ocrx_word' id='word_1_58' title='bbox 1389 776 1569 846; x_wconf 86' lang='lat' dir='ltr'><strong>capita</strong></span> <span class='ocrx_word' id='word_1_59' title='bbox 1628 777 1988 840; x_wconf 89' lang='lat' dir='ltr'><strong>absolventia,</strong></span> <span class='ocrx_word' id='word_1_60' title='bbox 2029 792 2152 847; x_wconf 53' lang='lat' dir='ltr'><strong>qua).</strong></span> <span class='ocrx_word' id='word_1_61' title='bbox 2208 792 2465 846; x_wconf 89' lang='lat' dir='ltr'><strong>magnam</strong></span> <span class='ocrx_word' id='word_1_62' title='bbox 2496 787 2707 846; x_wconf 89' lang='lat' dir='ltr'><strong>partem</strong></span> <span class='ocrx_word' id='word_1_63' title='bbox 2744 794 2811 832; x_wconf 90' lang='lat' dir='ltr'><strong>ex</strong></span> <span class='ocrx_word' id='word_1_64' title='bbox 2867 776 3091 846; x_wconf 85' lang='lat' dir='ltr'><strong>Josephi</strong></span> <span class='ocrx_word' id='word_1_65' title='bbox 3119 778 3215 831; x_wconf 90' lang='lat' dir='ltr'><strong>lib.</strong></span> <span class='ocrx_word' id='word_1_66' title='bbox 3280 792 3335 829; x_wconf 68' lang='grc' dir='ltr'>χι</span> <span class='ocrx_word' id='word_1_67' title='bbox 3387 778 3785 847; x_wconf 79' lang='lat' dir='ltr'><strong>Antiquitatum</strong></span> 
     </span>
    </p>
   </div>
   <div class='ocr_carea' id='block_1_8' title="bbox 518 867 3784 939">
    <p class='ocr_par' dir='ltr' id='par_1_8' title="bbox 518 867 3784 939">
     <span class='ocr_line' id='line_1_8' title="bbox 518 867 3784 939; baseline -0.001 -16"><span class='ocrx_word' id='word_1_68' title='bbox 518 868 876 923; x_wconf 75' lang='lat' dir='ltr'><strong>Iudaicarum</strong></span> <span class='ocrx_word' id='word_1_69' title='bbox 928 869 997 923; x_wconf 91' lang='lat' dir='ltr'><strong>ab</strong></span> <span class='ocrx_word' id='word_1_70' title='bbox 1027 868 1234 924; x_wconf 89' lang='lat' dir='ltr'><strong>incerto</strong></span> <span class='ocrx_word' id='word_1_71' title='bbox 1289 878 1421 923; x_wconf 87' lang='lat' dir='ltr'><strong>sunt</strong></span> <span class='ocrx_word' id='word_1_72' title='bbox 1471 867 1681 937; x_wconf 92' lang='lat' dir='ltr'><strong>addita,</strong></span> <span class='ocrx_word' id='word_1_73' title='bbox 1743 879 1800 923; x_wconf 91' lang='lat' dir='ltr'><strong>et</strong></span> <span class='ocrx_word' id='word_1_74' title='bbox 1842 884 1874 924; x_wconf 93' lang='lat' dir='ltr'><strong>e</strong></span> <span class='ocrx_word' id='word_1_75' title='bbox 1923 867 2130 925; x_wconf 73' lang='lat' dir='ltr'><strong>Graecis</strong></span> <span class='ocrx_word' id='word_1_76' title='bbox 2173 870 2458 925; x_wconf 87' lang='lat' dir='ltr'><strong>codicibus</strong></span> <span class='ocrx_word' id='word_1_77' title='bbox 2501 870 2555 923; x_wconf 93' lang='lat' dir='ltr'><strong>in</strong></span> <span class='ocrx_word' id='word_1_78' title='bbox 2602 868 2895 939; x_wconf 82' lang='lat' dir='ltr'><strong>Vulgatam</strong></span> <span class='ocrx_word' id='word_1_79' title='bbox 2943 869 3226 933; x_wconf 81' lang='lat' dir='ltr'><strong>translata,</strong></span> <span class='ocrx_word' id='word_1_80' title='bbox 3284 868 3606 922; x_wconf 86' lang='lat' dir='ltr'><strong>auctoritate</strong></span> <span class='ocrx_word' id='word_1_81' title='bbox 3651 882 3784 922; x_wconf 91' lang='lat' dir='ltr'><strong>con-</strong></span> 
     </span>
    </p>
   </div>
   <div class='ocr_carea' id='block_1_9' title="bbox 518 957 3782 1033">
    <p class='ocr_par' dir='ltr' id='par_1_9' title="bbox 518 957 3782 1033">
     <span class='ocr_line' id='line_1_9' title="bbox 518 957 3782 1033; baseline -0.002 -14"><span class='ocrx_word' id='word_1_82' title='bbox 518 962 631 1019; x_wconf 84' lang='lat' dir='ltr'><strong>cilii</strong></span> <span class='ocrx_word' id='word_1_83' title='bbox 686 961 1013 1029; x_wconf 90' lang='lat' dir='ltr'><strong>Tridentini,</strong></span> <span class='ocrx_word' id='word_1_84' title='bbox 1053 962 1123 1018; x_wconf 88' lang='lat' dir='ltr'><strong>ad</strong></span> <span class='ocrx_word' id='word_1_85' title='bbox 1168 978 1436 1017; x_wconf 88' lang='lat' dir='ltr'><strong>canonem</strong></span> <span class='ocrx_word' id='word_1_86' title='bbox 1482 962 1644 1016; x_wconf 89' lang='lat' dir='ltr'><strong>hodie</strong></span> <span class='ocrx_word' id='word_1_87' title='bbox 1685 978 1907 1032; x_wconf 82' lang='lat' dir='ltr'><strong>quoque</strong></span> <span class='ocrx_word' id='word_1_88' title='bbox 1951 960 2298 1029; x_wconf 89' lang='lat' dir='ltr'><strong>referuntur;</strong></span> <span class='ocrx_word' id='word_1_89' title='bbox 2326 963 2448 1018; x_wconf 92' lang='lat' dir='ltr'><strong>ideo</strong></span> <span class='ocrx_word' id='word_1_90' title='bbox 2494 979 2526 1019; x_wconf 90' lang='lat' dir='ltr'><strong>a</strong></span> <span class='ocrx_word' id='word_1_91' title='bbox 2564 963 2819 1019; x_wconf 84' lang='lat' dir='ltr'><strong>Melitone</strong></span> <span class='ocrx_word' id='word_1_92' title='bbox 2840 971 2896 1019; x_wconf 94' lang='lat' dir='ltr'><strong>et</strong></span> <span class='ocrx_word' id='word_1_93' title='bbox 2918 962 3077 1033; x_wconf 91' lang='lat' dir='ltr'><strong>Greg.</strong></span> <span class='ocrx_word' id='word_1_94' title='bbox 3114 961 3375 1017; x_wconf 84' lang='lat' dir='ltr'><strong>Nazianz.</strong></span> <span class='ocrx_word' id='word_1_95' title='bbox 3406 962 3568 1016; x_wconf 92' lang='lat' dir='ltr'><strong>istum</strong></span> <span class='ocrx_word' id='word_1_96' title='bbox 3593 957 3782 1013; x_wconf 70' lang='lat' dir='ltr'><strong>Esdra:</strong></span> 
     </span>
    </p>
   </div>
   <div class='ocr_carea' id='block_1_10' title="bbox 519 1052 3779 1126">
    <p class='ocr_par' dir='ltr' id='par_1_10' title="bbox 519 1052 3779 1126">
     <span class='ocr_line' id='line_1_10' title="bbox 519 1052 3779 1126; baseline -0.001 -17"><span class='ocrx_word' id='word_1_97' title='bbox 519 1054 721 1110; x_wconf 89' lang='lat' dir='ltr'><strong>librum</strong></span> <span class='ocrx_word' id='word_1_98' title='bbox 752 1054 1108 1125; x_wconf 68' lang='lat' dir='ltr'><strong>praeteritum,</strong></span> <span class='ocrx_word' id='word_1_99' title='bbox 1138 1054 1207 1109; x_wconf 91' lang='lat' dir='ltr'><strong>ab</strong></span> <span class='ocrx_word' id='word_1_100' title='bbox 1236 1054 1537 1110; x_wconf 82' lang='lat' dir='ltr'><strong>Athanasio</strong></span> <span class='ocrx_word' id='word_1_101' title='bbox 1565 1069 1696 1109; x_wconf 88' lang='lat' dir='ltr'><strong>vero</strong></span> <span class='ocrx_word' id='word_1_102' title='bbox 1730 1063 1995 1124; x_wconf 88' lang='lat' dir='ltr'><strong>tanquam</strong></span> <span class='ocrx_word' id='word_1_103' title='bbox 2030 1054 2279 1123; x_wconf 89' lang='lat' dir='ltr'><strong>spurium</strong></span> <span class='ocrx_word' id='word_1_104' title='bbox 2308 1070 2339 1109; x_wconf 90' lang='lat' dir='ltr'><strong>e</strong></span> <span class='ocrx_word' id='word_1_105' title='bbox 2364 1055 2611 1126; x_wconf 80' lang='lat' dir='ltr'><strong>catalogo</strong></span> <span class='ocrx_word' id='word_1_106' title='bbox 2642 1070 2928 1111; x_wconf 87' lang='lat' dir='ltr'><strong>sacrorum</strong></span> <span class='ocrx_word' id='word_1_107' title='bbox 2950 1056 3180 1125; x_wconf 90' lang='lat' dir='ltr'><strong>ejectum</strong></span> <span class='ocrx_word' id='word_1_108' title='bbox 3214 1054 3407 1110; x_wconf 88' lang='lat' dir='ltr'><strong>fuisse.</strong></span> <span class='ocrx_word' id='word_1_109' title='bbox 3434 1052 3565 1107; x_wconf 83' lang='lat' dir='ltr'><strong>Mihi</strong></span> <span class='ocrx_word' id='word_1_110' title='bbox 3598 1062 3779 1109; x_wconf 91' lang='lat' dir='ltr'><strong>tamen</strong></span> 
     </span>
    </p>
   </div>
   <div class='ocr_carea' id='block_1_11' title="bbox 517 1141 3779 1215">
    <p class='ocr_par' dir='ltr' id='par_1_11' title="bbox 517 1141 3779 1215">
     <span class='ocr_line' id='line_1_11' title="bbox 517 1141 3779 1215; baseline 0 -16"><span class='ocrx_word' id='word_1_111' title='bbox 517 1144 695 1215; x_wconf 80' lang='lat' dir='ltr'><strong>magis</strong></span> <span class='ocrx_word' id='word_1_112' title='bbox 724 1143 1008 1213; x_wconf 87' lang='lat' dir='ltr'><strong>probabile</strong></span> <span class='ocrx_word' id='word_1_113' title='bbox 1040 1143 1275 1207; x_wconf 91' lang='lat' dir='ltr'><strong>videtur,</strong></span> <span class='ocrx_word' id='word_1_114' title='bbox 1304 1156 1429 1197; x_wconf 90' lang='lat' dir='ltr'><strong>eum</strong></span> <span class='ocrx_word' id='word_1_115' title='bbox 1478 1142 1690 1198; x_wconf 88' lang='lat' dir='ltr'><strong>incuria</strong></span> <span class='ocrx_word' id='word_1_116' title='bbox 1738 1141 1952 1196; x_wconf 90' lang='lat' dir='ltr'><strong>librarii</strong></span> <span class='ocrx_word' id='word_1_117' title='bbox 1988 1143 2258 1198; x_wconf 87' lang='lat' dir='ltr'><strong>omissum</strong></span> <span class='ocrx_word' id='word_1_118' title='bbox 2293 1142 2491 1211; x_wconf 86' lang='lat' dir='ltr'><strong>fuisse,</strong></span> <span class='ocrx_word' id='word_1_119' title='bbox 2523 1144 2637 1199; x_wconf 91' lang='lat' dir='ltr'><strong>sive</strong></span> <span class='ocrx_word' id='word_1_120' title='bbox 2675 1145 2821 1214; x_wconf 93' lang='lat' dir='ltr'><strong>quod</strong></span> <span class='ocrx_word' id='word_1_121' title='bbox 2873 1143 3177 1210; x_wconf 80' lang='lat' dir='ltr'><strong>festinaret,</strong></span> <span class='ocrx_word' id='word_1_122' title='bbox 3213 1146 3332 1200; x_wconf 83' lang='lat' dir='ltr'><strong>sive</strong></span> <span class='ocrx_word' id='word_1_123' title='bbox 3365 1146 3511 1215; x_wconf 92' lang='lat' dir='ltr'><strong>quod</strong></span> <span class='ocrx_word' id='word_1_124' title='bbox 3545 1144 3779 1200; x_wconf 77' lang='lat' dir='ltr'><strong>allinitas</strong></span> 
     </span>
    </p>
   </div>
   <div class='ocr_carea' id='block_1_12' title="bbox 517 1229 3781 1305">
    <p class='ocr_par' dir='ltr' id='par_1_12' title="bbox 517 1229 3781 1305">
     <span class='ocr_line' id='line_1_12' title="bbox 517 1229 3781 1305; baseline 0.001 -14"><span class='ocrx_word' id='word_1_125' title='bbox 517 1235 804 1291; x_wconf 86' lang='lat' dir='ltr'><strong>nominum</strong></span> <span class='ocrx_word' id='word_1_126' title='bbox 849 1233 1055 1289; x_wconf 89' lang='lat' dir='ltr'><strong>Esdras</strong></span> <span class='ocrx_word' id='word_1_127' title='bbox 1102 1242 1157 1288; x_wconf 91' lang='lat' dir='ltr'><strong>et</strong></span> <span class='ocrx_word' id='word_1_128' title='bbox 1190 1229 1390 1289; x_wconf 80' lang='lat' dir='ltr'><strong>Esther</strong></span> <span class='ocrx_word' id='word_1_129' title='bbox 1434 1234 1648 1298; x_wconf 79' lang='lat' dir='ltr'><strong>fecerit,</strong></span> <span class='ocrx_word' id='word_1_130' title='bbox 1682 1244 1744 1289; x_wconf 92' lang='lat' dir='ltr'><strong>ut</strong></span> <span class='ocrx_word' id='word_1_131' title='bbox 1783 1244 2081 1303; x_wconf 90' lang='lat' dir='ltr'><strong>utrumque</strong></span> <span class='ocrx_word' id='word_1_132' title='bbox 2118 1249 2220 1305; x_wconf 91' lang='lat' dir='ltr'><strong>pro</strong></span> <span class='ocrx_word' id='word_1_133' title='bbox 2253 1234 2441 1290; x_wconf 93' lang='lat' dir='ltr'><strong>eodem</strong></span> <span class='ocrx_word' id='word_1_134' title='bbox 2472 1236 2747 1291; x_wconf 90' lang='lat' dir='ltr'><strong>habuerit.</strong></span> <span class='ocrx_word' id='word_1_135' title='bbox 2784 1236 2966 1292; x_wconf 81' lang='lat' dir='ltr'><strong>Melito</strong></span> <span class='ocrx_word' id='word_1_136' title='bbox 2997 1238 3142 1293; x_wconf 90' lang='lat' dir='ltr'><strong>enim</strong></span> <span class='ocrx_word' id='word_1_137' title='bbox 3174 1238 3321 1292; x_wconf 91' lang='lat' dir='ltr'><strong>hunc</strong></span> <span class='ocrx_word' id='word_1_138' title='bbox 3356 1238 3590 1293; x_wconf 88' lang='lat' dir='ltr'><strong>indicem</strong></span> <span class='ocrx_word' id='word_1_139' title='bbox 3621 1254 3653 1292; x_wconf 92' lang='lat' dir='ltr'><strong>a</strong></span> <span class='ocrx_word' id='word_1_140' title='bbox 3679 1236 3781 1293; x_wconf 79' lang='lat' dir='ltr'><strong>Ju-</strong></span> 
     </span>
    </p>
   </div>
   <div class='ocr_carea' id='block_1_13' title="bbox 516 1325 3777 1398">
    <p class='ocr_par' dir='ltr' id='par_1_13' title="bbox 516 1325 3777 1398">
     <span class='ocr_line' id='line_1_13' title="bbox 516 1325 3777 1398; baseline -0.001 -14"><span class='ocrx_word' id='word_1_141' title='bbox 516 1326 651 1384; x_wconf 66' lang='lat' dir='ltr'><strong>daeis</strong></span> <span class='ocrx_word' id='word_1_142' title='bbox 680 1327 929 1396; x_wconf 91' lang='lat' dir='ltr'><strong>accepit;</strong></span> <span class='ocrx_word' id='word_1_143' title='bbox 958 1325 1015 1379; x_wconf 92' lang='lat' dir='ltr'><strong>hi</strong></span> <span class='ocrx_word' id='word_1_144' title='bbox 1038 1341 1169 1381; x_wconf 90' lang='lat' dir='ltr'><strong>vero</strong></span> <span class='ocrx_word' id='word_1_145' title='bbox 1193 1325 1494 1381; x_wconf 88' lang='lat' dir='ltr'><strong>canonicos</strong></span> <span class='ocrx_word' id='word_1_146' title='bbox 1527 1326 1698 1381; x_wconf 89' lang='lat' dir='ltr'><strong>libros</strong></span> <span class='ocrx_word' id='word_1_147' title='bbox 1730 1325 1792 1383; x_wconf 87' lang='lat' dir='ltr'><strong>V.</strong></span> <span class='ocrx_word' id='word_1_148' title='bbox 1820 1326 1886 1381; x_wconf 91' lang='lat' dir='ltr'><strong>T.</strong></span> <span class='ocrx_word' id='word_1_149' title='bbox 1920 1325 2109 1395; x_wconf 83' lang='lat' dir='ltr'><strong>viginti</strong></span> <span class='ocrx_word' id='word_1_150' title='bbox 2162 1335 2218 1380; x_wconf 90' lang='lat' dir='ltr'><strong>et</strong></span> <span class='ocrx_word' id='word_1_151' title='bbox 2261 1326 2404 1379; x_wconf 93' lang='lat' dir='ltr'><strong>duos</strong></span> <span class='ocrx_word' id='word_1_152' title='bbox 2439 1336 2823 1392; x_wconf 89' lang='lat' dir='ltr'><strong>numerarunt,</strong></span> <span class='ocrx_word' id='word_1_153' title='bbox 2857 1328 2936 1382; x_wconf 87' lang='lat' dir='ltr'><strong>uti</strong></span> <span class='ocrx_word' id='word_1_154' title='bbox 2968 1336 3116 1398; x_wconf 91' lang='lat' dir='ltr'><strong>patet</strong></span> <span class='ocrx_word' id='word_1_155' title='bbox 3154 1344 3217 1383; x_wconf 86' lang='lat' dir='ltr'><strong>ex</strong></span> <span class='ocrx_word' id='word_1_156' title='bbox 3248 1327 3471 1397; x_wconf 87' lang='lat' dir='ltr'><strong>Josephi</strong></span> <span class='ocrx_word' id='word_1_157' title='bbox 3508 1328 3777 1389; x_wconf 87' lang='lat' dir='ltr'><strong>librorum</strong></span> 
     </span>
    </p>
   </div>
   <div class='ocr_carea' id='block_1_14' title="bbox 518 1416 3781 1490">
    <p class='ocr_par' dir='ltr' id='par_1_14' title="bbox 518 1416 3781 1490">
     <span class='ocr_line' id='line_1_14' title="bbox 518 1416 3781 1490; baseline -0 -15"><span class='ocrx_word' id='word_1_158' title='bbox 518 1419 587 1475; x_wconf 93' lang='lat' dir='ltr'><strong>V.</strong></span> <span class='ocrx_word' id='word_1_159' title='bbox 622 1417 687 1473; x_wconf 86' lang='grc' dir='ltr'>Τ.</span> <span class='ocrx_word' id='word_1_160' title='bbox 718 1418 1113 1473; x_wconf 91' lang='lat' dir='ltr'><strong>canonicorum</strong></span> <span class='ocrx_word' id='word_1_161' title='bbox 1146 1418 1396 1487; x_wconf 85' lang='lat' dir='ltr'><strong>catalogo</strong></span> <span class='ocrx_word' id='word_1_162' title='bbox 1426 1417 1565 1487; x_wconf 86' lang='grc'>(59),</span> <span class='ocrx_word' id='word_1_163' title='bbox 1595 1433 1756 1487; x_wconf 91' lang='lat' dir='ltr'><strong>quem</strong></span> <span class='ocrx_word' id='word_1_164' title='bbox 1791 1418 1956 1471; x_wconf 91' lang='lat' dir='ltr'><strong>etiam</strong></span> <span class='ocrx_word' id='word_1_165' title='bbox 1985 1418 2119 1472; x_wconf 92' lang='lat' dir='ltr'><strong>citat</strong></span> <span class='ocrx_word' id='word_1_166' title='bbox 2146 1416 2415 1473; x_wconf 89' lang='lat' dir='ltr'><strong>Eusebius</strong></span> <span class='ocrx_word' id='word_1_167' title='bbox 2446 1417 2585 1488; x_wconf 88' lang='grc'>(40),</span> <span class='ocrx_word' id='word_1_168' title='bbox 2613 1418 2889 1489; x_wconf 90' lang='lat' dir='ltr'><strong>huiusque</strong></span> <span class='ocrx_word' id='word_1_169' title='bbox 2916 1420 2993 1474; x_wconf 88' lang='lat' dir='ltr'><strong>rei</strong></span> <span class='ocrx_word' id='word_1_170' title='bbox 3020 1436 3242 1475; x_wconf 90' lang='lat' dir='ltr'><strong>causam</strong></span> <span class='ocrx_word' id='word_1_171' title='bbox 3262 1421 3421 1475; x_wconf 84' lang='lat' dir='ltr'><strong>nobis</strong></span> <span class='ocrx_word' id='word_1_172' title='bbox 3452 1421 3625 1490; x_wconf 90' lang='lat' dir='ltr'><strong>aperit</strong></span> <span class='ocrx_word' id='word_1_173' title='bbox 3655 1420 3781 1474; x_wconf 90' lang='lat' dir='ltr'><strong>Ori-</strong></span> 
     </span>
    </p>
   </div>
   <div class='ocr_carea' id='block_1_15' title="bbox 515 1508 3781 1582">
    <p class='ocr_par' dir='ltr' id='par_1_15' title="bbox 515 1508 3781 1582">
     <span class='ocr_line' id='line_1_15' title="bbox 515 1508 3781 1582; baseline -0.001 -14"><span class='ocrx_word' id='word_1_174' title='bbox 515 1526 684 1578; x_wconf 78' lang='lat' dir='ltr'><strong>genes</strong></span> <span class='ocrx_word' id='word_1_175' title='bbox 715 1509 827 1580; x_wconf 83' lang='grc'>(41)</span> <span class='ocrx_word' id='word_1_176' title='bbox 860 1510 936 1564; x_wconf 88' lang='lat' dir='ltr'><strong>ita</strong></span> <span class='ocrx_word' id='word_1_177' title='bbox 969 1509 1253 1565; x_wconf 85' lang='lat' dir='ltr'><strong>scribens:</strong></span> <span class='ocrx_word' id='word_1_178' title='bbox 1287 1529 1304 1560; x_wconf 73' lang='grc' dir='ltr'>ι</span> <span class='ocrx_word' id='word_1_179' title='bbox 1340 1508 1412 1565; x_wconf 92' lang='lat' dir='ltr'><strong>Ut</strong></span> <span class='ocrx_word' id='word_1_180' title='bbox 1439 1510 1653 1566; x_wconf 89' lang='lat' dir='ltr'><strong>duabus</strong></span> <span class='ocrx_word' id='word_1_181' title='bbox 1702 1519 1756 1565; x_wconf 80' lang='lat' dir='ltr'><strong>et</strong></span> <span class='ocrx_word' id='word_1_182' title='bbox 1794 1510 1988 1580; x_wconf 81' lang='lat' dir='ltr'><strong>viginti</strong></span> <span class='ocrx_word' id='word_1_183' title='bbox 2032 1510 2228 1564; x_wconf 88' lang='lat' dir='ltr'><strong>litteris</strong></span> <span class='ocrx_word' id='word_1_184' title='bbox 2272 1508 2624 1566; x_wconf 65' lang='lat' dir='ltr'><strong>Hebraeorum</strong></span> <span class='ocrx_word' id='word_1_185' title='bbox 2661 1511 2992 1566; x_wconf 88' lang='lat' dir='ltr'><strong>introductio</strong></span> <span class='ocrx_word' id='word_1_186' title='bbox 3023 1513 3087 1567; x_wconf 91' lang='lat' dir='ltr'><strong>ad</strong></span> <span class='ocrx_word' id='word_1_187' title='bbox 3116 1512 3439 1582; x_wconf 84' lang='lat' dir='ltr'><strong>sapientiam</strong></span> <span class='ocrx_word' id='word_1_188' title='bbox 3466 1513 3552 1567; x_wconf 90' lang='lat' dir='ltr'><strong>his</strong></span> <span class='ocrx_word' id='word_1_189' title='bbox 3586 1511 3781 1568; x_wconf 82' lang='lat' dir='ltr'><strong>formis</strong></span> 
     </span>
    </p>
   </div>
   <div class='ocr_carea' id='block_1_16' title="bbox 516 1602 3783 1675">
    <p class='ocr_par' dir='ltr' id='par_1_16' title="bbox 516 1602 3783 1675">
     <span class='ocr_line' id='line_1_16' title="bbox 516 1602 3783 1675; baseline 0.001 -18"><span class='ocrx_word' id='word_1_190' title='bbox 516 1602 785 1673; x_wconf 86' lang='lat' dir='ltr'><strong>impressa</strong></span> <span class='ocrx_word' id='word_1_191' title='bbox 817 1604 1133 1659; x_wconf 87' lang='lat' dir='ltr'><strong>hominibus</strong></span> <span class='ocrx_word' id='word_1_192' title='bbox 1161 1619 1285 1660; x_wconf 90' lang='lat' dir='ltr'><strong>esse</strong></span> <span class='ocrx_word' id='word_1_193' title='bbox 1324 1604 1559 1670; x_wconf 89' lang='lat' dir='ltr'><strong>videtur,</strong></span> <span class='ocrx_word' id='word_1_194' title='bbox 1587 1605 1667 1661; x_wconf 90' lang='lat' dir='ltr'><strong>sic</strong></span> <span class='ocrx_word' id='word_1_195' title='bbox 1692 1606 1759 1660; x_wconf 89' lang='lat' dir='ltr'><strong>ad</strong></span> <span class='ocrx_word' id='word_1_196' title='bbox 1784 1605 2112 1675; x_wconf 90' lang='lat' dir='ltr'><strong>sapientiam</strong></span> <span class='ocrx_word' id='word_1_197' title='bbox 2134 1603 2229 1658; x_wconf 90' lang='lat' dir='ltr'><strong>Dei</strong></span> <span class='ocrx_word' id='word_1_198' title='bbox 2258 1614 2313 1657; x_wconf 92' lang='lat' dir='ltr'><strong>et</strong></span> <span class='ocrx_word' id='word_1_199' title='bbox 2336 1620 2521 1659; x_wconf 91' lang='lat' dir='ltr'><strong>rerum</strong></span> <span class='ocrx_word' id='word_1_200' title='bbox 2550 1604 2862 1659; x_wconf 89' lang='lat' dir='ltr'><strong>divinarum</strong></span> <span class='ocrx_word' id='word_1_201' title='bbox 2891 1606 3137 1660; x_wconf 90' lang='lat' dir='ltr'><strong>n0titiam</strong></span> <span class='ocrx_word' id='word_1_202' title='bbox 3166 1606 3582 1661; x_wconf 86' lang='lat' dir='ltr'><strong>fundamentum</strong></span> <span class='ocrx_word' id='word_1_203' title='bbox 3614 1613 3783 1674; x_wconf 89' lang='lat' dir='ltr'><strong>atque</strong></span> 
     </span>
    </p>
   </div>
   <div class='ocr_carea' id='block_1_17' title="bbox 516 1695 3780 1769">
    <p class='ocr_par' dir='ltr' id='par_1_17' title="bbox 516 1695 3780 1769">
     <span class='ocr_line' id='line_1_17' title="bbox 516 1695 3780 1769; baseline 0.001 -20"><span class='ocrx_word' id='word_1_204' title='bbox 516 1695 848 1751; x_wconf 89' lang='lat' dir='ltr'><strong>introductio</strong></span> <span class='ocrx_word' id='word_1_205' title='bbox 877 1706 1007 1751; x_wconf 81' lang='lat' dir='ltr'><strong>sunt</strong></span> <span class='ocrx_word' id='word_1_206' title='bbox 1038 1696 1163 1750; x_wconf 90' lang='lat' dir='ltr'><strong>libri</strong></span> <span class='ocrx_word' id='word_1_207' title='bbox 1197 1695 1498 1767; x_wconf 73' lang='lat' dir='ltr'><strong>Scriptum</strong></span> <span class='ocrx_word' id='word_1_208' title='bbox 1526 1699 1636 1754; x_wconf 93' lang='lat' dir='ltr'><strong>duo</strong></span> <span class='ocrx_word' id='word_1_209' title='bbox 1668 1707 1723 1754; x_wconf 91' lang='lat' dir='ltr'><strong>et</strong></span> <span class='ocrx_word' id='word_1_210' title='bbox 1750 1698 1969 1769; x_wconf 77' lang='lat' dir='ltr'><strong>viginti.</strong></span> <span class='ocrx_word' id='word_1_211' title='bbox 1996 1717 2015 1749; x_wconf 74' lang='grc' dir='ltr'><strong><em>ι</em></strong></span> <span class='ocrx_word' id='word_1_212' title='bbox 2058 1696 2325 1753; x_wconf 86' lang='lat' dir='ltr'><strong>Eumdem</strong></span> <span class='ocrx_word' id='word_1_213' title='bbox 2362 1699 2548 1768; x_wconf 88' lang='lat' dir='ltr'><strong>itaque</strong></span> <span class='ocrx_word' id='word_1_214' title='bbox 2588 1715 2877 1755; x_wconf 91' lang='lat' dir='ltr'><strong>numerum</strong></span> <span class='ocrx_word' id='word_1_215' title='bbox 2915 1707 2969 1753; x_wconf 92' lang='lat' dir='ltr'><strong>et</strong></span> <span class='ocrx_word' id='word_1_216' title='bbox 3000 1697 3185 1753; x_wconf 85' lang='lat' dir='ltr'><strong>Melito</strong></span> <span class='ocrx_word' id='word_1_217' title='bbox 3209 1700 3365 1769; x_wconf 90' lang='lat' dir='ltr'><strong>sequi</strong></span> <span class='ocrx_word' id='word_1_218' title='bbox 3401 1699 3607 1754; x_wconf 88' lang='lat' dir='ltr'><strong>debuit.</strong></span> <span class='ocrx_word' id='word_1_219' title='bbox 3638 1698 3780 1753; x_wconf 89' lang='lat' dir='ltr'><strong>Cum</strong></span> 
     </span>
    </p>
   </div>
   <div class='ocr_carea' id='block_1_18' title="bbox 515 1788 3783 1863">
    <p class='ocr_par' dir='ltr' id='par_1_18' title="bbox 515 1788 3783 1863">
     <span class='ocr_line' id='line_1_18' title="bbox 515 1788 3783 1863; baseline 0.002 -23"><span class='ocrx_word' id='word_1_220' title='bbox 515 1794 702 1842; x_wconf 84' lang='lat' dir='ltr'><strong>autem</strong></span> <span class='ocrx_word' id='word_1_221' title='bbox 741 1804 886 1843; x_wconf 89' lang='lat' dir='ltr'><strong>unus</strong></span> <span class='ocrx_word' id='word_1_222' title='bbox 915 1796 969 1843; x_wconf 91' lang='lat' dir='ltr'><strong>et</strong></span> <span class='ocrx_word' id='word_1_223' title='bbox 992 1788 1181 1857; x_wconf 81' lang='lat' dir='ltr'><strong>viginti</strong></span> <span class='ocrx_word' id='word_1_224' title='bbox 1213 1789 1338 1845; x_wconf 91' lang='lat' dir='ltr'><strong>libri</strong></span> <span class='ocrx_word' id='word_1_225' title='bbox 1386 1798 1597 1845; x_wconf 88' lang='lat' dir='ltr'><strong>tantum</strong></span> <span class='ocrx_word' id='word_1_226' title='bbox 1647 1792 1701 1847; x_wconf 93' lang='lat' dir='ltr'><strong>in</strong></span> <span class='ocrx_word' id='word_1_227' title='bbox 1749 1792 2075 1847; x_wconf 84' lang='lat' dir='ltr'><strong>recensione</strong></span> <span class='ocrx_word' id='word_1_228' title='bbox 2114 1791 2234 1861; x_wconf 88' lang='lat' dir='ltr'><strong>ejus</strong></span> <span class='ocrx_word' id='word_1_229' title='bbox 2266 1802 2561 1861; x_wconf 90' lang='lat' dir='ltr'><strong>ponantur,</strong></span> <span class='ocrx_word' id='word_1_230' title='bbox 2596 1809 2834 1863; x_wconf 90' lang='lat' dir='ltr'><strong>cumque</strong></span> <span class='ocrx_word' id='word_1_231' title='bbox 2866 1793 2919 1849; x_wconf 91' lang='lat' dir='ltr'><strong>in</strong></span> <span class='ocrx_word' id='word_1_232' title='bbox 2954 1792 3265 1848; x_wconf 74' lang='lat' dir='ltr'><strong>Judzeorum</strong></span> <span class='ocrx_word' id='word_1_233' title='bbox 3305 1794 3484 1848; x_wconf 86' lang='lat' dir='ltr'><strong>indice</strong></span> <span class='ocrx_word' id='word_1_234' title='bbox 3514 1792 3700 1847; x_wconf 70' lang='lat' dir='ltr'><strong>Esdrze</strong></span> <span class='ocrx_word' id='word_1_235' title='bbox 3725 1799 3783 1845; x_wconf 85' lang='lat' dir='ltr'><strong>et</strong></span> 
     </span>
    </p>
   </div>
   <div class='ocr_carea' id='block_1_19' title="bbox 510 1873 3782 1953">
    <p class='ocr_par' dir='ltr' id='par_1_19' title="bbox 510 1873 3782 1953">
     <span class='ocr_line' id='line_1_19' title="bbox 510 1873 3782 1953; baseline 0.002 -24"><span class='ocrx_word' id='word_1_236' title='bbox 510 1873 713 1933; x_wconf 77' lang='lat' dir='ltr'><strong>Esther</strong></span> <span class='ocrx_word' id='word_1_237' title='bbox 750 1880 875 1935; x_wconf 88' lang='lat' dir='ltr'><strong>libri</strong></span> <span class='ocrx_word' id='word_1_238' title='bbox 918 1880 1231 1935; x_wconf 88' lang='lat' dir='ltr'><strong>immediate</strong></span> <span class='ocrx_word' id='word_1_239' title='bbox 1284 1896 1406 1938; x_wconf 87' lang='lat' dir='ltr'><strong>sese</strong></span> <span class='ocrx_word' id='word_1_240' title='bbox 1436 1883 1733 1953; x_wconf 81' lang='lat' dir='ltr'><strong>excipiant,</strong></span> <span class='ocrx_word' id='word_1_241' title='bbox 1758 1883 1832 1938; x_wconf 90' lang='lat' dir='ltr'><strong>ita</strong></span> <span class='ocrx_word' id='word_1_242' title='bbox 1862 1892 1923 1939; x_wconf 91' lang='lat' dir='ltr'><strong>ut</strong></span> <span class='ocrx_word' id='word_1_243' title='bbox 1946 1884 2119 1938; x_wconf 90' lang='lat' dir='ltr'><strong>errori</strong></span> <span class='ocrx_word' id='word_1_244' title='bbox 2144 1884 2199 1938; x_wconf 92' lang='lat' dir='ltr'><strong>in</strong></span> <span class='ocrx_word' id='word_1_245' title='bbox 2226 1884 2587 1939; x_wconf 91' lang='lat' dir='ltr'><strong>describendo</strong></span> <span class='ocrx_word' id='word_1_246' title='bbox 2608 1883 2865 1939; x_wconf 87' lang='lat' dir='ltr'><strong>facillime</strong></span> <span class='ocrx_word' id='word_1_247' title='bbox 2887 1885 3041 1938; x_wconf 92' lang='lat' dir='ltr'><strong>locus</strong></span> <span class='ocrx_word' id='word_1_248' title='bbox 3068 1899 3189 1939; x_wconf 88' lang='lat' dir='ltr'><strong>esse</strong></span> <span class='ocrx_word' id='word_1_249' title='bbox 3217 1884 3476 1953; x_wconf 89' lang='lat' dir='ltr'><strong>potuerit,</strong></span> <span class='ocrx_word' id='word_1_250' title='bbox 3495 1880 3782 1953; x_wconf 86' lang='lat' dir='ltr'><strong>probabile</strong></span> 
     </span>
    </p>
   </div>
   <div class='ocr_carea' id='block_1_20' title="bbox 511 1969 3780 2045">
    <p class='ocr_par' dir='ltr' id='par_1_20' title="bbox 511 1969 3780 2045">
     <span class='ocr_line' id='line_1_20' title="bbox 511 1969 3780 2045; baseline 0.002 -22"><span class='ocrx_word' id='word_1_251' title='bbox 511 1969 812 2025; x_wconf 73' lang='lat' dir='ltr'><strong>admodum</strong></span> <span class='ocrx_word' id='word_1_252' title='bbox 838 1980 941 2038; x_wconf 90' lang='lat' dir='ltr'><strong>est,</strong></span> <span class='ocrx_word' id='word_1_253' title='bbox 974 1973 1123 2029; x_wconf 93' lang='lat' dir='ltr'><strong>hunc</strong></span> <span class='ocrx_word' id='word_1_254' title='bbox 1145 1973 1345 2029; x_wconf 90' lang='lat' dir='ltr'><strong>librum</strong></span> <span class='ocrx_word' id='word_1_255' title='bbox 1380 1975 1592 2030; x_wconf 91' lang='lat' dir='ltr'><strong>incuria</strong></span> <span class='ocrx_word' id='word_1_256' title='bbox 1616 1982 1827 2029; x_wconf 91' lang='lat' dir='ltr'><strong>tantum</strong></span> <span class='ocrx_word' id='word_1_257' title='bbox 1855 1974 2163 2030; x_wconf 89' lang='lat' dir='ltr'><strong>scribarum</strong></span> <span class='ocrx_word' id='word_1_258' title='bbox 2189 1989 2256 2028; x_wconf 92' lang='lat' dir='ltr'><strong>ex</strong></span> <span class='ocrx_word' id='word_1_259' title='bbox 2283 1974 2533 2045; x_wconf 76' lang='lat' dir='ltr'><strong>catalogo</strong></span> <span class='ocrx_word' id='word_1_260' title='bbox 2554 1974 2828 2030; x_wconf 84' lang='lat' dir='ltr'><strong>Melitonis</strong></span> <span class='ocrx_word' id='word_1_261' title='bbox 2850 1973 3139 2028; x_wconf 79' lang='lat' dir='ltr'><strong>excidisse.</strong></span> <span class='ocrx_word' id='word_1_262' title='bbox 3165 1972 3391 2045; x_wconf 84' lang='lat' dir='ltr'><strong>Egregie</strong></span> <span class='ocrx_word' id='word_1_263' title='bbox 3413 1981 3591 2027; x_wconf 92' lang='lat' dir='ltr'><strong>autem</strong></span> <span class='ocrx_word' id='word_1_264' title='bbox 3617 1990 3780 2043; x_wconf 85' lang='lat' dir='ltr'><strong>pror-</strong></span> 
     </span>
    </p>
   </div>
   <div class='ocr_carea' id='block_1_21' title="bbox 512 2063 3781 2139">
    <p class='ocr_par' dir='ltr' id='par_1_21' title="bbox 512 2063 3781 2139">
     <span class='ocr_line' id='line_1_21' title="bbox 512 2063 3781 2139; baseline 0.001 -20"><span class='ocrx_word' id='word_1_265' title='bbox 512 2079 612 2120; x_wconf 83' lang='lat' dir='ltr'><strong>sus</strong></span> <span class='ocrx_word' id='word_1_266' title='bbox 634 2063 739 2119; x_wconf 88' lang='lat' dir='ltr'><strong>hac</strong></span> <span class='ocrx_word' id='word_1_267' title='bbox 767 2079 864 2120; x_wconf 92' lang='lat' dir='ltr'><strong>sua</strong></span> <span class='ocrx_word' id='word_1_268' title='bbox 894 2081 1057 2135; x_wconf 90' lang='lat' dir='ltr'><strong>opera</strong></span> <span class='ocrx_word' id='word_1_269' title='bbox 1091 2066 1158 2120; x_wconf 93' lang='lat' dir='ltr'><strong>de</strong></span> <span class='ocrx_word' id='word_1_270' title='bbox 1203 2065 1447 2123; x_wconf 87' lang='lat' dir='ltr'><strong>Ecclesia</strong></span> <span class='ocrx_word' id='word_1_271' title='bbox 1498 2069 1752 2124; x_wconf 90' lang='lat' dir='ltr'><strong>universa</strong></span> <span class='ocrx_word' id='word_1_272' title='bbox 1779 2067 1982 2122; x_wconf 90' lang='lat' dir='ltr'><strong>meruit</strong></span> <span class='ocrx_word' id='word_1_273' title='bbox 2008 2068 2303 2137; x_wconf 91' lang='lat' dir='ltr'><strong>episcopus</strong></span> <span class='ocrx_word' id='word_1_274' title='bbox 2348 2074 2572 2133; x_wconf 85' lang='lat' dir='ltr'><strong>noster,</strong></span> <span class='ocrx_word' id='word_1_275' title='bbox 2608 2075 2669 2122; x_wconf 92' lang='lat' dir='ltr'><strong>ut</strong></span> <span class='ocrx_word' id='word_1_276' title='bbox 2700 2077 2826 2137; x_wconf 92' lang='lat' dir='ltr'><strong>pote</strong></span> <span class='ocrx_word' id='word_1_277' title='bbox 2854 2069 2948 2139; x_wconf 92' lang='lat' dir='ltr'><strong>qui</strong></span> <span class='ocrx_word' id='word_1_278' title='bbox 3007 2068 3220 2139; x_wconf 89' lang='lat' dir='ltr'><strong>primus</strong></span> <span class='ocrx_word' id='word_1_279' title='bbox 3279 2067 3423 2121; x_wconf 89' lang='lat' dir='ltr'><strong>inter</strong></span> <span class='ocrx_word' id='word_1_280' title='bbox 3480 2065 3781 2137; x_wconf 86' lang='lat' dir='ltr'><strong>scriptores</strong></span> 
     </span>
    </p>
   </div>
   <div class='ocr_carea' id='block_1_22' title="bbox 511 2157 2293 2230">
    <p class='ocr_par' dir='ltr' id='par_1_22' title="bbox 511 2157 2293 2230">
     <span class='ocr_line' id='line_1_22' title="bbox 511 2157 2293 2230; baseline 0.002 -17"><span class='ocrx_word' id='word_1_281' title='bbox 511 2157 858 2213; x_wconf 83' lang='lat' dir='ltr'><strong>Christianos</strong></span> <span class='ocrx_word' id='word_1_282' title='bbox 879 2199 893 2224; x_wconf 94' lang='lat'><strong>,</strong></span> <span class='ocrx_word' id='word_1_283' title='bbox 925 2160 1406 2214; x_wconf 90' lang='lat' dir='ltr'><strong>accuratissimum</strong></span> <span class='ocrx_word' id='word_1_284' title='bbox 1435 2157 1501 2214; x_wconf 85' lang='lat' dir='ltr'><strong>V.</strong></span> <span class='ocrx_word' id='word_1_285' title='bbox 1530 2159 1597 2216; x_wconf 91' lang='grc' dir='ltr'><strong>Τ.</strong></span> <span class='ocrx_word' id='word_1_286' title='bbox 1622 2176 1885 2217; x_wconf 89' lang='lat' dir='ltr'><strong>canonem</strong></span> <span class='ocrx_word' id='word_1_287' title='bbox 1917 2159 2127 2215; x_wconf 89' lang='lat' dir='ltr'><strong>dederit</strong></span> <span class='ocrx_word' id='word_1_288' title='bbox 2155 2158 2293 2230; x_wconf 90' lang='grc'>(42).</span> 
     </span>
    </p>
   </div>
   <div class='ocr_carea' id='block_1_23' title="bbox 581 2247 3781 2321">
    <p class='ocr_par' dir='ltr' id='par_1_23' title="bbox 581 2247 3781 2321">
     <span class='ocr_line' id='line_1_23' title="bbox 581 2247 3781 2321; baseline 0.002 -19"><span class='ocrx_word' id='word_1_289' title='bbox 581 2247 663 2303; x_wconf 88' lang='lat' dir='ltr'><strong>Ex</strong></span> <span class='ocrx_word' id='word_1_290' title='bbox 717 2250 811 2304; x_wconf 90' lang='lat' dir='ltr'><strong>illo</strong></span> <span class='ocrx_word' id='word_1_291' title='bbox 866 2260 1047 2306; x_wconf 90' lang='lat' dir='ltr'><strong>autem</strong></span> <span class='ocrx_word' id='word_1_292' title='bbox 1092 2266 1308 2306; x_wconf 90' lang='lat' dir='ltr'><strong>canone</strong></span> <span class='ocrx_word' id='word_1_293' title='bbox 1357 2253 1503 2307; x_wconf 92' lang='lat' dir='ltr'><strong>male</strong></span> <span class='ocrx_word' id='word_1_294' title='bbox 1552 2254 2004 2318; x_wconf 89' lang='lat' dir='ltr'><strong>concluderetur,</strong></span> <span class='ocrx_word' id='word_1_295' title='bbox 2062 2251 2120 2307; x_wconf 92' lang='lat' dir='ltr'><strong>S.</strong></span> <span class='ocrx_word' id='word_1_296' title='bbox 2177 2251 2489 2307; x_wconf 86' lang='lat' dir='ltr'><strong>Melitonem</strong></span> <span class='ocrx_word' id='word_1_297' title='bbox 2552 2249 2845 2321; x_wconf 70' lang='lat' dir='ltr'><strong>Sapientia:</strong></span> <span class='ocrx_word' id='word_1_298' title='bbox 2888 2250 3088 2305; x_wconf 84' lang='lat' dir='ltr'><strong>librum</strong></span> <span class='ocrx_word' id='word_1_299' title='bbox 3141 2250 3283 2305; x_wconf 90' lang='lat' dir='ltr'><strong>inter</strong></span> <span class='ocrx_word' id='word_1_300' title='bbox 3330 2252 3626 2307; x_wconf 85' lang='lat' dir='ltr'><strong>canonicos</strong></span> <span class='ocrx_word' id='word_1_301' title='bbox 3670 2251 3781 2307; x_wconf 82' lang='lat' dir='ltr'><strong>Vc-</strong></span> 
     </span>
    </p>
   </div>
   <div class='ocr_carea' id='block_1_24' title="bbox 508 2339 3778 2414">
    <p class='ocr_par' dir='ltr' id='par_1_24' title="bbox 508 2339 3778 2414">
     <span class='ocr_line' id='line_1_24' title="bbox 508 2339 3778 2414; baseline 0.002 -21"><span class='ocrx_word' id='word_1_302' title='bbox 508 2339 643 2395; x_wconf 83' lang='lat' dir='ltr'><strong>teris</strong></span> <span class='ocrx_word' id='word_1_303' title='bbox 712 2339 1042 2396; x_wconf 84' lang='lat' dir='ltr'><strong>Testamenti</strong></span> <span class='ocrx_word' id='word_1_304' title='bbox 1126 2342 1486 2399; x_wconf 89' lang='lat' dir='ltr'><strong>recensuisse.</strong></span> <span class='ocrx_word' id='word_1_305' title='bbox 1570 2341 1708 2398; x_wconf 88' lang='lat' dir='ltr'><strong>Eum</strong></span> <span class='ocrx_word' id='word_1_306' title='bbox 1776 2345 1928 2399; x_wconf 91' lang='lat' dir='ltr'><strong>enim</strong></span> <span class='ocrx_word' id='word_1_307' title='bbox 2027 2358 2127 2414; x_wconf 90' lang='lat' dir='ltr'><strong>per</strong></span> <span class='ocrx_word' id='word_1_308' title='bbox 2174 2342 2545 2413; x_wconf 87' lang='lat' dir='ltr'><strong>Sapientiam,</strong></span> <span class='ocrx_word' id='word_1_309' title='bbox 2617 2358 2784 2413; x_wconf 89' lang='lat' dir='ltr'><strong>quam</strong></span> <span class='ocrx_word' id='word_1_310' title='bbox 2860 2341 3175 2397; x_wconf 88' lang='lat' dir='ltr'><strong>Proverbiis</strong></span> <span class='ocrx_word' id='word_1_311' title='bbox 3252 2341 3565 2398; x_wconf 91' lang='lat' dir='ltr'><strong>Salomonis</strong></span> <span class='ocrx_word' id='word_1_312' title='bbox 3641 2343 3778 2398; x_wconf 89' lang='lat' dir='ltr'><strong>sub-</strong></span> 
     </span>
    </p>
   </div>
   <div class='ocr_carea' id='block_1_25' title="bbox 501 2430 3783 2506">
    <p class='ocr_par' dir='ltr' id='par_1_25' title="bbox 501 2430 3783 2506">
     <span class='ocr_line' id='line_1_25' title="bbox 501 2430 3783 2506; baseline 0.002 -23"><span class='ocrx_word' id='word_1_313' title='bbox 501 2430 686 2501; x_wconf 88' lang='lat' dir='ltr'><strong>jungit</strong></span> <span class='ocrx_word' id='word_1_314' title='bbox 714 2472 730 2497; x_wconf 94' lang='lat'><strong>,</strong></span> <span class='ocrx_word' id='word_1_315' title='bbox 789 2446 902 2487; x_wconf 90' lang='lat' dir='ltr'><strong>non</strong></span> <span class='ocrx_word' id='word_1_316' title='bbox 960 2434 1294 2491; x_wconf 85' lang='lat' dir='ltr'><strong>intellexisse</strong></span> <span class='ocrx_word' id='word_1_317' title='bbox 1362 2435 1564 2490; x_wconf 85' lang='lat' dir='ltr'><strong>librum</strong></span> <span class='ocrx_word' id='word_1_318' title='bbox 1619 2435 1939 2506; x_wconf 59' lang='lat' dir='ltr'><strong>Sapientia,</strong></span> <span class='ocrx_word' id='word_1_319' title='bbox 2006 2436 2200 2491; x_wconf 65' lang='lat' dir='ltr'><strong>Graeco</strong></span> <span class='ocrx_word' id='word_1_320' title='bbox 2231 2436 2493 2491; x_wconf 92' lang='lat' dir='ltr'><strong>idiomate</strong></span> <span class='ocrx_word' id='word_1_321' title='bbox 2523 2434 2592 2490; x_wconf 93' lang='lat' dir='ltr'><strong>ab</strong></span> <span class='ocrx_word' id='word_1_322' title='bbox 2622 2436 2832 2489; x_wconf 91' lang='lat' dir='ltr'><strong>incerto</strong></span> <span class='ocrx_word' id='word_1_323' title='bbox 2861 2444 3083 2489; x_wconf 90' lang='lat' dir='ltr'><strong>auctore</strong></span> <span class='ocrx_word' id='word_1_324' title='bbox 3112 2435 3500 2504; x_wconf 89' lang='lat' dir='ltr'><strong>compositum,</strong></span> <span class='ocrx_word' id='word_1_325' title='bbox 3534 2434 3628 2489; x_wconf 92' lang='lat' dir='ltr'><strong>sed</strong></span> <span class='ocrx_word' id='word_1_326' title='bbox 3660 2434 3783 2503; x_wconf 83' lang='lat' dir='ltr'><strong>ipsa</strong></span> 
     </span>
    </p>
   </div>
   <div class='ocr_carea' id='block_1_26' title="bbox 508 2522 3780 2601">
    <p class='ocr_par' dir='ltr' id='par_1_26' title="bbox 508 2522 3780 2601">
     <span class='ocr_line' id='line_1_26' title="bbox 508 2522 3780 2601; baseline 0.001 -24"><span class='ocrx_word' id='word_1_327' title='bbox 508 2522 803 2581; x_wconf 84' lang='lat' dir='ltr'><strong>Proverbia</strong></span> <span class='ocrx_word' id='word_1_328' title='bbox 838 2525 1175 2595; x_wconf 91' lang='lat' dir='ltr'><strong>Salomonis,</strong></span> <span class='ocrx_word' id='word_1_329' title='bbox 1198 2530 1555 2600; x_wconf 90' lang='lat' dir='ltr'><strong>sequentibus</strong></span> <span class='ocrx_word' id='word_1_330' title='bbox 1591 2531 1841 2585; x_wconf 89' lang='lat' dir='ltr'><strong>evincam</strong></span> <span class='ocrx_word' id='word_1_331' title='bbox 1872 2532 2200 2587; x_wconf 89' lang='lat' dir='ltr'><strong>rationibus.</strong></span> <span class='ocrx_word' id='word_1_332' title='bbox 2230 2529 2419 2585; x_wconf 89' lang='lat' dir='ltr'><strong>Primo</strong></span> <span class='ocrx_word' id='word_1_333' title='bbox 2449 2530 2685 2601; x_wconf 88' lang='lat' dir='ltr'><strong>genuina</strong></span> <span class='ocrx_word' id='word_1_334' title='bbox 2716 2530 2877 2584; x_wconf 91' lang='lat' dir='ltr'><strong>lectio</strong></span> <span class='ocrx_word' id='word_1_335' title='bbox 2905 2530 3212 2585; x_wconf 89' lang='lat' dir='ltr'><strong>adhibenda</strong></span> <span class='ocrx_word' id='word_1_336' title='bbox 3243 2539 3345 2595; x_wconf 91' lang='lat' dir='ltr'><strong>est,</strong></span> <span class='ocrx_word' id='word_1_337' title='bbox 3380 2544 3501 2600; x_wconf 72' lang='lat' dir='ltr'><strong>qua:</strong></span> <span class='ocrx_word' id='word_1_338' title='bbox 3533 2544 3643 2583; x_wconf 90' lang='lat' dir='ltr'><strong>non</strong></span> <span class='ocrx_word' id='word_1_339' title='bbox 3679 2528 3780 2581; x_wconf 88' lang='lat' dir='ltr'><strong>ha-</strong></span> 
     </span>
    </p>
   </div>
   <div class='ocr_carea' id='block_1_27' title="bbox 510 2614 2088 2696">
    <p class='ocr_par' dir='ltr' id='par_1_27' title="bbox 510 2614 2088 2696">
     <span class='ocr_line' id='line_1_27' title="bbox 510 2614 2088 2696; baseline 0.003 -25"><span class='ocrx_word' id='word_1_340' title='bbox 510 2614 622 2683; x_wconf 82' lang='lat' dir='ltr'><strong>bet,</strong></span> <span class='ocrx_word' id='word_1_341' title='bbox 655 2619 736 2673; x_wconf 93' lang='lat' dir='ltr'><strong>uti</strong></span> <span class='ocrx_word' id='word_1_342' title='bbox 765 2618 1034 2676; x_wconf 87' lang='lat' dir='ltr'><strong>editiones</strong></span> <span class='ocrx_word' id='word_1_343' title='bbox 1060 2623 1337 2677; x_wconf 67' lang='lat' dir='ltr'><strong>nonnulla:</strong></span> <span class='ocrx_word' id='word_1_344' title='bbox 1359 2622 1578 2677; x_wconf 91' lang='lat' dir='ltr'><strong>Eusebii</strong></span> <span class='ocrx_word' id='word_1_345' title='bbox 1608 2625 1829 2695; x_wconf 84' lang='lat' dir='ltr'><strong>legunt:</strong></span> <span class='ocrx_word' id='word_1_346' title='bbox 1861 2626 2088 2696; x_wconf 75' lang='grc' dir='ltr'><strong>Παροιμί</strong></span> 
     </span>
    </p>
   </div>
   <div class='ocr_carea' id='block_1_28' title="bbox 2193 2614 3777 2696">
    <p class='ocr_par' dir='ltr' id='par_1_28' title="bbox 2193 2622 3777 2694">
     <span class='ocr_line' id='line_1_28' title="bbox 2193 2622 3777 2694; baseline -0.004 -16"><span class='ocrx_word' id='word_1_347' title='bbox 2193 2624 2288 2678; x_wconf 71' lang='grc' dir='ltr'><strong>καὶ</strong></span> <span class='ocrx_word' id='word_1_348' title='bbox 2315 2624 2350 2694; x_wconf 84' lang='grc' dir='ltr'>ἡ</span> <span class='ocrx_word' id='word_1_349' title='bbox 2388 2623 2575 2692; x_wconf 77' lang='grc' dir='ltr'><strong>Σοφία,</strong></span> <span class='ocrx_word' id='word_1_350' title='bbox 2607 2622 2701 2677; x_wconf 92' lang='lat' dir='ltr'><strong>sed</strong></span> <span class='ocrx_word' id='word_1_351' title='bbox 2736 2630 2797 2677; x_wconf 93' lang='lat' dir='ltr'><strong>ut</strong></span> <span class='ocrx_word' id='word_1_352' title='bbox 2834 2637 2901 2677; x_wconf 85' lang='lat' dir='ltr'><strong>ex</strong></span> <span class='ocrx_word' id='word_1_353' title='bbox 2931 2622 3036 2677; x_wconf 88' lang='lat' dir='ltr'><strong>ﬁde</strong></span> <span class='ocrx_word' id='word_1_354' title='bbox 3065 2622 3650 2693; x_wconf 62' lang='lat' dir='ltr'><strong>praestantissimorum</strong></span> <span class='ocrx_word' id='word_1_355' title='bbox 3675 2632 3777 2673; x_wconf 89' lang='lat' dir='ltr'><strong>co-</strong></span> 
     </span>
    </p>
   </div>
   <div class='ocr_carea' id='block_1_29' title="bbox 501 2707 2088 2783">
    <p class='ocr_par' dir='ltr' id='par_1_29' title="bbox 501 2709 2088 2783">
     <span class='ocr_line' id='line_1_29' title="bbox 501 2709 2088 2783; baseline -0.001 -16"><span class='ocrx_word' id='word_1_356' title='bbox 501 2710 688 2767; x_wconf 86' lang='lat' dir='ltr'><strong>dicum</strong></span> <span class='ocrx_word' id='word_1_357' title='bbox 723 2726 755 2765; x_wconf 92' lang='lat' dir='ltr'><strong>a</strong></span> <span class='ocrx_word' id='word_1_358' title='bbox 788 2709 1008 2767; x_wconf 85' lang='lat' dir='ltr'><strong>Valcsio</strong></span> <span class='ocrx_word' id='word_1_359' title='bbox 1040 2711 1250 2782; x_wconf 77' lang='grc'>(45·44)</span> <span class='ocrx_word' id='word_1_360' title='bbox 1281 2711 1588 2766; x_wconf 90' lang='lat' dir='ltr'><strong>restituitur</strong></span> <span class='ocrx_word' id='word_1_361' title='bbox 1621 2730 1634 2765; x_wconf 88' lang='lat'><strong>:</strong></span> <span class='ocrx_word' id='word_1_362' title='bbox 1670 2712 1969 2783; x_wconf 85' lang='grc' dir='ltr'><strong>Παροιμίαι</strong></span> <span class='ocrx_word' id='word_1_363' title='bbox 2001 2713 2058 2767; x_wconf 83' lang='grc' dir='ltr'>αἳ</span> <span class='ocrx_word' id='word_1_364' title='bbox 2085 2732 2088 2740; x_wconf 64' lang='grc' dir='ltr'><strong><em>ι</em></strong></span> 
     </span>
    </p>
   </div>
   <div class='ocr_carea' id='block_1_30' title="bbox 2193 2707 3789 2783">
    <p class='ocr_par' dir='ltr' id='par_1_30' title="bbox 2206 2707 3789 2782">
     <span class='ocr_line' id='line_1_30' title="bbox 2206 2707 3789 2782; baseline -0.004 -17"><span class='ocrx_word' id='word_1_365' title='bbox 2206 2712 2396 2782; x_wconf 75' lang='grc' dir='ltr'><strong>Σοφία,</strong></span> <span class='ocrx_word' id='word_1_366' title='bbox 2421 2712 2495 2767; x_wconf 92' lang='lat' dir='ltr'><strong>ita</strong></span> <span class='ocrx_word' id='word_1_367' title='bbox 2516 2720 2579 2768; x_wconf 92' lang='lat' dir='ltr'><strong>ut</strong></span> <span class='ocrx_word' id='word_1_368' title='bbox 2603 2710 2896 2769; x_wconf 86' lang='lat' dir='ltr'><strong>Proverbia</strong></span> <span class='ocrx_word' id='word_1_369' title='bbox 2931 2710 3243 2766; x_wconf 88' lang='lat' dir='ltr'><strong>Salomonis</strong></span> <span class='ocrx_word' id='word_1_370' title='bbox 3274 2723 3368 2777; x_wconf 89' lang='lat' dir='ltr'><strong>per</strong></span> <span class='ocrx_word' id='word_1_371' title='bbox 3388 2707 3789 2777; x_wconf 89' lang='lat' dir='ltr'><strong>appositionem</strong></span> 
     </span>
    </p>
   </div>
   <div class='ocr_carea' id='block_1_31' title="bbox 502 2800 3789 2879">
    <p class='ocr_par' dir='ltr' id='par_1_31' title="bbox 502 2800 3789 2879">
     <span class='ocr_line' id='line_1_31' title="bbox 502 2800 3789 2879; baseline -0.002 -16"><span class='ocrx_word' id='word_1_372' title='bbox 502 2809 918 2879; x_wconf 83' lang='lat' dir='ltr'><strong>grammaticam</strong></span> <span class='ocrx_word' id='word_1_373' title='bbox 950 2807 1228 2878; x_wconf 87' lang='lat' dir='ltr'><strong>Sapientia</strong></span> <span class='ocrx_word' id='word_1_374' title='bbox 1250 2822 1470 2879; x_wconf 89' lang='lat' dir='ltr'><strong>quoque</strong></span> <span class='ocrx_word' id='word_1_375' title='bbox 1492 2818 1773 2862; x_wconf 90' lang='lat' dir='ltr'><strong>vocentur.</strong></span> <span class='ocrx_word' id='word_1_376' title='bbox 1803 2807 2007 2863; x_wconf 83' lang='lat' dir='ltr'><strong>Deinde</strong></span> <span class='ocrx_word' id='word_1_377' title='bbox 2030 2808 2126 2862; x_wconf 92' lang='lat' dir='ltr'><strong>toti</strong></span> <span class='ocrx_word' id='word_1_378' title='bbox 2150 2807 2500 2876; x_wconf 89' lang='lat' dir='ltr'><strong>antiquorum</strong></span> <span class='ocrx_word' id='word_1_379' title='bbox 2527 2806 2695 2859; x_wconf 91' lang='lat' dir='ltr'><strong>choro</strong></span> <span class='ocrx_word' id='word_1_380' title='bbox 2722 2803 2991 2858; x_wconf 83' lang='lat' dir='ltr'><strong>familiare</strong></span> <span class='ocrx_word' id='word_1_381' title='bbox 3013 2802 3137 2867; x_wconf 84' lang='lat' dir='ltr'><strong>fuit,</strong></span> <span class='ocrx_word' id='word_1_382' title='bbox 3164 2801 3451 2856; x_wconf 81' lang='lat' dir='ltr'><strong>Proverbia</strong></span> <span class='ocrx_word' id='word_1_383' title='bbox 3477 2800 3789 2855; x_wconf 89' lang='lat' dir='ltr'><strong>Salomonis</strong></span> 
     </span>
    </p>
   </div>
   <div class='ocr_carea' id='block_1_32' title="bbox 504 2896 3792 2975">
    <p class='ocr_par' dir='ltr' id='par_1_32' title="bbox 504 2896 3792 2975">
     <span class='ocr_line' id='line_1_32' title="bbox 504 2896 3792 2975; baseline -0.003 -18"><span class='ocrx_word' id='word_1_384' title='bbox 504 2902 843 2975; x_wconf 85' lang='lat' dir='ltr'><strong>Sapientiam</strong></span> <span class='ocrx_word' id='word_1_385' title='bbox 878 2918 1097 2966; x_wconf 87' lang='lat' dir='ltr'><strong>vocare,</strong></span> <span class='ocrx_word' id='word_1_386' title='bbox 1132 2912 1268 2957; x_wconf 88' lang='lat' dir='ltr'><strong>teste</strong></span> <span class='ocrx_word' id='word_1_387' title='bbox 1294 2902 1533 2958; x_wconf 89' lang='lat' dir='ltr'><strong>Eusebio</strong></span> <span class='ocrx_word' id='word_1_388' title='bbox 1556 2902 1666 2972; x_wconf 79' lang='grc'>(45)</span> <span class='ocrx_word' id='word_1_389' title='bbox 1696 2912 1749 2956; x_wconf 94' lang='lat' dir='ltr'><strong>et</strong></span> <span class='ocrx_word' id='word_1_390' title='bbox 1770 2900 2079 2956; x_wconf 91' lang='lat' dir='ltr'><strong>Lombardo</strong></span> <span class='ocrx_word' id='word_1_391' title='bbox 2107 2901 2246 2973; x_wconf 80' lang='grc'>(46),</span> <span class='ocrx_word' id='word_1_392' title='bbox 2270 2901 2364 2971; x_wconf 91' lang='lat' dir='ltr'><strong>qui</strong></span> <span class='ocrx_word' id='word_1_393' title='bbox 2400 2900 2588 2954; x_wconf 91' lang='lat' dir='ltr'><strong>multis</strong></span> <span class='ocrx_word' id='word_1_394' title='bbox 2617 2908 2740 2970; x_wconf 87' lang='lat' dir='ltr'><strong>post</strong></span> <span class='ocrx_word' id='word_1_395' title='bbox 2766 2898 3045 2952; x_wconf 89' lang='lat' dir='ltr'><strong>Christum</strong></span> <span class='ocrx_word' id='word_1_396' title='bbox 3074 2897 3287 2952; x_wconf 83' lang='lat' dir='ltr'><strong>saeculis</strong></span> <span class='ocrx_word' id='word_1_397' title='bbox 3311 2897 3469 2951; x_wconf 92' lang='lat' dir='ltr'><strong>titulo</strong></span> <span class='ocrx_word' id='word_1_398' title='bbox 3498 2896 3792 2966; x_wconf 73' lang='lat' dir='ltr'><strong>Sapientia:</strong></span> 
     </span>
    </p>
   </div>
   <div class='ocr_carea' id='block_1_33' title="bbox 504 2984 3791 3062">
    <p class='ocr_par' dir='ltr' id='par_1_33' title="bbox 504 2984 3791 3062">
     <span class='ocr_line' id='line_1_33' title="bbox 504 2984 3791 3062; baseline -0.002 -13"><span class='ocrx_word' id='word_1_399' title='bbox 504 2993 801 3049; x_wconf 86' lang='lat' dir='ltr'><strong>Proverbia</strong></span> <span class='ocrx_word' id='word_1_400' title='bbox 832 2993 1036 3049; x_wconf 88' lang='lat' dir='ltr'><strong>citavit.</strong></span> <span class='ocrx_word' id='word_1_401' title='bbox 1072 2991 1226 3048; x_wconf 88' lang='lat' dir='ltr'><strong>Unde</strong></span> <span class='ocrx_word' id='word_1_402' title='bbox 1260 2992 1427 3048; x_wconf 89' lang='lat' dir='ltr'><strong>etiam</strong></span> <span class='ocrx_word' id='word_1_403' title='bbox 1477 2992 1707 3062; x_wconf 85' lang='lat' dir='ltr'><strong>ipsemet</strong></span> <span class='ocrx_word' id='word_1_404' title='bbox 1741 2991 1993 3047; x_wconf 80' lang='lat' dir='ltr'><strong>Valesius</strong></span> <span class='ocrx_word' id='word_1_405' title='bbox 2034 3003 2221 3047; x_wconf 90' lang='lat' dir='ltr'><strong>contra</strong></span> <span class='ocrx_word' id='word_1_406' title='bbox 2276 2991 2492 3046; x_wconf 89' lang='lat' dir='ltr'><strong>sodales</strong></span> <span class='ocrx_word' id='word_1_407' title='bbox 2527 2990 2794 3061; x_wconf 88' lang='lat' dir='ltr'><strong>agnoscit,</strong></span> <span class='ocrx_word' id='word_1_408' title='bbox 2829 2988 3138 3043; x_wconf 83' lang='lat' dir='ltr'><strong>Melitonem</strong></span> <span class='ocrx_word' id='word_1_409' title='bbox 3174 3005 3268 3057; x_wconf 89' lang='lat' dir='ltr'><strong>per</strong></span> <span class='ocrx_word' id='word_1_410' title='bbox 3291 2986 3625 3057; x_wconf 89' lang='lat' dir='ltr'><strong>Sapientiam</strong></span> <span class='ocrx_word' id='word_1_411' title='bbox 3655 2984 3791 3041; x_wconf 87' lang='lat' dir='ltr'><strong>Pro-</strong></span> 
     </span>
    </p>
   </div>
   <div class='ocr_carea' id='block_1_34' title="bbox 502 3079 3789 3155">
    <p class='ocr_par' dir='ltr' id='par_1_34' title="bbox 502 3079 3789 3155">
     <span class='ocr_line' id='line_1_34' title="bbox 502 3079 3789 3155; baseline -0.003 -13"><span class='ocrx_word' id='word_1_412' title='bbox 502 3086 690 3142; x_wconf 87' lang='lat' dir='ltr'><strong>verbia</strong></span> <span class='ocrx_word' id='word_1_413' title='bbox 722 3088 825 3142; x_wconf 91' lang='lat' dir='ltr'><strong>hoc</strong></span> <span class='ocrx_word' id='word_1_414' title='bbox 855 3087 976 3141; x_wconf 92' lang='lat' dir='ltr'><strong>loco</strong></span> <span class='ocrx_word' id='word_1_415' title='bbox 1008 3085 1346 3155; x_wconf 87' lang='lat' dir='ltr'><strong>indigitasse.</strong></span> <span class='ocrx_word' id='word_1_416' title='bbox 1379 3083 1551 3139; x_wconf 88' lang='lat' dir='ltr'><strong>Porro</strong></span> <span class='ocrx_word' id='word_1_417' title='bbox 1578 3099 1819 3155; x_wconf 89' lang='lat' dir='ltr'><strong>provoco</strong></span> <span class='ocrx_word' id='word_1_418' title='bbox 1852 3083 1917 3139; x_wconf 94' lang='lat' dir='ltr'><strong>ad</strong></span> <span class='ocrx_word' id='word_1_419' title='bbox 1954 3082 2153 3138; x_wconf 80' lang='lat' dir='ltr'><strong>Bullini</strong></span> <span class='ocrx_word' id='word_1_420' title='bbox 2184 3084 2517 3151; x_wconf 84' lang='lat' dir='ltr'><strong>versionem,</strong></span> <span class='ocrx_word' id='word_1_421' title='bbox 2548 3082 2640 3153; x_wconf 93' lang='lat' dir='ltr'><strong>qui</strong></span> <span class='ocrx_word' id='word_1_422' title='bbox 2688 3083 2762 3136; x_wconf 87' lang='lat' dir='ltr'><strong>ita</strong></span> <span class='ocrx_word' id='word_1_423' title='bbox 2795 3081 3074 3137; x_wconf 86' lang='lat' dir='ltr'><strong>transtulit</strong></span> <span class='ocrx_word' id='word_1_424' title='bbox 3109 3097 3123 3134; x_wconf 91' lang='lat'><strong>:</strong></span> <span class='ocrx_word' id='word_1_425' title='bbox 3154 3099 3171 3131; x_wconf 78' lang='grc' dir='ltr'>ι</span> <span class='ocrx_word' id='word_1_426' title='bbox 3215 3079 3525 3135; x_wconf 90' lang='lat' dir='ltr'><strong>Salomonis</strong></span> <span class='ocrx_word' id='word_1_427' title='bbox 3553 3079 3789 3135; x_wconf 77' lang='lat' dir='ltr'><strong>Prover-</strong></span> 
     </span>
    </p>
   </div>
   <div class='ocr_carea' id='block_1_35' title="bbox 502 3173 3792 3254">
    <p class='ocr_par' dir='ltr' id='par_1_35' title="bbox 502 3173 3792 3254">
     <span class='ocr_line' id='line_1_35' title="bbox 502 3173 3792 3254; baseline -0.004 -14"><span class='ocrx_word' id='word_1_428' title='bbox 502 3184 618 3250; x_wconf 87' lang='lat' dir='ltr'><strong>bia,</strong></span> <span class='ocrx_word' id='word_1_429' title='bbox 653 3200 774 3253; x_wconf 65' lang='lat' dir='ltr'><strong>quae</strong></span> <span class='ocrx_word' id='word_1_430' title='bbox 807 3192 861 3239; x_wconf 91' lang='lat' dir='ltr'><strong>et</strong></span> <span class='ocrx_word' id='word_1_431' title='bbox 892 3182 1193 3254; x_wconf 85' lang='lat' dir='ltr'><strong>Sapientia.</strong></span> <span class='ocrx_word' id='word_1_432' title='bbox 1232 3201 1250 3234; x_wconf 72' lang='grc' dir='ltr'><strong><em>ι</em></strong></span> <span class='ocrx_word' id='word_1_433' title='bbox 1282 3179 1349 3234; x_wconf 84' lang='grc' dir='ltr'><strong>Ει</strong></span> <span class='ocrx_word' id='word_1_434' title='bbox 1384 3189 1445 3235; x_wconf 92' lang='lat' dir='ltr'><strong>ut</strong></span> <span class='ocrx_word' id='word_1_435' title='bbox 1487 3180 1708 3235; x_wconf 89' lang='lat' dir='ltr'><strong>tandem</strong></span> <span class='ocrx_word' id='word_1_436' title='bbox 1755 3180 1973 3250; x_wconf 88' lang='lat' dir='ltr'><strong>penitus</strong></span> <span class='ocrx_word' id='word_1_437' title='bbox 2005 3195 2120 3235; x_wconf 87' lang='lat' dir='ltr'><strong>rem</strong></span> <span class='ocrx_word' id='word_1_438' title='bbox 2159 3178 2475 3242; x_wconf 84' lang='lat' dir='ltr'><strong>conﬁciam,</strong></span> <span class='ocrx_word' id='word_1_439' title='bbox 2510 3193 2841 3248; x_wconf 82' lang='lat' dir='ltr'><strong>omnemque</strong></span> <span class='ocrx_word' id='word_1_440' title='bbox 2882 3174 3199 3247; x_wconf 86' lang='lat' dir='ltr'><strong>scrupulum</strong></span> <span class='ocrx_word' id='word_1_441' title='bbox 3229 3174 3487 3235; x_wconf 84' lang='lat' dir='ltr'><strong>eximam,</strong></span> <span class='ocrx_word' id='word_1_442' title='bbox 3522 3189 3590 3227; x_wconf 82' lang='lat' dir='ltr'><strong>ex</strong></span> <span class='ocrx_word' id='word_1_443' title='bbox 3618 3173 3792 3243; x_wconf 89' lang='lat' dir='ltr'><strong>ipsius</strong></span> 
     </span>
    </p>
   </div>
   <div class='ocr_carea' id='block_1_36' title="bbox 505 3266 3789 3347">
    <p class='ocr_par' dir='ltr' id='par_1_36' title="bbox 505 3266 3789 3347">
     <span class='ocr_line' id='line_1_36' title="bbox 505 3266 3789 3347; baseline -0.002 -17"><span class='ocrx_word' id='word_1_444' title='bbox 505 3276 784 3333; x_wconf 81' lang='lat' dir='ltr'><strong>Melitonis</strong></span> <span class='ocrx_word' id='word_1_445' title='bbox 813 3276 976 3343; x_wconf 91' lang='lat' dir='ltr'><strong>libro,</strong></span> <span class='ocrx_word' id='word_1_446' title='bbox 1000 3293 1162 3347; x_wconf 91' lang='lat' dir='ltr'><strong>quem</strong></span> <span class='ocrx_word' id='word_1_447' title='bbox 1194 3277 1399 3333; x_wconf 82' lang='lat' dir='ltr'><strong>Clavim</strong></span> <span class='ocrx_word' id='word_1_448' title='bbox 1432 3278 1669 3340; x_wconf 86' lang='lat' dir='ltr'><strong>vocavit,</strong></span> <span class='ocrx_word' id='word_1_449' title='bbox 1699 3275 1926 3332; x_wconf 83' lang='lat' dir='ltr'><strong>alleram</strong></span> <span class='ocrx_word' id='word_1_450' title='bbox 1954 3277 2159 3343; x_wconf 92' lang='lat' dir='ltr'><strong>locum,</strong></span> <span class='ocrx_word' id='word_1_451' title='bbox 2196 3277 2249 3331; x_wconf 93' lang='lat' dir='ltr'><strong>in</strong></span> <span class='ocrx_word' id='word_1_452' title='bbox 2276 3291 2387 3346; x_wconf 90' lang='lat' dir='ltr'><strong>quo</strong></span> <span class='ocrx_word' id='word_1_453' title='bbox 2414 3290 2479 3330; x_wconf 85' lang='lat' dir='ltr'><strong>ex</strong></span> <span class='ocrx_word' id='word_1_454' title='bbox 2514 3274 2805 3344; x_wconf 74' lang='lat' dir='ltr'><strong>Sapientia:</strong></span> <span class='ocrx_word' id='word_1_455' title='bbox 2835 3273 2974 3327; x_wconf 89' lang='lat' dir='ltr'><strong>libro</strong></span> <span class='ocrx_word' id='word_1_456' title='bbox 2998 3270 3183 3326; x_wconf 84' lang='lat' dir='ltr'><strong>citavit</strong></span> <span class='ocrx_word' id='word_1_457' title='bbox 3210 3269 3373 3323; x_wconf 86' lang='lat' dir='ltr'><strong>verba</strong></span> <span class='ocrx_word' id='word_1_458' title='bbox 3402 3268 3455 3321; x_wconf 94' lang='lat' dir='ltr'><strong>in</strong></span> <span class='ocrx_word' id='word_1_459' title='bbox 3480 3266 3789 3324; x_wconf 86' lang='lat' dir='ltr'><strong>Proverbiis</strong></span> 
     </span>
    </p>
   </div>
   <div class='ocr_carea' id='block_1_37' title="bbox 504 3359 3791 3440">
    <p class='ocr_par' dir='ltr' id='par_1_37' title="bbox 504 3359 3791 3440">
     <span class='ocr_line' id='line_1_37' title="bbox 504 3359 3791 3440; baseline -0.002 -20"><span class='ocrx_word' id='word_1_460' title='bbox 504 3367 847 3437; x_wconf 85' lang='lat' dir='ltr'><strong>reperienda.</strong></span> <span class='ocrx_word' id='word_1_461' title='bbox 885 3366 983 3423; x_wconf 87' lang='lat' dir='ltr'><strong>Est</strong></span> <span class='ocrx_word' id='word_1_462' title='bbox 1006 3384 1246 3440; x_wconf 89' lang='lat' dir='ltr'><strong>namque</strong></span> <span class='ocrx_word' id='word_1_463' title='bbox 1280 3370 1580 3439; x_wconf 90' lang='lat' dir='ltr'><strong>pretiosum</strong></span> <span class='ocrx_word' id='word_1_464' title='bbox 1612 3368 1780 3424; x_wconf 91' lang='lat' dir='ltr'><strong>hocce</strong></span> <span class='ocrx_word' id='word_1_465' title='bbox 1821 3368 2167 3438; x_wconf 89' lang='lat' dir='ltr'><strong>antiquitatis</strong></span> <span class='ocrx_word' id='word_1_466' title='bbox 2190 3377 2607 3423; x_wconf 87' lang='lat' dir='ltr'><strong>monumentum</strong></span> <span class='ocrx_word' id='word_1_467' title='bbox 2637 3367 2772 3437; x_wconf 90' lang='grc'>(47),</span> <span class='ocrx_word' id='word_1_468' title='bbox 2806 3366 2949 3435; x_wconf 91' lang='lat' dir='ltr'><strong>quod</strong></span> <span class='ocrx_word' id='word_1_469' title='bbox 2978 3364 3183 3417; x_wconf 87' lang='lat' dir='ltr'><strong>Clavim</strong></span> <span class='ocrx_word' id='word_1_470' title='bbox 3211 3359 3445 3422; x_wconf 88' lang='lat' dir='ltr'><strong>vocavit,</strong></span> <span class='ocrx_word' id='word_1_471' title='bbox 3479 3373 3643 3429; x_wconf 80' lang='lat' dir='ltr'><strong>penes</strong></span> <span class='ocrx_word' id='word_1_472' title='bbox 3675 3374 3791 3427; x_wconf 86' lang='lat' dir='ltr'><strong>me,</strong></span> 
     </span>
    </p>
   </div>
   <div class='ocr_carea' id='block_1_38' title="bbox 504 3450 3788 3528">
    <p class='ocr_par' dir='ltr' id='par_1_38' title="bbox 504 3450 3788 3528">
     <span class='ocr_line' id='line_1_38' title="bbox 504 3450 3788 3528; baseline -0.004 -15"><span class='ocrx_word' id='word_1_473' title='bbox 504 3450 574 3513; x_wconf 81' lang='lat' dir='ltr'><strong>ex</strong></span> <span class='ocrx_word' id='word_1_474' title='bbox 612 3459 819 3527; x_wconf 91' lang='lat' dir='ltr'><strong>duplici</strong></span> <span class='ocrx_word' id='word_1_475' title='bbox 854 3460 1044 3515; x_wconf 91' lang='lat' dir='ltr'><strong>codice</strong></span> <span class='ocrx_word' id='word_1_476' title='bbox 1080 3459 1333 3517; x_wconf 91' lang='lat' dir='ltr'><strong>Parisino</strong></span> <span class='ocrx_word' id='word_1_477' title='bbox 1376 3458 1733 3528; x_wconf 90' lang='lat' dir='ltr'><strong>descriptum,</strong></span> <span class='ocrx_word' id='word_1_478' title='bbox 1777 3458 1961 3527; x_wconf 91' lang='lat' dir='ltr'><strong>ibique</strong></span> <span class='ocrx_word' id='word_1_479' title='bbox 2000 3464 2055 3513; x_wconf 85' lang='lat' dir='ltr'><strong>in</strong></span> <span class='ocrx_word' id='word_1_480' title='bbox 2092 3459 2199 3513; x_wconf 90' lang='lat' dir='ltr'><strong>isto</strong></span> <span class='ocrx_word' id='word_1_481' title='bbox 2249 3456 2452 3525; x_wconf 88' lang='lat' dir='ltr'><strong>capite,</strong></span> <span class='ocrx_word' id='word_1_482' title='bbox 2490 3455 2637 3523; x_wconf 89' lang='lat' dir='ltr'><strong>quod</strong></span> <span class='ocrx_word' id='word_1_483' title='bbox 2682 3453 2761 3509; x_wconf 85' lang='lat' dir='ltr'><strong>De</strong></span> <span class='ocrx_word' id='word_1_484' title='bbox 2788 3455 2947 3507; x_wconf 78' lang='lat' dir='ltr'><strong>variis</strong></span> <span class='ocrx_word' id='word_1_485' title='bbox 2983 3451 3333 3516; x_wconf 72' lang='lat' dir='ltr'><strong>wdi/iciorum</strong></span> <span class='ocrx_word' id='word_1_486' title='bbox 3362 3450 3629 3501; x_wconf 81' lang='lat' dir='ltr'><strong>vocabulis</strong></span> <span class='ocrx_word' id='word_1_487' title='bbox 3654 3450 3788 3516; x_wconf 84' lang='lat' dir='ltr'><strong>agit,</strong></span> 
     </span>
    </p>
   </div>
   <div class='ocr_carea' id='block_1_39' title="bbox 517 3538 3782 3615">
    <p class='ocr_par' dir='ltr' id='par_1_39' title="bbox 517 3538 3782 3615">
     <span class='ocr_line' id='line_1_39' title="bbox 517 3538 3782 3615; baseline -0.003 -14"><span class='ocrx_word' id='word_1_488' title='bbox 517 3553 586 3601; x_wconf 79' lang='lat' dir='ltr'><strong>ad</strong></span> <span class='ocrx_word' id='word_1_489' title='bbox 618 3561 807 3601; x_wconf 89' lang='lat' dir='ltr'><strong>vocem</strong></span> <span class='ocrx_word' id='word_1_490' title='bbox 840 3546 1042 3601; x_wconf 79' lang='lat' dir='ltr'><strong>Domus</strong></span> <span class='ocrx_word' id='word_1_491' title='bbox 1080 3554 1399 3615; x_wconf 87' lang='lat' dir='ltr'><strong>sequentem</strong></span> <span class='ocrx_word' id='word_1_492' title='bbox 1434 3545 1618 3599; x_wconf 88' lang='lat' dir='ltr'><strong>inveni</strong></span> <span class='ocrx_word' id='word_1_493' title='bbox 1647 3544 2110 3612; x_wconf 85' lang='lat' dir='ltr'><strong>explicationem:</strong></span> <span class='ocrx_word' id='word_1_494' title='bbox 2152 3562 2171 3596; x_wconf 85' lang='grc'><em>‹</em></span> <span class='ocrx_word' id='word_1_495' title='bbox 2203 3542 2428 3608; x_wconf 90' lang='lat' dir='ltr'><strong>Domus,</strong></span> <span class='ocrx_word' id='word_1_496' title='bbox 2464 3558 2595 3597; x_wconf 87' lang='lat' dir='ltr'><strong>caro</strong></span> <span class='ocrx_word' id='word_1_497' title='bbox 2642 3540 2951 3594; x_wconf 88' lang='lat' dir='ltr'><strong>Salvatoris</strong></span> <span class='ocrx_word' id='word_1_498' title='bbox 2986 3550 3302 3607; x_wconf 88' lang='lat' dir='ltr'><strong>assumpta,</strong></span> <span class='ocrx_word' id='word_1_499' title='bbox 3335 3538 3420 3592; x_wconf 91' lang='lat' dir='ltr'><strong>vel</strong></span> <span class='ocrx_word' id='word_1_500' title='bbox 3452 3547 3640 3593; x_wconf 90' lang='lat' dir='ltr'><strong>sancta</strong></span> <span class='ocrx_word' id='word_1_501' title='bbox 3676 3538 3782 3592; x_wconf 86' lang='lat' dir='ltr'><strong>Ec-</strong></span> 
     </span>
    </p>
   </div>
   <div class='ocr_carea' id='block_1_40' title="bbox 513 3626 3781 3711">
    <p class='ocr_par' dir='ltr' id='par_1_40' title="bbox 513 3626 3781 3711">
     <span class='ocr_line' id='line_1_40' title="bbox 513 3626 3781 3711; baseline -0.004 -16"><span class='ocrx_word' id='word_1_502' title='bbox 513 3637 711 3705; x_wconf 82' lang='lat' dir='ltr'><strong>clesia;</strong></span> <span class='ocrx_word' id='word_1_503' title='bbox 736 3638 791 3692; x_wconf 92' lang='lat' dir='ltr'><strong>in</strong></span> <span class='ocrx_word' id='word_1_504' title='bbox 827 3637 1137 3692; x_wconf 91' lang='lat' dir='ltr'><strong>Salomonis</strong></span> <span class='ocrx_word' id='word_1_505' title='bbox 1169 3636 1445 3706; x_wconf 89' lang='lat' dir='ltr'><strong>Sapientia</strong></span> <span class='ocrx_word' id='word_1_506' title='bbox 1472 3655 1484 3690; x_wconf 97' lang='lat'>:</span> <span class='ocrx_word' id='word_1_507' title='bbox 1519 3634 1830 3690; x_wconf 64' lang='lat' dir='ltr'><strong>[Ediﬁeavit</strong></span> <span class='ocrx_word' id='word_1_508' title='bbox 1861 3636 1964 3689; x_wconf 91' lang='lat' dir='ltr'><strong>sibi</strong></span> <span class='ocrx_word' id='word_1_509' title='bbox 1994 3635 2217 3689; x_wconf 87' lang='lat' dir='ltr'><strong>domum</strong></span> <span class='ocrx_word' id='word_1_510' title='bbox 2254 3632 2557 3702; x_wconf 90' lang='lat' dir='ltr'><strong>sapientia;</strong></span> <span class='ocrx_word' id='word_1_511' title='bbox 2590 3640 2645 3711; x_wconf 87' lang='lat' dir='ltr'><strong>et</strong></span> <span class='ocrx_word' id='word_1_512' title='bbox 2677 3632 2730 3685; x_wconf 93' lang='lat' dir='ltr'><strong>in</strong></span> <span class='ocrx_word' id='word_1_513' title='bbox 2754 3630 3004 3685; x_wconf 89' lang='lat' dir='ltr'><strong>Psalmo:</strong></span> <span class='ocrx_word' id='word_1_514' title='bbox 3036 3627 3094 3681; x_wconf 89' lang='lat' dir='ltr'><strong>In</strong></span> <span class='ocrx_word' id='word_1_515' title='bbox 3126 3629 3290 3681; x_wconf 88' lang='lat' dir='ltr'><strong>domo</strong></span> <span class='ocrx_word' id='word_1_516' title='bbox 3322 3626 3536 3681; x_wconf 90' lang='lat' dir='ltr'><strong>Domini</strong></span> <span class='ocrx_word' id='word_1_517' title='bbox 3575 3628 3781 3689; x_wconf 84' lang='lat' dir='ltr'><strong>ibimus</strong></span> 
     </span>
    </p>
   </div>
   <div class='ocr_carea' id='block_1_41' title="bbox 511 3721 3782 3799">
    <p class='ocr_par' dir='ltr' id='par_1_41' title="bbox 511 3721 3782 3799">
     <span class='ocr_line' id='line_1_41' title="bbox 511 3721 3782 3799; baseline -0.004 -12"><span class='ocrx_word' id='word_1_518' title='bbox 511 3746 641 3787; x_wconf 87' lang='lat' dir='ltr'><strong>cum</strong></span> <span class='ocrx_word' id='word_1_519' title='bbox 668 3745 963 3786; x_wconf 88' lang='lat' dir='ltr'><strong>consensu.</strong></span> <span class='ocrx_word' id='word_1_520' title='bbox 996 3748 1015 3783; x_wconf 74' lang='grc' dir='ltr'><strong><em>ι</em></strong></span> <span class='ocrx_word' id='word_1_521' title='bbox 1050 3729 1231 3786; x_wconf 88' lang='lat' dir='ltr'><strong>Locus</strong></span> <span class='ocrx_word' id='word_1_522' title='bbox 1255 3738 1459 3796; x_wconf 90' lang='lat' dir='ltr'><strong>autem,</strong></span> <span class='ocrx_word' id='word_1_523' title='bbox 1494 3729 1562 3784; x_wconf 93' lang='lat' dir='ltr'><strong>de</strong></span> <span class='ocrx_word' id='word_1_524' title='bbox 1600 3729 1881 3799; x_wconf 91' lang='lat' dir='ltr'><strong>Sapientia</strong></span> <span class='ocrx_word' id='word_1_525' title='bbox 1931 3728 2037 3783; x_wconf 90' lang='lat' dir='ltr'><strong>sibi</strong></span> <span class='ocrx_word' id='word_1_526' title='bbox 2073 3727 2298 3781; x_wconf 88' lang='lat' dir='ltr'><strong>domum</strong></span> <span class='ocrx_word' id='word_1_527' title='bbox 2342 3726 2665 3787; x_wconf 81' lang='lat' dir='ltr'><strong>aedificante,</strong></span> <span class='ocrx_word' id='word_1_528' title='bbox 2697 3723 2956 3778; x_wconf 87' lang='lat' dir='ltr'><strong>Proverb.</strong></span> <span class='ocrx_word' id='word_1_529' title='bbox 2987 3736 3110 3791; x_wconf 84' lang='lat' dir='ltr'><strong>cap.</strong></span> <span class='ocrx_word' id='word_1_530' title='bbox 3141 3738 3215 3785; x_wconf 81' lang='lat' dir='ltr'><strong>Ix,</strong></span> <span class='ocrx_word' id='word_1_531' title='bbox 3254 3736 3399 3774; x_wconf 85' lang='lat' dir='ltr'><strong>vers.</strong></span> <span class='ocrx_word' id='word_1_532' title='bbox 3432 3721 3482 3783; x_wconf 83' lang='grc' dir='ltr'>Ι,</span> <span class='ocrx_word' id='word_1_533' title='bbox 3515 3728 3600 3774; x_wconf 87' lang='lat' dir='ltr'><strong>est</strong></span> <span class='ocrx_word' id='word_1_534' title='bbox 3630 3721 3782 3777; x_wconf 81' lang='lat' dir='ltr'><strong>inve-</strong></span> 
     </span>
    </p>
   </div>
   <div class='ocr_carea' id='block_1_42' title="bbox 514 3811 3772 3893">
    <p class='ocr_par' dir='ltr' id='par_1_42' title="bbox 514 3811 3772 3893">
     <span class='ocr_line' id='line_1_42' title="bbox 514 3811 3772 3893; baseline -0.005 -12"><span class='ocrx_word' id='word_1_535' title='bbox 514 3822 769 3881; x_wconf 85' lang='lat' dir='ltr'><strong>niendus.</strong></span> <span class='ocrx_word' id='word_1_536' title='bbox 817 3821 959 3893; x_wconf 91' lang='lat' dir='ltr'><strong>Ergo</strong></span> <span class='ocrx_word' id='word_1_537' title='bbox 986 3822 1108 3878; x_wconf 93' lang='lat' dir='ltr'><strong>luce</strong></span> <span class='ocrx_word' id='word_1_538' title='bbox 1146 3823 1445 3877; x_wconf 90' lang='lat' dir='ltr'><strong>meridiana</strong></span> <span class='ocrx_word' id='word_1_539' title='bbox 1487 3821 1692 3876; x_wconf 87' lang='lat' dir='ltr'><strong>clarius</strong></span> <span class='ocrx_word' id='word_1_540' title='bbox 1724 3832 1827 3887; x_wconf 91' lang='lat' dir='ltr'><strong>est,</strong></span> <span class='ocrx_word' id='word_1_541' title='bbox 1858 3835 1953 3889; x_wconf 91' lang='lat' dir='ltr'><strong>per</strong></span> <span class='ocrx_word' id='word_1_542' title='bbox 1980 3819 2317 3890; x_wconf 91' lang='lat' dir='ltr'><strong>Sapientiam</strong></span> <span class='ocrx_word' id='word_1_543' title='bbox 2347 3818 2681 3883; x_wconf 86' lang='lat' dir='ltr'><strong>Salomonis,</strong></span> <span class='ocrx_word' id='word_1_544' title='bbox 2740 3815 3041 3875; x_wconf 87' lang='lat' dir='ltr'><strong>Proverbia</strong></span> <span class='ocrx_word' id='word_1_545' title='bbox 3076 3813 3410 3873; x_wconf 84' lang='lat' dir='ltr'><strong>intellexisse</strong></span> <span class='ocrx_word' id='word_1_546' title='bbox 3438 3811 3772 3867; x_wconf 81' lang='lat' dir='ltr'><strong>Melitonem.</strong></span> 
     </span>
    </p>
   </div>
   <div class='ocr_carea' id='block_1_43' title="bbox 513 3914 2251 3989">
    <p class='ocr_par' dir='ltr' id='par_1_43' title="bbox 513 3914 2251 3989">
     <span class='ocr_line' id='line_1_43' title="bbox 513 3914 2251 3989; baseline -0.003 -16"><span class='ocrx_word' id='word_1_547' title='bbox 513 3916 661 3989; x_wconf 86' lang='lat' dir='ltr'><strong>Ergo</strong></span> <span class='ocrx_word' id='word_1_548' title='bbox 685 3932 795 3974; x_wconf 91' lang='lat' dir='ltr'><strong>non</strong></span> <span class='ocrx_word' id='word_1_549' title='bbox 821 3916 1005 3987; x_wconf 87' lang='lat' dir='ltr'><strong>plures</strong></span> <span class='ocrx_word' id='word_1_550' title='bbox 1032 3931 1198 3987; x_wconf 86' lang='lat' dir='ltr'><strong>quam</strong></span> <span class='ocrx_word' id='word_1_551' title='bbox 1231 3930 1335 3972; x_wconf 89' lang='lat' dir='ltr'><strong>nos</strong></span> <span class='ocrx_word' id='word_1_552' title='bbox 1366 3914 1423 3973; x_wconf 89' lang='lat' dir='ltr'><strong>in</strong></span> <span class='ocrx_word' id='word_1_553' title='bbox 1453 3929 1668 3973; x_wconf 77' lang='lat' dir='ltr'><strong>canone</strong></span> <span class='ocrx_word' id='word_1_554' title='bbox 1692 3914 2035 3970; x_wconf 87' lang='lat' dir='ltr'><strong>enumeravit</strong></span> <span class='ocrx_word' id='word_1_555' title='bbox 2057 3914 2251 3969; x_wconf 90' lang='lat' dir='ltr'><strong>libros.</strong></span> 
     </span>
    </p>
   </div>
   <div class='ocr_carea' id='block_1_44' title="bbox 2197 4153 3778 4226">
    <p class='ocr_par' dir='ltr' id='par_1_44' title="bbox 2197 4153 3778 4226">
     <span class='ocr_line' id='line_1_44' title="bbox 2197 4153 3778 4226; baseline 0.001 -15"><span class='ocrx_word' id='word_1_556' title='bbox 2197 4154 2277 4211; x_wconf 85' lang='lat' dir='ltr'><strong>sis</strong></span> <span class='ocrx_word' id='word_1_557' title='bbox 2309 4154 2537 4212; x_wconf 90' lang='lat' dir='ltr'><strong>illustris</strong></span> <span class='ocrx_word' id='word_1_558' title='bbox 2565 4155 2839 4225; x_wconf 90' lang='lat' dir='ltr'><strong>quondam</strong></span> <span class='ocrx_word' id='word_1_559' title='bbox 2869 4156 3148 4226; x_wconf 82' lang='lat' dir='ltr'><strong>syndicus,</strong></span> <span class='ocrx_word' id='word_1_560' title='bbox 3168 4156 3334 4212; x_wconf 87' lang='lat' dir='ltr'><strong>Gerh.</strong></span> <span class='ocrx_word' id='word_1_561' title='bbox 3360 4171 3465 4209; x_wconf 82' lang='lat' dir='ltr'><strong>van</strong></span> <span class='ocrx_word' id='word_1_562' title='bbox 3490 4153 3778 4226; x_wconf 73' lang='lat' dir='ltr'><strong>Mastricht</strong></span> 
     </span>
    </p>
   </div>
   <div class='ocr_carea' id='block_1_45' title="bbox 2198 4222 3773 4295">
    <p class='ocr_par' dir='ltr' id='par_1_45' title="bbox 2198 4222 3773 4295">
     <span class='ocr_line' id='line_1_45' title="bbox 2198 4222 3773 4295; baseline 0.002 -16"><span class='ocrx_word' id='word_1_563' title='bbox 2198 4226 2253 4279; x_wconf 90' lang='lat' dir='ltr'><strong>in</strong></span> <span class='ocrx_word' id='word_1_564' title='bbox 2285 4228 2419 4281; x_wconf 92' lang='lat' dir='ltr'><strong>diss.</strong></span> <span class='ocrx_word' id='word_1_565' title='bbox 2459 4227 2535 4280; x_wconf 85' lang='lat' dir='ltr'><strong>De</strong></span> <span class='ocrx_word' id='word_1_566' title='bbox 2560 4222 2759 4280; x_wconf 74' lang='lat' dir='ltr'><strong>canone</strong></span> <span class='ocrx_word' id='word_1_567' title='bbox 2776 4222 3069 4294; x_wconf 70' lang='lat' dir='ltr'><strong>Scriptura:</strong></span> <span class='ocrx_word' id='word_1_568' title='bbox 3090 4243 3259 4280; x_wconf 71' lang='lat' dir='ltr'><strong>sacrm</strong></span> <span class='ocrx_word' id='word_1_569' title='bbox 3282 4241 3403 4295; x_wconf 67' lang='lat' dir='ltr'><strong>quae</strong></span> <span class='ocrx_word' id='word_1_570' title='bbox 3432 4222 3773 4282; x_wconf 83' lang='lat' dir='ltr'><strong>exstatBibl.</strong></span> 
     </span>
    </p>
   </div>
   <div class='ocr_carea' id='block_1_46' title="bbox 511 4227 1814 4298">
    <p class='ocr_par' dir='ltr' id='par_1_46' title="bbox 511 4227 1814 4298">
     <span class='ocr_line' id='line_1_46' title="bbox 511 4227 1814 4298; baseline 0 -17"><span class='ocrx_word' id='word_1_571' title='bbox 511 4227 633 4281; x_wconf 77' lang='lat' dir='ltr'><strong>rum</strong></span> <span class='ocrx_word' id='word_1_572' title='bbox 667 4227 728 4282; x_wconf 85' lang='lat' dir='ltr'><strong>V.</strong></span> <span class='ocrx_word' id='word_1_573' title='bbox 756 4227 820 4283; x_wconf 83' lang='grc' dir='ltr'>Τ.</span> <span class='ocrx_word' id='word_1_574' title='bbox 854 4236 1006 4298; x_wconf 86' lang='lat' dir='ltr'><strong>parte</strong></span> <span class='ocrx_word' id='word_1_575' title='bbox 1028 4244 1067 4293; x_wconf 83' lang='grc' dir='ltr'>ι,</span> <span class='ocrx_word' id='word_1_576' title='bbox 1097 4243 1219 4296; x_wconf 87' lang='lat' dir='ltr'><strong>cap.</strong></span> <span class='ocrx_word' id='word_1_577' title='bbox 1257 4229 1343 4291; x_wconf 82' lang='lat' dir='ltr'><strong>l9,</strong></span> <span class='ocrx_word' id='word_1_578' title='bbox 1379 4227 1407 4297; x_wconf 69' lang='grc' dir='ltr'><strong>ς</strong></span> <span class='ocrx_word' id='word_1_579' title='bbox 1435 4227 1491 4291; x_wconf 84' lang='grc'><strong>5,</strong></span> <span class='ocrx_word' id='word_1_580' title='bbox 1523 4242 1649 4297; x_wconf 88' lang='lat' dir='ltr'><strong>pag.</strong></span> <span class='ocrx_word' id='word_1_581' title='bbox 1686 4228 1814 4282; x_wconf 84' lang='grc'>545.</span> 
     </span>
    </p>
   </div>
   <div class='ocr_carea' id='block_1_47' title="bbox 584 4295 2088 4421">
    <p class='ocr_par' dir='ltr' id='par_1_47' title="bbox 584 4295 2088 4391">
     <span class='ocr_line' id='line_1_47' title="bbox 584 4295 2088 4391; baseline -0.001 -17"><span class='ocrx_word' id='word_1_582' title='bbox 584 4320 701 4391; x_wconf 83' lang='grc'>(55)</span> <span class='ocrx_word' id='word_1_583' title='bbox 730 4318 789 4374; x_wconf 90' lang='lat' dir='ltr'><strong>In</strong></span> <span class='ocrx_word' id='word_1_584' title='bbox 815 4295 1057 4389; x_wconf 80' lang='lat' dir='ltr'><strong>Epistola</strong></span> <span class='ocrx_word' id='word_1_585' title='bbox 1078 4295 1277 4373; x_wconf 81' lang='lat' dir='ltr'><strong>Festali</strong></span> <span class='ocrx_word' id='word_1_586' title='bbox 1310 4295 1402 4385; x_wconf 74' lang='lat'><strong>59,</strong></span> <span class='ocrx_word' id='word_1_587' title='bbox 1423 4295 1560 4373; x_wconf 77' lang='lat' dir='ltr'><strong>tom.</strong></span> <span class='ocrx_word' id='word_1_588' title='bbox 1602 4295 1647 4372; x_wconf 80' lang='lat' dir='ltr'><strong>ll</strong></span> <span class='ocrx_word' id='word_1_589' title='bbox 1700 4316 2088 4389; x_wconf 69' lang='lat' dir='ltr'><strong>0pp.,pag.u.</strong></span> 
     </span>
    </p>
   </div>
   <div class='ocr_carea' id='block_1_48' title="bbox 2193 4295 3776 4421">
    <p class='ocr_par' dir='ltr' id='par_1_48' title="bbox 2200 4295 3776 4421">
     <span class='ocr_line' id='line_1_48' title="bbox 2200 4295 3776 4366; baseline 0.001 -17"><span class='ocrx_word' id='word_1_590' title='bbox 2200 4295 2377 4351; x_wconf 86' lang='lat' dir='ltr'><strong>Brem.</strong></span> <span class='ocrx_word' id='word_1_591' title='bbox 2414 4305 2547 4351; x_wconf 90' lang='lat' dir='ltr'><strong>tom.</strong></span> <span class='ocrx_word' id='word_1_592' title='bbox 2578 4296 2692 4363; x_wconf 87' lang='lat' dir='ltr'><strong>VII,</strong></span> <span class='ocrx_word' id='word_1_593' title='bbox 2722 4297 2856 4351; x_wconf 88' lang='lat' dir='ltr'><strong>fasc.</strong></span> <span class='ocrx_word' id='word_1_594' title='bbox 2890 4313 2930 4361; x_wconf 83' lang='lat'><strong>1,</strong></span> <span class='ocrx_word' id='word_1_595' title='bbox 2971 4312 3092 4366; x_wconf 89' lang='lat' dir='ltr'><strong>pag.</strong></span> <span class='ocrx_word' id='word_1_596' title='bbox 3120 4297 3171 4361; x_wconf 83' lang='lat' dir='ltr'><strong>l,</strong></span> <span class='ocrx_word' id='word_1_597' title='bbox 3217 4304 3273 4350; x_wconf 92' lang='lat' dir='ltr'><strong>et</strong></span> <span class='ocrx_word' id='word_1_598' title='bbox 3321 4297 3420 4349; x_wconf 93' lang='lat' dir='ltr'><strong>hac</strong></span> <span class='ocrx_word' id='word_1_599' title='bbox 3465 4296 3518 4347; x_wconf 90' lang='lat' dir='ltr'><strong>in</strong></span> <span class='ocrx_word' id='word_1_600' title='bbox 3550 4311 3605 4349; x_wconf 91' lang='lat' dir='ltr'><strong>re</strong></span> <span class='ocrx_word' id='word_1_601' title='bbox 3632 4312 3776 4350; x_wconf 80' lang='lat' dir='ltr'><strong>con-</strong></span> 
     </span>
     <span class='ocr_line' id='line_1_49' title="bbox 2201 4365 3775 4421; baseline -0.001 -2"><span class='ocrx_word' id='word_1_602' title='bbox 2201 4365 2331 4421; x_wconf 86' lang='lat' dir='ltr'><strong>fcrri</strong></span> <span class='ocrx_word' id='word_1_603' title='bbox 2358 4367 2440 4420; x_wconf 87' lang='lat' dir='ltr'><strong>vel</strong></span> <span class='ocrx_word' id='word_1_604' title='bbox 2483 4368 2720 4420; x_wconf 74' lang='lat' dir='ltr'><strong>maxime</strong></span> <span class='ocrx_word' id='word_1_605' title='bbox 2763 4368 2940 4419; x_wconf 77' lang='lat' dir='ltr'><strong>debet.</strong></span> <span class='ocrx_word' id='word_1_606' title='bbox 2997 4365 3107 4420; x_wconf 76' lang='lat' dir='ltr'><strong>Nec</strong></span> <span class='ocrx_word' id='word_1_607' title='bbox 3145 4366 3327 4421; x_wconf 85' lang='lat' dir='ltr'><strong>minus</strong></span> <span class='ocrx_word' id='word_1_608' title='bbox 3361 4380 3484 4418; x_wconf 92' lang='lat' dir='ltr'><strong>cum</strong></span> <span class='ocrx_word' id='word_1_609' title='bbox 3521 4365 3603 4420; x_wconf 89' lang='lat' dir='ltr'><strong>his</strong></span> <span class='ocrx_word' id='word_1_610' title='bbox 3632 4381 3775 4419; x_wconf 84' lang='lat' dir='ltr'><strong>con-</strong></span> 
     </span>
    </p>
   </div>
   <div class='ocr_carea' id='block_1_49' title="bbox 583 4408 2088 4505">
    <p class='ocr_par' dir='ltr' id='par_1_49' title="bbox 583 4408 2088 4505">
     <span class='ocr_line' id='line_1_50' title="bbox 583 4408 2088 4505; baseline -0.002 -40"><span class='ocrx_word' id='word_1_611' title='bbox 583 4410 787 4505; x_wconf 39' lang='lat' dir='ltr'><strong>(36)“l‘n</strong></span> <span class='ocrx_word' id='word_1_612' title='bbox 827 4410 1070 4505; x_wconf 46' lang='lat' dir='ltr'><strong>ctagmine</strong></span> <span class='ocrx_word' id='word_1_613' title='bbox 1112 4408 1185 4464; x_wconf 83' lang='lat' dir='ltr'><strong>De</strong></span> <span class='ocrx_word' id='word_1_614' title='bbox 1218 4411 1456 4481; x_wconf 75' lang='lat' dir='ltr'><strong>genuinis</strong></span> <span class='ocrx_word' id='word_1_615' title='bbox 1502 4410 1801 4480; x_wconf 76' lang='lat' dir='ltr'><strong>scripturis,</strong></span> <span class='ocrx_word' id='word_1_616' title='bbox 1847 4418 1983 4465; x_wconf 93' lang='lat' dir='ltr'><strong>tom.</strong></span> <span class='ocrx_word' id='word_1_617' title='bbox 2051 4408 2088 4463; x_wconf 90' lang='lat' dir='ltr'><strong>Il</strong></span> 
     </span>
    </p>
   </div>
   <div class='ocr_carea' id='block_1_50' title="bbox 2193 4408 3779 4505">
    <p class='ocr_par' dir='ltr' id='par_1_50' title="bbox 2202 4416 3779 4505">
     <span class='ocr_line' id='line_1_51' title="bbox 2202 4416 3779 4505; baseline -0.001 -16"><span class='ocrx_word' id='word_1_618' title='bbox 2202 4437 2346 4491; x_wconf 89' lang='lat' dir='ltr'><strong>tendi</strong></span> <span class='ocrx_word' id='word_1_619' title='bbox 2380 4446 2590 4505; x_wconf 81' lang='lat' dir='ltr'><strong>Oportet</strong></span> <span class='ocrx_word' id='word_1_620' title='bbox 2615 4453 2736 4505; x_wconf 72' lang='lat' dir='ltr'><strong>qua:</strong></span> <span class='ocrx_word' id='word_1_621' title='bbox 2768 4416 2976 4490; x_wconf 86' lang='lat' dir='ltr'><strong>llumfr.</strong></span> <span class='ocrx_word' id='word_1_622' title='bbox 3010 4434 3218 4489; x_wconf 78' lang='lat' dir='ltr'><strong>[ludius</strong></span> <span class='ocrx_word' id='word_1_623' title='bbox 3252 4436 3324 4489; x_wconf 84' lang='lat' dir='ltr'><strong>De</strong></span> <span class='ocrx_word' id='word_1_624' title='bbox 3351 4434 3629 4505; x_wconf 77' lang='lat' dir='ltr'><strong>bibliorum</strong></span> <span class='ocrx_word' id='word_1_625' title='bbox 3660 4448 3779 4488; x_wconf 67' lang='lat' dir='ltr'><strong>tes:-</strong></span> 
     </span>
    </p>
   </div>
   <div class='ocr_carea' id='block_1_51' title="bbox 514 4479 2088 4575">
    <p class='ocr_par' dir='ltr' id='par_1_51' title="bbox 514 4479 1616 4551">
     <span class='ocr_line' id='line_1_52' title="bbox 514 4479 1616 4551; baseline -0.004 -14"><span class='ocrx_word' id='word_1_626' title='bbox 514 4479 814 4551; x_wconf 50' lang='lat' dir='ltr'><strong>0pp.,&#39;pag.</strong></span> <span class='ocrx_word' id='word_1_627' title='bbox 843 4481 933 4536; x_wconf 89' lang='lat'><strong>98.</strong></span> <span class='ocrx_word' id='word_1_628' title='bbox 1222 4479 1231 4481; x_wconf 61' lang='grc'><em>’</em></span> <span class='ocrx_word' id='word_1_629' title='bbox 1613 4479 1616 4480; x_wconf 59' lang='grc'><strong><em>⁷</em></strong></span> 
     </span>
    </p>
   </div>
   <div class='ocr_carea' id='block_1_52' title="bbox 2193 4479 3775 4575">
    <p class='ocr_par' dir='ltr' id='par_1_52' title="bbox 2199 4479 3775 4575">
     <span class='ocr_line' id='line_1_53' title="bbox 2199 4479 3775 4575; baseline 0.002 -18"><span class='ocrx_word' id='word_1_630' title='bbox 2199 4479 2346 4560; x_wconf 65' lang='grc' dir='ltr'><strong>ἱῖὁὲἐῖ</strong></span> <span class='ocrx_word' id='word_1_631' title='bbox 2360 4479 3453 4575; x_wconf 40' lang='lat' dir='ltr'><strong>o?ig&quot;i&#39;n“t.isi§£fiii§.&quot;{3,&quot;£67113.£615:</strong></span> <span class='ocrx_word' id='word_1_632' title='bbox 3463 4479 3775 4565; x_wconf 59' lang='grc' dir='ltr'><strong>ἰἶξιῦὲέἰξῦῖή</strong></span> 
     </span>
    </p>
   </div>
   <div class='ocr_carea' id='block_1_53' title="bbox 585 4570 3773 4644">
    <p class='ocr_par' dir='ltr' id='par_1_53' title="bbox 585 4570 3773 4644">
     <span class='ocr_line' id='line_1_54' title="bbox 585 4570 3773 4644; baseline 0.001 -17"><span class='ocrx_word' id='word_1_633' title='bbox 585 4574 698 4640; x_wconf 86' lang='grc'>(57)</span> <span class='ocrx_word' id='word_1_634' title='bbox 728 4574 784 4626; x_wconf 80' lang='grc' dir='ltr'>ιιι</span> <span class='ocrx_word' id='word_1_635' title='bbox 816 4574 912 4629; x_wconf 91' lang='lat' dir='ltr'><strong>lib.</strong></span> <span class='ocrx_word' id='word_1_636' title='bbox 942 4573 1018 4627; x_wconf 85' lang='lat' dir='ltr'><strong>De</strong></span> <span class='ocrx_word' id='word_1_637' title='bbox 1042 4576 1220 4635; x_wconf 85' lang='lat' dir='ltr'><strong>sectis,</strong></span> <span class='ocrx_word' id='word_1_638' title='bbox 1248 4581 1351 4628; x_wconf 89' lang='lat' dir='ltr'><strong>act.</strong></span> <span class='ocrx_word' id='word_1_639' title='bbox 1381 4573 1437 4639; x_wconf 91' lang='grc'><strong>2,</strong></span> <span class='ocrx_word' id='word_1_640' title='bbox 1471 4574 1671 4644; x_wconf 89' lang='lat' dir='ltr'><strong>citante</strong></span> <span class='ocrx_word' id='word_1_641' title='bbox 1698 4572 1863 4627; x_wconf 86' lang='lat' dir='ltr'><strong>Gerh.</strong></span> <span class='ocrx_word' id='word_1_642' title='bbox 1891 4588 1944 4625; x_wconf 92' lang='lat' dir='ltr'><strong>v.</strong></span> <span class='ocrx_word' id='word_1_643' title='bbox 1976 4570 2092 4625; x_wconf 70' lang='grc' dir='ltr'><strong>Μει-</strong></span> <span class='ocrx_word' id='word_1_644' title='bbox 2197 4570 2460 4643; x_wconf 60' lang='grc' dir='ltr'><strong>τρρθτίεέ</strong></span> <span class='ocrx_word' id='word_1_645' title='bbox 2482 4576 2585 4629; x_wconf 81' lang='grc'>155</span> <span class='ocrx_word' id='word_1_646' title='bbox 2628 4570 2927 4642; x_wconf 79' lang='lat' dir='ltr'><strong>schemata,</strong></span> <span class='ocrx_word' id='word_1_647' title='bbox 2958 4570 3412 4644; x_wconf 49' lang='lat' dir='ltr'><strong>in&#39;quib&#39;us&#39;libri</strong></span> <span class='ocrx_word' id='word_1_648' title='bbox 3458 4574 3643 4629; x_wconf 88' lang='lat' dir='ltr'><strong>biblici</strong></span> <span class='ocrx_word' id='word_1_649' title='bbox 3681 4577 3773 4629; x_wconf 74' lang='lat' dir='ltr'><strong>di-</strong></span> 
     </span>
    </p>
   </div>
   <div class='ocr_carea' id='block_1_54' title="bbox 508 4643 2958 4715">
    <p class='ocr_par' dir='ltr' id='par_1_54' title="bbox 508 4643 2958 4715">
     <span class='ocr_line' id='line_1_55' title="bbox 508 4643 2958 4715; baseline 0.001 -18"><span class='ocrx_word' id='word_1_650' title='bbox 508 4646 713 4715; x_wconf 86' lang='lat' dir='ltr'><strong>stricht</strong></span> <span class='ocrx_word' id='word_1_651' title='bbox 748 4644 1042 4715; x_wconf 74' lang='lat' dir='ltr'><strong>in_canone</strong></span> <span class='ocrx_word' id='word_1_652' title='bbox 1065 4646 1123 4701; x_wconf 91' lang='lat' dir='ltr'><strong>S.</strong></span> <span class='ocrx_word' id='word_1_653' title='bbox 1155 4645 1449 4715; x_wconf 73' lang='lat' dir='ltr'><strong>Scriptura:</strong></span> <span class='ocrx_word' id='word_1_654' title='bbox 1468 4643 1752 4697; x_wconf 81' lang='lat' dir='ltr'><strong>secundum</strong></span> <span class='ocrx_word' id='word_1_655' title='bbox 1775 4643 1961 4697; x_wconf 83' lang='lat' dir='ltr'><strong>seriem</strong></span> <span class='ocrx_word' id='word_1_656' title='bbox 1990 4658 2092 4696; x_wconf 63' lang='grc' dir='ltr'><strong>δαέ-</strong></span> <span class='ocrx_word' id='word_1_657' title='bbox 2190 4661 2351 4701; x_wconf 88' lang='lat' dir='ltr'><strong>verso</strong></span> <span class='ocrx_word' id='word_1_658' title='bbox 2385 4645 2578 4699; x_wconf 87' lang='lat' dir='ltr'><strong>ordine</strong></span> <span class='ocrx_word' id='word_1_659' title='bbox 2606 4646 2958 4700; x_wconf 89' lang='lat' dir='ltr'><strong>exhibentur.</strong></span> 
     </span>
    </p>
   </div>
   <div class='ocr_carea' id='block_1_55' title="bbox 502 4712 3206 4788">
    <p class='ocr_par' dir='ltr' id='par_1_55' title="bbox 502 4712 3206 4788">
     <span class='ocr_line' id='line_1_56' title="bbox 502 4712 3206 4788; baseline 0.009 -22"><span class='ocrx_word' id='word_1_660' title='bbox 502 4714 753 4766; x_wconf 77' lang='lat' dir='ltr'><strong>culorum</strong></span> <span class='ocrx_word' id='word_1_661' title='bbox 778 4712 853 4769; x_wconf 89' lang='lat' dir='ltr'><strong>N.</strong></span> <span class='ocrx_word' id='word_1_662' title='bbox 879 4713 939 4767; x_wconf 87' lang='grc' dir='ltr'>Τ.</span> <span class='ocrx_word' id='word_1_663' title='bbox 971 4716 1210 4770; x_wconf 79' lang='lat' dir='ltr'><strong>collecto.</strong></span> <span class='ocrx_word' id='word_1_664' title='bbox 1276 4712 1286 4715; x_wconf 67' lang='grc'><em>’</em></span> <span class='ocrx_word' id='word_1_665' title='bbox 2270 4779 2349 4788; x_wconf 85' lang='grc'>,,-</span> <span class='ocrx_word' id='word_1_666' title='bbox 2504 4780 2525 4788; x_wconf 89' lang='grc'><strong>-</strong></span> <span class='ocrx_word' id='word_1_667' title='bbox 2697 4777 2725 4788; x_wconf 25' lang='grc' dir='ltr'>κ.</span> <span class='ocrx_word' id='word_1_668' title='bbox 2856 4775 2871 4788; x_wconf 91' lang='grc'><strong>.</strong></span> <span class='ocrx_word' id='word_1_669' title='bbox 2922 4773 2963 4788; x_wconf 63' lang='grc' dir='ltr'><strong>,η</strong></span> <span class='ocrx_word' id='word_1_670' title='bbox 3065 4775 3081 4788; x_wconf 88' lang='grc'><strong>.</strong></span> <span class='ocrx_word' id='word_1_671' title='bbox 3173 4775 3206 4788; x_wconf 91' lang='grc'><strong>..</strong></span> 
     </span>
    </p>
   </div>
   <div class='ocr_carea' id='block_1_56' title="bbox 581 4770 3767 4944">
    <p class='ocr_par' dir='ltr' id='par_1_56' title="bbox 581 4770 3767 4944">
     <span class='ocr_line' id='line_1_57' title="bbox 581 4770 3767 4944; baseline -0.008 -81"><span class='ocrx_word' id='word_1_672' title='bbox 581 4808 697 4944; x_wconf 49' lang='grc'>(58)</span> <span class='ocrx_word' id='word_1_673' title='bbox 725 4806 1173 4863; x_wconf 75' lang='grc' dir='ltr'><strong>Βὶὁιὶοιὴ.δαστω</strong></span> <span class='ocrx_word' id='word_1_674' title='bbox 1213 4806 1311 4862; x_wconf 93' lang='lat' dir='ltr'><strong>lib.</strong></span> <span class='ocrx_word' id='word_1_675' title='bbox 1356 4822 1396 4874; x_wconf 89' lang='grc' dir='ltr'>ι,</span> <span class='ocrx_word' id='word_1_676' title='bbox 1429 4820 1552 4877; x_wconf 84' lang='lat' dir='ltr'><strong>pag.</strong></span> <span class='ocrx_word' id='word_1_677' title='bbox 1580 4803 1614 4859; x_wconf 83' lang='lat'><strong>5</strong></span> <span class='ocrx_word' id='word_1_678' title='bbox 1659 4812 1715 4859; x_wconf 84' lang='lat' dir='ltr'><strong>et</strong></span> <span class='ocrx_word' id='word_1_679' title='bbox 1741 4820 1863 4875; x_wconf 88' lang='lat' dir='ltr'><strong>pag.</strong></span> <span class='ocrx_word' id='word_1_680' title='bbox 1895 4803 1986 4861; x_wconf 79' lang='lat'><strong>20.</strong></span> <span class='ocrx_word' id='word_1_681' title='bbox 2261 4779 2471 4850; x_wconf 66' lang='grc' dir='ltr'>(ιδ-44)</span> <span class='ocrx_word' id='word_1_682' title='bbox 2504 4780 2567 4833; x_wconf 84' lang='grc' dir='ltr'><strong>ιη</strong></span> <span class='ocrx_word' id='word_1_683' title='bbox 2616 4777 2759 4833; x_wconf 74' lang='lat' dir='ltr'><strong>notis</strong></span> <span class='ocrx_word' id='word_1_684' title='bbox 2806 4775 2875 4831; x_wconf 78' lang='lat' dir='ltr'><strong>ad</strong></span> <span class='ocrx_word' id='word_1_685' title='bbox 2921 4773 3121 4831; x_wconf 81' lang='lat' dir='ltr'><strong>Euseb-</strong></span> <span class='ocrx_word' id='word_1_686' title='bbox 3171 4774 3312 4831; x_wconf 81' lang='lat' dir='ltr'><strong>libro</strong></span> <span class='ocrx_word' id='word_1_687' title='bbox 3360 4788 3437 4840; x_wconf 73' lang='grc' dir='ltr'><strong>ιν,</strong></span> <span class='ocrx_word' id='word_1_688' title='bbox 3475 4779 3641 4843; x_wconf 74' lang='lat' dir='ltr'><strong>caput</strong></span> <span class='ocrx_word' id='word_1_689' title='bbox 3674 4770 3767 4837; x_wconf 72' lang='grc'>26.</span> 
     </span>
     <span class='ocr_line' id='line_1_58' title="bbox 582 4849 2432 4944; baseline -0.021 10"><span class='ocrx_word' id='word_1_690' title='bbox 582 4879 672 4943; x_wconf 70' lang='grc'><strong>(⁵9</strong></span> <span class='ocrx_word' id='word_1_691' title='bbox 728 4878 926 4932; x_wconf 69' lang='lat' dir='ltr'><strong>Comm</strong></span> <span class='ocrx_word' id='word_1_692' title='bbox 970 4880 1284 4944; x_wconf 76' lang='grc' dir='ltr'><strong>Αρρὶοηεηι,</strong></span> <span class='ocrx_word' id='word_1_693' title='bbox 1331 4879 1516 4944; x_wconf 81' lang='lat' dir='ltr'><strong>pagin.</strong></span> <span class='ocrx_word' id='word_1_694' title='bbox 1550 4874 1677 4942; x_wconf 87' lang='grc'>562,</span> <span class='ocrx_word' id='word_1_695' title='bbox 1717 4876 1850 4931; x_wconf 86' lang='lat' dir='ltr'><strong>edit.</strong></span> <span class='ocrx_word' id='word_1_696' title='bbox 1882 4873 2087 4931; x_wconf 82' lang='lat' dir='ltr'><strong>Genev.</strong></span> <span class='ocrx_word' id='word_1_697' title='bbox 2184 4866 2309 4921; x_wconf 70' lang='lat' dir='ltr'><strong>Paii-</strong></span> <span class='ocrx_word' id='word_1_698' title='bbox 2343 4849 2432 4906; x_wconf 72' lang='grc'>74-</span> 
     </span>
    </p>
   </div>
   <div class='ocr_carea' id='block_1_57' title="bbox 510 4873 2087 5002">
    <p class='ocr_par' dir='ltr' id='par_1_57' title="bbox 510 4873 2087 5002">
     <span class='ocr_line' id='line_1_59' title="bbox 510 4873 2087 5002; baseline -0.003 -69"><span class='ocrx_word' id='word_1_699' title='bbox 510 4873 926 5002; x_wconf 54' lang='lat' dir='ltr'><strong>wﬁQ)fClontra</strong></span> <span class='ocrx_word' id='word_1_700' title='bbox 970 4880 1284 4949; x_wconf 82' lang='lat' dir='ltr'><strong>Appionem,</strong></span> <span class='ocrx_word' id='word_1_701' title='bbox 1331 4873 1522 4949; x_wconf 48' lang='lat' dir='ltr'><strong>pag&#39;in.</strong></span> <span class='ocrx_word' id='word_1_702' title='bbox 1550 4874 1677 4942; x_wconf 88' lang='grc'>562,</span> <span class='ocrx_word' id='word_1_703' title='bbox 1717 4873 1850 4931; x_wconf 74' lang='lat' dir='ltr'><strong>edit.</strong></span> <span class='ocrx_word' id='word_1_704' title='bbox 1882 4873 2087 4931; x_wconf 81' lang='lat' dir='ltr'><strong>Genev.</strong></span> 
     </span>
     <span class='ocr_line' id='line_1_60' title="bbox 656 4964 799 5002; baseline 0 0"><span class='ocrx_word' id='word_1_705' title='bbox 656 4989 669 5002; x_wconf 93' lang='lat'><strong>.</strong></span> <span class='ocrx_word' id='word_1_706' title='bbox 727 4964 757 5000; x_wconf 76' lang='grc' dir='ltr'><strong>ω</strong></span> <span class='ocrx_word' id='word_1_707' title='bbox 782 4986 799 5002; x_wconf 93' lang='grc'><strong>.</strong></span> 
     </span>
    </p>
   </div>
   <div class='ocr_carea' id='block_1_58' title="bbox 656 4964 799 5009">
    <p class='ocr_par' dir='ltr' id='par_1_58' title="bbox 656 4964 799 5009">
     <span class='ocr_line' id='line_1_61' title="bbox 656 4964 799 5009; baseline 0.014 -9"><span class='ocrx_word' id='word_1_708' title='bbox 656 4989 669 5009; x_wconf 86' lang='grc'><strong>,</strong></span> <span class='ocrx_word' id='word_1_709' title='bbox 706 4964 799 5002; x_wconf 84' lang='lat' dir='ltr'><strong>tot.</strong></span> 
     </span>
    </p>
   </div>
   <div class='ocr_carea' id='block_1_59' title="bbox 586 4154 2095 4229">
    <p class='ocr_par' dir='ltr' id='par_1_59' title="bbox 586 4154 2095 4229">
     <span class='ocr_line' id='line_1_62' title="bbox 586 4154 2095 4229; baseline 0.001 -18"><span class='ocrx_word' id='word_1_710' title='bbox 586 4156 707 4229; x_wconf 68' lang='grc'>(54)</span> <span class='ocrx_word' id='word_1_711' title='bbox 734 4157 797 4229; x_wconf 67' lang='lat' dir='ltr'><strong>In</strong></span> <span class='ocrx_word' id='word_1_712' title='bbox 825 4154 1225 4213; x_wconf 67' lang='lat' dir='ltr'><strong>Introduction</strong></span> <span class='ocrx_word' id='word_1_713' title='bbox 1260 4157 1329 4210; x_wconf 86' lang='lat' dir='ltr'><strong>ad</strong></span> <span class='ocrx_word' id='word_1_714' title='bbox 1369 4156 1534 4229; x_wconf 58' lang='lat' dir='ltr'><strong>libros</strong></span> <span class='ocrx_word' id='word_1_715' title='bbox 1570 4158 1849 4229; x_wconf 78' lang='lat' dir='ltr'><strong>canonicos</strong></span> <span class='ocrx_word' id='word_1_716' title='bbox 1883 4154 2095 4212; x_wconf 84' lang='lat' dir='ltr'><strong>Biblio-</strong></span> 
     </span>
    </p>
   </div>
   <div class='ocr_carea' id='block_1_60' title="bbox 584 5015 2088 5087">
    <p class='ocr_par' dir='ltr' id='par_1_60' title="bbox 584 5015 2088 5087">
     <span class='ocr_line' id='line_1_63' title="bbox 584 5015 2088 5087; baseline -0.003 -15"><span class='ocrx_word' id='word_1_717' title='bbox 584 5018 695 5084; x_wconf 87' lang='grc'>(40)</span> <span class='ocrx_word' id='word_1_718' title='bbox 740 5017 859 5072; x_wconf 90' lang='lat' dir='ltr'><strong>Lib.</strong></span> <span class='ocrx_word' id='word_1_719' title='bbox 892 5033 975 5079; x_wconf 83' lang='grc' dir='ltr'><strong>ιιι,</strong></span> <span class='ocrx_word' id='word_1_720' title='bbox 1004 5033 1123 5087; x_wconf 91' lang='lat' dir='ltr'><strong>cap.</strong></span> <span class='ocrx_word' id='word_1_721' title='bbox 1167 5017 1233 5073; x_wconf 73' lang='lat'><strong>10</strong></span> <span class='ocrx_word' id='word_1_722' title='bbox 1265 5015 1410 5072; x_wconf 80' lang='lat' dir='ltr'><strong>Hist.</strong></span> <span class='ocrx_word' id='word_1_723' title='bbox 1454 5015 1639 5072; x_wconf 79' lang='lat' dir='ltr'><strong>eccles.</strong></span> <span class='ocrx_word' id='word_1_724' title='bbox 1661 5024 1718 5069; x_wconf 87' lang='lat' dir='ltr'><strong>et</strong></span> <span class='ocrx_word' id='word_1_725' title='bbox 1752 5015 1849 5070; x_wconf 86' lang='lat' dir='ltr'><strong>lib.</strong></span> <span class='ocrx_word' id='word_1_726' title='bbox 1880 5029 2088 5087; x_wconf 85' lang='lat' dir='ltr'><strong>v1.cap.</strong></span> 
     </span>
    </p>
   </div>
   <div class='ocr_carea' id='block_1_61' title="bbox 507 5086 2090 5156">
    <p class='ocr_par' dir='ltr' id='par_1_61' title="bbox 507 5086 2090 5156">
     <span class='ocr_line' id='line_1_64' title="bbox 507 5086 2090 5156; baseline -0.003 -15"><span class='ocrx_word' id='word_1_727' title='bbox 507 5087 601 5143; x_wconf 88' lang='grc'><strong>25.</strong></span> <span class='ocrx_word' id='word_1_728' title='bbox 627 5087 978 5143; x_wconf 84' lang='lat' dir='ltr'><strong>Recentiores</strong></span> <span class='ocrx_word' id='word_1_729' title='bbox 1019 5086 1190 5142; x_wconf 70' lang='lat' dir='ltr'><strong>Judaei</strong></span> <span class='ocrx_word' id='word_1_730' title='bbox 1233 5088 1379 5141; x_wconf 92' lang='lat' dir='ltr'><strong>hunc</strong></span> <span class='ocrx_word' id='word_1_731' title='bbox 1410 5100 1648 5156; x_wconf 57' lang='lat' dir='ltr'><strong>quoque</strong></span> <span class='ocrx_word' id='word_1_732' title='bbox 1658 5100 1946 5156; x_wconf 80' lang='lat' dir='ltr'><strong>numerum</strong></span> <span class='ocrx_word' id='word_1_733' title='bbox 1987 5086 2090 5156; x_wconf 77' lang='lat' dir='ltr'><strong>oh-</strong></span> 
     </span>
    </p>
   </div>
   <div class='ocr_carea' id='block_1_62' title="bbox 511 5150 2088 5223">
    <p class='ocr_par' dir='ltr' id='par_1_62' title="bbox 511 5150 2088 5223">
     <span class='ocr_line' id='line_1_65' title="bbox 511 5150 2088 5223; baseline -0.004 -10"><span class='ocrx_word' id='word_1_734' title='bbox 511 5168 753 5223; x_wconf 75' lang='lat' dir='ltr'><strong>servant,</strong></span> <span class='ocrx_word' id='word_1_735' title='bbox 789 5158 952 5212; x_wconf 89' lang='lat' dir='ltr'><strong>veluti</strong></span> <span class='ocrx_word' id='word_1_736' title='bbox 1002 5156 1067 5211; x_wconf 86' lang='lat' dir='ltr'><strong>R.</strong></span> <span class='ocrx_word' id='word_1_737' title='bbox 1098 5156 1270 5211; x_wconf 86' lang='lat' dir='ltr'><strong>David</strong></span> <span class='ocrx_word' id='word_1_738' title='bbox 1320 5150 1491 5212; x_wconf 81' lang='lat' dir='ltr'><strong>Ganz.</strong></span> <span class='ocrx_word' id='word_1_739' title='bbox 1518 5150 1575 5210; x_wconf 79' lang='lat' dir='ltr'><strong>in</strong></span> <span class='ocrx_word' id='word_1_740' title='bbox 1609 5154 1867 5211; x_wconf 68' lang='lat' dir='ltr'><strong>Tumaclt</strong></span> <span class='ocrx_word' id='word_1_741' title='bbox 1894 5150 2088 5221; x_wconf 76' lang='lat' dir='ltr'><strong>David,</strong></span> 
     </span>
    </p>
   </div>
   <div class='ocr_carea' id='block_1_63' title="bbox 510 5227 1267 5298">
    <p class='ocr_par' dir='ltr' id='par_1_63' title="bbox 510 5227 1267 5298">
     <span class='ocr_line' id='line_1_66' title="bbox 510 5227 1267 5298; baseline 0.001 -17"><span class='ocrx_word' id='word_1_742' title='bbox 510 5238 663 5298; x_wconf 85' lang='lat' dir='ltr'><strong>parte</strong></span> <span class='ocrx_word' id='word_1_743' title='bbox 688 5243 746 5290; x_wconf 86' lang='grc' dir='ltr'><strong>ιι,</strong></span> <span class='ocrx_word' id='word_1_744' title='bbox 775 5243 899 5297; x_wconf 86' lang='lat' dir='ltr'><strong>pag.</strong></span> <span class='ocrx_word' id='word_1_745' title='bbox 935 5227 1023 5293; x_wconf 70' lang='lat'><strong>10,</strong></span> <span class='ocrx_word' id='word_1_746' title='bbox 1048 5228 1267 5296; x_wconf 87' lang='lat' dir='ltr'><strong>aliique.</strong></span> 
     </span>
    </p>
   </div>
   <div class='ocr_carea' id='block_1_64' title="bbox 584 5295 2087 5379">
    <p class='ocr_par' dir='ltr' id='par_1_64' title="bbox 584 5295 2087 5379">
     <span class='ocr_line' id='line_1_67' title="bbox 584 5295 2087 5379; baseline -0.001 -29"><span class='ocrx_word' id='word_1_747' title='bbox 584 5298 696 5379; x_wconf 65' lang='grc'>(41)</span> <span class='ocrx_word' id='word_1_748' title='bbox 734 5295 790 5351; x_wconf 80' lang='lat' dir='ltr'><strong>lii</strong></span> <span class='ocrx_word' id='word_1_749' title='bbox 833 5295 1023 5379; x_wconf 52' lang='lat' dir='ltr'><strong>psalm:</strong></span> <span class='ocrx_word' id='word_1_750' title='bbox 1053 5314 1091 5362; x_wconf 87' lang='grc' dir='ltr'>ι,</span> <span class='ocrx_word' id='word_1_751' title='bbox 1124 5295 1253 5379; x_wconf 56' lang='lat' dir='ltr'><strong>pag.</strong></span> <span class='ocrx_word' id='word_1_752' title='bbox 1273 5297 1368 5379; x_wconf 47' lang='lat'><strong>51</strong></span> <span class='ocrx_word' id='word_1_753' title='bbox 1407 5295 2087 5379; x_wconf 34' lang='lat' dir='ltr'><strong>C‘optmentar-Linfacram</strong></span> 
     </span>
    </p>
   </div>
   <div class='ocr_carea' id='block_1_65' title="bbox 515 5364 2088 5436">
    <p class='ocr_par' dir='ltr' id='par_1_65' title="bbox 515 5364 2088 5436">
     <span class='ocr_line' id='line_1_68' title="bbox 515 5364 2088 5436; baseline 0.001 -17"><span class='ocrx_word' id='word_1_754' title='bbox 515 5364 871 5436; x_wconf 71' lang='lat' dir='ltr'><strong>Scripturani,</strong></span> <span class='ocrx_word' id='word_1_755' title='bbox 891 5364 1223 5436; x_wconf 78' lang='lat' dir='ltr'><strong>Rothomagi</strong></span> <span class='ocrx_word' id='word_1_756' title='bbox 1236 5367 1391 5430; x_wconf 83' lang='grc'><strong>1668,</strong></span> <span class='ocrx_word' id='word_1_757' title='bbox 1421 5366 1539 5430; x_wconf 63' lang='grc' dir='ltr'><strong>τοι,</strong></span> <span class='ocrx_word' id='word_1_758' title='bbox 1567 5381 1688 5435; x_wconf 88' lang='lat' dir='ltr'><strong>pag.</strong></span> <span class='ocrx_word' id='word_1_759' title='bbox 1726 5364 1914 5436; x_wconf 48' lang='lat'><strong>47,},</strong></span> <span class='ocrx_word' id='word_1_760' title='bbox 1944 5374 1998 5419; x_wconf 90' lang='lat' dir='ltr'><strong>et</strong></span> <span class='ocrx_word' id='word_1_761' title='bbox 2032 5366 2088 5420; x_wconf 91' lang='lat' dir='ltr'><strong>in</strong></span> 
     </span>
    </p>
   </div>
   <div class='ocr_carea' id='block_1_66' title="bbox 510 5432 2088 5505">
    <p class='ocr_par' dir='ltr' id='par_1_66' title="bbox 510 5432 2088 5505">
     <span class='ocr_line' id='line_1_69' title="bbox 510 5432 2088 5505; baseline -0.001 -16"><span class='ocrx_word' id='word_1_762' title='bbox 510 5432 817 5491; x_wconf 72' lang='lat' dir='ltr'><strong>Pliilocalia</strong></span> <span class='ocrx_word' id='word_1_763' title='bbox 842 5452 962 5505; x_wconf 90' lang='lat' dir='ltr'><strong>cap.</strong></span> <span class='ocrx_word' id='word_1_764' title='bbox 1006 5438 1059 5493; x_wconf 86' lang='grc'><strong>5.</strong></span> <span class='ocrx_word' id='word_1_765' title='bbox 1106 5432 1365 5493; x_wconf 67' lang='grc' dir='ltr'><strong>Είῐηιάθηι</strong></span> <span class='ocrx_word' id='word_1_766' title='bbox 1407 5432 1673 5490; x_wconf 82' lang='lat' dir='ltr'><strong>rationem</strong></span> <span class='ocrx_word' id='word_1_767' title='bbox 1711 5437 1802 5488; x_wconf 90' lang='lat' dir='ltr'><strong>dat</strong></span> <span class='ocrx_word' id='word_1_768' title='bbox 1829 5433 2088 5505; x_wconf 80' lang='lat' dir='ltr'><strong>Hierony-</strong></span> 
     </span>
    </p>
   </div>
   <div class='ocr_carea' id='block_1_67' title="bbox 515 5504 1963 5577">
    <p class='ocr_par' dir='ltr' id='par_1_67' title="bbox 515 5504 1963 5577">
     <span class='ocr_line' id='line_1_70' title="bbox 515 5504 1963 5577; baseline -0.002 -18"><span class='ocrx_word' id='word_1_769' title='bbox 515 5511 723 5577; x_wconf 85' lang='lat' dir='ltr'><strong>tnns_ln</strong></span> <span class='ocrx_word' id='word_1_770' title='bbox 754 5504 983 5577; x_wconf 63' lang='lat' dir='ltr'><strong>Proloyo</strong></span> <span class='ocrx_word' id='word_1_771' title='bbox 1016 5505 1241 5577; x_wconf 79' lang='lat' dir='ltr'><strong>Galeato</strong></span> <span class='ocrx_word' id='word_1_772' title='bbox 1273 5522 1381 5561; x_wconf 90' lang='lat' dir='ltr'><strong>non</strong></span> <span class='ocrx_word' id='word_1_773' title='bbox 1416 5507 1648 5577; x_wconf 72' lang='lat' dir='ltr'><strong>multum</strong></span> <span class='ocrx_word' id='word_1_774' title='bbox 1684 5506 1752 5560; x_wconf 90' lang='lat' dir='ltr'><strong>ab</strong></span> <span class='ocrx_word' id='word_1_775' title='bbox 1785 5504 1963 5577; x_wconf 82' lang='lat' dir='ltr'><strong>initio.</strong></span> 
     </span>
    </p>
   </div>
   <div class='ocr_carea' id='block_1_68' title="bbox 584 5574 2090 5645">
    <p class='ocr_par' dir='ltr' id='par_1_68' title="bbox 584 5574 2090 5645">
     <span class='ocr_line' id='line_1_71' title="bbox 584 5574 2090 5645; baseline 0 -16"><span class='ocrx_word' id='word_1_776' title='bbox 584 5575 700 5643; x_wconf 89' lang='grc'>(42)</span> <span class='ocrx_word' id='word_1_777' title='bbox 751 5574 1176 5632; x_wconf 67' lang='grc' dir='ltr'><strong>Διὶεεὀδηοηίδ</strong></span> <span class='ocrx_word' id='word_1_778' title='bbox 1226 5576 1523 5645; x_wconf 69' lang='lat' dir='ltr'><strong>Scriptura:</strong></span> <span class='ocrx_word' id='word_1_779' title='bbox 1570 5576 1627 5629; x_wconf 91' lang='lat' dir='ltr'><strong>S.</strong></span> <span class='ocrx_word' id='word_1_780' title='bbox 1672 5574 2090 5645; x_wconf 86' lang='lat' dir='ltr'><strong>constitutiones</strong></span> 
     </span>
    </p>
   </div>
   <div class='ocr_carea' id='block_1_69' title="bbox 515 5644 2089 5713">
    <p class='ocr_par' dir='ltr' id='par_1_69' title="bbox 515 5644 2089 5713">
     <span class='ocr_line' id='line_1_72' title="bbox 515 5644 2089 5713; baseline 0 -14"><span class='ocrx_word' id='word_1_781' title='bbox 515 5645 846 5713; x_wconf 69' lang='lat' dir='ltr'><strong>scriptorum</strong></span> <span class='ocrx_word' id='word_1_782' title='bbox 894 5644 1388 5702; x_wconf 78' lang='lat' dir='ltr'><strong>ecclesiasticarum</strong></span> <span class='ocrx_word' id='word_1_783' title='bbox 1430 5647 1672 5700; x_wconf 91' lang='lat' dir='ltr'><strong>studiose</strong></span> <span class='ocrx_word' id='word_1_784' title='bbox 1719 5644 1954 5713; x_wconf 86' lang='lat' dir='ltr'><strong>collegit,</strong></span> <span class='ocrx_word' id='word_1_785' title='bbox 1999 5661 2089 5699; x_wconf 88' lang='lat' dir='ltr'><strong>se-</strong></span> 
     </span>
    </p>
   </div>
   <div class='ocr_carea' id='block_1_70' title="bbox 516 5714 2092 5783">
    <p class='ocr_par' dir='ltr' id='par_1_70' title="bbox 516 5714 2092 5783">
     <span class='ocr_line' id='line_1_73' title="bbox 516 5714 2092 5783; baseline 0.003 -17"><span class='ocrx_word' id='word_1_786' title='bbox 516 5716 753 5768; x_wconf 90' lang='lat' dir='ltr'><strong>cundum</strong></span> <span class='ocrx_word' id='word_1_787' title='bbox 778 5716 973 5768; x_wconf 86' lang='lat' dir='ltr'><strong>seriem</strong></span> <span class='ocrx_word' id='word_1_788' title='bbox 1000 5718 1321 5771; x_wconf 66' lang='lat' dir='ltr'><strong>smculorum</strong></span> <span class='ocrx_word' id='word_1_789' title='bbox 1347 5714 1413 5768; x_wconf 82' lang='grc' dir='ltr'>Ν.</span> <span class='ocrx_word' id='word_1_790' title='bbox 1431 5715 1494 5769; x_wconf 91' lang='grc' dir='ltr'>Τ.</span> <span class='ocrx_word' id='word_1_791' title='bbox 1520 5716 1809 5783; x_wconf 89' lang='lat' dir='ltr'><strong>disposuit,</strong></span> <span class='ocrx_word' id='word_1_792' title='bbox 1836 5715 2092 5782; x_wconf 87' lang='lat' dir='ltr'><strong>notisque</strong></span> 
     </span>
    </p>
   </div>
   <div class='ocr_carea' id='block_1_71' title="bbox 521 5783 2089 5856">
    <p class='ocr_par' dir='ltr' id='par_1_71' title="bbox 521 5783 2089 5856">
     <span class='ocr_line' id='line_1_74' title="bbox 521 5783 2089 5856; baseline 0.001 -18"><span class='ocrx_word' id='word_1_793' title='bbox 521 5784 809 5839; x_wconf 84' lang='lat' dir='ltr'><strong>illustravit</strong></span> <span class='ocrx_word' id='word_1_794' title='bbox 827 5784 1295 5852; x_wconf 80' lang='grc' dir='ltr'><strong>πολυμαθέστατος</strong></span> <span class='ocrx_word' id='word_1_795' title='bbox 1325 5784 1477 5841; x_wconf 69' lang='lat' dir='ltr'><strong>lctus</strong></span> <span class='ocrx_word' id='word_1_796' title='bbox 1515 5793 1568 5840; x_wconf 84' lang='lat' dir='ltr'><strong>et</strong></span> <span class='ocrx_word' id='word_1_797' title='bbox 1582 5786 1811 5856; x_wconf 83' lang='lat' dir='ltr'><strong>rcipubl.</strong></span> <span class='ocrx_word' id='word_1_798' title='bbox 1834 5783 2089 5840; x_wconf 51' lang='lat' dir='ltr'><strong>Bronten-</strong></span> 
     </span>
    </p>
   </div>
   <div class='ocr_carea' id='block_1_72' title="bbox 2262 4979 3777 5058">
    <p class='ocr_par' dir='ltr' id='par_1_72' title="bbox 2262 4979 3777 5058">
     <span class='ocr_line' id='line_1_75' title="bbox 2262 4979 3777 5058; baseline -0.007 -15"><span class='ocrx_word' id='word_1_799' title='bbox 2262 4986 2376 5058; x_wconf 81' lang='grc'>(45)</span> <span class='ocrx_word' id='word_1_800' title='bbox 2392 4985 2526 5058; x_wconf 87' lang='lat' dir='ltr'><strong>Lib.</strong></span> <span class='ocrx_word' id='word_1_801' title='bbox 2550 5000 2623 5052; x_wconf 88' lang='lat' dir='ltr'><strong>Iv,</strong></span> <span class='ocrx_word' id='word_1_802' title='bbox 2642 4999 2761 5054; x_wconf 86' lang='lat' dir='ltr'><strong>cap.</strong></span> <span class='ocrx_word' id='word_1_803' title='bbox 2780 4982 2875 5058; x_wconf 85' lang='grc'><strong>22,</strong></span> <span class='ocrx_word' id='word_1_804' title='bbox 2889 4983 2947 5058; x_wconf 81' lang='lat' dir='ltr'><strong>in</strong></span> <span class='ocrx_word' id='word_1_805' title='bbox 2970 4981 3079 5058; x_wconf 70' lang='lat' dir='ltr'><strong>line</strong></span> <span class='ocrx_word' id='word_1_806' title='bbox 3099 4999 3111 5035; x_wconf 91' lang='lat'><strong>:</strong></span> <span class='ocrx_word' id='word_1_807' title='bbox 3132 4980 3439 5054; x_wconf 81' lang='grc' dir='ltr'><strong>Πανάρετον</strong></span> <span class='ocrx_word' id='word_1_808' title='bbox 3460 4980 3650 5050; x_wconf 77' lang='grc' dir='ltr'>σοφίαν</span> <span class='ocrx_word' id='word_1_809' title='bbox 3670 4979 3777 5046; x_wconf 72' lang='grc' dir='ltr'><strong>τὰς</strong></span> 
     </span>
    </p>
   </div>
   <div class='ocr_carea' id='block_1_73' title="bbox 2190 5052 3133 5130">
    <p class='ocr_par' dir='ltr' id='par_1_73' title="bbox 2190 5052 3133 5130">
     <span class='ocr_line' id='line_1_76' title="bbox 2190 5052 3133 5130; baseline -0.012 -14"><span class='ocrx_word' id='word_1_810' title='bbox 2190 5052 2534 5130; x_wconf 68' lang='grc' dir='ltr'><strong>Σο).ομῶντος</strong></span> <span class='ocrx_word' id='word_1_811' title='bbox 2563 5052 2856 5125; x_wconf 75' lang='grc' dir='ltr'><strong>παροὶμίας</strong></span> <span class='ocrx_word' id='word_1_812' title='bbox 2885 5052 3133 5108; x_wconf 75' lang='grc' dir='ltr'><strong>ἐκάλουν.</strong></span> 
     </span>
    </p>
   </div>
   <div class='ocr_carea' id='block_1_74' title="bbox 2262 5120 3769 5223">
    <p class='ocr_par' dir='ltr' id='par_1_74' title="bbox 2262 5120 3769 5223">
     <span class='ocr_line' id='line_1_77' title="bbox 2262 5120 3769 5223; baseline -0.002 -18"><span class='ocrx_word' id='word_1_813' title='bbox 2262 5120 2374 5223; x_wconf 66' lang='grc'>(45)</span> <span class='ocrx_word' id='word_1_814' title='bbox 2407 5120 2527 5204; x_wconf 83' lang='lat' dir='ltr'><strong>Lib.</strong></span> <span class='ocrx_word' id='word_1_815' title='bbox 2558 5165 2595 5214; x_wconf 76' lang='grc' dir='ltr'>ι,</span> <span class='ocrx_word' id='word_1_816' title='bbox 2626 5120 2877 5202; x_wconf 82' lang='lat' dir='ltr'><strong>distinct.</strong></span> <span class='ocrx_word' id='word_1_817' title='bbox 2923 5144 2988 5210; x_wconf 89' lang='grc'><strong>2,</strong></span> <span class='ocrx_word' id='word_1_818' title='bbox 3019 5144 3223 5198; x_wconf 84' lang='lat' dir='ltr'><strong>citante</strong></span> <span class='ocrx_word' id='word_1_819' title='bbox 3262 5142 3465 5200; x_wconf 91' lang='lat' dir='ltr'><strong>Grabio</strong></span> <span class='ocrx_word' id='word_1_820' title='bbox 3506 5120 3561 5200; x_wconf 45' lang='lat' dir='ltr'><strong>i‘n</strong></span> <span class='ocrx_word' id='word_1_821' title='bbox 3589 5143 3664 5200; x_wconf 84' lang='lat' dir='ltr'><strong>H.</strong></span> <span class='ocrx_word' id='word_1_822' title='bbox 3699 5144 3769 5203; x_wconf 81' lang='grc' dir='ltr'>Ε.</span> 
     </span>
    </p>
   </div>
   <div class='ocr_carea' id='block_1_75' title="bbox 2190 5239 2296 5280">
    <p class='ocr_par' dir='ltr' id='par_1_75' title="bbox 2190 5239 2296 5280">
     <span class='ocr_line' id='line_1_78' title="bbox 2190 5239 2296 5280; baseline -0.028 0"><span class='ocrx_word' id='word_1_823' title='bbox 2190 5239 2296 5280; x_wconf 85' lang='lat' dir='ltr'><strong>ms.</strong></span> 
     </span>
    </p>
   </div>
   <div class='ocr_carea' id='block_1_76' title="bbox 2263 5283 3774 5366">
    <p class='ocr_par' dir='ltr' id='par_1_76' title="bbox 2263 5283 3774 5366">
     <span class='ocr_line' id='line_1_79' title="bbox 2263 5283 3774 5366; baseline -0.004 -19"><span class='ocrx_word' id='word_1_824' title='bbox 2263 5294 2373 5364; x_wconf 88' lang='grc'>(47)</span> <span class='ocrx_word' id='word_1_825' title='bbox 2390 5294 2522 5348; x_wconf 85' lang='lat' dir='ltr'><strong>Vide</strong></span> <span class='ocrx_word' id='word_1_826' title='bbox 2540 5310 2756 5366; x_wconf 83' lang='lat' dir='ltr'><strong>summe</strong></span> <span class='ocrx_word' id='word_1_827' title='bbox 2778 5292 3056 5366; x_wconf 79' lang='lat' dir='ltr'><strong>reverendi</strong></span> <span class='ocrx_word' id='word_1_828' title='bbox 3076 5286 3277 5366; x_wconf 79' lang='lat' dir='ltr'><strong>Crusii,</strong></span> <span class='ocrx_word' id='word_1_829' title='bbox 3296 5283 3606 5366; x_wconf 43' lang='lat' dir='ltr'><strong>&#39;Iiheologia:</strong></span> <span class='ocrx_word' id='word_1_830' title='bbox 3626 5289 3774 5366; x_wconf 74' lang='lat' dir='ltr'><strong>apud</strong></span> 
     </span>
    </p>
   </div>
   <div class='ocr_carea' id='block_1_77' title="bbox 2192 5358 3774 5438">
    <p class='ocr_par' dir='ltr' id='par_1_77' title="bbox 2192 5358 3774 5438">
     <span class='ocr_line' id='line_1_80' title="bbox 2192 5358 3774 5438; baseline -0.006 -18"><span class='ocrx_word' id='word_1_831' title='bbox 2192 5358 2604 5435; x_wconf 79' lang='lat' dir='ltr'><strong>Goettingcnses</strong></span> <span class='ocrx_word' id='word_1_832' title='bbox 2630 5364 2861 5438; x_wconf 84' lang='lat' dir='ltr'><strong>profess.</strong></span> <span class='ocrx_word' id='word_1_833' title='bbox 2897 5364 3056 5431; x_wconf 87' lang='lat' dir='ltr'><strong>longe</strong></span> <span class='ocrx_word' id='word_1_834' title='bbox 3086 5358 3424 5438; x_wconf 78' lang='lat' dir='ltr'><strong>celeberrimi</strong></span> <span class='ocrx_word' id='word_1_835' title='bbox 3452 5358 3669 5438; x_wconf 72' lang='lat' dir='ltr'><strong>patroni</strong></span> <span class='ocrx_word' id='word_1_836' title='bbox 3693 5366 3774 5410; x_wconf 81' lang='lat' dir='ltr'><strong>at-</strong></span> 
     </span>
    </p>
   </div>
   <div class='ocr_carea' id='block_1_78' title="bbox 2192 5430 3777 5507">
    <p class='ocr_par' dir='ltr' id='par_1_78' title="bbox 2192 5430 3777 5507">
     <span class='ocr_line' id='line_1_81' title="bbox 2192 5430 3777 5507; baseline -0.005 -20"><span class='ocrx_word' id='word_1_837' title='bbox 2192 5450 2299 5505; x_wconf 89' lang='lat' dir='ltr'><strong>que</strong></span> <span class='ocrx_word' id='word_1_838' title='bbox 2317 5430 2666 5504; x_wconf 64' lang='lat' dir='ltr'><strong>praeceptoris</strong></span> <span class='ocrx_word' id='word_1_839' title='bbox 2696 5436 2801 5507; x_wconf 89' lang='lat' dir='ltr'><strong>mei</strong></span> <span class='ocrx_word' id='word_1_840' title='bbox 2832 5430 3048 5507; x_wconf 79' lang='lat' dir='ltr'><strong>summo</strong></span> <span class='ocrx_word' id='word_1_841' title='bbox 3070 5430 3431 5507; x_wconf 67' lang='lat' dir='ltr'><strong>observantiae</strong></span> <span class='ocrx_word' id='word_1_842' title='bbox 3445 5430 3627 5507; x_wconf 79' lang='lat' dir='ltr'><strong>studio</strong></span> <span class='ocrx_word' id='word_1_843' title='bbox 3640 5437 3777 5507; x_wconf 55' lang='lat' dir='ltr'><strong>getae</strong></span> 
     </span>
    </p>
   </div>
   <div class='ocr_carea' id='block_1_79' title="bbox 2194 5496 3770 5576">
    <p class='ocr_par' dir='ltr' id='par_1_79' title="bbox 2194 5496 3770 5576">
     <span class='ocr_line' id='line_1_82' title="bbox 2194 5496 3770 5576; baseline -0.006 -16"><span class='ocrx_word' id='word_1_844' title='bbox 2194 5496 2299 5576; x_wconf 57' lang='lat' dir='ltr'><strong>[om</strong></span> <span class='ocrx_word' id='word_1_845' title='bbox 2318 5496 2690 5561; x_wconf 53' lang='lat' dir='ltr'><strong>&#39;dcven&#39;erandi</strong></span> <span class='ocrx_word' id='word_1_846' title='bbox 2715 5504 3166 5576; x_wconf 76' lang='lat' dir='ltr'><strong>dissertationem</strong></span> <span class='ocrx_word' id='word_1_847' title='bbox 3179 5496 3519 5576; x_wconf 67' lang='lat' dir='ltr'><strong>epistolicam</strong></span> <span class='ocrx_word' id='word_1_848' title='bbox 3543 5498 3608 5551; x_wconf 88' lang='lat' dir='ltr'><strong>ad</strong></span> <span class='ocrx_word' id='word_1_849' title='bbox 3635 5497 3770 5551; x_wconf 85' lang='lat' dir='ltr'><strong>Chr.</strong></span> 
     </span>
    </p>
   </div>
   <div class='ocr_carea' id='block_1_80' title="bbox 2191 5567 3772 5647">
    <p class='ocr_par' dir='ltr' id='par_1_80' title="bbox 2191 5567 3772 5647">
     <span class='ocr_line' id='line_1_83' title="bbox 2191 5567 3772 5647; baseline -0.007 -19"><span class='ocrx_word' id='word_1_850' title='bbox 2191 5574 2655 5647; x_wconf 77' lang='lat' dir='ltr'><strong>Wprmiumpag.</strong></span> <span class='ocrx_word' id='word_1_851' title='bbox 2674 5576 2761 5638; x_wconf 82' lang='grc'>15,</span> <span class='ocrx_word' id='word_1_852' title='bbox 2781 5574 2871 5629; x_wconf 90' lang='lat' dir='ltr'><strong>ubi</strong></span> <span class='ocrx_word' id='word_1_853' title='bbox 2902 5574 3049 5627; x_wconf 93' lang='lat' dir='ltr'><strong>hunc</strong></span> <span class='ocrx_word' id='word_1_854' title='bbox 3071 5567 3341 5647; x_wconf 77' lang='lat' dir='ltr'><strong>Mclitbnis</strong></span> <span class='ocrx_word' id='word_1_855' title='bbox 3364 5567 3772 5647; x_wconf 65' lang='lat' dir='ltr'><strong>librumqnan-</strong></span> 
     </span>
    </p>
   </div>
   <div class='ocr_carea' id='block_1_81' title="bbox 2190 5635 3771 5714">
    <p class='ocr_par' dir='ltr' id='par_1_81' title="bbox 2190 5635 3771 5714">
     <span class='ocr_line' id='line_1_84' title="bbox 2190 5635 3771 5714; baseline -0.005 -17"><span class='ocrx_word' id='word_1_856' title='bbox 2190 5646 2319 5699; x_wconf 91' lang='lat' dir='ltr'><strong>tivis</strong></span> <span class='ocrx_word' id='word_1_857' title='bbox 2363 5635 2972 5714; x_wconf 50' lang='lat' dir='ltr'><strong>pretii&#39;mvonumentum</strong></span> <span class='ocrx_word' id='word_1_858' title='bbox 3012 5644 3244 5714; x_wconf 84' lang='lat' dir='ltr'><strong>vocavit,</strong></span> <span class='ocrx_word' id='word_1_859' title='bbox 3281 5635 3677 5714; x_wconf 78' lang='lat' dir='ltr'><strong>et_Fabriciuni</strong></span> <span class='ocrx_word' id='word_1_860' title='bbox 3709 5636 3771 5714; x_wconf 72' lang='lat' dir='ltr'><strong>in</strong></span> 
     </span>
    </p>
   </div>
   <div class='ocr_carea' id='block_1_82' title="bbox 2192 5708 3769 5836">
    <p class='ocr_par' dir='ltr' id='par_1_82' title="bbox 2192 5708 3769 5836">
     <span class='ocr_line' id='line_1_85' title="bbox 2192 5708 3769 5836; baseline -0.006 -67"><span class='ocrx_word' id='word_1_861' title='bbox 2192 5708 2447 5836; x_wconf 49' lang='grc' dir='ltr'><strong>Βίὸιίίέᾎιέ</strong></span> <span class='ocrx_word' id='word_1_862' title='bbox 2473 5717 2610 5771; x_wconf 79' lang='lat' dir='ltr'><strong>med.</strong></span> <span class='ocrx_word' id='word_1_863' title='bbox 2644 5726 2691 5771; x_wconf 90' lang='lat' dir='ltr'><strong>ct</strong></span> <span class='ocrx_word' id='word_1_864' title='bbox 2718 5716 2912 5783; x_wconf 72' lang='lat' dir='ltr'><strong>inﬁma:</strong></span> <span class='ocrx_word' id='word_1_865' title='bbox 2943 5711 3275 5777; x_wconf 76' lang='lat' dir='ltr'><strong>Latinitatis,</strong></span> <span class='ocrx_word' id='word_1_866' title='bbox 3305 5710 3399 5764; x_wconf 91' lang='lat' dir='ltr'><strong>lib.</strong></span> <span class='ocrx_word' id='word_1_867' title='bbox 3438 5710 3535 5776; x_wconf 69' lang='grc' dir='ltr'>χή,</span> <span class='ocrx_word' id='word_1_868' title='bbox 3568 5708 3675 5761; x_wconf 83' lang='lat' dir='ltr'><strong>vol.</strong></span> <span class='ocrx_word' id='word_1_869' title='bbox 3708 5712 3769 5767; x_wconf 73' lang='grc' dir='ltr'>ν.</span> 
     </span>
     <span class='ocr_line' id='line_1_86' title="bbox 2193 5788 2467 5836; baseline 0 0"><span class='ocrx_word' id='word_1_870' title='bbox 2193 5800 2313 5836; x_wconf 66' lang='lat' dir='ltr'><strong>nam</strong></span> <span class='ocrx_word' id='word_1_871' title='bbox 2344 5788 2360 5812; x_wconf 64' lang='grc' dir='ltr'>ί</span> <span class='ocrx_word' id='word_1_872' title='bbox 2456 5826 2467 5836; x_wconf 92' lang='grc'><strong>.</strong></span> 
     </span>
    </p>
   </div>
   <div class='ocr_carea' id='block_1_83' title="bbox 2193 5786 3775 5855">
    <p class='ocr_par' dir='ltr' id='par_1_83' title="bbox 2193 5786 3775 5855">
     <span class='ocr_line' id='line_1_87' title="bbox 2193 5786 3775 5855; baseline 0.001 -17"><span class='ocrx_word' id='word_1_873' title='bbox 2193 5786 2467 5855; x_wconf 63' lang='grc' dir='ltr'>ρῃε.204.</span> <span class='ocrx_word' id='word_1_874' title='bbox 3774 5802 3775 5805; x_wconf 77' lang='lat'>‘</span> 
     </span>
    </p>
   </div>
  </div>
