4130 6394
336 428 470 488 1181
1285 427 1586 487 ΝΟΤῘἸἸΑ.
1622 460 1693 471 --
1727 428 1771 483 l.
1812 428 1898 483 DE

1989 426 2100 482 ITA
2140 428 2201 483 3.
2239 427 2632 487 MELITONIS.
3450 431 3589 485 H82

697 572 727 646 ς
752 572 895 629 XVI.
926 573 1006 632 De
1034 573 1220 629 sedata
1252 573 1308 628 in
1340 572 1577 629 Ecclesia
1592 572 1891 627 Laodiceua
1925 572 2067 625 circa
2093 571 2390 626 Paschatos
2420 572 2823 626 celebrationem
2848 570 3227 624 controversia.

405 687 584 743 Porro
605 684 850 757 episcOpi
875 686 1127 757 partibus
1159 686 1377 759 egregie
1404 685 1626 741 functus
1653 694 1739 741 est
1766 692 1956 739 noster
1984 684 2038 737 in
2066 699 2152 751 eo,
2187 685 2334 755 quod
2362 685 2484 755 paci
2514 684 2570 738 in
2602 683 2849 738 Ecclesia
2878 682 3185 747 servandae,
3213 690 3268 736 et
3295 680 3435 735 inter
3462 679 3585 733 ﬁdei

335 778 669 836 domesticos
691 778 902 834 exortis
931 776 1183 833 dissidiis
1219 776 1477 832 sedandis
1500 790 1719 830 omnem
1744 775 2037 830 navaverit-
2051 790 2294 844 operam.
2325 774 2478 831 Hanc
2502 775 2777 830 Melitouis
2798 773 3118 844 prudentem
3141 787 3332 827 curam
3362 780 3585 841 experta

333 878 423 926 est
458 869 731 940 pracipue
756 870 937 925 vicina
959 869 1270 926 Laedicena
1312 868 1580 935 Ecclesia,
1608 868 1664 923 in
1690 884 1800 939 qua
1828 869 1901 923 ob
1925 867 2227 925 Paschatos
2259 870 2684 926 celebrationem
2712 869 2886 922 turbae
2914 875 3072 921 erant
3100 872 3325 921 exortae.
3356 865 3589 918 Constat

332 963 484 1020 enim
514 962 658 1018 inter
683 978 897 1031 omnes,
926 972 982 1018 et
1011 961 1261 1019 Socratis
1292 963 1405 1035 (48)
1433 963 1658 1032 insuper
1692 961 2010 1016 testimonio
2054 963 2272 1031 probari
2314 971 2513 1033 potest,
2542 977 2720 1031 neque
2749 959 3055 1025 Christum,
3085 973 3264 1028 neque
3305 956 3586 1025 apostolos

332 1062 487 1112 certa
513 1053 629 1123 lege
653 1050 937 1109 Paschalis
972 1053 1282 1109 celebrandi
1309 1054 1452 1108 diem
1478 1051 1824 1124 praecepisse,
1852 1051 1947 1106 sed
1983 1050 2296 1107 festivitatis
2330 1054 2494 1123 hujus
2537 1064 2751 1123 tempus
2776 1051 3141 1107 Ecclesiarum
3173 1051 3404 1105 arbitrio
3442 1050 3575 1103 reli-

330 1142 544 1215 quisse.
570 1142 705 1198 Aliae
739 1144 946 1214 itaque,
977 1160 1045 1200 ex
1077 1160 1275 1215 magna
1303 1146 1580 1201 nascentis
1610 1143 1871 1198 Ecclesiae
1900 1159 2025 1199 cum
2064 1144 2307 1200 Judaicis
2338 1146 2534 1201 ritibus
2563 1144 2966 1209 cenformitate,
2997 1144 3187 1198 eodem
3211 1159 3336 1198 cum
3371 1140 3577 1196 Iudaeis

333 1247 582 1309 tempore
611 1239 745 1294 illud
775 1239 1161 1294 celebrandum
1190 1238 1489 1304 duxerunt,
1524 1240 1646 1295 alia:
1677 1247 1861 1293 autem
1895 1238 1985 1293 die
2013 1238 2297 1295 Dominiea
2328 1240 2471 1295 istud
2504 1239 2705 1294 festum
2733 1254 2893 1310 agere
2925 1240 3256 1293 maluerunt.
3284 1235 3470 1304 Neque
3496 1244 3581 1289 ta-

333 1347 461 1387 men
487 1331 557 1386 ab
589 1330 749 1385 initio
773 1331 889 1387 haac
913 1330 1201 1386 diversitas
1230 1332 1560 1387 discordiam
1585 1331 1817 1402 peperit,
1842 1330 1937 1386 sed
1962 1332 2218 1400 quailibet
2247 1331 2492 1387 Ecclesia
2527 1332 2583 1385 in
2608 1332 2716 1385 ritu
2750 1332 2853 1387 hoc
2876 1331 3176 1399 adiaphore
3205 1330 3453 1385 libertate
3476 1341 3582 1383 sua

330 1438 459 1487 usa,
483 1423 607 1478 aliis
633 1437 854 1494 quoque
898 1439 1055 1479 suam
1086 1424 1396 1479 libertatem
1438 1439 1548 1479 non
1580 1426 1802 1492 invidit,
1825 1426 2002 1481 donec
2045 1423 2330 1478 Laodiceae
2356 1439 2552 1493 magna
2597 1423 2967 1478 controversia
2999 1422 3067 1477 de
3105 1421 3445 1476 solemnitate
3476 1433 3580 1489 pa-

331 1518 508 1574 schali
532 1518 765 1574 excitata
785 1528 890 1575 est.
918 1516 978 1574 In
1006 1518 1387 1589 persecutione
1414 1519 1627 1575 scilicet
1655 1518 1727 1575 M.
1760 1519 1972 1576 Aurelii
1995 1518 2283 1582 Antonini,
2305 1516 2551 1588 Sagarim
2581 1518 2899 1586 episcopum
2926 1530 3086 1571 suum
3116 1514 3416 1569 amiserant
3439 1512 3576 1567 Lae-

329 1614 536 1681 diceui,
569 1624 623 1671 et
654 1614 914 1670 credibile
947 1624 1032 1670 est
1062 1614 1279 1684 aliquos
1307 1614 1382 1668 ibi
1408 1625 1630 1669 exortes
1662 1613 1856 1679 fuisse,
1889 1616 1983 1685 qui
2012 1615 2201 1681 aliam,
2228 1627 2397 1683 quam
2426 1611 2511 1666 vel
2539 1609 2745 1674 Romae,
2771 1610 2856 1664 vel
2898 1610 3027 1664 alibi
3058 1610 3328 1675 viderant,
3354 1617 3408 1663 at
3430 1608 3578 1663 Asia:

327 1703 577 1777 ignotam
605 1715 660 1761 et
691 1706 1011 1763 insolentem
1049 1706 1523 1773 consuetudinem,
1549 1706 1897 1761 introducere
1928 1713 2279 1770 conarentur,
2309 1703 2652 1759 Laedieenos
2684 1714 2889 1768 autem,
2926 1701 3083 1756 aliter
3119 1715 3150 1755 a
3190 1698 3421 1769 pueritia
3447 1699 3582 1755 edo-

327 1807 472 1865 etes,
500 1799 607 1854 illis
628 1799 915 1866 restitisse,
939 1809 1104 1869 atque
1130 1802 1211 1856 sic
1243 1812 1425 1856 natam
1449 1814 1572 1857 esse
1594 1798 2018 1855 dissensionem.
2038 1796 2371 1867 lnterposuit
2396 1797 2564 1866 igitur
2593 1810 2750 1851 suam
2767 1794 3151 1849 auctoritatem
3176 1790 3360 1846 Melite
3386 1799 3573 1859 atque,

328 1900 391 1946 ut
418 1890 585 1947 refert
632 1892 899 1950 Eusebius
929 1888 1043 1965 (4'9)
1076 1910 1144 1949 ex
1191 1897 1310 1965 ipso
1362 1895 1638 1950 Melitenis
1686 1910 1873 1964 opere,
1907 1892 2138 1948 Servilio
2171 1891 2344 1947 Paulo
2385 1892 2529 1946 Asia:
2558 1889 2907 1961 proconsule,
2934 1903 3044 1957 quo
3071 1895 3315 1956 tempore
3343 1885 3570 1956 Sagaris

328 1985 658 2054 martyrium
690 2002 888 2054 passus
917 1996 1019 2052 est,
1062 1987 1354 2042 festinante
1396 1988 1608 2043 calamo
1628 1988 1769 2042 duos
1796 1987 1864 2041 de
1901 1985 2172 2042 Paschate
2200 1984 2446 2040 exaravit
2478 1983 2667 2048 libros,
2690 1981 2746 2035 in
2789 1981 2993 2052 quibus
3023 1979 3231 2044 docuit,
3266 1994 3421 2033 suam
3449 1978 3576 2033 uni-

325 2075 531 2144 cuique
558 2075 819 2135 Ecclesiae
848 2080 1247 2134 observandam
1295 2095 1419 2135 esse
1460 2079 1932 2145 consuetudinem,
1961 2093 2063 2133 nec
2099 2077 2169 2131 ab
2194 2090 2261 2131 eo
2284 2074 2669 2141 recedendum,
2696 2076 2844 2145 quod
2870 2073 2973 2141 ipsi
3005 2088 3036 2128 a
3064 2080 3257 2128 sancto
3284 2086 3388 2126 suo
3419 2070 3564 2124 anti-

324 2169 475 2232 stite,
507 2182 655 2223 nunc
673 2169 912 2238 glorioso
936 2180 1194 2242 martyre,
1223 2171 1553 2241 acceperint,
1587 2170 1957 2239 traditumque
1983 2167 2286 2239 antiquitus
2315 2183 2543 2231 morem,
2573 2166 2781 2222 Pascha
2809 2165 2897 2219 die
2919 2165 3128 2219 decima
3154 2170 3349 2233 quarta
3379 2162 3571 2217 obser-

323 2258 511 2325 vandi,
544 2265 870 2313 constanter
905 2276 1027 2317 esse
1050 2262 1415 2317 retinendum.
1438 2261 1723 2332 llocjenim
1761 2261 2064 2333 Polycratis
2106 2260 2390 2331 proﬁtetur
2413 2258 2656 2329 Epistela
2692 2257 2942 2327 synodica
2976 2255 3113 2327 (50),
3139 2254 3298 2323 cujus
3324 2261 3574 2322 tempore

323 2351 432 2407 sub
444 2350 732 2406 Commodi
763 2352 993 2421 imperio
1023 2361 1077 2408 et
1099 2351 1335 2409 Victoris
1364 2355 1681 2424 pontiﬁcatu
1709 2355 1870 2425 longe
1900 2354 2137 2423 majores
2165 2352 2233 2407 de
2259 2350 2603 2406 solemnitate
2633 2347 2879 2419 paschali
2899 2355 3099 2401 exortae
3128 2344 3349 2398 fuerunt
3373 2341 3570 2397 turbae.

324 2441 560 2515 Scriptis
587 2443 771 2515 itaque
800 2446 917 2500 suis
950 2444 1017 2499 de
1046 2444 1313 2501 Paschate
1357 2446 1516 2502 libris
1556 2445 1739 2500 Melite
1772 2461 1991 2501 omnem
2027 2443 2460 2500 controversiam
2506 2441 2753 2505 diremit,
2806 2449 2863 2493 et
2884 2437 3143 2493 Ecclesia:
3176 2436 3438 2489 unitatem
3479 2447 3578 2502 pa-

320 2550 557 2609 cemque
577 2536 831 2592 reddidit.
876 2536 1041 2591 Addit
1072 2536 1341 2592 Eusebius
1373 2538 1522 2608 quod
1562 2538 1729 2608 hujus
1764 2538 1977 2607 scripti,
2007 2552 2037 2592 a
2071 2535 2324 2591 Melitene
2361 2533 2515 2599 editi,
2546 2534 2713 2587 etiam
2746 2531 2999 2587 Clemens
3024 2528 3428 2584 Alexandrinus
3456 2527 3576 2596 (51)

320 2631 660 2687 mentionem
691 2629 877 2697 faciat,
908 2638 963 2686 et
990 2632 1138 2701 quod
1168 2632 1273 2693 hoc
1294 2632 1472 2701 ipsum
1508 2631 1781 2687 Melitonis
1812 2634 2077 2703 scriptum
2106 2629 2368 2685 Clementi
2391 2629 2545 2682 Alex.
2574 2626 2922 2684 occasionem
2956 2624 3271 2695 praebuerit,
3300 2631 3359 2677 ut
3384 2631 3438 2677 et
3460 2620 3579 2692 ipse

318 2723 525 2779 librum
558 2725 638 2784 De
658 2725 925 2783 Paschate
952 2725 1157 2793 ederet,
1182 2725 1279 2782 sed
1306 2735 1560 2783 neutrum
1586 2727 1784 2781 borum
1816 2735 2033 2781 aetatem
2065 2734 2310 2780 nostram
2342 2724 2484 2778 tulit.

1246 2878 1275 2950 δ
1312 2877 1476 2933 XVII.
1522 2880 1598 2935 De
1626 2880 1891 2934 Meiitonis
1919 2875 2180 2947 Apologia
2203 2890 2298 2944 pro
2324 2872 2668 2930 Christianis.

375 3082 536 3142 Nunc
565 3085 635 3142 de
664 3085 785 3157 ejus
818 3089 875 3142 in
909 3084 1154 3144 sedanda
1183 3085 1623 3144 Christianorum
1669 3085 1965 3156 peracerba
1998 3091 2288 3143 vexatione
2326 3084 2473 3141 haud
2508 3079 2798 3139 infeliciter
2826 3081 3069 3137 adhibita
3107 3079 3375 3135 industria
3402 3078 3594 3151 paucis

304 3173 598 3231 dicendutn
626 3156 805 3233 adhuc
833 3188 1022 3234 restat.
1058 3178 1243 3249 Itaque
1268 3195 1376 3233 non
1412 3180 1575 3233 mede
1606 3180 1660 3232 in
1703 3193 1833 3247 pace
1860 3189 1914 3233 et
1946 3178 2245 3249 tranquillo
2292 3175 2550 3232 Ecclesiae
2579 3184 2724 3230 statu
2756 3172 2915 3227 fidem
2952 3172 3171 3225 firmare
3196 3183 3249 3225 et
3273 3185 3593 3240 promovere
3670 3156 3678 3164 ’

306 3268 518 3323 studuit
551 3278 761 3334 noster,
789 3270 881 3325 sed
911 3283 965 3325 et
996 3270 1053 3324 in
1093 3269 1237 3325 bello
1274 3279 1329 3325 et
1372 3269 1850 3340 persecutionibus
1879 3283 2005 3322 eum
2044 3268 2165 3336 ipse
2193 3269 2320 3320 vita:
2361 3281 2474 3321 suae
2521 3265 2763 3334 periculo
2800 3262 2867 3317 de
2911 3272 3053 3318 coetu
3083 3261 3177 3316 Dei
3222 3263 3358 3316 bene
3385 3276 3594 3316 merere

307 3375 421 3414 non
451 3358 631 3416 desiit.
661 3359 800 3416 Nam
829 3377 953 3418 cum
984 3364 1201 3422 duobus
1226 3367 1492 3435 Augustis
1524 3365 1787 3420 fratribus
1818 3363 1889 3417 Μ.
1919 3364 2143 3417 Aurelio
2166 3362 2443 3417 Antonino
2472 3369 2527 3414 et
2557 3358 2728 3414 Lucio
2761 3358 2899 3415 Vero
2928 3358 3321 3427 imperantibus
3354 3366 3506 3410 atrox
3536 3358 3591 3410 in

306 3457 580 3513 Asiaticas
612 3457 885 3515 Ecclesias
915 3461 1257 3519 incubuisset
1287 3471 1583 3533 tempestas
1613 3462 1752 3533 (52),
1795 3460 1997 3516 inertes
2027 3459 2268 3513 latebras
2292 3464 2477 3512 noster
2505 3454 2735 3509 minime
2774 3454 3058 3523 quaesivit;
3090 3455 3183 3509 sed
3215 3453 3358 3508 haud
3387 3454 3605 3509 fractus-

306 3552 494 3609 animo
532 3552 754 3624 Deoque
781 3555 1043 3623 conlisus,
1068 3556 1135 3611 ad
1174 3556 1391 3611 clavum
1434 3555 1692 3612 Ecclesiae
1729 3555 1902 3620 stetit,
1928 3562 1984 3608 et
2020 3564 2213 3609 contra
2250 3554 2565 3624 iniquorum
2609 3552 3049 3619 magistratuum,
3078 3568 3173 3606 seu
3201 3550 3590 3623 proconsulum

307 3664 410 3706 seu
459 3650 878 3722 praefectorum,
939 3652 1031 3723 qui
1088 3652 1231 3709 hanc
1282 3661 1663 3723 tempestatem
1714 3652 2088 3708 excitaverant
2141 3650 2402 3716 maxime,
2442 3650 2672 3705 insanos
2715 3648 2955 3703 insultus
2993 3644 3208 3700 fortiter
3241 3642 3590 3714 depugnavit.

308 3749 785 3817 Quemadmodum
826 3751 991 3822 igitur
1029 3751 1172 3805 inter
1212 3747 1454 3804 furentes
1493 3747 1669 3803 undas
1705 3757 1761 3802 et
1797 3746 1998 3802 fluctus
2038 3745 2206 3802 maris
2245 3744 2376 3802 boni
2414 3742 2796 3815 gubernatoris
2832 3756 2924 3797 ars
2978 3754 3037 3795 se
3093 3739 3276 3810 prodit
3316 3756 3328 3791 :
3370 3738 3443 3791 ita
3481 3751 3593 3790 non

308 3844 447 3901 alias
486 3844 664 3915 magis
701 3844 846 3900 beati
883 3844 1157 3901 Melitonis
1191 3847 1391 3911 virtus,
1428 3858 1592 3913 quam
1634 3843 1688 3897 in
1721 3841 1912 3898 mediis
1936 3841 2379 3912 persecutionum
2408 3837 2744 3902 turbinibus,
2770 3834 3015 3892 emicuit.
3039 3832 3222 3888 Doctae
3248 3830 3394 3887 enim
3430 3838 3595 3899 atque

306 3936 575 4008 elegantis
612 3936 878 3994 orationis
917 3953 1031 3993 suae
1070 3938 1345 4009 praesidio,
1383 3937 1528 3990 viam
1569 3934 1671 3990 sibi
1713 3934 1780 3989 ad
1821 3934 2175 4003 imperatoris
2217 3931 2288 3987 Μ.
2331 3930 2540 3987 Aurelii
2578 3929 2841 3986 Antonini
2879 3943 3041 3984 aures
3081 3926 3242 3992 fecit,
3280 3938 3439 3982 suam
3478 3921 3594 3978 fra-

308 4041 572 4102 trumque
610 4047 839 4089 suorum
878 4048 1103 4090 causam
1145 4034 1289 4104 apud
1328 4048 1455 4088 eum
1488 4032 1631 4102 egit,
1669 4040 1723 4085 et
1781 4030 2097 4101 Apologiam
2137 4029 2335 4084 obtulit
2374 4026 2622 4099 (ὃὸ-54),
2659 4043 2767 4099 qua
2805 4022 3216 4082 demonstrabat
3256 4018 3592 4091 imperatori,

308 4142 424 4184 non
462 4129 571 4186 nisi
612 4140 876 4202 tyrannos
911 4139 967 4187 et
1007 4130 1184 4186 malos
1222 4128 1498 4199 principes
1539 4127 1827 4195 hucusque
1864 4125 2124 4183 aliiixisse
2163 4123 2487 4190 Eeclesiam,
2518 4132 2573 4180 et
2609 4138 2717 4195 qua
2757 4122 2815 4181 in
2852 4120 3176 4179 memoriam
3214 4118 3266 4174 ei
3302 4116 3596 4174 rexecabat

1987 4349 2317 4406 Christianis
2384 4347 2550 4404 illatis
2611 4346 2778 4405 refert
2837 4346 3070 4405 Orosius
3129 4352 3166 4403 Ι.
3221 4363 3310 4410 ο..
3370 4348 3576 4405 Euseb.

1986 4421 2084 4476 lib.
2126 4437 2177 4477 v.
2216 4436 2337 4491 cap.
2370 4418 2746 4491 LARepressa
2794 4421 3149 4491 aliquantum_
3185 4421 3426 4491 creditur
3464 4424 3580 4478 haec

1984 4487 2299 4562 persecutio
2332 4490 2413 4562 ob
2443 4487 2654 4561 insigne
2692 4487 3021 4562 beneficium
3056 4507 3087 4545 a
3126 4488 3363 4562 Legiene
3400 4490 3582 4546 fulmi-

1984 4560 2194 4617 natrice
2232 4560 2573 4629 praestitum,
2613 4561 2759 4631 quod
2798 4561 3125 4631 miraculum
3174 4570 3229 4614 et
3280 4561 3484 4616 ethnici
3523 4571 3581 4617 et

1983 4631 2282 4689 Christiani
2335 4630 2645 4701 scriptores
2692 4642 2938 4685 narrant.
2977 4630 3045 4685 Et
3099 4630 3174 4684 illi
3224 4632 3442 4701 quidem
3484 4642 3580 4687 aut

1985 4717 2149 4775 mago
2208 4702 2424 4758 cuidam
2486 4700 2742 4775 Egyptio
2797 4702 3110 4775 tribuunt,
3145 4710 3205 4755 ut
3242 4700 3357 4775 ’Dio
3388 4703 3574 4775 _Ca_ss.

1985 4770 2288 4841 libfuxn,
2349 4780 2445 4826 aut
2502 4770 2756 4841 precibus
2796 4771 3177 4841 imperatoris,
3221 4781 3282 4824 ut
3317 4770 3424 4826 Jul.
3470 4772 3577 4826 Ca-

1983 4845 2139 4914 pitol.
2196 4844 2251 4897 in
2306 4842 2429 4897 Vita
2467 4843 2665 4914 Aaron.
2706 4841 2873 4914 _P’iil.
2927 4857 3051 4914 cap.
3107 4841 3217 4905 24,
3266 4852 3369 4914 _au_t
3418 4843 3575 4900 bouis

1985 4912 2108 4984 ejus
2145 4914 2411 4984 moribus,
2452 4923 2512 4967 ut
2549 4912 2981 4984 Claudianusin
3020 4912 3279 4984 panegyri
3319 4912 3398 4966 De
3426 4923 3574 4967 sexto

1983 4981 2267 5039 consulatu
2317 4982 2585 5049 Honorii,
2626 4997 2786 5038 versu
2826 4981 2968 5049 5'59,
3008 4981 3091 5052 sq.
3134 4981 3213 5036 lli
3239 4993 3419 5037 autem
3462 4987 3576 5039 vel-

1985 5057 2064 5111 uti
2104 5056 2303 5111 Euseb.
2345 5055 2438 5108 lib.
2483 5070 2549 5120 v,
2589 5068 2710 5123 cap.
2752 5052 2821 5117 5,
2860 5063 2913 5107 et
2950 5053 3018 5107 ab
3067 5067 3134 5107 eo
3173 5054 3354 5115 citati,
3395 5057 3575 5123 preci-

1984 5126 2090 5182 bus
2127 5129 2289 5181 dictae
2326 5124 2765 5194 Christianorum
2805 5123 3062 5194 legionis_
3085 5124 3367 5187 tribuunt,
3405 5139 3572 5194 quam

1985 5199 2055 5251 ab
2094 5197 2422 5251 imperatore
2458 5197 2600 5251 hanc
2638 5186 2709 5250 ob
2747 5186 2970 5249 causam
3014 5186 3459 5248 Fulmiiiatricen:
3497 5198 3576 5251 di-

1984 5276 2129 5322 ctam
2168 5264 2339 5323 fuisse
2376 5266 2550 5322 aiunt.
2590 5264 2758 5320 Addit
2811 5264 3134 5321 Tertullian.
3191 5280 3310 5333 cap.
3352 5264 3386 5319 5
3424 5270 3572 5336 Apo-

421 4350 510 4429 ιξξ)
543 4349 753 4429 Hister.
803 4311 990 4410 erlcles.
1022 4357 1118 4412 lib.
1150 4373 1205 4424 ν,
1238 4373 1360 4429 cap.
1391 4358 1481 4413 22.

417 4421 507 4487 49)
545 4420 752 4477 Hister.
800 4428 981 4480 eccles.
1012 4428 1105 4481 lib.
1139 4420 1211 4489 tv,
1241 4420 1361 4489 cap.
1387 4430 1478 4483 26.

418 4489 694 4567 5Q)_Hanc
720 4493 841 4551 vide
894 4499 1038 4567 apud
1061 4496 1264 4553 Euseb.
1292 4489 1437 4553 Hist.
1489 4495 1676 4552 ecetes.
1712 4496 1810 4552 lib.
1846 4512 1902 4561 v,

319 4562 600 4704 63%?)6ln
636 4632 775 4688 libre
804 4649 906 4688 suo
936 4637 1015 4691 De
1038 4635 1327 4693 Paschate.

399 4702 518 4784 g5?)
559 4702 693 4768 Quae
733 4705 837 4759 sub
870 4704 1298 4784 imperatoribus
1338 4706 1487 4784 hisce
1523 4705 1724 4784 agitata
1769 4704 1902 4784 fuit,

318 4774 513 4844 quinta
547 4783 632 4827 est
660 4775 970 4847 persecutio
1009 4776 1165 4843 juxta
1206 4774 1412 4847 Sulpic.
1441 4774 1580 4831 Sevi
1603 4778 1698 4830 lib.
1734 4776 1907 4847 nHi-

318 4853 453 4898 ator.
479 4860 649 4916 sacra:
679 4859 799 4916 cap.
825 4844 915 4916 52,
946 4860 1067 4916 pag.
1102 4860 1174 4898 m.
1199 4844 1329 4914 246,
1360 4863 1388 4900 a
1417 4862 1527 4916 quo
1557 4848 1758 4901 abeunt
1787 4846 1906 4903 llic-

319 4928 585 4996 reuymus
619 4914 672 4966 in
698 4911 877 4995 Catal.
902 4911 1087 5036 script.
1118 4911 1455 4995 eccles'cap'.
1483 4918 1550 4970 17
1572 4935 1587 4982 ;
1606 4916 1900 4987 Augustin.

319 4983 401 5037 De
434 4992 645 5037 civitate
678 4983 769 5037 Det
804 5000 931 5038 can;
961 4984 1014 5037 5°
1049 5002 1063 5038 :
1112 4985 1341 5038 Orosms
1391 4988 1444 5038 in
1480 4987 1724 5038 Historia
1777 4988 1897 5038 adu.

319 4988 401 5037 De
434 4988 645 5037 civitate
678 4988 769 5037 Dei
804 5000 931 5054 cap;
961 4988 1063 5049 52;
1112 4988 1341 5042 Orosius
1391 4988 1444 5041 in
1480 4988 1724 5040 Historia
1777 4988 1897 5042 ade.

317 5054 692 5126 paganos_lib.
724 5070 822 5120 vn,
875 5054 1111 5126 cap.i5,
1138 5070 1277 5126 ream
1321 5067 1573 5126 quartam
1616 5055 1900 5125 facientes,

316 5126 525 5195 omissa
570 5124 695 5188 ista,
722 5140 845 5193 quae
887 5126 991 5195 sub
1018 5124 1262 5195 Adriano
1296 5124 1473 5195 empta
1514 5136 1570 5182 et
1599 5126 1702 5181 sub
1731 5129 1896 5181 Anto-

317 5194 454 5266 nino
480 5193 581 5248 Pio
606 5195 925 5266 continuata
953 5193 1074 5266 fuit.
1106 5193 1339 5266 sustulit
1365 5193 1480 5251 litae
1505 5199 1814 5266 persecutio
1843 5198 1897 5252 iu

318 5264 474 5328 Asia,
508 5273 702 5336 praeter
738 5263 987 5333 Sagarim
1029 5263 1308 5336 Laodiceae
1355 5263 1702 5336 episcopum,
1743 5266 1902 5336 Poly-

319 5350 547 5417 carpum
579 5334 828 5417 Smyrna:
853 5335 1190 5417 episcopum,
1221 5334 1895 5417 (Euseb._lib-:'t‘v,eap.15);

316 5402 596 5460 Justinum
631 5402 947 5474 martyrem,
974 5402 1333 5470 quadriennio
1363 5415 1489 5461 ante
1511 5402 1894 5475 Polvcarpum,

319 5472 539 5525 (Euseb;
573 5474 669 5525 lib.
701 5490 775 5525 tv.
805 5490 923 5525 can.
947 5475 1058 5525 Mil:
1079 5473 1435 5525 Ptolomaeum
1469 5486 1524 5525 et
1552 5476 1802 5525 Lucium.
1831 5478 1894 5525 de

319 5473 539 5543 (Euseb;
573 5474 669 5528 lie.
701 5473 785 5536 tv,
805 5490 923 5543 cap.
947 5473 1435 5551 16);Ptolomaaum
1469 5486 1524 5530 et
1552 5473 1802 5542 Lucium,
1831 5478 1898 5531 de

319 5558 434 5626 quo
464 5543 680 5626 iustin:
706 5543 780 5601 M.
817 5546 873 5598 in
916 5543 1250 5626 Apologta't,
1284 5561 1409 5615 pag.
1433 5546 1526 5610 42,
1571 5548 1790 5626 disserit
1842 5556 1897 5601 et

318 5613 665 5697 Eusehznlib.
693 5630 767 5681 tv,
798 5629 935 5697 cap.
962 5617 1051 5696 i7;
1078 5613 1435 5697 Felicitatem,
1460 5625 1754 5697 postquam
1809 5632 1896 5697 se-

357 5694 465 5738 tem
492 5685 645 5756 filios
660 5686 1259 5756 Amartyresgiu-ccelum
1287 5685 1646 5756 praemiserat,
1677 5687 1746 5740 de
1775 5687 1895 5756 qui-

316 5700 465 5810 ptem
492 5700 635 5740 IIIIOS
670 5700 939 5755 martyres
972 5700 1259 5740 lli'CCBlllm
1279 5700 1646 5809 grmmtserat,
1677 5700 1746 5740 ee
1775 5702 1895 5756 qut-

321 5754 605 5852 ιὲξυῖίέξη
619 5753 1269 5852 ’fffff.y.fff:..R?f‘;.353‘
1300 5825 1317 5852 .
1335 5754 1802 5852 ἷίὶἷῑτὲἒξίῖῗηξξέἶῖη
1814 5756 1895 5852 ΡΞ

318 5825 608 5883 horrendis
648 5826 934 5896 suppliciis
980 5826 1035 5880 in
1062 5826 1260 5894 Gallio,
1297 5825 1550 5897 Lugduni
1581 5836 1634 5882 et
1675 5825 1894 5883 Vienna:

1984 5339 2130 5419 £09.,
2190 5340 2580 5419 imperanterem'
2632 5337 2841 5392 litteras
2901 5336 3149 5419 dedisse,
3211 5335 3412 5417 quibus
3471 5339 3575 5419 hoc

1984 5405 2312 5465 miraculum
2376 5405 2821 5464 Christianorum
2898 5407 3150 5476 precibus
3219 5405 3567 5475 ascripserit;

1983 5494 2107 5547 qua:
2161 5490 2340 5533 tamen
2397 5495 2505 5532 non
2558 5478 2799 5546 amplius
2855 5486 3130 5547 exstant:
3192 5477 3324 5531 istas
3383 5481 3568 5543 enim,

1984 5546 2106 5616 qua:
2145 5550 2211 5605 ad
2251 5551 2457 5604 calcem
2514 5549 2865 5619 Apologiteu
2902 5546 3043 5603 Just.
3088 5546 3341 5619 Martyris
3380 5547 3571 5619 legun-

1985 5629 2095 5743 gnr,
2131 5636 2258 5745 ﬁsse
2294 5620 2669 5745 sgpggsititias
2706 5618 2894 5675 multis
2930 5619 3181 5690 probavit
3219 5618 3460 5689 Scaliger
3497 5620 3566 5674 ad

2006 5702 2127 5745 tusc
2170 5732 2182 5745 .
2222 5708 2278 5745 ΙΙ.
2466 5729 2479 5744 .

2006 5693 2182 5745 iluseb.
2222 5708 2278 5745 ιι.
2319 5693 2479 5745 2189.

2000 5864 2006 5869 -
2044 5821 3111 5898 (53-54}Euseb.inChronice,lib.posl.,
3135 5817 3381 5890 pagi“
3434 5818 3565 5873 edit.
