4130 6440
253 448 320 542 Ἰ
350 395 491 452 H85
1225 396 1526 453 NOTITIA.
1558 428 1626 438 ——
1656 398 1718 453 ll.
1757 401 1846 456 DE
1889 400 2204 457 SCRIPTIS
2240 402 2296 457 S.
2335 403 2731 459 MELITONIS.
3473 401 3614 461 H86

288 519 319 557 ἔ
344 519 577 574 ctissimi
610 520 931 591 fragmentis
965 520 1189 576 sedulus
1212 522 1432 592 insuper
1462 521 1639 587 fcero,
1664 523 1820 593 sique
1843 525 2103 579 nonnulla
2126 540 2316 580 eorum
2342 527 2484 598 typis
2519 527 2699 581 adhuc
2739 525 2980 580 nondum
3018 525 3290 596 exscripta
3338 525 3392 580 in
3427 525 3607 581 lucem

344 616 622 685 publicam
652 624 995 686 protraxero.

965 753 991 825 §
1029 752 1070 809 Ι.
1114 754 1297 809 Melita
1338 756 1509 811 multa
1547 759 1762 829 scripsit
1789 759 2012 814 erudite.
2058 761 2133 815 De
2161 761 2273 830 ejus
2295 761 2591 816 eruditione
2619 764 2939 819 testimonia.

415 890 560 946 Bene
584 901 636 947 et
659 889 933 961 sapienter
952 890 1109 960 dixit,
1136 893 1229 963 qui
1256 891 1418 960 dixit,
1438 893 1803 950 eruditionem
1838 912 1939 951 nec
1960 898 2158 968 jactari
2186 900 2403 968 debere,
2437 917 2537 956 nec
2559 901 2820 957 abscondi
2842 904 2954 973 (63)
2980 922 2994 966 ;
3028 906 3416 980 poeticumque
3448 911 3611 979 illud,

1296 1022 1312 1038 .
1354 1024 1370 1038 .
1414 1021 1433 1040 .
1476 1024 1492 1040 .
1533 986 1657 1041 bene
1684 988 1776 1059 qui
1805 987 1987 1057 latuit,
2026 989 2150 1045 bene
2176 993 2333 1059 vixit,
2360 1032 2375 1047 .
2419 1032 2438 1051 .
2481 1034 2497 1049 .
2542 1033 2558 1047 .
3440 980 3457 1000 ⁸

2328 1086 2487 1141 Ovm.
2524 1086 2688 1142 Trist.
2718 1104 2801 1153 tu,
2839 1088 2893 1155 4,
2916 1089 3007 1143 25.

345 1169 470 1225 illos
499 1168 880 1223 tantummodo
904 1176 1082 1239 potest
1111 1171 1325 1240 juvare,
1349 1172 1553 1241 quibus
1579 1174 1860 1230 tenuitatis
1883 1189 1999 1230 sua
2033 1176 2371 1233 conscientia
2403 1180 2572 1234 altum
2607 1196 2823 1250 semper
2870 1181 2923 1235 in
2950 1181 3318 1239 litteratorum
3345 1187 3612 1245 societate

342 1262 574 1331 imponit
604 1261 901 1315 silentium.
937 1260 1047 1318 Nec
1076 1278 1231 1319 suam
1277 1266 1642 1323 eruditionem
1673 1267 1864 1324 beatus
1898 1269 2080 1325 Melito
2104 1271 2469 1340 abscondidit,
2504 1290 2694 1329 verum
2736 1276 2967 1346 egregiis
2991 1275 3191 1348 ingenii
3226 1278 3427 1336 fetibus
3459 1297 3611 1337 eam-

341 1354 466 1407 dem
492 1360 723 1408 testatus
746 1362 850 1417 est,
887 1361 941 1407 et
971 1354 1037 1408 ad
1062 1357 1434 1424 posteritatem
1468 1364 1789 1432 propagavit
1814 1364 1909 1429 ita,
1943 1371 2002 1417 ut
2032 1362 2086 1417 in
2114 1379 2180 1419 eo
2204 1381 2426 1436 quoque
2459 1367 2701 1422 nominis
2721 1368 2807 1422 sui
2831 1385 3112 1436 nunquam
3132 1372 3605 1430 intermorituram

343 1445 450 1500 sibi
484 1444 673 1499 fecerit
696 1445 1090 1513 celebritatem,
1121 1448 1268 1516 quod
1303 1465 1334 1503 a
1368 1451 1678 1507 scribendis
1711 1453 1866 1509 libris
1912 1468 2023 1509 non
2054 1454 2402 1509 abstinuerit.
2438 1453 2574 1510 Utut
2602 1457 2749 1511 enim
2775 1473 2938 1526 quam
2973 1459 3227 1527 plurimis
3248 1500 3263 1524 ,
3298 1476 3420 1531 qua
3466 1478 3606 1532 pra.

341 1540 517 1594 sulem
549 1538 806 1594 Ecclesia
833 1538 1027 1593 decent
1048 1540 1184 1594 bene
1215 1551 1535 1607 merentem,
1563 1558 1860 1613 oppressus
1887 1554 2008 1600 erat
2037 1546 2514 1614 occupationibus,
2548 1562 2578 1601 a
2621 1548 3015 1617 componendis
3039 1552 3231 1604 “tamen
3276 1561 3439 1620 atque
3476 1570 3607 1622 per-

342 1630 616 1702 poliendis
648 1631 817 1687 variis
843 1630 1017 1699 frugis
1054 1631 1275 1700 optima
1305 1631 1463 1688 libris
1506 1634 1751 1697 animum
1804 1650 2114 1706 manusque
2165 1653 2447 1707 nunquam
2490 1637 2769 1701 cohibuit,
2814 1639 2943 1707 quin
2987 1639 3210 1707 potius,
3266 1643 3611 1711 amplissimo

339 1735 535 1778 eorum
582 1738 850 1789 numero,
883 1724 1062 1779 locum
1094 1723 1199 1779 sibi
1239 1722 1367 1781 fecit
1422 1726 1566 1781 inter
1595 1726 1964 1797 polygraphos
1999 1742 2175 1798 usque
2219 1727 2357 1783 adeo
2389 1728 2707 1798 scriptores.
2756 1728 3161 1800 Polygraphum
3214 1734 3434 1802 quidem
3474 1736 3613 1806 dici,

342 1817 490 1871 haud
520 1833 713 1887 magna
747 1834 961 1888 semper
987 1819 1108 1900 laus
1135 1832 1239 1887 est,
1266 1836 1368 1877 nec
1396 1837 1507 1891 quo
1531 1822 1658 1891 quis
1682 1823 1866 1892 plures
1897 1822 2328 1893 gran’dioresque
2351 1823 2524 1877 libros
2548 1823 2814 1888 condidit,
2848 1838 2915 1877 eo
2940 1825 3230 1891 eru'litior,
3263 1829 3609 1900 reliquisque

341 1910 688 1978 prastantior
717 1925 932 1981 semper
956 1898 1042 1967 est
1068 1914 1378 1969 censendus
1404 1931 1417 1979 ;
1448 1913 1592 1967 haud
1618 1914 1774 1983 pauci
1804 1913 1974 1978 enim,
1999 1929 2139 1983 quos
2167 1922 2316 1969 tenet
2344 1915 2648 1970 insanabile
2673 1915 2948 1969 scribendi
2980 1917 3291 1982 cacoethes,
3335 1919 3448 1987 ipsa
3472 1898 3608 1989 ope.-

340 2016 467 2055 rum
500 2017 725 2057 suorum
759 2004 1133 2074 magnitudine
1163 2004 1301 2059 ﬁunt
1333 2006 1597 2058 minores.
1641 2003 1825 2059 Prima
1873 2004 2039 2075 igitur
2067 2005 2341 2075 unicaque
2380 2004 2650 2061 Melitonis
2679 2006 2797 2060 laus
2828 2006 2943 2061 hac
2991 2006 3215 2061 minime
3253 2018 3372 2063 esto
3395 2049 3411 2074 ,
3459 2010 3609 2079 quod

338 2097 640 2152 multorum
671 2100 1055 2154 tantummodo
1076 2100 1343 2155 librorum
1374 2109 1569 2154 auctor
1593 2099 1897 2165 exstiterit;
1934 2100 2027 2154 sed
2055 2099 2158 2154 hoc
2186 2100 2373 2170 potius
2400 2099 2457 2155 in
2478 2100 2743 2154 honorem
2770 2100 2889 2169 ejus
2915 2112 3123 2171 vergat,
3164 2104 3312 2171 quod
3345 2104 3611 2160 elabora-

339 2189 682 2244 tissimorum
713 2192 1041 2260 scriptorum
1079 2208 1303 2247 suorum
1340 2195 1496 2263 copia
1525 2191 1878 2263 polygraphis
1902 2190 2257 2247 eruditissimi
2289 2192 2492 2262 ingenii
2529 2191 2725 2246 debeat
2754 2191 3129 2256 adnumerari,
3166 2193 3258 2261 qui
3302 2195 3605 2253 multorum

338 2283 680 2337 voluminum
707 2284 1079 2352 publicatione
1108 2285 1331 2340 nomina
1377 2300 1476 2340 sua
1510 2285 1868 2339 reddiderunt
1910 2283 2170 2339 illustria.
2218 2281 2277 2337 In
2306 2298 2372 2337 eo
2419 2282 2565 2338 enim
2614 2283 2753 2337 mire
2795 2283 3147 2339 consentiunt
3195 2300 3387 2341 omnes
3413 2326 3429 2350 ,
3461 2302 3606 2357 quos

340 2374 542 2446 prisca,
579 2392 719 2446 quos
750 2377 930 2431 media
964 2379 1085 2432 tulit
1131 2389 1297 2443 actas,
1330 2379 1655 2447 scriptores,
1690 2386 1745 2431 et
1767 2390 1877 2431 uno
1907 2376 2068 2445 quasi
2115 2390 2212 2431 ore
2244 2374 2596 2439 confitentur,
2630 2374 2939 2429 Mclitoncm
2960 2416 2977 2443 ,
3010 2376 3079 2429 ob
3109 2375 3377 2446 insignem
3408 2379 3603 2433 erudi—

336 2470 542 2522 tionem
571 2476 626 2523 et
666 2466 1009 2538 egregiorum
1039 2470 1369 2538 scriptorum
1401 2468 1638 2537 copiam,
1667 2466 1786 2522 suis
1818 2466 2157 2534 temporibus
2189 2481 2361 2520 unum
2405 2465 2654 2521 omnium
2704 2465 2942 2522 maxime
2990 2466 3268 2522 exstitisse
3307 2468 3602 2527 celebrem.

336 2557 651 2630 Polycrates
683 2559 818 2628 (66),
853 2558 1054 2629 Ephesi
1086 2562 1401 2630 episcopus.
1433 2560 1486 2613 in
1512 2574 1609 2613 sua
1637 2558 1704 2613 ad
1747 2556 2018 2619 Victorem
2048 2558 2281 2627 epistola
2313 2557 2574 2628 synodica
2598 2557 3213 2612 honorilicentissimam
3262 2560 3383 2628 ejus
3413 2561 3605 2632 injecit

336 2651 695 2716 mentionem,
719 2650 1083 2720 eamdemque
1111 2652 1253 2706 inter
1297 2651 1570 2721 principes
1603 2649 1772 2705 totius
1822 2650 1965 2705 Asia
1995 2648 2217 2719 ingenio
2251 2648 2609 2719 doctrinaque
2634 2649 2784 2704 viros
2812 2650 3136 2703 numeravit.
3178 2648 3425 2708 Bullinus
3463 2655 3602 2723 (67),

336 2741 705 2815 fragmentum
730 2759 795 2798 ex
820 2743 941 2813 ejus
973 2744 1232 2814 Apologia
1260 2744 1492 2798 aﬂ'ercns
1513 2785 1526 2806 ,
1565 2762 1583 2794 ι
1613 2743 1729 2797 hac
1772 2752 1826 2798 et
1860 2744 2031 2797 multa
2081 2742 2189 2796 alia
2224 2741 2481 2796 nobiliter
2514 2742 2584 2795 ab
2630 2757 2695 2796 eo
2735 2741 2937 2810 scripta
2982 2741 3190 2803 fuisse,
3223 2762 3242 2795 ι
3296 2746 3601 2817 subjungit.

338 2834 609 2892 Eusebius
632 2836 768 2906 (68),
804 2846 996 2892 contra
1018 2837 1369 2891 Artemonem
1396 2844 1450 2890 et
1476 2834 1707 2888 Paulum
1740 2835 2185 2890 Samosatensem
2219 2835 2367 2888 edita
2392 2834 2595 2903 scripta
2612 2849 2928 2901 recensens,
2958 2834 3030 2888 ita
3058 2836 3278 2890 tandem
3302 2839 3603 2896 exclamat.

337 2932 419 2985 Τὰ
438 2931 495 2984 δὲ
522 2930 810 3001 Εἱρηναῐου
842 2947 900 2983 τε
933 2930 1028 2983 καὶ
1060 2929 1389 2992 Μελίτωνος,
1418 2927 1640 2980 καὶτῶν
1671 2913 1874 2981 λοιπῶν
1909 2927 1968 2981 τίς

1973 2946 1994 2991 ς
2032 2928 2218 2996 ἀγνοεῖ
2248 2926 2463 2997 piata;
2501 2946 2520 2978 ι
2549 2925 2739 2981 Irenai
2771 2943 2902 2981 vero
2941 2936 2994 2982 et
3019 2926 3325 2995 Melitonis,
3369 2939 3604 2987 cateru-

334 3041 570 3094 rnmque
606 3025 880 3079 volumina
912 3026 1036 3095 quis
1061 3024 1323 3094 ignorat?
1353 3043 1371 3074 ›
1406 3022 1551 3077 ldcm
1575 3021 1850 3078 Eusebius
1883 3022 2031 3094 (69),
2087 3023 2394 3093 pracipuos
2443 3022 2603 3077 istius
2642 3023 2819 3077 atatis
2855 3023 3151 3092 scriptores
3192 3024 3594 3081 ecclesiasticos

335 3130 695 3179 enumerans;
725 3115 1030 3170 Melitonem
1061 3131 1280 3185 quoque
1306 3116 1448 3168 inter
1477 3129 1573 3168 eos
1608 3129 1717 3168 non
1750 3114 1989 3180 reticuit,
2019 3115 2113 3169 sed
2143 3115 2215 3167 ita
2241 3115 2344 3168 sub
2383 3114 2544 3168 linem
2576 3113 2776 3183 capitis
2808 3114 3050 3171 addidit:
3080 3108 3181 3168 Ὧν
3213 3116 3308 3168 καὶ
3334 3118 3414 3179 εἰς
3452 3118 3605 3187 ἡμᾶς

332 3207 431 3275 τῆς
460 3205 824 3275 ἁποστολικῆς
858 3206 1206 3277 παραδόσεως
1235 3208 1268 3277 ἡ
1292 3207 1390 3277 τῆς
1412 3204 1599 3275 ὑγιοῦς
1627 3205 1864 3270 πίστεως
1896 3205 1963 3275 ἕγι

1970 3222 2172 3277 γραφος
2202 3204 2470 3275 κατῆλθεν
2497 3205 2775 3276 ὀρθοδοξία
2801 3245 2817 3271 ,
2853 3225 2871 3258 ι
2906 3221 3140 3276 quorum
3176 3208 3421 3261 omnium
3454 3207 3601 3275 libri,

336 3298 608 3353 sinceram
634 3298 948 3367 apostolica
993 3298 1306 3352 traditionis
1336 3314 1401 3352 ac
1430 3312 1571 3352 vera
1612 3296 1736 3350 ﬁdei
1784 3297 2091 3351 doctrinam
2123 3299 2489 3362 continentes,
2545 3295 2614 3350 ad
2668 3312 2769 3351 nos
2821 3313 2995 3366 usque
3045 3310 3478 3367 pervenerunt.»
3537 3299 3604 3355 Et

333 3391 461 3444 alibi
496 3390 642 3461 (70):
688 3390 812 3443 Ἐπὶ
844 3390 1011 3443 τῶνδε
1044 3390 1137 3443 καὶ
1170 3390 1418 3443 Μελίτων
1436 3389 1535 3460 τῆς
1553 3390 1610 3441 ἐν
1640 3388 1868 3459 Σάρδεσι
1901 3389 2192 3460 παροικίας
2211 3388 2533 3452 ἐπίσκοπος,
2570 3389 2980 3461 ’Δπολλινάριός
3006 3408 3065 3443 τε
3083 3391 3184 3461 τῆς
3214 3394 3272 3446 ὲν
3306 3392 3602 3463 Ἱεραπόλει

331 3482 650 3553 διαπρεπῶς
682 3480 950 3554 ἤκμαζον.
984 3502 1003 3534 t
1032 3482 1231 3537 Iisdem
1270 3482 1610 3552 temporibus
1643 3480 1827 3535 Melito
1852 3479 1962 3534 Sart

1969 3479 2157 3535 iianus
2190 3490 2244 3536 et
2270 3481 2602 3551 Apollinaris
2624 3480 3066 3552 Hierapolitanus
3093 3483 3357 3552 episcopi,
3383 3499 3600 3539 summa

334 3574 495 3629 laude
528 3576 841 3645 viguerunt.
879 3595 899 3628 ι
940 3575 1277 3631 Tertulliano
1300 3586 1553 3631 ornatum
1580 3574 1702 3645 ejus
1723 3572 1942 3629 dicendi
1993 3574 2381 3645 scribendique
2416 3590 2589 3645 genus
2639 3574 2839 3629 mirum
2875 3576 2929 3627 in
2966 3574 3187 3629 modum
3230 3574 3435 3636 arrisit.
3462 3582 3603 3630 teste

335 3667 666 3741 Hieronymo
696 3670 831 3739 (7i),
854 3670 947 3740 qui
977 3670 1199 3736 elegans
1231 3672 1351 3741 ejus
1378 3679 1431 3723 et
1449 3668 1904 3723 declamatorium
1936 3668 2217 3740 ingenium
2238 3669 2494 3724 laudasse
2520 3666 2921 3724 Tertullianum
2944 3668 3225 3723 memoria
3250 3667 3513 3738 prodidit,
3542 3677 3601 3725 et

333 3760 450 3829 ipse
476 3762 542 3815 de
575 3762 833 3818 Melilone
865 3772 1057 3817 nostro
1100 3764 1171 3817 ita
1205 3779 1425 3833 quoque
1469 3762 1599 3817 alibi
1645 3761 1797 3833 (72):
1834 3780 1853 3815 ι
1889 3762 2032 3831 Quid
2080 3764 2278 3833 loquar
2307 3761 2375 3818 de
2406 3760 2685 3826 Melitene,
2727 3759 2985 3815 Sardensi
3020 3759 3301 3828 episcopo,
3355 3759 3486 3828 quid
3529 3758 3600 3814 de

332 3854 690 3923 Apollinario,
719 3855 953 3924 etc.,qui
981 3855 1220 3924 origines
1249 3856 1542 3910 haresium
1585 3859 1955 3929 singularum,
1993 3865 2048 3912 et
2076 3870 2145 3911 ex
2168 3854 2369 3925 quibus
2395 3846 2856 3925 philosophorum
2901 3852 3146 3908 fontibus
3191 3853 3595 3918 emanaverint,

333 3944 520 3997 multis
543 3943 918 3998 voluminibus
953 3944 1329 4014 explicarunt?
1358 3964 1375 3995 ι
1405 3943 1531 4002 Hac
1559 3949 1695 4004 satis
1719 3949 1831 4019 jam
1853 3947 1967 4018 jam
1990 3961 2264 4017 superque
2287 3945 2567 4010 evincunt,
2611 3942 2885 3999 Melitonis
2923 3944 3127 4013 scripta
3150 3958 3259 3999 non
3281 3944 3596 4017 proletaria,

331 4035 425 4090 sed
457 4035 655 4089 eximia
682 4051 910 4104 prorsus
942 4036 1136 4103 fuisse,
1163 4040 1531 4111 eumdemque
1562 4042 1703 4096 inter
1733 4050 1959 4096 cateros
1982 4054 2097 4093 sua
2125 4039 2301 4094 atatis
2319 4037 2491 4103 viros,
2522 4037 2590 4092 de
2620 4034 2867 4091 Ecclesia
2914 4034 3007 4090 Dei
3033 4045 3087 4092 et
3112 4034 3259 4091 fama
3291 4044 3345 4090 et
3375 4036 3598 4105 scriptis

334 4127 491 4197 longe
528 4127 936 4192 meritissimos,
977 4130 1216 4184 maxime
1244 4132 1528 4187 exstitisse
1548 4132 1840 4187 celebrem.
1872 4129 2091 4185 Possem
2123 4140 2386 4201 praeterea
2414 4129 2470 4183 in
2496 4126 3031 4184 commendationem
3064 4126 3397 4197 scriptorum
3430 4143 3461 4182 a
3481 4126 3596 4181 Mc-

333 4220 501 4275 litone
530 4230 880 4275 exaratorum
914 4222 1045 4277 illud
1078 4240 1299 4294 quoque
1322 4223 1544 4280 Eusebii
1569 4224 1683 4295 (75)
1707 4223 1954 4279 curatius
1967 4232 2245 4285 excutere,
2271 4222 2365 4277 ubi
2394 4221 2696 4293 generatim
2720 4218 3001 4275 memoria
3020 4219 3088 4274 de
3112 4218 3302 4275 iisdem
3331 4218 3592 4290 prodidit,

337 4330 358 4362 ι
391 4312 593 4366 Christi
626 4313 967 4367 divinitatem
1002 4315 1056 4368 iu
1090 4315 1283 4371 iisdem
1310 4317 1507 4382 astrui,
1534 4317 1900 4385 eumdemque
1924 4314 2096 4369 Deum
2119 4315 2285 4371 simul
2325 4324 2492 4385 atque
2534 4315 2815 4369 hominem
2838 4313 3126 4385 pradicari
3154 4313 3211 4367 in
3240 4312 3338 4378 iis,
3372 4330 3390 4364 ι
3425 4314 3484 4365 ὲν
3512 4309 3595 4378 οἷς

330 4409 502 4461 ἅπασι
535 4410 862 4480 θεολογεῖται
885 4416 914 4467 ὁ
943 4414 1244 4485 Χριστός...
1282 4412 1462 4483 βιϐλία
1499 4413 1633 4469 Θεὸν
1672 4413 1768 4467 καὶ
1799 4412 2086 4483 ἄνθρωπον
2128 4412 2575 4481 καταγγέλλοντα
2608 4412 2699 4465 τὸν
2729 4411 2980 4483 Χριστόν.
3022 4408 3245 4465 Possem
3269 4409 3491 4478 insuper
3526 4408 3595 4462 ad

330 4498 681 4557 Anastasium
710 4503 981 4559 Sinaitam
1009 4505 1123 4576 (74)
1158 4520 1482 4575 provocare,
1507 4505 1601 4574 qui
1628 4506 1880 4560 eumdem
1906 4504 1961 4558 οε

1963 4506 2048 4556 ,ἴον
2074 4505 2168 4557 καὶ
2191 4504 2465 4571 πάνσοφον
2500 4503 2558 4554 ὲν
2580 4501 2943 4563 διδασκάλοις,
2997 4500 3245 4556 divinum
3281 4508 3334 4553 et
3376 4500 3594 4570 sapien-

328 4593 604 4648 tissimum
629 4595 769 4650 inter
793 4596 1066 4662 doctores,
1093 4597 1372 4667 Θεόσοφον,
1397 4598 1607 4653 calcati
1635 4597 1951 4667 cognitione
1972 4597 2353 4658 excellentem,
2386 4595 2620 4649 vocavit.
2646 4592 2874 4650 Possem
2902 4591 3199 4661 Nicephori
3244 4590 3593 4663 aliorumque

330 4687 702 4741 recentiorum
734 4688 790 4742 in
830 4688 1069 4743 medium
1102 4689 1354 4760 proferre
1388 4689 1727 4756 testimonia,
1763 4689 1968 4760 quibus
2008 4688 2234 4758 scriptis
2258 4686 2629 4744 Melitonianis
2660 4686 2894 4757 pretium
2920 4694 3193 4740 statuatur
3219 4684 3364 4738 haud
3393 4684 3518 4740 vile.

543 4842 570 4914 §
609 4845 675 4897 ll.
712 4841 996 4897 Librorum
1020 4861 1053 4897 a
1093 4844 1342 4900 Melitone
1371 4846 1691 4913 scriptorum
1722 4843 2027 4913 catalogum
2062 4840 2218 4895 multi
2237 4840 2515 4895 dederunt.
2551 4837 2769 4893 Eusebii
2790 4837 3089 4893 earumdem
3114 4836 3410 4908 catalogus.

404 4996 512 5055 Sed
548 4999 704 5055 mitto
726 5000 863 5067 hac,
892 5000 1129 5071 noloque
1151 5001 1359 5056 diutius
1386 5000 1439 5054 in
1472 5001 1589 5070 ipso
1614 4999 1800 5054 statim
1832 4997 2025 5051 limine
2051 4996 2283 5062 harere,
2308 4993 2442 5064 quin
2466 4993 2652 5063 potius
2682 4991 2751 5047 ad
2778 4990 3052 5047 Melitonis
3088 4991 3422 5046 recensenda
3450 4992 3590 5046 scri-

330 5104 420 5164 pta
444 5108 698 5163 pr0pero,
723 5108 961 5163 quorum
988 5107 1097 5145 non
1124 5108 1267 5146 unus
1319 5092 1525 5146 alterve
1554 5098 1789 5157 ,tantum
1818 5129 1835 5153 ,
1877 5087 1972 5143 sed
2003 5083 2396 5155 quamplurimi
2427 5092 2675 5138 veterum
2720 5089 2977 5137 exactum
3032 5081 3164 5137 dare
3209 5081 3589 5137 allaborarunt

330 5187 661 5257 catalogum.
686 5185 1191 5242 Contexuiteorum
1229 5184 1533 5239 indiculum
1562 5198 1672 5239 non
1712 5182 1877 5238 modo
1906 5179 2179 5236 Eusebius
2212 5177 2349 5249 (75),
2380 5176 2564 5232 omnis
2586 5175 2833 5231 historia
2860 5188 3031 5229 sacra
3056 5172 3178 5227 fons
3205 5183 3368 5243 atque
3396 5183 3585 5227 scatu-

424 5341 514 5411 65)
556 5342 763 5398 Seneca
794 5341 1008 5411 epistol.
1040 5340 1128 5395 l9.
1273 5409 1282 5411 _
1764 5406 1786 5411 Δ
1809 5408 1823 5411 _
2019 5331 2384 5411 Δ(72)-ῌι1θειξ
2423 5331 2582 5411 epist.
2608 5328 2699 5396 83,
2725 5337 2857 5385 tom.
2887 5320 2956 5381 ιν
2989 5326 3152 5398 0pp.,
3183 5336 3321 5397 part.
3369 5342 3438 5383 ιι.
3486 5326 3577 5383 fol.

424 5342 492 5396 65
556 5342 763 5398 Seneca
794 5341 1008 5411 epistol.
1040 5340 1128 5395 l9.
2085 5340 2198 5403 (72)
2237 5340 2384 5414 idem
2423 5340 2582 5412 epist.
2608 5340 2699 5396 85,
2725 5340 2857 5385 tom.

400 5340 515 5542 ἓϐϐξ
555 5413 710 5482 Apud
739 5413 937 5494 Euseb.
986 5411 1131 5465 Hist.
1173 5409 1359 5491 eccles.
1387 5408 1482 5463 lib.
1516 5425 1570 5473 v,
1601 5424 1720 5479 cap.
1759 5406 1851 5462 24.
2012 5404 2139 5463 656.
2166 5406 2296 5489 edit.
2334 5402 2586 5483 Martian.
2869 5470 2879 5480 ο

426 5482 492 5533 67
553 5483 749 5536 Rollin.
794 5482 939 5536 Hist.
968 5481 1151 5536 εει-[εδ.
1178 5480 1269 5534 ltb.
1297 5496 1369 5542 IV,
1397 5495 1514 5542 cap.
1541 5480 1632 5535 25.
2083 5474 2195 5542 (75)
2227 5473 2427 5528 Euseb.
2464 5470 2606 5542 Hist.
2634 5469 2817 5524 eccles.
2845 5469 2879 5523 li

426 5466 515 5555 67)
553 5466 749 5555 Birino.
791 5482 939 5555 ﬂist.
968 5481 1151 5536 εει-[εδ.
1297 5496 1369 5545 ιν,
1397 5466 1632 5555 cap.
1669 5466 1685 5479 ”
2008 5544 2023 5555 ε

2008 5544 2023 5555 ι
2083 5474 2206 5555 (75)-
2227 5470 2606 5555 Εᾳρεὺηιίὶει.
2634 5469 2817 5524 eccles.
2845 5467 2941 5523 lib.
2973 5483 3027 5533 v,
3056 5483 3178 5537 cap.
3202 5466 3309 5533 28,
3357 5467 3424 5522 de
3470 5484 3581 5537 quo

399 5540 513 5623 (68)
555 5553 751 5607 Euseb.
766 5552 925 5623 illist.
954 5554 1133 5606 eccles.
1172 5552 1265 5605 lib.
1294 5540 1619 5623 v,'cap.
2008 5540 2134 5623 Ιοίξρ
2153 5540 2404 5623 ριιετίὺυε
2435 5540 2599 5623 Mra:
2663 5609 2764 5623 nm
2857 5608 2882 5620 ,,
3080 5606 3117 5623 η
3290 5605 3301 5618 .

402 5606 513 5693 (69)
551 5606 693 5693 idem
731 5622 873 5677 Hist.
903 5624 1084 5677 eccles.
1115 5622 1209 5677 lib.
1238 5637 1312 5684 iv,
1333 5606 1464 5689 'cap'.
1505 5620 1622 5693 2i.
1710 5688 1740 5693 _
1826 5685 1846 5693 _
2080 5606 2191 5693 (74)
2219 5613 2546 5693 Anastasius
2576 5608 3037 5693 itt_;08nyx,3;‘§‘eu
3071 5606 3367 5693 Dittce‘via
3395 5606 3578 5693 adper-

404 5674 511 5763 (70)
552 5674 696 5745 Idem
730 5674 873 5747 Hist.
902 5674 1084 5747 iacnt;
1133 5674 1225 5747 lib.
1262 5674 1513 5763 1v._icrap.
1556 5689 1646 5743 96.
1701 5685 1903 5743 Confer
2004 5674 2098 5739 sus‘
2120 5674 2440 5763 Acephatos,
2468 5696 2588 5752 cap.
2624 5680 2713 5746 15,
2740 5674 2867 5750 pag.
2895 5676 3023 5747 258,
3055 5678 3184 5731 edit.
3220 5674 3407 5731 Jacoh.
3442 5676 3577 5730 Gre-

334 5756 533 5816 Ru'flin.
566 5762 710 5816 Hist.
741 5763 924 5817 eccles.
952 5765 1042 5817 lib.
1080 5779 1153 5825 Iv,
1187 5778 1306 5830 cap.
1330 5761 1421 5816 25.
1462 5756 1477 5760 ’
1817 5827 1828 5830 _
2003 5756 2155 5830 tse‘ij.

402 5815 452 5906 (7
464 5815 1106 5904 ι)⁷ΙΙὶρτοιηινιιι.ί(Σιιιά(ος,
1128 5815 1587 5903 scriptochcles.
1612 5844 1735 5900 cap.
1764 5827 1855 5881 24.
2075 5824 2190 5896 (75)
2220 5822 2421 5879 Euseb.
2466 5820 2610 5876 Hist.
2642 5819 2831 5873 eccles.
2863 5818 2959 5873 lib.
2995 5833 3067 5885 Iv,
3091 5831 3209 5887 cap.
3237 5815 3329 5871 26.
