4130 6386
579 288 717 346 1187
1634 302 1691 358 S.
1733 305 1991 362 MELITO
2030 308 2210 364 SARD

2209 310 2339 369 tIUM
2374 314 2775 381 EPISCOPUS.
3697 337 3840 395 1188

576 412 730 525 rigo;
765 414 1105 525 sedneti'dem
1133 420 1895 525 praestiterunt?ierorrymus
1922 428 2350 525 (76),_Rullinus
2386 437 2541 508 (77),
2586 440 2864 500 llonorius
2911 449 3427 518 Augustodunensis
3474 454 3622 525 (78),
3669 455 3839 514 Nice-

572 508 780 579 phorus
806 510 939 609 (7b),
971 509 1472 609 TrithemiustBO),
1506 514 1692 573 Sixtus
1713 517 1971 575 Senensis
2003 522 2138 591 (81),
2170 526 2375 596 aliique
2394 533 2729 591 recentiores
2781 552 2921 607 quos
2964 508 3141 609 taceo.
3194 544 3329 598 Cum
3372 508 3689 605 autemlisti—
3706 508 3834 609 Eia

570 616 763 710 omnes
791 616 857 710 est
879 600 1231 674 Hieronymo,
1263 602 1628 676 Hieronymus
1662 622 1792 664 vero
1822 624 1890 665 ex
1912 610 2149 669 Eusebio
2174 632 2273 671 sua
2300 618 2557 687 habeam,
2586 627 2654 680 ad
2689 600 2953 698 majorem
2976 600 3058 685 rei
3085 600 3681 710 perspicuitatemin

572 693 890 749 sebiiverba
918 697 1545 796 apponamitum-quod-
1592 701 1663 753 sit
1690 702 2110 771 antiquissimus
2141 710 2390 765 omnium
2424 715 2662 784 scriptor
2686 758 2701 782 ,
2738 693 3170 793 dulciusqueex
3209 693 3329 796 ipso
3376 728 3528 785 fonte
3570 693 3837 790 bibant—tur

569 802 726 894 aqua:
750 806 765 853 ;
796 798 921 894 tuli-ii
954 790 1098 889 quod
1125 792 1195 845 sit
1215 790 1676 894 locupletissimus
1698 797 2221 894 exnactiss-imusque;
2244 810 2357 856 tum
2376 806 2596 864 demum
2619 812 2761 880 ideo,
2784 818 2927 884 quod
2952 790 3260 889 c—atalogttn-i
3290 838 3451 875 suum
3475 838 3541 876 ex
3580 824 3835 894 ipsismct

571 876 841 975 biclitonis
862 880 1036 944 libris,
1068 896 1209 950 quos
1256 881 1683 938 instructissima
1738 884 2093 941 Caesariensis
2136 896 2390 951 servabat
2429 876 2758 959 bibliotheca
2784 876 3435 971 ,vconl‘ecissevvideatur.
3475 876 3832 975 Βτεῶἐὲῖιῖιῖξ

569 967 793 1069 insuper
814 970 1335 1069 indic_abo,_quibus
1352 974 1414 1069 in
1441 974 1606 1069 rebus
1640 974 1897 1032 differant
1929 980 2145 1050 reliqui,
2171 994 2224 1039 ct
2250 990 2380 1055 quid
2411 992 2480 1044 ab
2506 993 2699 1055 iisdem
2740 967 2905 1053 fuerit
2928 1012 3234 1069 peccatum.

642 1061 734 1117 Sic
756 1064 921 1169 igitur
953 1065 1260 1169 Eusebius-:l
1294 1067 1427 1169 «_Ex
1456 1068 1609 1169 libris
1633 1075 2147 1169 autem-utriusque
2188 1080 2407 1138 illorum
2449 1085 2767 1149 (Mantonis
2817 1061 3028 1149 scilicet
3068 1094 3358 1161 Sardiani,
3396 1108 3452 1152 et
3495 1100 3832 1169 Apollinaris

569 1156 973 1228 Hierapolitani
1000 1160 1291 1231 episcopi),
1328 1162 1406 1229 bi,
1431 1178 1570 1234 quos
1597 1163 1746 1219 infra
1767 1166 2101 1236 subjeeimus
2128 1211 2143 1235 ,
2185 1177 2251 1230 ad
2286 1192 2532 1236 nostram
2579 1186 2828 1239 notitiam
2856 1198 3243 1256 pervenerunt.
3300 1156 3573 1252 M'elitonils
3596 1197 3825 1267 quidem

565 1264 730 1309 sunt:

600 1365 653 1421 1.
694 1368 845 1421 Libri
867 1369 972 1420 duo
998 1369 1061 1422 de
1090 1367 1371 1429 Paschate,

2282 1388 2333 1440 1.
2382 1388 2457 1442 Τὰ
2480 1390 2620 1457 Περὶ
2650 1392 2755 1446 τοῦ
2775 1391 3010 1461 Πάσχα,
3038 1393 3168 1461 δύο,

596 1460 651 1514 2.
693 1460 770 1513 De
788 1472 928 1514 recta
946 1460 1148 1513 vivendi
1174 1462 1377 1515 ratione
1398 1472 1447 1514 et
1469 1462 1532 1515 de
1547 1464 1816 1533 prophetis
1827 1463 1961 1519 liber
1976 1483 2133 1521 unus.

1977 1483 2133 1521 ωιιιει
2276 1481 2329 1533 2.
2375 1483 2485 1535 Kal
2513 1483 2579 1535 τὸ
2610 1485 2743 1551 περὶ
2782 1460 3106 1554 πολιτείας,
3138 1460 3236 1544 καὶ
3267 1492 3608 1562 προφητῶν.

594 1552 652 1606 5.
696 1552 848 1605 Alius
872 1552 997 1605 item
1020 1552 1082 1604 de
1130 1550 1396 1616 Ecclesia,

2276 1571 2329 1623 5.
2372 1572 2481 1624 Καὶ
2514 1576 2546 1625 ό
2578 1550 2710 1641 περὶ
2747 1550 3126 1644 Ἐκκλησίας,

594 1644 651 1698 4.
692 1644 843 1697 Alius
873 1644 936 1696 de
964 1644 1049 1696 die
1076 1644 1377 1697 Dominica.

2275 1666 2327 1718 4.
2372 1666 2481 1719 Kal
2506 1669 2537 1719 ό
2561 1668 2695 1735 περὶ
2724 1668 3029 1736 Κυριακῆς
3054 1672 3253 1740 λόγος.

592 1735 650 1789 5.
691 1734 787 1787 Est
817 1735 955 1788 etde
986 1744 1179 1787 natura
1210 1734 1439 1787 hominis
1470 1734 1601 1788 liber
1622 1753 1789 1801 unus,

2274 1758 2327 1810 5.
2375 1761 2494 1811 Ἐτι
2518 1759 2586 1812 δὲ
2614 1734 2647 1813 δ
2676 1734 3071 1830 περὶφύσεως
3096 1734 3429 1833 diapason,

590 1846 648 1899 6.
692 1845 760 1898 Et
789 1846 851 1898 de
881 1846 1147 1899 creatione
1175 1863 1330 1911 unus,

2272 1851 2326 1904 ὕ.
2366 1851 2476 1905 Kal
2510 1855 2542 1904 ό
2570 1852 2703 1918 περὶ
2736 1853 3033 1919 πλάσεως,

590 1937 649 1991 7.
692 1938 844 1990 Alius
873 1938 937 1991 de
964 1938 1260 1991 obedientia
1290 1955 1539 1991 sensuum
1562 1939 1709 2006 ﬁdei,

2274 1944 2326 1996 7.
2368 1944 2479 1997 Kal
2512 1948 2545 1997 ὀ
2578 1946 2711 2012 περὶ
2751 1946 3028 2015 ὑπακοῆς
3060 1947 3321 2014 πίστεως
3346 1952 3770 2019 αἰσθητηρίων,

590 2029 647 2083 8.
695 2029 958 2083 Prwterea
985 2040 1035 2083 et
1061 2029 1193 2082 liber
1220 2030 1284 2082 de
1321 2030 1503 2082 anima
1528 2039 1577 2082 et
1607 2046 1842 2089 corpore.
2270 2035 2305 2089 8

634 2068 647 2081 .
695 2028 958 2083 Prwterea
985 2040 1035 2083 et
1061 2029 1193 2082 liber
1220 2030 1284 2082 de
1321 2030 1503 2082 anima
1528 2039 1577 2082 et
1607 2046 1842 2098 corpore.

2270 2035 2323 2089 8.
2366 2036 2475 2090 Kal
2510 2036 2660 2103 πρὸς
2688 2038 2919 2103 τούτοις
2941 2043 2973 2093 ό
2994 2040 3125 2106 περὶ
3150 2040 3357 2109 ψυχῆς
3394 2042 3489 2096 καὶ
3520 2040 3820 2113 σώματος.

591 2121 649 2174 9.
693 2119 841 2173 Inter
870 2120 991 2174 illos
1022 2121 1180 2173 etiam
1203 2130 1317 2173 erat
1341 2120 1404 2173 de
1441 2120 1676 2175 lavacro.

2271 2126 2323 2180 9.
2366 2122 2476 2180 ἾΙν
2505 2128 2575 2181 ἐν
2602 2124 2695 2193 οἷς
2720 2129 2816 2181 καὶ
2839 2132 2871 2182 ό
2894 2129 3027 2197 περὶ
3050 2130 3329 2198 λουτροῦ,

554 2210 645 2265 10.
690 2210 756 2263 Et
779 2213 842 2264 de
870 2214 1087 2266 veritate
1115 2212 1247 2265 liber
1266 2253 1282 2277 ,

2236 2217 2322 2271 10.
2358 2217 2467 2271 Kal
2500 2218 2534 2267 ό
2563 2219 2695 2286 περὶ
2720 2220 3023 2287 ἀληθείας,

556 2302 645 2356 11.
691 2302 757 2356 Et
785 2304 923 2357 alius
946 2305 1009 2357 de
1036 2305 1252 2357 conditu
1276 2316 1326 2358 et
1368 2306 1703 2374 generatione
1731 2305 1953 2361 Christi.

2235 2308 2322 2361 11.
2364 2308 2474 2362 Kal
2502 2308 2635 2376 περὶ
2660 2310 2911 2374 κτίσεως
2942 2309 3038 2362 καὶ
3062 2307 3351 2377 γενέσεως
3372 2310 3651 2377 Χριστοῦ.

556 2395 647 2448 12.
695 2394 759 2447 Et
776 2395 911 2449 liber
938 2397 1049 2465 ejus
1072 2398 1135 2451 de
1154 2400 1461 2468 prophetia,

2236 2400 2321 2453 12.
2362 2400 2471 2453 Kal
2500 2400 2682 2469 λόγος
2704 2399 2889 2452 αὐτοῦ
2922 2400 3053 2466 περὶ
3086 2400 3464 2470 προφητείας,

558 2488 647 2541 15.
695 2488 761 2543 Et
794 2506 928 2542 unus
952 2491 1015 2542 de
1050 2491 1435 2560 hospitalitate,

2235 2494 2321 2546 15.
2362 2494 2470 2546 Kal
2500 2497 2531 2546 ό
2556 2493 2689 2561 περὶ
2726 2492 3075 2561 φιλοξενίας
3098 2532 3112 2558 ,

552 2578 640 2632 14.
684 2578 751 2632 Et
776 2582 915 2633 alius
945 2584 1034 2651 qui
1062 2582 1236 2637 Clavis
1267 2583 1594 2637 inscribitur.

1135 2584 1236 2637 avis
1267 2583 1594 2637 inscribitur.
2236 2588 2325 2640 M.
2366 2588 2473 2642 Kal
2506 2590 2543 2657 ἡ
2568 2588 2766 2653 Κλείς.

555 2670 645 2725 15.
684 2670 808 2724 Alia
828 2672 953 2724 item
978 2673 1175 2735 scripta
1202 2674 1265 2727 de
1290 2673 1526 2738 diabolo,

2236 2678 2322 2732 15.
2365 2681 2474 2734 Kal
2513 2681 2587 2735 τὰ
2610 2681 2744 2750 περὶ
2764 2679 2870 2734 τοῦ
2889 2680 3191 2743 διαϐόλου,

559 2762 648 2819 16.
686 2765 753 2818 Et
771 2772 835 2818 de
869 2766 1189 2837 Apocalypsi
1220 2767 1473 2834 Joannis,

2233 2770 2322 2825 16.
2356 2771 2467 2825 Kal
2505 2771 2641 2841 περὶ
2665 2771 2775 2841 τῆς
2812 2771 3265 2838 Ἁποκαλύψεως
3306 2767 3596 2835 Ἰωάννου,

555 2854 645 2910 17.
689 2856 757 2910 Et
780 2858 843 2911 de
865 2859 972 2913 Deo
1002 2871 1298 2929 corporato.

2231 2860 2320 2913 17.
2355 2862 2465 2914 Kal
2496 2864 2529 2914 ό
2557 2861 2690 2928 περὶ
2720 2860 3068 2930 ἐνσωμάτου
3095 2860 3261 2914 Θεοῦ.

552 2944 641 3001 18.
687 2947 993 3004 Postremus
1015 2951 1251 3003 omnium
1288 2961 1363 3004 est
1400 2950 1611 3004 libellus
1636 2951 1705 3005 ad
1734 2952 2080 3006 Antoninum.

2229 2951 2316 3007 18.
2374 2952 2495 3005 Ἐπὶ
2519 2951 2669 3006 πᾶσι
2696 2951 2885 3005 καὶτὸ
2928 2950 3077 3020 πρὸς
3124 2950 3466 3005 Ἀντωνῖνον
3481 2948 3811 3015 βιϐλίδιον.

618 3089 851 3158 Quibus,
880 3093 1219 3165 interpositis
1244 3094 1563 3166 fragmentis
1585 3097 1885 3167 nonnullis,
1920 3098 2139 3153 tandem
2177 3096 2281 3152 sub
2325 3095 2488 3149 linem
2534 3091 2731 3162 capitis
2758 3091 3037 3146 adduntur

555 3208 644 3264 19.
688 3207 1069 3276 Επετριοηιηι
1099 3208 1225 3262 libri
1248 3225 1361 3264 sex.

2216 3211 2303 3266 19.
2359 3207 2653 3277 Ἐκλογῶν
2679 3202 2746 3272 ἒξ
2774 3206 3001 3271 βιϐλία.

612 3339 726 3395 Iloc
749 3339 939 3395 ordine
962 3341 1173 3410 hacque
1214 3343 1354 3398 serie
1380 3341 1736 3399 Cazsaricnsis
1767 3343 2039 3400 Melitonis
2062 3344 2405 3399 enumeravit
2430 3342 2656 3413 scripta,
2696 3357 2957 3410 quorum,
2979 3357 3045 3395 ex
3069 3343 3262 3397 eodem
3314 3357 3537 3413 quoque
3572 3353 3808 3403 auctore

538 3438 852 3505 catalogum
876 3435 1025 3491 dedit
1054 3436 1357 3493 Halloixius
1374 3438 1510 3509 (82),
1535 3447 1620 3494 ast
1642 3440 1798 3494 valde
1816 3440 2094 3494 diversum
2118 3455 2147 3493 a
2172 3448 2389 3504 nostro;
2413 3454 2582 3491 unum
2609 3437 2754 3491 enim
2776 3446 2830 3490 et
2849 3436 3039 3505 viginti
3071 3449 3343 3502 numerat,
3366 3439 3464 3504 ita,
3487 3447 3547 3494 ut
3568 3455 3805 3509 prorsus

538 3529 803 3595 nesciam,
832 3545 1127 3598 quamnam
1170 3531 1483 3588 adhibuerit
1522 3532 1743 3589 Eusebii
1792 3534 2110 3589 editionem.
2158 3530 2364 3586 Valesii
2397 3541 2450 3586 et
2487 3531 2773 3600 Headingii
2803 3530 2937 3583 milii
2984 3530 3052 3583 ad
3091 3546 3289 3585 manus
3313 3530 3434 3599 luit,
3474 3548 3505 3587 a
3530 3548 3640 3603 qua
3686 3548 3801 3588 non

538 3623 643 3677 nisi
672 3624 839 3678 semel
863 3624 1091 3680 recessi.

1346 3718 1373 3791 ᾗ
1403 3720 1498 3772 ΙΙΙ.
1536 3718 1752 3773 Eusebii
1776 3716 2066 3789 Catalogus
2098 3734 2219 3772 cum
2244 3716 2662 3787 Hieronymiano
2696 3717 2989 3786 confertur.

603 3872 689 3927 Ab
720 3872 955 3929 Eusebio
977 3873 1030 3926 in
1055 3873 1249 3943 paucis
1274 3873 1529 3929 diversus
1560 3884 1644 3930 cst
1671 3872 2059 3946 Hieronymus.
2084 3873 2399 3942 Apologiam
2426 3872 2571 3926 enim
2616 3872 2795 3941 primo
2825 3872 2948 3926 loco
2978 3872 3278 3938 recensuit,
3311 3886 3479 3941 quam
3512 3871 3795 3929 Eusebius

532 3968 750 4033 ultimo,
773 3968 1037 4038 temporis
1057 3984 1167 4022 non
1200 3968 1385 4022 habita
1411 3968 1642 4023 ratione.
1676 3968 1880 4022 Deinde
1910 3968 2113 4022 librum
2137 3972 2163 4020 I

2161 3966 2276 4034 Ispl
2311 3967 2551 4035 φύσεως
2579 3963 2895 4032 ἀνθρώπου
2931 3966 3143 4019 omisit.
3178 3962 3354 4018 Porro
3394 3964 3597 4019 librum
3646 3966 3792 4033 Περὶ

531 4061 807 4127 ὑπακοῆς
839 4061 1097 4125 πίστεως
1126 4060 1551 4127 αἰσθητηρίων,
1573 4075 1736 4129 quem
1762 4060 1994 4129 septimo
2019 4059 2142 4112 loco

2165 4073 2232 4113 ex
2275 4057 2511 4113 Eusebio
2534 4057 2964 4117 nominavimus,
2997 4056 3184 4111 divisit
3222 4057 3277 4110 in
3315 4057 3455 4111 duos
3483 4098 3498 4123 ,
3535 4066 3597 4112 ut
3638 4073 3793 4114 unus

533 4152 609 4207 sit
631 4150 709 4205 De
743 4152 867 4220 ﬁde,
895 4151 1031 4205 alter
1052 4150 1129 4204 De
1161 4150 1419 4204 sensibus.
1463 4150 1532 4205 Et
1558 4151 1779 4206 tandem
1826 4150 1972 4205 circa
2002 4150 2202 4205 librum
2236 4148 2373 4217 Περὶ
2408 4148 2770 4218 προφητείας
2810 4148 3211 4219 aliquantulum
3238 4148 3497 4205 desciscit
3534 4164 3566 4205 a
3606 4150 3796 4207 verbis

535 4243 781 4300 Eusebii.
816 4242 1076 4313 Reliquas
1100 4243 1363 4298 minutias
1392 4258 1501 4299 non
1535 4258 1692 4311 curo,
1726 4258 1829 4298 nec
1847 4242 2230 4312 curaboapud
2258 4242 2519 4314 reliquos.

1608 4397 1636 4468 ᾗ
1666 4395 1756 4452 IV.
1792 4395 2049 4450 Eusebius
2072 4411 2193 4449 cum
2225 4393 2429 4465 Ruﬂino
2459 4392 2705 4448 collatus.

602 4554 847 4609 Bullinus
872 4555 926 4607 in
956 4568 1023 4608 eo
1054 4553 1327 4621 discrepat
1349 4550 1417 4605 ab
1448 4550 1685 4606 Eusebio
1718 4550 1865 4620 quod
1889 4550 2115 4613 librum,
2142 4563 2307 4617 quem
2339 4546 2698 4603 Caesariensis
2722 4550 3025 4604 secundum
3062 4551 3277 4620 posuit,
3302 4553 3441 4621 Περὶ
3476 4554 3792 4621 πολιτείας

524 4646 624 4702 καὶ
652 4644 990 4714 προφητῶν,
1026 4644 1082 4697 in
1108 4644 1248 4699 duos
1276 4643 1497 4698 divellat
1537 4642 1637 4697 hoc
1668 4643 1833 4696 modo
1866 4659 1879 4694 :
1907 4640 1980 4695 De
1994 4643 2197 4711 optima
2214 4640 2609 4693 conversatione
2631 4639 2765 4693 liber
2782 4658 2941 4696 unus.
2969 4640 3073 4696 Sed
3098 4652 3147 4697 et
3171 4644 3244 4698 De
3270 4646 3556 4713 prophetis.
3580 4644 3790 4704 Deinde

523 4756 753 4797 numero
774 4742 991 4811 quinto,
1022 4741 1142 4795 loco
1172 4738 1386 4809 φύσεως
1416 4740 1546 4811 legit
1576 4738 1831 4802 πίστεως,
1862 4747 1916 4792 ct
1955 4736 2035 4790 De
2065 4737 2170 4807 ﬁde
2194 4735 2421 4789 hominis
2454 4734 2763 4791 Melittinem
2795 4738 2995 4792 librum
3024 4739 3313 4808 scripsisse
3352 4740 3575 4796 indicat.
3606 4741 3786 4800 Porro

521 4848 587 4888 ex
616 4833 846 4901 septimo
882 4832 1040 4897 libro,
1066 4846 1191 4885 cum
1213 4830 1566 4902 Hieronymo,
1598 4830 1737 4886 duos
1767 4830 1937 4895 facit,
1971 4836 2025 4883 et
2057 4829 2409 4883 undecimum
2447 4826 2629 4881 itidem
2675 4830 2868 4883 dividit
2911 4831 2963 4883 in
3015 4832 3171 4885 binos
3195 4874 3210 4896 ,
3259 4832 3490 4887 alterum
3541 4831 3618 4888 De
3646 4836 3779 4904 fide,

521 4926 754 4980 alterum
788 4924 863 4979 De
885 4926 1216 4994 generatione
1242 4920 1445 4979 Christi
1472 4934 1522 4978 et
1557 4923 1619 4977 de
1646 4923 1919 4993 prophetia
1943 4923 2081 4991 ejus,
2120 4937 2246 4977 cum
2270 4930 2453 4975 tamen
2495 4919 2763 4978 Eusebius
2791 4924 2993 4993 pariter
3035 4939 3099 4978 ac
3142 4922 3507 4995 Hieronymus
3548 4924 3624 4978 De
3655 4943 3785 4994 pro-

518 5016 696 5085 phetia
721 5017 921 5070 librum
942 5015 1272 5085 singularem
1306 5015 1509 5070 faciant
1530 5024 1695 5085 atque
1715 5015 2077 5083 distinguant.
2104 5012 2422 5068 Duodecimi
2445 5012 2586 5076 loco,
2605 5014 2744 5081 Περὶ
2768 5014 3154 5083 προφητείας,
3182 5014 3333 5083 ponit
3357 5016 3555 5069 iterum
3576 5017 3781 5073 librum

520 5110 598 5163 De
619 5111 798 5163 anima
819 5118 867 5161 et
893 5124 1127 5173 corpore,
1160 5123 1324 5177 quem
1353 5116 1536 5161 tamen
1561 5106 1725 5177 paulo
1747 5114 1873 5161 ante
1899 5104 2127 5174 jamjam
2154 5106 2552 5170 nominaverat,
2580 5104 2797 5159 tertiam
2837 5105 3073 5160 hominis
3102 5114 3336 5175 partem,
3381 5118 3637 5173 mentem,
3675 5108 3781 5163 ad-

516 5203 673 5257 dens.
721 5200 848 5255 Haec
879 5200 947 5254 de
978 5198 1215 5253 Rullino.

588 5356 701 5428 (76)
743 5352 1106 5431 Hieronymus
1135 5352 1189 5431 in
1214 5350 1472 5431 gatalogo
1500 5352 1817 5431 scriptorum
1837 5349 2085 5407 ecclesia-
2200 5420 2217 5431 _
2418 5349 2878 5431 TrithemiusDe
2926 5352 3274 5431 scriptoribus
3304 5353 3590 5431 ecclesias}.
3645 5371 3776 5428 cap.

514 5420 787 5481 sticorum.
822 5441 917 5477 seu
948 5420 1034 5475 ὀε
1059 5423 1185 5476 viris
1212 5420 1532 5488 illustribus,
1559 5420 1660 5490 cap
1702 5421 1793 5475 24.
2195 5420 2282 5487 14,
2311 5421 2653 5475 Bibliotheca:
2674 5421 2964 5475 ecclesiast.
3005 5420 3373 5489 Fabriciante,
3408 5424 3503 5478 fol.
3537 5424 3588 5479 7.

585 5498 698 5571 (ῃ)
727 5494 927 5571 ξξιυίῐὶη.
965 5491 1107 5571 Hist.
1135 5492 1319 5571 eccles.
1348 5494 1443 5571 lib.
1475 5509 1548 5557 IV,
1577 5491 1829 5571 ca_p._24..
1872 5561 1882 5571 .
2262 5492 2375 5571 (8i)
2411 5492 2597 5571 Sixtus
2622 5491 2849 5547 Senens.
2873 5491 3218 5547 Bibliotheca:
3245 5510 3414 5549 sacra:
3445 5496 3541 5549 lib.
3573 5510 3611 5559 ι,
3640 5511 3772 5568 pag.

583 5560 696 5637 (78)
727 5563 1001 5637 [lanarius
1028 5562 1110 5637 _De
1146 5562 1496 5637 scriptoribus
1534 5561 1910 5637 ecclesiasticis
1932 5599 1948 5623 ,
1981 5560 2077 5615 lib.
2190 5561 2245 5628 5,
2274 5560 2618 5637 edi_t._?aris.

513 5651 561 5759 εὶ
583 5628 817 5756 laetas.
834 5633 1000 5757 lAgléd
1021 5631 1105 5687 Jo.
1132 5628 1609 5699 Alb.'Fabricium,
1636 5632 1976 5686 Bibliotheca?
2004 5648 2061 5686 ec

513 5722 540 5759 c
564 5723 700 5759 esias
732 5745 745 5757 .
801 5720 832 5757 ο
858 5742 872 5757 .
974 5741 989 5757 .

2262 5629 2378 5711 (82)
2420 5630 2725 5712 Halloixius
2772 5631 2825 5685 in
2870 5628 3177 5685 Illustrium
3211 5630 3461 5688 Ecclesia:
3502 5631 3768 5689 Oriental.

2189 5712 2528 5759 scriptorum.
2556 5717 2645 5759 qui
2667 5704 2952 5754 sanctitate
2978 5711 3027 5756 et
3063 5704 3359 5756 eruditione
3395 5704 3547 5759 iuxta
3570 5720 3697 5759 δατ.
3728 5725 3767 5759 ιι

513 5717 745 5759 ctessast.
778 5717 872 5757 lOl.
902 5717 989 5757 ίξ).
1382 5770 1389 5772 _
1927 5770 1940 5772 _

2189 5717 2528 5769 scriptorum,
2556 5717 2645 5769 qut
2667 5717 2952 5754 sanctitate
2978 5717 3027 5756 et
3063 5717 3359 5756 eruditione
3386 5717 3547 5772 λτιτια
3570 5720 3697 5761 δατ.
3728 5725 3766 5764 ll

584 5776 697 5846 (79)
726 5772 1015 5844 Niccplior.
1045 5772 1247 5830 Hister.
1284 5770 1465 5829 eccles.
1499 5771 1596 5830 lib.
1628 5788 1702 5843 tv,
1728 5786 1849 5844 cap.
1885 5770 1971 5827 10.
2188 5773 2647 5840 ﬂot'ucrttnl,l"itis
2678 5781 2725 5829 et
2752 5773 3103 5841 documentis,
3135 5772 3230 5829 fol.
3264 5773 3388 5829 8‘28.
