4130 6414
366 338 501 397 H89
1243 337 1542 394 ΝΟἸΊΤΙᾹ.
1581 371 1645 379 —
1676 332 1743 393 il.
1785 336 1873 393 DE
1911 332 2224 396 SCRIPT‘IS
2265 340 2322 398 S.
2358 336 2748 399 MELITONIS.
3489 340 3629 400 “90

1372 457 1400 529 δ
1434 456 1499 512 ν.
1536 457 1806 512 Honorius
1835 476 1955 512 cum
1986 458 2212 514 Eusebio
2241 461 2596 515 contenditur.

432 571 708 629 Honorius
737 579 942 639 autem,
968 572 1062 644 qui
1094 588 1220 628 saec.
1252 589 1330 628 xu
1362 573 1876 643 Augustodunensis
1913 573 2113 627 claruit
2147 573 2453 646 presbyter,
2479 591 2605 629 eum
2630 590 2741 629 non
2770 572 2949 630 solum
2979 569 3185 639 emisit,
3213 584 3375 643 quem
3408 583 3462 629 et
3487 572 3619 629 Hie-

360 680 647 737 ronymus,
676 665 817 734 Περὶ
849 667 1088 734 φύσεως
1125 666 1462 734 ἀνθρώπου,
1497 666 1733 732 librum;
1760 664 1854 721 sed
1878 674 1931 719 et
1960 681 1991 734 p

1999 672 2223 720 neterea
2257 666 2361 735 ipsi
2384 666 2562 721 adhuc
2593 667 2775 735 plures
2802 666 3039 729 reticuit,
3082 665 3222 732 Περὶ
3261 661 3630 734 Ἕκκλησίας

361 763 643 828 nimirum,
673 761 814 828 Περὶ
834 759 1156 828 Κυριακῆς,
1184 760 1323 828 Περὶ
1359 750 1661 825 πλάσεως,
1692 766 1749 813 et
1776 756 1919 825 Περὶ
1952 756 1992 810 ἑή

1994 756 2301 826 νισωμάτου
2326 758 2494 812 Θεοῦ.
2531 756 2822 828 Perperam
2861 759 3024 829 igitur
3058 754 3363 813 Halloixius
3403 762 3625 825 asserit,

360 869 510 920 eum,
542 861 738 923 praster
761 852 914 906 illum
947 852 1016 905 ab
1039 850 1377 923 Hieronymo
1408 866 1520 906 non
1548 858 2037 906 commemoratum
2080 849 2279 903 librum
2309 890 2324 915 ,
2364 850 2609 906 Melitoni
2658 858 2875 904 tantum
2922 860 3093 903 unum
3122 851 3411 906 sustulisse
3437 893 3452 918 ,
3484 853 3624 919 Περὶ

358 941 708 1011 ἐνσωμάτου
737 941 884 995 Θεοῦ
912 940 1147 1007 scilicet;
1180 940 1323 1010 quod
1358 939 1500 995 forte
1531 939 1657 995 ideo
1697 938 1903 995 factum
1931 937 2104 992 fuisse
2130 939 2387 1009 conjicio,
2421 945 2569 1011 quod
2601 940 2804 994 dubius
2835 940 3090 1006 haeserit,
3120 944 3399 1010 quomodo
3434 941 3628 997 Latine

359 1036 544 1091 reddat
584 1034 707 1090 libri
735 1036 901 1105 hujus
923 1034 1165 1088 titulum.
1192 1032 1424 1104 Insuper
1467 1032 1707 1089 Eusebio
1751 1032 1985 1101 septimo

2021 1030 2156 1099 loco
2181 1044 2529 1087 numeratum
2557 1074 2572 1100 ,
2616 1033 2757 1100 Περὶ
2792 1030 3073 1101 ὑπακοῆς
3112 1035 3372 1101 πίστεως
3412 1037 3628 1104 αἰσθη-

360 1131 602 1196 τηρίων,
640 1127 719 1182 De
752 1128 989 1182 sensibus
1014 1136 1226 1183 tantum
1251 1126 1553 1197 inscripsit.

1107 1241 1134 1313 §
1170 1240 1253 1295 Vl.
1292 1240 1511 1295 Eusebii
1545 1249 1596 1294 et
1634 1238 1921 1310 Nicephori
1954 1239 2184 1311 catalogi
2219 1240 2439 1294 invicem
2466 1247 2867 1309 comparantur.

430 1358 766 1430 Nicephorhs
785 1360 845 1415 in
876 1360 1133 1415 omnibus
1159 1359 1270 1415 fere
1296 1375 1423 1415 cum
1448 1359 1684 1416 Eusebio
1708 1360 2010 1430 conspirat,
2042 1360 2147 1415 nisi
2173 1361 2322 1429 quod
2344 1376 2412 1416 ex
2435 1362 2626 1431 quinto
2662 1363 2743 1416 et“
2772 1367 2927 1416 sexto
2967 1375 3139 1415 unum
3182 1359 3429 1415 videatur
3487 1375 3625 1417 cons

356 1453 490 1508 ﬂare
515 1454 736 1521 librum,
764 1454 843 1507 ἔτι
873 1454 951 1518 δὲ,
982 1454 1257 1522 inquiens,
1276 1456 1304 1507 ὁ
1329 1455 1468 1521 Περὶ
1491 1455 1750 1519 πίστεως
1766 1453 1987 1523 erepo:

1996 1468 2080 1506 του
2102 1453 2201 1507 καὶ
2226 1453 2508 1520 πλάσεως
2552 1455 2651 1525 τὴν
2678 1454 2993 1525 ἐπιγραφὴν
3026 1455 3260 1525 εἰληφώς
3284 1496 3299 1520 ,
3343 1470 3444 1511 nec
3482 1457 3627 1511 male

358 1548 577 1615 forsan;
606 1548 751 1618 quod
777 1547 1012 1619 septimo
1037 1548 1158 1602 loco
1181 1547 1387 1603 dictum
1418 1547 1656 1603 Eusebio
1690 1548 1914 1614 librum,
1948 1564 2072 1603 cum
2101 1547 2431 1620 Hieronymo
2483 1560 2537 1603 et
2560 1548 2799 1617 Rulﬁno,
2828 1550 2883 1603 in
2910 1549 3052 1604 duos
3076 1549 3260 1603 itidem
3287 1550 3620 1620 distinguat;

355 1644 610 1715 quodque
642 1651 901 1713 pmterea
927 1642 1099 1697 libros
1127 1643 1265 1709 Περὶ
1302 1643 1686 1711 προφητείας,
1711 1643 1849 1710 Περὶ
1877 1646 1981 1711 φιλ

1996 1642 2250 1709 νξενίας,
2283 1652 2337 1697 et
2357 1642 2559 1697 librum
2590 1642 2802 1698 Clavem
2828 1643 3034 1698 dictum
3066 1643 3322 1709 omittat,
3360 1643 3524 1714 idque
3557 1643 3627 1699 de

354 1736 626 1792 industria
648 1734 809 1804 forte,
838 1750 963 1790 nam
988 1748 1179 1792 omnes
1204 1750 1329 1791 eum
1356 1750 1643 1791 recensere
1663 1735 1904 1791 voluisse
1928 1734 2203 1791 Melitonis
2231 1736 2424 1801 libros,
2451 1735 2587 1791 mihi
2624 1751 2737 1791 non
2765 1736 2999 1793 videtur.

1382 1889 1411 1962 ἕ
1437 1888 1545 1945 VH.
1579 1890 1853 1944 Trithemii
1879 1900 1929 1945 et
1962 1888 2179 1944 Eusebii
2208 1888 2447 1944 collatio.

422 2007 504 2063 Ad
534 2006 920 2075 Tritbemium,
981 2008 1456 2065 Melitonianorum
1518 2010 1852 2081 scriptorum
1901 2008 2210 2079 catalogum
2254 2009 2711 2074 concinnantem,
2747 2007 2894 2078 quod
2928 2005 3143 2073 attinet,
3199 2005 3451 2062 instituta
3495 2022 3625 2063 cum

352 2096 590 2154 Eusebio
617 2100 928 2163 collatione,
951 2100 1304 2169 deprehendi,
1322 2116 1446 2155 eum
1480 2100 1745 2155 librorum
1772 2100 1913 2167 Περὶ
1943 2118 1983 2168 φ

1994 2101 2185 2167 ὐσεως
2211 2099 2546 2168 ἀνθρώπου,
2590 2098 2733 2167 Περὶ
2779 2098 2927 2152 Θεοῦ
2968 2097 3335 2167 ἐνσωμοὶτου,
3370 2109 3423 2153 et
3457 2098 3625 2154 Ἀπο.

350 2192 563 2261 λογίας
595 2192 744 2260 πρὸς
799 2192 1155 2246 Ἀντωνῖνον
1198 2194 1405 2247 nullam
1460 2194 1686 2247 omnino
1735 2192 1981 2261 injecisse

1991 2222 1992 2239 ξ
2038 2193 2401 2259 mentionem;
2451 2206 2576 2245 eum
2609 2191 2810 2245 librum
2850 2190 2990 2258 Περὶ
3036 2189 3315 2259 ὑπακοῆς
3362 2192 3622 2257 πίστεως

350 2286 751 2354 αἰσθητηρίων
776 2284 1033 2339 divellere
1078 2285 1133 2339 in
1167 2285 1348 2352 binos,
1378 2286 1454 2339 De
1484 2287 1723 2340 sensibus
1744 2328 1759 2353 ,
1790 2298 1843 2343 et
1875 2289 1953 2343 De

1992 2288 2105 2343 ﬁde.
2142 2284 2537 2349 Undecimum,
2570 2284 2711 2352 Περὶ
2751 2284 3005 2348 κτίσεως
3040 2283 3139 2335 καὶ
3176 2284 3466 2354 γενέσεως
3490 2289 3623 2355 Χρι-

351 2377 526 2441 στοῦ,
554 2376 695 2430 dixit
724 2375 919 2430 saltem
952 2374 1027 2428 De
1051 2376 1381 2444 generatione
1405 2376 1643 2442 Christi;
1671 2382 1835 2447 atque
1871 2378 1926 2431 in
1958 2380 2060 2431 hoc
2098 2378 2322 2445 insuper
2353 2376 2477 2451 plus
2518 2374 2794 2445 peccavit,
2825 2374 3047 2443 partim,
3080 2378 3225 2444 quod
3255 2392 3356 2445 pro
3388 2376 3465 2431 De
3496 2378 3620 2447 pla-

350 2481 521 2527 smate
547 2488 712 2525 unum
743 2471 1024 2540 scripserit
1047 2470 1123 2524 De
1150 2471 1315 2539 lapsis
1347 2466 1439 2526 lib.
1471 2487 1508 2537 ι,
1536 2474 1756 2542 partim,
1785 2475 1927 2542 quod
1960 2474 2099 2527 inter
2131 2473 2334 2542 scripta
2363 2471 2636 2527 Melitonis
2668 2470 2868 2526 referat
2901 2468 3146 2538 spurium
3184 2485 3322 2539 opus
3346 2471 3420 2525 De
3445 2482 3621 2527 trans-

350 2569 431 2622 itu
465 2569 674 2624 Marite.
709 2568 755 2620 Α
785 2582 915 2622 vero
968 2567 1132 2637 igitur
1164 2569 1403 2623 alienum
1429 2570 1623 2623 iterum
1651 2579 1735 2624 est
1767 2568 2018 2625 llalloixii
2047 2570 2338 2639 judicium,
2364 2568 2576 2635 eadem,
2616 2583 2737 2639 quae
2760 2563 3039 2621 Honorius
3070 2563 3618 2631 Augustodunensis.

352 2663 771 2732 praetermisisse
794 2660 1195 2728 Trithemium;
1232 2664 1394 2719 habet
1418 2665 1562 2718 enim
1594 2665 1736 2733 Περὶ
1771 2663 1983 2729 Ἐκκλπ

1989 2665 2159 2733 τσίας,
2191 2663 2289 2717 καὶ
2317 2662 2452 2732 περὶ
2478 2662 2785 2732 Κυριακῆς
2814 2662 3008 2729 libros,
3041 2677 3180 2733 quos
3204 2660 3481 2717 Honorius
3510 2676 3620 2717 non

351 2758 536 2815 habet.

1115 2826 1142 2898 §
1174 2826 1308 2881 Vlll.
1351 2828 1493 2884 Sixti
1524 2827 1739 2884 Senens.
1772 2829 1980 2899 catalog

1214 2826 1308 2881 'lll.
1351 2828 1493 2884 Sixti
1524 2827 1739 2884 Senens.
1772 2829 2001 2899 catalogi
2032 2843 2151 2883 cum
2181 2828 2483 2883 Eusebiano
2506 2828 2845 2885 assimilatio.

421 2980 646 3036 Minime
683 2983 927 3036 omnium
962 2993 1215 3039 accurata
1259 2992 1345 3039 est
1390 2984 1529 3038 Sixti
1579 2985 1828 3040 senensis
1860 2984 2122 3039 librorum
2157 2998 2187 3037 a
2219 2982 2475 3039 Melitone
2506 2984 2944 3053 conscriptorum
2991 2983 3365 3054 consignatio,
3414 2986 3621 3058 quippe

349 3091 472 3147 qua:
497 3091 566 3131 ne
597 3084 847 3145 quartam
879 3076 1098 3144 quidem
1125 3093 1314 3131 eorum
1345 3088 1549 3146 partem
1578 3076 1812 3147 alliugit,
1838 3077 1963 3131 licet
1997 3076 2134 3130 nihil
2165 3076 2421 3131 omisisse
2446 3076 2579 3131 velit
2601 3076 3054 3132 videri.Mcminit
3073 3077 3217 3132 enim
3246 3084 3622 3138 tantummodo

346 3177 710 3235 excerptorum
732 3207 746 3228 ,
788 3167 910 3220 libri
942 3166 1018 3219 De
1056 3166 1167 3220 vita
1210 3168 1613 3237 prophetarum,
1651 3167 1727 3221 De
1756 3168 2108 3237 Apocalypsi,
2136 3178 2188 3223 et
2235 3177 2497 3237 praterea
2542 3168 2775 3224 duorum
2808 3171 3040 3226 aliorum
3064 3213 3079 3238 ,
3108 3173 3162 3227 in
3191 3173 3392 3244 quibus
3436 3182 3619 3231 tamen

348 3262 697 3319 recensendis
724 3263 961 3332 graviter
988 3263 1359 3320 hallucinatus
1387 3274 1492 3319 est.
1524 3262 1659 3317 Nam
1688 3279 1787 3333 pro
1818 3264 1960 3318 libro

1987 3264 2127 3331 Περὶ
2158 3263 2507 3333 ἐνσωμάτου
2534 3264 2703 3330 Θεοῦ,
2735 3264 2871 3318 dicit
2894 3278 3020 3317 eum
3049 3262 3363 3333 scripsisse,
3397 3264 3451 3318 in
3483 3262 3618 3319 illud

347 3355 626 3411 Geneseos
672 3372 738 3410 ιε
808 3355 1100 3411 Faciamus
1155 3358 1450 3423 hominem,
1505 3357 1580 3412 De
1640 3357 1750 3411 Deo
1797 3358 2108 3426 incorporeo
2147 3357 2348 3411 librum
2395 3372 2598 3421 unum,
2641 3357 2788 3427 quod
2836 3355 2999 3425 plane
3034 3356 3311 3412 diversum
3354 3368 3514 3413 sonat
3547 3358 3619 3413 ει)

348 3450 607 3508 Eusebio.
637 3451 841 3509 Deinde
879 3452 933 3506 in
969 3469 1036 3508 eo
1064 3468 1283 3523 quoque
1310 3463 1479 3517 errat,
1512 3453 1657 3521 quod
1693 3462 1920 3517 asserat,
1950 3452 2204 3507 Sandium
2236 3453 2554 3523 episcopum
2598 3452 2886 3521 scripsisse
2931 3451 3010 3505 De
3044 3451 3285 3522 catalogo
3316 3453 3617 3506 divinorum

348 3547 622 3616 utriusque
650 3545 969 3600 Testamenti
1001 3545 1326 3601 voluminum
1356 3547 1421 3600 ad
1446 3545 1764 3600 Onesimum
1797 3545 2081 3614 epistolam
2114 3561 2300 3599 unam.
2333 3545 2432 3599 Ast
2459 3545 2552 3599 illa
2580 3544 2809 3613 epistola
2843 3544 2921 3596 nil
2943 3543 3088 3599 aliud
3109 3552 3212 3609 est,
3246 3560 3409 3613 quam
3429 3560 3614 3614 prooe-

351 3638 522 3692 mium
552 3655 644 3694 sex
664 3640 900 3709 ὲκλογῶν
918 3641 1201 3704 librorum,
1220 3656 1360 3710 quos
1393 3656 1558 3709 supra
1580 3640 1829 3709 jamjam,
1857 3648 2225 3709 excerptorum
2254 3640 2496 3704 nomine,
2512 3648 3065 3705 commemoraverat;
3087 3639 3215 3696 hinc
3243 3656 3355 3695 non
3385 3640 3617 3695 debebat

350 3735 598 3790 eamdem
633 3744 895 3804 tanquam
928 3751 1127 3790 novum
1157 3736 1381 3806 aliquod
1412 3736 1675 3805 scriptum
1709 3736 1938 3791 seorsim
1972 3750 2292 3802 recensere;
2326 3750 2425 3789 nec
2447 3734 2679 3790 debebat
2704 3747 2873 3803 porro
2902 3734 3105 3803 dicere,
3128 3736 3402 3806 utriusque
3430 3734 3614 3789 Testa-

350 3830 533 3895 menti,
558 3830 653 3884 sed
698 3828 894 3884 Veteris
926 3838 1139 3884 tantum
1179 3830 1502 3884 Testamenti
1539 3846 1606 3884 ex
1631 3845 1698 3885 eo
1728 3830 1872 3884 enim
1906 3830 2027 3884 solo
2048 3829 2199 3884 dedit
2228 3830 2498 3883 librorum
2521 3826 2915 3882 canonicorum
2938 3827 3272 3901 catalogum,
3297 3837 3360 3883 ut
3385 3841 3514 3883 mox
3544 3842 3612 3881 ex

350 3919 489 3990 ipsa,
518 3937 685 3993 quam
705 3923 959 3981 dedimus
990 3922 1152 3993 infra,
1183 3924 1431 3995 epistolze
1454 3926 1797 3995 inspectione
1822 3924 2105 3995 apparebit
2131 3924 2253 3979 luce
2281 3922 2589 3979 meridiana
2618 3920 2846 3978 clarius.

1620 4079 1649 4152 §
1679 4079 1771 4134 IX.
1834 4078 2068 4135 Sandius
2100 4089 2335 4136 notatur.

427 4226 483 4287 Τι
496 4233 623 4289 ibus
650 4233 832 4289 adhuc
850 4234 1032 4290 verbis
1055 4248 1277 4299 moneo,
1306 4233 1557 4291 notitiam
1583 4250 1750 4305 quam
1782 4234 1850 4291 de
1879 4235 2137 4305 operibus
2163 4233 2439 4290 Melitonis
2469 4231 2618 4289 dedit
2645 4229 2971 4287 notissimus
2993 4227 3086 4285 ille
3102 4226 3420 4298 Christopb.
3444 4224 3609 4281 Chri-

346 4329 595 4399 stophori
632 4328 872 4388 Sandius
904 4328 1019 4402 (8'5)
1045 4330 1332 4385 confusam
1363 4346 1615 4401 prorsus,
1640 4348 1670 4388 a
1702 4347 1836 4387 vero
1866 4332 2125 4398 alienam,
2147 4340 2202 4387 et
2235 4332 2501 4386 absonam
2525 4343 2647 4387 esse
2675 4327 2846 4394 adeo,
2878 4335 2938 4383 ut
2963 4326 3236 4397 integrum
3263 4324 3371 4380 hoc
3393 4324 3462 4379 de
3485 4323 3608 4378 Me-

348 4425 518 4481 litone
548 4434 715 4496 caput
755 4442 915 4484 error
958 4437 1235 4484 mereatur
1263 4427 1395 4495 dici,
1427 4429 1483 4484 in
1531 4444 1643 4499 quo
1687 4444 1907 4486 summa
1950 4431 2078 4485 imis
2107 4436 2240 4484 sunt
2282 4427 2564 4499 permista.
2596 4426 2678 4481 Ex
2707 4438 2892 4497 ungue
2929 4422 3141 4480 leonem
3182 4430 3245 4478 ut
3276 4436 3509 4488 noscas,
3553 4419 3608 4475 id

352 4517 546 4573 saltem
580 4533 646 4574 ex
676 4533 745 4574 eo
777 4520 1037 4588 referam,
1065 4522 1249 4575 omnia
1281 4518 1556 4577 Melitonis
1583 4535 1749 4592 opera
1777 4520 1998 4577 Gelasio
2022 4536 2178 4592 papa:
2204 4535 2325 4576 esse
2357 4518 2692 4592 apocrypha.

568 4672 598 4745 ᾗ
628 4671 699 4729 Χ.
746 4673 832 4729 An
864 4671 1048 4730 Melita
1076 4683 1269 4745 preter
1296 4674 1461 4730 libros
1494 4673 1725 4731 Eusebio
1754 4683 1805 4730 et
1838 4674 2164 4745 Hieronymo
2207 4681 2678 4741 commemoratos,
2716 4672 2852 4727 alios
2883 4662 3057 4724 adhuc
3085 4667 3397 4740 scripserit?

417 4825 750 4898 Priusquam
788 4828 937 4884 circa
978 4829 1226 4900 singulos
1256 4829 1529 4885 editorum
1562 4844 1593 4883 a
1624 4827 1881 4885 Melitone
1909 4828 2174 4884 librorum
2211 4828 2401 4884 titulos
2436 4842 2561 4883 mea
2591 4825 3045 4893 eruditorumque
3073 4824 3355 4879 observata
3385 4822 3441 4876 in
3484 4837 3603 4877 mea

342 4922 497 4977 dium
527 4922 828 4994 proferam,
854 4938 1038 4993 operae
1069 4923 1305 4993 pretium
1340 4940 1428 4979 me
1458 4922 1736 4980 facturum
1767 4923 1954 4988 credo,
1986 4922 2346 4992 quaestionem
2379 4920 2703 4993 expendere,
2736 4934 2807 4974 an
2829 4919 3119 4999 Eusebius,
3145 4935 3214 4974 an
3237 4918 3604 4989 Hieronymus

344 5019 595 5074 omnium
624 5018 1111 5075 Melitonianorum
1139 5019 1474 5088 scriptorum
1493 5028 1749 5075 exactum
1778 5017 1992 5074 dederit
2014 5017 2322 5085 catalogum
2358 5016 2435 5070 ita
2480 5023 2541 5069 ut
2572 5022 2830 5084 prteterea
2866 5014 3005 5070 nihil
3035 5014 3183 5069 aliud
3211 5013 3408 5068 litteris
3440 5012 3605 5068 fuerit

342 5110 726 5181 consignatum
755 5126 787 5166 a
812 5109 1130 5166 Sardiano?
1178 5124 1357 5179 anque
1389 5119 1773 5180 argumentum
1800 5151 1814 5177 ,
1861 5109 1991 5179 quia
2018 5106 2310 5175 Eusebius,
2342 5107 2472 5178 quia
2519 5104 2888 5177 Hieronymus
2918 5121 3027 5161 non
3071 5106 3301 5173 habent,
3334 5104 3600 5170 suﬂiciat,

342 5216 538 5257 omnes
568 5203 810 5274 reliquos
847 5204 917 5258 ab
937 5202 1064 5258 aliis
1098 5202 1239 5258 forte
1274 5203 1515 5257 Melitoni
1559 5204 1793 5259 tributos
1833 5204 2008 5259 libros
2041 5212 2307 5274 tanquam
2348 5201 2570 5271 spurios
2600 5202 2866 5271 rejicere?
2892 5199 3161 5256 Videntur
3198 5201 3253 5255 in
3293 5200 3435 5257 hanc
3471 5217 3601 5256 sen-

342 5298 570 5354 tentiam
598 5298 941 5371 propendere
966 5296 1273 5355 Halloixius
1297 5297 1775 5370 (84),Whistonus
1801 5297 2267 5370 (85),Baraterius
2293 5296 2748 5369 (86).Ceillierius
2771 5284 3139 5370 (87),aliique.
3166 5296 3428 5354 Veritatis
3450 5316 3602 5370 quaa-

413 5447 528 5536 (783)
568 5451 806 5536 Sandius
836 5454 890 5508 in
912 5460 1148 5536 tractatu
1178 5452 1262 5536 De
1276 5452 1548 5536 petet-ibus
1570 5452 1916 5536 scriptoribus
2022 5454 2136 5536 nitg
2156 5495 2170 5520 ,
2199 5453 2439 5536 andnthe
2475 5452 2839 5536 77Incarnation
2892 5454 3079 5536 oLgur
3122 5451 3287 5521 Lord,
3334 5460 3483 5509 tomo
3532 5451 3599 5507 ιν

336 5522 751 5594 ecclesiasticis,
800 5525 996 5594 nucleo
1056 5538 1160 5580 suo
1211 5522 1471 5578 Historiae
1513 5522 1916 5592 ecclesiasticw,
2023 5522 2725 5594 l'rimtepiChristianisnti,
2758 5540 2880 5594 pag.
2905 5522 3029 5577 126.

338 5592 610 5664 praeﬁxoL
622 5609 747 5664 pag.
771 5593 863 5648 Η.
994 5662 1000 5664 7
1083 5663 1090 5664 7
1129 5663 1134 5664 7
1199 5662 1213 5664 _
1279 5663 1285 5664 7
2093 5592 2207 5664 (86)
2222 5592 2536 5648 Baraterius
2553 5595 2606 5647 in
2622 5592 3005 5663 Disquisitione
3020 5592 3387 5664 chronologica
3406 5592 3468 5646 de
3480 5609 3600 5645 suc-

409 5663 526 5734 (847)
565 5660 892 5734 Halloixius,
921 5678 971 5720 c.
994 5662 1037 5719 l.
1071 5663 1166 5719 fol.
1189 5662 1316 5719 854.
1467 5733 1470 5734 7
1561 5732 1597 5734 77
1647 5733 1652 5734 7
1797 5732 1807 5734 7
1866 5733 1873 5734 7
2020 5660 2264 5734 cessione
2279 5664 2651 5734 antiquissima
2679 5660 3039 5734 episcoporum
3058 5660 3287 5718 Roman:
3316 5680 3436 5733 pag.
3469 5664 3594 5716 2’20.

412 5732 527 5803 (85)
564 5732 821 5788 Whiston
859 5735 916 5787 in
952 5734 1037 5789 the
1077 5736 1313 5788 Account
1338 5734 1402 5804 of
1431 5733 1515 5789 the
1550 5732 1717 5787 Faith
1744 5732 1916 5804 of771he
2091 5733 2204 5802 (87)
2241 5733 2479 5796 Ccillier,
2509 5732 2748 5787 Histoire
2779 5732 3020 5804 generale
3052 5734 3141 5787 des
3173 5732 3595 5804 auteurs’sacre‘s

342 5802 443 5858 two
466 5804 583 5874 ﬁrst
615 5804 902 5882 centuries,
931 5806 1242 5885 concerning
1269 5806 1353 5888 the
1373 5802 1741 5861 rever-blessed
1793 5802 1915 5858 Tri-
2014 5812 2069 5885 et
2103 5804 2542 5874 ecclésiastiques,
2572 5811 2707 5862 tom.
2736 5802 2806 5875 ll,
2832 5820 2952 5876 cap.
2979 5804 3033 5874 5,
3068 5819 3191 5875 pag.
3222 5803 3310 5858 '78.
