4130 6376
552 265 678 323 1191
1583 256 1640 310 8.
1679 254 1940 309 Ml‘LLlTO
1979 252 2286 310 SARDIUM
2323 253 2726 311 EPISCOI’US.
3666 253 3809 311 “93

533 375 658 428 "lam
699 373 909 443 species
951 374 1080 427 huic
1116 372 1363 443 opinioni
1402 374 1601 427 exinde
1638 372 1890 443 aﬂ'ulget,
1934 370 2086 441 quod
2132 369 2441 437 Eusebius,
2474 369 2764 426 recensitis
2796 371 3090 439 omnibus,
3126 389 3266 443 quos
3314 373 3481 429 modo
3518 374 3807 429 numeravi

534 470 727 530 libris,
758 470 942 523 dicat:
990 468 1113 521 Ἐπὶ
1146 469 1280 521 πᾶσι
1314 468 1410 522 καὶ
1445 468 1505 521 τὸ
1536 468 1673 539 πρὸς
1718 466 2037 520 Ἀντωνῖνον
2071 463 2165 534 βι6

2177 464 2363 528 λίδιον,
2399 482 2418 514 ι
2450 474 2761 533 postremus
2793 465 3039 517 omnium
3086 476 3171 521 est
3216 466 3436 519 libellus
3467 464 3535 518 ad
3570 464 3808 531 impera-

538 573 709 618 torem
740 565 1109 629 Antoninum;
1142 581 1160 614 ι
1190 548 1671 633 quodque,allatis
1694 561 2022 633 quibusdam
2052 560 2384 629 scriptorum
2421 558 2900 613 Mclitonianorum
2921 558 3262 629 fragmentis,
3287 557 3390 611 sub
3423 557 3586 610 linem
3612 554 3811 624 capitis

536 656 609 710 ita
639 657 982 710 continenter
1012 656 1209 711 subdat
1234 676 1246 710 :
1276 660 1386 711 Καὶ
1419 659 1487 712 τὰ
1521 658 1621 729 μὲν
1642 657 1959 720 Μελίτωνος
1992 655 2167 710 τοσαῦλ

2175 672 2253 718 τα,
2288 673 2305 704 ι
2329 664 2383 708 et
2407 654 2533 707 libri
2566 654 2787 723 quidem
2812 652 3085 708 Melitonis
3108 662 3187 709 tot
3210 661 3358 717 sunt,
3391 670 3409 701 ι
3442 650 3806 716 indicaturus,

535 766 594 805 se
625 766 820 805 omnes
857 766 1234 807 enumerasse.
1272 754 1445 811 Secus
1474 765 1657 808 tamen
1690 753 1821 807 mihi
1854 754 2068 807 videtur
2089 794 2104 818 ,
2132 752 2301 805 rebus
2334 752 2501 821 probe
2536 752 2840 820 perpensis.
2880 749 3083 805 Nullibi
3126 750 3272 804 enim
3302 746 3583 816 expressis
3621 745 3809 801 verbis

535 846 773 901 asseruit
803 846 1070 901 Eusebius
1096 887 1110 911 ,
1144 863 1203 902 se
1232 850 1503 913 omnium,
1538 859 1809 919 quotquot
1851 848 2037 902 Melilo
2063 863 2307 917 unquam
2338 847 2671 916 scripserat,
2696 846 2965 901 librorum
3003 849 3259 902 daturum
3301 860 3424 903 esse
3454 842 3762 913 catalogum
3789 860 3806 909 ;

534 940 667 1007 quin
708 941 891 1010 potius
931 940 1069 995 alios
1106 941 1250 995 forte
1294 942 1479 995 adhuc
1516 942 1586 995 ab
1625 941 1817 996 eodem
1856 947 2117 995 exaratos
2147 937 2320 992 fuisse
2349 937 2494 991 haud
2536 938 2769 992 obscure
2803 938 3156 1005 significavit,
3189 939 3269 993 sic
3291 938 3513 993 ordiens
3537 938 3806 993 librorum

532 1032 807 1089 Mclitonis
832 1036 1140 1107 catalogum
1167 1054 1180 1089 :
1215 1036 1433 1091 Τούτων
1465 1037 1546 1100 εἰς
1576 1036 1854 1108 ἡμετέραν
1886 1035 2090 1105 γνῶσιν
2123 1036 2158 1089 ἀι

2179 1037 2352 1103 ρῖκται
2386 1035 2455 1088 τὰ
2493 1035 2934 1107 ὑποτεταγμένα,
2965 1054 2984 1087 ι
3012 1052 3077 1089 ex
3115 1033 3270 1088 libris
3303 1040 3487 1085 autem
3518 1030 3810 1100 utriusque

532 1123 755 1180 illorum
795 1126 1104 1197 (Melitonis
1145 1127 1353 1183 scilicet
1381 1135 1435 1181 et
1456 1126 1825 1195 Apollinaris)
1856 1127 1941 1193 hi,
1974 1140 2116 1196 quos
2156 1124 2297 1178 infra
2322 1126 2682 1193 subiecimus,
2707 1127 2775 1181 ad
2798 1136 3039 1181 nostram
3075 1126 3324 1180 notitiam
3365 1131 3751 1194 pervenerunt.
3783 1139 3803 1174 ι

533 1216 679 1272 ldem
723 1227 954 1273 testatur
984 1219 1165 1274 adhuc
1198 1218 1404 1273 clarius
1447 1216 1505 1271 8.
1535 1216 1900 1289 Hieronymus
1932 1217 2019 1272 his
2043 1216 2263 1272 verbis:
2298 1236 2317 1268 ι
2350 1215 2584 1289 Scripsit
2617 1234 2840 1289 quoque
2862 1228 2919 1273 et
2964 1219 3070 1273 alia
3095 1260 3111 1285 ,
3141 1218 3211 1273 de
3257 1217 3460 1286 quibus
3492 1214 3597 1270 ista
3653 1221 3808 1277 sunt,

532 1328 656 1383 qua:
691 1314 1047 1384 subjecimus.
1084 1334 1101 1365 ι
1146 1314 1396 1384 Cumque
1436 1322 1700 1384 praeterea
1749 1314 2077 1370 Anastasius
2115 1312 2328 1369 Sinaita
2364 1315 2601 1370 duorum
2642 1316 2909 1383 aliorum,
2951 1315 3191 1371 Eusebio
3229 1323 3285 1369 et
3326 1313 3659 1384 Hieronymo
3693 1326 3808 1366 non

530 1419 1000 1477 memoratarum,
1033 1412 1298 1465 librorum
1342 1410 1679 1463 mentionem
1727 1409 1974 1479 injiciat,
2017 1409 2158 1478 Περὶ

2186 1408 2551 1479 σαρκώσεως
2593 1411 2853 1480 Χριστοῦ
2901 1411 3110 1467 scilicet
3150 1412 3287 1481 (88),
3328 1409 3405 1463 De
3442 1407 3811 1462 incarnatione

530 1502 755 1571 Christi,
779 1514 833 1559 et
862 1504 1057 1573 Λόγου
1089 1506 1177 1570 εὶς
1208 1503 1274 1557 τὸ
1303 1502 1500 1569 Πάθος
1532 1502 1791 1571 Χριστοῦ
1818 1502 1955 1573 (89),
1993 1500 2161 1557 Oratit

2181 1503 2270 1557 mis
2298 1503 2355 1555 in
2384 1501 2699 1557 Passionem
2728 1502 2982 1568 Domini,
3012 1517 3243 1572 prorsus
3284 1514 3392 1555 nou
3422 1499 3602 1561 video,
3636 1510 3812 1567 quara

531 1596 676 1652 inter
703 1596 945 1667 genuina
975 1595 1250 1651 Melitonis
1272 1610 1437 1664 opera
1467 1602 1523 1649 et
1552 1596 1653 1648 hos
1680 1608 1903 1664 quoque
1930 1593 2178 1663 recipere
2206 1594 2278 1649 sit
2306 1593 2673 1648 dubitandum
2699 1610 2714 1659 ;
2744 1594 2853 1649 nisi
2882 1593 3024 1647 forte
3055 1594 3211 1663 quis,
3242 1607 3309 1646 ex
3349 1591 3495 1645 malo
3526 1592 3581 1644 in
3615 1588 3808 1644 ortho-

530 1691 734 1745 doxam
773 1700 1023 1746 nostram
1057 1691 1217 1746 fidem
1251 1689 1460 1754 animo,
1505 1688 1809 1757 fragmenta
1832 1732 1846 1756 ,
1873 1704 1996 1759 quae
2025 1704 2094 1743 ex
2128 1689 2198 1744 iis
2238 1689 2425 1744 attulit
2461 1690 2825 1754 Anastasius,
2875 1689 3042 1745 dubia
3086 1687 3218 1742 velit
3264 1686 3522 1751 reddere,
3566 1698 3809 1754 quorum

530 1785 766 1839 alterum
788 1784 1075 1853 quantivis
1101 1784 1263 1854 pretii
1295 1784 1364 1838 de
1397 1784 1580 1838 divina
1615 1785 1820 1854 pariter
1847 1800 1913 1840 ac
1942 1784 2183 1839 humana
2202 1783 2409 1841 Christi
2436 1795 2632 1840 natura
2661 1786 2908 1841 continet
2937 1784 3336 1840 testimonium.
3362 1782 3585 1839 Eusebii
3614 1782 3808 1848 verba,

528 1881 734 1950 quibus
759 1881 988 1949 asserit,
1017 1890 1098 1936 tot
1120 1896 1245 1936 esse
1270 1880 1546 1936 Melitonis
1583 1882 1810 1951 scripta,
1847 1882 2160 1952 horumque
2196 1892 2538 1953 postremum
2572 1883 2819 1937 omnium
2862 1898 2983 1938 esse
3022 1880 3373 1950 Apologiam,
3415 1877 3705 1935 commode
3743 1877 3813 1933 de

528 1979 689 2035 libris
719 1980 936 2047 saltem,
960 1978 1055 2050 qui
1086 1978 1155 2034 ad
1182 1978 1304 2049 ejus
1338 1978 1593 2033 notitiam
1625 1985 2012 2049 pervenerunt,
2044 1994 2343 2049 possumus
2378 1987 2433 2034 et
2462 1979 2731 2035 debemus
2762 1978 3133 2049 interpretari.

1582 2132 1610 2204 §
1640 2131 1735 2187 XI.
1778 2130 1857 2188 De
1887 2132 2162 2187 Melitonis
2186 2133 2345 2189 libris
2369 2134 2434 2189 de
2460 2133 2747 2189 Paschate.

596 2288 704 2346 Sed
751 2303 883 2361 age,
924 2288 993 2345 de
1034 2303 1148 2345 uno
1196 2288 1443 2344 alterove
1470 2287 1611 2343 libro
1666 2289 1951 2361 sigillatim
1983 2305 2132 2345 tiuuc
2157 2288 2466 2345 videamus.
2494 2290 2578 2346 Ad
2614 2290 2787 2347 libros
2821 2290 2898 2346 De
2930 2290 3191 2346 Paschate
3222 2290 3369 2361 quod
3398 2290 3619 2357 attinet,
3646 2301 3809 2345 nota-

527 2395 653 2435 mus
678 2421 693 2445 ,
740 2380 1249 2436 decantatissimam
1294 2379 1467 2445 illam,
1511 2379 1792 2451 prioribus
1825 2387 1951 2451 post
1982 2395 2032 2435 c.
2068 2398 2125 2435 n.
2157 2382 2375 2437 saeculis
2417 2383 2560 2437 inter
2593 2381 2897 2439 Ecclesiam
2925 2382 3258 2439 Orientalem
3294 2392 3347 2437 et
3394 2379 3803 2437 Occidentalcm

526 2487 725 2542 magno
756 2474 1068 2528 animorum
1101 2471 1317 2528 fervore
1348 2471 1639 2543 agitatam,
1672 2473 2110 2528 controversiam
2152 2474 2220 2529 de
2268 2474 2356 2528 die
2405 2472 2724 2530 festivitatis
2773 2474 3090 2542 Paschatis,
3137 2476 3334 2529 horum
3382 2474 3804 2530 scribendorum

526 2568 877 2623 occasionem
909 2567 1389 2623 subministrasse.
1425 2565 1787 2633 Quaerebatur
1849 2568 2096 2636 scilicet,
2144 2583 2214 2623 an
2250 2569 2477 2639 praecise
2507 2584 2634 2625 cum
2676 2568 2901 2636 Iudaeis,
2967 2570 3056 2626 die
3110 2573 3178 2627 l4
3236 2573 3448 2627 mensis
3489 2569 3693 2637 Nisan,
3747 2570 3804 2626 in

528 2680 917 2735 quemcunque
944 2664 1303 2721 hebdomadis
1327 2663 1472 2717 diem
1508 2663 1599 2718 ille
1630 2663 1928 2732 incideret;
1963 2680 2031 2719 an
2059 2680 2193 2720 vero
2222 2666 2377 2721 nullo
2403 2666 2533 2733 alio,
2570 2682 2736 2738 quam
2765 2668 2896 2723 solis
2927 2668 3036 2735 die,
3064 2670 3118 2723 in
3152 2671 3476 2725 memoriam
3505 2668 3808 2724 Dominicre

528 2756 995 2820 resurrectionis,
1032 2769 1192 2810 sacra
1236 2754 1519 2823 paschalia
1558 2754 1671 2809 sint
1715 2755 2067 2811 celebranda.
2120 2754 2373 2812 Priorem
2421 2759 2647 2814 modum
2697 2760 3072 2830 sequebantur
3100 2762 3358 2817 Asiaticae
3397 2772 3452 2817 et
3498 2762 3808 2817 Orientales

529 2848 823 2914 Ecclesiae;
861 2857 918 2903 at
947 2848 1042 2917 qui
1077 2846 1267 2901 Romae
1294 2858 1350 2903 et
1393 2847 1450 2901 in
1481 2848 1605 2903 aliis
1638 2850 1958 2919 regionibus
2001 2853 2071 2907 ad
2118 2852 2253 2909 solis
2290 2867 2553 2909 occasum
2601 2856 2723 2911 sitis
2761 2856 3045 2911 Christum
3076 2840 3367 2925 colebant,
3414 2860 3798 2928 posteriorem.

530 2938 761 3010 Utrique
800 2941 1129 3010 apostolicas
1174 2940 1445 3008 urgebant
1480 2940 1831 3009 traditiones;
1866 2943 1944 2997 illi
1977 2959 2037 2999 se
2062 2949 2520 3003 consuetudinem
2560 2963 2719 3003 suam
2743 2952 3021 3020 accepisse
3047 2968 3077 3005 a
3110 2950 3167 3006 S.
3201 2951 3414 3008 Joanne
3447 2960 3502 3007 et
3548 2950 3805 3024 Philippo

528 3031 820 3099 dicebant;
855 3033 913 3087 hi
946 3046 1077 3087 vero
1110 3034 1178 3088 ad
1209 3032 1427 3125 Petrum
1456 3043 1513 3090 et
1544 3034 1776 3091 Paulum
1808 3039 2201 3108 provocabaut.
2230 3041 2419 3112 Neque
2441 3044 2512 3099 ab
2539 3043 2698 3099 initio
2728 3045 2844 3101 haec
2866 3045 3161 3104 diversitas
3185 3048 3521 3103 discordiam
3557 3050 3801 3117 peperit,

530 3129 627 3183 sed
660 3129 916 3199 quaelibet
946 3127 1193 3188 Ecclesia
1218 3131 1274 3185 in
1306 3130 1415 3186 ritu
1451 3131 1559 3189 hoc
1603 3133 1906 3205 adiaphoro
1933 3150 2034 3191 sua
2077 3138 2336 3193 utebatur
2365 3139 2637 3195 libertate.
2678 3140 2914 3196 lrenmus
2942 3141 3056 3212 (90)
3094 3139 3277 3207 refert,
3316 3138 3374 3194 S.
3418 3139 3809 3211 Polycarpum,

531 3222 765 3279 Romam
813 3222 1144 3295 profectum,
1172 3225 1314 3282 inter
1342 3226 1451 3283 alia
1492 3242 1618 3283 cum
1649 3229 1900 3297 Aniceto,
1934 3240 2069 3287 tunc
2114 3230 2367 3289 Romano
2405 3236 2639 3305 praesule
2664 3275 2679 3302 ,
2736 3238 2805 3293 de
2851 3247 3097 3308 tempore
3135 3236 3422 3291 Paschatis
3470 3235 3807 3305 colloquium

534 3321 864 3385 instituisse,
906 3322 1002 3377 sed
1043 3333 1299 3378 neutrum
1332 3326 1579 3394 potuisse
1611 3326 1770 3381 alteri
1807 3330 2162 3398 persuadere,
2207 3340 2269 3385 ut
2319 3346 2347 3384 a
2396 3332 2633 3402 pristino
2680 3347 2834 3388 more
2888 3332 3195 3396 recederet;
3228 3328 3590 3383 nihilominus
3620 3338 3807 3383 tamen

533 3413 677 3467 inter
711 3422 1009 3485 utrumque
1040 3430 1229 3484 pacem
1258 3428 1642 3475 conservatam
1679 3418 1872 3476 fuisse.
1898 3420 2176 3478 Melitonis
2202 3432 2363 3479 aetate
2393 3425 2446 3478 in
2476 3423 2788 3481 Laodicena
2817 3424 3085 3489 Ecclesia,
3118 3422 3333 3478 sublato
3358 3436 3455 3490 per
3481 3419 3808 3489 martyrium

536 3505 731 3578 Sagari
765 3506 913 3562 sedis
955 3507 1123 3578 hujus
1160 3509 1440 3582 episcopo,
1476 3519 1533 3567 et
1570 3513 1995 3570 succedentibus
2029 3514 2175 3579 aliis,
2206 3515 2301 3585 qui
2346 3516 2744 3571 occidentalem
2771 3517 3227 3572 consuetudinem
3257 3516 3606 3571 introducere
3636 3528 3813 3570 cona-

536 3598 759 3666 bantur,
795 3600 899 3655 hac
921 3599 989 3655 de
1016 3614 1183 3655 causa
1223 3601 1392 3656 etiam
1423 3602 1817 3658 exoriebantur
1841 3603 2242 3662 dissensiones.
2286 3606 2673 3676 Interpouebat
2714 3608 2882 3678 igitur
2910 3622 3009 3663 sua
3058 3608 3234 3663 ollicia
3268 3616 3479 3668 noster,
3508 3616 3673 3673 atque
3706 3604 3814 3659 hac

529 3696 821 3750 occasione
842 3695 1026 3760 binos,
1053 3693 1347 3753 festinante
1376 3698 1614 3765 calamo,
1641 3706 1699 3753 ut
1724 3698 1802 3753 ait
1825 3697 2099 3755 Eusebius
2123 3699 2260 3772 (9i),
2289 3702 2540 3757 exaravit
2566 3703 2758 3769 libros,
2784 3704 2839 3758 in
2865 3703 3070 3773 quibus
3099 3700 3306 3765 docuit,
3328 3713 3483 3754 suam
3508 3696 3812 3766 unicuique

532 3772 795 3842 Ecclesiae
827 3788 1283 3843 consuetudinem
1324 3803 1449 3845 esse
1474 3790 1841 3857 retinendam,
1873 3789 2201 3862 Paschaque
2231 3792 2319 3847 die
2347 3792 2415 3845 14
2446 3807 2512 3847 ex
2543 3793 2805 3864 antiquo,
2844 3772 2969 3849 esse
3003 3788 3422 3847 celebrandum.
3462 3784 3555 3839 Sic
3583 3786 3811 3843 diremit

529 3894 753 3933 omnem
788 3879 1251 3946 controversiam,
1280 3893 1318 3935 o
1351 3878 1533 3935 felicia
1558 3881 1661 3937 ista
1693 3883 1971 3952 tempora!
2003 3881 2194 3951 sicque
2224 3881 2487 3939 Ecclesia!
2517 3899 2708 3954 pacem
2739 3884 2994 3940 reddidit.
3028 3883 3105 3938 lta
3138 3880 3307 3937 refert
3337 3880 3650 3951 Polycrates
3687 3877 3807 3947 (92)

532 3976 590 4032 in
626 3976 871 4047 Epistola
902 3977 1157 4047 synodica
1188 3977 1258 4031 ad
1302 3977 1567 4032 Victorem
1590 4018 1606 4044 ,
1636 3978 1797 4049 cujus
1826 3988 1987 4034 aetate
2018 3995 2271 4050 ausoque
2296 3978 2536 4036 nefando
2572 3982 2687 4037 haec
2727 3982 2910 4036 denuo
2944 3983 3223 4037 recruduit
3268 3978 3665 4043 controversia,
3709 3978 3808 4031 diu

534 4084 722 4143 postea
764 4089 965 4145 magna
1003 4074 1315 4129 animorum
1344 4074 1698 4129 contentione
1726 4075 1955 4145 agitata,
1983 4091 2085 4131 nec
2120 4084 2248 4131 ante
2288 4077 2558 4147 synodum
2586 4075 2865 4132 Nicmnam
2896 4078 3095 4147 sopita.
3128 4076 3403 4131 Melitonis
3432 4075 3508 4128 De
3539 4072 3815 4128 Paschate

536 4186 675 4241 opus
719 4169 989 4225 Clementi
1035 4169 1411 4227 Alexandrino
1452 4172 1807 4241 postmodum
1842 4171 2191 4228 occasionem
2240 4174 2511 4243 praebuit,
2544 4182 2606 4228 ut
2635 4174 2750 4243 ipse
2796 4187 3018 4242 quoque
3065 4172 3437 4227 conscriberet
3477 4171 3676 4224 librum
3729 4168 3812 4221 De

539 4260 822 4327 Paschate,
860 4263 917 4315 in
951 4276 1063 4331 quo
1095 4262 1455 4319 honoriﬁcam
1486 4261 1827 4318 Melitoniani
1870 4267 2056 4335 operis
2086 4265 2277 4335 injecit
2324 4266 2657 4320 mentionem
2677 4307 2692 4327 ,
2730 4274 2791 4320 ut
2821 4265 2985 4319 tradit
3030 4262 3301 4319 Eusebius
3330 4262 3481 4333 (95);
3514 4262 3717 4314 Τούτου
3749 4259 3814 4315 ἃ

536 4360 629 4416 τοῦ
660 4362 845 4430 λόγου,
868 4361 1145 4431 inquiens,
1170 4362 1446 4433 μέμνηται
1478 4362 1711 4433 Κλήμης
1742 4364 1770 4415 ό
1799 4362 2180 4435 Ἀλεξανδρεὺς
2212 4366 2270 4418 ὲν
2307 4364 2422 4434 ἰδίῳ
2455 4364 2596 4432 Περὶ
2644 4363 2749 4418 τοῦ
2768 4362 2989 4431 Πάσχα
3007 4356 3247 4428 λόγῳ,ὂν
3280 4356 3339 4422 ἐξ
3369 4355 3547 4418 αἰτίας
3579 4354 3675 4427 τῆς
3708 4354 3811 4407 τοῦ

535 4456 848 4520 Μελίτωνος
879 4456 1099 4528 γραφῆς
1132 4456 1297 4528 φησιν
1330 4456 1524 4510 ἑαυτὸν
1555 4456 1836 4524 συντάξαι.
1868 4478 1887 4509 r
1918 4456 2097 4528 Hujus
2122 4473 2166 4512 at

2179 4466 2306 4514 Item
2338 4458 2463 4513 libri
2494 4458 2829 4513 mentionem
2860 4455 2991 4512 facit
3027 4456 3278 4511 Clemens
3304 4452 3706 4508 Alexandrinus
3748 4455 3810 4505 in

532 4563 702 4619 opere
731 4564 834 4602 suo
863 4549 929 4602 de
954 4546 1239 4603 Paschate.
1274 4548 1433 4615 Quod
1462 4549 1684 4618 quidem
1720 4560 1779 4604 ut
1814 4550 2211 4615 conscriberet,
2246 4549 2522 4605 Melitonis
2552 4550 2753 4604 librum
2786 4565 3012 4605 causam
3037 4549 3139 4604 sibi
3169 4547 3469 4617 prwbuisse
3499 4554 3752 4599 testatur.
3780 4562 3807 4597 ι

532 4636 847 4708 Utrumque
877 4648 1057 4694 tamen
1088 4656 1229 4710 opus
1257 4640 1450 4709 periit,
1474 4650 1531 4696 et
1553 4641 1620 4695 de
1648 4641 2000 4698 Melitoniano
2038 4652 2293 4714 superest
2328 4642 2710 4698 tantummodo
2744 4658 2971 4712 parvum
3002 4641 3389 4713 fragmentum,
3431 4639 3577 4709 quod
3621 4647 3817 4708 poste-

535 4732 682 4787 ritati
712 4732 954 4790 servavit
986 4732 1276 4801 Eusebius,
1314 4731 1458 4788 infra
1489 4733 1883 4789 exhibendum.

1434 4888 1463 4960 δ
1493 4888 1611 4942 Xll.
1656 4889 1733 4944 De
1767 4888 1905 4944 libro
1932 4888 2071 4962 Περὶ
2104 4888 2381 4953 πολιτείας
2422 4890 2518 4943 καὶ
2559 4891 2880 4963 προφητῶν.

602 5043 764 5099 Circa
788 5044 1023 5100 alterum
1049 5042 1322 5101 Melitonis
1345 5044 1615 5110 libellum,
1644 5042 1790 5114 quod
1818 5042 1879 5096 τὸ
1909 5042 2050 5113 Περὶ
2078 5045 2233 5097 stole:

2184 5044 2385 5111 ιιτείας
2422 5043 2521 5099 καὶ
2553 5045 2875 5115 προφητῶν
2913 5045 3265 5109 inscribitur,
3297 5043 3627 5109 tenendum,
3665 5058 3815 5098 non-

535 5138 716 5193 nullos
756 5137 973 5193 codices
1000 5152 1168 5192 manu
1192 5146 1477 5204 exaratos,
1505 5150 1647 5206 quos
1670 5133 1947 5200 Valesius,
1974 5135 2032 5189 in
2061 5135 2210 5192 notis
2244 5136 2313 5192 ad
2355 5134 2556 5192 Euseb.
2591 5138 2878 5203 nominat,
2916 5137 3094 5207 legere
3152 5137 3219 5190 τὰ
3258 5135 3399 5206 Περὶ
3438 5148 3501 5189 π.
3548 5151 3605 5187 κ.
3643 5147 3705 5186 π.
3747 5150 3817 5189 ac

630 5295 720 5367 88)
757 5295 1013 5351 Anastas.
1062 5294 1306 5362 Sinaita,
1347 5296 1400 5350 in
1436 5293 1673 5366 Ὀδηγῷ,
1708 5309 1831 5364 cap.
1867 5293 1956 5361 15,
1984 5308 2111 5365 pag.
2294 5294 2410 5364 (92)
2448 5294 2606 5366 Apud
2650 5294 2853 5351 Euseb.
2890 5293 3033 5349 Hist.
3078 5296 3296 5359 eccles.,
3334 5292 3427 5348 lib.
3464 5308 3516 5355 v,
3551 5305 3669 5360 cap.
3718 5289 3811 5342 26.

574 5295 662 5423 ὦ·
2221 5371 2463 5423 Ceillier.
2520 5367 2613 5421 cit.
2649 5367 2788 5420 libro
2823 5381 2943 5423 nae.
2980 5365 3082 5420 75:
3118 5384 3135 5416 ι
3170 5363 3303 5418 Mais
3334 5378 3425 5419 ces
3453 5364 3592 5417 deus
3640 5360 3811 5413 livres

534 5361 662 5423 258-
702 5361 712 5367 I
762 5433 811 5437 _,
1066 5436 1071 5437 γ
1292 5361 1296 5362 ί
1354 5436 1357 5437 ν
1678 5434 1694 5437 _
1777 5361 1794 5364 “
1984 5361 2003 5365 ’
2060 5361 2083 5365 ⁷
2221 5361 2463 5437 Ceillier,
2501 5361 2613 5421 'cit.
2649 5367 2788 5420 libro
2823 5381 2943 5437 pag.
2980 5365 3082 5420 75:
3118 5384 3135 5416 ι
3170 5363 3303 5418 Mais
3334 5378 3425 5419 ces
3453 5364 3592 5437 deus
3640 5361 3814 5413 livres

608 5436 723 5508 (89)
761 5433 929 5508 idem,
962 5436 1117 5502 ibid.,
1133 5452 1268 5508 _cap.
1302 5436 1370 5508 l2
1392 5477 1405 5498 ,
1439 5434 1720 5508 pag._2|6.
1956 5504 1971 5508 _
2003 5504 2044 5508 _
2220 5446 2347 5491 sont
2380 5433 2599 5505 perdus,
2645 5448 2700 5491 et
2722 5433 2999 5508 nou‘sn’en
3023 5450 3257 5508 scavons
3302 5442 3459 5508 autre
3485 5433 3655 5508 chose
3677 5471 3693 5495 ,
3733 5444 3812 5508 sr-

612 5497 727 5577 (9οὶ
766 5497 1003 5563 ινειιειὲιιε
1037 5497 1366 5577 ἱηἘρῖδιοια
1396 5497 1469 5559 aa
1513 5497 1797 5577 Victorem,
1832 5504 1975 5576 apud
2003 5504 2117 5560 Eu-
2219 5522 2328 5561 non
2368 5497 2476 5576 que
2506 5508 2554 5559 le
2588 5497 2757 5561 ’Saiut
2784 5507 3003 5577 suivoit
3034 5497 3083 5577 la
3115 5505 3364 5577 pratique
3400 5504 3468 5558 de
3498 5501 3687 5568 l‘Asie,
3736 5497 3808 5553 οὺ

537 5574 653 5631 scb.
685 5574 889 5647 Hister.
921 5577 1131 5643 eccles.,
1160 5574 1254 5647 lib.
1286 5593 1340 5641 v,
1368 5591 1488 5645 cap.
1523 5576 1594 5630 24
1832 5644 1841 5647 Α
1869 5574 1883 5576 ⁷
2219 5577 2327 5631 l’on
2361 5574 2621 5631 célébroit
2652 5577 2835 5647 Paque
2866 5577 2915 5630 le
2947 5576 3013 5633 14
3040 5574 3180 5633 (16⁷1³
3216 5574 3363 5630 lune.
3385 5591 3405 5626 ι

610 5648 723 5718 illi)
765 5645 963 5704 Euseb.
991 5664 1040 5704 c.
1065 5648 1102 5702 l.
1129 5658 1183 5705 et
1211 5644 1575 5717 Hieronymus
1602 5647 1655 5702 in
1684 5644 1961 5717 Catalogo,
1987 5660 2109 5717 cap.
2291 5647 2407 5719 (95)
2448 5647 2647 5703 Euseb.
2683 5644 2776 5702 cit.
2811 5646 2914 5701 loc.

538 5714 630 5768 45.
