4130 6442
466 438 604 494 n93
1356 437 1658 494 NOTITIA.
1683 473 1754 485 .-
1782 440 1844 496 u.
1884 438 1972 497 DE
2014 437 2327 498 SCRIPTIS
2369 442 2426 498 s.
2467 445 2858 502 MELITONIS.
3603 458 3741 517 ttat

463 561 510 616 si
544 568 729 615 noster
756 559 941 631 plures
965 558 1033 614 de
1062 560 1167 613 hoc
1197 570 1520 630 argumento
1542 563 1937 633 conscripserit
1970 563 2162 629 libros,
2192 565 2337 633 quod
2361 563 2674 637 Hieronymi
2706 574 2760 619 et
2792 566 3126 635 reliquorum
3152 573 3431 625 communi
3464 590 3730 648 repugnat

462 657 802 712 testimonio.
854 655 992 711 Male
1031 672 1195 726 porro
1235 655 1485 713 Bullinus
1519 657 2097 729 ChristOphorsonus,
2148 661 2372 731 elegans
2418 661 2675 728 Eusebii,
2726 674 2853 719 ante
2877 665 3180 733 Valesium,
3228 670 3530 741 interpres,
3567 684 3737 745 atque

461 748 771 805 Halloixius
800 766 867 803 ex
905 766 1015 805 uno
1043 753 1147 806 hoc
1177 753 1320 807 libro
1360 754 1500 809 duos
1541 754 1809 822 fecerunt,
1841 757 2072 810 alterum
2107 756 2183 811 De
2216 768 2357 811 recta
2403 762 2830 825 conversatione,
2866 762 3097 817 alterum
3140 764 3218 819 De
3246 768 3536 836 praphetis.
3569 773 3731 839 quasi

462 843 517 897 in
553 842 741 897 Grazco
780 842 1052 914 legeretur
1083 845 1179 898 καὶ
1212 845 1271 898 τὸ
1301 848 1442 914 Περὶ
1472 848 1813 917 προφητῶν,
1840 865 2003 916 quam
2046 849 2092 902 le

2104 850 2334 903 ctiouem
2362 868 2554 907 omnes
2594 861 2911 908 constanter
2949 856 3167 911 codices
3209 869 3496 928 respuunt.
3534 858 3735 917 lliero-

459 954 659 1010 nymus
690 950 950 1008 praeterea
977 982 991 1005 ,
1024 937 1306 997 Honorius
1328 985 1342 1007 ,
1380 941 1720 998 Trithemius
1745 955 1799 997 et
1848 942 2037 997 Sixtus
2083 942 2342 1000 Senensis
2372 962 2565 1002 omnes
2608 948 2842 1011 habent,
2881 949 2958 1003 De
2989 955 3097 1005 vita
3132 954 3508 1023 prophetarum
3534 956 3733 1012 librum

458 1048 645 1096 unum,
678 1040 732 1085 et
776 1030 1118 1102 Nicephorus
1173 1035 1428 1105 insuper,
1478 1034 1636 1105 λόγος
1675 1038 1732 1091 δὲ
1779 1037 1965 1110 ἕτερος
2016 1039 2089 1093 τοί

2101 1041 2105 1087 i
2142 1040 2448 1104 Μελίτωνος
2480 1042 2703 1112 φέρεται
2732 1083 2745 1107 ,
2780 1045 2808 1095 ὁ
2838 1042 2979 1111 Περὶ
3016 1045 3320 1111 πολιτείας
3362 1046 3463 1099 καὶ
3506 1064 3732 1119 atqu

456 1119 594 1175 τῶν.
630 1119 770 1177 Hinc
804 1124 1001 1178 merito
1044 1125 1261 1182 illorum
1302 1131 1632 1185 sententiam
1661 1132 1963 1211 rejicimus.
1996 1132 2264 1205 Exposuit
2301 1135 2466 1205 igitur
2501 1149 2688 1191 noster
2718 1138 2772 1191 in
2812 1138 2915 1192 hnc
2939 1153 3104 1207 opere
3138 1139 3205 1195 de
3236 1150 3416 1209 recta,
3446 1160 3569 1213 qua:
3600 1161 3729 1216 pro-

456 1216 649 1308 phetas
686 1218 895 1308 deceat,
933 1219 1151 1274 vivendi
1183 1224 1397 1278 ratione
1424 1226 1658 1295 vitaaque
1680 1228 2096 1294 consuetudine,
2125 1230 2500 1300 scriptumque
2525 1246 2646 1285 esse
2674 1230 2888 1286 videtur
2913 1240 3110 1287 contra
3142 1232 3462 1290 Montanum
3496 1238 3727 1308 ejusque

454 1307 695 1361 asseclas
725 1306 1030 1363 Ecclesiam
1064 1310 1159 1367 Dei
1210 1315 1331 1371 istis
1370 1317 1710 1386 temporibus
1740 1317 1943 1372 mirum
1971 1320 2278 1383 turbantes,
2312 1329 2367 1373 et
2412 1321 2712 1390 prephetiaa
2750 1321 2959 1375 donum
2991 1336 3088 1390 per
3127 1321 3410 1380 alfectatas
3450 1306 3721 1392 exstascs,

452 1404 634 1460 varias
665 1407 914 1475 corporis
948 1412 1358 1475 contorsiones,
1388 1430 1484 1484 per
1512 1423 1686 1469 atram
1709 1416 2144 1483 .melancholiam
2168 1456 2181 1480 ,
2212 1425 2265 1471 et
2302 1417 2654 1486 phreneticas
2702 1418 3122 1483 convulsiones,
3160 1417 3612 1491 Pythonissarum
3662 1425 3722 1479 in

453 1513 687 1563 morem,
724 1501 1069 1569 mentientes,
1095 1504 1412 1575 multosque
1440 1506 1680 1562 ﬁdelium
1710 1524 1740 1562 a
1778 1518 1927 1563 recto
1964 1510 2183 1563 tramite
2217 1510 2540 1564 seducentes
2570 1510 2705 1579 (94).
2737 1508 3142 1565 Demonstravit
3181 1512 3235 1565 in
3274 1528 3341 1567 eo
3379 1514 3497 1570 sine
3526 1516 3718 1582 dubio,

451 1595 598 1664 quod
629 1595 907 1665 probabili
940 1598 1096 1652 valde
1143 1602 1467 1671 conjectura
1515 1604 1643 1659 licet
1671 1604 1929 1671 divinari,
1955 1604 2279 1673 prophetam
2321 1602 2528 1673 Spiritu
2577 1602 2673 1659 Dei
2703 1619 2827 1659 vere
2866 1612 3046 1657 actum
3083 1618 3192 1658 non
3232 1605 3429 1660 debere
3468 1608 3719 1666 moribus

450 1694 566 1748 suis
595 1695 838 1750 externis
871 1695 926 1748 in
966 1696 1149 1751 decori
1176 1696 1401 1766 regulas
1442 1697 1773 1767 impingere,
1806 1697 1900 1752 sed
1941 1704 2258 1766 utrumque,
2285 1697 2608 1766 prephetam
2635 1711 2776 1760 esse,
2806 1696 3113 1766 decoreque
3151 1699 3362 1763 vivere,
3393 1709 3446 1753 et
3474 1715 3639 1769 posse
3662 1708 3721 1757 et

448 1788 650 1845 debere
690 1791 1015 1848 consistere.
1058 1792 1379 1859 Miltiadem,
1416 1795 1508 1865 qui
1547 1804 1706 1850 aetate
1754 1810 1862 1848 non
1905 1794 2139 1848 multum
2164 1794 2438 1863 posterior
2476 1794 2596 1858 fuit,
2620 1802 2683 1848 ut
2723 1793 3074 1848 incredibiles
3099 1792 3455 1850 Montanismi
3496 1797 3718 1854 sisteret

448 1901 797 1957 progressus,
832 1888 974 1942 idem
1021 1888 1284 1946 habuisse
1330 1892 1663 1957 institutum,
1698 1902 1753 1948 et
1791 1899 1981 1947 contra
2022 1889 2079 1943 M1

2086 1899 2341 1944 ontanum
2388 1890 2677 1958 scripsisse
2724 1890 2946 1953 librum,
2978 1889 3118 1956 Περὶ
3148 1890 3254 1944 τοῦ
3294 1890 3380 1959 μὴ
3420 1890 3549 1946 δεῖν
3576 1906 3717 1960 προε-

445 1980 646 2052 prima»
674 1984 745 2038 ἐν
772 1985 1055 2040 ἐκστάσει
1082 1990 1316 2057 λαλεῖν,
1361 1989 1410 2045 Ν
1415 2008 1481 2045 οη
1509 1992 1691 2045 decere
1726 1992 2038 2061 prophetam
2062 1993 2076 2043 i

2085 2008 2119 2043 η
2153 1991 2353 2045 exstasi
2376 1990 2542 2059 loqui,
2575 1988 2848 2043 Eusebius
2874 1987 2988 2058 (95)
3020 1985 3206 2051 refert,
3246 1988 3340 2058 qui
3378 1997 3433 2043 et
3464 1989 3618 2045 illum
3656 1991 3713 2045 in

444 2083 775 2153 compendio
814 2085 1054 2141 exhibet.

1584 2201 1614 2272 §
1644 2199 1783 2253 XIII.
1828 2199 1906 2254 De
1945 2198 2083 2253 libro
2114 2198 2252 2269 Περὶ
2286 2197 2573 2269 κυριακῆς.

513 2352 686 2421 Quem
721 2365 919 2426 quarto
950 2371 1183 2410 numero
1211 2356 1499 2427 posuimus
1529 2356 1752 2417 librum,
1779 2354 1919 2424 Περὶ
1947 2370 2144 2423 κυριαλ

2076 2348 2259 2421 ῑακῆς,
2298 2352 2374 2406 De
2406 2353 2492 2405 die
2531 2351 2813 2405 Dominica
2858 2352 3131 2421 exposuit.
3178 2354 3463 2422 Κυριακή,
3500 2356 3557 2411 in
3589 2372 3707 2413 meo

444 2446 679 2499 moriam
722 2448 1148 2502 resurrectionis
1183 2447 1507 2513 Dominicae,
1538 2463 1831 2503 commune
1870 2447 2012 2516 apud
2046 2447 2337 2515 prim-savos
2356 2445 2704 2501 Christianos
2739 2461 2937 2500 nomen
2980 2443 3083 2499 fuit
3111 2445 3302 2514 prima:
3345 2446 3704 2506 hebdomadis

441 2534 547 2589 diei
582 2535 716 2607 (96),
746 2553 911 2606 quam
942 2546 1125 2591 tamen
1169 2551 1561 2607 nonnunquam
1584 2577 1599 2601 ,
1633 2537 1855 2607 quando
1891 2535 2072 2605 gentili

2067 2536 2186 2589 ibus
2217 2536 2554 2601 scribebant,
2586 2537 2685 2609 τὴν
2717 2535 2807 2589 τοῦ
2838 2535 2987 2606 ἡλίου
3021 2536 3254 2609 ἡμέραν,
3295 2558 3313 2588 ε
3344 2540 3478 2595 solis
3504 2540 3651 2597 diem
3677 2558 3698 2595 ι

438 2628 604 2683 etiam
654 2631 925 2699 appellare
965 2646 1075 2683 non
1124 2630 1448 2685 dubitabant
1477 2628 1613 2701 (97).
1660 2627 1737 2683 De
1782 2628 1950 2697 hujus
1999 2627 2184 2681 divina
2233 2628 2579 2683 institutione
2632 2629 2866 2683 multum
2916 2629 3246 2696 disputatur.
3301 2630 3441 2685 Sunt
3480 2632 3704 2702 quidem

439 2723 716 2788 nonnulli,
749 2724 843 2793 qui
881 2733 1003 2793 post
1039 2723 1314 2778 excidium
1368 2720 1906 2791 Hierosolymorum,
1944 2718 2057 2772 imo
2086 2718 2190 2773 sub
2219 2720 2426 2773 exitum
2458 2718 2676 2772 demum
2708 2717 2891 2772 saeculi
2930 2719 3113 2787 primi,
3157 2720 3288 2773 solis
3322 2720 3464 2774 diem
3506 2735 3703 2776 conse-

438 2829 652 2873 cratum
687 2819 861 2874 fuisse
908 2821 1241 2889 opinantur;
1279 2820 1461 2874 verior
1502 2826 1680 2871 tamen
1720 2830 1911 2870 eorum
1935 2854 1950 2880 ,
1995 2815 2114 2869 sine
2152 2815 2355 2882 dubio,
2399 2825 2481 2871 est
2519 2814 2812 2879 sententia,
2859 2815 2955 2884 qui
2983 2830 3093 2867 non
3125 2814 3218 2869 diu
3253 2824 3376 2883 post
3424 2816 3699 2873 sublatam

438 2918 506 2972 ad
534 2920 705 2974 caelos
735 2919 1031 2974 Dominum
1058 2921 1178 2991 ejus
1205 2914 1630 2971 celebrationem
1656 2911 1962 2966 institutam
1989 2908 2162 2965 fuisse
2184 2910 2435 2977 credunt,
2466 2910 2609 2979 quod
2632 2910 2864 2973 erudite,
2901 2920 3098 2978 praeter
3121 2912 3284 2977 alios,
3310 2920 3493 2967 tuetur
3511 2911 3702 2969 Justus

438 3012 759 3087 Henningus
791 3016 1113 3072 Bmhmerus
1149 3014 1284 3086 (98).
1320 3010 1379 3065 In
1420 3011 1669 3077 sabbato,
1695 3013 1980 3079 primaque
2005 3006 2139 3063 feria
2192 3022 2474 3063 sacrorum
2520 3006 2897 3061 faciendorum
2924 3018 3090 3060 causa
3134 3003 3351 3071 publice
3379 3005 3702 3060 convenisse

436 3107 786 3162 Christianos
832 3109 1026 3180 primis
1069 3107 1253 3163 statim
1301 3104 1407 3158 illis
1458 3101 1819 3170 temporibus,
1853 3102 2018 3155 etiam
2057 3116 2121 3154 ex
2156 3098 2400 3153 fontibus
2428 3098 2602 3153 sacris
2631 3096 2892 3152 elucescit
2935 3094 3070 3165 (99).
3114 3090 3172 3146 In
3220 3108 3478 3164 magnum
3512 3094 3701 3164 utique

437 3215 612 3255 sacrae
646 3200 991 3271 antiquitatis
1026 3200 1411 3255 detrimentum
1446 3194 1665 3257 accidit,
1718 3193 1864 3263 quod
1913 3193 2002 3247 hic
2052 3191 2323 3245 Mclitonis
2370 3190 2509 3244 liber
2540 3189 2797 3260 perierit,
2828 3188 2987 3257 cujus
3032 3192 3306 3247 scribendi
3353 3194 3700 3251 occasionem

435 3289 580 3347 forte
610 3292 759 3348 dedit
786 3292 1161 3347 controversia
1188 3290 1256 3345 de
1281 3287 1577 3343 festivitate
1600 3284 1873 3340 Paschali.
1908 3283 2008 3339 llic
2034 3284 2190 3349 liber,
2217 3290 2485 3352 quantum
2530 3281 2755 3336 memini
2782 3296 2902 3350 ego,
2935 3282 3147 3351 primus
3178 3299 3345 3353 super
3378 3284 3562 3340 nobile
3593 3286 3699 3342 hoc

434 3391 765 3451 argumento
793 3380 897 3437 fuit
923 3380 1237 3445 confectus;
1273 3378 1329 3431 in
1360 3392 1427 3432 eo
1453 3374 1639 3430 forsan
1672 3374 1978 3444 legeremus
2006 3373 2209 3428 Christi
2236 3373 2721 3442 apostolorumque
2750 3373 2963 3429 sancita
2991 3374 3059 3428 de
3092 3375 3410 3444 abrogando
3444 3376 3693 3431 sabbato.

436 3471 677 3529 lrenaeus
708 3474 784 3543 (1)
820 3474 937 3529 Solo
962 3475 1047 3527 die
1071 3472 1357 3527 Dominico
1388 3469 1811 3525 resurrectionis
1844 3467 2061 3522 Domini
2094 3467 2414 3537 mysterium
2448 3465 2840 3521 celebrandum
2871 3481 3029 3533 esse,
3069 3468 3324 3527 asseruit.
3359 3467 3434 3523 De
3463 3469 3552 3523 die
3582 3466 3695 3524 Do-

434 3570 674 3634 minico,
708 3571 845 3638 Περὶ
895 3568 1006 3637 τῆς
1051 3567 1274 3637 ἡμέρας
1319 3564 1645 3633 κιιριακῆς,
1680 3564 1873 3617 beatus
1920 3562 2062 3617 Ense

2061 3562 2221 3624 :bius,
2264 3566 2553 3630 episcopus
2591 3560 2993 3615 Alexandrinus
3038 3560 3236 3615 saeculo
3283 3561 3442 3615 tertio
3484 3561 3692 3629 clarus,

435 3663 738 3717 arationem
774 3662 1119 3730 conscripsit,
1148 3678 1311 3733 quam
1335 3678 1398 3717 ex
1431 3677 1567 3715 mss.
1599 3660 1788 3724 edidit,
1814 3658 2006 3713 Latine
2036 3658 2217 3720 vertit,
2239 3666 2293 3710 et
2322 3655 2791 3720 adnotationibus,
2816 3656 3161 3724 potissimum
3191 3653 3258 3709 ad
3290 3669 3447 3709 sacra
3472 3654 3693 3724 publica

434 3752 634 3807 veteris
658 3751 919 3807 Ecclesia:
944 3753 1346 3821 spectantibus,
1381 3752 1676 3807 illustravit
1707 3751 1900 3806 beatus
1927 3749 2015 3805 Jo.
2038 3748 2184 3805 Guil.
2213 3747 2405 3813 Janus,
2437 3748 2530 3803 hic
2560 3747 2947 3803 conferendam
2982 3746 3081 3817 (2).

1451 3904 1479 3977 §
1513 3903 1656 3959 XIV.
1686 3902 1763 3957 De
1796 3903 1930 3958 libro
1959 3902 2095 3975 Περὶ
2125 3901 2338 3972 φύσεῳς
2366 3900 2674 3973 ἀνθρώπου.

504 4060 579 4116 De
602 4062 744 4117 libro
771 4062 1040 4131 sequenti,
1071 4060 1209 4128 Περὶ
1241 4060 1480 4129 φύσεως
1511 4057 1845 4125 ἀνθρώπου,
1871 4054 1947 4109 De
1976 4065 2135 4109 natur

2058 4065 2169 4109 tura
2206 4055 2435 4108 hominis
2467 4054 2555 4123 (de
2578 4070 2687 4124 quo
2712 4055 2898 4110 itidem
2931 4066 3253 4125 argumento
3280 4055 3542 4125 Nemesii,
3571 4058 3689 4128 eri-

432 4156 581 4226 scopi
615 4154 901 4218 Emcseni,
934 4154 1095 4207 hodie
1122 4152 1302 4205 adhuc
1330 4158 1509 4204 exstat
1540 4148 1771 4218 insignis
1802 4155 1948 4202 certe
1978 4145 2119 4200 liber
2152 4144 2622 4211 Graeco-Latinus,
2648 4145 2828 4201 editus
2856 4147 3025 4202 nitide
3060 4145 3258 4201 Oxonii
3290 4147 3448 4215 1671,
3481 4150 3537 4204 in
3568 4150 3624 4217 8,
3652 4168 3684 4206 a

429 4248 513 4303 Jo.
554 4247 724 4315 Fello,
755 4249 1039 4304 Cistriensi
1088 4245 1387 4316 episcopo),
1434 4243 1570 4297 nihil
1608 4242 1756 4312 quod
1805 4256 2056 4296 moneam
2112 4242 2305 4304 habeo,
2341 4241 2445 4294 nisi
2487 4240 2634 4309 quod
2664 4241 2919 4295 eumdem
2963 4256 3030 4295 ex
3062 4243 3311 4313 catalogo
3349 4243 3681 4312 scriptorum

431 4339 911 4393 Helitoniauorum
941 4336 1231 4392 omiserint
1260 4334 1650 4404 Hieronymus,
1683 4330 1979 4397 Honorius,
2007 4329 2342 4386 Trithemius
2370 4342 2426 4386 et
2457 4329 2649 4386 Sixtus
2681 4331 2962 4388 Senensis.
2990 4332 3236 4389 Bullinus
3260 4336 3401 4404 Περὶ
3426 4336 3685 4404 πίστεως

429 4431 765 4501 ἀνθρώπου,
802 4431 879 4486 De
918 4432 1021 4501 ﬁde
1062 4431 1287 4484 hominis
1328 4429 1473 4499 legit.
1510 4427 1850 4497 Nieephorus
1874 4440 2060 4492 vero”

2053 4442 2119 4481 ex
2149 4427 2254 4481 hoc
2281 4434 2337 4480 et
2367 4426 2550 4480 statim
2580 4426 2902 4497 insequente
2935 4428 3074 4484 libro
3106 4430 3245 4497 Περὶ
3281 4430 3577 4500 πλάσεως,
3608 4433 3684 4488 De

429 4531 714 4593 creatione,
757 4543 925 4581 unum
981 4525 1113 4580 facit
1148 4526 1224 4595 ('5)
1266 4525 1321 4578 in
1360 4539 1469 4594 quo
1509 4522 1817 4592 posteriore
1865 4522 2236 4577 hallucinatus
2286 4523 2511 4590 insuper
2561 4537 2780 4593 quoque
2826 4532 2905 4578 cst
2949 4522 3303 4589 Trithemius,
3333 4525 3427 4593 qui
3465 4540 3576 4580 non
3617 4528 3685 4581 de

426 4625 713 4696 plasmate,
744 4622 838 4678 sed
872 4621 946 4675 De
991 4621 1176 4691 lapsis,
1205 4619 1517 4674 Melitonem
1555 4619 1753 4674 librum
1786 4616 2092 4688 scripsisse,
2125 4616 2309 4671 tradit.
2352 4615 2516 4670 Forte
2561 4625 2793 4687 uterque
2819 4618 2954 4671 liber
2985 4633 3112 4671 eum
3139 4618 3193 4671 in
3234 4618 3396 4673 ﬁnem
3434 4635 3463 4672 a
3491 4630 3682 4676 nostro

499 4801 613 4873 (94)
642 4796 775 4856 Utut
797 4799 862 4854 de
883 4813 1011 4852 vera
1039 4795 1280 4873 Montani
1304 4796 1533 4865 ejusque
1555 4795 1823 4873 haereseos
1844 4801 2001 4848 aetate
2177 4790 2291 4862 (98)
2321 4791 2523 4873 illustr.
2548 4790 2879 4873 .Brehmerus
2908 4794 2961 4847 in
2989 4794 3249 4873 singulari
3278 4797 3569 4873 dissertet:
3590 4798 3681 4873 De

427 4861 669 4927 nondum
695 4879 841 4924 certe
869 4877 1103 4930 constet,
1135 4871 1237 4920 hoc
1259 4861 1615 4921 tamen—extra
1644 4865 1869 4919 dubium
1893 4874 1996 4929 est,
2104 4873 2247 4934 stato
2274 4861 2277 4862 ⁷
2302 4862 2388 4934 die
2432 4861 2856 4934 Christianorum
2883 4906 2899 4930 ,
2948 4880 3070 4934 quae
3090 4861 3279 4934 prima
3331 4877 3410 4923 est
3441 4868 3497 4923 in
3527 4869 3674 4923 Diss.

426 4943 674 4996 eamdem
703 4938 973 4992 Melitonis
1002 4947 1245 5005 tempore
1270 4938 1508 4990 maxime
1534 4936 1775 5004 viguisse
1794 4934 1995 5005 ,_ejus~
2101 4932 2251 5005 luris
2278 4932 2622 5005 ecclesiastici
2654 4934 2877 5005 antiqui.

426 5029 535 5082 que
567 5012 716 5065 virus
745 5011 919 5082 ipsam
960 5001 1473 5082 adeo'Lydiam.__et
1526 5001 1777 5082 inprimis
1815 5001 1996 5074 Thya-
2105 5072 2137 5082 Α
2174 5004 2286 5082 (99)
2326 5003 2403 5082 Ita
2443 5001 2831 5082 habeturJ§CL
2864 5021 2962 5082 x_x,
2998 5004 3258 5082 7,_IC_or.
3300 5025 3418 5071 xvi.
3449 5011 3519 5082 2,
3564 5018 3669 5065 etc.

430 5071 615 5148 t'iram,
650 5071 839 5135 urbem
875 5071 1276 5148 Sardibus,'in_
1307 5076 1505 5145 quibus
1554 5071 1839 5148 episcopus
1879 5071 1994 5148 erat
2098 5071 2309 5148 Confer
2371 5071 2619 5148 inprimis
2648 5072 2936 5148 _ll’ritton‘s
3000 5077 3397 5131 miscellaneous
3430 5071 3673 5133 discour-

425 5142 633 5216 noster,
664 5152 922 5212 vicinam,
956 5146 1226 5220 infecisse.
1262 5142 1600 5220 lta_testatur
1626 5142 1987 5220 Epiphanius,
2096 5142 2463 5220 s_es,_rdating
2484 5153 2564 5220 “tio
2618 5142 2701 5220 the
2748 5142 3053 5220 Traditions
3095 5148 3200 5220 and
3252 5148 3447 5220 Usages
3491 5149 3555 5219 of
3588 5154 3673 5205 the

423 5209 644 5276 Advers'.
698 5209 917 5274 hmreses
958 5218 1053 5272 lib.
1080 5234 1126 5279 1,
1166 5232 1284 5283 cap.
1325 5217 1413 5269 51.
1446 5215 1646 5269 Confer
1671 5209 1846 5283 'Aitgli
1889 5231 1987 5268 cu.
2099 5215 2305 5267 Scribes
2341 5212 2446 5263 and
2474 5209 2751 5283 Rharisces
2780 5216 2836 5268 in
2869 5233 2966 5270 cur
2999 5216 3187 5272 bless‘d
3220 5209 3489 5273 Savitiur’s
3524 5209 3670 5280 it'me.

421 5293 637 5362 jusdam
672 5290 949 5360 anonymi,
1003 5303 1163 5362 quem
1195 5281 1478 5362 Franeisc:
1509 5284 1731 5362 Lee,‘M.
1758 5281 1821 5337 D.
1847 5300 1987 5362 esse,
2096 5284 2275 5362 νοω,
2303 5295 2423 5362 cap.
2466 5281 2551 5361 l9,
2583 5284 2855 5362 pag._29lt,
2884 5289 2974 5362 ubi
3013 5291 3195 5362 omnia
3228 5289 3291 5342 N.
3323 5289 3385 5343 Τ.
3421 5292 3538 5344 loca
3560 5331 3576 5355 ,
3604 5292 3672 5345 de

423 5352 759 5432 compertum
812 5352 1040 5432 habeo;
1069 5357 1296 5432 His‘tory‘
1334 5357 1398 5425 of
1422 5355 1749 5409 Montanism
1776 5394 1791 5421 ,
1843 5354 1907 5425 by
1958 5372 1990 5408 a
2096 5352 2422 5432 celebrando
2444 5353 2623 5421 primo
2650 5352 3005 5414 hebdomadis
3033 5361 3121 5413 die
3146 5362 3383 5429 agentia,
3416 5352 3671 5416 accurate

422 5432 535 5503 Lay
551 5424 873 5503 'gertt-leman,
888 5430 1064 5503 bend.
1084 5424 1322 5503 1709,:8.
1370 5424 1373 5425 ⁷
1564 5495 1577 5503 _
1593 5493 1622 5503 _
1882 5424 1887 5425 ⁷
2095 5424 2375 5503 expendit.

494 5492 607 5573 ('95)
643 5492 1019 5573 Eusebfllist.
1044 5499 1171 5573 eset.
1201 5492 1290 5573 lib.
1320 5514 1373 5561 v,
1403 5512 1521 5573 cap.
1556 5493 1641 5573 l7.
1689 5567 1699 5573 _
2097 5566 2125 5573 Α
2146 5492 2243 5573 ’11)
2272 5494 2507 5547 [renatus
2535 5492 2678 5561 apud
2716 5495 2915 5553 Euseb.
2942 5502 3087 5556 Hist.
3122 5501 3303 5555 eccles.
3336 5500 3431 5555 lib.
3458 5515 3515 5569 v,
3544 5516 3667 5571 cap.

492 5566 603 5643 (96)
644 5571 776 5627 Vide
804 5570 1090 5643 Binghami
1124 5570 1365 5640 Origines
1410 5566 1814 5632 ecclesiasticas,
1854 5574 1985 5621 tom.
2095 5566 2186 5624 24.

421 5636 515 5710 1X,
546 5636 674 5716 pag:
702 5642 789 5716 15.
910 5636 989 5716 ἠ
1163 5712 1170 5716 _
1222 5636 1270 5716 Ἀ
1646 5704 1701 5716 m
1759 5706 1769 5716 .
1834 5706 1844 5716 _
1927 5708 1938 5716 _
2100 5709 2110 5716 _
2168 5638 2244 5716 (ετξ)
2274 5636 2481 5694 Prodiit
2509 5641 2598 5697 hic
2625 5639 2843 5697 Eusebii
2866 5641 3020 5695 Alex.
3049 5641 3262 5697 libellus
3285 5639 3667 5712 Lipsiaai720,

496 5704 896 5783 (9'7)'Justinus
946 5709 1359 5783 MartLApolog.
1406 5704 1991 5783 t,_pro__Chri_stian_is,
2098 5704 2241 5783 in—é.

482 5775 727 5853 89,'pag.
763 5782 884 5847 152,
919 5791 1049 5837 eunt.
1091 5775 1413 5853 Grabiaiiae:
1457 5778 1565 5850 Τὴν
1596 5778 1653 5832 δὲ
1694 5775 1807 5853 ,τοῦη
1845 5779 1994 5846 ἡλίου
2099 5850 2113 5853 _

2099 5778 2694 5853 ___('5_)Quem_secutus
2730 5791 2813 5835 est
2840 5782 3079 5847 Ceillier,
3112 5782 3203 5851 qui
3247 5782 3467 5840 titulum
3500 5782 3667 5853 hujus

464 5846 633 5925 μέραὗ
668 5846 818 5921 iter/f1
853 5853 1051 5916 πάντες
1083 5853 1181 5922 τὴν
1215 5846 1533 5905 συνέλευσιν’
1556 5846 1875 5918 ποιούμεθα.

1720 5848 1875 5918 μεθα.
2099 5846 2237 5905 libri
2255 5849 2330 5907 De
2347 5850 2398 5903 la
2432 5850 2717 5919 [θνηταιὶοη
2742 5852 2805 5905 de
2831 5852 3074 5907 t‘homme
3097 5846 3351 5907 reddidit.

704 5950 980 6009 Parnm"
1018 5948 1137 6009 Gn.
1196 5947 1265 6009 γ.

3247 5950 3324 6014 38
