4130 6384
433 361 573 417 1195
1485 365 1539 419 S.
1585 365 1839 420 MELITO
1882 364 2080 419 SABDI

2092 366 2189 421 ΗΜ
2229 365 2628 420 EPISCOPUS.
3554 362 3694 421 1196

434 480 538 535 fuit
587 483 956 553 conscriptus,
1004 495 1060 538 ut
1096 486 1280 554 pravis
1312 485 1692 541 hmreticorum
1736 487 1895 542 istius
1936 486 2122 542 saeculi
2166 486 2382 541 obviam
2425 486 2528 540 iret
2568 483 2888 550 sententiis,
2913 483 3112 553 duplex
3147 480 3310 536 modo
3338 478 3697 551 principium.

434 579 662 632 alterum
694 579 918 647 bonmn,
949 582 1183 635 alterum
1211 583 1414 636 malum
1451 585 1841 650 statuentium;
1871 583 2038 639 modo
2066 584 2333 638 mundum
2378 582 2647 636 malorum
2683 580 2966 650 geniorum
3010 594 3148 650 opus
3181 593 3326 644 esse,
3355 574 3694 642 dicentium;

435 672 597 726 modo
631 673 697 727 de
725 682 919 728 natura
943 683 999 729 et
1023 675 1297 729 creatione
1329 676 1568 730 hominis
1595 676 2010 742 somniantium,
2039 675 2340 740 hominem,
2376 688 2472 744 per
2504 673 2932 728 imbecillitatem
2972 658 3256 742 geniorum
3304 669 3546 732 illorum,
3583 682 3694 723 non

434 750 714 820 meliorem
756 767 873 821 ﬁeri
902 769 1166 837 potuisse,
1191 784 1254 823 ac
1289 768 1447 840 longe
1474 768 1719 824 futurum
1745 770 1914 825 fuisse
1945 770 2296 830 deteriorem,
2330 768 2436 823 nisi
2472 783 2727 837 suprema
2753 768 2928 822 virtus
2958 764 3254 821 scintillam
3285 777 3433 818 aura:
3458 762 3698 831 vitaeque

434 859 631 915 divina:
668 861 1020 929 immisisset,
1049 864 1431 933 eumdemque,
1466 865 1670 919 vermis
1717 864 1891 919 instar
1925 865 2076 918 humi
2119 863 2272 933 prius
2320 874 2621 932 repentem,
2658 863 2953 926 erexisset;
2989 859 3152 913 modo
3183 857 3383 928 duplex
3409 855 3697 910 hominum

432 964 625 1021 genus,
654 951 862 1008 bonum
891 962 945 1007 et
975 967 1229 1024 pravum,
1264 954 1376 1007 imo
1415 954 1632 1024 triplex,
1673 956 2100 1026 pneumaticum,
2143 955 2460 1025 psychicum
2485 963 2540 1008 et
2571 952 2808 1024 hylicutn
2841 967 2938 1008 seu
2971 949 3154 1023 χοῖκόν
3175 949 3516 1020 ﬁngentium.

1275 1108 1442 1179 μιν.
1477 1109 1550 1163 De
1581 1109 1714 1162 libro
1742 1110 1881 1180 Περὶ
1917 1110 2166 1181 ὑπαγοῆς
2196 1109 2431 1172 πίστεως
2459 1107 2844 1179 αἰσθητηρίων.

453 1305 455 1307 -
500 1268 606 1321 Sed
643 1276 922 1322 transeant
949 1269 1082 1332 haec,
1111 1267 1507 1335 videamusque
1538 1265 1719 1335 potius
1749 1265 1815 1319 de
1851 1264 2013 1331 libro,
2037 1280 2080 1333 qi

2096 1279 2198 1318 rem
2230 1264 2368 1331 Περὶ
2392 1262 2671 1330 ὑπακοῆς
2719 1262 2980 1329 πίστεως
3012 1259 3434 1328 αἰσθητηρίων,
3471 1257 3548 1312 De
3573 1258 3699 1313 obe-

428 1363 634 1415 dientia
655 1379 900 1416 sensuum
927 1362 1051 1430 ﬁdei
1085 1360 1382 1429 inscripsit.
1426 1357 1581 1413 Hunc
1621 1357 2005 1429 Hieronymus,
2047 1357 2316 1420 Bullinus,
2346 1355 2710 1425 Nicephorus,
2746 1353 3085 1409 Trithemius
3114 1359 3431 1408 constanter
3464 1352 3518 1406 in
3551 1353 3696 1407 duos

425 1456 782 1523 diversosque
829 1454 1098 1516 dividunt,
1129 1452 1226 1518 ita,
1253 1459 1312 1504 ut
1346 1451 1676 1521 peculiarem
1709 1449 1931 1514 faciant,
1970 1448 2047 1502 De
2087 1449 2386 1501 obedientia
2420 1448 2567 1516 ﬁdei,
2601 1446 3046 1518 peculiaremque
3084 1445 3304 1511 iterum,
3336 1443 3413 1500 De
3454 1447 3696 1500 sensibus

424 1549 652 1602 librum.
688 1546 894 1602 Dubius
923 1547 1017 1601 diu
1049 1547 1204 1612 haesi,
1235 1561 1304 1598 an
1344 1560 1469 1600 eum
1503 1544 1759 1610 Eusebio,
1793 1560 1860 1598 an
1899 1559 2022 1598 cum
2064 1542 2289 1612 reliquis
2321 1541 2578 1596 facerem.
2607 1541 2707 1596 Ast
2732 1555 2880 1604 cum,
2912 1538 3131 1593 Valesio
3160 1545 3316 1604 teste,
3346 1537 3405 1591 in
3437 1539 3698 1594 omnibus

426 1643 716 1697 codicibus
755 1642 1144 1710 manuscriptis
1190 1641 1420 1711 legatur,
1453 1641 1546 1694 καὶ
1583 1642 1610 1692 ὁ
1645 1640 1783 1706 Περὶ
1827 1637 2080 1706 ὑπακοῆς

2092 1660 2099 1672 ι
2137 1637 2393 1702 πίστεως
2428 1635 2850 1703 αἰσθητηρίων,
2893 1635 3101 1704 absque
3127 1633 3480 1688 distinctione
3527 1647 3698 1703 quam

423 1733 564 1788 Bob.
603 1733 934 1803 Stephanus,
978 1742 1104 1802 post
1133 1747 1323 1786 vocem
1357 1733 1614 1795 πίστεως,
1649 1729 1860 1800 primus
1889 1729 2101 1798 posuit;
2131 1729 2297 1783 verba
2331 1727 2553 1782 Eusebii
2587 1727 2774 1796 utique
2804 1741 2904 1796 pro
2937 1725 3093 1780 titulo
3130 1725 3296 1780 unius
3325 1732 3539 1780 tantum
3569 1725 3695 1780 libri

422 1825 620 1887 habeo,
651 1824 745 1894 qui
790 1823 862 1876 De
895 1823 1192 1876 obedientia
1221 1839 1470 1877 sensuum
1504 1823 1647 1890 ﬁdei,
1689 1823 1824 1885 sive,
1856 1821 2004 1892 quod
2042 1821 2183 1875 idem
2221 1829 2324 1884 est,
2365 1822 2432 1874 de
2458 1819 2766 1874 obedientia
2804 1819 2929 1874 ﬁdei
2969 1833 3092 1889 quae
3126 1818 3197 1872 sit
3225 1832 3256 1873 a
3287 1817 3565 1884 sensibus,
3595 1817 3699 1873 fuit

425 1917 746 1987 inscriptus,
795 1916 1125 1971 Tillemontii
1163 1916 1240 1987 (4)
1280 1924 1444 1985 atque
1478 1913 1696 1984 Dupinii
1741 1915 1818 1984 (5)
1859 1914 2114 1969 suffultus
2156 1913 2342 1968 hacin
2375 1928 2434 1968 re
2464 1928 2716 1977 assensu,
2756 1913 2883 1967 licet
2931 1910 3237 1966 Halloixius
3288 1911 3493 1980 aliique
3535 1910 3692 1966 alteri

422 2009 606 2078 potius
648 2009 998 2064 subscribant
1041 2010 1342 2063 sententiae.
1387 2007 1588 2062 Valesii
1636 2016 1690 2061 et
1736 2006 1957 2076 Dupinii
2001 2005 2301 2076 probabilis
2337 2005 2632 2059 admodum
2676 2004 2993 2075 conjectura
3030 2013 3146 2071 est,
3177 2015 3368 2059 contra
3411 2003 3698 2059 haereticos

420 2099 692 2171 quosdam
729 2099 887 2153 istius
939 2099 1117 2153 aetatis
1153 2107 1208 2152 et
1249 2098 1396 2152 hunc
1441 2113 1662 2167 quoque
1707 2097 1907 2151 librum
1947 2099 2214 2167 scriptum
2254 2095 2424 2151 fuisse
2457 2111 2487 2150 a
2520 2095 2798 2162 Melitone,
2839 2095 2936 2165 qui
2970 2095 3334 2162 asseruerint,
3369 2095 3490 2150 dari
3531 2095 3698 2150 ﬁdem

420 2193 714 2264 quamdam
749 2192 1056 2245 naturalem
1095 2189 1457 2260 eamdemque
1493 2206 1755 2246 sensuum
1783 2206 1949 2260 opera
1979 2206 2139 2260 posse
2174 2189 2344 2260 gigni.
2374 2187 2609 2254 Quidam
2634 2188 2781 2242 enim
2810 2188 3075 2252 hatretici,
3113 2189 3281 2243 verba
3316 2197 3445 2244 sunt
3470 2186 3698 2256 Valesii,

420 2285 659 2350 aiebant,
690 2283 959 2337 animales
1002 2281 1248 2351 quidem,
1280 2297 1376 2336 seu
1417 2281 1680 2352 physicos
1715 2281 1965 2336 homines
1995 2295 2259 2335 sensuum
2287 2295 2452 2348 opera
2478 2281 2702 2335 credere
2733 2299 2746 2335 :
2773 2281 3087 2351 spirituales
3116 2295 3246 2335 vero
3275 2296 3373 2350 per
3399 2281 3695 2336 rationem.

422 2378 497 2431 lta
527 2375 790 2430 Heracleo
821 2374 1130 2443 explicabat
1171 2375 1352 2428 locum
1387 2375 1540 2427 illum
1584 2390 1652 2427 ex
1694 2371 1923 2428 Joannis
1951 2372 2244 2443 Evangelio
2283 2375 2360 2427 ¹⁰ε
2390 2372 2514 2426 Nisi
2554 2374 2708 2444 signa
2736 2383 2786 2428 et
2822 2374 3067 2444 prodigia
3097 2373 3362 2440 videritis,
3392 2391 3494 2428 non
3525 2375 3703 2429 crede-

421 2473 509 2523 tis.
545 2470 678 2536 Quae
711 2469 916 2524 Christi
947 2468 1130 2534 verba,
1162 2468 1340 2522 aiebat
1381 2465 1673 2533 Heracleo,
1702 2467 1810 2522 dici
1847 2467 2067 2537 proprie
2113 2468 2180 2522 ad
2221 2483 2316 2522 eos
2361 2467 2454 2537 qui
2492 2482 2588 2538 per
2626 2482 2793 2537 opera
2832 2475 2888 2521 et
2924 2481 3121 2522 sensus
3160 2475 3415 2521 naturam
3460 2466 3702 2520 habeant

419 2566 728 2629 obediendi,
765 2580 872 2618 non
913 2572 1095 2618 autem
1131 2563 1384 2618 credendi
1419 2579 1516 2633 per
1560 2567 1850 2618 rationem.
1885 2562 2073 2617 Befert
2108 2563 2224 2618 haec
2253 2563 2514 2634 Origenes
2556 2562 2974 2617 Enarrationum
3003 2562 3059 2615 in
3087 2559 3315 2616 Joannis
3350 2560 3700 2631 Evangelium

418 2667 568 2710 tomo
625 2672 748 2722 xm,
793 2657 885 2710 ubi
912 2665 968 2712 et
1006 2655 1236 2720 refutat,
1267 2655 1534 2725 docetque
1571 2666 1678 2710 tam
1718 2655 2029 2725 spirituales
2071 2671 2238 2726 quam
2275 2656 2541 2712 animales
2584 2671 2693 2710 non
2729 2671 2892 2726 posse
2923 2655 3029 2711 nisi
3063 2669 3159 2725 per
3189 2669 3414 2712 sensum
3450 2656 3694 2712 credere.

416 2751 544 2807 Haec
573 2750 844 2807 Valesius.

1425 2870 1451 2940 §
1485 2869 1628 2924 XVI.
1669 2869 1748 2924 De
1774 2871 1906 2924 libro
1947 2871 2082 2941 Περὶ
2111 2869 2290 2941 ψυχῆς
2319 2871 2419 2924 καὶ
2453 2870 2724 2942 σώματος.

487 3025 732 3081 Proximi
761 3025 929 3081 libelli
966 3040 1129 3094 quem
1176 3023 1555 3087 lustrabimus,
1588 3024 1779 3079 titulus
1811 3034 1896 3079 est
1922 3041 1936 3078 :
1967 3027 2080 3092 Περ

2092 3024 2104 3076 ι
2150 3023 2360 3094 ψυχῆς
2391 3026 2492 3078 καὶ
2523 3023 2818 3094 σώματος,
2858 3023 2938 3078 De
2972 3026 3154 3078 anima
3187 3033 3239 3078 et
3283 3039 3502 3094 corpore
3534 3023 3694 3079 liber.

413 3117 517 3175 llic
541 3128 666 3173 ante
705 3119 891 3173 omnia
915 3119 1070 3180 ,ratio
1096 3118 1233 3172 mihi
1263 3111 1536 3173 reddenda
1569 3128 1670 3184 est,
1702 3133 1872 3189 quare
1903 3118 1956 3171 in
1989 3119 2298 3173 exhibendo
2339 3119 2502 3189 hujus
2533 3119 2657 3173 libri
2687 3118 2844 3173 titulo
2871 3134 2902 3173 a
2928 3119 3164 3174 lectione
3192 3119 3494 3186 communi,
3522 3134 3696 3191 quam

415 3211 670 3268 Valesius
713 3221 769 3266 et
812 3210 1127 3280 Beadingus
1167 3211 1434 3280 probant,
1468 3212 1784 3265 recesserint
1824 3211 2126 3279 paululum.
2160 3211 2236 3265 lta
2273 3218 2456 3264 autem
2500 3211 2592 3265 isti
2627 3210 2981 3280 leguntzKai
3023 3210 3175 3280 πρὸς
3215 3212 3451 3279 τούτοις
3483 3215 3516 3267 ό
3554 3212 3694 3281 περὲ

411 3305 626 3377 ’ψυχῆς
680 3308 778 3361 καὶ
829 3305 1105 3376 σώματος
1160 3305 1198 3374 ἢ
1247 3307 1407 3372 νοός.
1442 3303 1712 3360 Ρνωιενεα
1745 3306 1876 3358 liber
1913 3305 1978 3359 de
2009 3322 2077 3358 an

2092 3307 2210 3371 ima,
2249 3321 2467 3374 corpore
2519 3315 2569 3360 et
2613 3317 2802 3370 mente,
2857 3323 2922 3362 ac
2980 3308 3023 3362 si
3061 3305 3244 3362 Melito
3293 3306 3349 3361 in
3386 3308 3492 3361 hoc
3527 3321 3696 3378 opere

414 3400 482 3452 de
526 3397 708 3452 tribus
760 3397 1002 3457 hominis
1043 3396 1289 3466 partibus
1331 3396 1666 3465 exposuerit,
1698 3396 1991 3466 animaque
2027 3397 2262 3468 cogitata
2306 3413 2406 3453 sua
2453 3399 2758 3468 protulerit.
2813 3397 2964 3454 lianc
3009 3414 3360 3454 communem
3401 3398 3695 3454 lectionem

413 3487 650 3558 probant
678 3487 896 3543 codices
925 3487 1257 3554 Mazarinus,
1299 3485 1589 3544 Medicaeus
1623 3503 1687 3544 ac
1728 3487 2088 3544 Fuketianus.
2121 3489 2382 3546 Eamdem
2430 3508 2649 3562 quoque
2679 3492 3008 3548 conlirmare
3035 3492 3252 3547 videtur
3283 3490 3484 3547 Bullini
3515 3492 3693 3548 inter-

413 3583 666 3651 pretatio,
698 3595 820 3651 qua:
854 3582 929 3636 ita
969 3582 1170 3636 habet:
1199 3580 1274 3635 De
1306 3580 1566 3635 sensibus.
1619 3579 1696 3635 De
1742 3583 1952 3648 anima,
1985 3593 2035 3637 et
2077 3601 2292 3654 corpore
2322 3595 2370 3638 et
2403 3595 2591 3639 mente.
2642 3585 2719 3639 De
2753 3584 2988 3652 lavacro,
3011 3594 3117 3640 etc.
3157 3584 3213 3639 In
3263 3584 3458 3641 eodem
3505 3594 3693 3641 tamen

414 3671 614 3725 Bullini
650 3672 915 3728 librorum
954 3673 1433 3728 Melitonianorum
1464 3673 1729 3741 indiculo,
1763 3675 1955 3745 paucis
1989 3675 2288 3747 interjectis
2327 3677 2472 3744 aliis,
2501 3678 2735 3732 recurrit
2763 3677 2944 3733 denuo
2985 3678 3234 3749 ejusdem
3263 3678 3447 3748 operis
3479 3678 3694 3747 titulus,

413 3766 520 3820 hac
562 3765 736 3822 forma
765 3787 780 3822 :
810 3767 888 3821 De
919 3769 1102 3822 anima
1136 3778 1185 3822 et
1217 3785 1454 3838 corpore,
1489 3769 1561 3822 ita
1590 3783 1649 3822 ut
1679 3785 1873 3839 parum
1909 3771 2133 3826 omnino
2159 3771 2400 3841 przesidii
2439 3789 2508 3827 ex
2540 3771 2736 3826 Bullini
2771 3771 3221 3843 interpretatione
3265 3771 3511 3826 inveniat
3541 3785 3695 3826 com-

413 3860 599 3915 munis
626 3861 807 3916 lectio.
841 3861 1085 3917 Probant
1113 3872 1294 3916 tamen
1324 3861 1571 3916 eamdem
1603 3863 1934 3917 recentiores
1957 3861 2068 3918 fere
2095 3878 2308 3928 omnes,
2338 3863 2744 3930 'l‘illemontius,
2775 3863 2896 3921 Nat.
2928 3863 3235 3920 Alexander
3263 3863 3365 3934 (6),
3391 3863 3688 3934 Dupinius,

414 3949 632 4008 Caveus
674 3952 780 4023 (7),
810 3951 1186 4017 Benthemius,
1222 3952 1538 4010 Lardnerus
1591 3955 1692 4026 (8),
1723 3954 2018 4010 Bollandus
2047 3957 2146 4027 (9),
2186 3959 2408 4029 aliique,
2436 3968 2632 4030 prmter
2675 3961 2896 4016 unicum
2928 3958 3067 4014 forte
3093 3957 3450 4023 Halloixium,
3476 3958 3570 4027 qui
3609 3955 3686 4009 ita

413 4048 542 4122 legit
571 4059 625 4104 et
653 4049 901 4104 distinxit
931 4067 943 4102 :
968 4048 1078 4103 Καὶ
1113 4048 1266 4116 πρὸς
1304 4050 1538 4115 τούτοις
1570 4037 1603 4104 ὀ
1630 4053 1760 4119 περὶ
1808 4051 2019 4122 ψυχῆς
2055 4070 2080 4105 tt

2095 4052 2154 4106 αὶ
2192 4054 2466 4124 σώματος
2503 4052 2600 4125 ἦν.
2635 4057 2732 4109 Ἐν
2771 4050 2864 4121 οἷς
2888 4055 2988 4108 καὶ
3019 4057 3052 4108 ὀ
3088 4055 3220 4123 περὶ
3261 4052 3541 4121 λουτροῦ.
3576 4049 3688 4106 Sed

413 4143 666 4212 displicet
698 4141 878 4196 adhuc
903 4141 1290 4211 interpunctio.
1331 4139 1573 4197 Omnino
1611 4143 1776 4213 igitur
1813 4145 1956 4200 facio
1981 4145 2202 4215 quidem
2236 4163 2358 4200 cum
2387 4147 2574 4202 codice
2606 4145 2796 4218 Regio,
2823 4148 2940 4217 qui,
2974 4145 3193 4202 Valesio
3232 4155 3393 4214 teste,
3420 4145 3497 4199 ita
3536 4143 3687 4213 legit,

408 4245 471 4290 ut
514 4234 818 4290 llalloixius
845 4233 1124 4300 exhibuit;
1153 4243 1238 4288 ast
1265 4234 1480 4288 mallem
1525 4235 1892 4294 distinctionis
1928 4239 2144 4308 signum
2177 4255 2380 4309 ponere
2421 4251 2544 4310 post
2573 4241 2799 4294 verbum
2842 4239 3112 4310 σώματος,
3150 4239 3296 4294 hunc
3325 4239 3380 4292 in
3413 4237 3638 4292 modum
3673 4271 3687 4304 ε

408 4330 521 4383 Καὶ
550 4327 702 4396 πρὸς
735 4328 967 4393 τούτοις
995 4329 1027 4378 ὁ
1049 4327 1181 4394 περὶ
1212 4325 1424 4396 ψυχῆς
1456 4328 1553 4381 λαὶ
1585 4328 1876 4399 σώματος.
1919 4326 2031 4389 ’Ἦν
2069 4333 2139 4386 ἐν
2185 4328 2275 4400 οἷς
2304 4335 2400 4388 καὶ
2443 4337 2476 4387 d
2513 4333 2644 4404 περὶ
2687 4333 2970 4402 λουτροῦ,
3003 4335 3076 4388 ila
3119 4341 3179 4388 ut
3207 4348 3237 4388 a
3267 4331 3448 4386 verbis
3474 4325 3586 4388 Ἦν
3616 4329 3692 4381 ἐν

407 4417 501 4488 οἷς
534 4420 623 4491 (ex
651 4418 874 4488 quibus,
903 4435 999 4489 per
1043 4421 1395 4476 librariorum
1442 4425 1811 4491 oscitantiam,
1841 4426 2000 4482 facile
2047 4429 2233 4483 enasci
2271 4429 2450 4499 potuit
2493 4430 2686 4492 altera,
2719 4444 2884 4499 quam
2917 4428 3224 4498 rejicimus,
3255 4425 3418 4480 lectio
3446 4423 3484 4493 ἢ
3515 4424 3685 4493 νοός)

410 4511 658 4592 ordiatur
703 4525 843 4566 nova
874 4511 1154 4581 periodus,
1188 4512 1243 4564 in
1293 4527 1399 4581 qua
1452 4513 1646 4584 reliqui
1681 4514 1951 4572 Melitonis
1988 4529 2341 4574 recensentur
2371 4521 2516 4574 libri.
2559 4518 2710 4575 Hanc
2743 4535 2919 4576 meam
2964 4519 3406 4574 emendationem
3440 4514 3686 4572 suﬂulcit

408 4609 626 4678 egregie
661 4605 1021 4677 Nicephorius,
1061 4607 1154 4676 qui
1197 4608 1272 4662 ita
1315 4607 1482 4662 habet
1508 4627 1520 4662 :
1547 4609 1673 4663 Ἐπὶ
1708 4609 2080 4682 δὴ“⁹τούτοις,

2121 4619 2154 4669 ὁ
2196 4617 2329 4684 περὶ
2366 4616 2575 4686 ψυχῆς
2607 4615 2768 4682 αὐτῷ
2807 4616 2907 4669 καὶ
2946 4614 3222 4684 σώματος
3267 4612 3691 4682 πεπονημένος

408 4701 600 4757 ἐστίν.
631 4702 729 4755 Ἐν
753 4698 841 4768 οἷς
869 4702 968 4756 καὶ
1001 4705 1034 4754 ό
1064 4701 1195 4768 περὶ
1230 4703 1513 4770 λουτροῦ,
1539 4721 1590 4758 κ.
1621 4721 1669 4757 τ.
1706 4704 1755 4758 λ.
1788 4706 2034 4778 Cumque
2071 4726 2080 4779 ι

2092 4720 2331 4765 ira-terea
2362 4709 2749 4781 Hieronymus,
2787 4703 3063 4765 llonorius
3089 4705 3606 4779 Augustodunensis
3630 4713 3688 4759 et

409 4794 750 4851 Trithemius
795 4795 1043 4850 unanimi
1091 4787 1364 4851 consensu
1407 4797 1645 4862 tradant,
1673 4797 1984 4855 Melitonem
2028 4802 2106 4857 De
2144 4804 2325 4857 anima
2358 4813 2407 4858 et
2443 4821 2661 4874 corpore
2691 4803 2885 4857 librum
2913 4819 3078 4856 unum
3114 4801 3424 4872 scripsisse,
3453 4813 3688 4870 prorsus

501 4915 543 4946 ¹⁰
565 4928 685 4985 cap.
712 4929 787 4978 tv,
825 4912 916 4966 48.

480 5056 558 5124 (Δ)
605 5053 914 5124 Tillemont.
951 5052 1004 5105 in
1041 5067 1242 5121 opere:
1276 5049 1558 5124 Metnoires
1591 5070 1726 5123 pour
1752 5054 1917 5107 servir
1954 5055 1987 5107 ὰ

409 5122 672 5182 l’histoire
721 5123 1314 5192 ecclesiastt'quetlom.
1345 5122 1410 5188 ll,
1449 5139 1573 5192 pag.
1607 5125 1735 5188 415,
1761 5124 1983 5178 titulum

410 5197 578 5267 hujus
611 5195 837 5267 libriita
865 5188 1346 5267 reddidit_Ga_llice
1372 5188 1854 5267 τ-Ποιδορέἱεξαηεο
1887 5210 1986 5267 que

406 5262 501 5319 Ies'
524 5282 641 5320 sens
671 5265 879 5334 doit'ent
905 5264 936 5316 ὰ
962 5263 1016 5316 la
1051 5263 1148 5331 [οἱ.
1185 5262 1350 5334 Henr.
1390 5262 1660 5334 Ludolph.
1701 5262 1984 5319 Bentheim

408 5353 572 5399 vero,
625 5336 678 5388 in
732 5333 1090 5404 Vorstellnngi
1125 5334 1232 5386 und
1285 5332 1646 5404 Betraclttung
1696 5337 1790 5388 der
1841 5335 1985 5388 allen

409 5404 890 5484 Kirchen-Leltrer,
923 5419 1046 5484 pag.
1081 5403 1178 5469 7|,
1207 5404 1499 5484 commode
1522 5405 1577 5484 in
1605 5403 1844 5484 linguam
1879 5421 1985 5484 no-

409 5485 578 5530 stram
617 5475 965 5529 vernaculam
1000 5473 1072 5528 ita
1107 5474 1421 5528 transtulit:
1455 5473 1574 5528 Und
1607 5473 1717 5530 eius
1742 5493 1838 5530 von
1869 5476 1987 5529 dem

410 5544 1002 5600 Glattbens—Gehorsatn
1031 5545 1124 5597 der
1156 5543 1372 5598 Sinnen.

481 5617 558 5685 (5)
580 5616 781 5677 Dupin.
802 5616 856 5668 in
882 5629 1076 5683 opere:
1105 5613 1360 5668 Nouvel'le
1388 5613 1751 5686 Bibliotltéque
1772 5615 1860 5670 des
1883 5632 1985 5670 au-

413 5693 554 5739 teurs
579 5686 1022 5753 ecclésiastiques,
1045 5694 1178 5740 tom.
1212 5686 1409 5755 I,Apag.
1437 5684 1526 5751 65,
1560 5684 1674 5739 not.
1708 5685 1774 5740 6:
1808 5705 1825 5736 ι
1850 5686 1986 5742 Mais

415 5755 450 5807 il
483 5765 565 5812 est
597 5757 719 5827 plus
750 5755 1010 5832 probable
1050 5771 1157 5826 que
1193 5753 1382 5813 c’était
1404 5771 1478 5813 un
1525 5757 1700 5813 meme
1744 5772 1986 5829 ouvrage

2092 5055 2315 5110 intitulé
2366 5054 2448 5127 De;
2483 5055 2827 5127 li'obéissance
2873 5057 2964 5112 des
3005 5074 3122 5113 sens
3173 5057 3208 5110 ὰ
3253 5056 3309 5111 la
3346 5057 3458 5127 foi,
3489 5067 3688 5114 contra

2091 5128 2356 5201 quelques
2385 5125 2713 5198 hérétiques,
2747 5129 2841 5199 qui
2873 5127 3130 5196 disaient,
3154 5129 3321 5198 qu'on
3345 5125 3556 5201 croyait
3583 5145 3688 5200 par

2091 5197 2414 5341 Tigillini.
2462 5268 2615 5341 Alex.
2665 5269 2718 5322 in
2769 5268 2913 5341 Hist.
2961 5269 3150 5324 eccles.
3193 5267 3395 5324 Veteris
3443 5269 3688 5341 Noviqtte

2093 5335 2324 5391 Testem.
2357 5347 2491 5392 tom.
2531 5339 2618 5402 Ill,
2657 5355 2781 5408 pag.
2806 5339 2931 5394 297.

2162 5408 2240 5479 (7)
2264 5409 2408 5481 Qave
2436 5410 2494 5464 in
2526 5409 2670 5464 Hist.
2697 5411 2931 5465 litterar.
2975 5411 3297 5481 scriptorum
3325 5411 3683 5466 ecclesiastic.

2093 5480 2529 5619 pagéfijardner
2564 5549 2619 5604 in
2658 5552 2740 5605 the
2777 5550 3097 5620 Credibility
3129 5551 3192 5621 of
3225 5549 3309 5605 the
3351 5549 3544 5621 Caspet
3581 5548 3682 5603 Hi-

2094 5631 2262 5692 story,
2287 5630 2427 5692 part.
2453 5636 2515 5682 ιι,
2549 5623 2655 5676 vol.
2693 5621 2733 5686 Ι,
2760 5638 2882 5692 cap.
2910 5622 2999 5688 15,
3027 5637 3150 5692 pag.
3180 5621 3310 5677 529.

2095 5691 2590 5829 v0(i))l,l'§:ll.la1n1dus
2633 5694 2687 5749 in
2737 5689 2884 5748 Act—is
2919 5689 3248 5762 sanctorum,
3295 5706 3473 5750 mens.
3501 5689 3678 5763 April.
