4130 6422
534 404 686 458 “97'
1407 403 1709 462 NOTITIA.
1741 439 1807 449 —
1834 402 1899 462 ll.
1937 407 2022 462 DE
2066 408 2386 464 SCRIPTIS
2427 409 2484 464 S.
2525 408 2918 466 MELITONIS.
3653 419 3793 476 H98

530 525 758 578 omnino
789 539 897 579 non
929 524 1108 587 video,
1142 540 1314 595 quare
1343 526 1570 582 alteram
1597 529 1855 597 praeferre
1883 531 2114 584 velimus
2141 530 2453 598 lectionem,
2486 547 2607 601 quae
2636 532 2862 601 insuper
2886 531 2941 585 in
2972 532 3171 588 mendo
3203 533 3383 590 adhuc
3405 535 3635 604 jaceret.
3660 554 3802 592 nam

530 627 639 666 non
687 615 906 669 deberet
950 630 1071 670 esse
1100 615 1158 684 ἦ,
1194 618 1288 671 sed
1329 618 1426 670 καὶ
1459 620 1621 684 νοός,
1651 630 1709 674 ut
1743 623 1899 675 recte'
1927 622 2238 676 observavit
2283 622 2608 678 Whistonus
2641 625 2777 694 (10).
2823 623 3165 694 Caeteroquin
3197 625 3373 680 eidem
3411 626 3789 684 eruditissimo

528 703 704 768 Anglo
733 704 910 759 dicant
947 721 1111 760 :cum
1146 707 1202 763 S.
1239 706 1305 762 R.
1341 708 1543 764 Wollio
1572 713 1683 781 (11)
1711 712 1980 766 noluerim
2021 713 2283 778 scribere,
2323 714 2448 767 ideo
2474 715 2621 783 quod
2648 714 2913 784 triplicem
2953 715 3114 770 istam
3159 716 3400 773 hominis
3438 719 3794 783 divisionem,

527 812 692 866 quam
725 805 904 851 tamen
938 813 1039 853 nec
1070 799 1186 868 ipse
1209 801 1427 869 probat,
1463 804 1605 857 inter
1635 803 2003 868 Christianos,
2029 805 2124 873 qui
2155 806 2355 860 saeculo
2383 806 2561 875 primo
2589 814 2644 860 et
2670 805 2911 860 secundo
2939 806 3193 871 vixerint,
3219 808 3526 864 obtinuisse
3546 823 3790 881 asserat;

524 888 653 943 chet
694 889 940 944 eamdem
985 905 1050 945 ex
1094 891 1366 949 Mclitonis
1416 896 1556 950 libro
1601 897 1820 965 probari
1869 912 2051 965 posse,
2086 908 2402 952 constanter
2438 915 2653 966 negem.
2690 898 2972 954 Platonica
3021 915 3152 954 sane
3200 901 3544 972 philosophia
3577 915 3794 962 mature

529 980 664 1034 satis
691 995 722 1035 a
747 980 1002 1038 Patribus
1030 983 1133 1037 fuit
1159 985 1451 1054 adoptata;
1482 987 1934 1057 Platonicamque
1960 988 2102 1042 hanc
2128 989 2368 1042 hominis
2395 988 2717 1044 divisionem
2746 989 3209 1060 admisitjamjam
3239 990 3396 1046 Philo
3419 993 3556 1063 (12),
3585 1010 3652 1050 ex
3681 1012 3794 1066 quo

528 1067 718 1125 Patres
750 1073 990 1140 primzevi
1019 1072 1133 1128 fere
1162 1091 1352 1131 omnes
1399 1079 1636 1146 sapiunt.
1672 1080 1911 1133 Irenaeus
1945 1080 2056 1150 (15)
2088 1091 2232 1134 certe
2266 1080 2647 1136 disertissimis
2689 1081 2874 1135 verbis
2913 1081 3051 1136 dixit
3076 1101 3088 1135 :
3112 1101 3132 1134 ‹
3166 1081 3292 1138 Tria
3326 1094 3547 1140 suntex
3586 1088 3792 1157 quibus

530 1163 804 1232 perfectus
838 1165 1005 1220 homo
1041 1176 1278 1234 constat,
1303 1185 1488 1233 carne,
1520 1171 1724 1235 anima,
1753 1172 1970 1240 spiritu.
1998 1191 2016 1222 ι
2063 1170 2374 1238 Rationem,
2411 1189 2582 1242 quare
2612 1172 2795 1228 forsan
2827 1173 2914 1227 hic
2954 1171 3226 1230 Melitonis
3257 1175 3396 1230 liber
3423 1178 3508 1231 vel
3543 1181 3790 1248 perierit,

524 1257 610 1310 vel
635 1271 965 1326 suppressus
1005 1257 1187 1324 fuerit,
1222 1277 1330 1314 non
1365 1262 1521 1328 meis,
1555 1265 1647 1317 sed
1693 1264 1984 1320 clarissimi
2026 1264 2256 1318 editoris
2287 1262 2548 1329 Nemesii,
2575 1265 2758 1319 verbis
2797 1265 2980 1320 discas
3011 1265 3206 1333 velim;
3235 1282 3357 1336 quae
3386 1284 3455 1322 an
3490 1271 3684 1337 valeat,
3714 1274 3793 1328 uti

525 1349 706 1404 valere
736 1349 949 1403 videtur
989 1349 1304 1418 Whistono,
1340 1353 1458 1422 ipse
1487 1354 1785 1423 judicabis,
1820 1356 2080 1411 benevole
2111 1356 2300 1410 lector.
2335 1355 2412 1410 lta
2444 1365 2624 1411 autem
2657 1357 2747 1410 ille
2775 1357 2886 1427 (14)
2912 1376 2924 1410 :
2949 1355 3244 1428 Postquam
3287 1361 3432 1414 enim
3469 1361 3794 1432 Apollinarii

523 1447 575 1496 et
609 1441 778 1510 ipsius
809 1443 1126 1512 sequacium
1162 1443 1546 1501 Dimeritarum
1580 1448 1852 1504 increbuit
1880 1451 2098 1520 dogma,
2133 1450 2226 1519 qui
2253 1449 2544 1504 Dominum
2577 1460 2825 1506 nostrum
2851 1466 2918 1504 ex
2948 1451 3124 1505 tribus
3150 1454 3393 1520 partibus
3427 1457 3792 1514 constitutum

523 1535 864 1601 asserebant,
893 1537 957 1588 ἐκ
979 1537 1196 1609 σαρκὸς,
1229 1540 1324 1592 καὶ
1343 1539 1542 1610 ψυχῆς,
1577 1542 1672 1595 καὶ
1705 1542 1956 1614 θεότητος
1981 1545 2101 1598 ἀντὶ
2126 1562 2154 1596 τ

2160 1543 2218 1596 οὗ
2235 1544 2332 1596 νοῦ
2357 1543 2669 1615 (Epiphanii
2701 1552 2829 1599 sunt
2858 1544 3046 1609 verba,
3078 1559 3201 1614 pag.
3234 1536 3416 1609 10l6),
3449 1563 3560 1616 quo
3587 1550 3791 1606 certius

523 1641 619 1701 eos
657 1627 1005 1697 proﬂigarent
1028 1631 1339 1699 orthodoxi,
1371 1634 1629 1703 deinceps
1657 1644 1888 1704 recepta:
1925 1637 2080 1706 prius
2117 1636 2401 1690 sententia:
2425 1637 2490 1690 de
2520 1637 2697 1691 tribus
2726 1635 2923 1689 anima:
2952 1635 3201 1706 partibus
3235 1636 3636 1702 valcdixerunt,
3664 1639 3793 1695 licet

524 1721 594 1775 ab
625 1721 869 1790 Apostoli
917 1724 1118 1787 verbis,
1152 1723 1172 1777 ι
1199 1723 1392 1781 Thess.
1423 1745 1478 1793 v,
1518 1729 1609 1793 25,
1641 1729 2046 1786 firmamentum
2097 1731 2202 1785 sibi
2247 1747 2504 1799 arrogare
2534 1729 2813 1795 videatur;
2843 1741 2896 1783 et
2933 1728 3152 1784 demum
3200 1728 3469 1784 haereseos
3501 1729 3792 1799 cujbsdam

524 1815 666 1880 apud
719 1822 968 1882 posteros
1012 1819 1413 1887 arcessebatur,
1442 1822 1683 1875 animam
1707 1839 1735 1877 a
1772 1824 1968 1892 spiritu
2013 1839 2338 1880 secernere:
2366 1824 2530 1878 simili
2578 1823 2739 1892 plane
2785 1823 2920 1891 lege,
2968 1837 3075 1892 qua
3113 1821 3318 1877 met-sio
3353 1822 3406 1875 in
3437 1822 3789 1892 baptismate,

522 1919 671 1959 nunc
707 1906 870 1972 trina,
901 1908 1026 1962 dein
1067 1925 1196 1976 una,
1222 1911 1402 1968 denuo
1431 1924 1484 1968 et
1515 1916 1658 1970 trina
1701 1916 1924 1987 placuit,
1953 1933 2054 1986 pro
2093 1917 2410 1987 dogmatum
2450 1917 2735 1981 varietate,
2770 1929 2893 1985 quae
2934 1912 3235 1969 Ecelesiam
3274 1913 3508 1969 subinde
3550 1914 3791 1970 lacesse~

522 1996 674 2052 bant.
699 1997 978 2056 Hactenus
1004 2002 1340 2060 Cistriensis.

1345 2074 1373 2146 §
1401 2075 1563 2130 XVII.
1604 2076 1680 2131 De
1710 2078 1846 2132 libro
1886 2079 2021 2150 Περὶ
2051 2080 2282 2143 κτίσεως
2312 2080 2406 2132 καὶ
2428 2078 2698 2148 γενέσεως
2721 2075 2982 2147 Χριστοῦ.

586 2181 780 2251 Quoad
801 2184 999 2240 librum
1023 2186 1311 2242 undecimo
1344 2189 1448 2243 sub
1476 2189 1633 2244 titulo
1659 2190 1797 2258 Περὶ
1827 2191 2078 2256 κτίσεως
2104 2191 2202 2243 καὶ

2160 2191 2202 2243 li
2234 2191 2521 2261 γενέσεως
2551 2191 2829 2258 Χριστοῦ,
2858 2191 2935 2246 De
2952 2191 3169 2246 conditu
3195 2200 3244 2245 et
3277 2190 3611 2261 generatione
3633 2188 3791 2245 Chri-

520 2277 593 2331 sti
622 2288 1135 2347 commemoratum,
1165 2282 1460 2336 observare
1488 2283 1667 2348 liceat,
1700 2283 1980 2354 vulgarem
2029 2284 2319 2338 lectionem
2354 2285 2408 2337 in
2435 2283 2772 2338 editionibus
2811 2283 3136 2340 Eusebianis
3165 2298 3310 2351 esse,
3357 2282 3497 2350 Περὶ
3527 2282 3791 2349 πίστεως

518 2371 617 2425 καί
649 2371 962 2442 γενέσεως,
993 2390 1156 2443 quam
1185 2385 1237 2429 et
1271 2375 1518 2432 Ruﬂinus
1550 2378 1819 2446 sequitur,
1857 2379 1952 2448 qui
1981 2379 2223 2448 insuper,
2250 2389 2439 2434 contra
2465 2378 2638 2433 Graeci
2665 2380 2936 2434 sermonis
2969 2377 3224 2444 formam,
3256 2377 3396 2432 duos
3418 2377 3688 2442 diversos,
3715 2389 3784 2428 ex

519 2465 684 2520 unico
712 2467 835 2533 hoc,
874 2467 1000 2522 fecit
1033 2467 1224 2522 libros.
1265 2468 1321 2522 ln
1346 2469 1553 2523 codice.
1584 2478 1765 2522 tamen
1795 2467 2569 2534 Mazar.,Medic.,Fuketiano,
2602 2477 2656 2524 et
2694 2469 2838 2539 apud
2870 2467 3239 2538 Nicephorum
3276 2467 3475 2538 legitur
3495 2468 3636 2536 Περὶ
3663 2465 3792 2523 xtl"—

517 2574 669 2625 σεως
697 2561 795 2614 καὶ
823 2560 1114 2630 γενέσεως
1143 2561 1402 2630 Χριστοῦ
1422 2603 1435 2627 ,
1471 2576 1637 2630 quam
1666 2561 1830 2615 etiam
1867 2563 2148 2629 SCl‘iplllI'al

2156 2579 2195 2615 τι
2239 2577 2426 2616 veram
2459 2576 2583 2616 esse
2625 2579 2732 2616 non
2771 2561 3108 2624 dubitamus,
3137 2558 3340 2615 Valesii
3379 2559 3565 2615 hacin
3598 2575 3658 2615 re
3689 2559 3787 2615 ad-

514 2653 616 2724 inli
650 2655 1058 2723 approbatione.
1091 2652 1477 2723 Hieronymus,
1519 2664 1595 2718 et,
1640 2655 1733 2722 qui
1759 2655 2002 2723 pressius
2022 2670 2144 2708 eum
2183 2662 2241 2708 ut
2267 2655 2561 2723 plurimum
2597 2662 2924 2724 sequuntur,
2955 2652 3230 2707 Honorius
3263 2660 3426 2722 atque
3448 2651 3788 2709 Trithemius

519 2763 628 2802 uno
661 2759 681 2799 t
708 2749 1076 2818 generationis
1100 2767 1118 2800 ι
1159 2749 1428 2803 vocabulo
1461 2751 1720 2815 contenti,
1742 2751 1796 2803 in
1839 2749 2030 2804 Latina
2060 2750 2508 2818 interpretatione
2534 2765 2720 2804 vocem
2750 2749 2980 2813 κτίσεως
3006 2749 3496 2818 praetermiserunt,
3523 2759 3785 2820 tanquam

517 2843 794 2897 duriorem
817 2886 831 2908 ,
868 2845 1028 2898 veriti
1058 2844 1178 2899 sine
1209 2845 1405 2911 dubio,
1447 2859 1516 2898 ne
1560 2844 1840 2900 Christum
1873 2846 1926 2898 in
1959 2846 2206 2899 ordinem
2246 2855 2625 2900 creaturarum
2653 2844 2949 2899 detrudere
2980 2843 3316 2897 viderentur.
3347 2842 3602 2897 Attamen
3635 2843 3786 2897 hunc

517 2953 758 2994 errorem
801 2947 912 2995 non
963 2942 1164 2996 erravit
1192 2941 1396 3007 Melite,
1430 2942 1706 2997 incautius
1739 2943 1986 2997 nonnihil
2019 2951 2144 2997 ante
2178 2954 2362 2997 notam
2406 2942 2841 2996 controversiam
2879 2942 3132 2994 loeutus:
3174 2938 3363 2994 Patres
3398 2940 3543 2994 enitn
3575 2940 3786 3011 synodo

515 3032 734 3089 Nicaena
760 3036 1064 3091 anteriores
1090 3052 1276 3092 vocem
1303 3037 1536 3100 κτίσεως
1557 3037 1924 3092 adhibuerunt
1959 3053 2067 3092 non
2099 3039 2266 3093 modo
2288 3039 2354 3092 de
2381 3037 2659 3092 creatione
2695 3053 2761 3089 ex
2795 3035 2966 3089 nihilo
2985 3074 3001 3100 ,
3026 3049 3214 3089 verum
3241 3034 3402 3088 etiam
3428 3033 3493 3088 de
3524 3031 3673 3087 omni
3701 3049 3786 3104 ge-

514 3138 645 3186 nere
673 3131 1072 3200 productionis,
1113 3132 1340 3202 ipsaque
1375 3133 1511 3188 adeo
1553 3133 1902 3204 generatione
1931 3132 2023 3186 τοῦ
2058 3133 2231 3201 Λόγου
2260 3139 2461 3187 aeterna
2500 3141 2553 3186 et
2587 3131 2947 3186 oeconomica.
2983 3128 3100 3185 Hoc
3131 3129 3297 3201 igitur
3345 3137 3400 3183 et
3440 3127 3681 3183 Melitoni
3726 3130 3784 3182 in

514 3233 682 3281 causa
707 3226 828 3294 fuit,
864 3244 1034 3298 quare
1063 3228 1116 3281 in
1150 3228 1313 3282 titulo
1341 3227 1488 3294 libri,
1522 3228 1576 3282 in
1609 3244 1720 3299 quo
1747 3227 1814 3284 de
1837 3237 2040 3283 aeterna
2069 3229 2295 3295 Christi,
2317 3227 2546 3296 ejusque
2576 3228 2628 3280 in
2654 3233 2900 3295 tempore
2926 3241 2992 3280 ex
3026 3223 3219 3288 Maria,
3252 3224 3606 3294 generatione
3633 3223 3782 3279 edis-

514 3324 722 3390 seruit,
773 3325 966 3378 durius
1007 3323 1333 3378 vocabulum
1378 3324 1687 3378 adhibuerit
1709 3367 1725 3391 ,
1768 3334 2019 3394 respectu
2051 3325 2240 3393 procul
2284 3323 2451 3378 dubio
2489 3321 2678 3375 habito
2710 3322 2778 3375 ad
2813 3322 2942 3375 iltud
2964 3365 2978 3388 ,
3009 3319 3265 3374 Proverb.
3294 3335 3391 3386 vn,
3419 3319 3531 3374 22;
3566 3318 3783 3387 Κύριος

511 3415 714 3471 ἑκτισέ
744 3433 822 3484 με
847 3415 1043 3484 ἀρχὴν
1072 3415 1228 3469 ὁδῶν
1250 3414 1460 3482 αὐτοῦ,
1488 3425 1548 3470 ut
1581 3416 1793 3471 Cavcus
1815 3416 2036 3485 conjicit
2059 3414 2142 3469 fell

2146 3416 2309 3469 iciter.
2349 3413 2506 3468 Hunc
2528 3413 2674 3467 enim
2701 3414 2878 3466 locum
2903 3454 2917 3478 ,
2945 3428 3070 3467 cum
3104 3411 3228 3466 aliis
3257 3411 3562 3481 ejusmodi,
3591 3411 3658 3466 de
3683 3426 3777 3481 ge-

512 3510 796 3562 neratione
829 3507 930 3562 ista
957 3517 1157 3561 aeterna
1178 3517 1555 3575 exposuerunt
1591 3505 1782 3563 Patres
1810 3506 2175 3562 Anteniczeni.
2196 3506 2341 3560 Nihil
2371 3507 2536 3577 igitur
2568 3508 2815 3561 lucratur
2839 3504 3166 3559 Whistonus
3192 3501 3324 3575 (15),
3353 3503 3573 3573 quando
3595 3519 3656 3557 ex
3676 3504 3783 3560 hoc

511 3592 781 3657 Melitonis
808 3602 949 3656 libro
977 3601 1182 3656 Ariano
1213 3616 1314 3656 suo
1337 3601 1602 3673 dogmati,
1627 3603 1907 3657 Christum
1938 3609 2063 3656 ante
2086 3601 2267 3672 posita
2294 3600 2485 3654 mundi
2510 3599 2870 3655 fundamenta
2899 3606 3145 3654 creatum
3179 3595 3351 3651 fuisse
3395 3611 3425 3649 a
3454 3593 3566 3650 Deo
3594 3593 3776 3664 Patre,

511 3694 829 3768 prwsidium
863 3696 1083 3765 quaerit.

1617 3765 1644 3836 §
1673 3765 1860 3822 ΧἮΞΙ.
1892 3765 1968 3820 De
1991 3765 2126 3819 libro
2154 3767 2291 3838 Περὶ
2320 3764 2671 3837 προφητείας.

583 3857 687 3924 Qui
726 3859 978 3928 sequitur
1001 3857 1255 3928 proximo
1281 3858 1405 3912 loco
1436 3859 1594 3925 liber,
1625 3859 1816 3928 Λόγος
1844 3859 2030 3912 αὑτοῦ
2060 3859 2201 3928 Περὶ

2145 3859 2201 3928 pi
2233 3858 2621 3926 προφητείας,
2652 3862 2737 3909 est
2757 3869 2918 3925 quem
2943 3852 3190 3909 Bullinus
3220 3867 3347 3908 cum
3372 3850 3564 3922 _verbis
3590 3859 3776 3921 poste-

508 3951 748 4008 rioribus
780 3952 1026 4021 proxime
1055 3953 1424 4007 antecedentis
1449 3951 1573 4004 libri
1598 3951 1884 4020 conjunxit
1917 3951 2021 4004 hoc
2045 3951 2239 4005 modo:
2267 3949 2344 4002 De
2375 3951 2707 4020 generatione
2735 3947 2935 4003 Christi
2967 3955 3018 4000 et
3057 3945 3330 4015 prophetia
3358 3943 3494 4012 ejus,
3525 3957 3590 3996 ac
3622 3943 3670 3997 si
3706 3946 3776 4000 de

508 4045 697 4116 Optimi
731 4044 1037 4100 Servatoris
1064 4057 1291 4099 munere
1314 4044 1637 4114 prophetico
1664 4043 2009 4112 exposuisset
2041 4044 2093 4097 in
2133 4043 2347 4097 eodem.
2378 4040 2540 4095 Juxta
2570 4039 2962 4111 Hieronymum
2993 4053 3155 4109 quem
3184 4048 3238 4090 et
3260 4036 3774 4106 Augustodunensis

510 4120 778 4209 sequitur,
805 4139 974 4192 verba
1008 4139 1172 4207 hujus
1205 4139 1346 4191 tituli
1369 4138 1440 4191 ita
1463 4136 1766 4190 ordinanda
1803 4136 1980 4190 forent
2013 4154 2026 4190 :
2069 4141 2141 4190 Ac

2138 4137 2257 4206 ςγος
2289 4135 2419 4202 περὶ
2460 4133 2570 4201 τῆς
2607 4133 2792 4187 αὑτοῦ
2829 4130 3225 4200 προφητείας,
3267 4129 3342 4182 ita
3375 4128 3520 4182 enim
3561 4127 3769 4184 vertit:

509 4233 647 4287 Item
670 4233 732 4285 de
761 4233 1035 4302 prophetia
1067 4249 1162 4284 sua
1200 4231 1393 4284 librum
1424 4247 1609 4284 unum.
1653 4229 1898 4285 Valesius
1930 4231 2032 4284 hoc
2064 4231 2276 4300 prohat,
2303 4229 2390 4283 cui
2418 4237 2596 4282 tamen
2639 4242 2749 4281 non
2783 4225 3089 4289 assentior;
3137 4223 3264 4278 licet
3305 4221 3457 4275 nullo
3487 4221 3648 4275 modo
3675 4233 3771 4273 ve—

509 4328 606 4382 lim
638 4341 860 4396 negarc,
886 4325 1196 4380 Melitenem
1232 4324 1531 4394 prophetia:
1565 4323 1916 4386 charismate,
1948 4323 2097 4392 quod
2131 4322 2412 4391 prioribus
2440 4321 2619 4374 tribus
2651 4327 2954 4388 quatuorve
2988 4315 3207 4371 saeculis
3239 4315 3330 4367 uni
3356 4314 3580 4368 alterive
3603 4315 3768 4370 Chri-

508 4421 811 4478 stianorum
856 4419 1318 4474 communicatum
1363 4417 1544 4470 adhuc
1584 4431 1615 4469 a
1653 4414 1763 4469 Deo
1813 4415 2090 4479 novimus,
2132 4414 2304 4468 fuisse
2339 4422 2684 4467 exornatum.
2725 4412 2884 4466 Certe
2913 4426 3038 4465 eum
3083 4409 3406 4478 prophetam
3431 4424 3461 4462 a
3497 4409 3771 4480 plerisque

505 4514 678 4570 fuisse
714 4513 981 4577 habitum,
1012 4511 1172 4564 docet
1191 4508 1516 4562 Tertulliani
1551 4508 1695 4576 apud
1730 4505 2119 4577 Hieronymum
2155 4505 2266 4575 (16)
2297 4504 2671 4559 testimonium
2702 4524 2715 4557 :
2749 4522 2768 4553 «
2801 4501 2975 4572 Hujus
2996 4501 3216 4569 elegans
3243 4508 3297 4553 ct
3319 4491 3768 4554 declamatorium

505 4607 785 4678 ingenium
813 4606 1044 4660 laudans
1075 4604 1447 4658 Tcrtullianus
1479 4603 1531 4656 in
1561 4612 1762 4672 septem
1793 4601 1965 4667 libris,
1999 4616 2136 4671 quos
2168 4601 2387 4669 scripsit
2419 4600 2684 4654 adversus
2716 4597 3017 4672 Ecclesiam
3052 4610 3151 4664 pro
3175 4593 3458 4658 Montano,
3482 4594 3616 4648 dicit
3640 4609 3766 4648 cum

505 4715 537 4754 a
563 4700 836 4768 plerisque
869 4705 1182 4752 nostrorum
1205 4696 1524 4765 prophetam
1556 4696 1758 4766 putari.
1801 4716 1820 4747 ι
1857 4693 1958 4748 Ubi
1993 4703 2170 4748 tamen
2203 4693 2462 4748 observes
2483 4692 2668 4756 velim,
2697 4690 2749 4743 in
2780 4689 3058 4743 nonnullis
3084 4686 3486 4754 exemplaribus
3511 4700 3609 4753 pro
3636 4704 3654 4736 ‹
3683 4685 3767 4738 di-

505 4793 634 4859 cit,»
662 4791 850 4846 haberi
883 4810 900 4842 ι
934 4791 1239 4846 cavillator.
1272 4808 1291 4840 ι
1314 4789 1389 4844 De
1409 4789 1678 4845 Melitonis
1707 4790 1850 4844 dono
1883 4787 2200 4858 prophetico
2223 4786 2435 4850 confer,
2468 4786 2516 4838 si
2545 4782 2801 4848 lubuerit,
2826 4779 3228 4836 dissertationis
3251 4777 3452 4846 prioris
3482 4774 3509 4846 §
3538 4775 3626 4829 12.
3661 4835 3668 4849 ί

1703 4883 1731 4954 §
1761 4881 1903 4935 XIX.
1932 4881 2006 4935 De
2039 4881 2173 4934 libro
2197 4881 2362 4934 clavis
2391 4880 2551 4932 dicto.

575 4979 762 5046 Liber,
797 4979 893 5049 qui
932 4979 1000 5032 'H
1019 4976 1399 5045 κλείς,6ίαυὶε
1433 4977 1564 5048 (17),
1586 4977 1926 5044 inscribitur,
1956 4975 2271 5030 continebat
2297 4973 2715 5042 explicationem
2740 4968 3016 5023 variarum
3045 4964 3339 5034 Scriptores
3369 4975 3540 5018 sacra).
3565 4974 3759 5016 vocum

572 5133 1070 5257 (10)]Whistonjn
1100 5131 1182 5184 his
1199 5132 1461 5200 primitiae
1479 5129 1829 5200 Christianity
1856 5129 2066 5194 reviv‘d,
2243 5125 2468 5208 (1h)_.lo.
2498 5125 2714 5187 Fellus,
2749 5122 3082 5205 Cestriensis
3124 5121 3176 5174 in
3203 5119 3400 5202 Anglia
3436 5117 3758 5198 episcopus,

575 5208 608 5257 ί.
643 5206 662 5257 1
718 5247 731 5257 .
761 5220 882 5257 nae.
908 5202 1034 5255 266.
2171 5199 2480 5252 eruditione
2509 5208 2560 5250 et
2595 5196 2735 5248 fama
2771 5208 3009 5248 maxume
3033 5193 3235 5255 clarus,
3281 5207 3335 5244 in
3369 5187 3756 5241 Adnotattom-

497 5187 617 5260 γυῖξ
643 5187 882 5274 ινρρθε,
908 5202 1034 5255 266,
1400 5273 1404 5274 γ
1525 5269 1536 5274 _
1740 5269 1766 5274 _
1798 5187 1822 5200 ”
1915 5268 1972 5274 __
2051 5187 2062 5194 ’
2171 5187 2480 5274 ert‘tditione
2509 5208 2560 5250 et
2585 5196 2735 5274 fama
2763 5195 3009 5274 maxime
3033 5193 3254 5274 claro-5,.
3281 5187 3335 5244 in
3369 5187 3756 5274 Adngtationi-

571 5257 682 5365 (11)
713 5257 1092 5365 insertat;
1133 5271 1328 5341 Σῶμα,
1369 5269 1562 5340 ψυχή,
1617 5269 1870 5337 πνεῦμα,
1915 5268 2068 5339 Lips.
2170 5269 2198 5321 ί)

2170 5269 2264 5322 bus
2286 5269 2345 5365 2t
2384 5265 2709 5346 Nemesium,
2738 5265 2802 5318 de
2830 5276 3022 5318 natura
3055 5263 3304 5326 hominis,
3334 5274 3456 5328 pag.
3489 5257 3524 5311 5
3562 5257 3757 5310 editio-

502 5336 683 5400 tuitui
716 5344 876 5406 1752,
913 5359 1033 5412 pag.
1063 5343 1113 5396 7.
1224 5336 1238 5341 ⁷
1379 5336 1402 5419 ’⁸
1461 5336 1495 5340 ﬂ
1769 5336 1776 5337 ί
1981 5336 1996 5339 ﬁ
2091 5387 2097 5393 .

569 5418 678 5484 (12)
707 5415 880 5480 Philo,
916 5414 992 5467 De
1018 5412 1204 5484 mundi
1225 5412 1456 5480 opi/iczo,
1495 5409 1667 5484 l_i_h.__t_.
1694 5423 1814 5484 pag.
1851 5407 2066 5484 14.319-

2171 5341 2257 5391 nis
2286 5336 2636 5392 Oxonicnsis.

2244 5406 2648 5484 (15)):Vhiston.
2701 5406 2755 5458 in
2774 5404 2852 5458 his
2865 5403 3127 5473 primitire
3145 5399 3518 5467 Christianity,
3537 5394 3644 5450 vol.
3659 5393 3753 5461 IV,

496 5477 672 5554 sopit]
694 5477 954 5554 Antiqait.
1001 5483 1131 5554 Iud.
1158 5477 1536 5554 lih.‘t,'ica_p._5
1562 5498 1574 5532 :
1604 5479 1844 5554 :Eﬁ).aq5
1878 5479 1905 5530 ὁ
1936 5479 2068 5554 Εξεὸς

811 5477 954 5554 ’qait.
1001 5483 1131 5554 Iud.
1158 5477 1536 5554 lih.t,ica_p._5
1562 5498 1574 5532 :
1604 5479 1844 5554 "ﬁnias:
1878 5479 1905 5530 ὁ
1936 5479 2068 5554 Εξεὸς
2170 5477 2442 5554 pag_.A1_‘2§_.

509 5521 648 5544 γι...
694 5521 812 5539 ιιι...
859 5521 954 5537 μ...
1001 5521 1131 5537 ...νη
1283 5521 1295 5534 .
1352 5521 1410 5533 ν..
1437 5521 1470 5532 ..
1503 5521 1534 5532 ν
1563 5522 1574 5532 .
1630 5521 1842 5530 “nam-
1879 5521 1904 5530 -
1940 5521 2066 5541 νη,

492 5521 582 5609 ’ξοδ
614 5521 918 5627 ἅνθρωτέον,
946 5555 1071 5627 χοῦν
1102 5551 1280 5627 λᾳϐὼν
1305 5521 1432 5604 ’ἀπο
1453 5549 1550 5618 τῆς
1570 5549 1695 5619 γῆς,
1728 5547 1822 5600 καὶ
1849 5549 2065 5618 πνεῦμα

2009 5521 2066 5602 [οἳ
2170 5521 2752 5627 lvufigi-iiieronymrt‘t‘s
2781 5544 2858 5627 De
2895 5543 3020 5627 ciris
3050 5540 3520 5627 itlustribas,‘c_ap.
3543 5535 3640 5627 24.

490 5628 682 5696 ἐνῆκεν
703 5605 870 5695 ἇύτῷ,
905 5605 1217 5696 ψὀχήν.
1323 5691 1333 5696 _
2007 5687 2034 5696 _.
2091 5651 2093 5653 ’

2174 5687 2193 5696 _
2386 5616 2443 5669 ln
2482 5605 2628 5696 Actis
2668 5614 2770 5669 SS.
2805 5605 3746 5696 Antwerpiensibus.(idpjiﬂihgtlgo

564 5675 678 5765 (13)
707 5675 1271 5765 'lret‘tz'cuswddgei'sus
1313 5691 1556 5765 hwrescs,
1605 5688 1700 5741 lib.
1744 5687 2059 5765 v,__c.:_tp.79.
2169 5675 2268 5753 11,
2300 5675 2490 5765 Clarus
2527 5687 2944 5765 legituruquem
2983 5675 3273 5765 operarum
3299 5691 3551 5765 errorem

492 5744 1087 5833 tn‘s'ga’miiii'iéiirité
1103 5744 1272 5817 etiam
1297 5744 1380 5817 est
1409 5761 1502 5815 lib.
1530 5744 1582 5825 ὗ,
1600 5774 1720 5829 cap.
1743 5744 1796 5815 6.
1818 5744 2061 5813 Whisto-
2172 5744 2267 5809 ιρι(
2297 5757 2460 5812 etiam
2515 5744 2707 5830 repetit
2740 5744 2964 5810 'V'eneta
3021 5744 3219 5808 horum
3279 5750 3534 5804 Actorum
3579 5744 3752 5802 editio

493 5853 593 5893 nus
627 5837 740 5891 haec
769 5837 886 5891 loca
921 5851 1028 5890 non
1053 5834 1297 5889 adduxit.
2167 5840 2331 5880 nova.
