4130 6420
313 399 447 452 “99
1352 394 1408 447 S.
1452 392 1707 446 MELITO
1750 390 2059 447 SARDIUM
2101 389 2504 446 EPISCOPUS.
3430 385 3571 440 1200

310 533 474 573 sensu
508 515 806 586 improprie
837 515 1227 578 adhibitarum,
1250 514 1317 567 ad
1347 528 1472 566 eum
1508 511 1623 566 fere
1648 511 1904 572 modum,
1942 508 2158 577 qualem
2198 510 2253 562 in
2298 508 2560 563 Formula
2600 507 2899 578 spiritualis
2944 505 3308 575 intelligentia
3349 504 3408 560 S.
3460 503 3572 559 Eu-

310 609 482 664 cherii
512 608 919 680 Lugdunensis,
950 624 1071 678 qua:
1101 608 1244 661 inter
1276 605 1453 675 Opera
1490 607 1629 675 ejus,
1662 614 1716 660 et
1749 605 1803 658 in
1834 604 2165 657 Bibliotheca
2200 602 2426 656 Patrum
2459 604 2716 667 maxima,
2756 612 2904 655 temo
2933 600 3023 663 Vl,
3051 609 3249 665 exstat,
3290 601 3473 671 legere
3506 598 3575 652 li-

314 714 418 757 cet.
446 701 620 755 Clavis
655 701 927 766 vocabuli,
957 701 1102 770 quod
1141 700 1194 753 in
1226 699 1584 768 inscriptione
1613 698 1797 767 operis
1823 696 1986 766 hujus
2015 697 2325 761 adhibetur,
2351 696 2717 765 signiﬁcatum
2743 694 2925 749 discas
2958 692 3119 747 velim
3149 707 3213 747 ex
3259 692 3380 762 ipso
3414 690 3571 747 Meli—

325 808 481 859 tone,
508 795 626 863 qui,
661 792 836 847 Clavis
866 809 978 847 suae
1006 808 1127 861 cap.
1165 792 1219 859 9,
1246 793 1320 846 ita
1343 792 1493 846 vocis
1526 791 1689 860 hujus
1717 790 2104 860 metaphorieae
2129 789 2440 857 explanavit
2465 804 2687 842 sensum
2712 805 2724 840 :

390 970 408 1000 ‹
442 950 639 1015 Clavis,
676 950 952 1018 adapertio
991 947 1298 1016 spiritualis.
1329 945 1383 998 ln
1416 944 1709 1013 Evangelio
1735 944 1775 973 “
1806 963 1816 996 :
1852 943 2134 1010 Accepistis
2163 942 2353 995 clavem
2386 942 2639 1006 scientiae,
2668 942 2767 1010 ipsi
2790 957 2893 995 non
2936 942 3231 1005 introistis;
3284 948 3333 993 et
3368 957 3454 995 eos
3484 940 3575 1010 qui

315 1040 603 1093 introibant
631 1040 990 1105 prohibuistis.
1024 1038 1151 1091 Item
1186 1038 1390 1101 Claves,
1416 1036 1671 1105 justttiw,
1708 1033 2106 1097 misericordiw,
2140 1035 2455 1101 pietatisque
2487 1034 2725 1087 virtutes.
2759 1031 2817 1085 ln
2847 1031 3141 1103 Evangelio
3162 1033 3203 1062 “
3236 1050 3249 1085 :
3288 1030 3406 1084 Tibi
3434 1031 3571 1084 dabo

322 1138 490 1191 claves
523 1138 667 1207 regni
695 1136 963 1189 cwlorum.

390 1288 406 1318 ι
444 1268 643 1333 Clavis,
669 1268 872 1332 apertio
917 1281 1191 1320 sacrarum
1232 1264 1650 1331 Scripturarum,
1686 1262 1790 1325 vel,
1818 1272 2048 1329 potestas
2079 1262 2281 1332 ligandi
2306 1272 2461 1331 atque
2505 1262 2759 1328 solvendi,
2793 1275 2910 1330 seu,
2939 1262 3029 1330 jus
3071 1261 3442 1315 introducendi
3506 1260 3575 1313 ad

315 1366 498 1428 vitam,
531 1365 636 1416 sive
662 1361 974 1415 excludendi
1006 1360 1074 1413 ad
1094 1368 1331 1411 mortem.
1354 1358 1509 1410 Sicut
1539 1372 1633 1424 per
1663 1355 1856 1409 lsaiam
1882 1355 1924 1387 ³³
1955 1356 2021 1410 de
2042 1356 2321 1410 Salvatore
2343 1359 2545 1411 dicitur
2571 1374 2585 1408 :
2626 1357 2771 1410 Dabo
2786 1358 2982 1411 clavem
3004 1357 3193 1410 domus
3228 1355 3402 1409 David
3422 1372 3581 1424 super

316 1457 555 1508 humeros
589 1457 724 1523 ejus,
748 1465 795 1506 et
832 1454 1048 1521 aperiet,
1079 1460 1128 1505 et
1155 1467 1255 1503 non
1290 1460 1364 1503 est
1395 1451 1484 1519 qui
1514 1449 1745 1502 claudat.
1780 1448 1843 1503 Et
1874 1450 1927 1503 in
1957 1450 2282 1521 Apocalypsi
2311 1452 2353 1482 ιδ
2385 1474 2396 1506 z
2434 1450 2616 1504 Ilabeo
2667 1451 2835 1505 claves
2876 1451 3061 1504 mortis
3112 1459 3159 1504 et
3200 1450 3511 1519 inferorum.
3553 1466 3571 1497 ι

386 1595 618 1649 Exstare
651 1596 799 1649 enim
834 1593 1033 1660 adhuc,
1057 1595 1189 1647 etin
1226 1592 1573 1647 bibliothecis
1604 1593 1864 1646 ineditum
1897 1593 2217 1647 delitescere
2263 1593 2368 1648 hoc
2408 1593 2686 1648 Melitonis
2723 1594 3000 1664 egregium
3030 1607 3167 1661 opus
3192 1633 3207 1657 ,
3236 1591 3580 1644 Bibliotheca:

317 1691 545 1742 Patrum
597 1691 843 1743 maxime:
885 1688 996 1757 (l8)
1041 1688 1422 1757 Lugdunensis
1467 1687 1703 1741 editores
1744 1687 1980 1755 pariter,
2027 1702 2090 1741 ac
2128 1686 2382 1742 Labbeus
2419 1688 2530 1757 (19)
2564 1697 2833 1741 testantur
2868 1702 2978 1740 non
3022 1686 3219 1749 modo;
3248 1685 3343 1739 sed
3379 1698 3430 1739 et
3463 1688 3582 1739 tuto

332 1798 580 1837 asserere
621 1798 845 1852 possum
894 1783 1042 1850 ipse,
1082 1790 1265 1851 utpote
1294 1782 1387 1849 qui
1416 1781 1639 1850 pretiosi
1677 1780 1839 1849 hujus
1883 1780 2227 1849 antiquitatis
2273 1782 2644 1848 monumenti,
2679 1782 2733 1835 in
2759 1782 3049 1835 itineribus
3076 1780 3211 1834 meis
3253 1778 3431 1833 factus
3457 1794 3579 1833 sum

319 1890 566 1942 compos,
609 1875 814 1944 quique
851 1874 979 1928 illud
1008 1872 1300 1943 aliquando
1336 1889 1460 1927 cum
1486 1874 1616 1927 orbe
1658 1873 1896 1927 litterato
1941 1876 2353 1929 communicare
2384 1874 2742 1929 constitutum
2776 1874 2948 1928 habeo
2973 1878 3012 1941 ‘,
3045 1874 3170 1927 licet
3200 1871 3358 1925 facile
3388 1872 3582 1940 praevi-

317 1969 498 2034 deam,
535 1971 861 2024 malevolum
894 1978 1056 2037 atque
1085 1968 1471 2022 immodestum
1505 1983 1786 2023 censorem
1819 1967 2136 2035 quemdam,
2161 1969 2254 2038 qui
2284 1968 2561 2039 symbolas
2587 1985 2715 2024 suas
2752 1970 2818 2023 ad
2852 1968 3239 2021 Bibliothecam
3268 1965 3581 2019 Hallensem

317 2063 552 2128 confert,
595 2065 645 2119 id
689 2064 821 2117 mihi
856 2078 1075 2134 quoque
1094 2062 1475 2133 oppositurum
1506 2077 1647 2126 esse,
1681 2063 1826 2131 quod
1860 2064 2002 2117 inter
2031 2064 2135 2117 alia
2168 2063 2370 2133 injusta
2404 2065 2694 2133 minusque
2717 2063 2941 2119 fundata
2967 2064 3170 2134 objeeit
3211 2077 3406 2130 nuper,
3447 2073 3575 2115 cum

316 2158 763 2228 presbyterorum
796 2165 849 2211 et
873 2157 1231 2211 diaconorum
1261 2154 1480 2209 Achaiae
1508 2155 1794 2223 epistolam
1824 2154 2157 2224 encyclicam
2191 2156 2257 2208 de
2288 2156 2547 2226 martyrio
2582 2153 2638 2208 S.
2671 2155 2904 2225 apostoli
2934 2155 3165 2209 Andreae
3193 2170 3259 2208 ex
3292 2168 3426 2207 mss.
3450 2150 3581 2205 ede-

320 2266 475 2316 rem;
512 2250 646 2303 tanti
683 2250 889 2305 scilicet
921 2250 1003 2303 vel
1037 2249 1157 2303 ideo
1192 2264 1300 2302 non
1344 2263 1466 2303 esse
1500 2249 1844 2317 opusculum,
1877 2248 2139 2317 quoniam
2182 2247 2417 2303 Grabius
2449 2248 2502 2302 in
2536 2246 2816 2317 Spicilegio
2858 2262 2960 2302 suo
2996 2248 3051 2301 in
3082 2247 3259 2303 lucem
3288 2244 3570 2315 publicam

317 2342 449 2395 illud
489 2356 595 2396 non
625 2342 956 2412 protraxerit
985 2340 1119 2413 (20).
1156 2340 1301 2395 Bella
1348 2355 1479 2395 sane
1526 2342 1686 2406 ratio,
1718 2340 1875 2409 quasi
1920 2354 2050 2393 vero
2084 2340 2278 2395 unicus
2315 2340 2551 2396 Grabius
2585 2357 2776 2395 omnes
2812 2341 2864 2394 in
2898 2340 3244 2395 bibliothecis
3265 2335 3587 2407 Anglicanis

318 2431 548 2487 latentes
574 2433 866 2486 thesauros
895 2445 1088 2485 eruere
1116 2429 1199 2483 vel
1222 2429 1481 2493 voluerit,
1522 2430 1605 2484 vel
1626 2429 1883 2499 potuerit.
1911 2428 2250 2484 Claudantur
2286 2431 2453 2501 igitur
2485 2431 2741 2486 immensi
2768 2430 2856 2485 isti
2894 2430 3393 2500 manuscriplorum
3424 2426 3578 2481 codi-

319 2539 466 2587 cum,
495 2525 695 2594 quibus
730 2525 1054 2581 bibliotheca
1089 2524 1379 2579 Bodleiana
1426 2522 1702 2591 superbit,
1739 2522 1980 2578 thesauri
2032 2540 2060 2577 a
2104 2524 2306 2579 Grabio
2338 2540 2483 2579 nunc
2521 2524 2739 2593 penitus
2766 2524 3049 2589 exhausti;
3093 2521 3459 2591 omnibusque
3482 2522 3582 2574 ha-

320 2634 443 2672 rum
496 2620 817 2675 deliciarum
874 2622 1273 2676 scrutatoribus
1304 2630 1428 2691 post
1468 2632 1699 2677 mortem
1733 2622 1929 2677 eruditi
1978 2622 2142 2692 hujus
2178 2622 2279 2677 viri
2321 2612 2537 2677 dictum
2570 2638 2715 2676 nunc
2763 2631 2881 2676 esto
2925 2621 3057 2675 illud
3096 2640 3108 2675 :
3144 2618 3267 2673 Non
3297 2621 3439 2689 plus,
3478 2639 3587 2677 non

319 2710 486 2767 ultra.
515 2710 619 2766 Sed
648 2720 928 2769 transeant
963 2715 1077 2769 haec
1100 2729 1226 2769 cum
1258 2714 1471 2769 caeteris
1494 2716 1795 2769 erroribus.
1830 2714 2013 2769 Redeo
2039 2717 2221 2785 potius
2249 2715 2315 2769 ad
2341 2715 2611 2770 Melitonis
2637 2714 2869 2781 Clavem,
2897 2714 3169 2783 addoque,
3195 2730 3283 2768 me
3311 2716 3477 2781 illius,
3503 2728 3587 2771 ast

326 2801 581 2857 Latinum
614 2805 828 2866 saltem,
860 2819 1077 2858 servare
1104 2805 1438 2873 exemplum,
1477 2804 1622 2873 quod
1650 2820 1715 2859 ex
1746 2803 1948 2872 duplici
1975 2804 2183 2869 codice,
2212 2805 2383 2859 altero
2415 2804 2880 2869 Claromontano,
2924 2804 3094 2857 altero
3142 2802 3443 2859 Mesmiano
3465 2847 3480 2869 ,
3517 2803 3584 2859 ad

321 2897 528 2951 calcem
558 2896 858 2951 Bibliorum
888 2897 1231 2966 Theodulphi
1264 2898 1680 2953 Aurelianensis
1707 2899 1970 2968 episcopi,
2010 2900 2200 2954 codice
2227 2899 2373 2953 mille
2400 2899 2619 2955 circiter
2642 2913 2911 2953 annorum
2938 2898 3301 2968 descripserat
3327 2897 3586 2953 eruditis-

322 2990 498 3045 simus
532 2988 697 3043 Mich.
746 2988 1010 3056 Lequien,
1052 2988 1362 3059 Grabioque
1408 2991 1811 3044 transmiserat.
1858 2989 2147 3044 Editurum
2198 3006 2256 3046 se
2301 2990 2406 3045 hoc
2444 2991 2720 3061 quantivis
2766 2990 2927 3059 pretii
2965 3002 3407 3053 monumentum,
3455 3005 3583 3045 cum

322 3081 801 3136 emendat-ionibus
824 3080 941 3136 Jac.
973 3080 1274 3145 Sirmondi,
1308 3083 1655 3150 promiserat,
1688 3098 1717 3137 a
1743 3098 1853 3152 quo
1886 3092 1996 3137 tam
2027 3082 2197 3136 multa
2226 3082 2328 3135 alia
2371 3083 2724 3152 exspectabat
2765 3083 2916 3136 orbis
2958 3084 3252 3146 litteratus,
3287 3084 3510 3138 nomine
3533 3096 3593 3140 et

323 3172 507 3227 omine
535 3169 763 3241 Magnus
796 3172 1022 3228 Crusius
1055 3173 1188 3244 (2|),
1223 3183 1396 3229 morte
1424 3190 1531 3228 non
1571 3176 1642 3229 ita
1676 3176 1885 3244 pridem
1926 3174 2226 3228 exstinctus
2249 3214 2263 3237 ,
2311 3176 2557 3243 mihique
2590 3184 2714 3244 post
2750 3174 2857 3228 fata
2891 3190 3110 3244 quoque
3133 3175 3417 3241 colendus,
3452 3191 3595 3244 pra:-

323 3274 533 3333 ceptor,
558 3265 649 3332 qui
676 3273 854 3317 tamen
877 3264 999 3333 jura
1024 3280 1147 3330 sua,
1170 3264 1300 3319 dum
1328 3265 1551 3332 viveret,
1586 3264 1745 3319 facile
1775 3264 1909 3319 mihi
1940 3266 2125 3319 cessit.
2163 3261 2406 3318 Divisum
2451 3274 2630 3319 autem
2667 3272 2749 3317 est
2785 3262 3054 3319 Melitonis
3086 3264 3186 3318 hoc
3216 3271 3301 3319 sat
3332 3280 3592 3334 magnum

325 3372 463 3425 opus
496 3357 549 3408 in
591 3356 739 3410 varia
781 3356 959 3426 capita
981 3399 994 3422 ,
1035 3374 1268 3427 quorum
1310 3373 1375 3412 en
1413 3360 1509 3411 tibi
1537 3358 1806 3429 syllalium
1836 3374 1850 3409 :
1886 3374 2006 3427 cap.
2038 3358 2059 3410 1
2087 3398 2100 3421 ,
2131 3357 2250 3411 sine
2287 3356 2447 3411 titulo
2483 3358 2535 3410 in
2564 3367 2797 3426 utroque
2831 3357 3018 3411 codice
3045 3366 3303 3426 apparet,
3336 3365 3385 3409 et
3418 3371 3595 3410 mem-

327 3450 423 3503 lira
454 3448 563 3503 Deo
597 3447 743 3502 Patri
776 3449 831 3502 in
872 3447 1152 3518 Scriptura
1184 3448 1241 3503 S.
1276 3466 1372 3519 per
1397 3448 1885 3519 ἀνθρωποπάθειαν
1929 3450 2131 3505 tributa
2178 3450 2310 3517 quid
2360 3447 2703 3517 signiﬁcent,
2757 3449 3020 3517 exponit,
3062 3449 3205 3518 quod
3255 3448 3398 3502 infra
3447 3448 3594 3503 inter

328 3539 652 3608 fragmenta,
687 3538 1001 3607 specimiuis
1028 3539 1169 3606 loco,
1195 3539 1356 3593 dabo.
1392 3538 1526 3607 Cap.
1550 3538 1604 3605 2,
1637 3539 1700 3592 de
1722 3537 1867 3591 Filio
1887 3537 1985 3592 Dei
2007 3539 2293 3591 secundum
2322 3554 2533 3591 carnem
2563 3538 2902 3605 inscribitur,
2930 3547 2983 3593 et
3012 3538 3143 3608 quid
3171 3538 3391 3594 Christo
3419 3541 3596 3595 ascri-

327 3640 419 3704 pta
438 3632 679 3687 membra
703 3628 1112 3697 notent,docet.
1134 3633 1265 3701 Cap.
1295 3632 1348 3698 5,
1377 3635 1565 3702 agitde
1592 3633 1830 3701 supernis
1848 3634 2126 3685 creaturis.
2159 3632 2293 3700 Cap.
2320 3632 2377 3697 4,
2405 3632 2468 3685 de
2491 3632 2693 3695 diebus,
2716 3633 2893 3697 annis,
2923 3641 2971 3685 et
2995 3634 3334 3696 temporibus.
3365 3634 3500 3703 Cap.
3535 3634 3591 3696 5.

330 3727 392 3779 de
445 3726 696 3778 numeris.
731 3724 864 3795 Cap.
892 3724 945 3789 6,
976 3726 1038 3779 de
1071 3724 1265 3778 mundo
1312 3736 1361 3778 et
1393 3724 1631 3793 partibus
1664 3724 1799 3792 ejus.
1840 3723 1974 3792 Cap.
2012 3723 2061 3787 7,
2094 3724 2158 3775 de
2192 3723 2347 3793 lignis
2380 3724 2748 3793 infructuosis.
2802 3723 2935 3793 Cap.
2971 3724 3024 3790 8,
3071 3724 3134 3778 de
3167 3724 3389 3780 diversis
3422 3727 3594 3780 homi-

418 3863 455 3893 “
486 3861 617 3916 Luc.
644 3876 721 3924 x1,
746 3861 834 3915 52.
932 3865 975 3893 ¹²
1006 3847 1195 3916 Matth.
1233 3878 1345 3929 xw,
1425 3863 1510 3916 19.

1593 3862 1635 3892 ¹³
1666 3878 1784 3931 cap.
1818 3878 1954 3929 χχιι,
1988 3879 2038 3915 v.
2084 3862 2175 3915 ἓξ.
2256 3865 2298 3893 ¹⁵
2321 3878 2439 3931 cap.
2471 3879 2508 3927 ι,
2540 3860 2709 3919 v.18.

402 4000 862 4074 (ιβλΒξὺιίοξΙιεσ.
912 3999 1037 4074 ΡΡ,Δ
1071 4003 1317 4074 ma_.r_im.,
1358 4010 1492 4074 tom.
1536 3999 1600 4074 l_l,
1649 4010 1792 4074 part.
1845 4018 1905 4074 ιι,
2014 4011 2067 4074 et
2114 4001 2258 4071 quod
2316 4002 2591 4074 excurrit,
2643 4018 2817 4074 annos
2866 4003 3139 4074 descripta
3182 4005 3596 4074 elegantissimo

402 4004 511 4124 (182
546 4004 862 4055 Bibliothec.
912 4004 1029 4055 PP.
1071 4004 1317 4065 maxim,
1358 4010 1492 4054 tom.
1536 4004 1600 4065 ll,
1649 4010 1792 4070 part.
1845 4018 1905 4065 ιι,
2014 4011 2067 4055 et
2114 4004 2258 4071 quod
2316 4004 2591 4066 excurrit,
2643 4018 2817 4057 annos
2866 4004 3139 4125 descriBta
3182 4005 3590 4074 elegantissimo

333 4070 482 4143 fgL?
520 4070 859 4143 2,in_addita
888 4069 1905 4143 notula{Libereliamejusdem,qui
2014 4073 2347 4143 charactere.
2401 4071 2457 4126 lu
2507 4072 2767 4143 Catalogo
2821 4083 2998 4127 tamen
3092 4075 3395 4129 ihliotheca:
3460 4080 3590 4134 illu-

328 4139 506 4195 Clavis
557 4158 585 4194 a
636 4140 1447 4209 S,lliernnymo_inscribitur,
1498 4143 1909 4209 manuscriptus
1999 4141 2395 4197 striss.domini
2424 4144 2491 4197 de
2521 4139 2771 4209 Mesmés,
2800 4143 2853 4196 in
2898 4154 3088 4198 senatu
3120 4143 3417 4201 Parisiensi

329 4211 602 4277 reperitur
629 4212 682 4263 in
706 4206 1036 4264 Bibliotheca
1064 4206 1168 4263 PP.
1200 4208 1259 4263 S.
1291 4206 1340 4260 J.
1372 4209 1619 4273 Parisiis,
1649 4211 1695 4263 si
1724 4206 1904 4265 tamen

331 4295 624 4361 germanus
676 4282 746 4361 sit
778 4281 962 4361 ﬂetus:
1000 4278 1195 4361 IE_ricus
1236 4278 1523 4361 Bepaelius
1577 4281 1903 4361 in_cpistola

2012 4163 2395 4197 5ι1·158.ι101111111
2424 4163 2491 4197 ue
2521 4163 2771 4209 MCS'IICS,
2800 4163 2853 4196 ΙΙΙ
2898 4163 3088 4198 senatu
3120 4163 3417 4201 rarISIeHSI
3453 4163 3594 4214 pra:-

2012 4212 2148 4267 sidis
2179 4212 2417 4274 infulati,
2443 4215 2535 4282 qui
2563 4214 2615 4267 in
2639 4212 2800 4267 Bern.
2826 4214 2892 4267 de
2914 4214 3264 4269 Montfaucon
3290 4214 3590 4271 Bibliothe-

2012 4298 2075 4353 ca
2117 4282 2562 4336 Bibliothecarum
2606 4286 3084 4353 manuscriptorum
3135 4300 3297 4347 nova,
3339 4295 3472 4341 tom.
3523 4286 3589 4350 H,

330 4350 565 4417 quadam
594 4350 792 4402 inedita
827 4352 892 4403 ad
917 4348 1148 4402 Gabium
1176 4366 1197 4417 :7
1222 4368 1239 4397 ι
1277 4348 1548 4404 Melitonis
1570 4348 1755 4403 Asiani
1775 4393 1789 4415 ,
1820 4368 1908 4405 se-

333 4416 498 4472 cundi
537 4420 721 4472 saeculi
749 4418 948 4481 Patris,
981 4418 1139 4481 liber,
1167 4416 1341 4470 Clavis
1375 4420 1571 4484 dictus,
1598 4436 1701 4474 ms.
1729 4429 1906 4475 exstat

332 4490 386 4541 in
420 4489 795 4559 vetustissimo
826 4490 1015 4559 codice
1039 4488 1459 4559 membranaceo
1484 4491 1693 4559 collegii
1728 4491 1907 4545 Ludo-

332 4559 436 4612 vici
466 4558 666 4625 Magni,
696 4560 776 4611 vel
807 4560 849 4611 si
880 4558 1052 4612 mavis
1079 4556 1511 4622 Claromontani,
1546 4556 1646 4612 I’P'.
1673 4559 1909 4615 Jesuita-

334 4644 493 4693 rum;
545 4629 675 4682 illud
724 4630 869 4683 enim
920 4643 1117 4683 nomen
1163 4630 1369 4698 accepit
1397 4630 1682 4700 collegium
1739 4633 1905 4697 istud,

334 4712 619 4767 postquam

440 4767 672 4840 Sustulit
696 4769 816 4821 hinc
842 4768 1047 4837 Jesum,
1069 4772 1344 4840 posuitque
1375 4770 1605 4840 insignia
1630 4770 1765 4840 regis

512 4838 689 4908 Impia
713 4856 856 4909 gens,
889 4838 1242 4894 alium'nescit
1260 4838 1457 4894 habere
1478 4838 1664 4893 Deum.

336 4909 713 4965 Describerem
748 4911 1195 4975 lubentissimus,
1221 4911 1328 4965 nisi
1361 4911 1618 4980 temporis
1653 4914 1904 4983 angustia

338 4988 624 5050 premeret.
668 4999 686 5030 ι

407 5048 783 5122 (19)“1’hilipp.
830 5049 1033 5122 Labb.,
1072 5060 1205 5106 tom.
1250 5051 1291 5103 ll
1324 5050 1692 5119 Bibliotheca},
1728 5069 1783 5122 p.
1812 5052 1902 5117 87,

335 5128 389 5174 et
421 5121 475 5173 in
504 5118 659 5173 Nova
688 5118 1017 5191 Bibliotheca
1051 5138 1177 5176 mss.
1219 5123 1475 5174 librorum
1496 5138 1586 5191 ,s.
1626 5118 1905 5191 speéimine

334 5192 694 5260 antiquarum,
724 5190 1005 5260 lectionum
1039 5191 1357 5245 Latinarum
1397 5201 1446 5243 et
1497 5190 1801 5246 ercarum
1850 5195 1903 5245 in
1932 5218 1933 5221 η

333 5261 369 5313 4
405 5259 580 5331 partes
605 5259 947 5331 tributurum,
975 5259 1146 5315 Paris.
1178 5262 1336 5327 1653,
1365 5262 1418 5325 4,
1458 5272 1598 5330 part.
1636 5278 1696 5328 ll,
1720 5279 1771 5331 p.
1798 5264 1860 5315 ‘21
1888 5280 1900 5314 :

341 5349 360 5379 ι
396 5330 572 5383 Clavis
590 5345 757 5383 sacra:
778 5330 1090 5398 Scripturce,
1114 5333 1296 5385 Mileto
1331 5347 1425 5385 seu
1452 5330 1899 5398 Melitone,Asia~

333 5414 428 5464 no,
473 5409 533 5452 ut
574 5399 781 5464 volunt,
826 5402 1081 5470 episcopo
1101 5411 1341 5455 auctore.
1382 5421 1402 5452 ›
1431 5401 1509 5453 Ex
1546 5403 1735 5457 codice
1767 5418 1899 5457 mss.

335 5469 532 5539 collato
562 5486 683 5523 cum
711 5470 1006 5539 appendice
1029 5472 1093 5525 ad
1124 5472 1287 5524 biblia
1312 5472 1424 5524 fere
1448 5487 1610 5526 aurea
1629 5471 1905 5526 Thcodul-

336 5538 427 5605 phi
474 5538 883 5595 Aurelianensis
929 5541 1203 5609 episcopi,
1240 5556 1362 5610 quae
1414 5542 1691 5609 quantivis
1742 5544 1903 5610 pretii

334 5616 549 5661 exstant
580 5610 633 5662 in
665 5610 990 5664 bibliotheca
1022 5610 1348 5665 Memmiana
1389 5621 1514 5666 ante
1541 5613 1901 5683 octingentos,

2013 4352 2464 4427 fol_._1_526-l33_0,
2499 4363 2715 4427 exstat_,_
2734 4352 2905 4427 altum
2934 4356 3002 4408 de
3030 4354 3221 4427 Bibliis
3245 4355 3589 4427 Theodulphi

2012 4422 2331 4477 ctMelitone
2354 4425 2650 4494 silentium.
2674 4424 2784 4478 Nec
2814 4426 3013 4478 mirum
3041 4445 3051 4477 :
3085 4426 3152 4479 ab
3178 4422 3590 4494 imperitissimo

2008 4495 2153 4547 enim
2200 4492 2489 4563 κονιστικῴ
2534 4493 2647 4563 hrec
2691 4496 3186 4563 manuscriptornm
3232 4492 3591 4551 Memmiana-

2010 4579 2131 4616 rum
2161 4560 2504 4633 consignatio
2534 4560 2637 4616 fuit
2661 4564 2930 4623 confecta.
2958 4560 3118 4634 quem
3144 4581 3249 4619 non
3291 4567 3448 4620 aliter
3467 4583 3589 4621 ver-

2011 4634 2117 4686 sari
2148 4634 2541 4702 deprehendes,
2574 4647 2737 4702 quam
2770 4644 2830 4687 ut
2852 4636 2979 4688 talia
3004 4636 3149 4690 dicat
3174 4636 3241 4689 de
3269 4637 3583 4691 codicibus:

2015 4721 2033 4752 ι
2072 4702 2151 4756 lin
2180 4704 2312 4756 livre
2336 4719 2429 4775 sur
2456 4703 2629 4775 velin;
2656 4706 2798 4775 deus
2823 4706 3066 4760 volumes
3088 4705 3585 4775 d'ancienspoétes,

2008 4775 2187 4845 velin;
2226 4790 2302 4845 un
2326 4772 2429 4845 viel
2461 4774 2637 4841 poéte,
2673 4774 2784 4827 iuni
2808 4815 2822 4836 ,
2865 4776 3040 4839 velin;
3087 4776 3213 4845 cinq
3247 4772 3431 4831 autres
3468 4793 3586 4830 ma-

2010 4844 2251 4913 nuscrits
2291 4841 2439 4907 ιιι-4,
2477 4845 2698 4911 papier;
2738 4856 2933 4913 quatre
2971 4841 3300 4900 manuscrits
3342 4845 3582 4909 in-folio,

2007 4912 2142 4965 dont
2166 4913 2300 4966 trois
2326 4929 2421 4984 sur
2453 4913 2591 4984 velin
2614 4922 2667 4967 et
2682 4912 2770 4984 iuni
2804 4931 2869 4969 en
2898 4916 3107 4984 papier,
3136 4925 3241 4969 etc.
3276 4935 3295 4968 ›
3324 4914 3401 4970 Ne
3421 4917 3587 4971 (Edi-

2007 4996 2112 5048 pns
2148 4992 2332 5049 posset
2373 4983 2639 5036 divinare.
2678 4983 2968 5039 Debuisset
3006 4994 3060 5039 et
3098 4985 3232 5038 illud
3277 4987 3457 5041 adhuc
3485 4990 3585 5041 ad-

2007 5053 2396 5131 dere-scilicet,
2434 5069 2507 5131 an_
2536 5069 2771 5131 asseres,
2810 5056 2904 5125 qui
2942 5056 3158 5131 codices
3179 5056 3457 5121 cohibent,
3486 5059 3585 5111 ab-

2008 5122 2150 5196 iegni
2184 5138 2253 5177 an
2292 5124 2534 5196 quercei,
2562 5122 3062 5196 crassiran‘tenues
3085 5126 3234 5180 sint:
3278 5136 3333 5180 et
3368 5142 3437 5180 ex
3476 5143 3587 5196 quo

2008 5194 2179 5266 corio,
2228 5208 2295 5246 an
2342 5194 2561 5259 bovino,
2609 5210 2677 5248 an
2710 5195 2963 5261 vitulino,
3011 5211 3080 5249 an
3118 5196 3301 5260 suillo,
3354 5194 3586 5266 ligatura

2006 5263 2244 5316 exterior
2269 5274 2498 5336 constet,
2524 5272 2577 5318 et
2608 5272 2689 5320 sic
2713 5266 2942 5321 dixisset
2964 5266 3171 5331 omnia,
3200 5282 3321 5336 qua:
3337 5263 3587 5322 de‘codd.

2005 5346 2169 5385 nosse
2191 5348 2384 5402 parum
2410 5334 2592 5388 refert.

2077 5402 2187 5474 (20)
2213 5404 2360 5474 _V'ide
2413 5402 2769 5456 Nachrichten
2809 5420 2912 5474 von
2964 5408 3108 5459 einer
3156 5405 3466 5460 Hallischen
3494 5405 3589 5460 Bi-

2007 5470 2258 5544 bliothelt,
2278 5474 2349 5526 22
2372 5474 2540 5539 stuck,
2576 5490 2699 5544 pag.
2726 5473 2849 5541 560,
2883 5486 2998 5528 not.
3028 5478 3081 5533 1.

2081 5543 2189 5613 (2|)
2230 5543 2459 5598 Crusius
2506 5546 2562 5598 in
2604 5543 2828 5598 Dissert.
2865 5547 3139 5614 epistolica
3170 5547 3238 5600 ad
3274 5545 3401 5600 Chr.
3439 5544 3589 5600 Wor-

2008 5630 2194 5679 mtum,
2222 5630 2344 5684 pag.
2373 5616 2461 5667 15.

398 5724 1087 5796 ξΗοεηιηριιιβηριφιριιωε,
1125 5740 1224 5774 non
1265 5726 1965 5796 PFB-Sillli.ugla_l)ls_lellllp__
1991 5731 2239 5796 integrum
2283 5746 2352 5796 es
2395 5731 2564 5783 codice
2599 5732 2950 5795 Argcnlincnsi
2985 5747 3145 5796 nuper
3188 5732 3342 5784 edidit
3363 5731 3425 5783 D.
3450 5728 3587 5781 Pllra

336 5786 386 5833 in
408 5792 538 5835 torno
564 5786 605 5836 ll
631 5785 881 5852 Spicilegii
906 5789 1239 5839 Solesmensts.
1271 5785 1451 5851 Paris,
1478 5789 1613 5851 1852,
1640 5791 1767 5852 in-l,
1799 5805 1878 5852 ap.
1914 5785 2288 5842 Firmin'Didot.
2316 5793 2452 5841 Eon.
