4130 6414
478 5623 486 5674 l

1425 404 1724 460 NO'I‘ITIA.
1755 436 1824 446 —
1853 406 1915 460 ll.
1949 403 2037 460 DE
2075 404 2384 461 SCRiPTIS
2426 406 2482 460 S.
2526 405 2917 461 MELITONIS.

556 401 686 457 1201
1425 404 1724 460 ΝΟἸΊΤΙΑ.
1755 436 1824 446 -
1853 406 1915 460 ll.
1949 403 2037 460 DE
2075 404 2384 461 SCRiPTIS
2426 406 2482 460 S.
2526 405 2917 461 MELITONIS.
3665 417 3804 470 1202

546 531 673 573 num
701 519 1162 588 appellationibus.
1189 520 1321 589 Cap.
1343 521 1396 587 θ’,
1422 521 1485 575 de
1513 523 1672 576 variis
1713 521 2059 589 azdiﬁciorum
2083 520 2350 574 vocabulis
2374 536 2390 572 :
2419 521 2470 573 in
2497 537 2604 590 quo
2633 531 2812 576 tamen
2855 521 3030 590 capite
3073 523 3231 593 longe
3270 525 3427 594 plura
3470 535 3794 582 tractantur.

543 605 678 678 Cap.
709 610 794 677 10,
821 612 885 665 de
909 612 1136 666 metallis
1152 621 1199 665 et
1216 612 1360 680 aliis,
1389 615 1495 667 sive
1524 615 1605 668 his
1623 629 1738 683 quae
1753 629 1816 666 ea:
1843 612 2070 665 metallis
2085 614 2239 680 ﬁunt.
2268 610 2402 681 Cap.
2430 613 2517 677 11,
2547 613 2611 666 de
2638 615 2998 666 instrumentis
3017 614 3215 668 bellicis
3242 626 3292 670 et
3311 617 3524 670 militia.
3555 619 3687 688 Cap.
3711 620 3799 684 12,

543 698 615 752 de
650 704 992 761 animalibus.
1051 705 1185 776 Cap.
1221 707 1309 772 15,
1354 706 1419 760 de
1470 708 1650 761 bestiis
1710 717 1759 760 et
1789 707 1991 759 cazteris
2021 707 2400 760 animantibus.
2445 705 2562 762 Huc
2597 723 2773 777 usque
2805 708 2928 762 cod.
2963 707 3312 765 Mesmianus.
3359 709 3520 776 Nota,
3555 728 3642 777 ea,
3675 729 3799 782 qua:

543 790 648 847 hoc
676 794 855 864 capite
884 805 1211 862 tractantur,
1243 797 1295 852 in
1322 797 1506 866 plures
1541 805 1776 866 possunt
1804 795 1984 849 adhuc
2006 796 2173 850 dividi
2206 798 2477 852 sectiones
2512 816 2524 850 :
2561 799 2741 868 agitur
2765 799 2912 853 enim
2936 811 3197 869 praeterea
3232 819 3451 873 quoque
3477 804 3542 858 de
3569 821 3711 876 aqua
3741 813 3797 859 et

542 887 704 953 mari,
729 888 796 943 de
820 891 1137 946 nominibus
1166 891 1594 960 provinciarum.
1621 889 1907 958 regionum
1946 897 2000 943 et
2035 890 2337 954 civitatum,
2369 892 2436 946 de
2468 892 2707 962 piscibus
2736 901 2789 946 et
2827 890 3172 949 ﬂuminibus.
3201 891 3256 946 In
3288 895 3460 948 altero
3485 897 3673 952 codice
3708 913 3797 952 sc-

539 992 787 1052 quuntur
816 986 997 1041 adhuc
1042 987 1147 1040 alia
1177 987 1354 1056 capita
1404 1006 1416 1040 :
1464 985 1598 1056 Cap.
1651 986 1738 1051 14,
1797 985 1863 1037 de
1909 985 2212 1040 civitatibus
2245 989 2350 1041 sive
2393 989 2695 1056 provinciis.
2723 989 2858 1057 Cap.
2899 988 2987 1054 15,
3032 987 3094 1042 de
3125 991 3428 1056 [luminibus
3465 1001 3513 1044 et
3544 991 3783 1060 piscinis.

534 1079 671 1150 Cap.
707 1078 795 1146 16,
826 1078 889 1133 de
912 1079 1119 1149 populis
1142 1089 1192 1132 et
1225 1079 1484 1150 gentibus.
1508 1079 1639 1150 Cap.
1671 1079 1757 1137 l7.
1791 1079 1853 1132 de
1884 1079 2178 1134 nominibus
2203 1080 2503 1134 Hebraicis.
2535 1080 2638 1137 Sed
2674 1082 2906 1150 hocjam
2937 1082 3069 1136 satis
3101 1081 3167 1136 de
3189 1083 3291 1137 hac
3320 1083 3496 1136 Clave.

1422 1231 1448 1302 §
1491 1231 1606 1286 XX.
1650 1233 1726 1286 De
1753 1233 1888 1288 libro
1928 1234 2064 1306 Περὶ
2086 1235 2181 1304 τῆς
2210 1235 2601 1304 ἀποκαλύψεως
2641 1236 2907 1289 Ἰωάννου.

603 1373 742 1440 Quid
773 1374 827 1428 in
857 1373 998 1428 libro
1031 1373 1169 1442 Περὶ
1197 1373 1308 1442 τῆς
1331 1374 1768 1443 ἀποκαλύψεως
1807 1374 2064 1428 Ἰωάννοίι

2169 1376 2272 1439 :erit
2303 1384 2506 1440 noster,
2540 1391 2648 1430 non
2671 1385 2882 1432 constat
2914 1386 3048 1432 tuto.
3076 1377 3430 1433 Clarissimus
3457 1377 3657 1432 Millius
3679 1377 3794 1445 (22)

528 1464 738 1526 credit,
793 1479 918 1519 eum
959 1465 1174 1535 integro
1225 1466 1624 1538 commentario
1677 1466 1983 1521 illustrasse
2027 1464 2424 1536 Apocalypsin,
2460 1483 2582 1538 qua:
2638 1468 2939 1537 probabilis
2991 1469 3279 1524 admodum
3323 1478 3377 1524 et
3405 1470 3539 1523 mihi
3579 1468 3796 1524 videtur

527 1556 868 1626 conjectura.
900 1555 1111 1612 Poterit
1142 1557 1370 1626 proinde
1405 1559 1488 1612 vel
1523 1575 1590 1613 ex
1623 1559 1781 1613 titulo
1811 1559 1976 1628 hujus
2016 1559 2138 1612 libri
2175 1557 2417 1614 Joannes
2457 1576 2620 1615 verus
2648 1560 3050 1630 Apocalypseos
3088 1570 3280 1615 auctor
3313 1561 3588 1614 Mclitonis
3628 1560 3794 1614 etiam

527 1647 875 1716 testimonio,
938 1651 1285 1720 comprobari
1340 1668 1355 1707 :
1410 1659 1628 1705 constat
1683 1652 1829 1705 enim
1889 1651 1957 1706 de
2010 1660 2233 1706 auctore
2295 1652 2711 1721 ’Λποκαλύψεως
2777 1653 3012 1707 multum
3073 1652 3186 1721 jam
3254 1652 3562 1706 dubitatum
3626 1650 3795 1705 fuisse

523 1759 557 1799 a
587 1745 894 1810 veteribus,
942 1747 1298 1815 eamdemque
1337 1761 1367 1800 a
1397 1745 1694 1806 Cerintho,
1733 1746 2120 1810 lucresiarcha,
2157 1745 2414 1814 scriptam
2468 1747 2772 1801 asset-uisse
2821 1754 3093 1800 vetustum
3143 1745 3284 1814 apud
3326 1743 3622 1798 Eusebium
3677 1742 3791 1813 (23)

523 1846 838 1903 auctorem,
879 1853 1041 1907 quem
1082 1837 1375 1909 Dionysius
1406 1837 1519 1907 (24)
1551 1836 1954 1892 Alexandrinus
1995 1836 2212 1900 refellit,
2249 1839 2506 1893 dubitans
2543 1847 2721 1892 tamen
2756 1837 2961 1906 adhuc,
2998 1847 3182 1892 utrum
3199 1836 3450 1894 Joannes
3480 1836 3781 1906 apostolus,

521 1949 591 1988 an
632 1931 885 2003 quisquis
932 1932 1074 1987 alius
1112 1933 1278 2002 hujus
1316 1932 1559 1987 nominis
1603 1933 2005 2003 Apocalypseos
2052 1942 2243 1988 auctor
2287 1935 2378 1989 sit.
2430 1932 2600 1987 Porro
2632 1931 2907 1987 Justinum
2947 1948 3165 2003 quoque
3210 1942 3262 1987 et
3306 1931 3566 1986 Irenaeum
3592 1972 3605 1997 ,
3645 1931 3789 1985 circa

520 2025 710 2080 eadem
741 2034 1019 2095 tempora,
1065 2025 1432 2097 Apocalypsin
1482 2026 1871 2095 interpretatos
1917 2040 2070 2090 esse,
2103 2025 2465 2096 Hieronymus
2510 2025 2622 2095 (25)
2680 2033 2931 2079 testatur.
2986 2024 3235 2094 Cumque
3270 2025 3336 2077 ad
3366 2022 3607 2076 divinam
3642 2023 3785 2076 hanc

519 2116 907 2172 revelationem
967 2117 1161 2172 crebro
1215 2124 1515 2185 provocent
1561 2115 1870 2182 Chiliastae,
1934 2130 2043 2170 non
2116 2114 2473 2187 improbabile
2545 2115 2679 2168 mihi
2741 2116 2976 2179 videtur,
3036 2113 3382 2179 Melitenen],
3431 2114 3486 2168 in
3536 2114 3786 2169 eamdem

517 2209 973 2263 commentarium
1007 2208 1373 2273 scribentem,
1412 2224 1538 2264 cum
1581 2210 1704 2265 aliis
1737 2226 1964 2280 quoque
1996 2211 2162 2280 hujus
2189 2211 2373 2265 saeculi
2401 2209 2654 2264 Patribus
2677 2250 2691 2274 ,
2741 2208 3104 2264 Chiliasmum
3148 2208 3200 2261 in
3232 2207 3421 2261 eodem
3455 2207 3783 2268 asseruisse,

517 2317 629 2356 non
663 2302 815 2357 illum
845 2304 1066 2372 quidem
1097 2319 1345 2360 crassum
1369 2346 1385 2372 ,
1421 2305 1516 2360 sed
1544 2306 1838 2360 mitiorem.
1872 2304 2112 2360 Ulterius
2141 2305 2338 2360 exinde
2362 2313 2416 2358 et
2443 2304 2548 2358 hoc
2577 2315 2758 2375 patere
2784 2304 3020 2366 videtur,
3057 2302 3366 2356 Mclitonem
3403 2315 3499 2369 per
3530 2300 3786 2370 angelum

518 2395 778 2452 Ecclesia:
812 2397 1023 2461 Sardis,
1053 2400 1120 2452 ad
1150 2415 1312 2470 quem
1348 2400 1596 2468 quintam
1621 2397 1848 2453 Joannis
1880 2399 2190 2468 epistolam,
2223 2414 2346 2468 cap.
2376 2405 2434 2452 ui
2454 2439 2469 2464 ,
2500 2396 2594 2450 1-6
2614 2439 2629 2463 ,
2671 2397 2852 2451 datam
2893 2395 3128 2468 legimus
3148 2436 3164 2461 ,
3195 2410 3303 2448 non
3333 2408 3493 2461 posse
3530 2390 3782 2460 intelligi,

517 2491 870 2561 utquidam,
937 2507 1076 2562 quos
1134 2493 1188 2546 in
1239 2493 1408 2563 priori
1469 2492 1890 2559 dissertatione,
1953 2493 2095 2564 ξω,
2148 2493 2270 2547 aliis
2321 2490 2658 2560 argumentis
2711 2489 2986 2555 refutavi,
3042 2488 3408 2551 contendunt;
3462 2484 3586 2554 quis
3635 2484 3783 2538 enim

516 2584 737 2648 credat,
768 2581 1076 2638 Melitenem
1123 2583 1176 2637 in
1219 2585 1495 2653 propriam
1545 2586 1938 2654 turpitudinem
1982 2585 2438 2640 commentarium
2484 2582 2831 2638 condidisse?
2875 2580 3116 2636 Tandem
3159 2580 3261 2634 hoc
3297 2593 3516 2648 quoque
3561 2591 3778 2637 moneo,

513 2674 568 2730 in
612 2677 810 2745 insigni
858 2675 1193 2731 Bibliotheca
1255 2678 1472 2731 Ienensi
1524 2677 1974 2732 Commentariun
2011 2677 2449 2747 Apocalypticum
2489 2674 2711 2730 nomine
2761 2673 3034 2728 Melitenis
3079 2672 3405 2741 perantiqua
3455 2667 3780 2736 membrana

510 2766 777 2837 scriptum
809 2766 1033 2834 haberi,
1068 2782 1232 2837 quem
1273 2767 1424 2822 illum
1455 2768 1645 2837 ipsum
1680 2769 1882 2823 librum
1917 2768 1992 2822 De
2016 2768 2332 2838 Apocalypsi
2361 2774 2515 2836 putat
2543 2763 2628 2819 Jo.
2661 2763 2860 2821 Gottlr.
2891 2763 3142 2818 Olcarius
3173 2761 3310 2834 (26).

1554 2921 1581 2994 ᾗ
1622 2921 1762 2976 XXI.
1814 2921 1884 2976 De
1929 2922 2064 2976 libro
2117 2922 2254 2994 Περὶ
2300 2920 2617 2992 ὲνσωμὰτου
2646 2919 2804 2974 Θεοῦ.

578 3074 652 3131 De
685 3075 826 3132 libro
856 3077 996 3147 Περὶ
1039 3076 1387 3148 ἐνσωμάτου
1438 3078 1608 3144 Θεοῦ,
1646 3077 1738 3148 qui
1801 3076 1940 3131 inter
1990 3092 2062 3131 on

2169 3093 2204 3138 ε,
2257 3092 2400 3146 quos
2445 3084 2630 3132 noster
2675 3075 2922 3145 scripsit,
2969 3074 3187 3130 exsistit
3232 3073 3471 3128 maxime
3507 3071 3776 3137 celebris,

505 3166 740 3236 plurima
769 3167 1041 3224 disserere
1075 3184 1292 3240 possem
1318 3210 1334 3236 ,
1383 3178 1568 3239 utpote
1595 3171 1690 3240 qui
1726 3171 1779 3224 in
1811 3186 1979 3225 causa
2023 3184 2146 3224 esse
2174 3169 2411 3234 videtur,
2437 3184 2537 3224 cur
2560 3169 2872 3224 venerabile
2904 3167 3181 3223 Mclitonis
3207 3183 3406 3222 nomen
3435 3167 3487 3220 in
3520 3167 3771 3236 catalogo

504 3261 889 3317 haereticorum
929 3272 1244 3332 compareat
1287 3263 1468 3319 hodie.
1503 3263 1600 3320 Ast
1631 3280 1755 3319 cum
1784 3265 2046 3335 peculiari
2100 3265 2520 3331 schediasmate,
2558 3266 2624 3319 de
2654 3263 3132 3319 Mclitonianorum
3181 3262 3406 3329 haeresi,
3439 3270 3494 3316 et
3517 3261 3776 3318 Melitone

503 3366 571 3406 ex
611 3352 994 3406 haereticorum
1033 3354 1210 3408 classe
1244 3354 1569 3422 eximendo,
1612 3369 1774 3425 agere
1813 3356 2198 3411 constituerim
2223 3395 2238 3420 ,
2293 3357 2410 3410 haec
2440 3356 2626 3410 omnia
2669 3356 2783 3424 jam
2817 3355 3028 3408 mittam
3055 3395 3070 3419 ,
3129 3352 3374 3419 illudque
3416 3369 3563 3408 nunc
3609 3355 3772 3409 unice

503 3444 728 3511 notabo,
761 3452 1016 3499 auctores
1046 3445 1099 3498 in
1129 3443 1320 3500 Latine
1354 3445 1627 3500 reddendo
1658 3446 1816 3499 titulo
1843 3446 2008 3517 hujus
2037 3447 2159 3501 libri
2196 3447 2350 3501 valde
2379 3462 2501 3501 esse
2530 3447 2798 3503 diversos.
2833 3446 3081 3501 Bullinus
3109 3445 3187 3499 De
3211 3444 3319 3498 Deo
3351 3461 3565 3514 corpore
3581 3448 3772 3506 induto

501 3539 701 3604 vertit,
751 3553 882 3605 seu,
934 3547 996 3593 ut
1048 3539 1369 3609 loqueretur
1413 3540 1647 3596 fortasse
1682 3541 2088 3604 Tertullianus,
2141 3551 2440 3612 corporato.
2491 3541 2677 3596 Sixtus
2722 3540 3018 3603 Senensis,
3067 3541 3206 3608 Περὶ
3258 3538 3578 3608 ἀσωμάτου
3617 3545 3765 3598 Θεοῦ

500 3630 720 3700 legens,
757 3632 925 3696 dixit,
960 3647 1085 3686 eum
1139 3633 1193 3686 in
1248 3632 1379 3687 illud
1414 3633 1690 3688 Ceucseos
1722 3649 1735 3683 :
1773 3630 2064 3685 Faciamus
2107 3633 2392 3694 hominem,
2443 3633 2732 3701 scripsisse
2770 3631 2968 3684 librum
3008 3645 3176 3684 unum
3208 3628 3283 3682 De
3309 3629 3417 3683 Deo
3443 3630 3497 3682 in
3523 3645 3764 3700 corpore.

501 3722 773 3791 Valesius,
804 3725 1098 3781 Bollandus
1132 3725 1266 3794 (27),
1307 3725 1522 3782 Ccillicr
1573 3727 1774 3796 aliique
1820 3726 2174 3781 reddiderunt
2209 3725 2304 3796 De}
2327 3725 2728 3789 Incarnatione,
2767 3726 3320 3795 Christophorsonus.
3363 3725 3575 3782 Caveus
3610 3726 3725 3794 (28)
3745 3763 3767 3791 ,,

501 3813 771 3884 Dupinius
809 3813 944 3886 (29),
984 3814 1171 3884 Steph.
1205 3814 1477 3887 Lemoyue
1516 3815 1654 3886 (50),
1687 3817 1948 3869 Suicerus
1981 3815 2118 3884 (51),
2157 3815 2228 3869 De
2256 3815 2360 3870 Deo
2406 3818 2704 3870 incarnato.
2745 3815 2994 3871 Versioni
3043 3814 3345 3871 Valesianaa
3393 3818 3569 3874 libens
3621 3818 3760 3873 sub~

499 3909 764 3965 scriberet
803 3907 1218 3970 Tillcmoutius,
1266 3908 1370 3962 nisi
1415 3907 1744 3962 Theodoreti
1783 3916 1837 3962 et
1863 3906 2130 3961 Gennadii
2182 3908 2428 3962 obstaret
2473 3909 2794 3972 auctoritas,
2851 3922 3088 3977 quorum
3129 3909 3217 3962 ille
3275 3908 3390 3978 (52)
3426 3924 3490 3963 ex
3521 3907 3761 3977 Origene

499 3999 654 4058 δεῖρε-ι
704 4001 917 4066 locum,
957 3999 1046 4053 ubi
1082 3997 1262 4054 Melite
1314 4001 1382 4055 iis
1426 3999 1630 4054 diserte
1679 3999 2101 4064 adnumeratur,
2153 3999 2248 4070 qui
2300 3999 2590 4068 imaginem
2633 3997 2727 4054 Dei
2779 3999 2834 4052 in
2879 4014 3111 4069 corpore
3163 3999 3405 4053 hominis
3455 3999 3764 4054 consistere

499 4092 874 4157 aliirmarunt,
913 4091 1222 4160 dieiturque
1250 4105 1376 4144 eum
1421 4090 1847 4145 commentarios
1878 4090 2064 4159 reliqui

2169 4130 2170 4136 η
2218 4088 2360 4156 Περὶ
2389 4088 2494 4142 τοῦ
2526 4087 2877 4157 ἐνσώματον
2905 4085 3059 4142 εἷναι
3099 4086 3204 4141 τὸν
3237 4089 3404 4152 Θεόν,
3435 4088 3507 4142 De
3539 4105 3598 4144 eo
3623 4091 3765 4160 quod

499 4187 638 4238 Deus
660 4186 729 4238 sit
757 4199 1062 4252 corporeus:
1089 4182 1175 4235 hic
1193 4182 1303 4252 (55)
1324 4197 1448 4236 vero
1469 4182 1652 4248 tradit,
1682 4179 1987 4237 Mclitonem
2019 4190 2074 4236 et
2103 4179 2497 4236 Tertullianum
2531 4195 2856 4250 corporeum
2888 4181 3020 4252 quid
3055 4181 3110 4234 in
3140 4181 3408 4236 Trinitate
3437 4183 3762 4249 credidisse,

498 4277 625 4332 licet
651 4285 879 4346 uterque
911 4291 975 4331 ex
1003 4274 1183 4329 classe
1216 4273 1902 4342 Anthropomorphitarum
1953 4274 2230 4326 eximatur
2260 4288 2516 4341 expresse
2563 4288 2594 4326 a
2625 4273 2953 4347 Gennadio._
2984 4272 3093 4329 Sed
3151 4275 3204 4328 in
3249 4275 3366 4328 haec
3410 4276 3596 4331 omnia
3643 4277 3766 4347 jam

496 4387 609 4428 non
658 4372 926 4442 inquiram
951 4410 964 4434 ,
1001 4370 1054 4424 id
1094 4367 1284 4424 saltem
1335 4368 1513 4422 adhuc
1545 4368 1780 4434 addens,
1831 4366 2251 4438 Hieronymum,
2289 4365 2618 4421 inlindiculo
2658 4383 2760 4422 suo
2801 4368 3078 4423 librorum
3110 4385 3139 4424 a
3166 4369 3418 4425 Mclitone
3449 4369 3764 4440 editorum,

2171 4552 2385 4617 auteurs
2426 4544 2870 4617 ecflésiastiques,
2921 4561 3046 4617 pag.
3080 4546 3169 4617 65,
3202 4555 3317 4602 not.
3348 4563 3379 4602 c
3412 4564 3424 4600 :
3457 4567 3476 4600 ‹
3506 4547 3583 4617 De
3619 4547 3760 4603 Dicat

591 4546 680 4617 22)
719 4545 946 4612 Millius,
981 4544 1285 4617 Prolegom.
1307 4546 1363 4598 in
1390 4543 1462 4600 N.
1491 4543 1907 4617 Testam._n_um.
1937 4543 2066 4597 227.

719 4614 1800 4748 Egzﬂ’eulririflgticgﬁiei?illis.agile?
1809 4662 1914 4737 lib.
1947 4697 2064 4747 vnr,

2169 4615 2403 4670 incarné.
2459 4613 2540 4668 En
2571 4631 2696 4684 grcc
2735 4613 2877 4683 Περὶ
2915 4613 3262 4684 ἐνὰωμάτου
3295 4617 3461 4670 Θεοῦ.
3504 4615 3756 4674 D‘autres

2169 4685 2485 4748 expliquent
2515 4701 2576 4738 ce
2627 4701 2857 4748 passage
2911 4695 3238 4748 autremcut,
3275 4696 3330 4740 et
3356 4696 3452 4740 ont
3489 4703 3586 4742 cru
3618 4689 3752 4748 qu‘i!

569 4683 680 4760 (24)
719 4688 876 4756 Apud
909 4687 1159 4742 eumdem
1195 4686 1393 4742 Euseb.
1427 4684 1572 4739 Hist.
1593 4684 1779 4738 eccles.
1822 4683 1914 4737 lib.
1947 4697 2066 4747 vni,
2169 4685 2485 4760 expliquent
2515 4683 2592 4738 cei
2627 4701 2857 4760 passage
2911 4683 3238 4760 autreincut,
3275 4696 3330 4740 et
3356 4696 3586 4760 ont_cru
3618 4689 3752 4757 qu‘i!

495 4755 615 4829 cap.
637 4755 782 4829 25.;
1149 4827 1157 4829 _
1247 4826 1268 4829 A
1380 4827 1388 4829 _
1629 4826 1640 4829 _
1997 4824 2006 4829 _
2170 4756 2474 4829 avaittenu
2523 4771 2629 4829 que
2658 4755 2956 4810 bieu’était
2985 4757 3252 4829 corporei,
3287 4759 3426 4812 mais
3467 4757 3514 4809 la
3547 4755 3757 4829 propre

2170 4825 2541 4894 signiﬁcation
2588 4828 2661 4880 du
2699 4837 2812 4880 mot
2855 4837 3108 4896 grecicst
3151 4827 3288 4896 celle
3321 4842 3448 4896 ique
3498 4825 3753 4882 nous’lui

2170 4893 2340 4966 av’ons
2369 4896 2600 4966 donnée.
2632 4893 2882 4966 Origene,
2909 4895 3014 4949 cité
3037 4911 3132 4966 par
3150 4893 3478 4966 Theodorei,
3496 4897 3753 4965 question

2167 4963 2239 5035 20
2272 4965 2324 5018 in
2364 4965 2609 5019 Exedunt
2654 4963 2754 5035 (in'
2776 4965 3002 5020 Gcnesin
3038 4963 3279 5019 debebat
3328 4965 3492 5034 esse),
3517 4963 3607 5035 ﬁdit
3644 4981 3755 5035 que

2169 5032 2390 5089 Meliton
2423 5037 2570 5089 avait
2608 5032 2772 5090 laissé
2807 5053 2877 5090 un
2919 5038 3054 5090 livre
3087 5035 3226 5103 Περὶ
3263 5035 3369 5089 τοῦ
3405 5032 3753 5104 emanare.-

2168 5105 2317 5176 εἶναι
2338 5107 2503 5169 Geor,
2541 5123 2648 5175 quc
2680 5105 2812 5161 Dieu
2848 5107 2980 5162 était
3008 5106 3278 5175 corporei,
3309 5121 3374 5160 ce
3405 5105 3498 5176 qui
3542 5110 3754 5160 revlcnt

2171 5175 2200 5227 a
2237 5177 2426 5230 l‘autrc
2462 5192 2607 5231 scus.
2641 5196 2658 5227 ι

2246 5245 2357 5317 (50)
2399 5245 2700 5317 ΙέθγΜογηρ
2736 5245 2791 5300 in
2832 5245 2955 5317 Far.
2985 5263 3121 5300 sacr.
3154 5261 3275 5316 pag.
3306 5245 3433 5301 l99.

2265 5313 2354 5386 51)
2409 5313 2668 5371 Suicerus
2718 5316 2773 5371 in
2810 5316 3061 5371 Thesaur.
3109 5313 3293 5371 eccles.
3339 5325 3472 5370 tom.
3517 5313 3592 5378 ll,
3651 5314 3746 5370 fol.

2171 5388 2330 5442 1122.

2240 5456 2352 5527 (52)
2383 5454 2776 5527 Theodoretus,
2808 5456 3100 5527 Qumstion.
3131 5457 3185 5508 in
3211 5454 3456 5527 Genesin,
3495 5472 3586 5521 xx,
3619 5470 3748 5524 6pc-

2168 5525 2288 5583 rum
2327 5525 2459 5580 tom.
2491 5525 2532 5592 Ι,
2570 5543 2694 5596 pag.
2721 5528 2810 5581 21.
2845 5527 2986 5580 Edit.
3025 5525 3324 5580 Sirmondi.

2245 5597 2357 5668 (55)
2389 5594 2706 5668 Gennadius
2736 5597 2942 5651 Massil.
2978 5597 3051 5648 De
3076 5595 3449 5668 ecclesiasticis
3457 5594 3745 5668 genuisti-

2169 5663 2286 5730 bus,
2316 5663 2436 5732 cap.
2469 5668 2520 5720 4.
2557 5665 2707 5718 Nihil
2725 5682 3053 5736 corporeum,
3082 5675 3139 5719 ut
3167 5664 3349 5720 Melite
3381 5675 3435 5718 et
3457 5663 3746 5718 Tertullia-

2170 5755 2310 5793 nus:
2341 5735 2473 5788 nihil
2517 5735 2863 5805 corporaliter
2889 5738 3193 5804 eﬂigiatum,
3224 5743 3284 5787 ut
3308 5736 3746 5805 Anthropomor-

2170 5810 2312 5877 phus
2356 5817 2410 5860 et
2437 5804 2711 5862 Vadianus
2748 5825 2759 5858 :
2794 5808 2924 5861 nihil
2948 5809 3047 5860 sibi
3087 5805 3350 5860 invisibile
3397 5823 3428 5859 a
3455 5804 3740 5867 creaturis,

2173 5876 2232 5933 ut
2258 5876 2541 5947 Origenes.

569 4824 682 4900 (25)
723 4827 1087 4900 Hieronymus
1146 4827 1200 4880 in
1230 4826 1488 4897 Catalogo
1535 4826 1854 4896 scriptorum
1899 4824 2067 4877 eccle-

495 4899 653 4954 siast.
689 4915 810 4968 cap.
839 4899 894 4953 9.

567 4970 680 5043 (2‘5)
719 4965 1062 5043 O'leariusitl
1081 4965 1409 5020 Bibliotheca
1452 4967 1769 5036 scriptorum
1813 4969 2066 5024 ecclesia-

495 5035 770 5102 sticorum,
805 5055 928 5108 pag.
959 5035 1086 5090 485.

567 5110 679 5233 (27)
720 5105 1018 5186 Bollandus
1049 5107 1103 5160 in
1137 5105 1283 5160 Actis
1311 5106 1408 5161 SS.
1441 5123 1614 5163 mens.
1651 5107 1820 5174 April.
1855 5119 1986 5165 tom.
2024 5109 2063 5171 1,

567 5198 618 5233 a.
682 5181 745 5233 i:
797 5198 815 5230 ‹
863 5178 919 5230 lu
956 5177 1093 5231 libro
1137 5177 1275 5233 Περὶ
1303 5178 1648 5233 ἐνσωιιάτου
1687 5181 1856 5233 Θεοῦ.
1905 5196 2063 5233 auem

495 5177 618 5251 pag.
650 5177 745 5235 ll:
797 5198 815 5230 ι
863 5178 919 5230 lu
956 5177 1093 5251 libro
1137 5177 1275 5244 Περὶ
1303 5178 1648 5251 ἐγσωμάτου
1687 5181 1856 5246 Θεοῦ,
1905 5196 2064 5249 quem

497 5247 963 5306 lie—incarnatione
998 5247 1090 5298 Dei
1119 5262 1250 5316 cum
1297 5249 1417 5302 aliis
1467 5251 1802 5316 interpretati
1853 5247 2064 5313 sumus,

494 5322 736 5376 ostendit
786 5318 1078 5388 Dionysius
1113 5315 1385 5389 Petavius,
1427 5319 1521 5389 lib.
1555 5315 2066 5389 rrThcologicorum

493 5394 824 5462 tlogmatum,
861 5387 981 5462 cap.
1013 5390 1066 5450 1,
1116 5387 1340 5462 impingi
1376 5389 1444 5440 ab
1471 5387 1704 5462 Origene
1749 5387 2064 5462 opinionem

495 5457 769 5529 Mclitoni,
820 5458 977 5529 quasi
1040 5457 1305 5523 senserit,
1361 5467 1454 5512 aut
1503 5459 1694 5513 saltem
1752 5460 2064 5528 disputat-it,

493 5526 666 5585 Deum
698 5546 820 5585 esse
838 5526 1203 5598 'corporeum.
1240 5546 1257 5577 ι

565 5601 684 5672 (2⁸8),
729 5596 1187 5672 Caveus'Script.
1232 5597 1564 5672 ecclesJi-ist.
1612 5596 1778 5650 litter.
1805 5613 1928 5668 pag.
1954 5597 2060 5672 42h:

494 5665 636 5740 nep!
660 5665 1009 5738 ἐνσωμάτου
1035 5665 1202 5728 Θεοῦ,
1238 5668 1309 5740 Ite
1331 5667 1438 5720 Deo
1475 5665 1602 5740 (non
1631 5665 1913 5740 corporeo,
1947 5667 2063 5740 sed)

495 5737 795 5865 aogporato,
821 5737 926 5793 seu
959 5753 1172 5809 corpore
1193 5739 1398 5801 induto.
1429 5746 1486 5792 ut
1513 5738 1645 5793 olim
1671 5737 1914 5791 Bullinus
1946 5739 2065 5792 red-

532 5826 548 5864 ι
593 5820 650 5864 ιι.

532 5810 650 5864 idit.

565 5879 682 5949 (29)
738 5876 912 5949 Dupin
946 5877 1001 5933 in
1039 5894 1239 5949 opere:
1282 5879 1532 5935 Neuvcllc
1576 5877 1932 5948 Bibliothi’quc
1974 5877 2063 5932 des
