4130 6386
411 373 550 431 1205
1454 378 1508 433 S.
1563 379 1818 434 MELITO
1861 381 2041 434 SARD

2039 379 2168 436 'IUM
2210 380 2611 437 EPlSCOPUS.
3533 377 3670 433 1201

407 493 697 548 retinuisse
741 493 927 549 Graaca
980 493 1198 550 Eusebii
1248 496 1444 560 verba,
1502 498 1768 553 incertum
1824 501 1943 554 sine
1993 500 2191 566 dubio,
2241 499 2517 570 quomodo
2570 498 2841 554 Melitonis
2885 507 3119 552 mentem
3168 497 3376 568 absque
3406 497 3674 553 haereseos

411 586 732 657 suspicione
803 589 1074 658 exprimat
1135 589 1345 645 Latine.
1416 589 1545 646 Haec
1588 593 1772 647 omnia
1824 595 2056 663 probare
2104 603 2391 663 poterunt,
2439 603 2690 648 nostrum
2741 593 2810 646 ob
2867 591 2976 645 hoc
3027 591 3289 660 scriptum
3343 606 3452 644 non
3505 589 3674 646 fuisse

409 681 596 734 statim
633 696 661 734 a
698 683 971 736 veteribus
1005 682 1318 738 haereticum
1364 693 1697 752 reputatum.
1740 685 1879 752 Quid
1929 687 1972 742 si
2008 703 2161 756 spem
2204 686 2420 753 fecero,
2454 702 2541 740 me
2580 686 2665 740 his
2699 684 2832 753 ipsis
2863 683 3096 754 plagulis
3123 682 3394 738 Melitonis
3421 682 3664 737 libellum

407 771 489 826 De
527 773 636 828 Deo
682 785 958 845 corporale
995 776 1134 831 forte
1162 777 1567 845 exhibiturum,
1603 789 1657 833 et
1681 795 1748 833 ex
1779 781 2009 850 ipsamct
2041 781 2208 834 libelli
2249 779 2588 848 inspectione
2619 778 2940 832 benevolum
2974 775 3256 832 Lectorem
3295 774 3672 834 convicturutn

409 879 563 930 esse,
599 864 910 921 Melitenem
950 884 979 921 a
1009 869 1158 938 gravi
1190 870 1290 922 hoc
1321 885 1506 925 errore
1544 871 1789 928 abfuisse
1821 889 1987 943 quam
2023 873 2363 942 longissime.

1511 987 1539 1058 ᾗ
1581 988 1746 1042 XXII.
1785 988 1862 1043 De
1898 989 2157 1062 Apologia
2200 988 2258 1043 S.
2287 988 2578 1042 Melitonis.

501 1074 581 1129 Ad
612 1077 732 1145 ejus
759 1079 1067 1150 Apologiam
1088 1122 1104 1146 ,
1141 1095 1236 1137 seu
1277 1083 1336 1136 τὸ
1363 1085 1518 1152 Πρὸς
1561 1085 1905 1140 Ἀντωνῖνον
1930 1086 2132 1150 ,ϐιϐλίδ

2045 1086 2234 1140 λίδιον
2265 1102 2411 1140 nunc
2444 1085 2600 1139 venio
2635 1102 2647 1134 :
2684 1085 2763 1139 sic
2792 1083 3006 1138 videtur
3043 1081 3306 1151 inscripta
3356 1079 3526 1135 fuisse
3557 1079 3676 1134 haec

408 1161 669 1237 Apologia
720 1186 819 1239 pro
844 1171 1171 1228 Christianis
1219 1175 1287 1228 ad
1335 1177 1716 1245 imperatorem
1761 1178 2002 1233 Marcum
2039 1180 2318 1233 Aurelium
2348 1178 2682 1232 Antoninum
2709 1219 2724 1242 ,
2756 1175 3080 1246 cognomine
3124 1173 3539 1243 Philosophum,
3577 1171 3676 1242 qui

406 1256 479 1312 ab
514 1261 672 1315 annis
706 1262 914 1318 Christi
946 1266 1042 1319 161
1072 1281 1247 1336 usque
1273 1267 1340 1321 ad
1372 1268 1474 1322 180
1504 1270 1733 1339 imperio
1769 1269 2019 1326 Romano
2052 1270 2303 1342 praefuit,
2357 1281 2409 1325 et
2442 1286 2535 1340 per
2561 1271 2593 1325 9
2622 1270 2832 1339 priores
2887 1282 3060 1322 annos
3113 1282 3238 1321 eum
3300 1264 3472 1320 Lucio
3506 1261 3674 1328 Vero,

405 1348 610 1419 fratre,
668 1353 958 1424 imperium
1006 1373 1300 1416 commune
1367 1361 1578 1416 habuit.
1629 1363 1935 1418 Βιϐλίδιον
1973 1363 2175 1418 dicitur
2224 1364 2382 1428 ideo,
2436 1362 2581 1433 quod
2634 1361 2853 1432 proprie
2905 1370 3051 1416 esset
3103 1357 3318 1414 libellus
3363 1372 3588 1427 precum
3624 1365 3680 1412 et

407 1446 636 1515 supplex
684 1447 1001 1518 imperatori
1051 1452 1300 1518 oblatus,
1357 1469 1466 1507 non
1500 1469 1628 1508 vero
1679 1455 1894 1526 longior
1944 1457 2261 1526 integraque
2315 1457 2626 1526 dogmatum
2672 1453 3108 1509 Christianorum
3163 1451 3232 1506 ab
3280 1449 3680 1520 objectionibus

407 1548 461 1594 et
491 1539 781 1596 calumniis
815 1543 1097 1613 gentilium
1125 1545 1446 1611 vindieatio,
1480 1556 1541 1601 ut
1564 1556 1714 1617 patet
1745 1549 1829 1604 vel
1869 1565 1936 1602 ex
1984 1549 2103 1617 ipso
2147 1549 2290 1602 illius
2334 1548 2660 1618 fragmento,
2693 1547 2841 1617 quod
2880 1545 3090 1616 profert
3112 1543 3421 1600 Eusebius:
3457 1541 3679 1613 Ταύτην

403 1629 464 1684 δέ
497 1649 580 1687 σοι
615 1634 783 1707 μόνην
817 1639 1200 1710 προσφέρομεν
1227 1639 1430 1709 δέησιν.
1463 1639 1608 1694 Idem
1639 1641 1801 1695 etiam
1835 1640 1936 1694 fuit
1966 1642 2027 1694 tit

2045 1641 2157 1694 llus
2183 1640 2462 1710 Apologia:
2490 1639 2690 1694 Justini
2722 1639 3000 1709 Martyris,
3037 1647 3096 1691 ut
3121 1652 3187 1692 ex
3218 1638 3324 1690 line
3355 1635 3676 1706 posterioris

406 1727 735 1799 Apologetici
781 1731 900 1801 ejus
937 1741 1181 1796 constat,
1236 1733 1326 1788 ubi
1377 1733 1458 1788 sic
1498 1734 1746 1802 loquitur
1774 1732 1889 1803 (54)
1931 1753 1944 1787 :
1978 1735 2037 1786 Κι

2046 1734 2091 1786 tl.
2125 1735 2270 1803 ὑμᾶς
2313 1730 2404 1787 οὖν
2441 1731 2699 1802 ἀξιοῦμεν
2749 1731 3179 1802 ὑπογράψαντας
3217 1729 3278 1782 τὸ
3308 1731 3437 1800 ὑμῖν
3468 1727 3677 1792 δοκοῦν,

405 1822 688 1896 προθεῖναι
719 1825 870 1877 τουτὶ
901 1825 961 1878 τὸ
991 1825 1278 1896 βιϐλίδιον,
1314 1846 1333 1878 ι
1357 1826 1700 1897 Quapropter
1740 1841 1839 1882 vos
1880 1842 2036 1897 rogat

2046 1843 2160 1892 rtus,
2204 1837 2263 1881 ut
2309 1827 2777 1897 superscribentes
2811 1825 2956 1895 quod
2989 1823 3147 1879 vobis
3184 1824 3390 1893 placet,
3431 1823 3677 1878 libellum

405 1917 554 1972 hunc
589 1917 924 1987 proponatis.
957 1938 976 1970 ι
1018 1921 1371 1975 Occasionem
1407 1922 1572 1991 hujus
1603 1920 1906 1976 scribendae
1952 1921 2308 1990 Ἀπολογίας
2337 1920 2438 1990 ipsi
2475 1920 2933 1976 subministrabat
2962 1920 3154 1990 quinta
3185 1918 3292 1972 sub
3324 1917 3677 1987 imperatori-

403 2007 510 2062 bus
535 2007 658 2062 istis
693 2007 746 2061 in
773 2007 1119 2064 Christianos
1155 2013 1354 2082 agitata
1394 2012 1722 2082 persecutio.
1754 2011 1892 2066 Cum
1935 2011 2080 2065 enim
2114 2011 2182 2065 ab
2221 2010 2442 2066 Hellade
2477 2013 2549 2067 ad
2583 2012 2772 2067 Asiam
2821 2011 3088 2066 minorem
3127 2010 3440 2065 transiisset
3478 2021 3682 2082 tragic-

404 2100 618 2154 diarum
646 2099 1191 2171 GalliearumJama,
1221 2113 1430 2160 etcum
1476 2104 1621 2160 fama
1667 2106 1852 2160 rabies
1901 2106 1956 2158 in
1984 2104 2366 2172 Christianos;
2421 2121 2561 2160 nova
2607 2106 2923 2176 regionibus
2965 2105 3105 2171 istis,
3144 2105 3464 2174 iniquorum
3499 2104 3679 2174 magi—

403 2200 673 2248 Stratuum
702 2200 758 2248 et
785 2196 1178 2265 proconsulum
1211 2195 1425 2262 furore,
1463 2208 1581 2252 orta
1611 2205 1906 2267 tempestas
1936 2197 2282 2251 occasionem
2312 2199 2528 2254 dedisse
2556 2199 2772 2252 videtur
2794 2197 3064 2266 Apologiis
3090 2196 3364 2252 Melitonis
3391 2204 3446 2250 et
3472 2195 3683 2264 Apolli-

403 2283 578 2352 naris,
626 2301 739 2339 uno
770 2289 1072 2359 eodemque
1117 2291 1358 2360 scriptis.
1391 2293 1473 2344 An
1519 2292 1654 2361 ipse,
1695 2291 1892 2346 itinere
1925 2290 2156 2346 Romam
2189 2293 2460 2360 instituto,
2504 2293 2823 2363 imperatori
2865 2293 3123 2347 obtulerit
3160 2290 3477 2360 Apologiam
3523 2303 3682 2344 suam

401 2375 608 2442 Melite,
657 2381 806 2449 quod
849 2397 915 2436 ex
958 2385 1144 2453 phrasi
1189 2385 1467 2452 ἐπέδωκε,
1499 2402 1607 2457 qua
1637 2401 1772 2441 usus
1810 2395 1894 2441 est
1935 2385 2206 2442 Eusebius
2252 2387 2305 2440 in
2334 2387 2618 2452 Chronico,
2663 2397 2718 2440 et
2746 2400 2912 2456 quam
2961 2385 3014 2438 in
3040 2384 3295 2440 versione
3342 2397 3442 2436 sua
3469 2381 3682 2451 pariter

403 2483 470 2524 ac
510 2469 564 2524 in
591 2469 848 2544 Catalogo
885 2475 1120 2530 uirorum
1162 2477 1456 2533 illustrium
1501 2477 1730 2532 retinuit
1762 2493 1982 2548 quoque
2016 2477 2401 2548 Hieronymus,
2429 2478 2634 2548 colligit
2663 2476 3067 2542 Tillemontius,
3098 2484 3248 2530 certo
3276 2489 3387 2528 non
3416 2480 3635 2527 constat
3662 2487 3678 2524 :

401 2559 459 2614 id
497 2568 678 2627 tamen
706 2575 860 2620 extra
889 2567 1283 2623 dubitationem
1316 2570 1553 2638 positum
1580 2569 1813 2636 videtur,
1846 2569 2016 2623 fuisse
2041 2569 2146 2624 hoc
2179 2569 2430 2622 ultimum
2456 2568 2729 2623 Melitonis
2764 2568 3050 2636 scriptum,
3083 2581 3192 2635 quo
3225 2566 3362 2620 bene
3393 2564 3461 2618 de
3485 2563 3682 2620 Eccle-

402 2652 487 2708 sla
526 2656 753 2725 meruit;
790 2674 948 2731 nam,
985 2662 1197 2716 caeteris
1244 2664 1530 2718 recensitis
1569 2664 1724 2718 libris
1759 2664 1851 2716 ἐπὶ
1888 2665 2033 2729 πᾶσι,

2039 2705 2044 2726 ,
2082 2666 2260 2733 inquit
2291 2664 2582 2731 Eusebius,
2614 2664 2710 2717 καὶ
2736 2664 2796 2718 τὸ
2833 2665 2993 2732 Πρὸς
3027 2664 3134 2718 τὸν
3181 2661 3541 2717 Ἀντω-νῐνον
3568 2661 3670 2725 βι-

403 2748 670 2815 catam,-
711 2753 878 2822 quod,
919 2771 1028 2824 quo
1071 2757 1293 2811 demum
1334 2759 1682 2828 imperatoris
1726 2775 1871 2815 anno
1921 2762 2162 2816 oblatum
2196 2763 2301 2826 sit,
2337 2761 2529 2830 paucis
2571 2775 2721 2814 nunc
2759 2759 2868 2814 erit
2906 2759 3226 2814 videndum.
3281 2756 3342 2811 Si
3379 2756 3684 2812 Chronicun

402 2837 627 2896 Eusebii
666 2846 1023 2913 evolvamus,
1067 2849 1349 2918 sequentia
1408 2850 1482 2904 ibi
1523 2850 1805 2906 memoria
1847 2853 2041 2907 tradita
2086 2853 2550 2923 deprehendimus
2578 2850 2722 2920 (55);
2767 2850 2874 2901 ΟΛ.
2918 2850 3081 2902 ΣΛΖ’.
3118 2849 3162 2902 Ι.
3198 2849 3368 2901 POA'.
3408 2846 3685 2901 ΚΛΑΡΟΣ

403 2934 496 2988 ΤΟ
532 2935 586 2987 B'
624 2937 745 2990 ΚΑΙ
785 2939 1016 2994 ΚΕΘΗΓ
1020 2943 1138 3008 ΟΣ,
1189 2944 1438 2997 Μελίτων
1487 2945 1803 3016 Σαρδιανῶν
1845 2946 2142 3012 ἐπίσκοπος
2187 2949 2285 3018 τῆς
2312 2946 2510 3010 Λυδίας
2557 2945 2760 3015 βιϐλίον
2799 2947 3154 3014 Ἀπολογίας
3201 2942 3502 3012 Ἀντωνίνῳ
3543 2941 3683 3012 ὑπὲρ

400 3027 748 3100 Χριστιανῶν
775 3031 1013 3087 ἐπέδωκε
1037 3075 1051 3098 ,
1097 3050 1217 3089 eam
1253 3037 1460 3092 scilicet
1491 3039 1743 3092 traditam
1772 3055 1915 3106 esse,
1947 3039 2031 3094 Clt

2053 3056 2111 3094 ro
2139 3049 2193 3095 et
2217 3041 2456 3110 Cethego
2484 3055 2628 3094 coss.
2663 3038 2983 3109 Olympiade
3012 3052 3289 3100 ccxxxvu,
3323 3050 3466 3105 quae,
3501 3033 3684 3088 debita

405 3115 866 3190 chronologorum
922 3124 1167 3179 instituta
1218 3129 1646 3196 computatione,
1697 3130 1855 3185 annis
1897 3140 2022 3200 post
2061 3131 2342 3187 Christum
2379 3131 2524 3185 natis
2553 3131 2793 3186 169-172
2851 3131 3166 3201 respondet,
3217 3139 3271 3183 et
3319 3129 3372 3182 in
3405 3127 3682 3183 decimum

401 3205 611 3264 Aurelii
657 3212 917 3267 Antonini
966 3229 1171 3270 annum
1201 3217 1410 3272 incidit.
1444 3217 1646 3273 Eadem
1677 3221 1838 3276 habet
1883 3221 2144 3276 Chronici
2187 3221 2546 3276 Alexandrini
2597 3234 2789 3277 auctor
2854 3224 2989 3294 (56).
3039 3221 3180 3288 Quin
3232 3237 3302 3276 ex
3358 3220 3512 3289 ipsis,
3562 3234 3686 3288 qua:

402 3315 704 3372 supersunt
756 3307 919 3364 hodie
953 3310 1225 3381 Apologia:
1274 3313 1439 3384 hujus
1489 3313 1834 3385 fragmentis,
1877 3334 2002 3373 cum
2046 3319 2291 3374 veritatis
2332 3317 2569 3386 quadam
2618 3317 2799 3386 specie
2848 3317 3213 3388 colligendum
3259 3323 3362 3380 est,
3390 3330 3511 3369 eam
3550 3321 3680 3367 ante

400 3410 607 3456 annum
641 3399 766 3468 170,
795 3403 889 3473 qui
925 3415 1008 3460 est
1033 3407 1241 3461 Aurelii
1268 3407 1530 3463 Antonini
1560 3409 1648 3476 10,
1677 3427 1790 3480 quo
1837 3421 2090 3467 mortuus
2122 3414 2235 3482 jam
2285 3421 2407 3466 erat
2440 3411 2666 3476 Lucius,
2699 3427 2806 3465 non
2845 3410 3016 3466 fuisse
3045 3411 3307 3465 oblatam.
3330 3408 3504 3461 Aliter
3533 3407 3680 3462 enim

399 3497 549 3546 certe
591 3492 739 3548 illam
767 3493 941 3551 Lucio
980 3499 1188 3567 pariter
1227 3515 1292 3554 ac
1323 3499 1508 3555 Marco
1547 3502 1772 3558 Aurelio
1801 3504 2080 3558 Antonino
2130 3503 2523 3572 inscripsisset,
2560 3503 2863 3572 praesertim
2893 3519 3018 3557 cum
3061 3503 3116 3556 in
3157 3517 3218 3555 ea
3251 3511 3436 3570 ageret
3468 3499 3681 3569 imperii

401 3593 578 3656 parte,
607 3602 730 3657 qua;
764 3587 830 3642 ad
861 3586 1016 3643 Lucii
1049 3589 1312 3645 ditionem
1349 3593 1654 3662 pertinebat
1681 3595 1886 3664 potius,
1922 3610 2087 3664 quam
2123 3594 2192 3648 ad
2227 3595 2524 3661 Antonini;
2561 3610 2662 3648 nec
2689 3595 2944 3657 dixisset,
2981 3592 3226 3647 faustum
3264 3591 3540 3645 Antonino
3572 3589 3682 3644 im-

403 3679 615 3752 perium
649 3681 953 3749 ominatus,
1008 3683 1151 3752 μετὰ
1175 3684 1266 3738 τοῦ
1298 3685 1523 3750 παιδός,
1578 3687 1671 3741 sed
1699 3688 1926 3742 omnino
1961 3705 2028 3757 με

2050 3687 2100 3741 τὰ
2129 3686 2219 3740 τοῦ
2259 3686 2506 3757 ἀδελφοῦ.
2541 3686 2737 3750 Porro,
2770 3687 2936 3741 unius
2967 3687 3157 3741 saltem
3199 3685 3296 3739 filii
3335 3685 3681 3754 imperatoris

400 3773 606 3828 mentio
638 3773 729 3839 lit;
765 3774 956 3832 habuit
995 3787 1176 3832 autem
1205 3778 1515 3832 Antoninus
1555 3779 1714 3845 duos,
1741 3779 1981 3832 Annium
2013 3777 2236 3845 Verum,
2279 3788 2333 3833 et
2365 3779 2750 3844 Commodum,
2787 3793 3025 3848 quorum
3069 3775 3218 3846 prior
3251 3789 3397 3828 anno
3429 3773 3532 3828 170
3556 3773 3684 3828 fatis

401 3875 662 3922 cesserat.
696 3867 934 3937 Rursus,
965 3870 1321 3939 Commodus,
1362 3872 1451 3926 cui
1482 3871 1611 3926 felix
1643 3881 1895 3940 precatur
1943 3871 2255 3941 imperium,
2290 3871 2592 3926 tribunitiae
2619 3871 2909 3940 potestatis
2943 3870 3057 3940 jam
3099 3877 3214 3923 tum
3246 3867 3418 3922 fuisse
3445 3867 3680 3930 videtur,

398 3967 528 4009 cum
553 3956 672 4012 haec
701 3959 964 4015 scriberet
988 3960 1192 4029 Melite,
1225 3979 1389 4033 quam
1420 3963 1640 4017 demum
1664 3963 1900 4017 obtinuit
1921 3978 2067 4018 anno
2095 3963 2220 4016 170.
2247 3961 2393 4029 Haec,
2419 3963 2666 4033 inquam,
2693 3963 2878 4017 omnia
2906 3960 3176 4031 probabili
3202 3959 3339 4014 satis
3366 3957 3682 4028 conjectura

397 4047 692 4117 evincunt,
738 4053 882 4109 hanc
902 4055 1219 4127 Apologiam
1264 4072 1374 4110 non
1416 4055 1590 4112 fuisse
1635 4065 1761 4111 ante
1803 4072 2008 4111 annum
2053 4057 2402 4126 imperatoris
2441 4055 2715 4110 decimum
2763 4055 3166 4124 consignatam.
3211 4052 3294 4105 An
3336 4060 3515 4106 autem
3554 4066 3680 4105 cum

403 4138 753 4201 Tillemontio
782 4147 895 4220 (37)
932 4149 1162 4204 ulterius
1208 4148 1634 4219 procedendum,
1678 4157 2003 4219 tempusque
2055 4150 2240 4204 traditi
2290 4149 2457 4204 libelli
2493 4148 2758 4218 supplicis
2811 4163 2957 4201 anno
2999 4146 3220 4201 demum
3249 4145 3352 4200 175
3403 4145 3678 4216 figendum

401 4237 495 4304 sit,
537 4240 591 4292 in
625 4241 806 4296 medio
845 4243 1184 4313 relinquam;
1235 4253 1472 4299 attamen
1521 4257 1627 4296 non
1653 4243 1867 4296 videtur
1898 4244 2048 4297 omni
2097 4243 2417 4312 exceptione
2447 4243 2624 4312 major
2658 4241 2928 4297 sententia
2981 4240 3151 4310 probe
3197 4239 3487 4308 pensitata.
3538 4235 3682 4290 Sane

401 4329 742 4387 Commodus
788 4348 1019 4389 consors
1057 4329 1288 4404 'imperii
1337 4335 1581 4388 nondum
1640 4332 1816 4389 factus
1863 4334 2078 4390 videtur
2112 4350 2238 4389 eum
2275 4334 2392 4390 haec
2426 4335 2694 4390 scriberet
2730 4332 2944 4397 Melite,
2982 4331 3120 4385 alias
3155 4345 3356 4384 nomen
3399 4328 3520 4397 ejus
3570 4343 3678 4381 non

401 4425 846 4495 prattermisisset
889 4425 942 4479 in
985 4427 1174 4494 titulo;
1212 4441 1312 4481 nec
1361 4426 1466 4497 ipsi
1506 4427 1742 4480 ominari
1786 4425 2054 4495 potuisset
2108 4425 2437 4494 imperium,
2481 4426 2628 4495 quod
2669 4425 2899 4495 jamjam
2945 4423 3232 4488 tenuisset,
3275 4420 3324 4475 si
3371 4427 3484 4473 tuta
3537 4417 3679 4472 foret

399 4517 738 4588 Tillemontii
774 4521 1122 4599 conjectura;
1167 4521 1271 4577 hoc
1311 4531 1492 4576 autem
1535 4537 1659 4575 eum
1697 4521 1869 4587 faciat
1907 4520 1963 4574 in
1989 4518 2248 4590 Apologia
2291 4535 2390 4574 sua
2424 4527 2632 4582 noster,
2674 4519 2853 4572 innuit
2894 4515 3078 4581 simul,
3099 4529 3238 4582 eum
3277 4521 3406 4566 tunc
3436 4511 3677 4565 nondum

401 4609 578 4668 fuisse
627 4614 1035 4685 imperatorem.
1084 4613 1304 4684 Dupinii
1339 4613 1450 4686 (58)
1486 4614 1577 4668 hic
1608 4613 1784 4668 obiter
1815 4612 2089 4666 notandus
2141 4627 2319 4674 error,
2370 4625 2536 4680 quem
2588 4620 2769 4664 tamen
2804 4608 3209 4680 typothetarum
3258 4606 3441 4676 potius
3479 4603 3675 4656 vitium

399 4705 590 4773 credo,
635 4707 730 4777 qui
780 4709 1036 4764 traditam
1085 4707 1259 4762 nostri
1286 4706 1603 4776 Apologiam
1653 4705 1827 4760 fuisse
1880 4704 2072 4759 scribit
2122 4719 2268 4757 anno
2295 4701 2432 4767 182,
2477 4716 2590 4771 que
2635 4701 2844 4755 dudum
2899 4708 3150 4754 mortuus
3191 4709 3307 4752 erat
3355 4698 3675 4766 imperator.

402 4795 673 4856 Referunt
725 4815 888 4871 porro
927 4799 1184 4866 Historiae
1212 4815 1405 4866 Lsacra:
1449 4799 1767 4868 scriptorcs,
1816 4796 2060 4849 Marcum
2106 4794 2469 4857 Antoninum,
2515 4792 2790 4849 Melitonis
2837 4793 3182 4862 aliorumque
3232 4790 3678 4844 Christianorum

403 4895 900 4969 supplicationibus
952 4905 1282 4966 permotum,
1323 4893 1612 4962 scripsisse
1662 4891 1949 4962 epistolam
1987 4905 2034 4941 at

2049 4888 2055 4939 ῐ
2096 4903 2368 4941 commune
2395 4887 2571 4954 Asiw,
2612 4886 2770 4954 Πρός
2801 4886 2864 4939 τὸ
2903 4884 3110 4938 κοινὸν
3162 4881 3272 4951 τῆς
3311 4883 3535 4948 Ἀσίας,
3571 4897 3680 4950 qua

474 5051 591 5120 (5.4)
637 5049 838 5108 Justln.
895 5049 1371 5122 .‘llarterApolog.
1416 5065 1455 5102 ll
1501 5065 1595 5117 pro
1632 5045 1978 5122 Christianis,
2090 5047 2105 5095 ε

2090 5043 2236 5122 (illo!
2262 5042 2816 5122 Ἀπουζογίαςέᾷωκε
2852 5044 2961 5106 τοῖς
2994 5040 3338 5111 λελεγμένοις
3375 5035 3675 5109 βασιλεῦσι,

401 5113 522 5193 cap.
551 5113 640 5193 l4,
675 5139 796 5193 pag.
823 5122 912 5193 55,
947 5113 1073 5176 edit.
1106 5113 1366 5175 Hutehin.
1409 5113 1509 5174 seu
1538 5119 1720 5188 potius
1751 5117 1982 5189 Grahia-

1106 5113 1366 5175 Hutehin.
1409 5113 1509 5174 seu
1538 5119 1720 5188 potius
1751 5117 1982 5189 Grahia-
2088 5114 2482 5193 καὶ-ξτεροιβὲ
2517 5113 2719 5193 πολλοί;

401 5138 522 5193 cap.
551 5133 640 5188 14,
675 5139 796 5192 ρων.
823 5133 912 5186 55,
947 5133 1073 5176 edit.
1106 5133 1366 5175 Hutehtn.
1409 5135 1503 5174 seu
1538 5133 1720 5188 pouus
1751 5133 1982 5171 bruma-

400 5191 718 5268 ειωιρκρη-
745 5165 912 5268 570.5-
944 5261 995 5268 __
1119 5264 1129 5268 _
1899 5186 1952 5268 ..ζ

2088 5133 2183 5167 και
2217 5133 2303 5167 ετε
2345 5133 2394 5166 οι
2427 5133 2482 5167 οε
2517 5133 2720 5167 ποΛΑοι.

2163 5187 2277 5268 (ᾗῇ)
2311 5133 2631 5268 ίῖὴιιιξιιιυιιῑ,
2688 5182 2970 5267 Mémoires
3023 5199 3158 5268 ρ-ίὶιςτ·
3210 5181 3375 5234 serrir
3409 5181 3448 5260 ᾲ
3490 5180 3673 5260 l’llist.

474 5248 588 5334 (3.5)
611 5262 812 5318 Euseb.
852 5251 1215 5334 iHCht‘OlliCO,
1246 5262 1339 5332 lib.
1366 5270 1505 5330 post.
1538 5276 1660 5330 pag.
1691 5258 1817 5330 2-H,
1849 5257 1982 5311 edit.
2086 5248 2269 5334 cedes.
2304 5258 2408 5334 lcit.
2448 5253 2740 5334 lo_e._lnnota
2788 5256 2824 5306 ‘2
2869 5272 2881 5307 :
2939 5248 3264 5334 Sz'Mélitun
3323 5268 3351 5302 a
3394 5248 3529 5332 éct'it
3555 5268 3676 5334 son

401 5320 606 5404 Scalig.
631 5333 816 5404 ,An‘tst.
849 5331 1009 5404 1658.
1068 5324 1070 5327 ’
1179 5320 1214 5404 γ’
1298 5326 1303 5332 ’
1336 5320 1382 5404 _'
1412 5402 1420 5404 _
1538 5320 1555 5329 ’
1611 5320 1638 5330 ν
1707 5327 1710 5330 ’
1889 5399 1907 5404 _
1946 5399 1956 5404 _
2091 5325 2344 5404 Apologia
2381 5325 2538 5404 apres
2736 5323 3095 5404 et‘pcut-etrc
3136 5323 3313 5374 Ini-Inc
3349 5320 3522 5404 apré's'
3549 5322 3672 5402 175.

476 5391 592 5476 (δῶ
624 5403 682 5476 In
701 5402 931 5476 Corpore
955 5403 1257 5476 ijzantiuo
1302 5402 1526 5476 obvius,
1580 5410 1708 5476 to_m_.
1740 5398 1981 5476 ιιινη-ῳι.
2139 5391 2505 5476 ’(5ὅ)⁷-Ι)υρἰιι,
2555 5391 3056 5476 ΙξξριὶοιΙιὲἮιᾳηάρε
3105 5404 3322 5476 articulus
3382 5391 3672 5476 ecclésiast.

400 5463 529 5539 203,
567 5463 700 5528 ὲάὶι.
730 5463 922 5529 Vellet.
960 5463 1088 5539 Σλςν
1138 5473 1473 5542 Ὀλυμπιὰς,
1513 5471 1724 5534 ς’.⁶1νδ.
1766 5470 1977 5537 γ’.Ὑπ.

2089 5463 2220 5542 totn.
2253 5463 2542 5542 il,__’pag._
2585 5467 2654 5520 65
2701 5485 2717 5542 ξ
2765 5485 2783 5515 ‹
2827 5464 3046 5542 hleliton
3104 5463 3285 5515 fleurit
3317 5478 3472 5542 “suus
3525 5463 3675 5542 Γυφ-

414 5531 668 5616 ξορῷίτου
703 5546 798 5598 καὶ
830 5531 1146 5608 Πούδενθξος.
1197 5531 1358 5616 Nota,
1393 5531 1630 5616 nondum
1677 5531 1979 5594 absolutam

2088 5540 2202 5616 pire
2236 5541 2302 5616 de
2335 5531 2784 5616 Μίίιύἶᾼιιιοιιίη,
2825 5537 2859 5588 il
2897 5534 3209 5616 rept'ésenia
3227 5531 3590 5616 Stl‘ntflltttf'slt:
3624 5533 3671 5616 |_a

403 5603 706 5681 Eusebius,
772 5616 1081 5670 absolutam
1112 5603 1257 5668 ⁷νει-ο
1300 5612 1673 5682 Olympiadem
1731 5621 1986 5682 numerat
2087 5603 2653 5682 {lcuxiégneanm-Sede
2677 5617 3091 5682 cctctnpercur,
3137 5603 3463 5682 (festival-ire
3498 5603 3553 5682 |a_
3579 5603 3674 5653 182.

402 5672 842 5751 Alexandrinus,
893 5695 1056 5753 atque
1108 5686 1181 5738 ita
1232 5672 1434 5748 subdit,
1461 5672 1756 5749 postquam
1790 5677 1985 5753 delu-
2089 5681 2156 5733 de
2207 5680 2254 5732 la
2291 5677 2587 5753 Haissanec
2620 5677 2686 5753 dc
2713 5673 3320 5753 Jestts-Christ:t_l_loilf.
3375 5672 3506 5725 Dan.
3540 5672 3695 5724 Lar-4

403 5755 532 5826 stini
562 5755 808 5826 Martyris
829 5745 887 5808 'et
921 5745 1228 5815 Crescentis
1253 5745 1793 5826 Apologi'isdiserat:
1828 5749 1986 5826 ’A>._‘)t:l
2091 5750 2323 5819 requani
2356 5748 2677 5800 Adversaria
2719 5763 2894 5813 sacra,
2933 5761 3052 5826 pag.
3086 5745 3207 5797 (illi.

405 5824 500 5895 1,9).
534 5821 800 5890 Μελίτὶυν,
849 5826 1129 5890 Ἀσιανὸς,
1181 5821 1491 5896 Σαρδιανῶν
1526 5822 1853 5885 ἐπίσκοπος,
1907 5821 1983 5892 βι-
2941 5821 2946 5833 ῖ
