4130 6418
473 380 615 452 ηοξ
1347 386 1755 444 NOTITIA.—
1782 384 1846 440 ιι.
1879 386 1968 440 nr:
2006 386 2321 443 SCRIPTIS
2361 387 2418 442 s.
2461 385 2850 442 MELITONIS.
3595 388 3734 446 nos

471 510 712 577 vetabat,
752 523 823 563 ne
868 499 993 577 quis
1028 503 1393 575 imposterum
1437 503 1784 559 Christianos
1840 503 2119 573 religionis
2161 521 2276 559 suae
2316 517 2482 558 causa
2529 502 2979 556 calumniaretur.
3033 499 3226 556 Exstat
3276 500 3442 571 hujus
3490 502 3738 570 epistolae

472 604 675 675 duplex
701 601 882 657 versio
907 598 1121 662 Graeca,
1152 598 1322 651 altera
1357 596 1502 666 apud
1529 595 1805 651 Justinum
1860 595 2151 667 Martyrcm
2193 596 2302 667 (59)
2327 638 2341 661 ,
2367 596 2535 650 altera
2582 593 2727 664 apud
2776 591 3073 648 Eusebium
3109 592 3243 667 (40),
3287 603 3518 663 uterque
3554 606 3740 651 tamen

470 693 722 751 eamdem
745 691 1024 747 Antonino
1054 689 1152 745 Pio
1179 689 1388 756 tribuit,
1426 689 1569 759 quod
1609 687 1860 744 Valesius
1901 688 2012 760 (41)
2049 699 2102 743 ct
2135 688 2452 742 Kortholtus
2488 687 2602 759 (42)
2638 695 2917 753 notarunt,
2948 685 3207 748 Chronici
3237 687 3592 742 Alexandrini
3635 704 3739 742 au-

475 797 685 843 ctorem
727 787 1032 854 laudantes,
1066 783 1267 854 quippe
1297 784 1392 853 qui
1420 793 1566 838 recte
1595 782 2060 848 animadverterit,
2096 783 2384 850 epistolam
2426 781 2576 834 illam
2619 795 2727 834 non
2754 778 3034 833 Antonino
3068 777 3187 846 Pio,
3219 780 3312 834 sed
3342 779 3526 835 Marco
3560 782 3742 850 potius

476 897 601 937 esse
633 880 1000 936 tribuendam.
1032 877 1304 933 Castorum
1351 876 1406 929 in
1447 876 1565 945 ipso
1606 875 1772 945 hujus
1811 873 2055 944 epistola:
2095 883 2248 928 textu
2293 883 2442 928 tanta
2490 873 2634 928 inter
2663 870 2884 926 Eusebii
2942 872 3220 942 exemplar
3257 880 3312 926 et
3355 872 3492 926 illud
3535 871 3743 926 Justini

481 972 751 1043 Apologia
801 971 1108 1026 subnexum
1160 969 1400 1025 occurrit
1443 967 1830 1036 discrepantia,
1881 976 1934 1020 ut
1963 965 2050 1020 Jo.
2076 967 2320 1022 Clericus
2366 965 2498 1038 (45),
2537 981 2634 1035 pro
2665 979 2998 1031 more'suo,
3049 973 3220 1019 totam
3258 980 3372 1019 rem
3423 966 3512 1036 pia
3550 966 3745 1022 fraude

447 1067 774 1122 'conlictam
805 1062 1012 1118 credat.
1045 1061 1250 1132 Duplex
1276 1059 1444 1129 hujus
1473 1057 1762 1129 Apologiw,
1793 1075 1915 1128 qua:
1937 1068 2152 1114 aetatem
2181 1070 2424 1114 nostram
2457 1073 2569 1112 non
2606 1058 2746 1124 tulit,
2775 1066 2952 1112 exstat
2975 1056 3375 1127 fragmentum:
3399 1075 3567 1113 unum
3599 1064 3746 1129 apud

485 1161 803 1226 Eusebium,
843 1156 1075 1212 alterum
1113 1155 1260 1226 apud
1284 1153 1544 1210 Chronici
1579 1155 1935 1210 Alexandrini
1967 1155 2168 1224 saepius
2204 1155 2318 1224 jam
2359 1155 2583 1210 citatum
2616 1162 2922 1216 auctorem,
2952 1152 3098 1222 quod
3130 1160 3426 1224 utrumque
3470 1169 3745 1225 apponam

485 1252 650 1307 infra.
1110 1295 1118 1305 .

485 1267 650 1311 intra.

1633 1363 1876 1436 §XXI|L
1917 1364 1988 1418 De
2023 1364 2294 1434 Ἐκλογῶν
2319 1365 2471 1419 libris
2504 1381 2614 1418 sex.

558 1484 822 1555 Superest
849 1491 909 1538 ut
935 1483 1003 1539 de
1033 1481 1420 1552 Excerptorum
1450 1483 1566 1538 sive
1602 1481 1872 1550 Ἐκλογῶν
1897 1481 2052 1536 libris
2072 1474 2320 1551 Quaedam
2355 1482 2535 1537 adhuc
2563 1482 2762 1536 dicam.
2797 1481 3058 1537 Erasmus
3094 1483 3206 1555 (44)
3239 1483 3305 1538 ad
3333 1483 3544 1539 titulum
3583 1485 3749 1557 hujus

485 1578 671 1653 operis
715 1577 990 1642 observat,
1021 1590 1147 1630 eum
1195 1584 1340 1632 recte
1384 1575 1608 1630 omnino
1645 1575 1813 1630 scribi
1849 1591 1944 1644 per
1977 1594 2030 1641 κ,
2061 1591 2169 1630 non
2206 1591 2303 1640 per
2347 1593 2402 1644 γ,
2437 1574 2780 1645 Eclogarum,
2828 1573 3168 1645 Eglogarum,
3206 1592 3522 1647 quanquam
3565 1579 3620 1634 in
3661 1581 3753 1636 his

486 1687 682 1742 parum
713 1667 1004 1726 conveniat
1035 1668 1175 1722 inter
1201 1665 1534 1736 exemplaria
1565 1663 1780 1719 Latina.
1818 1662 2083 1719 Precibus
2115 1663 2360 1719 Onesimi
2391 1665 2680 1734 cujusdam
2721 1667 3033 1735 composuit
3063 1667 3165 1723 hos
3209 1668 3380 1723 libros
3413 1667 3616 1737 Melito,
3657 1673 3754 1740 qui

489 1783 588 1836 pro
616 1781 805 1821 amore
831 1781 897 1821 ac
923 1765 1104 1821 studio
1135 1779 1237 1821 suo
1265 1778 1394 1834 erga
1418 1763 1646 1818 verbum
1681 1762 1797 1831 Dei,
1825 1771 1954 1818 sunt
1975 1751 2141 1819 verba
2173 1763 2394 1820 Eusebii
2431 1763 2546 1834 (45)
2568 1806 2582 1830 ,
2632 1765 2834 1834 saepius
2871 1780 2901 1818 a
2944 1774 3136 1820 nostro
3178 1767 3554 1836 postulaverat
3582 1769 3755 1825 libros

444 1937 449 1952 ι
489 1859 701 1916 Veteris
736 1859 1072 1916 Testamenti
1101 1870 1357 1916 accurate
1391 1875 1755 1930 cognoscere;
1787 1870 1922 1930 quot
1968 1877 2223 1928 numero,
2273 1871 2327 1916 ct
2374 1877 2485 1932 quo
2529 1861 2640 1916 sint
2679 1861 2872 1916 ordine
2912 1862 3243 1932 conscripti,
3286 1879 3450 1934 quem
3494 1874 3761 1934 praeterea

487 1969 688 2024 magno
720 1953 843 2009 fidei
875 1955 1071 2009 ardore
1105 1962 1160 2008 et
1182 1967 1378 2022 magna
1410 1953 1656 2008 discendi
1699 1953 1992 2023 cupiditate
2018 1952 2278 2023 flagrasse
2313 1955 2524 2021 scribit,
2564 1963 2618 2009 ct
2662 1955 2729 2009 de
2761 1969 2872 2024 quo
2907 1936 3250 2026 compertum
3303 1957 3563 2024 habebat,
3611 1960 3759 2030 quod

487 2051 562 2105 ob
584 2065 827 2105 amorem
859 2049 954 2105 Dei
980 2047 1164 2105 divina
1194 2050 1299 2104 ista
1328 2049 1493 2104 rebus
1515 2048 1811 2104 mundanis
1836 2049 2092 2103 omnibus
2115 2048 2408 2114 anteferat,
2437 2049 2741 2118 salutisque
2765 2057 2981 2104 aeterna:
3007 2049 3318 2105 obtinendae
3348 2065 3512 2105 causa
3545 2050 3763 2107 fortiter

487 2137 728 2195 decertet
753 2140 931 2195 unice.
959 2139 1289 2198 Prazclarum
1315 2161 1447 2200 sane
1471 2145 1783 2200 encomium
1803 2164 1818 2200 :
1842 2154 1914 2209 et,
1953 2146 1997 2200 si
2023 2160 2052 2198 a
2078 2146 2312 2200 laudatis
2341 2145 2554 2200 laudari
2581 2147 2800 2200 demum
2828 2146 2946 2201 laus
2975 2155 3078 2213 est,
3110 2162 3217 2202 non
3243 2163 3540 2216 possumus
3572 2149 3764 2218 utique

489 2234 669 2302 aliter,
697 2237 830 2306 quin
866 2238 933 2293 de
958 2236 1221 2308 singulari
1255 2241 1455 2310 pietate
1482 2251 1535 2296 et
1566 2241 1780 2312 egregia
1813 2241 2059 2297 Onesimi
2093 2241 2275 2295 indole
2310 2243 2614 2297 sentiamus
2645 2242 2853 2311 optima
2902 2237 3131 2311 quaevis,
3165 2224 3397 2310 ejusque
3438 2242 3762 2296 memoriam

489 2330 862 2385 venerabundi
902 2347 1117 2403 semper
1149 2338 1475 2394 recolamus.
1507 2337 1704 2393 Itinere
1738 2339 1922 2409 itaque
1953 2341 2008 2394 in
2035 2339 2315 2394 Orientem
2351 2341 2622 2403 instituto,
2667 2339 2878 2394 Veteris
2905 2337 3244 2393 Testamenti
3276 2328 3446 2393 libros
3472 2329 3786 2410 diligentcr'

490 2435 600 2474 non
626 2421 804 2522 modo.
823 2421 1014 2479 didicit
1044 2424 1260 2522 Melite,
1307 2443 1612 2498 eorumque
1660 2430 1896 2485 indicem
1927 2429 2190 2484 Onesimo
2231 2445 2331 2485 suo
2366 2431 2545 2497 misit;
2590 2447 2782 2486 verum
2834 2430 2999 2485 etiam
3031 2445 3096 2483 ex
3130 2428 3331 2483 divinis
3375 2429 3497 2484 istis
3544 2431 3765 2500 scriptis

491 2513 1016 2621 excerptaains‘uper
1047 2513 1282 2621 collegit,
1315 2515 1367 2568 in
1399 2532 1494 2571 sex
1539 2518 1710 2573 libros
1760 2518 2073 2583 distributa,
2103 2529 2164 2574 nt
2199 2521 2314 2588 ipse
2341 2530 2573 2574 testatur
2611 2521 2752 2590 apud
2786 2520 3105 2587 Eusebium,
3132 2521 3191 2586 ἐξ
3225 2515 3322 2589 ὧν,
3357 2522 3632 2594 inquiens,
3670 2527 3767 2578 καὶ

488 2599 589 2702 ita;
646 2602 926 2702 Ἐκλογὰς
972 2606 1336 2678 ἐποιησάμην,
1375 2610 1455 2674 εἰς
1489 2610 1547 2676 ἓξ
1602 2610 1782 2681 βιϐλία
1829 2611 2038 2665 διελών.
2073 2613 2114 2666 Ε

2134 2629 2153 2665 ι
2197 2612 2422 2668 floribus
2477 2614 2582 2668 mel
2624 2622 2828 2683 sugunt
2860 2629 3011 2683 apes,
3056 2628 3330 2669 venenum
3368 2616 3599 2685 vipcrm;
3634 2617 3765 2686 quid

493 2689 506 2700 .
550 2661 582 2702 .-
825 2661 837 2672 .
901 2661 918 2670 -
1119 2661 1130 2675 .
1209 2661 1221 2678 .
1273 2661 1283 2678 .
1325 2661 1335 2670 .
1435 2661 1453 2674 .
1498 2661 1547 2676 κν
1602 2661 1652 2681 ,η
2073 2661 2153 2666 _--
2197 2661 2422 2668 ---.-----
2478 2661 2582 2668 υ---
2624 2661 2827 2683 "an---
2861 2661 3011 2683 _,.--,
3071 2661 3330 2669 .-ηπ-.--
3381 2661 3419 2669 .-
3464 2661 3567 2670 -.w
3635 2661 3766 2673 ......

491 2701 657 2795 igitur
690 2710 758 2748 ex
801 2695 918 2764 lege
955 2704 1008 2750 et
1040 2700 1324 2767 prophetis
1356 2703 1692 2771 cxcerpserit
1724 2712 1931 2764 noster,
1970 2703 2016 2757 si
2052 2712 2351 2772 quaeratur,
2392 2703 2511 2772 ipsa
2559 2703 2755 2757 iterum
2793 2701 3046 2761 Sardiani
3095 2711 3259 2764 verba
3302 2661 3768 2782 respbnsio’ni‘in-

489 2787 696 2838 servire
717 2795 994 2854 poterunt,
1029 2787 1228 2857 quibus
1267 2789 1444 2858 palam
1495 2791 1572 2854 fit,
1607 2807 1732 2845 eum
1775 2790 1844 2844 τὰ
1877 2793 2006 2862 περὶ
2051 2791 2120 2844 τοξ

2137 2791 2141 2838 L
2171 2793 2422 2863 Σωτηρος
2469 2791 2563 2845 καὶ
2589 2792 2770 2862 πάσης
2795 2793 2894 2863 τῆς
2927 2795 3166 2862 πίστεως
3209 2800 3388 2871 ἡμῶν,
3421 2817 3508 2866 ea,
3532 2819 3655 2872 quae
3697 2805 3768 2858 ad

493 2878 844 2937 Servatorem
871 2891 925 2938 et
953 2884 1020 2938 ad
1046 2885 1354 2941 universam
1390 2886 1548 2942 ﬁdem
1580 2897 1825 2944 nostram
1855 2888 2146 2957 pertinent,
2173 2887 2228 2941 in
2262 2889 2494 2955 gratiam
2532 2885 2777 2941 Onesimi
2818 2889 2900 2942 sui
2936 2890 3242 2960 collegisse,
3271 2908 3433 2962 quem
3465 2894 3770 2965 simplicem

491 2991 898 3050 pauperemque
924 2979 1145 3046 laicum,
1185 2998 1290 3037 non
1321 2983 1610 3054 κράτιστον
1631 2983 1888 3054 Θεόφιλον
1912 2985 2122 3052 quemd:

2138 2999 2227 3050 un,
2258 2982 2448 3048 fuisse,
2484 2984 2731 3037 nonnulli
2768 2983 2882 3055 (46)
2903 2981 3148 3044 "credunt
3184 2989 3331 3054 ideo,
3369 3000 3428 3045 ut
3455 3003 3769 3061 promptum

491 3068 766 3127 Melitonis
796 3071 997 3127 infimae,
1029 3073 1190 3128 etiam
1223 3077 1392 3130 sortis
1441 3076 1761 3131 hominibus
1799 3076 2130 3130 inserviendi
2159 3076 2404 3130 animum
2433 3091 2499 3130 eo
2528 3077 2830 3145 majoribus
2865 3081 3131 3137 extollant
3166 3083 3443 3140 laudibus.
3493 3084 3550 3138 in
3588 3084 3775 3140 medio

494 3173 679 3272 tamen
704 3169 1067 3240 relinquimus
1092 3173 1289 3226 horum
1319 3173 1715 3242 conjecturam,
1750 3174 1801 3228 id
1832 3173 2024 3230 saltem
2062 3173 2242 3228 adhuc
2273 3174 2531 3238 addituri,
2571 3174 2675 3228 bos
2707 3173 3031 3245 Ectogarum
3074 3174 3245 3230 libros
3279 3175 3411 3229 mihi
3451 3191 3559 3230 non
3600 3177 3774 3232 videri

495 3260 748 3366 ultimum
774 3278 803 3318 a
839 3263 1092 3366 biclitone
1125 3271 1497 3340 conscriptum
1537 3288 1698 3342 opus,
1750 3273 1878 3326 licet
1909 3271 2106 3343 potiori
2138 3271 2260 3327 loco
2290 3271 2343 3324 in
2377 3272 2642 3326 librorum
2677 3273 2818 3327 serie
2852 3274 2921 3328 ab
2950 3273 3187 3329 Eusebio
3222 3289 3328 3327 non
3369 3271 3578 3328 fuerint
3617 3290 3776 3330 comv

493 3353 771 3423 prehensi,
794 3358 888 3412 sed
917 3371 1043 3428 post
1069 3377 1283 3428 omnes,
1320 3364 1621 3434 interjectis
1649 3366 1975 3435 quibusdam
2009 3365 2151 3427 aliis,
2183 3373 2594 3430 recenseantur,
2628 3365 2943 3433 appendicis
2967 3366 3126 3434 quasi
3157 3365 3300 3429 loco,
3326 3365 3486 3433 cujus
3517 3367 3593 3419 rei
3636 3368 3776 3421 hanc

495 3443 669 3555 fuisse
692 3463 917 3555 causam
951 3455 1301 3526 conjicimus,
1343 3461 1490 3528 quod
1521 3472 1629 3515 non
1663 3471 1771 3515 tam
1807 3461 2008 3531 ingenii
2035 3477 2174 3530 opus
2203 3460 2503 3524 censuerit,
2536 3475 2703 3529 quam
2735 3460 2960 3515 laboris.
3012 3459 3406 3528 Fragmentum
3455 3461 3671 3531 insigne
3720 3470 3778 3516 et

495 3537 550 3593 in
579 3537 821 3601 Historia
847 3559 1003 3602 sacra
1027 3550 1263 3606 maxime
1289 3553 1503 3608 celebre
1529 3562 1780 3623 superest
1811 3553 1973 3608 hodie
2006 3569 2072 3608 cx
2101 3553 2256 3608 libris
2287 3553 2440 3607 hisce
2471 3554 2803 3622 caeteroquin
2833 3553 3152 3623 deperditis.

767 3682 1006 3754 §XXIV.
1037 3687 1346 3744 Observatio
1371 3688 1435 3742 de
1466 3688 1618 3744 libris
1651 3689 1921 3744 Melitonis
1951 3699 2135 3743 contra
2162 3690 2398 3744 Izazreses.

1888 3689 1921 3742 is
1951 3699 2135 3743 contra
2162 3690 2400 3744 haereses.
2438 3689 2516 3743 De
2551 3689 2686 3742 libro
2717 3689 2852 3760 Περὶ
2909 3689 3240 3760 σαρκώσεως
3263 3693 3519 3764 Χριστοῦ.

566 3798 801 3906 ρυοιιάο
830 3815 1025 3875 praeter
1051 3807 1156 3862 hos
1177 3807 1412 3864 Eusebio
1435 3818 1897 3865 commemoratos
1926 3809 2096 3865 libros
2125 3808 2491 3879 Hieronymus
2520 3808 2633 3879 (47)
2661 3815 2919 3877 prmterea
2947 3809 3280 3865 mentionem
3310 3811 3442 3868 facit
3468 3816 3773 3871 multorum

495 3891 861 3964 voluminum,
886 3898 1089 3967 quibus
1113 3900 1350 3970 origines
1379 3901 1668 3960 haeresium
1693 3902 2036 3972 singularum
2059 3900 2434 3971 explicaverit,
2465 3908 2520 3953 et
2548 3914 2615 3954 ex
2645 3898 2847 3967 quibus
2876 3897 3327 3969 philos0phorum
3353 3903 3601 3961 fontibus
3622 3916 3780 3962 ema-

498 3996 750 4051 naveriut
781 3997 1048 4068 singulae;
1087 4001 1194 4056 hoc
1219 4019 1328 4058 non
1373 4004 1441 4060 de
1473 4004 1738 4074 peculiari
1768 4004 2008 4074 quodam
2039 4011 2206 4073 atque
2234 4003 2580 4059 voluminoso
2611 4014 2774 4068 opere
2802 3999 3077 4070 intelligas
3111 3999 3297 4061 velim,
3341 3998 3448 4058 sed,
3469 3999 3779 4067 generatim

497 4089 568 4146 de
590 4091 852 4147 omnibus
885 4091 1158 4149 Melitonis
1186 4094 1408 4164 scriptis
1443 4094 1651 4150 dictum
1680 4104 1832 4164 puta,
1867 4104 2054 4166 utpote
2084 4111 2208 4166 qua:
2234 4093 2348 4150 fere
2370 4094 2578 4157 omnia,
2621 4100 2682 4146 ut
2729 4091 3282 4168 vidimushactenus,
3328 4092 3520 4148 haaresi
3557 4092 3781 4161 cuidam

498 4182 722 4244 fuerunt
745 4189 1017 4258 opposita.
1053 4187 1285 4260 Scripsit
1314 4198 1496 4246 tamen
1536 4199 1799 4262 praeterea
1838 4165 2046 4260 noster,
2094 4165 2157 4246 ut
2184 4191 2597 4247 observavimus
2622 4204 2808 4258 supra,
2845 4165 2981 4243 alios
3009 4165 3192 4244 adhuc
3230 4187 3401 4241 libros
3447 4187 3588 4240 inter
3636 4199 3782 4254 quos

497 4277 772 4335 referendi
823 4290 952 4336 sunt
999 4281 1292 4338 Anastasio
1323 4281 1550 4336 Sinaila:
1599 4281 2012 4336 commemorati
2052 4280 2184 4348 duo,
2239 4281 2376 4334 alter
2409 4277 2480 4330 De
2512 4277 2760 4347 passione
2790 4276 3038 4340 Domini,
3093 4278 3232 4330 alter
3273 4275 3350 4330 De
3400 4273 3781 4328 Incarnatione

500 4373 725 4443 Christi,
754 4377 891 4448 Περὶ
919 4375 1250 4449 σαρκώσεως
1275 4378 1536 4450 Χριστοῦ,
1568 4393 1728 4448 quem
1759 4377 2120 4448 posteriorem

2149 4389 2368 4446 quoque
2396 4374 2537 4427 inter
2561 4373 2763 4442 scripta
2787 4370 3134 4426 Melitoniana
3171 4369 3374 4439 recepit
3398 4367 3614 4424 Caveus
3642 4364 3780 4434 (48),

499 4487 734 4529 monens
764 4474 1007 4544 insuper,
1037 4489 1176 4544 opus
1215 4471 1361 4527 istud
1392 4484 1423 4523 a
1454 4469 1596 4523 libro
1635 4465 1927 4531 Melitonis,
1974 4466 2110 4537 napi.
2159 4463 2293 4518 Θεοῦ
2330 4462 2646 4534 ὲνσωμάτου
2684 4462 2966 4517 diversum
2997 4475 3121 4516 esse
3160 4461 3496 4516 censendum
3523 4500 3538 4525 ,
3593 4467 3787 4528 utpote

501 4573 647 4643 quod
677 4588 788 4627 non
831 4573 885 4626 in
920 4589 1114 4639 unum,
1158 4582 1217 4628 ut
1258 4570 1367 4634 ille,
1407 4569 1504 4625 sed
1551 4568 1606 4621 in
1637 4567 1824 4636 plures
1863 4565 2099 4622 divisum
2135 4563 2302 4619 fuerit
2331 4564 2518 4627 libros,
2547 4573 2600 4617 et
2625 4577 2692 4617 ex
2725 4577 2962 4632 quorum
3000 4559 3164 4615 tertio
3196 4557 3564 4627 fragmentum
3596 4555 3780 4622 attulit

503 4668 739 4739 insigne,
785 4669 856 4724 ab
885 4668 1180 4723 Anastasio
1215 4675 1579 4723 asservatum.
1630 4663 1834 4719 Contra
1875 4662 2204 4718 Marcionem
2238 4661 2474 4730 scriptus
2507 4669 2627 4715 erat
2657 4660 2748 4714 hic
2777 4660 2934 4721 liber,
2963 4663 3057 4728 qui
3105 4657 3446 4714 divinitatem
3474 4654 3681 4709 Christi
3728 4651 3786 4707 in

502 4781 668 4832 carne
698 4767 934 4838 negavit,
958 4776 1011 4822 et
1038 4765 1313 4822 Melitonis
1347 4766 1452 4821 hac
1485 4766 1538 4820 in
1564 4772 1720 4837 parte
1745 4762 2054 4817 doctrinam
2086 4761 2290 4830 scripto
2320 4758 2468 4814 edito
2494 4766 2923 4827 oppugnaverat.

1688 4879 1856 4935 XXV.
1900 4879 1977 4935 De
2009 4880 2241 4934 transitu
2265 4876 2459 4931 Maria:
2502 4874 2668 4934 liber.

579 5013 812 5085 Spurius
838 5019 1022 5067 tamcn
1052 5009 1325 5075 estliber,
1356 5005 1451 5078 qui
1494 5004 1571 5060 De
1602 5004 1837 5059 transitu
1869 5001 2036 5056 beatae
2071 4999 2262 5054 Maria:
2300 4996 2521 5068 virginis
2566 4995 2670 5051 sub
2709 4992 2829 5063 ejus
2867 4989 3089 5045 nomine
3138 4983 3547 5049 circumfertur,
3599 4989 3652 5067 et
3686 4977 3786 5050 qui

577 5173 692 5243 (59)
718 5169 878 5243 Apud
890 5167 1103 5243 _Justin.
1133 5165 1299 5221 Mart.
1329 5164 1397 5219 ad
1423 5163 1630 5219 calcem
1661 5159 1865 5232 prioris
1887 5157 2084 5228 Apolo-
2408 5149 2760 5243 Erasmusjin
2787 5141 3378 5243 gotisnadngieion‘pnnli
3411 5137 3590 5243 ggtal.

504 5209 1103 5318 giéf'fiiiiiis'fw'."
1134 5209 1299 5318 ’ᾆξ’ῗῗ
1329 5209 1630 5318 ““,”“’ῙΪ.”’

2262 5209 2379 5293 (‘45)
2411 5221 2611 5275 Euseb.
2640 5218 2780 5272 Ηὶει.
2813 5216 2996 5270 eccles.
3029 5215 3124 5267 lib.
3151 5230 3224 5274 ιν,
3258 5209 3378 5281 cap.
3415 5209 3503 5263 26.

1920 5300 1978 5318 ιιι
2042 5307 2084 5318 ,.
2269 5293 2379 5318 [tm
2425 5290 2719 5318 'I‘:ll-...n..o
2775 5286 3088 5318 Ιιίιςηςηὲνηο
3161 5292 3247 5318 “In
3348 5298 3376 5318 τι
3428 5282 3441 5318 Ι
3484 5282 3500 5318 ὶ

579 5263 628 5309 ε,
659 5260 784 5366 ναξ.
817 5260 942 5295 ma.
1200 5308 1210 5319 _
1550 5305 1560 5316 .

579 5315 693 5384 (40)
719 5357 737 5366 -
769 5313 876 5383 pud
898 5306 1283 5384 _Euseb._Hist.
1312 5304 1498 5384 acciet“.
1526 5304 1624 5359 lib.
1653 5318 1728 5368 iv,
1759 5317 1880 5372 cap.
1916 5300 2004 5363 15,
2035 5307 2089 5352 et
2195 5377 2208 5384 _

2262 5260 2381 5362 (46)
2425 5290 2723 5345 Tillcmont
2775 5286 3124 5384 (Mémoires‘,
3161 5260 3293 5384 (θέα,
3325 5260 3396 5335 τε.
3427 5282 3541 5349 Ι.);
3583 5297 3602 5330 ‹
3642 5277 3791 5384 σεξ,-

2195 5377 2208 5384 -
2253 5368 2292 5384 ι.
2346 5367 2754 5384 -_--__.___-_--.....
2801 5374 2872 5384 ...-
2934 5356 3130 5384 ,εἶμι-πη
3216 5357 3374 5384 ηἴηηη
3454 5351 3696 5384 nnninnn
3761 5364 3790 5384 ο

508 5347 1624 5441 in‘EKiJZi'c‘E'A‘ié'f
1653 5347 1728 5368 μ’
1762 5347 1880 5372 wr'
1921 5347 2087 5441 ",7?
2193 5347 2292 5441 t‘oi‘t
2343 5347 2874 5441 a'pparemment‘un
2933 5347 3130 5441 simple
3194 5356 3396 5441 lai'quc,
3454 5347 3697 5441 quoique
3739 5347 3790 5401 ie

605 5423 1586 5520 'i.?i:&_§éb_._
1607 5442 1704 5498 lib.
1739 5459 1817 5520 Iv,
1847 5456 1968 5510 cap.
1996 5438 2090 5520 2f}.
2198 5437 2356 5520 Spaipt
2379 5423 2586 5488 ἰῖοιιΙὺι
2627 5423 3791 5520 bien‘leritreprpiidrehde:‘gl'afudlsnvozage‘s

730 5491 1076 5595 1i3iiii51hs
1108 5520 1161 5573 in
1216 5516 1666 5595 Adnotationibus
1708 5491 1897 5584 quibus
1917 5491 2094 5565 luaria
2198 5491 2252 5565 et
2281 5507 2376 5595 des
2404 5518 2676 5595 ouvrages
2698 5499 2807 5578 fort
2833 5491 2991 5595 lonng
3012 5497 3042 5550 a
3066 5511 3128 5595 sta
3151 5491 3597 5595 COIIISldéﬁiiOIDQi

508 5561 712 5652 Jugi‘nli
731 5561 1673 5658 ‘ii'i'ié‘fi‘izu's'iréiiz:
1949 5561 1986 5658 ⁷-
2205 5561 2316 5658 que
2342 5577 2394 5658 la
2430 5561 2660 5658 cluat-ite,
2711 5571 2805 5640 qui
2853 5561 3213 5658 est'toujours
3247 5563 3487 5625 humble,
3515 5571 3600 5616 est
3637 5561 3790 5631 préte

578 5639 971 5740 Clericus
1022 5664 1079 5718 in
1135 5639 1604 5714 Historiagccles.
1638 5655 1863 5708 duorum
1905 5651 2104 5720 primo-
2211 5639 2420 5740 {iolﬁi‘r
2441 5659 2510 5740 gn
2547 5653 2664 5696 tout
2690 5639 3108 5740 auximoi'ndgxs
3139 5649 3461 5740 personncis.
3484 5649 3502 5684 ι

809 5735 818 5740 .
1196 5731 1290 5740 ..._.
1401 5737 1410 5740 Α
1463 5728 1476 5740 ι
1607 5727 1620 5740 ι
1711 5725 1788 5740 ιιι·
1812 5724 1845 5740 ι·
1890 5725 1925 5740 ,Δ
2045 5738 2069 5740 __
2287 5723 2301 5740 Ι
2493 5728 2735 5740 .η-.Ληνπη
2851 5726 2928 5740 uno
3177 5722 3338 5740 nnnln
3420 5719 3500 5740 ﬂl'l

1022 5704 1960 5803 Illi-ag...ﬁtIEt'danslajltitiliotii.
2005 5738 2096 5803 an-
2428 5713 2759 5803 _Hieronym.
2800 5707 2974 5778 Epist.
3012 5708 3113 5773 80,
3140 5704 3338 5776 ’qucm
3398 5704 3581 5760 locum
3629 5717 3792 5773 supra

509 5787 1252 5869 eiciineﬂetnwder'né,tom.
1297 5787 1386 5870 Vl,
1427 5815 1551 5870 pag.
1579 5796 1723 5871 Alﬁ.
1765 5794 1963 5852 Confer
2007 5793 2105 5846 Ba-
2217 5787 2594 5871 exhibuimus.
2713 5851 2775 5871 ﬂ.
2945 5850 3083 5871 mm
3164 5861 3265 5871 Mn
3321 5845 3378 5871 η
3421 5835 3424 5838 ,
3463 5851 3466 5854 _
3503 5836 3506 5839 ,

1315 5845 1386 5870 η’
1427 5845 1550 5870 ΓὍ.
1579 5845 1723 5871 ’-μ’
2009 5845 2022 5846 7
2056 5845 2078 5846 η
2229 5845 2232 5846 ν
2292 5860 2402 5932 (48)
2443 5858 2681 5924 Cavcus,
2708 5851 2910 5909 Histor.
2941 5850 3127 5917 litter.,
3164 5861 3286 5922 pag.
3315 5845 3403 5910 45,
3463 5851 3466 5854 ’
