4130 6408
438 348 573 407 1207
1479 353 1537 407 S.
1580 351 1840 408 MELITO
1880 349 1997 407 SAF

2103 349 2189 407 ΠΜ
2226 344 2630 405 EPISCOPUS.
3549 340 3688 395 1208

436 468 491 521 in
524 469 850 538 quibusdam
883 473 1042 527 codd.
1073 487 1209 527 mss.
1243 474 1405 528 etiam
1446 472 1551 528 sub
1579 471 1739 527 titulo
1772 470 1848 524 De
1886 469 2243 538 assumptione
2272 464 2485 531 Mariae,
2524 464 2640 517 sive
2663 460 2739 516 De
2770 461 2916 515 obitu
2964 458 3175 527 Mariae,
3208 458 3323 515 sive
3359 458 3484 514 aliis
3510 460 3690 515 adhuc

434 560 609 617 titulis
650 566 833 620 venire
865 566 1020 621 solet.
1053 567 1326 637 Antiquus
1355 566 1576 636 quidem
1612 575 1693 621 est
1720 564 1878 628 liber,
1905 571 1990 617 ast
2019 570 2166 617 certe
2208 559 2573 622 adulterinus,
2617 565 2671 611 et
2701 555 2904 611 Gelasii
2943 554 3055 624 jam
3105 568 3338 608 censura
3385 553 3439 607 in
3476 550 3689 623 synodo

432 648 680 710 Romana
709 657 787 711 sic
816 660 1151 729 proscriptus
1181 660 1335 733 (49):
1374 679 1391 711 ι
1431 659 1613 724 Liber,
1640 659 1733 729 qui
1766 654 2072 727 appellatur
2106 654 2409 717 Transitus,
2446 652 2501 707 id
2549 660 2632 707 est
2664 651 2968 718 Assumptio
3005 651 3174 702 beatae
3210 647 3420 713 Maria’,
3453 662 3685 716 apocry-

432 745 594 813 phus.
632 766 654 799 ι
690 750 1027 809 Venerabilis
1056 754 1197 810 Beda
1230 754 1343 824 (50)
1378 756 1525 811 illius
1569 764 1830 824 tanquam
1867 750 2040 821 spurii
2077 762 2239 820 atque
2283 748 2611 819 supposititii
2664 744 2853 815 scripti
2895 744 3144 799 meminit
3178 743 3385 808 multis,
3424 742 3688 811 variaque

429 847 620 894 contra
645 842 892 900 veritatis
923 848 1157 916 speciem
1187 847 1422 902 conficta
1441 847 1637 903 exinde
1663 845 1891 916 profert,
1918 846 2006 899 hic
2030 843 2257 897 omnino
2295 841 2583 897 videndus.
2619 838 2666 895 A
2691 853 2800 907 quo
2837 835 3000 891 fuerit
3044 836 3279 905 scriptus
3315 834 3530 889 libellus
3559 848 3687 887 cum

429 944 537 987 non
574 932 808 1001 dicatur,
850 939 969 993 sine
1004 940 1246 995 auctoris
1286 941 1442 995 titulo
1478 940 1654 1009 ipsum
1682 939 1890 993 editum
1930 937 2102 991 fuisse
2140 935 2522 991 existimamus
2545 949 2668 988 eum
2702 931 2936 986 Baronio
2972 930 3110 999 (51),
3141 929 3229 983 cui
3260 935 3447 998 postea
3476 926 3688 983 otiosus

428 1020 702 1090 quispiam
738 1028 1031 1094 pmﬁxerit
1059 1032 1367 1100 speciosum
1401 1031 1621 1085 titulum
1666 1029 1938 1085 Melitonis
1973 1026 2261 1083 Sardensis
2302 1026 2564 1096 episcopi.
2598 1024 2792 1079 Editus
2818 1031 2902 1078 est
2932 1022 3132 1092 sacpius
3162 1021 3356 1075 Latine
3394 1023 3448 1075 in
3476 1020 3687 1076 Biblio-

426 1112 605 1170 thecis
630 1113 875 1187 Patrum,
914 1138 965 1175 ν.
1004 1137 1053 1179 c.
1089 1141 1101 1176 :
1134 1124 1188 1178 in
1223 1124 1552 1178 Bibliotheca
1584 1125 1807 1178 Patrum
1829 1132 1879 1177 et
1905 1131 2136 1176 veterum
2163 1130 2443 1174 auctorum
2470 1118 2969 1182 ecclesiasticarum,
2997 1130 3120 1185 qua:
3165 1112 3395 1173 Parisiis
3424 1129 3519 1182 per
3547 1113 3695 1168 Mar-

428 1206 682 1273 garinum
722 1211 789 1265 de
816 1213 864 1267 la
896 1214 1082 1285 Bigne,
1114 1214 1179 1272 D.
1216 1216 1406 1283 Sorb.,
1437 1217 1596 1282 1621,
1624 1216 1786 1271 tomis
1824 1216 1868 1269 Χ
1915 1214 2138 1285 prodiit,
2170 1221 2222 1267 et
2252 1212 2419 1267 editio
2444 1221 2637 1283 quarta
2671 1211 2891 1277 dicitur,
2924 1218 3075 1263 tomo
3102 1206 3216 1273 VII,
3251 1206 3346 1261 fol.
3395 1206 3532 1274 580;
3562 1207 3693 1261 item

428 1300 484 1352 in
531 1302 768 1359 maxima
800 1305 892 1361 illa
934 1308 1279 1375 collectione,
1319 1326 1441 1380 quae
1495 1310 1565 1362 27
1600 1308 1975 1363 voluminibus
2015 1306 2264 1377 Lugduni
2314 1306 2471 1373 1677,
2506 1315 2633 1375 post
2666 1305 2926 1375 Bigneam
2981 1312 3035 1357 et
3083 1300 3470 1356 Coloniensem
3526 1316 3696 1371 supra

427 1402 644 1449 centum
679 1399 994 1456 auctoribus
1046 1409 1101 1457 et
1126 1402 1409 1471 opusculis
1439 1402 1708 1456 hactenus
1745 1400 2071 1455 desideratis
2115 1398 2451 1467 Iocupletata
2489 1398 2635 1453 edita
2676 1396 2799 1464 fuit,
2835 1405 2969 1451 tom.
3004 1394 3070 1460 II,
3116 1404 3274 1464 parte
3312 1410 3371 1455 ιι,
3403 1409 3529 1464 pag.
3563 1393 3694 1459 212,

424 1497 481 1541 et
509 1487 561 1541 in
588 1488 917 1546 Bibliotheca
944 1496 1341 1551 concionatoria
1370 1496 1707 1561 Combeﬁsii,
1741 1504 1889 1549 tomo
1920 1493 2032 1561 VII,
2073 1509 2196 1563 pag.
2229 1492 2355 1547 646.
2388 1492 2618 1547 Additur
2647 1501 2828 1547 tamen
2876 1506 3115 1561 semper,
3157 1489 3304 1543 hunc
3348 1488 3588 1542 libellum
3638 1488 3695 1544 in

424 1575 722 1647 Hispanico
773 1582 952 1639 indice
1000 1586 1267 1642 librorum
1316 1588 1797 1659 expurgandorum
1830 1587 1942 1658 (5‘2)
1999 1586 2183 1657 juberi
2231 1586 2466 1655 expungi
2494 1600 2524 1639 a
2557 1601 2677 1655 cap.
2705 1584 2737 1639 8
2770 1584 2837 1639 ad
2877 1583 3063 1648 linem,
3109 1582 3237 1652 quia
3280 1583 3332 1635 in
3372 1596 3438 1635 eo
3490 1581 3697 1650 scripta

427 1671 730 1727 habeantur
762 1681 915 1730 tanto
958 1679 1078 1734 viro
1108 1681 1506 1752 indignissima,
1548 1690 1603 1735 et
1637 1680 1931 1751 ejusmodi,
1978 1694 2101 1748 qua:
2129 1678 2500 1747 apostolorum
2530 1678 2682 1734 Actis
2711 1685 3035 1748 repugnent,
3069 1675 3217 1746 quod
3243 1673 3494 1744 pluribus
3529 1689 3698 1743 argu-

423 1765 626 1819 mentis
654 1765 1101 1826 demonstrarunt
1132 1774 1360 1828 ulterius
1388 1772 1615 1828 Rivetus
1647 1772 1784 1845 (5'5),
1831 1768 2101 1825 Nourrius
2140 1768 2278 1839 (54),
2314 1770 2495 1826 Natal.
2544 1771 2848 1826 Alexander
2887 1769 3020 1840 (55),
3047 1767 3375 1822 Lambecius
3407 1765 3543 1837 (56),
3569 1767 3697 1822 alii-

421 1868 563 1922 σωκ
594 1855 665 1911 ita
697 1867 757 1913 ut
785 1860 985 1917 mirum
1016 1879 1258 1921 errorem
1306 1868 1571 1920 erraverit
1602 1866 1827 1921 omnino
1862 1863 2222 1933 Trithemius,
2272 1867 2389 1937 qui,
2441 1875 2500 1921 ut
2545 1865 2781 1920 vidimus
2819 1879 3005 1935 supra,
3045 1862 3198 1917 illum
3248 1862 3391 1917 inter
3430 1861 3698 1933 genuinas

423 1942 696 2004 Melitonis
731 1950 1144 2011 lucubrationes
1175 1957 1575 2014 adnumeravit.

958 2158 1289 2222 OPERUM
1332 2162 1976 2225 DEPEBDITORUM
2029 2167 2090 2225 S.
2137 2159 2581 2226 MELITONIS
2643 2156 3176 2219 FRAGMENTA.

490 2292 596 2351 Sed
618 2296 734 2366 jam
769 2299 836 2354 ad
867 2299 1198 2373 fragmenta,
1235 2319 1472 2374 quorum
1502 2306 1771 2362 hactenus
1825 2309 2049 2363 memini
2095 2308 2295 2373 obiter,
2336 2303 2616 2362 recitanda
2653 2302 2995 2372 progredior.
3035 2299 3521 2355 Consentientibus
3567 2312 3689 2354 om.

417 2387 583 2445 nibus
617 2392 789 2461 aequis
825 2391 1154 2450 Christiana:
1197 2396 1540 2465 antiquitatis
1568 2400 1913 2463 censoribus,
1949 2402 2083 2455 utile
2122 2414 2338 2468 semper
2374 2396 2480 2451 fuit
2515 2405 2828 2466 reputatum
2863 2410 3056 2449 eorum
3101 2393 3438 2457 institutum,
3485 2392 3581 2461 qui
3636 2393 3693 2445 in

416 2481 732 2550 colligendis
759 2484 1165 2553 deperditorum
1202 2489 1470 2545 librorum
1508 2490 1849 2562 fragmentis,
1894 2494 2023 2550 hinc
2057 2494 2180 2547 inde
2208 2493 2350 2563 apud
2387 2499 2641 2547 auctores
2673 2488 2871 2554 obviis,
2904 2487 3129 2542 fuerunt
3169 2486 3424 2541 studiosi.
3458 2486 3699 2542 Grabius

415 2575 525 2629 hoc
555 2578 775 2633 nomine
804 2577 1089 2652 Spicilegio
1119 2598 1222 2640 suo
1253 2584 1503 2652 Patrum,
1541 2597 1597 2641 ut
1628 2599 1675 2641 et
1709 2588 2095 2644 Htereticorum
2125 2606 2248 2649 saec.
2296 2607 2336 2653 ι,
2379 2606 2440 2657 ιι,
2493 2604 2577 2654 ιιι,
2618 2588 2686 2641 de
2730 2587 2863 2641 orbe
2912 2585 3155 2639 litterato
3204 2581 3407 2636 meruit
3452 2580 3697 2651 egregie;

415 2666 512 2724 sed
540 2668 675 2723 nihil
707 2671 850 2739 apud
877 2674 1132 2728 eumdem
1160 2674 1229 2729 de
1258 2674 1515 2732 Melitone
1556 2688 1744 2734 nostro
1789 2683 2049 2737 occurrit.
2095 2682 2390 2736 Laudanda
2429 2681 2532 2735 hac
2576 2696 2642 2735 ex
2692 2685 2849 2748 parte
2894 2678 3268 2746 maximopere
3315 2683 3401 2731 est
3444 2674 3705 2729 Halloixii

417 2777 612 2834 opera,
636 2766 730 2835 qui
756 2766 1231 2824 llelitonianorum
1264 2769 1693 2841 fragmentorum
1733 2775 2189 2847 diligentissimus
2218 2778 2465 2831 omnium
2500 2776 2710 2831 exstitit
2753 2776 3035 2840 eollector,
3065 2773 3421 2842 eruditosque
3469 2772 3699 2840 insuper

417 2872 613 2913 omnes
639 2857 718 2915 ita
741 2867 824 2914 est
854 2861 1196 2918 obtestatus:
1231 2862 1287 2918 Si
1314 2865 1439 2934 quis
1466 2877 1662 2935 praeter
1692 2868 1806 2922 luce
1843 2870 2090 2924 nancisci
2132 2868 2335 2938 aliquid
2378 2882 2580 2921 novum
2615 2865 2809 2935 possit,
2860 2865 2971 2931 det,
3010 2864 3230 2931 amabo,
3276 2863 3336 2938 in
3386 2863 3693 2932 publicum,

415 2959 472 3006 et
498 2951 725 3006 benede
754 2950 997 3009 Ecclesia
1033 2952 1368 3023 merebitur;
1430 2959 1622 3013 talium
1665 2959 1810 3014 enim
1839 2961 2084 3014 virorum
2129 2936 2358 3031 scripta,
2396 2969 2709 3014 sanctarum
2752 2958 2927 3013 instar
2963 2936 3322 3027 reliquiarum
3365 2965 3510 3010 sunt.
3554 2957 3695 3011 Cum

415 3041 587 3112 igitur
613 3043 750 3099 mihi
782 3045 944 3101 liceat
979 3061 1102 3101 esse
1132 3054 1240 3102 tam
1270 3047 1440 3117 felici,
1475 3061 1535 3105 ut
1560 3053 1719 3122 longe
1739 3054 1913 3122 plura,
1940 3071 2104 3124 quam
2138 3054 2229 3107 ille
2256 3053 2440 3117 habet,
2470 3052 2561 3106 hic
2599 3067 2873 3121 apponere
2902 3052 3107 3122 possim
3143 3050 3469 3120 fragmenta,
3501 3049 3699 3104 iisdem

414 3133 508 3195 hic
530 3134 695 3190 simul
721 3136 981 3193 exhibitis
1004 3138 1253 3194 claudam
1280 3153 1603 3211 praesentem
1635 3146 2112 3215 scriptiuneulam,
2141 3146 2194 3200 id
2227 3145 2514 3213 diligenter
2538 3145 2925 3209 adnotaturus,
2960 3160 2988 3198 a
3026 3143 3229 3214 quibus
3255 3142 3359 3196 ista
3398 3139 3605 3195 fuerint
3632 3140 3701 3193 ab

413 3227 635 3283 interitu
659 3238 897 3298 servata,
920 3242 975 3288 et
1004 3249 1127 3303 quae
1159 3248 1301 3289 nova
1330 3236 1460 3303 sint,
1492 3253 1615 3307 quae
1647 3253 1777 3292 vero
1800 3238 2029 3308 jamjam
2066 3239 2264 3293 habeat
2290 3237 2615 3293 Halloixius.

1501 3392 1528 3465 §
1569 3391 1611 3449 Ι.
1657 3392 1968 3465 Fragment.
2000 3412 2065 3449 ea:
2093 3394 2187 3449 lib.
2228 3393 2300 3448 De
2332 3393 2620 3449 Paschate.

485 3538 877 3614 Fragmentum
903 3546 1142 3615 primum
1172 3563 1237 3603 ex
1264 3547 1384 3618 ejus
1417 3548 1594 3616 libris,
1619 3564 1760 3620 quos
1788 3548 1865 3604 De
1891 3548 2153 3604 Paschate
2181 3550 2437 3616 confecit,
2469 3549 2820 3620 desumptum
2846 3559 2949 3617 est,
2983 3559 3146 3620 atque
3172 3549 3315 3619 apud
3367 3548 3699 3614 Eusebium,

420 3631 563 3687 Hist.
590 3635 771 3691 eccles.
801 3638 896 3693 lib.
936 3652 1011 3704 tv,
1039 3654 1161 3709 cap.
1190 3639 1282 3705 26,
1330 3656 1459 3711 pag.
1491 3641 1616 3707 189,
1646 3642 1903 3696 editionis
1935 3640 2243 3712 Readingii,
2284 3651 2484 3697 exstat.
2522 3641 2598 3698 De
2640 3657 2707 3698 eo
2748 3643 2819 3697 ita
2853 3642 3116 3713 prmfatur
3147 3641 3502 3697 Caesariensis
3538 3658 3551 3694 :
3609 3640 3701 3693 Ἐν

417 3727 518 3797 μὲν
549 3724 641 3783 οὖν
672 3732 784 3795 τοῖς
817 3731 946 3805 περὶ
978 3732 1073 3786 τοῦ
1098 3734 1309 3804 Πάσχα,
1344 3734 1434 3789 τὸν
1462 3736 1671 3807 χρόνον,
1701 3736 1821 3789 καθ’
1850 3736 1908 3789 ὃν
1940 3736 2279 3801 συνέταττεν,
2322 3736 2621 3807 ἀρχόμενος
2652 3737 2905 3808 σημαίνει
2938 3739 2996 3790 ὲν
3026 3736 3253 3799 τούτοις·
3294 3754 3312 3787 t
3356 3734 3415 3791 In
3456 3734 3598 3790 libro
3624 3733 3701 3788 De

415 3821 649 3892 Pascha,
679 3832 896 3898 tempus
926 3826 1123 3896 ipsum,
1151 3843 1263 3897 quo
1297 3829 1591 3896 scribebat,
1630 3830 1684 3882 in
1713 3831 1984 3900 principio
2009 3831 2190 3900 eperis
2223 3831 2307 3885 sui
2338 3831 2590 3901 designat
2617 3831 2700 3886 his
2728 3830 2909 3885 verbis
2945 3848 2957 3884 :
2999 3850 3017 3882 ι

488 3977 724 4035 Servilio
774 3978 948 4035 Paulo
990 3982 1135 4039 Asiae
1176 3983 1537 4051 proconsule,
1594 3998 1706 4054 quo
1749 3992 1996 4054 tempore

416 4068 640 4141 Sagaris
674 4075 997 4144 martyrium
1057 4090 1351 4145 perpessus
1398 4089 1501 4139 est,
1542 4092 1738 4143 magna
1775 4088 1996 4133 contro-

413 4163 594 4218 versia
616 4162 900 4221 Laodiceae
929 4167 1163 4225 excitata
1184 4176 1269 4222 est
1294 4168 1361 4223 de
1383 4169 1733 4225 solemnitate
1756 4169 1997 4225 Pascha—

486 4280 600 4358 (49)
631 4281 767 4358 Vide
817 4282 1185 4341 Fontaninum
1231 4288 1284 4341 in
1332 4288 1751 4358 Antiquitatibus
1807 4294 1992 4345 Horme

412 4349 650 4425 Qoloniaz
700 4352 1071 4419 Etruscorum,
1124 4372 1177 4425 p.
1233 4358 1359 4425 5'28,
1415 4349 1507 4414 ubi
1541 4361 1819 4415 decretum
1850 4363 1993 4417 istud

413 4421 617 4477 Gelasii
649 4433 905 4479 accurate
938 4421 1251 4482 exhibetur.

484 4492 807 4572 (50)_Beda,
837 4495 896 4572 in_
917 4494 1252 4572 Retractionc
1271 4500 1332 4572 _i_n
1362 4500 1495 4572 Acta
1523 4500 1750 4571 apostol.
1787 4516 1907 4572 cap.
1940 4502 1995 4568 8,

412 4563 789 4641 quemlocum
827 4566 992 4641 etiam
1019 4569 1239 4641 exhibet
1269 4569 1391 4624 Nat.
1422 4563 1576 4625 Alcx'.
1608 4588 1657 4626 c.
1690 4573 1751 4638 1.,
1789 4563 1999 4641 p.998.

482 4632 599 4707 (51)
639 4634 840 4707 Baron.
868 4636 1063 4693 Annal.
1098 4640 1167 4691 ad
1192 4658 1316 4694 ann.
1351 4642 1442 4707 48,
1485 4651 1617 4696 sect.
1652 4634 1741 4695 12.

484 4703 599 4771 (52)
640 4706 720 4759 Ad
752 4722 946 4762 manus
994 4708 1098 4763 fuit
1130 4710 1350 4765 Antonii
1397 4703 1437 4767 av
1481 4712 1792 4767 Sotomaior
1833 4713 2003 4769 Index

409 4772 665 4851 libroruin
698 4777 1086 4851 prohibitorum
1113 4791 1163 4834 et
1194 4786 1654 4851 expurgamlorum
1690 4787 2002 4839 nouissimus

474 4845 809 4925 o‘cathqlnicis
854 4845 1413 4925 ﬂispartiartttttit'eg'is
1462 4853 1697 4925 Philippi
1738 4855 1768 4908 Ι
1788 4856 1845 4920 ν,
1906 4858 2001 4925 qui

466 4873 504 4897 νυ
535 4873 808 4901 cumuucts
854 4873 1240 4917 utspamarum
1281 4873 1413 4922 regts
1462 4873 1697 4923 l’llttUpt
1738 4873 1762 4908 Ι
1789 4873 1845 4920 γ,
1906 4873 1999 4925 QUI

466 4914 1035 4992 adri_ti16li7,in-fol.
1089 4924 1310 4990 prodiit,
1348 4924 1553 4992 ibique,
1711 4925 1776 4979 lll
1822 4928 1999 4981 Class.

407 5001 476 5066 p._
499 4986 623 5066 151,
651 4991 935 5066 sequentia
990 4986 1183 5066 inveni
1229 4995 1383 5048 :Col.
1427 4986 1587 5066 1511,
1625 5006 1749 5065 post
1791 4996 1997 5066 prchat.

410 5056 553 5140 adde
595 5074 676 5140 τ’(
722 5058 872 5140 Opus
928 5061 1322 5140 apocryphum,
1374 5075 1438 5140 et
1490 5056 1997 5140 falso-insci'iptutn

410 5125 695 5205 Melitoni._
719 5125 889 5205 »βοῇ
939 5125 1112 5205 1514,
1137 5125 1327 5205 :Iittcra
1374 5134 1413 5186 Β
1445 5178 1457 5197 ,
1482 5146 1605 5205 post
1655 5138 1743 5190 illa
1789 5125 1949 5191 verba
1983 5157 1997 5191 :

417 5196 612 5277 «.Cum
647 5200 730 5254 eis
758 5199 979 5267 Paulus,
1010 5222 1029 5254 ι
1064 5196 1185 5277 dele
1220 5220 1393 5277 usgne
1415 5196 1499 5259 ad'
1521 5226 1537 5257 ι
1590 5206 1669 5265 Ex
1704 5208 1999 5263 circumci-

412 5273 567 5346 sione
598 5273 1382 5346 conversus,texelusiveﬁol.
1425 5277 1583 5341 15l5,
1625 5278 1725 5331 litt.
1767 5278 1833 5342 A,
1878 5288 2002 5346 post

410 5337 545 5393 illud
572 5356 649 5416 :_«
686 5338 794 5395 Vos
820 5343 929 5397 huc
959 5343 1239 5416 adduxit,»
1277 5346 1395 5399 dele
1432 5337 1602 5416 usque
1646 5350 1710 5402 ad
1742 5367 1755 5401 :
1798 5337 2000 5403 (Nunc

408 5422 543 5532 ergo
587 5410 873 5479 deprecor,
928 5432 945 5463 ι
993 5415 1289 5472 exclusive.
1348 5410 1547 5471 Eadem
1597 5420 1699 5472 col.
1778 5420 1882 5472 litt.
1934 5418 1995 5481 D,

411 5479 691 5557 dee_cap.
747 5481 801 5542 8.
835 5490 890 5557 et
945 5486 1227 5552 sequentia
1272 5488 1449 5555 capita
1507 5504 1680 5557 usque
1722 5490 1786 5542 ad
1836 5490 1996 5543 finem

413 5551 619 5629 operis,
656 5554 900 5629 esceptis
941 5551 1407 5612 adnotationibus.
1456 5551 1671 5613 Citat'ur
1697 5560 1865 5614 editio
1895 5559 1999 5614 Pa—

412 5621 617 5679 risiana
649 5621 810 5676 1589.

485 5688 602 5770 (53)
623 5690 855 5771 R‘ivetus
876 5693 931 5748 in
948 5693 1149 5771 Critico
1170 5698 1462 5771 sacro._lih.
1492 5715 1550 5763 ιι,
1581 5715 1701 5768 cap.
1726 5701 1776 5765 7,
1797 5718 1849 5771 p.
1867 5700 1993 5767 201,

417 5766 474 5824 οι
530 5762 585 5822 in
634 5762 889 5841 Apologia
926 5782 1020 5834 pro
1056 5768 1253 5841 virgine
1302 5768 1500 5837 Maria,
1542 5762 1713 5835 libat,
1750 5762 1868 5842 cap.
1903 5762 1991 5826 21.

2184 3984 2308 4037 Ἐπὶ
2339 3985 2646 4055 Σερουϊλίου
2675 3984 2889 4038 Παύλου
2914 3984 3227 4039 ἀνθυπάτου
3260 3985 3358 4056 τῆς
3406 3984 3611 4049 Ἀσίας,

2104 4079 2344 4151 Σάγαρις
2379 4080 2490 4151 (57)
2540 4079 2718 4153 καιρῷ
2757 4081 3170 4153 ἐμαρτύρησεν,
3206 4082 3424 4149 ἐγένετο
3473 4080 3701 4153 ζήτησις

2101 4170 2271 4244 πολλὴ
2294 4174 2352 4226 ὲν
2378 4173 2668 4245 Λαοδικείᾳ
2701 4174 2828 4244 περὶ
2857 4172 2949 4226 τοῦ
2974 4174 3166 4245 Πάσχα
3201 4173 3334 4245 (58),
3370 4174 3700 4244 ἐμπεσόντος

2183 4290 2297 4361 (5i)
2338 4289 2453 4346 Nic.
2490 4290 2565 4345 Le
2593 4288 2826 4361 Nourry,
2871 4290 2924 4343 in
2960 4290 3247 4361 Apparatu
3277 4290 3346 4343 ad
3382 4290 3697 4345 Bibliothec.

2114 4360 2234 4417 PP.
2278 4376 2449 4425 ινιτιαλ,
2479 4363 2575 4417 lib.
2610 4378 2669 4427 tt,
2701 4360 2835 4416 diss.
2863 4361 2916 4426 5,
2950 4360 3044 4414 fol.
3076 4360 3203 4414 558.

2179 4433 2294 4515 (55)
2343 4432 2485 4515 fiat:
2522 4432 2704 4515 Alcx.,
2757 4434 2903 4515 (list.
2954 4431 3307 4515 eccles...t0m_.
3339 4431 3425 4515 Ill,
3467 4446 3524 4515 Β.
3567 4430 3697 4515 ᾖξὶ8,

2106 4500 2197 4557 ubi
2224 4504 2437 4557 erudita
2473 4504 2724 4571 Iectuque
2752 4503 3073 4572 dignissima
3102 4501 3414 4557 dissertatio
3461 4500 3699 4572 Delibra

2110 4572 2352 4627 Melitoni
2393 4575 2584 4642 afﬁcto,
2636 4574 2726 4642 qui
2761 4571 3101 4633 inscribitur,
3153 4573 3216 4625 de
3252 4574 3482 4625 transitu
3524 4571 3701 4641 Virgi-

2108 4645 2211 4708 nis,
2272 4653 2471 4708 exstat,
2512 4645 2583 4696 ob
2625 4659 2792 4713 quam
2836 4660 2867 4697 a
2917 4643 3241 4698 censoribus
3292 4644 3409 4698 suis
3464 4644 3698 4697 multum

2106 4714 2213 4769 fuit
2236 4717 2557 4783 castigatus.

2178 4784 2293 4856 (56)
2355 4782 2716 4856 Lambecius,
2764 4782 3110 4838 Bibliotheca:
3172 4782 3470 4837 Vindobon.
3557 4791 3694 4842 tom.

2108 4854 2243 4919 Vlll,
2272 4854 2366 4909 fol.
2404 4854 2493 4909 161
2530 4866 2582 4909 et
2607 4857 2730 4911 I89.

2180 4924 2295 4995 (57)
2351 4925 2597 4994 Sugaris,
2645 4926 2803 4995 cujus
2855 4925 2945 4977 hic
3000 4924 3341 4995 mentioifit,
3402 4923 3697 4995 episcopus

2106 4994 2448 5051 Laudicenus
2484 4995 2605 5062 fuit,
2646 4994 2788 5050 etin
2826 4996 3207 5065 persecutione
3236 4994 3308 5065 M7.
3349 4994 3555 5047 Aurelii
3586 4994 3698 5045 An-

2106 5067 2277 5119 tonini
2326 5076 2531 5137 martyr
2579 5068 2738 5132 obiit,
2778 5064 2846 5119 de
2885 5082 2995 5134 quo
3033 5064 3224 5137 conler
3267 5064 3695 5137 Ruinartu_m_in

2102 5139 2249 5190 Actis
2267 5134 2558 5206 martyrum
2578 5138 2820 5203 sinceris,
2838 5152 2891 5205 p.
2912 5137 3002 5200 29,
3022 5137 3150 5189 edit.
3171 5136 3397 5206 Antstel.
3419 5134 3580 5206 1715,
3598 5134 3692 5186 fol.

2178 5208 2291 5278 (58)
2334 5208 2408 5261 De
2438 5209 2816 5263 controversia
2847 5209 2949 5278 ista
2994 5221 3181 5278 supra,
3208 5206 3274 5258 ad
3319 5205 3538 5278 titulum
3573 5205 3694 5278 libri

2105 5278 2180 5332 De
2212 5275 2498 5344 Paschate,
2543 5279 2807 5332 nonnulla
2862 5276 3086 5331 fuerunt
3121 5277 3286 5330 dicta.
3321 5275 3484 5329 Plura
3512 5276 3604 5344 qui
3629 5275 3697 5328 de

2101 5364 2165 5403 ea
2194 5351 2334 5403 scire
2370 5350 2625 5412 voluerit,
2651 5350 2809 5403 adeat
2829 5347 3095 5401 Jacobum
3136 5345 3420 5400 Usserium
3456 5349 3509 5400 in
3545 5346 3689 5398 Diss.

2101 5420 2165 5473 de
2196 5419 2398 5489 Ignatii
2440 5420 2702 5489 epistolis,
2753 5435 2876 5488 cap.
2919 5419 3007 5478 14,
3040 5434 3095 5487 p.
3129 5418 3225 5489 9_5,
3254 5433 3419 5485 quam
3464 5417 3691 5489 editioni

2102 5487 2396 5561 suat—longe
2416 5487 2713 5544 rarissima:
2740 5487 3109 5561 Epistolarum
3134 5487 3419 5561 Pplycarpi
3446 5496 3500 5542 et
3530 5488 3691 5555 lgna-

2103 5562 2184 5627 tii,
2217 5556 2397 5615 Oxon.
2439 5561 2597 5626 16M,
2644 5556 2803 5627 in-h,
2842 5556 3280 5628 przetnisit;Jos.
3328 5556 3687 5628 Bmghamutn

2103 5625 2178 5683 in»
2242 5632 2548 5700 Originibus
2585 5625 2719 5685 sive
2787 5625 3211 5700 Antiquitatibus
3288 5625 3686 5700 ecclesiasticis,

2100 5702 2209 5755 vol.
2234 5697 2413 5770 IXfp.
2441 5702 2546 5763 89;
2593 5702 2717 5755 Joh.
2760 5697 2938 5755 Aner
2966 5699 3331 5770 Schmidium,
3360 5699 3414 5753 in
3440 5697 3687 5770 Historia

2101 5767 2442 5845 [satorum—et
2493 5772 2913 5835 Dominicarum,
2945 5787 2996 5843 p.
3042 5770 3171 5827 19.5:
3204 5769 3301 5827 Ge.
3337 5769 3502 5827 Henr.
3553 5767 3686 5825 Goe-
