4130 6386
371 330 392 384 1
402 332 507 388 209

1796 329 2222 386 FRAGMENTA

3501 338 3637 391 1210

360 445 508 500 κατὰ
559 444 749 518 καιρὸν
796 445 856 499 ὲν
908 444 1144 510 ἐκείναις
1206 447 1325 510 ταῖς
1372 445 1608 519 ἡμέραις
1657 444 1808 518 (59),
1858 445 1929 498 κα

2056 444 2115 509 li,
2149 459 2271 514 qua:
2314 446 2631 516 tempestive
2678 445 2734 500 in
2787 446 2909 502 illos
2942 439 3060 502 dies
3105 447 3391 503 inciderat.
3427 449 3638 514 Quibus

360 536 575 606 ἐγράφη
606 535 798 589 ταῦτα.

2059 541 2223 596 etiam
2259 539 2451 595 diebus
2477 542 2591 595 haec
2627 557 2657 596 a
2692 543 2852 597 nobis
2886 542 3184 612 perscripta
3216 551 3365 598 sunt.

435 627 660 680 Videtur
684 627 789 681 hoc
811 625 1377 698 fragmentumpquod
1418 628 1560 698 apud
1607 626 1882 682 Ruﬂinum
1913 628 2024 699 (60)
2059 639 2113 684 et
2151 629 2520 702 Nicephorum
2561 632 2673 704 (6|)
2712 649 2930 703 quoque
2960 635 3226 700 invenies,
3266 633 3484 690 initium
3511 651 3636 689 esse

362 719 533 788 ipsius
591 719 804 789 operis;
845 734 956 790 quo
991 720 1267 776 scribendi
1315 719 1666 774 occasionem
1717 729 1975 774 accurate
2019 721 2264 790 exponit.
2324 720 2599 778 Exhibent
2651 722 2797 777 istud
2849 720 3177 784 llalloixius,
3227 723 3630 794 Tillemontius,

362 810 743 867 Benthemius.

1373 903 1401 976 ξ
1438 901 1506 958 Il.
1546 901 1876 973 Fragmenta
1913 919 1978 958 ea:
2016 905 2277 975 Apologia
2313 906 2602 964 Melitonis.

436 1024 677 1080 Alterum
726 1024 1092 1094 fragmentum
1129 1022 1400 1080 Eusebius
1443 1023 1536 1078 cit.
1578 1022 1682 1075 loc.
1735 1022 1934 1076 iterum
1979 1023 2150 1089 dabit,
2181 1025 2328 1094 quod
2352 1042 2418 1080 ex
2451 1025 2712 1097 Apologia
2745 1026 2813 1081 ad
2851 1026 3020 1082 Marc.
3066 1009 3252 1086 Aurel.
3290 1031 3630 1086 Antoninum

360 1117 492 1186 imp.
526 1116 811 1180 nonnulla,
846 1124 930 1170 ast
961 1114 1240 1186 quantivis
1273 1114 1454 1184 pretii,
1482 1102 1773 1184 κλάσματα
1794 1114 1929 1169 sistit

2036 1132 2055 1170 ε
2083 1118 2305 1186 quibus,
2337 1120 2406 1172 ita
2440 1118 2708 1174 Eusebius
2737 1138 2750 1173 :
2792 1121 2879 1172 'Ev
2911 1120 2967 1173 δὲ
2988 1121 3065 1189 τῷ
3092 1123 3228 1192 πρὸς
3248 1124 3340 1176 τὸν
3365 1125 3640 1198 αὑτοκρά-·

358 1223 490 1276 τορα
523 1206 711 1279 βιϐλίῳ
741 1207 966 1262 τοιαῦτά
991 1225 1111 1263 τινα
1143 1207 1262 1261 καθ’
1299 1207 1453 1277 ἡμῶν
1481 1209 1566 1260 ἐπ’
1599 1206 1760 1260 αὐτοῦ
1794 1224 1929 1276 γεγο

2036 1227 2075 1262 ιι
2117 1212 2352 1283 ἱστορεῖ·
2389 1232 2413 1264 ν(
2449 1213 2570 1270 Jam
2603 1231 2732 1271 vero
2755 1215 2810 1270 in
2839 1232 2907 1271 eo
2950 1217 3094 1272 libro
3129 1235 3292 1289 quem
3319 1222 3634 1294 imperatori

357 1297 714 1366 nuncupavit,
749 1297 877 1351 talia
903 1297 1152 1368 quadam
1179 1297 1442 1352 adversus
1469 1311 1570 1351 nos
1594 1297 1697 1352 sub
1724 1295 1817 1350 illo
1854 1296 1996 1352 facta
2024 1313 2145 1354 esse
2171 1314 2492 1358 memorat.»

425 1411 497 1466 Τὸ
521 1411 631 1484 γὰρ
663 1412 1007 1467 οὐδεπώποτε
1041 1413 1151 1485 (62)
1197 1413 1507 1484 γενόμενον,
1555 1414 1648 1468 νῦν
1683 1413 1937 1466 διώκεται

362 1503 413 1556 τὸ
436 1501 544 1556 τῶν
577 1503 840 1558 θεοσεϐὧν
872 1506 1046 1574 γένος,
1078 1509 1286 1570 καινοῖς
1332 1506 1691 1576 ἐλαυνόμενον
1733 1505 1951 1576 δόγμα--

354 1611 407 1648 σι
424 1593 533 1666 (63)
556 1596 696 1650 κατὰ
718 1596 813 1668 τὴν
844 1597 1024 1652 Ἀσίαν
1041 1597 1173 1671 (64).
1193 1600 1256 1651 Οί
1278 1598 1388 1670 γὰρ
1411 1598 1649 1661 ἀναιδεῖς
1670 1597 1940 1667 συκοφάν-

351 1703 440 1740 ται
474 1687 566 1740 καὶ
599 1686 706 1740 τῶν
746 1687 1042 1761 ἀλλοτρίων
1085 1693 1312 1761 ἐρασταὶ
1354 1691 1454 1762 τὴν
1508 1693 1573 1744 ὲκ
1614 1690 1723 1743 τῶν
1757 1691 1942 1744 διατα-

353 1780 576 1850 γμάτων
640 1779 856 1852 ἔχοντες
919 1783 1212 1856 ἀφορμὴν,
1270 1785 1519 1856 φανερῶς
1581 1783 1937 1858 λῃστεύουσι,

350 1869 566 1944 νύκτωρ
610 1873 704 1927 καὶ
739 1873 1057 1947 μεθημέραν
1092 1875 1486 1948 διαρπάζοντες
1664 1877 1792 1939 τοὺς
1829 1893 1938 1947 μη-

350 1960 437 2016 δὲν
460 1962 800 2030 ἀδικοῦντας.

2066 1432 2069 1433 ⁷
2117 1417 2274 1486 Quod
2298 1423 2445 1477 enim
2487 1438 2769 1493 nunquam
2799 1433 2956 1480 antea
2995 1425 3194 1481 factum
3226 1428 3424 1497 fuerat,
3447 1447 3635 1501 perse-

2039 1513 2319 1594 cutionem
2349 1531 2495 1571 nunc
2522 1517 2726 1586 patitur
2748 1518 2963 1588 piorum
2995 1519 3277 1574 hominum
3313 1538 3502 1592 genus,
3531 1539 3632 1577 no-

2044 1606 2127 1660 vis
2159 1622 2256 1675 per
2285 1607 2471 1662 Asiam
2505 1609 2740 1666 decretis
2782 1611 3135 1681 exagitatum.
3167 1612 3631 1682 lmpudentissirni

2045 1711 2286 1766 namque
2337 1698 2610 1754 delatores
2664 1709 2718 1755 et
2770 1702 3072 1757 alienarum
3122 1719 3287 1772 opum
3323 1705 3529 1776 cupidi,
3564 1722 3632 1760 ex

2045 1787 2205 1842 editis
2238 1792 2588 1848 occasionem
2627 1796 2798 1862 nacti,
2842 1797 3020 1865 palam
3050 1796 3142 1850 diu
3177 1806 3449 1868 noctuque
3474 1814 3633 1870 gras-

2049 1890 2241 1942 santur
2273 1884 2622 1956 spoliantque
2649 1887 2902 1942 homines
2930 1888 3207 1942 innoxios.

1656 2039 1767 2094 Kal
1786 2038 1914 2108 μεθ’
1944 2038 2114 2109 ἕτερα
2144 2043 2319 2110 φησί’

419 2147 528 2202 Καὶ
546 2150 595 2203 εί
619 2150 718 2222 μὲν
746 2150 837 2204 σοῦ
875 2151 1229 2218 κελεύσαντος
1267 2152 1377 2223 (66)
1410 2153 1581 2207 ταῦτα
1614 2153 1934 2225 πράττεται,

346 2239 488 2295 ἱστω
517 2242 698 2308 καλῶς
736 2245 1044 2317 γενόμενοί
1083 2247 1302 2311 Δίκαιος
1325 2247 1434 2320 γὰρ
1470 2246 1718 2318 βασιλεὺς
1739 2248 1840 2300 οὐκ
1873 2249 1940 2302 ἂν

345 2331 544 2397 ἀδίκως
576 2333 924 2406 βουλεύσαιτο
964 2336 1203 2392 πώποτε·
1244 2338 1342 2392 καὶ
1375 2341 1535 2410 ἡμεῖς
1571 2340 1743 2410 ἡδέως
1781 2340 1942 2411 φέρο-

349 2444 449 2498 μεν
479 2426 572 2480 τοῦ
624 2428 866 2482 τοιούτου
909 2429 1140 2484 Θανάτου
1179 2431 1241 2484 τὸ
1283 2431 1470 2502 γέρας.
1507 2431 1724 2502 Ταύτην
1757 2431 1815 2484 δέ
1858 2449 1938 2485 σοι

349 2520 516 2592 μόνην
547 2522 929 2594 προσφέρομεν
961 2522 1165 2595 δέησιν,
1201 2524 1287 2576 ἵνα
1314 2523 1476 2587 αὐτὸς
1513 2525 1782 2596 πρότερον
1815 2525 1939 2576 ἑπι-

345 2612 506 2680 γνοὺς
550 2612 678 2676 τοὺς
721 2614 820 2685 τῆς
863 2614 1120 2686 τοιαύτης
1165 2615 1495 2685 φιλονεικίας
1546 2616 1784 2686 ἐργάτας
1827 2614 1936 2686 (67)

344 2704 569 2770 δικαίως
613 2707 854 2778 κρίνειας
900 2707 1031 2779 (68),
1080 2710 1128 2762 εἰ
1177 2709 1314 2777 ἄξιοι
1354 2709 1584 2765 θανάτου
1627 2713 1721 2764 καὶ
1760 2728 1936 2782 τιμω-

347 2796 487 2868 ρίας,
522 2798 554 2870 ἢ
586 2798 857 2870 σωτηρίας
886 2800 980 2853 καὶ
1013 2801 1242 2872 ἡσυχίας
1275 2802 1432 2855 εἰσίν.
1471 2803 1533 2856 Εἰ
1564 2803 1622 2856 δὲ
1654 2803 1748 2856 καὶ
1779 2803 1931 2875 παρὰ

344 2891 439 2941 σοῦ
464 2890 538 2961 μὴ
590 2891 674 2961 εἴη
725 2892 757 2962 ἡ
804 2891 966 2964 βουλὴ
1015 2891 1124 2964 (69)
1159 2892 1300 2965 αὕτη
1335 2894 1430 2948 καὶ
1462 2894 1524 2947 τὸ
1562 2896 1748 2949 καινὸν
1780 2895 1937 2950 τοῦτο

342 2979 638 3052 διάταγμα·
674 2981 703 3035 ὃ
737 2983 871 3054 μηδὲ
905 2984 1045 3039 κατὰ
1074 2985 1364 3057 βαρϐάρων
1400 2987 1600 3059 πρέπει
1632 2988 1932 3059 πολεμίων·

343 3072 477 3127 πολὺ
536 3073 736 3144 μᾶλλον
780 3074 1012 3148 δεόμεθά
1067 3095 1182 3144 σου,
1238 3078 1314 3150 μὴ
1367 3080 1626 3152 περιϊδεῖν
1683 3081 1832 3152 ἡμᾶς
1877 3082 1938 3135 ἐν

341 3163 566 3239 τοιαύτῃ
594 3164 832 3236 δημώδει
864 3165 1144 3240 λεηλασίᾳ.

2118 2158 2274 2225 Quod
2304 2161 2350 2215 si
2392 2160 2508 2216 haec
2541 2170 2636 2216 tuo
2661 2162 2821 2232 jussu
2867 2162 3018 2229 tiam,
3051 2170 3199 2218 recte
3239 2150 3405 2233 atque
3437 2161 3628 2217 ordine

2045 2248 2188 2305 facta
2247 2260 2432 2306 sunto.
2493 2250 2681 2323 Neque
2730 2253 2876 2306 enim
2934 2252 3052 2308 ﬁeri
3097 2262 3296 2324 petest,
3347 2260 3408 2306 ut
3442 2253 3628 2323 justus

2046 2343 2298 2412 princeps
2325 2343 2531 2414 aliquid
2561 2360 2802 2414 unquam
2833 2345 3037 2415 injuste
3063 2347 3365 2400 constituat
3397 2363 3413 2399 :
3438 2353 3492 2400 ct
3523 2359 3627 2399 nos

2044 2435 2238 2488 libenti
2291 2436 2477 2490 animo
2524 2436 2795 2506 ejusmodi
2831 2437 3024 2492 mortis
3060 2438 3342 2507 praemium
3375 2436 3623 2491 ierimus.

2045 2526 2226 2583 Unum
2251 2529 2382 2584 illud
2409 2545 2439 2583 a
2465 2539 2515 2583 te
2539 2531 2798 2599 petimus,
2819 2539 2877 2585 ut
2894 2547 3019 2585 cum
3034 2530 3306 2600 ejusmodi
3323 2529 3626 2599 pertinacia

2043 2624 2285 2694 perditos
2319 2621 2567 2678 homines
2609 2639 2706 2692 per
2749 2631 2800 2678 te
2845 2624 2961 2692 ipse
3004 2627 3156 2692 prius
3196 2621 3625 2684 examinaveris,

2044 2729 2156 2773 tum
2180 2718 2376 2774 deinde
2393 2735 2490 2787 pro
2506 2726 2597 2771 tua
2613 2716 2868 2785 aequitate
2883 2724 3116 2781 statuas,
3144 2724 3325 2768 utrum
3353 2715 3627 2784 supplicio

2043 2831 2108 2870 ac
2128 2826 2305 2870 morte
2325 2814 2482 2880 allici,
2508 2831 2574 2868 an
2609 2814 2745 2870 salvi
2771 2829 2836 2870 ac
2861 2814 3038 2868 securi
3067 2813 3263 2882 degere
3289 2818 3623 2864 mereantur.

2044 2907 2139 2962 Sin
2167 2923 2298 2963 vero
2324 2907 2456 2962 illud
2479 2907 2772 2962 consilium
2807 2915 2971 2976 atque
2999 2906 3239 2960 edictum
3269 2904 3431 2973 plane
3467 2902 3628 2957 inau-

2041 3001 2238 3068 ditum,
2254 3000 2400 3072 quod
2418 3014 2597 3069 neque
2631 2999 2895 3054 adversus
2919 2997 3183 3052 barbaros
3214 2995 3400 3050 hostes
3423 2994 3624 3049 sanciri

2038 3095 2315 3159 decuerat,
2345 3107 2626 3162 nunquam
2656 3106 2686 3145 a
2719 3100 2770 3144 te
2800 3088 3105 3160 profectum
3136 3096 3239 3152 est,
3269 3086 3625 3141 obsecramus

2036 3197 2092 3245 te
2122 3188 2295 3242 multo
2322 3185 2518 3256 magis,
2546 3199 2613 3238 ne
2643 3198 2746 3236 nos
2777 3181 3051 3252 ejusmodi
3081 3179 3302 3251 publico
3333 3179 3624 3234 latrocinio

2033 3282 2244 3340 diutius
2275 3279 2458 3334 vexari
2483 3277 2791 3348 permittas.

1482 3414 1721 3478 Τούτοις
1747 3407 1923 3476 αὖθις
1959 3403 2225 3474 ἐπιφέρει
2251 3399 2464 3467 λέγων·

422 3521 490 3576 Ἦ
519 3523 628 3597 γὰρ
656 3524 778 3579 καθ’
809 3526 957 3597 ἡμᾶς
990 3526 1276 3597 φιλοσοφία
1304 3525 1413 3599 (70)
1443 3530 1707 3600 πρότερον
1741 3529 1839 3599 μὲν
1873 3529 1930 3580 ἐν

344 3611 641 3687 βαρϐάροις
691 3614 800 3688 (71)
834 3617 1102 3688 ἡκμασεν·
1141 3617 1498 3690 ἐπανθήσασα
1549 3620 1606 3674 δὲ
1649 3621 1764 3685 τοῖς
1819 3621 1932 3685 σοῖς

342 3751 509 3816 zinm,
557 3750 613 3804 in
663 3749 936 3806 ἀείδει-ται.
986 3752 1062 3808 De
1112 3753 1652 3821 Quartadecimanis;
1711 3773 1928 3814 summe

338 3822 598 3896 venerab.
648 3821 984 3896 Deylingium
1034 3825 1089 3879 in
1139 3824 1413 3896 Obseruat.
1455 3825 1706 3894 Miscetl.,
1743 3844 1800 3896 p.
1832 3829 1922 3883 4|.

340 3838 598 3877 venerat).
649 3838 719 3875 uc
759 3838 984 3893 ungrum
1034 3841 1089 3879 In
1139 3838 1413 3880 UDservat.
1455 3838 1706 3894 Muscqu
1743 3844 1800 3896 p.
1832 3838 1922 3883 4|.

340 3889 418 3944 De
444 3901 686 3961 tempore
725 3838 906 3948 iitium
953 3895 1147 3950 harum
1209 3896 1265 3950 in
1318 3895 1562 3951 Ecclesia
1620 3897 1927 3954 Laodicena

340 3971 614 4083 motarum
640 3962 899 4087 disqgigit
925 3964 1260 4034 Baraterius,
1284 3966 1340 4021 in
1363 3966 1752 4036 Disquisitione
1779 3970 1930 4023 chro-

341 4047 408 4084 1ιο
433 4048 608 4087 οαιεα.
639 4048 693 4087 D.
848 4074 862 4087 .

341 4047 608 4097 norogtca,
639 4048 693 4097 p.
735 4047 862 4088 220.

412 4048 608 4101 togtca,
639 4048 693 4102 p.
735 4048 862 4088 ‘zzu.

412 4102 524 4173 (59)
562 4104 643 4156 Ita
680 4102 1020 4173 interpunxit
1066 4113 1121 4160 et
1164 4106 1330 4162 vertit
1386 4106 1658 4162 Valesius.
1707 4105 1922 4163 Mallem

336 4185 439 4243 ego
479 4173 1335 4250 distinctionissignumponere
1372 4186 1495 4248 post
1525 4177 1668 4250 nata,
1709 4180 1921 4250 καιρόν,

336 4251 392 4319 et
419 4243 609 4319 verba,
641 4244 699 4295 ὲν
743 4243 979 4308 ὲκείναῐς
1023 4243 1148 4309 ταῖς
1185 4243 1541 4319 ἡμέραίς,ιι(1
1574 4249 1766 4303 ultima
1807 4243 1924 4303 ira;

338 4312 490 4376 bere,
525 4313 631 4368 hoc
659 4328 847 4376 sensu,
873 4312 1308 4371 controversiam
1326 4312 1607 4374 Laudicea:
1631 4320 1924 4374 excitatam

342 4383 513 4458 fuisse
542 4383 988 4458 de_solemnitate
1014 4387 1282 4456 paschali,
1320 4404 1443 4458 qua:
1493 4397 1623 4444 tunc
1660 4388 1926 4445 inciderat

342 4453 490 4528 juxta
519 4453 804 4528 antiquam
842 4453 1296 4528 consuetudinem
1319 4453 1564 4528 {hisque
1591 4460 1762 4514 etiam
1806 4461 1924 4516 die-

334 4467 490 4578 {uxta
519 4467 804 4522 antiquam
842 4467 1333 4524 consuetudinem;
1371 4467 1564 4528 hisque
1591 4467 1656 4514 eti

361 4524 609 4599 iusAi‘psis
638 4525 751 4599 haec
785 4541 813 4580 a
842 4525 1095 4599 Melitone
1123 4531 1425 4599 perscripta
1465 4529 1656 4584 fuisse.

573 4592 843 4670 ﬁgamus,
882 4596 1039 4670 Hist.
1069 4592 1272 4670 ecl-les.
1298 4592 1391 4655 lib.
1426 4617 1500 4668 IV,
1532 4615 1652 4670 cap.
1689 4599 1784 4655 24.

410 4655 525 4734 (61)
573 4655 918 4736 Nicephorus
968 4667 1116 4723 Hist.
1166 4669 1349 4725 ποίεε.
1405 4655 1500 4725 lib:
1548 4655 1625 4737 1v;
1671 4685 1792 4741 cap.
1837 4669 1924 4739 10,

425 4735 553 4789 294.
585 4741 717 4789 tom.
750 4736 768 4788 Ι
803 4735 938 4789 Ουυ.

379 4775 394 4788 .
425 4741 717 4806 (ξεξιηιρηι.
750 4741 768 4788 l
803 4741 938 4806 Upp.

337 4747 394 4806 p.
425 4747 553 4799 294,
585 4747 717 4790 tom.
750 4747 768 4788 ι
803 4747 938 4806 Upp.

359 4874 362 4875 ν
413 4803 526 4875 (62)
565 4803 746 4860 Minus
778 4815 1033 4862 accurate
1063 4809 1116 4862 in
1165 4809 1306 4864 duas
1348 4824 1510 4864 voces
1548 4809 1741 4864 dividit
1786 4809 1926 4866 Rea-

337 4874 558 4946 dingius
584 4875 704 4946 οὐδὲ
740 4875 979 4930 πώποτε.
1023 4879 1081 4933 ld
1128 4896 1330 4933 novum
1391 4896 1500 4933 non
1542 4880 1676 4935 dicit
1717 4880 1922 4946 Melite,

338 4944 486 5014 quod
542 4945 843 5028 Christiani
891 4949 1172 5028 patiantur
1215 4951 1686 5018 persecutionem;
1720 4954 1816 5028 sed
1854 4944 1923 5007 de

337 5030 405 5071 eo
452 5018 832 5089 conqueritur,
873 5018 1133 5089 illudque
1174 5034 1333 5074 antea
1385 5037 1668 5089 nunquam
1717 5021 1918 5076 factum

339 5087 572 5151 asserit,
617 5087 764 5161 quod
802 5088 1016 5161 privata
1043 5087 1325 5161 interioris
1368 5087 1586 5144 urbium
1632 5093 1925 5161 magistra-

339 5167 429 5210 tus
460 5159 806 5230 auctoritate,
857 5159 1064 5225 absque
1103 5160 1494 5227 imperatorum
1520 5171 1615 5215 aut
1648 5159 1924 5230 praefecto-

338 5242 462 5280 rum
491 5228 914 5295 provincialium
946 5230 1206 5284 mandato
1231 5230 1450 5299 piorum
1485 5228 1665 5299 genus
1679 5234 1926 5303 exagita-

341 5306 508 5351 I‘Cllll'.

413 5367 526 5436 (6‘5)
571 5367 1092 5442 νειεείυεδόγματα
1127 5370 1194 5424 de
1219 5368 1393 5442 jussis
1423 5371 1802 5442 imperialibus
1841 5371 1925 5425 in-

339 5446 686 5512 terpretatur.
712 5441 997 5512 Meliusil}.
1027 5441 1557 5506 Schwrzfleischius,
1590 5443 1731 5512 apud
1757 5441 1920 5496 Fabr.

337 5507 597 5582 Biblioth.
637 5511 728 5582 Gr.
763 5513 870 5564 vol.
911 5511 970 5572 V,
1019 5529 1072 5582 p.
1119 5513 1244 5574 184,
1278 5527 1372 5582 per
1417 5507 1660 5582 δόγματα
1687 5515 1810 5582 lucc
1839 5516 1923 5565 in-

341 5579 534 5652 telligit
560 5581 938 5650 praefectorum
986 5579 1399 5652 provincialium
1449 5579 1646 5638 edicta.
1676 5581 1779 5638 Sed
1822 5599 1922 5652 op-

341 5649 490 5711 time,
548 5649 826 5720 mentique
896 5649 1170 5707 Melitonis
1218 5655 1456 5708 maxime
1508 5649 1915 5717 convenienter,

339 5732 408 5777 ex
437 5725 705 5782 sententia
737 5722 901 5785 Henr.
935 5722 1217 5795 Dodwclli,
1265 5724 1320 5778 in
1365 5725 1590 5780 Dissert.
1634 5725 1912 5797 Cyprium,

2109 3519 2234 3573 Haec
2255 3515 2400 3571 enim
2439 3507 2802 3583 philosophia:
2836 3515 3006 3570 secta,
3055 3522 3221 3576 quam
3277 3507 3618 3577 profitemur,

2037 3616 2192 3689 prius
2234 3610 2454 3682 quidem
2509 3604 2682 3674 viguit
2720 3603 2862 3672 apud
2905 3601 3204 3668 barbaros;
3239 3609 3429 3671 postea
3467 3617 3618 3666 vero,

2029 3772 2086 3826 p.
2121 3751 2252 3815 265,
2290 3764 2388 3820 per
2427 3745 2676 3817 δόγματα
2722 3739 3074 3812 intelligenda
3106 3748 3236 3796 sunt
3265 3741 3485 3796 urbium
3527 3741 3622 3796 de-

2031 3833 2216 3966 υΐίξὲῖ)
2257 3887 2490 3966 Quando
2538 3885 2616 3966 in_
2643 3882 2772 3940 Asia
2807 3882 3140 3966 hoc‘novum
3193 3879 3364 3966 fuisse
3404 3881 3618 3963 scribit,

2030 3952 2212 4020 innuit
2254 3952 2441 4025 simul,
2478 3971 2581 4011 nec
2603 3955 2708 4009 hoc
2734 3954 2953 4023 quidem
2994 3952 3176 4022 ipsum
3206 3953 3336 4005 alibi
3370 3953 3620 4006 caruisse

2029 4035 2316 4106 exempli}
2488 4096 2521 4106 ,Α
2837 4093 2950 4106 .,..
3113 4094 3146 4106 ..
3241 4091 3347 4106 ..
3486 4090 3564 4106 ..

2103 4090 2219 4176 (65)
2258 4101 2443 4176 Poenae
2488 4096 2676 4176 itaque
2732 4093 2985 4176 capitalis
3033 4092 3294 4176 nulla-oin
3333 4091 3436 4146 hac
3469 4090 3618 4176 Iasiae

2028 4162 2414 4248 persecutione
2451 4162 2681 4248 mentio,
2712 4162 2812 4220 sed
2832 4164 3325 4248 bonorumsaltem
3353 4162 3619 4248 conﬁsca-

2033 4235 2129 4303 lio.
2169 4253 2412 4298 nostram
2450 4236 2687 4292 ulterius
2731 4237 3020 4290 conlirmat
3051 4235 3578 4302 interpretationem.

2104 4290 2486 4389 (milii-$6.19
2514 4306 2696 4360 Melite
2717 4306 2962 4389 dubitat,
2991 4321 3120 4389 num
3157 4290 3272 4358 hiec
3293 4305 3618 4389 persecutio
3650 4374 3652 4376 _

2029 4375 2122 4443 ab‘
2147 4375 2969 4455 iIanratoribus“emanaverit
2984 4417 2999 4442 ,
3041 4376 3133 4455 de_
3151 4375 3382 4455 occultis
3399 4445 3410 4455 O
3425 4375 3620 4444 procul

2029 4458 2198 4513 dubio
2227 4446 2427 4509 litteris
2458 4448 2843 4518 intelligendus
2870 4455 2953 4500 est
2988 4464 3007 4518 :_
3042 4446 3472 4518 dubitareettim
3506 4460 3616 4500 non

2066 4529 2319 4592 otuisset,
2349 4524 2395 4577 si
2451 4536 2548 4590 per
2575 4516 2765 4592 edit_:_ta_
2802 4517 2952 4592 illam
2990 4516 3266 4592 jussisset‘_
3296 4516 3614 4592 imperator.

2076 4586 2471 4669 myrnae'enirri
2521 4599 2616 4644 aut
2669 4586 2896 4669 Ephesi,
2935 4597 3044 4668 _aut
3094 4586 3149 4639 in
3198 4586 3301 4669 alia
3354 4587 3616 4669 primaria

2029 4656 2173 4724 Asia:
2221 4666 2440 4721 civitate
2486 4660 2832 4730 propositum
2871 4656 3086 4730 fuisset,
3137 4657 3618 4730 antequam_illud

2029 4737 2324 4810 proconsul
2360 4727 2780 4810 exsequeretur,
2797 4727 3135 4810 .mandaturr'r
3152 4728 3223 4779 im
3232 4727 3516 4810 perlatoris.

2101 4807 2217 4880 (67)
2259 4805 2399 4880 Haec
2415 4794 2577 4880 verba
2612 4794 3615 4880 deucalunn-iiator‘ibus;_Cbristia‘uo-

2030 4865 2151 4934 ruin
2184 4865 2291 4930 non
2317 4876 2514 4930 debere
2555 4869 2804 4937 intelligi,
2845 4868 2940 4921 sed
2971 4867 3038 4920 de
3069 4865 3400 4919 Christianis
3435 4867 3615 4935 potius

2027 4950 2335 5020 ipsis,recte
2365 4941 2674 5000 ooservavit
2700 4939 2946 4994 Valesius
2973 4938 3030 4990 in
3052 4945 3167 4992 not.
3195 4937 3264 4991 ad
3302 4938 3356 4990 h.
3388 4938 3424 4990 ι.
3449 4953 3614 5006 quem

2027 5020 2173 5075 vide.

2098 5089 2210 5164 (68)
2250 5085 2464 5164 {Felice
2492 5098 2592 5164 ριῖο
2624 5079 2857 5164 κρίναις·
2925 5149 2939 5164 .
3117 5147 3140 5164 .
3537 5151 3549 5162 .
3595 5152 3608 5164 .

2100 5147 2214 5230 (69)
2257 5147 2752 5230 Urbium-decreta
2793 5153 2863 5230 ‘ip
2925 5149 3071 5230 bano
3115 5147 3351 5230 formam
3392 5151 3610 5222 concipi

2028 5219 2278 5286 solebant
2309 5247 2344 5300 :_
2365 5225 2570 5300 Ἐδόκει
2601 5224 2666 5294 τῇ
2695 5220 2986 5300 βουλῇ-καὶ
3003 5219 3081 5300 τῷ
3113 5220 3291 5300 δήμῳ.

2099 5301 2213 5369 (70)
2268 5297 2590 5369 Φιλοσοφίας
2659 5294 2926 5369 vocabulo
2987 5294 3347 5369 religionem_
3389 5306 3612 5369 quoque

2028 5362 2396 5424 Christianam
2445 5362 2486 5420 ai
2534 5365 2787 5418 l’atribus
2822 5363 3230 5418 denominatam
3276 5362 3466 5427 fuisse,
3511 5365 3613 5416 ob-

2028 5441 2266 5495 servavit
2295 5439 2553 5493 Suicerus
2585 5436 2638 5489 in
2677 5433 2942 5488 Thesauro
2967 5431 3342 5498 ecclesiastico,
3377 5442 3509 5488 tum.
3539 5432 3606 5500 ll,

2025 5510 2119 5565 fol.
2162 5510 2319 5564 MM.

2097 5581 2210 5651 (71)
2255 5581 2345 5635 Sic
2385 5577 2642 5651 nominat
2689 5573 2929 5651 Iudaeos,
2975 5573 3131 5651 apud
3181 5587 3322 5641 quos
3365 5573 3606 5651 primum

2021 5643 2210 5706 exorta
2246 5661 2330 5706 est
2372 5649 2684 5704 Christiana
2723 5648 2932 5718 religio.
2953 5643 3111 5718 _!linc
3163 5655 3246 5718 est
3281 5646 3429 5718 quod
3467 5643 3606 5701 Por-

2022 5724 2283 5795 phyrius,
2336 5722 2478 5791 apud
2550 5715 2886 5785 Eusebium,
2941 5715 3083 5769 Hist.
3137 5716 3321 5771 cccles.
3376 5715 3472 5771 lib.
3521 5732 3605 5784 vr,
