4130 6410
467 384 600 441 1211

1523 384 1582 440 S.
1625 384 1884 441 MELITO
1923 386 2235 444 SARDIUM
2270 386 2672 443 EPISCOPUS.

3634 382 3778 438 1212

465 517 592 558 cum
621 498 1027 573 provinciarum
1059 499 1139 556 tui
1174 499 1392 571 imperii
1428 501 1648 570 incolis,
1685 513 1810 571 post
1846 503 2053 574 princi—

2181 505 2334 559 ζθνεσι
2371 507 2513 562 κατὰ
2551 506 2651 578 τὴν
2699 503 3033 572 Αὐγούστου,
3071 502 3162 556 τοῦ
3201 502 3294 556 σοῦ
3340 503 3629 575 προγόνου,
3668 523 3775 577 με-

467 604 657 666 patum
687 594 896 650 felicem
924 595 1181 665 Augusti,
1218 594 1312 664 qui
1344 609 1490 649 unus
1517 611 1585 650 ex
1616 596 1923 666 majoribus
1956 598 2067 652 tuis

470 686 595 754 fuit,
628 686 974 752 elilornisset,
1013 685 1261 741 faustum
1308 685 1544 756 imperio
1597 687 1848 743 Romano
1906 705 2066 745 omen

467 779 698 834 exstitit.
752 777 830 831 Ex
865 793 932 832 eo
972 778 1244 848 siquidem
1280 789 1529 848 tempore
1578 781 1836 836 maximis
1890 782 2069 837 incre-

470 871 672 927 mentis
703 881 864 927 aucta
903 881 990 926 est
1027 872 1289 943 majestas
1339 873 1561 944 imperii
1608 874 1867 941 Romani,
1907 876 2068 946 cujus

469 973 528 1017 tu
565 971 858 1032 exoptatus
888 978 1178 1019 successor
1223 963 1402 1019 factus
1456 979 1544 1031 es,
1584 974 1639 1020 et
1665 965 1775 1021 eris
1804 983 1911 1020 una
1939 982 2067 1021 cum

470 1053 603 1120 filio,
637 1053 684 1108 si
738 1053 904 1108 modo
949 1055 1092 1109 tueri
1137 1055 1275 1111 velis
1321 1067 1526 1110 sectam
1575 1056 1745 1120 illam,
1783 1072 1905 1127 quae
1940 1073 2066 1112 cum

471 1145 709 1214 imperio
741 1144 996 1213 educata,
1029 1157 1238 1202 etcum
1288 1147 1542 1219 Augusto
1595 1150 1759 1203 simul
1810 1150 2067 1205 inchoata

471 1246 580 1304 est,
606 1253 886 1308 quamque
922 1238 1163 1308 majores
1189 1239 1267 1293 tui
1304 1255 1410 1293 una
1434 1255 1562 1294 cum
1606 1240 1818 1296 eat-teris
1849 1240 2068 1312 religio-

473 1330 643 1386 nibus
690 1331 997 1386 eoluerunt.
1032 1329 1207 1386 Porro
1257 1332 1578 1402 religionem
1619 1341 1867 1388 nostram
1919 1333 2067 1388 bono

469 1421 695 1489 publico
723 1422 1032 1476 adolevisse
1067 1437 1174 1476 una
1205 1438 1331 1476 cum
1361 1423 1615 1493 imperio,
1655 1425 1804 1494 quod
1836 1424 2070 1480 feliciter

471 1521 715 1580 coeptum
779 1511 980 1578 fuerat,
1044 1513 1175 1567 illud
1224 1514 1533 1570 certissimo
1585 1526 1913 1586 argumento
1961 1527 2066 1583 est,

473 1605 620 1674 quod
647 1605 763 1674 jam
813 1605 942 1659 inde
995 1620 1027 1660 a
1081 1606 1389 1676 principatu
1431 1608 1663 1679 Augusti
1699 1610 1775 1664 nil
1823 1609 2064 1675 adversi,

474 1697 572 1753 sed
603 1707 796 1753 contra
825 1698 1012 1753 omnia
1043 1715 1304 1770 prospera
1344 1708 1398 1755 et
1456 1703 1746 1773 magniﬁca
1788 1720 1856 1759 ex
1897 1704 2066 1758 animi

479 1791 753 1846 sententia
809 1802 1045 1865 votoque
1099 1793 1348 1848 omnium
1407 1796 1773 1866 contigerunt.
1837 1797 1952 1852 Soli
1998 1813 2065 1852 ex

475 1884 735 1940 omnibus
787 1883 931 1940 Nero
986 1895 1042 1941 et
1087 1886 1456 1954 Domitianus,
1498 1889 1895 1945 malevolorum
1931 1904 2069 1960 quo-
2102 1854 2145 1908 Β

475 1975 729 2030 rumdam
762 1977 1013 2032 consiliis
1042 1977 1273 2046 inducti,
1318 1979 1639 2051 religionem
1679 1991 1926 2036 nostram
1959 1981 2069 2037 cri-

475 2064 679 2119 minari
741 2065 1098 2120 studuerunt.
1149 2067 1196 2120 A
1237 2070 1440 2139 quibus
1485 2071 1741 2143 deinceps
1797 2071 1932 2128 falsa
1979 2074 2069 2128 illa

475 2153 769 2208 adversum
821 2171 924 2210 nos
977 2157 1255 2212 calumnia
1306 2160 1549 2214 manavit
1577 2160 1645 2218 ad
1689 2172 1962 2231 posteros,
2010 2173 2071 2218 ut

476 2261 600 2300 mos
629 2255 718 2301 est
748 2246 916 2317 vulgi,
949 2248 1157 2319 absque
1200 2250 1312 2304 ullo
1354 2250 1564 2320 judicio
1608 2253 1925 2322 hujusmodi
1976 2271 2064 2308 ru-

475 2338 727 2394 moribus
750 2338 910 2394 fidem
937 2340 1158 2396 habere.
1180 2340 1381 2397 Verum
1406 2343 1825 2414 imprudentiam
1853 2345 2071 2400 illorum

475 2441 840 2486 correxerunt
898 2433 1137 2503 piissimi
1210 2444 1464 2505 parentes
1522 2439 1633 2504 tui,
1696 2437 2073 2508 frequentibus

475 2524 761 2595 rescriptis
788 2525 1146 2596 objurgantes
1188 2542 1305 2593 eos,
1357 2529 1451 2596 qui
1494 2529 1762 2584 adversus
1799 2531 2074 2600 religionis

476 2623 681 2669 nostra:
712 2616 965 2671 homines
998 2618 1122 2671 novi
1155 2619 1286 2688 quid
1313 2621 1486 2675 moliti
1529 2631 1728 2676 essent.
1767 2621 1909 2677 Inter
1937 2639 2074 2692 quos

475 2721 616 2760 avus
664 2715 792 2763 tuus
829 2709 1107 2764 Adrianus
1139 2727 1264 2765 cum
1295 2713 1419 2766 aliis
1456 2713 1728 2782 pluribus,
1763 2723 1876 2768 tum
1928 2715 2077 2769 Fun-

478 2800 632 2854 dano
679 2800 823 2855 Asiae
855 2804 1175 2872 proconsuli
1207 2804 1418 2860 litteras
1462 2807 1629 2861 dedit.
1664 2807 1826 2864 Pater
1861 2825 2078 2880 quoque

481 2899 630 2957 tuus,
664 2908 775 2962 quo
804 2901 1053 2963 tempore
1083 2905 1281 2949 cuncta
1320 2912 1444 2951 cum
1481 2897 1599 2967 ipso
1631 2899 2073 2967 administrabas,

480 2985 705 3055 scripsit
729 2986 798 3040 ad
828 2986 1099 3051 civitates,
1131 3004 1200 3042 ne
1229 2999 1419 3044 contra
1444 3006 1545 3046 nos
1578 2993 1846 3048 tumultus
1873 2996 2080 3049 excita-

479 3085 640 3143 rent;
692 3078 1020 3132 nominatim
1060 3080 1128 3134 ad
1163 3080 1486 3150 Larissaaos,
1522 3082 1588 3136 ad
1624 3082 2068 3139 Thessalonicen-

482 3182 611 3231 σεε,
676 3167 741 3223 ad
815 3170 1213 3238 Athenienses,
1256 3181 1311 3226 et
1370 3174 1438 3228 ad
1509 3175 1793 3231 universos
1851 3176 2080 3246 denique

2190 3171 2701 3243 φιλανθρωποτέραν
2757 3171 2852 3224 καὶ
2922 3169 3380 3240 φιλοσοφωτέραν,
3435 3167 3792 3239 πεπείσμεθα

482 3257 724 3315 Graecos.
762 3259 838 3315 Te
882 3277 1032 3328 vero,
1083 3263 1287 3334 quippe
1328 3266 1420 3334 qui
1478 3267 1620 3322 idem
1652 3263 1824 3337 quod
1882 3269 1960 3323 illi
2009 3269 2078 3324 de

2170 595 2343 668 γὰλην
2368 596 2562 669 ἀρχὴν,
2591 593 2822 666 ἐγενήθη
2853 593 3087 664 μάλιστα
3107 596 3174 665 τῇ
3209 597 3278 665 σῇ
3313 593 3562 666 βασιλείᾳ
3592 596 3774 650 αἴσιον

2168 689 2388 759 ἀγαθόν.
2431 691 2657 743 Ἔκτοτε
2689 687 2798 760 γὰρ
2830 689 2909 751 είς
2942 687 3084 758 μέγα
3116 689 3210 740 καὶ
3240 687 3493 758 λαμπρὸν
3523 689 3583 742 τὸ
3633 690 3776 742 Ῥω-

2174 778 2347 850 μαίων
2379 777 2589 850 ηὐξήθη
2619 778 2841 849 κράτος,
2876 770 2937 829 οὗ
2975 777 3038 829 σὺ
3064 777 3306 846 διάδοχος
3330 777 3579 841 εὐκταῖος
3601 777 3772 847 γ’έγο-

2169 873 2266 936 νάς
2293 890 2352 926 τε
2387 873 2480 926 καὶ⁹
2521 872 2618 944 ἔσῃ
2661 873 2799 943 μετὰ
2830 871 2921 925 τοῦ
2956 870 3145 934 παιδὸς
3179 871 3314 942 (72),
3338 870 3627 940 φυλάσσων
3665 872 3774 941 τῆς

2172 965 2447 1035 βασιλείας
2480 967 2580 1037 τὴν
2627 966 2923 1038 σύντροφον
2963 963 3057 1017 καὶ
3105 963 3514 1036 συναρξαμένην
3553 963 3773 1032 Αὐγούο

2172 1077 2280 1130 στῳ
2304 1059 2412 1131 (75)
2439 1058 2773 1129 φιλοσοφίαν,
2803 1059 2868 1129 ῆν
2894 1058 2988 1112 καὶ
3008 1059 3057 1110 οἱ
3086 1057 3340 1129 πρόγονοί
3374 1074 3466 1110 σου
3490 1056 3600 1128 (74)
3629 1056 3774 1128 πρὸς

2169 1154 2289 1216 ταῖς
2334 1150 2522 1215 ἄλλαις
2578 1149 2900 1222 θρησκείαις
2952 1148 3243 1220 ἐτίμησαν.
3279 1147 3389 1200 Καὶ
3419 1147 3574 1201 τοῦτο
3610 1147 3772 1218 μέγι-

2172 1260 2294 1296 στον
2336 1245 2634 1316 τεκμήριον
2653 1242 2748 1295 τοῦ
2784 1243 2921 1314 πρὸς
2964 1241 3168 1310 ἀγαθοῦ
3205 1241 3315 1312 (75)
3343 1242 3434 1296 τὸν
3458 1241 3581 1294 καθ’
3616 1243 3773 1314 ἡμᾶς

2169 1337 2325 1404 λόγον
2353 1335 2696 1406 συνακμάσαι
2727 1336 2794 1406 τῇ
2825 1333 3009 1398 καλῶς
3041 1334 3319 1406 ἀρξαμένῃ
3347 1334 3458 1406 (76)
3494 1334 3771 1405 βασιλείᾳ,

2167 1431 2234 1482 ὲκ
2265 1428 2356 1482 τοῦ
2392 1428 2556 1500 μηδὲν
2577 1425 2778 1496 φαῦλον
2797 1425 2906 1479 ἀπὸ
2936 1426 3039 1495 τῆς
3059 1426 3369 1495 Αὐγούστου
3391 1425 3565 1496 ἀρχῆς
3590 1427 3777 1480 ἀπαν-

2168 1521 2352 1591 τῆσαι,
2388 1518 2526 1572 ἀλλά
2568 1515 2878 1571 τούναντίον
2919 1515 3135 1570 ἅπαντα
3180 1515 3409 1587 λαμπρὰ
3454 1513 3548 1567 καὶ
3579 1512 3776 1578 ἔνδοξα

2170 1613 2310 1668 κατὰ
2340 1613 2440 1676 τὰς
2465 1612 2681 1664 πάντων
2706 1609 2891 1679 εὐχάς.
2919 1609 3086 1662 Μόνοι
3106 1607 3321 1662 πάντων
3345 1605 3777 1668 ἀναπεισθέντες

2172 1705 2277 1760 ὑπό
2306 1721 2470 1758 τινων
2509 1703 2794 1774 βασκάνων
2836 1699 3159 1773 ἀνθρώπων,
3204 1699 3297 1752 τὸν
3341 1699 3464 1753 καθ’
3513 1699 3663 1769 ἡμᾶς
3712 1698 3776 1749 ὲν

2169 1797 2386 1868 διαϐολῇ
2421 1795 2758 1864 καταστῆσαι
2785 1793 2942 1860 λόγον
2963 1791 3234 1863 ἠθέλησαν
3263 1792 3454 1862 Νέρων
3480 1791 3575 1843 καὶ
3605 1791 3782 1860 Δομε-

2169 1892 2353 1954 τιανός
2395 1889 2528 1961 (77).
2577 1888 2695 1957 Ἀφ’
2723 1880 2799 1942 ὧν
2835 1887 2929 1939 καὶ
2960 1883 3023 1938 τὸ
3048 1885 3150 1956 τῆς
3185 1884 3550 1954 συκοφαντίας
3588 1883 3780 1954 ἀλόγῳ

2174 1982 2429 2054 συνηθείᾳ
2455 1982 2582 2052 περὶ
2610 1980 2736 2043 τοὺς
2766 1977 3040 2041 τοιούτους
3067 1976 3261 2048 ῥυῆναι
3295 1975 3613 2046 συμϐέϐηκε
3645 1974 3781 2045 ψεῦ-

2171 2075 2278 2136 δος.
2333 2071 2492 2124 Ἀλλά
2527 2071 2624 2140 τὴν
2658 2068 2880 2122 ἐκείνων
2909 2067 3132 2137 ἄγνοιαν
3171 2068 3220 2120 οἱ
3254 2067 3338 2120 σοὶ
3382 2064 3626 2128 εὐσεϐεῖς
3668 2082 3781 2118 πα-

2171 2165 2328 2236 τέρες
2349 2159 2813 2234 ὲπανωρθώσαντο
2837 2159 2972 2231 (78),
3006 2158 3265 2222 πολλάκις
3292 2157 3507 2223 πολλοῖς
3535 2153 3782 2230 ἐπιπλή-

2174 2258 2362 2324 ξαντες
2392 2257 2684 2328 ἐγγράφως
2717 2257 2832 2308 ὅσοι
2859 2254 2988 2325 περὶ
3017 2245 3222 2306 τοῧτων
3258 2251 3580 2323 νεωτερίσαι
3620 2248 3778 2301 ὲτόλ-

2178 2368 2378 2421 μησαν.
2424 2350 2512 2403 Ἐν
2539 2343 2620 2413 οἷς
2661 2350 2689 2400 ὁ
2738 2349 2836 2419 μὲν
2878 2346 3102 2409 πάππος
3143 2362 3235 2398 σου
3288 2342 3588 2414 Ἀδριανὸς,
3640 2341 3783 2393 πολ-

2173 2442 2286 2507 λοῖς
2317 2444 2421 2514 μὴν
2448 2444 2542 2496 καὶ
2574 2441 2772 2504 ἄλλοις,
2807 2441 2901 2493 καὶ
2931 2439 3214 2510 Φουνδάνῳ
3247 2438 3356 2509 (79)
3391 2436 3473 2490 δὲ’
3494 2435 3573 2506 τῷ
3607 2433 3781 2488 aveo-

2178 2537 2332 2607 πάτῳ
2363 2535 2654 2606 ἡγουμένῳ
2686 2535 2785 2605 τῆς
2828 2533 3012 2595 Ἀσίας
3047 2531 3277 2602 γράφων
3311 2529 3584 2599 φαίνεται.
3621 2528 3681 2580 '0
3722 2525 3783 2579 δὲ

2179 2627 2360 2696 πατήρ
2406 2642 2520 2689 σου,
2570 2626 2663 2678 καὶ
2715 2623 2806 2676 σού
2854 2622 2924 2677 τὰ
2971 2623 3260 2694 σύμπαντα
3305 2619 3636 2683 διοικοῦντος
3682 2619 3786 2672 αὐ-

2179 2715 2256 2785 τῷ
2304 2714 2438 2785 (80),
2485 2716 2608 2778 ταῖς
2653 2713 2839 2766 πολέσι
2894 2712 3024 2783 περ)⁸
3064 2708 3158 2763 τοῦ
3211 2709 3376 2782 μηδὲν
3435 2707 3786 2779 νεωτερίζειν

2180 2807 2309 2877 περὶ
2339 2805 2498 2877 ἡμῶν
2532 2804 2768 2877 ἔγραψεν
2802 2804 2933 2874 (8|).
2992 2804 3080 2856 Ἐν
3121 2798 3211 2866 αἷς
3255 2801 3350 2855 καὶ
3390 2801 3530 2871 πρὸς
3571 2800 3785 2871 Λαρισ-

2182 2896 2366 2960 σαίους
2411 2898 2503 2949 καὶ
2543 2896 2681 2967 πρὸς
2719 2895 3134 2958 Θεσσαλονικεῖς
3179 2895 3274 2947 καὶ
3330 2893 3652 2964 Ἀθηναίους
3686 2894 3790 2946 xei.

2178 2988 2318 3060 πρὸς
2344 2987 2550 3050 πάντας
2586 2986 2852 3057 Ἕλληνας
2877 2986 3007 3057 (89.).
3045 2985 3111 3038 Σὲ
3144 2985 3200 3038 δὲ
3230 2983 3451 3055 μᾶλλον,
3493 2985 3625 3054 περὶ
3658 2982 3790 3035 τού-

2181 3098 2291 3136 των
2338 3081 2438 3152 τὴν
2475 3080 2644 3151 αὐτὴν
2686 3079 2912 3144 ἐκείνοις
2945 3079 3133 3149 ἔχοντα
3171 3077 3396 3149 γνώμην
3429 3077 3524 3129 καὶ
3552 3075 3688 3129 πολύ
3721 3093 3790 3143 γε

2185 3268 2363 3321 πάντα
2397 3265 2684 3337 πράσσειν,
2716 3263 2817 3316 ὅσα
2857 3279 2949 3316 σου
2983 3261 3233 3332 δεόμεθα.

482 3353 642 3408 nobis
667 3355 892 3422 sentias,
936 3357 1045 3411 imo
1083 3358 1248 3413 etiam
1281 3359 1442 3432 longe
1488 3362 1785 3418 humanius
1815 3373 1981 3434 atque
2027 3363 2354 3435 sapientius,
2388 3369 2541 3416 tanto
2579 3357 2754 3428 magis
2820 3356 3150 3412 conﬁdimus
3201 3354 3388 3410 omnia
3441 3370 3566 3410 esse
3608 3353 3791 3408 factu-

484 3464 632 3516 rum,
665 3465 788 3520 qua:
816 3466 1095 3522 rogamus.

554 3563 681 3620 Haec
709 3565 898 3621 itidem
931 3568 1194 3625 exhibent
1227 3567 1499 3638 Bullinus,
1537 3569 1896 3642 Nicephorus.
1937 3570 2017 3624 Ex
2052 3566 2477 3632 recentioribus,
2515 3571 2715 3634 praeter
2745 3558 3083 3616 Halloixium
3113 3567 3170 3614 ct
3207 3557 3618 3622 Benthemium,
3650 3558 3790 3614 illud

482 3657 949 3728 quoque,Galliee
971 3677 1214 3729 versum,
1267 3661 1520 3718 Historia:
1571 3680 1685 3720 sua:
1724 3664 1958 3735 generali
2001 3664 2064 3717 de
2106 3659 2466 3732 Scriptoribus
2510 3655 2889 3711 ecclesiasticis
2937 3654 3173 3709 inseruit
3212 3652 3529 3707 Ceillierus.
3563 3649 3663 3705 Vel
3718 3667 3790 3705 ex

485 3755 572 3810 bis
600 3754 865 3824 deperditi
900 3757 1228 3829 Apologetici
1262 3761 1452 3828 paucis
1481 3758 1802 3833 fragmentis
1835 3759 2178 3816 observanda
2202 3767 2286 3814 est
2319 3757 2478 3822 satis,
2512 3755 2647 3824 quin
2689 3751 3010 3808 admiranda
3041 3758 3144 3816 est,
3177 3748 3279 3803 viri
3307 3747 3484 3803 sancti
3514 3745 3788 3816 praeclara

487 3847 752 3903 modestia
784 3856 838 3904 et
880 3849 1193 3920 prudentia,
1231 3858 1340 3905 tam
1379 3852 1432 3906 in
1464 3852 1675 3922 judicio
1717 3868 1819 3908 suo
1849 3851 2196 3924 imperatoris
2232 3848 2499 3906 voluntati
2536 3846 2908 3903 submittendo
2955 3853 3010 3900 et
3053 3845 3287 3915 benigne
3324 3842 3587 3913 rogando,
3616 3855 3794 3910 quam

487 3944 545 3998 in
579 3944 888 4000 amolienda
917 3945 986 4000 ab
1018 3945 1212 4001 eodem
1241 3953 1405 4002 tantae
1439 3947 1493 4002 in
1527 3948 1871 4004 Christianos
1907 3946 2221 4002 acerbitatis
2261 3944 2488 4010 invidia,
2523 3952 2688 4013 atque
2740 3942 2796 3996 in
2844 3941 3004 4007 alios,
3047 3939 3168 3994 auri
3198 3953 3355 3994 saera
3405 3937 3554 3994 fame
3606 3947 3796 4004 actos,

491 4038 892 4094 transferenda.

489 4210 611 4319 ea).
651 4196 740 4256 l9.
781 4195 1224 4251 Christianorum
1267 4204 1472 4252 sectam
1520 4195 1755 4265 appellat
1796 4191 2082 4265 Βάρϐαρον

489 4283 521 4318 τ
589 4283 770 4319 unua.

489 4283 521 4318 τ

534 4283 1418 4418 Tigraﬁepommodoloquitur,
1451 4337 1545 4406 qui
1575 4351 1651 4418 ex
1671 4335 1776 4418 _his
1801 4335 1934 4404 ipsis
1960 4350 2086 4418 ver-

493 4407 582 4462 bis
616 4405 828 4476 impcrii
853 4409 1037 4463 socius
1063 4407 1306 4461 nondum
1335 4405 1508 4463 fuisse
1537 4407 1775 4470 videtur,
1810 4421 1961 4476 ClllfL
1967 4405 2086 4476 haec

2186 4190 2452 4246 adversus
2481 4203 2585 4242 nos
2625 4186 2803 4241 solum
2832 4193 3091 4240 exercent
3118 4185 3306 4255 impii,
3329 4183 3542 4254 injusti,
3573 4193 3796 4255 turpes,

2188 4273 2390 4324 truces,
2436 4259 2587 4323 vani,
2637 4256 2953 4312 dementes?
3004 4271 3142 4325 quas
3187 4254 3459 4323 Trajanus
3510 4271 3577 4308 ex
3636 4254 3799 4324 parte

2188 4332 2487 4386 frustratus
2514 4338 2639 4383 est:
2672 4343 2810 4396 quas
2851 4326 3036 4380 nullus
3068 4325 3364 4390 Adrianus,
3399 4326 3587 4381 nullus
3628 4325 3796 4392 Pius,

2187 4403 2372 4456 nullus
2425 4399 2599 4454 Verus
2641 4397 2951 4468 impressit.
2999 4413 3017 4447 ›
3058 4396 3278 4450 Ceillier
3316 4397 3368 4449 in
3413 4406 3531 4451 not.
3558 4398 3716 4452 adh.
3753 4399 3794 4453 Ι.

495 4467 758 4533 scriberet
793 4477 1013 4544 Melite,
1058 4479 1188 4532 licet
1238 4477 1580 4532 contrarium
1625 4467 1874 4530 videatur
1922 4474 2086 4529 Tille—
2118 4535 2156 4544 ,ε
2190 4471 2609 4544 conferatur,_p.
2639 4467 2728 4544 7_7.

496 4548 916 4618 montiotcujus
957 4548 1283 4604 sententiam
1315 4564 1478 4617 Supra
1505 4547 1756 4616 exposui.

717 4617 970 4674 Valesius
1016 4618 1146 4690 legit
1173 4618 1582 4688 συναυξαμένην
1608 4617 1915 4686 Αὐγούστου
1944 4617 2093 4686 φιλο-

498 4703 713 4742 σοφίαν.

520 4706 888 4831 ὲοῒῇΐιτοηο
917 4759 1174 4831 designat
1209 4759 1413 4815 Tiberii
1447 4760 1738 4815 Consilium
1772 4761 1841 4831 de
1873 4759 2096 4831 Christo

500 4829 646 4884 inter
678 4831 811 4885 deos
845 4829 1169 4901 referendo;
1209 4831 1278 4886 de
1313 4846 1424 4901 quo
1457 4831 1600 4901 inter
1629 4833 1767 4885 alios
1799 4829 2096 4901 Tertullia-

501 4915 630 4966 nus,
664 4902 717 4954 in
753 4900 1034 4970 Apologia,
1097 4917 1218 4970 cap.
1263 4899 1426 4966 ὄζει
1468 4900 1666 4956 Euseb.
1718 4901 1862 4954 Hist.
1905 4899 2090 4953 eccles.

504 4971 692 5042 Ιὶιιιιι,
719 4986 841 5042 cap.
863 4971 924 5042 f2.
963 4970 1126 5042 conf.
1159 4970 1483 5042 Mystagggi,
1512 4972 1548 5025 i.
1582 4987 1632 5025 e.
1675 4971 1779 5025 Th.
1813 4970 2095 5042 Woolsto-

503 5041 560 5094 ni
584 5041 720 5096 diss.
748 5040 824 5111 De
852 5040 1036 5094 Pontii
1077 5040 1247 5094 Pilat’i
1278 5040 1354 5095 ad
1383 5041 1651 5095 Tiberium
1679 5041 1926 5111 epistola,
1953 5041 2100 5111 circa

503 5127 585 5182 res
611 5111 742 5182 Iesu
764 5110 978 5182 Christi
1015 5119 1216 5182 gestas,
1249 5111 1427 5166 Lond.
1469 5112 1631 5165 1720.
1666 5109 1774 5166 Aut
1801 5109 2010 5182 templa
2031 5124 2095 5160 ex

507 5179 739 5235 Adriani
761 5179 1152 5251 instituto'sine
1173 5181 1506 5251 imaginibus
1522 5184 1806 5251 collocata,
1819 5182 1885 5235 de
1900 5179 2100 5251 quibus

503 5251 630 5306 vide
647 5251 998 5321 Spartianum
1020 5252 1090 5321 in,
1109 5249 1233 5304 Vita
1258 5249 1552 5307 Alexandri
1583 5250 1780 5318 Severi,
1800 5265 1922 5320 cap.
1949 5249 2040 5303 45.

609 5320 704 5387 75ἳ
737 5321 858 5374 Alia
895 5321 1059 5390 lectio
1079 5320 1248 5376 habet
1271 5321 1670 5390 καλοκαγαθου.

738 5391 876 5475 Male
909 5389 1202 5475 Yalesiana
1222 5392 1392 5475 editio
1412 5391 1697 5475 ἠρξαμένῃ
1729 5389 1878 5475 legit.

581 5450 697 5532 (77')
740 5459 1117 5532 Tertullianus
1149 5461 1204 5515 in
1232 5450 1480 5532 Apolog'f,
1499 5450 1636 5532 'eap.
1663 5450 1717 5528 ἕ,
1746 5450 1890 5515 idem
1917 5456 2053 5532 dixit
2087 5479 2099 5513 :

517 5550 537 5582 ι
578 5527 904 5601 Reperietis,
929 5532 1208 5601 inquiens,
1256 5527 1492 5601 primum
1548 5527 1820 5588 Neronem
1859 5531 1914 5583 in
1963 5527 2106 5584 hanc

513 5612 720 5656 sectam
773 5611 886 5655 tum
944 5602 1183 5656 maxime
1241 5601 1431 5657 Reinse
1477 5604 1740 5658 orientem
1793 5601 2107 5656 Caesariano

555 5672 698 5725 ladio
726 5669 1016 5728 ferocisse.
1060 5672 1391 5727 Tentaverat
1429 5683 1482 5727 et
1524 5672 1890 5737 Domitianus,
1931 5671 2107 5738 portio

567 5741 754 5795 eronis
805 5743 874 5794 de
920 5743 1266 5797 crudelitate.
1326 5742 1597 5797 Cazterum
1655 5745 1724 5798 de
1784 5751 1864 5797 tot
1911 5741 2108 5796 eximie

517 5810 957 5884 principibusad
1001 5811 1350 5884 hodiernum,
1373 5815 1518 5868 edite
1544 5815 1783 5884 aliquem
1816 5811 2108 5867 debellato-

519 5894 635 5934 rem
682 5878 1144 5936 Christianorum.
1186 5881 1388 5949 Quales
1434 5900 1564 5955 ergo
1609 5878 1754 5956 leges
1794 5886 1930 5953 ista},
1973 5899 2108 5955 quas

2117 4535 2166 4595 D
2261 4542 2375 4612 (78)
2417 4534 2753 4610 Readingius
2805 4536 2935 4607 legit
2997 4534 3506 4607 ἐπηνωρθώσαντο,
3579 4538 3799 4609 duplici

2197 4629 2262 4666 au
2271 4627 2428 4667 amen
2436 4621 2490 4664 ιο
2499 4651 2512 4664 .

2269 4629 2536 4751 ῗῦἓῗηῆῗὶρ
2577 4678 2803 4733 Adriani
2847 4679 2920 4751 ad
2966 4675 3264 4731 Minucium
3306 4674 3805 4751 FP'ldannm—pm

2197 4745 2528 4808 Christianis
2554 4751 2880 4820 rescriptum
2909 4749 3086 4820 legere
3105 4756 3190 4820 est
3219 4746 3362 4820 apud
3396 4745 3598 4820 Euseb.
3640 4745 3797 4807 Hist;

2197 4823 2380 4876 eccles.
2412 4821 2508 4874 lib.
2545 4837 2619 4886 IV,
2653 4817 2866 4890 cap.78.
2911 4817 2999 4890 Adi
3033 4817 3242 4890 calcem
3279 4817 3554 4890 Apologia:
3601 4821 3808 4889 prima:

2199 4892 2400 4946 Justini
2433 4890 2687 4961 Martyris
2723 4887 2949 4961 exhibet
2989 4887 3121 4942 illud
3166 4901 3390 4961 quoque
3433 4887 3698 4958 Grabius,
3743 4894 3802 4946 in

2203 4978 2301 5016 sua
2332 4958 2604 5031 Apologia:
2635 4961 2801 5029 hujus
2827 4960 3084 5031 editione,
3106 4973 3170 5031 _p.
3209 4958 3332 5031 154,

2272 5027 2388 5102 (8οἱ
2426 5027 2631 5087 Locum
2665 5027 2812 5084 hunc
2834 5030 2929 5102 _ita_
2955 5029 3119 5102 scribi
3146 5029 3356 5102 mavult
3382 5027 3637 5102 Valesius
3669 5050 3683 5102 _:
3741 5031 3810 5086 Ὀ

2201 5103 2258 5156 δὲ
2282 5098 2470 5174 ’πατήρ
2494 5120 2608 5166 σου,
2638 5102 2733 5174 καὶ
2766 5100 2859 5153 σοῦ
2876 5100 2946 5174 τά
2974 5101 3148 5174 πάντα
3167 5099 3597 5174 συνδιοικοῦντος
3623 5098 3802 5173 αὐτῷ.

2289 5120 2430 5174 πατη
2494 5120 2608 5166 σου,
2638 5120 2733 5154 και
2766 5120 2859 5153 σου
2876 5120 2946 5152 τα
2974 5120 3148 5152 παντα
3169 5120 3597 5164 συνοιοικυυντος
3623 5120 3802 5173 αυτῳ.

2276 5174 2390 5245 (81)
2433 5120 2544 5227 ﬁoc
2566 5173 2890 5241 rescriptum
2918 5169 3178 5245 Antonini
3206 5167 3298 5245 Pii
3329 5185 3428 5237 pro
3442 5171 3808 5245 _Christianis

2203 5239 2381 5299 hodie
2425 5245 2660 5314 amplius
2704 5239 2813 5296 non
2878 5250 3077 5314 exstat.
3126 5239 3302 5314 _Quod
3365 5242 3514 5314 on_im
3565 5241 3810 5314 Justini

2205 5316 2275 5370 Μ.
2304 5311 2541 5370 editores
2571 5314 2637 5367 ad
2677 5315 2878 5367 calcem
2914 5311 3183 5381 Apologia?
3216 5328 3264 5377 ι,
3308 5319 3362 5365 et
3410 5311 3616 5368 Euseb.
3654 5313 3805 5368 (list.

2206 5386 2416 5448 eccles.,
2451 5386 2544 5440 lib.
2580 5401 2655 5449 IV,
2701 5398 2822 5452 cap.
2873 5383 2961 5449 15,
3003 5382 3262 5437 exhibent
3292 5383 3397 5436 sub
3421 5383 3693 5438 Antonini
3720 5383 3813 5440 Pii

2208 5458 2450 5521 nomine,
2483 5455 2647 5509 Marci
2673 5453 2880 5508 Aurelii
2902 5452 3163 5507 Antonini
3191 5463 3293 5517 cst,
3320 5463 3381 5507 ut
3406 5454 3811 5510 adnotavimus

2209 5544 2396 5598 supra,
2426 5543 2532 5582 non
2562 5525 2677 5592 Pii;
2701 5525 2822 5598 ejus
2845 5533 3026 5598 tamen
3057 5523 3265 5598 mentio
3296 5525 3356 5598 lit
3386 5523 3655 5598 in_cdieto
3684 5528 3814 5598 Au-

2209 5593 2329 5655 relii
2358 5599 2424 5651 ad
2449 5593 2744 5651 commune
2769 5594 2934 5650 Asiae.
2968 5593 3169 5649 Confer
3199 5594 3428 5647 omnino
3453 5593 3810 5652 Baraterium

2211 5671 2264 5723 in
2293 5668 2576 5737 Disquisit.
2609 5666 2872 5731 chronol.,
2899 5682 2954 5734 ι).
2988 5663 3108 5737 197,
3133 5664 3447 5737 ubinovam
3478 5666 3812 5737 opinionem,

2211 5741 2356 5795 circa
2404 5735 2836 5793 controversiam
2880 5740 2946 5791 de
3000 5735 3104 5789 hoe
3151 5735 3334 5790 edicto
3376 5735 3611 5804 profert,
3653 5737 3809 5792 istud

2213 5811 2419 5866 scilicet
2446 5827 2474 5863 a
2506 5809 2602 5863 Pio
2646 5818 2700 5863 et
2731 5807 2912 5861 Marco
2940 5805 3278 5875 conjunctim
3307 5805 3482 5862 fuisse
3510 5808 3730 5862 datum.

2286 5883 2398 5954 (82)
2441 5879 2600 5937 Couf.
2643 5879 2977 5937 Dodwcllum
3003 5878 3056 5933 in
3099 5876 3238 5934 Diss.
3273 5877 3556 5948 Cyprimt.,
3587 5894 3643 5950 p.
3672 5878 3805 5948 266,
