4130 6380
3457 345 3596 402 {214

325 380 468 436 1215
1715 367 2160 426 FRAGMENTA.

1160 493 1188 564 ᾗ
1221 491 1309 546 III.
1351 491 1571 561 Frugm.
1604 489 1839 558 ejusdem
1878 485 2150 555 Apologia:
2179 497 2242 535 ea:
2283 478 2546 534 Chronico
2577 474 2732 530 Alex.

397 589 536 645 Huic
555 596 742 645 statim
767 601 1094 658 subjungam
1118 551 1488 656 fragmentum
1512 601 1579 638 ex
1608 583 1870 637 Chronico
1897 551 2283 640 Alexandrino,
2305 573 2450 643 quod
2475 585 2529 625 et
2555 566 2858 638 Πασχάλιον
2884 578 2979 618 seu
3009 561 3310 616 Chronicon
3338 551 3601 610 Paschale

321 692 572 748 vocatur,
606 681 982 750 desumptum.
1017 677 1190 748 Hujus
1216 678 1466 733 Chronici
1503 686 1693 731 auctor
1729 676 1796 729 ad
1831 670 2167 743 Olympiadis
2199 664 2591 721 ducentesima:
2619 659 2912 714 tricesima).
2945 663 3111 710 sextae
3147 664 3352 706 annum
3398 660 3596 701 secun-

322 779 477 844 dum,
515 741 1014 839 indictione-tertia,
1051 741 1284 830 duorum
1311 774 1706 843 Augustorum,
1737 767 1810 822 Μ.
1847 741 2056 820 Aurelii
2079 761 2341 817 Antonini
2373 768 2428 815 et
2461 757 2522 810 L.
2566 755 2695 811 Veri
2731 765 2878 806 anno
2911 749 2966 816 6,
3003 747 3231 818 Orphito
3265 753 3321 802 et
3354 741 3601 797 Pudente

323 885 472 928 coss.
513 870 656 926 inter
683 869 790 923 alia
823 869 940 924 haec
973 875 1126 922 notat
1157 862 1269 936 (85)
1298 883 1312 919 :

1712 995 1743 1030 σ
1773 977 1804 1028 λ
1831 982 1882 1042 ς’
1921 974 2252 1044 Ὀλυμπιάς,

1317 1101 1392 1161 ς’,
1439 1094 1558 1147 Ἰνδ.
1587 1099 1656 1161 γ’.
1695 1091 1822 1142 ’Υπ.
1864 1089 2113 1160 ὐρφίτου
2138 1087 2230 1139 καὶ
2254 1085 2562 1145 Πούδεντος.

410 1235 568 1291 Ἀλλὰ
596 1237 689 1290 καὶ
715 1234 963 1292 Μελίτων
993 1235 1238 1298 Ἀσιανδς
1278 1229 1586 1303 Σαρδιανῶν
1618 1228 1914 1289 ἐπίσκοπος
1950 1223 2152 1296 βιϐλίον
2208 1221 2565 1290 Ἀπολογίας
2593 1219 2760 1274 ἔδωκε
2791 1216 2904 1278 τοῖς
2932 1211 3272 1303 λελεγμένοις
3303 1207 3601 1303 βασιλειῖσι,

324 1326 421 1381 καὶ
445 1329 621 1399 ἕτεροι
658 1329 715 1383 δὲ
761 1328 964 1394 πολλοὶ,
1010 1321 1084 1382 ὧν
1116 1331 1145 1382 δ
1181 1326 1276 1398 μὲν
1322 1297 1582 1396 δηλωθεὶς
1622 1320 1904 1382 Ίουστῖνος
1947 1317 2086 1386 μετὰ
2117 1333 2239 1370 τινα
2263 1313 2418 1376 ἄλλα,
2453 1304 2528 1368 ὧν
2558 1309 2788 1380 ἔγραψε,
2821 1307 2913 1360 καὶ
2949 1304 3106 1359 τοῦτο
3136 1301 3360 1372 ἐνέθηκε
3384 1318 3398 1331 ·
3428 1297 3602 1367 Κάγὼ

324 1425 633 1498 προσδοκῶ,
665 1442 718 1479 κ.
753 1441 804 1478 τ.
835 1424 912 1488 λ.;
944 1435 997 1478 et
1020 1431 1144 1494 post
1181 1391 1326 1476 satis
1357 1391 1580 1489 longum
1615 1434 1683 1470 ex
1714 1414 1934 1471 Justino
1973 1413 1987 1467 i

2038 1423 2361 1483 igmentum,
2392 1407 2580 1464 statim
2608 1404 2819 1475 pergit:
2859 1400 3106 1456 Μελίτων
3133 1395 3443 1468 Σαρδιανῶν
3473 1391 3598 1448 ἐπί-

327 1538 549 1586 σκοπος,
576 1520 715 1593 μετὰ
763 1519 932 1574 πολλὰ
971 1518 1080 1572 τῶν
1118 1516 1470 1571 ὲπιδοθέντων
1506 1511 1656 1583 παρὰ
1687 1509 1779 1565 τοῦ
1815 1509 1978 1563 αὐτοῦ

2038 1507 2326 1571 [ουστίνου,
2355 1503 2521 1574 φησίν
2542 1519 2556 1530 ·
2603 1519 2621 1553 ‹
2647 1499 2829 1554 Melite
2860 1495 3258 1551 Sardianorum
3286 1491 3601 1561 episcopus,

321 1623 451 1684 post
479 1615 652 1668 multa
683 1613 751 1668 ab
777 1611 969 1667 eodem
995 1608 1219 1665 Justino
1250 1609 1469 1675 tradita,
1498 1608 1579 1662 sic
1608 1605 1717 1660 ait:
1748 1623 1770 1657 ›

398 1755 514 1808 Οὐκ
542 1753 708 1825 ἐσμὲν
737 1751 901 1806 λίθων
927 1751 1185 1822 οὐδεμίαν
1210 1747 1459 1820 αἴσθησιν
1492 1745 1727 1817 ἑχόντων
1761 1743 1916 1814 θερα-

2085 1737 2207 1793 Non
2260 1750 2454 1792 sumus
2495 1730 2740 1802 lapidum
2778 1743 2941 1783 sensu
2987 1722 3293 1780 carentium
3342 1719 3604 1784 cultores,

327 1847 546 1911 πευταὶ,
579 1809 714 1900 ἀλλὰ
740 1844 900 1916 μόνου
942 1809 1098 1907 Decii,
1125 1840 1218 1894 τοῦ
1259 1809 1369 1912 πρδ
1398 1809 1636 1901 πάνιέων,
1673 1835 1767 1889 καὶ
1820 1809 1913 1886 επὶ

2038 1827 2110 1880 ed
2141 1825 2316 1880 solius
2348 1821 2465 1888 Dei,
2500 1821 2594 1890 qui
2625 1829 2710 1873 est
2735 1826 2863 1872 ante
2896 1814 3102 1878 omnia,
3133 1820 3187 1866 et
3225 1812 3278 1864 in
3317 1809 3604 1871 omnibus,

326 1939 569 2006 πάντων,
594 1940 689 1992 καὶ
709 1938 800 1990 ἐπὶ
831 1936 941 2008 [Ion
973 1935 1078 2007 ἔτι]
1110 1934 1201 1988 τοῦ
1240 1930 1477 2004 Χριστοῦ
1532 1927 1696 1983 αὐτοῦ
1747 1926 1917 1989 ὅντως

2038 1929 2071 1974 :t
2103 1927 2364 1989 praeterea
2393 1913 2598 1970 Christi
2625 1911 2767 1981 ejus,
2794 1909 2888 1979 qui
2915 1922 3041 1962 vere
3068 1914 3154 1962 est
3187 1904 3331 1958 Deus
3363 1901 3605 1958 Verbum

326 2027 461 2082 Θεοῦ
482 2027 656 2096 Λόγου
687 2026 794 2099 πρὸ
817 2007 1049 2090 αἰώνων,
1078 2024 1242 2095 ἐσμὲν
1278 2019 1631 2096 θρησκευταί.

2038 2021 2146 2067 inte
2175 2009 2398 2075 saecula,
2425 2007 2746 2062 adoratores
2780 2017 2996 2057 sumus.

398 2183 581 2240 Habes
631 2185 734 2239 hoc
771 2199 992 2256 quoque
1033 2183 1400 2254 fragmentum
1448 2181 1590 2250 apud
1626 2168 1982 2237 Halloixium,
2009 2173 2102 2242 qui
2135 2181 2319 2226 tamen
2371 2169 2647 2223 incertum
2690 2164 2875 2228 habet,
2914 2177 2944 2216 e
2973 2175 3086 2230 quo
3117 2157 3293 2214 sancti
3331 2155 3434 2256 viri
3462 2153 3607 2255 libro

330 2275 424 2332 sit.
451 2275 605 2340 Mihi,
641 2245 1020 2332 antecedentia
1052 2245 1393 2345 respicienti,
1425 2245 1636 2326 nullum
1672 2266 2068 2339 propemodum
2102 2270 2347 2316 remanet
2385 2259 2635 2324 dubium,
2677 2256 2811 2326 quin
2846 2271 2911 2310 ex
2942 2251 3200 2322 Apologia
3224 2265 3320 2318 pro
3342 2245 3609 2300 Christia-

333 2370 414 2431 nis
447 2371 578 2425 illud
603 2371 847 2437 credam,
871 2387 979 2440 qua
1013 2371 1067 2424 in
1097 2369 1416 2440 conjectura
1443 2366 1605 2421 video
1635 2365 1801 2418 etiam
1829 2359 2241 2415 Tillcmontium
2269 2369 2323 2410 et
2355 2353 2652 2424 Dupinium
2689 2365 2832 2405 esse.
2865 2345 3198 2402 Observabis
3226 2356 3390 2413 porro
3419 2352 3474 2394 et
3501 2338 3609 2392 hoc

332 2481 397 2520 ex
437 2462 688 2518 Chronici
725 2429 1080 2516 Aledairdrini
1111 2429 1235 2526 fide,
1269 2459 1583 2514 Mclitonem
1623 2459 1674 2511 in
1707 2471 1806 2512 sua
1855 2453 2115 2524 Apologia
2153 2450 2342 2505 eadem
2386 2447 2498 2500 fere
2529 2445 2759 2507 dixisse,
2789 2457 2853 2495 ac
2895 2439 3170 2494 Justinum
3224 2441 3519 2504 martyrem
3551 2429 3606 2483 in

334 2571 437 2612 suo
467 2554 807 2624 Apologetico
856 2553 924 2608 ad
957 2525 1295 2608 Antoninum
1348 2550 1528 2604 Pium.
1558 2548 1832 2602 Provocat
1879 2561 2020 2615 saepe
2049 2544 2115 2597 ad
2168 2543 2275 2596 hoc
2327 2540 2695 2607 fragmentum
2745 2533 3071 2588 Wbistonns
3103 2529 3239 2601 (84),
3271 2529 3342 2583 ob
3374 2525 3611 2581 haeresin

333 2623 594 2702 Arianam
626 2623 869 2703 Ecclesia
906 2646 1207 2715 Anglicana
1231 2655 1284 2700 et
1312 2643 1605 2700 Academia
1635 2640 2074 2710 Cantabrigiensi
2103 2639 2330 2707 ejectus.
2374 2633 2468 2688 Sic
2509 2649 2561 2685 ν.
2593 2647 2643 2686 c.
2671 2631 2913 2700 probare
2955 2627 3152 2682 exinde
3198 2624 3402 2689 studet,
3441 2623 3611 2676 Deum

335 2741 556 2796 Patrem
589 2742 751 2796 unice
779 2739 1142 2806 adorandum,
1175 2748 1230 2793 et
1274 2736 1540 2808 primario
1584 2734 1932 2790 solummodo
1965 2747 2086 2787 esse
2114 2727 2405 2784 colendum
2442 2724 2580 2792 (85).
2627 2719 2800 2776 Porro
2843 2721 2945 2774 hoc
2975 2733 3194 2788 quoque
3223 2716 3349 2770 inde
3388 2715 3612 2770 exscul-

337 2843 463 2897 pere
478 2834 616 2899 vult,
633 2832 913 2887 Christum
940 2804 1412 2902 quoadnaturam,
1432 2829 1694 2883 attributa
1719 2836 1771 2882 et
1796 2824 2158 2896 perfectiones
2184 2821 2400 2874 divinas
2428 2817 2540 2871 Deo
2563 2816 2714 2869 Patri
2737 2814 2971 2867 multum
2990 2826 3112 2865 esse
3133 2809 3451 2863 inferiorem
3477 2804 3611 2871 (86).

339 2925 579 2982 Sandius
607 2941 828 2997 quoque
861 2927 976 2996 (87)
1009 2941 1076 2980 ex
1109 2925 1214 2980 hoc
1257 2925 1376 2980 loco
1416 2932 1601 2994 aperte
1649 2922 1956 2990 profitetur,
2010 2915 2323 2969 Melitenem
2361 2911 2509 2966 circa
2541 2908 2881 2963 divinitatem
2934 2902 3140 2958 Christi
3194 2902 3437 2956 sensisse
3480 2916 3611 2955 cum

334 3016 491 3083 Ario,
524 3034 552 3072 a
583 3033 818 3087 quorum
852 3017 1145 3072 calumniis
1180 3033 1291 3072 non
1321 3031 1458 3087 opus
1492 3030 1613 3070 esse
1638 3026 1837 3068 censeo
1863 3018 1924 3064 ut
1950 3008 2139 3062 multis
2170 3005 2458 3060 defendam
2495 3010 2770 3062 nostrum,
2796 2998 2913 3067 qui,
2949 2994 3186 3050 Eusebio
3215 2992 3420 3062 judice,
3451 2990 3617 3047 Chri-

337 3109 408 3165 sti
439 3110 781 3165 divinitatem
822 3111 1003 3180 potius
1039 3111 1093 3165 in
1128 3112 1351 3181 scriptis
1379 3111 1496 3165 suis
1540 3107 1781 3165 astruxit
1814 3105 2066 3168 mirifice,
2120 3101 2583 3167 Servatoremque
2637 3103 2888 3150 nostrum
2916 3091 3088 3147 Deum
3123 3089 3288 3145 simul
3321 3097 3486 3158 atque
3515 3088 3618 3142 ho-

338 3204 541 3262 minem
569 3219 761 3260 verum
795 3204 1215 3260 demonstravit.

1475 3295 1505 3366 ξ
1539 3293 1628 3348 ιν.
1661 3293 1880 3364 Fragm.
1915 3287 2257 3358 ρωῈκλογῶν
2302 3289 2452 3342 libris

407 3452 724 3510 Proximum
753 3454 1144 3526 fragmentum,
1172 3453 1320 3526 quod
1347 3470 1414 3509 ex
1452 3453 1723 3522 Ἐκλογῶν
1753 3451 2020 3520 proaamio
2040 3448 2386 3515 desumptum
2419 3454 2523 3508 est,
2553 3443 2736 3496 denuo
2765 3441 2918 3495 dabit
2946 3438 3240 3502 Eusebius,
3270 3436 3438 3492 citato
3468 3436 3616 3502 loco,

336 3546 410 3600 ita
445 3547 512 3602 de
539 3549 730 3604 eodem
769 3525 1065 3619 prmfatus:
1117 3525 1276 3600 Ἀλλὰ
1327 3545 1501 3600 ταῦτα
1543 3545 1640 3616 μὲν
1693 3546 1750 3596 ὲν
1781 3540 1860 3611 τῷ
1897 3539 1987 3610 δηλ

2038 3537 2190 3591 »θέντι
2230 3535 2468 3588 τέθειται
2504 3533 2647 3611 λόγῳ
2671 3548 2684 3561 ’
2739 3532 2796 3582 ὲν
2829 3529 2886 3582 δὲ
2927 3531 3049 3590 ταῖς
3103 3525 3428 3599 γραφείσαις
3469 3525 3620 3596 αὐτῷ

348 3639 658 3710 Ἐκλογαῖς
697 3645 725 3697 ὁ
766 3617 928 3707 αὐτὸς
973 3642 1112 3714 μετὰ
1160 3641 1222 3694 τὸ
1258 3639 1542 3711 προοίμιον
1578 3635 1922 3706 ἀρχόμενοςπ
1950 3630 2058 3683 τῶν
2104 3625 2552 3699 ὁμολογουμένων
2601 3623 2703 3691 τῆς
2754 3620 2998 3714 Παλαιᾶς
3063 3619 3338 3689 Διαθήκης
3381 3617 3616 3690 Γραφῶν

338 3737 571 3789 ποιεῖται
615 3734 912 3803 κατάλογον
933 3751 945 3764 ⁸
972 3734 1032 3788 ὃν
1069 3733 1161 3786 καὶ
1184 3710 1479 3801 ἀναγκαῖον
1506 3726 1735 3782 ἐνταῦθα
1767 3719 2058 3787 καταλέξαι
2086 3717 2384 3791 ἡγούμεθα,
2417 3716 2606 3785 ἔχοντα
2636 3716 2728 3767 ἐπὶ
2755 3712 2950 3777 λέξεως
2988 3711 3186 3774 οὕτως·
3217 3711 3255 3764 i.
3286 3727 3336 3764 e.
3364 3729 3382 3761 ι
3412 3710 3536 3766 Haec
3562 3713 3618 3766 in

340 3842 507 3898 supra
539 3827 686 3882 dicto
721 3827 998 3883 Melitonis
1031 3827 1172 3880 libro
1202 3823 1495 3895 (Apologia:
1526 3819 1670 3888 scil.)
1702 3820 1977 3888 teguntur.
2007 3814 2155 3868 idem
2181 3813 2235 3864 in
2266 3807 2566 3878 Eacerptis,
2597 3809 2664 3862 ab
2687 3808 2806 3877 ipso
2833 3805 3176 3874 compositis,
3205 3805 3494 3861 universos
3519 3805 3622 3860 Ve-

329 3921 475 3976 teris
518 3919 853 3975 Testamenti
899 3920 1108 3988 libros,
1155 3917 1251 3988 qui
1285 3915 1532 3971 omnium
1567 3927 1837 3968 consensu
1882 3917 2080 3976 recepti
2127 3915 2276 3972 sunt,
2310 3906 2492 3959 statim
2527 3903 2579 3955 in
2618 3900 2889 3971 principio
2927 3898 3109 3968 operis
3137 3908 3404 3952 recenset.
3440 3899 3618 3966 Quem

339 4012 563 4086 quidem
595 4012 831 4067 indicem
859 4013 962 4066 hoc
993 4013 1118 4066 loco
1149 4024 1423 4080 apponere
1451 4006 1826 4062 necessarium
1857 4001 2067 4074 putavi.
2106 3999 2197 4053 Sic
2224 4006 2409 4052 autem
2444 3995 2611 4049 habet
2637 3993 2704 4048 ad
2731 3993 2958 4047 verbum
2985 4010 2998 4045 :
3035 4011 3054 4047 ι

413 4127 662 4182 Μελίτων
698 4127 971 4199 Ὀνησίμῳ
1014 4126 1127 4197 (88)
1153 4125 1230 4197 τῷ
1256 4123 1470 4194 ἀδελφῷ
1495 4123 1604 4193 (89)
1640 4121 1864 4193 χαίρειν.

425 4217 642 4285 Ἐπειδὴ
672 4218 932 4282 πολλάκις
957 4216 1218 4286 ἠξίωσας,
1249 4216 1451 4287 σπουδῇ
1482 4218 1546 4286 τῇ
1577 4213 1713 4286 πρὸς
1739 4211 1830 4266 τὸν
1852 4213 1934 4266 λὸ‹

342 4327 439 4381 γον
472 4311 773 4385 χρώμενος,
805 4309 1060 4380 γενέσθαι
1086 4327 1167 4362 σοι
1197 4307 1426 4377 ἐκλογὰς
1453 4308 1515 4361 ἐκ
1541 4325 1600 4360 τε
1622 4306 1714 4359 τοῦ
1739 4307 1927 4377 νόμου,

343 4401 438 4456 καὶ
473 4400 582 4454 τῶν
605 4399 919 4472 προφητῶν,
947 4396 1187 4468 περὶτοῦ
1215 4395 1466 4467 Σωτῆρος
1495 4395 1588 4448 καὶ
1628 4395 1810 4465 πάσης
1833 4393 1932 4463 τῆς

344 4493 581 4559 πίστεως
627 4491 784 4562 ἡμῶν
806 4530 821 4555 ,
853 4490 933 4543 ἔτι
961 4507 1021 4542 τε
1063 4489 1156 4547 καὶ
1203 4485 1392 4560 μαθεῖν
1418 4487 1517 4558 τὴν
1546 4487 1653 4540 τῶν
1691 4485 1931 4540 παλαιῶν

341 4584 566 4656 βιϐλίων
598 4583 897 4655 ἐϐουλήθης
922 4583 1226 4653 ἀκρίϐειαν,
1253 4581 1393 4634 πόσα
1421 4580 1511 4634 τὸν
1551 4579 1804 4652 ἀριθμὸν,
1837 4576 1933 4630 καὶ

343 4678 501 4742 ρποῖα
539 4675 636 4748 τὴν
666 4673 817 4742 τάξιν
854 4670 985 4739 εἷεν,
1028 4673 1338 4728 ἐσπούδασα
1364 4674 1424 4726 τὸ
1454 4671 1662 4726 τοιοῦτο
1704 4668 1931 4741 πρᾶξαι,

349 4835 439 4890 ubi
467 4851 531 4890 ex
559 4835 645 4890 his
671 4833 803 4904 ipsis
827 4831 1096 4904 Melitonis
1118 4830 1301 4904 verbis
1328 4829 1542 4904 probat,
1563 4828 1804 4883 edictum
1827 4827 1931 4883 sub

346 4904 428 4959 Pii
458 4906 679 4960 nomine
693 4899 848 4972 ’apud
878 4903 1194 4966 Eusebium,
1217 4899 1585 4972 ideoiPiiesse
1609 4915 1717 4953 non
1748 4913 1930 4972 posse,

347 4977 474 5045 quia
526 4977 597 5030 sit
630 4970 970 5045 inscriptum,
991 4972 1057 5045 ad
1097 4970 1286 5045 κοινὸν
1345 4970 1546 5032 Ἄσίας,
1575 4985 1768 5024 omnes
1791 4970 1937 5025 Asia:

350 5041 533 5112 urbes,
558 5061 665 5101 non
683 5041 815 5099 vero
834 5045 899 5097 ad
925 5043 1163 5096 Helladis
1179 5041 1428 5095 civitates
1453 5049 1685 5094 tantum.

421 5117 532 5188 (85)
567 5115 843 5188 Editionis
886 5113 1210 5188 Parisianee,
1245 5126 1425 5188 [quam
1453 5112 1640 5188 studio
1686 5117 1742 5164 et
1787 5123 1937 5164 curae

349 5180 532 5241 Caroli
586 5186 874 5250 Dufresne,
924 5183 1078 5238 Dom.
1116 5182 1195 5235 Du
1238 5180 1422 5250 (lange
1477 5182 1762 5242 debemus,
1808 5195 1932 5250 pag.

586 5221 1770 5326 ‘i:”é§i§2n§"ii§z;n7in?,"i.¥.nfiﬁ:'}3§§'.

349 5344 382 5382 ε
425 5338 481 5381 ιι.
564 5337 708 5381 enet.

349 5337 481 5383 Θόη.
524 5337 708 5381 Venet.

422 5399 534 5481 (8i)
573 5396 829 5481 Whistpn
852 5395 909 5478 in
945 5394 1025 5447 his
1069 5392 1412 5481 Acco-unt‘gf
1441 5393 1524 5446 the
1566 5391 1727 5481 liqith
1765 5391 1938 5481 olnt/ie

349 5462 454 5522 two
484 5462 604 5538 first
645 5469 940 5538 Centuries,
967 5465 1284 5538 cancerning
1319 5464 1404 5538 th_e
1438 5479 1557 5538 oeer
1587 5462 1786 5516 blessed
1826 5462 1941 5516 Tri-

355 5533 494 5607 nitg,
522 5539 626 5592 and
653 5539 738 5592 the
761 5536 1204 5607 Incarnation_of
1227 5551 1325 5607 our
1349 5533 1512 5607 Lord.

431 5604 546 5677 (85)
571 5610 738 5662 Artic.
766 5609 823 5672 2,
850 5624 973 5676 pag.
1004 5607 1091 5660 69.
1115 5605 1330 5659 Titulus
1359 5605 1524 5677 hujus
1557 5604 1770 5677 articuli
1804 5611 1922 5658 est:

360 5675 474 5733 Cod
506 5677 588 5731 the
611 5677 833 5741 Fat/ter,
853 5675 958 5731 and
977 5682 1056 5731 He
1082 5677 1239 5730 alone
1261 5677 1306 5728 is
1337 5685 1388 5727 to
1415 5675 1472 5728 be
1484 5675 1763 5743 primarilg
1781 5693 1937 5729 wors-

355 5749 536 5818 hipp‘d
568 5751 673 5802 and
703 5749 919 5810 ador‘d;
947 5765 1008 5802 or
1037 5749 1092 5800 in
1123 5749 1206 5801 the
1235 5755 1370 5800 most
1400 5762 1587 5814 propre
1610 5763 1756 5800 sense
1782 5791 1797 5813 ,
1829 5747 1935 5800 (md

354 5820 418 5877 in
451 5819 534 5876 the
569 5819 768 5892 highest
806 5835 1059 5879 manner:
1091 5823 1169 5880 He
1204 5819 1325 5889 only
1355 5821 1507 5888 being
1547 5819 1628 5871 the
1665 5819 1843 5887 ()hject
1883 5819 1943 5888 of

2360 4112 2545 4167 Melite
2568 4111 2830 4166 Onesimo
2858 4108 3010 4162 fratri
3048 4109 3299 4163 salutem.

2108 4207 2246 4262 Cum
2280 4222 2382 4278 pro
2426 4221 2614 4260 amore
2645 4219 2710 4259 ac
2738 4203 2921 4258 studio
2953 4213 3048 4257 tuo
3085 4218 3211 4271 erga
3239 4202 3467 4256 verbum
3499 4201 3621 4272 Dei,

2039 4301 2241 4370 szepius
2275 4317 2303 4354 a
2339 4315 2427 4354 me
2457 4298 2844 4369 postnlaveris,
2887 4306 2947 4351 ut
2971 4307 3226 4366 excerpta
3267 4297 3517 4367 quaedam
3552 4315 3622 4354 ex

2037 4392 2154 4462 lege
2179 4401 2232 4446 et
2261 4393 2565 4462 prophetis,
2595 4408 2718 4462 qua”:
2745 4393 2812 4446 ad
2848 4391 3194 4446 Servatorem
3222 4401 3276 4446 et
3307 4391 3374 4446 ad
3404 4393 3623 4448 univer-

2039 4499 2154 4539 sam
2203 4484 2364 4538 fidem
2416 4492 2664 4539 nostram
2715 4485 3021 4554 pertinent,
3055 4483 3148 4538 tibi
3190 4499 3619 4554 componerem;

2037 4591 2276 4647 cumque
2300 4577 2470 4632 libros
2495 4575 2708 4631 Veteris
2741 4575 3077 4631 Testamenti
3111 4586 3371 4630 accurate
3397 4592 3623 4648 cogno-

2042 4685 2196 4725 scere
2235 4669 2638 4738 concupiveris,
2672 4675 2806 4737 quot
2844 4681 3078 4720 numero
3132 4673 3188 4720 et
3217 4680 3328 4734 quo
3375 4665 3488 4720 sint
3531 4682 3624 4720 or-

2039 4827 2122 4882 the
2143 4842 2386 4895 supreme
2405 4827 2588 4895 degree
2629 4825 2709 4895 of
2729 4823 2855 4895 such
2883 4823 3058 4878 divine
3084 4823 3309 4891 worship
3338 4822 3444 4876 and
3483 4821 3622 4874 ado-

2019 4893 2217 4951 -ration
2245 4893 2655 4966 through‘Jesus
2685 4893 2906 4966 Christi.

2110 4967 2221 5038 (86)
2241 4962 2419 5038 artic:
2473 4967 2526 5038 8,
2571 4964 2849 5038 9513.184,
2888 4962 3218 5038 inscribitur
3249 4963 3376 5038 hoc
3419 4971 3616 5038 caput:

2035 5032 2425 5101 lesus'Christ,
2467 5037 2551 5090 the
2578 5032 2762 5099 Wbrd,
2793 5033 2898 5087 and
2927 5049 3022 5086 son
3058 5032 3122 5101 of
3143 5032 3279 5098 God,
3307 5035 3352 5086 is
3388 5050 3421 5086 a
3447 5033 3620 5086 divine

2038 5110 2224 5179 Being,
2257 5125 2320 5160 or
2347 5109 2574 5179 Persen,
2613 5107 2700 5174 far
2739 5105 2964 5179 inferior
3006 5113 3058 5157 to
3090 5104 3169 5157 his
3202 5103 3408 5158 Father
3437 5107 3493 5156 in
3522 5120 3620 5157 na-

2040 5177 2185 5241 ture,
2203 5178 2482 5232 attributes
2513 5179 2619 5230 and
2648 5177 2983 5244 perfections.

2111 5250 2222 5321 (8'7)
2253 5249 2488 5321 ﬁandius
2517 5248 2568 5300 in
2602 5245 2804 5321 Νυσίσο
2832 5247 2960 5321 hist.
2978 5246 3195 5321 _eccles.,
3223 5245 3475 5321 pag._l_3.

2113 5312 2226 5391 (88)
2248 5319 2542 5387 Nicephor.
2569 5319 2714 5373 Hist.
2743 5315 2930 5370 eccles.
2975 5318 3072 5371 lib.
3099 5333 3174 5382 tv,
3203 5312 3325 5385 cap‘.
3354 5315 3440 5379 10,
3470 5312 3615 5370 Onc-

2039 5393 2327 5462 siphornm
2352 5391 2588 5442 vocavit.

2111 5461 2220 5533 (89)
2243 5461 2488 5514 Fratrem
2512 5474 2691 5525 vocat,
2710 5461 2824 5514 sive
2848 5459 2995 5533 quod
3027 5468 3185 5533 erant
3201 5457 3393 5533 iisdem
3422 5471 3618 5533 paren-

2039 5527 2348 5595 tih'us'nati,
2374 5533 2489 5584 sive
2513 5533 2656 5600 quod
2688 5541 2805 5585 erat
2837 5529 3207 5600 Christianus.
3235 5527 3619 5600 Tillemontius

2035 5614 2090 5659 ct
2107 5603 2200 5672 qui
2231 5618 2357 5656 eum
2400 5611 2458 5654 ut
2494 5598 2788 5670 piurimum
2833 5599 2989 5672 κατὰ-
3010 5598 3152 5672 ποδα-
3181 5599 3448 5672 sequitur,
3473 5611 3619 5665 sape

2040 5668 2204 5731 etiam
2229 5668 2745 5736 exscribitCeillier,
2764 5673 2816 5724 Il.
2843 5687 2926 5726 cc.
2951 5669 3297 5724 Christianos
3326 5668 3616 5737 primaevus

2042 5762 2102 5801 se
2133 5746 2367 5799 invicem
2398 5742 2627 5798 fratrum
2655 5742 2875 5797 nomine
2914 5740 3237 5810 appellasse,
3261 5739 3457 5810 probat
3485 5737 3616 5793 Bin‘

2044 5817 2205 5888 gham
2242 5815 2450 5886 Origin.
2477 5832 2618 5870 sacr.
2649 5813 2756 5870 vol.
2779 5813 2818 5879 Ι,
2846 5813 2938 5868 lib.
2968 5829 3005 5878 ι,
3038 5825 3158 5882 cap.
3186 5809 3238 5866 l.
