4130 6378
562 360 702 417 ﬁlii

1604 367 1661 421 S.
1701 367 1957 423 MELITO
1992 368 2301 425 SARDIUM
2343 368 2741 425 EPISCOPUS.

3690 380 3836 434 1916

551 478 680 533 dine
720 479 1039 548 conscripti,
1086 479 1140 534 id
1189 480 1451 550 perﬁcere
1475 482 1622 535 omni
1656 483 1837 537 studio
1862 483 2103 537 laboravi

2240 486 2604 555 ἐπιστάμενός
2644 502 2736 537 σου
2788 485 2848 538 τὸ
2881 486 3165 540 σπουδαῖον
3201 489 3329 560 περὶ
3373 488 3474 561 τὴν
3506 491 3708 555 πίστιν,
3739 493 3836 545 καὶ

554 568 680 623 Scio
710 569 909 638 quippe
937 579 1144 639 quanto
1174 572 1294 625 lidei
1322 571 1541 639 ardore,
1573 582 1627 626 et
1654 583 1858 641 quanta
1888 574 2134 628 discendi

548 659 843 727 cupiditate
874 658 1088 729 ﬂagres,
1126 667 1286 730 teque
1315 663 1609 731 praecipue
1649 663 1719 716 ob
1758 678 2004 717 amorem
2037 662 2133 717 Dei

548 754 651 807 ista
678 753 933 809 omnibus
960 755 1123 809 rebus
1157 754 1429 809 anteferre
1477 773 1578 825 pro
1612 767 1894 827 comperto
1929 757 2128 823 habeo,

545 853 601 898 et
630 853 843 899 interna:
875 846 1067 900 salutis
1097 847 1408 902 obtinenda:
1436 864 1605 903 causa
1630 850 1929 903 decertare.

612 938 725 1009 Ego
765 940 933 1011 igitur
970 956 1093 995 cum
1128 942 1181 995 in
1226 942 1504 997 Orientem
1554 943 1830 1013 profectus
1853 958 2052 1007 essem,
2082 951 2137 997 et

544 1030 613 1084 ad
657 1030 836 1085 locum
872 1031 1052 1099 ipsum
1083 1032 1480 1101 pcrvenissem,
1510 1033 1564 1085 in
1597 1049 1708 1101 quo
1756 1033 1872 1087 haec
1906 1043 1957 1087 et
1992 1048 2132 1101 prat-

544 1120 725 1175 dicata
766 1133 821 1175 et
871 1132 1020 1192 gesta
1074 1124 1205 1178 olim
1259 1124 1500 1190 fuerunt,
1540 1121 1752 1178 Veteris
1797 1120 2131 1179 Tcstamenti

543 1210 715 1265 libros
768 1211 1059 1283 diligenter
1108 1214 1311 1280 didici,
1353 1229 1654 1283 eorumque
1696 1214 1930 1268 indicem
1986 1212 2131 1267 infra

541 1302 850 1370 subjectum
886 1305 952 1359 ad
987 1315 1039 1361 te
1073 1307 1220 1361 misi.
1258 1307 1353 1361 Est
1385 1317 1568 1362 autem
1605 1306 1911 1376 ejusmodi:

614 1392 819 1463 Moysis
854 1396 978 1449 libri
1013 1396 1257 1466 quinque
1292 1416 1306 1452 :
1346 1396 1600 1462 Genesis,
1638 1396 1883 1460 Exodus,
1922 1396 2127 1451 Leviti-

538 1499 661 1551 cus,
683 1483 930 1552 Numeri,
958 1487 1443 1543 Deuteronomium
1464 1508 1477 1556 ;
1500 1488 1661 1544 Jcsus
1687 1488 1856 1553 Nave,
1879 1487 2124 1555 Judices,

540 1574 709 1641 Ruth,
747 1575 1055 1645 Regnorum
1083 1580 1204 1633 libri
1227 1591 1487 1650 quatuor,
1513 1580 1967 1649 Paralipomenon
1991 1579 2123 1644 duo,

538 1666 742 1721 Psalmi
780 1668 1022 1732 Davidis,
1064 1670 1379 1728 Salomonis
1412 1672 1735 1733 Proverbia,
1775 1687 1899 1741 quae
1932 1681 1985 1725 et
2022 1670 2125 1725 Sa-

536 1759 773 1828 pientia,
812 1760 1208 1829 Ecclesiastes,
1243 1762 1533 1819 Canticum
1579 1766 1957 1832 canticorum,
1994 1764 2120 1832 Job,

2242 577 2537 647 φιλομαθὲς
2556 578 2683 648 περὶ
2701 577 2790 629 τὸν
2808 577 2962 645 λόγον
2978 596 2990 607 ·
3012 579 3092 631 ὅτι
3111 596 3171 632 τε
3198 580 3430 651 μάλιστα
3448 582 3665 636 πάντων
3681 585 3835 654 πόθῳ

2243 671 2321 741 τῷ
2357 673 2492 742 πρὸς
2515 671 2648 724 θεὸν
2675 670 2845 724 ταῦτα
2869 674 3183 744 προκρίνεις
3207 675 3335 745 περὶ
3363 672 3465 745 τῆς
3491 674 3706 731 αἰωνίου
3734 696 3827 732 σω

2242 764 2438 833 τηρίας
2466 761 2886 833 ἀγωνιζόμενος.

2298 940 2559 994 Ἀνελοὼν
2586 936 2677 995 οὖν
2702 943 2781 1006 εἰς
2801 941 2898 1013 τὴν
2919 941 3184 1012 ἀνατολὴν
3215 941 3349 1015 (90),
3371 943 3467 996 καὶ
3488 943 3593 1007 ἕως
3620 941 3713 996 τοῦ
3734 945 3829 999 τό-

2239 1052 2340 1088 που
2366 1035 2674 1105 γενόμενος,
2699 1034 2828 1087 ἔνθα
2848 1034 3125 1105 ἐκηρύχθη
3144 1035 3238 1089 καὶ
3260 1034 3532 1106 ἐπράχθη,
3558 1036 3649 1088 καὶ
3671 1038 3831 1107 ἀκρι-

2237 1127 2347 1191 ϐῶς
2371 1127 2556 1197 μαθὼν
2576 1128 2642 1180 τὰ
2655 1128 2753 1198 τῆς
2773 1127 3013 1190 Παλαιᾶς
3038 1127 3311 1199 Διαθήκης
3336 1128 3533 1199 βιϐλία,
3551 1129 3826 1195 ὑποτάξας

2234 1219 2458 1291 ἔπεμψά
2487 1236 2589 1283 σοι,
2617 1213 2693 1274 ὧν
2726 1222 2842 1272 ἐστι
2870 1219 2939 1272 τὰ
2966 1220 3203 1291 ὀνόματα
3224 1237 3238 1252 ο

2301 1399 2585 1464 Μωῦσὲως
2620 1400 2805 1455 πέντε’
2832 1402 3071 1466 Γένεσις,
3100 1401 3339 1467 Ἐξοδος,
3367 1404 3669 1463 Λευιτικὸν,
3689 1405 3824 1476 Ἀρι-

2229 1492 2375 1561 Θμοὶ,
2415 1494 2867 1563 Δευτερονόμιον·
2910 1494 3117 1565 Ἰησοῦς
3164 1495 3344 1564 Ναυῆ,
3385 1498 3822 1566 Κριταὶ,⁹Ροὺθ,
3914 1527 3928 1539 α

2229 1584 2525 1637 Βασιλειῶν
2566 1586 2827 1657 τέσσαρα,
2872 1586 3366 1657 Παραλειπομένων
3413 1588 3525 1651 δύο,
3578 1588 3824 1658 Ψαλμῶν

2226 1676 2408 1740 Δαϐὶδ,
2440 1678 2781 1748 Σολομῶντος
2800 1678 3115 1748 Παροιμίαι,
3142 1679 3198 1731 αἳ
3214 1680 3306 1732 καὶ
3329 1679 3496 1748 Σοφία
3526 1680 3656 1749 (91),
3702 1681 3825 1733 Ἑκ-

2227 1764 2772 1840 κλησιαοτὴς,⁷ᾼσμα
2794 1767 3070 1839 ᾀσμάτων,
3089 1768 3227 1832 Ἰὼϐ,
3255 1769 3557 1841 Προφητῶν
3575 1770 3822 1835 Ἡσαΐου,

536 1853 927 1922 prophetarum
965 1856 1137 1923 lsaize,
1163 1855 1434 1920 Jeretnim,
1470 1868 1523 1912 et
1556 1858 1843 1913 duodecim
1881 1859 2112 1928 prophe-

2238 1835 2524 1931 Ἱερεμίου,
2549 1835 2657 1911 τῶν
2694 1835 2904 1913 eam}:
2952 1862 3010 1913 ὲν
3054 1835 3622 1931 μονοϐίϐλιρξΔῇανιὴλ,
3660 1862 3823 1915 Ἰεσε-

537 1953 717 1999 tarum
753 1946 887 2001 liber
923 1964 1087 2015 unus,
1126 1948 1337 2011 Daniel,
1376 1950 1649 2016 Ezechiel,
1686 1950 1909 2005 Esdras.
1938 1950 2014 2004 Ex
2036 1950 2112 2005 his

2223 1950 2363 2021 κιὴλ,
2388 1952 2641 2022 Ἔσδρας.
2676 1951 2764 2018 Ἐξ
2787 1945 2861 2005 ὧν
2891 1952 3099 2017 καὶτὰς
3121 1952 3350 2021 ἐκλογὰς
3370 1955 3718 2026 ἐποιησάμην
3739 1955 3824 2018 ei;

537 2038 702 2108 igitur
733 2052 989 2111 excerpta
1023 2043 1242 2114 collegi,
1282 2060 1405 2113 qua:
1442 2046 1497 2097 in
1532 2060 1627 2099 sex
1663 2043 1836 2098 libros
1884 2043 2112 2112 partitus

2223 2042 2277 2109 ἓξ
2301 2042 2477 2113 βιϐλία
2500 2041 2706 2095 διελών.

530 2144 680 2185 sum.

601 2226 718 2283 Hoc
747 2227 1114 2301 fragmentum
1147 2232 1234 2287 vel
1261 2231 1383 2287 ideo
1414 2231 1696 2301 quantivis
1726 2231 1887 2298 pretii
1916 2240 2002 2285 est
2025 2227 2411 2299 rcputandum,
2436 2226 2566 2294 quia
2594 2232 2849 2279 exactum
2878 2240 3162 2280 sacrorum
3195 2226 3485 2291 librorum,
3519 2227 3572 2282 in
3603 2243 3819 2283 canone

530 2318 746 2376 Veteris
785 2319 1119 2378 Testamenti
1162 2336 1529 2394 recepturum,
1558 2325 1803 2379 continet
1838 2323 2169 2392 catalogum,
2202 2319 2297 2389 qui
2362 2318 2611 2372 omnium
2658 2318 2868 2386 primus
2921 2327 3037 2382 est,
3094 2335 3257 2388 quem
3296 2321 3440 2389 apud
3472 2320 3818 2378 Christianos

530 2412 827 2483 scriptores
870 2416 1200 2471 invenimus.
1253 2419 1558 2472 Adornavit
1598 2434 1663 2472 ex
1694 2416 1947 2471 Patribus
1988 2415 2236 2469 diversas
2269 2412 2499 2466 canonis
2545 2411 2843 2480 Scripturze
2893 2426 3064 2465 saeue
3115 2412 3535 2468 constitutiones
3584 2414 3815 2471 illustris

528 2506 846 2575 reipublicae
885 2508 1197 2566 Bremensis
1248 2511 1526 2581 quondam
1560 2510 1843 2581 syndieus,
1881 2507 2197 2564 Gerhardus
2224 2521 2326 2559 van
2358 2504 2659 2571 Mastricht,
2704 2504 2758 2558 in
2792 2503 3139 2558 Bibliotheca:
3165 2504 3467 2559 Bremensis
3499 2508 3675 2563 classe
3708 2524 3811 2570 vn,

528 2594 796 2654 fasciculo
831 2617 870 2666 ι,
896 2612 1083 2671 postea
1121 2619 1368 2665 recusas,
1403 2619 1526 2672 quae
1550 2602 1788 2657 conferri
1818 2610 2073 2672 poterunt
2098 2615 2223 2654 cum
2260 2599 2360 2653 135
2391 2598 2787 2658 schematibus,
2836 2598 2889 2651 in
2923 2598 3126 2667 quibus
3179 2598 3303 2653 libri
3357 2601 3540 2655 biblici
3594 2603 3815 2657 diverso

528 2691 722 2745 ordine
784 2695 1156 2762 exhibentur,
1199 2696 1413 2751 llumfr.
1461 2694 1659 2761 Hodii,
1714 2697 1781 2750 ad
1828 2698 2033 2750 calcem
2082 2694 2381 2764 peregregii
2435 2693 2557 2745 libri
2594 2692 2670 2745 De
2718 2691 3001 2745 bibliorum
3057 2693 3284 2747 (extibus
3318 2694 3690 2765 originalibus,
3720 2702 3815 2767 qui

527 2782 708 2840 Oxon.
743 2787 902 2853 1705,
938 2790 991 2843 in
1016 2792 1207 2860 prima
1236 2791 1630 2861 magnitudinis
1655 2790 1831 2845 forma
1874 2790 2097 2861 prodiit.
2136 2788 2255 2842 Non
2299 2804 2528 2857 prorsus
2590 2788 2896 2857 spernenda
2958 2788 3096 2841 ratio
3162 2789 3298 2842 mihi
3350 2790 3601 2857 videtur,
3644 2806 3814 2861 quam

530 2873 857 2935 Whistonus
886 2878 998 2950 (92)
1047 2880 1303 2947 reddidit,
1357 2895 1527 2950 quare
1562 2880 1773 2946 Melito,
1809 2879 1877 2933 de
1913 2894 2125 2935 canone
2160 2878 2424 2932 librorum
2459 2893 2745 2933 sacrorum
2777 2878 3064 2947 quasitus,
3097 2894 3237 2949 opus
3261 2880 3512 2935 habuerit
3534 2880 3813 2937 Orientem

528 2971 684 3038 prius
719 2971 892 3039 adire,
918 2988 1045 3027 cum
1074 2982 1254 3027 tamen
1293 2980 1576 3043 receptum
1618 2988 1733 3028 suae
1787 2971 2046 3027 Ecclesia:
2099 2987 2389 3037 canonem,
2440 2978 2785 3040 utpotc'quo
2830 2986 2932 3024 nec
2981 2971 3129 3024 illam
3168 2973 3412 3027 caruisse
3452 2973 3807 3039 credendum,

530 3062 896 3117 transcribere
926 3064 1112 3117 statim
1143 3065 1441 3133 potuisset;
1476 3079 1746 3119 canonem
1779 3064 1991 3119 scilicet
2024 3063 2291 3117 librorum
2328 3078 2613 3117 sacrorum
2648 3079 2757 3116 una
2796 3078 2920 3117 cum
2973 3064 3464 3120 constitutionibus
3491 3068 3811 3135 apostolicis

527 3170 639 3210 non
664 3156 922 3213 omnibus
943 3159 1259 3228 promiscue
1282 3158 1545 3215 Ecclesiis
1567 3159 1738 3215 fuisse
1759 3158 2160 3221 concreditum,
2199 3158 2291 3212 sed
2320 3158 2388 3212 iis
2417 3168 2631 3212 tantum
2675 3173 2813 3227 quas
2851 3158 3087 3227 apostoli
3119 3158 3222 3227 ipsi
3254 3158 3642 3227 plantaverint,
3669 3177 3812 3231 qua-

526 3266 647 3306 rum
676 3252 765 3306 ille
796 3251 907 3323 (95)
943 3253 1010 3306 19
1040 3261 1311 3319 numerat,
1345 3261 1399 3307 et
1440 3253 1584 3307 inter
1611 3269 1751 3322 quas
1782 3251 2070 3307 Sardensis
2102 3267 2210 3304 non
2248 3259 2495 3319 apparet.
2530 3251 2814 3306 Dillicilius
2859 3260 3041 3305 autem
3070 3252 3249 3307 eidem
3282 3254 3400 3309 viro
3432 3255 3813 3309 eruditissimo

524 3347 822 3414 assentior,
849 3346 1071 3416 quando
1102 3346 1388 3401 contendit
1417 3344 1693 3401 Melitonis
1736 3360 2004 3399 canonem
2050 3344 2444 3412 transcriptum
2476 3342 2646 3399 fuisse
2673 3361 2739 3399 ex
2767 3360 2977 3399 canone
3008 3345 3135 3411 isto,
3164 3346 3258 3415 qui
3296 3347 3349 3400 in
3376 3348 3536 3414 libro,
3570 3348 3812 3403 Conone:

523 3438 805 3506 apostolici
834 3436 999 3499 dicto,
1030 3452 1149 3506 cap.
1180 3436 1249 3491 85
1272 3446 1549 3505 occurrat,
1568 3437 1729 3507 cujus
1756 3435 2095 3507 γνησιότητα
2123 3435 2382 3490 omnibus
2410 3436 2644 3502 viribus,
2689 3437 2802 3492 imo
2828 3437 2913 3492 vel
2937 3452 3003 3491 ex
3048 3436 3169 3506 ipso
3202 3438 3307 3495 hoc
3334 3439 3606 3498 Melitonis
3637 3443 3811 3498 libro-

522 3550 649 3591 rum
679 3533 1003 3590 biblicorum
1039 3533 1313 3603 catalogo,
1345 3533 1727 3603 demonstrare
1765 3545 1946 3601 operte
1974 3530 2212 3600 pretium
2242 3528 2418 3583 duxit.

1579 3758 1645 3823 V.
1688 3757 2075 3828 Fragmentum
2101 3769 2165 3807 ea:
2183 3760 2371 3806 catena
2396 3752 2453 3804 in
2485 3749 2730 3805 Cenesin.

594 3895 713 3951 Alia
749 3895 1052 3967 fragmenta
1075 3939 1089 3963 ,
1137 3911 1263 3966 qua:
1299 3910 1446 3949 nunc
1475 3894 1620 3949 dabo
1645 3935 1660 3960 ,
1690 3909 1758 3949 ex
1788 3903 1986 3947 catena
2012 3889 2249 3961 quadam
2278 3888 2654 3958 manuscripta
2684 3904 2713 3941 a
2745 3886 2951 3943 Jacobo
2984 3888 3284 3946 Sirmundo
3332 3892 3602 3961 descripta
3640 3902 3811 3962 atque

522 3987 796 4043 Halloixio
832 3991 1241 4045 communicata
1266 3988 1513 4053 fuerunt,
1550 3988 1643 4057 qui
1680 3987 1770 4040 illa
1805 3999 2028 4055 quoque
2056 3981 2298 4052 imprimi
2332 3982 2548 4036 curavit
2578 3997 2644 4034 ex
2676 3990 2851 4050 parte.
2887 3981 3088 4038 Eadem
3121 3994 3335 4053 postea,
3360 3993 3417 4038 et
3448 3984 3627 4039 adhuc
3650 3986 3809 4054 plura

522 4083 787 4138 hactenus
817 4084 1063 4138 nondum
1087 4083 1255 4149 edita,
1290 4098 1356 4136 ex
1381 4082 1586 4151 duplici
1620 4081 1811 4135 codice
1834 4081 1888 4134 in
1924 4078 2157 4149 gratiam
2190 4074 2276 4129 Jo.
2314 4074 2533 4130 Ernest.
2557 4074 2745 4129 Grabii
2771 4076 3065 4145 descripsit
3092 4077 3503 4132 eruditissimus
3530 4076 3695 4131 Mich.
3731 4076 3810 4132 Le

520 4177 719 4243 Quien,
748 4191 817 4231 ex
839 4176 997 4246 cujus
1023 4176 1365 4246 autographa
1390 4176 1506 4230 haec
1534 4173 1823 4242 descripsi,
1858 4171 2021 4238 verti,
2050 4178 2103 4225 et
2130 4169 2407 4225 variantes
2429 4186 2553 4225 cum
2590 4169 2862 4225 llalloixio
2894 4170 3185 4225 adnotavi..

1819 4378 2159 4442 Μελίτωνος
2198 4373 2489 4443 Σάρδεων.

585 4513 694 4572 Pro
723 4514 913 4573 lsaaeo
942 4518 1093 4587 justo
1138 4520 1391 4589 apparuit
1413 4518 1556 4573 aries
1604 4518 1660 4572 in
1698 4517 2109 4583 mactationcm,

2292 4511 2462 4581 ’Υπὲρ
2489 4510 2674 4563 Ἰσαὰκ
2704 4470 2797 4562 rei)!
2833 4506 3043 4562 δικαίου
3073 4506 3245 4579 ἐφάνη
3276 4507 3427 4579 κριὸς
3460 4507 3538 4569 εἰς
3563 4504 3804 4576 σφαγὴν,

518 4619 579 4665 ut
601 4611 839 4665 vinculis
862 4610 1017 4666 Isaac
1034 4613 1431 4667 exsolveretur.
1464 4613 1557 4667 lllc
1583 4621 1854 4667 mactatus
1880 4611 2112 4666 redemit

2223 4607 2297 4658 ἵνα
2335 4602 2546 4672 δεσμῶν
2581 4602 2767 4655 Ἰσαὰκ
2799 4600 2953 4672 λυθῇ.
2988 4602 3224 4663 Ἐκεῖνος
3266 4600 3493 4668 σφαγεὶς
3525 4597 3807 4661 ἐλυζώσα-

520 4700 770 4757 lsaacum
805 4721 819 4757 :
861 4702 934 4757 ita
965 4711 1019 4756 ct
1054 4701 1320 4757 Dominus
1362 4714 1535 4758 morte
1577 4718 1677 4757 sua
1724 4718 1823 4755 nos
1861 4701 2109 4765 salvavit,

513 4804 568 4849 ct
599 4795 832 4851 vinculis
880 4795 995 4852 suis
1029 4810 1133 4851 nos
1179 4796 1451 4862 liberavit,
1492 4812 1700 4867 suaque
1741 4796 2114 4851 immolatione

516 4902 619 4943 nos
649 4888 902 4943 redemit.

585 5000 655 5056 Et
683 5013 803 5073 post
824 5020 997 5073 pauca
1028 5020 1047 5056 :

580 5092 713 5149 Erat
742 5096 887 5150 enim
916 5095 1180 5153 Dominus
1205 5112 1401 5167 agnus,
1429 5099 1497 5153 ad
1528 5101 1702 5153 instar
1724 5096 2099 5163 arietisillius,

582 5316 695 5390 (90)
725 5316 1024 5390 Wltistono
1070 5320 1428 5389 conjiciente,
1472 5320 1725 5376 Primwvi
1768 5319 2096 5373 Christiani-

509 5387 627 5461 ιιηήΔ
649 5387 756 5441 vol.
793 5387 888 5444 lll.
914 5405 1052 5461 pag._
1085 5387 1212 5461 577,
1252 5391 1527 5447 Ecclesias
1569 5392 2096 5461 llierosolymitanas

508 5472 560 5515 et
589 5458 958 5513 Caesarienses
989 5459 1143 5513 adiit.
1171 5464 1253 5515 Ab
1271 5463 1515 5517 Adriano
1541 5467 1673 5517 urbs
1698 5458 1968 5515 Herosol.
1996 5462 2097 5513 hoc

509 5530 711 5603 saeculo
756 5532 954 5583 iterum
996 5534 1231 5597 exstrui,
1272 5544 1328 5587 et
1375 5533 1516 5588 {Elia
1564 5533 1859 5603 Capitolin.
1907 5532 2095 5585 vocari

507 5600 698 5667 etrapit.

581 5668 803 5743 (ﬁnita
836 5669 984 5724 hunc
1011 5670 1193 5743 locum
1226 5688 1294 5727 ex
1324 5672 1428 5727 ﬁde
1462 5674 1798 5743 optimorum
1836 5675 2093 5729 codicum

508 5740 998 5812 restituimuscum
1027 5740 1263 5805 Valesio,
1289 5761 1453 5812 quam
1489 5740 1780 5799 feetionetn
1810 5757 1864 5799 et
1890 5746 2086 5799 Rulli".

510 5808 816 5886 entnllrntat,
848 5811 1201 5886 “avertens:
1238 5808 1538 5886 Salomonis
1580 5815 1866 5870 Proverbia
1895 5835 2011 5886 qua?
2037 5824 2085 5864 ιέ

514 5876 820 5955 βαρίεξιξαί
853 5879 1149 5955 subscribit
1178 5899 1399 5955 quoque
1432 5884 1721 5953 Nicepltor.
1768 5890 1860 5955 qui
1891 5876 1961 5942 ita
1996 5891 2090 5942 ha-

514 5946 639 6001 bet:
676 5944 984 6014 Σολόμωνος
1025 5944 1341 6022 Παροιμίαί,
1377 5953 1410 6023 ἢ
1449 5957 1540 6009 καὶ
1566 5944 1915 6025 ’Σοφία.’νίιι.
1954 5961 2087 6015 diss-

2211 4714 2271 4749 το
2303 4696 2411 4765 (94)
2434 4695 2523 4746 τὸν
2550 4694 2755 4757 Ἰσαὰκ,
2788 4693 2959 4757 οὕτως
2994 4694 3089 4745 καὶ
3124 4696 3152 4746 ὁ
3178 4692 3383 4763 Κύριος
3414 4692 3642 4759 σφαγεὶς
3663 4689 3809 4743 ἔσω-

2214 4804 2306 4840 σεν
2344 4788 2514 4858 ἡμᾶς,
2556 4789 2649 4840 καὶ
2677 4787 2851 4850 δεθεὶς
2892 4786 3067 4853 ἔλυσε,
3102 4786 3192 4839 καὶ
3233 4784 3414 4848 θυθεὶς
3446 4782 3821 4855 ἐλυτρὼςατο.

2282 5004 2385 5057 Καὶ
2414 5002 2544 5071 μετ’
2572 5004 2765 5071 ὀλίγα·

2278 5092 2385 5149 Ἦν
2426 5096 2534 5166 γὰρ
2580 5098 2609 5148 ὁ
2653 5096 2857 5167 Κύριος
2914 5095 3115 5164 ἀμνὸς,
3169 5095 3244 5158 ὡς
3313 5095 3493 5164 ριριὸς,
3546 5092 3605 5145 ὃν
3655 5088 3801 5145 εἶδεν

2204 5334 2381 5374 meam
2412 5320 2654 5390 priorem
2687 5317 2761 5371 De
2795 5318 3047 5373 Illelitone
3073 5318 3329 5373 Sardium
3354 5316 3617 5385 episcopo,
3650 5314 3679 5384 §
3710 5316 3798 5372 lii.

2203 5405 2388 5444 sunra.

2420 5461 2667 5516 Whiston
2700 5460 2893 5533 inThe
2926 5461 3095 5529 Essay
3126 5476 3191 5513 on
3224 5459 3307 5512 the
3340 5456 3655 5527 apostolica!
3678 5473 3799 5509 con-

2201 5532 2502 5614 διίςξεεέοιξξν
2532 5532 2809 5614 vas-.3275-

2431 5604 2573 5688 lrlem
2604 5603 2761 5688 ibid”
2798 5619 2918 5688 pag.
2948 5603 3076 5688 23$.

2276 5673 2389 5741 (9-4)
2432 5673 2573 5743 Lege
2613 5670 2993 5745 ἐλυτρώσάτο,
3033 5674 3105 5727 ita
3144 5686 3365 5741 quoque
3394 5687 3459 5726 ex
3491 5670 3658 5745 altero
3690 5681 3793 5719 co—

2197 5741 2315 5796 dice
2353 5741 2644 5810 descripsit
2672 5741 2959 5809 Le'Quien,
2990 5745 3082 5813 qui
3112 5755 3166 5797 ct
3198 5752 3477 5810 praetcrea,
3499 5741 3618 5792 loco
3645 5750 3789 5805 σφα·

2201 5814 2335 5879 γεῖς,
2386 5814 2601 5882 σφαγῆς
2637 5816 2830 5878 habet,
2876 5832 3040 5884 quam
3105 5815 3392 5869 lectionem
3442 5821 3623 5866 tamen
3678 5822 3790 5861 nou

2203 5885 2392 5939 probo.
