4130 6380
321 384 456 438 1917

1734 392 2180 451 FRAGMENTA.

3457 403 3591 458 12|8

334 480 581 551 Ἀϐραὰμ
612 482 972 554 κατεχόμενον
1006 486 1063 537 ὲν
1102 486 1252 557 φυτῷ
1284 487 1461 541 Σαϐέκ
1489 488 1618 558 (95).
1646 489 1807 542 Ἀλλὰ
1839 509 1867 543 τ

1969 509 2160 561 (quem
2205 494 2341 549 vidit
2390 495 2667 548 Abraham
2712 494 2990 549 detentum
3031 496 3082 549 in
3115 496 3350 566 virgulto
3393 494 3587 551 Sabec.

320 574 482 643 φυτὸν
522 575 790 644 ἀπέφαινε
830 576 918 629 τὸν
951 579 1180 648 σταυρὸν
1205 619 1219 643 ,
1274 582 1367 633 καὶ
1406 583 1434 633 ό
1477 584 1637 646 τόπος
1668 586 1893 649 ἐκεῖνος,

317 666 416 736 τὴν
444 666 816 737 Ἰερουσαλὴμ,
846 668 939 721 καὶ
960 672 987 721 ὀ
1017 671 1205 741 ἀμνὸς,
1232 672 1321 725 τὸν
1347 674 1550 744 Κύριον
1580 676 1895 747 ὲμπεπεδηνη

318 756 477 827 μένον
506 758 613 829 (96)
642 761 721 821 εἰς
744 763 977 831 σφαγήν.

2007 584 2141 639 Nam
2190 588 2485 657 virgultum
2536 588 2855 658 designabat
2890 604 3131 651 erucem,
3178 598 3232 643 et
3275 589 3428 643 locus
3472 589 3584 653 ille,

2005 677 2430 751 Hierosolymas,
2460 691 2514 736 et
2550 682 2712 746 aries,
2742 680 3030 735 Dominum
3062 682 3129 736 ad
3156 681 3490 737 occisionem
3516 682 3585 735 li—

2002 782 2207 839 gatum.

1301 857 1411 911 Τοῦ
1444 858 1740 926 μακαρίου
1780 861 2117 930 Μελίτωγος
2157 864 2428 932 Σάρδεων
2468 863 2599 935 (97).

397 941 485 1005 Ὠς
514 944 622 1015 γὰρ
665 945 817 1013 κριὸς
857 946 1033 1018 ἐδέθη,
1058 948 1192 1018 φησὶ
1221 951 1349 1020 περὶ
1392 949 1482 1001 τοῦ
1517 951 1722 1021 Κυρίου
1751 950 1907 1020 ἡμῶν

327 1026 502 1097 Ἰησοῦ
537 1032 772 1102 Χριστοῦ
810 1034 953 1103 (98),
998 1035 1092 1087 καὶ
1131 1037 1205 1100 ὡς
1245 1038 1415 1108 ἀμνὸς
1459 1040 1653 1111 ἐχάρη,
1692 1040 1786 1093 καὶ
1823 1040 1899 1103 ὡς

316 1120 585 1192 πρόϐατον
614 1124 704 1175 ἐπὶ
735 1127 947 1197 σφαγὴν
986 1127 1147 1199 ἢχθη,
1184 1129 1278 1181 καὶ
1311 1130 1386 1193 ὡς
1420 1131 1590 1201 ἀμνὸς
1620 1130 1899 1202 ἐσταυρώ-

315 1213 405 1285 θη,
434 1216 527 1268 καὶ
565 1216 829 1271 ἐϐάστασε
876 1221 936 1273 τὸ
971 1220 1127 1287 ξύλον
1156 1223 1247 1275 ἐπὶ
1268 1227 1380 1287 τοῖς
1412 1226 1577 1295 ὤμοις
1602 1225 1731 1297 (99),
1767 1228 1897 1280 ἀνα-

313 1302 541 1372 γόμενος
595 1307 895 1377 σφαγῆναι,
943 1309 1018 1372 ὡς
1059 1311 1245 1364 Ἰσαὰκ
1295 1312 1389 1382 (1),
1436 1315 1540 1366 ὑπὸ
1571 1314 1661 1367 τοῦ
1691 1318 1895 1388 πατρὸς

2066 956 2222 1011 Sicut
2258 959 2403 1011 enim
2442 958 2585 1013 aries
2630 958 2846 1013 vinetus
2887 968 2989 1023 est,
3022 958 3199 1027 inquit
3241 957 3307 1012 de
3347 957 3580 1013 Domino

2003 1049 2328 1103 neStroJesu
2348 1050 2588 1116 Christo,
2606 1060 2660 1105 et
2681 1052 2823 1105 sicut
2840 1066 3013 1119 agnus
3046 1061 3236 1105 tonsus
3259 1060 3360 1117 est,
3377 1052 3583 1106 etsicut

2000 1141 2117 1195 ovis
2149 1142 2214 1195 ad
2236 1143 2568 1197 occisionem
2597 1144 2794 1198 ductus
2832 1153 2933 1208 est,
2968 1152 3023 1197 et
3062 1144 3207 1197 sicut
3248 1134 3422 1211 agnus
3456 1158 3576 1198 eru-

2000 1230 2197 1286 eiﬁxus
2218 1242 2321 1296 est,
2347 1244 2400 1287 et
2422 1235 2658 1303 portavit
2682 1236 2889 1304 lignum
2925 1236 3189 1299 humeris,
3225 1236 3493 1289 adductus
3524 1243 3584 1289 ut

2010 1323 2412 1390 immolaretur,
2439 1326 2579 1379 sicut
2609 1324 2781 1389 Isaac,
2804 1342 2832 1379 a
2858 1336 3009 1395 patre
3035 1341 3157 1380 suo.
3197 1325 3299 1379 Sed
3329 1324 3583 1381 Christus

312 1397 494 1450 αὑτοῦ.
532 1399 691 1452 Ἀλλὰ
713 1401 947 1472 Χριστὸς
971 1402 1193 1469 ἔπαθεν,
1225 1407 1412 1459 Ἰσαὰκ
1442 1406 1498 1458 δὲ
1528 1408 1627 1461 οὐκ
1653 1407 1854 1462 ἔπαθεν

1998 1431 2197 1484 passus
2217 1428 2320 1482 est,
2350 1417 2502 1472 Isaae
2531 1428 2711 1473 autem
2755 1434 2861 1472 non
2891 1428 2974 1473 est
2998 1435 3228 1488 passus;
3261 1422 3577 1491 typusenim

310 1489 477 1553 τύπος
497 1492 606 1562 γὰρ
633 1488 700 1563 ἦν
727 1493 818 1545 τοῦ
847 1494 1130 1564 μέλλοντος
1162 1497 1392 1568 πάσχειν
1422 1498 1519 1567 (2).
1562 1499 1722 1552 Ἀλλὰ
1752 1502 1843 1554 καὶ
1868 1504 1895 1555 ό

309 1582 476 1645 τύπος
523 1584 612 1637 τοῦ
656 1586 892 1655 Χριστοῦ
938 1590 1257 1659 γινόμενος,
1307 1590 1567 1661 ἔκπληξιν
1608 1592 1703 1646 καὶ
1732 1593 1896 1663 φόϐον

309 1678 571 1745 παρεῖχεν
608 1676 918 1748 ἀνθρώποις
955 1681 1053 1751 (5).

376 1762 484 1819 Ἦν
508 1768 616 1839 γὰρ
647 1768 942 1824 θεάσασθαι
985 1775 1287 1846 μυστήριον
1313 1776 1520 1842 καινὸν,
1559 1776 1673 1830 υίὸν
1697 1776 1896 1849 ἀγόμε-

306 1875 395 1910 νον
424 1859 529 1912 ὑπὸ
557 1860 647 1913 τοῦ
686 1865 893 1934 πατρὸς
921 1867 1006 1917 ἐπ’
1040 1866 1165 1937 ὅρος
1197 1868 1290 1919 ἐπὶ
1322 1869 1558 1939 σφαγὴν,
1596 1869 1655 1922 ὃν
1680 1887 1891 1941 συμπο-

306 1952 457 2016 δίσας
491 1953 685 2025 ἔθηκεν
711 1957 804 2008 ἐπὶ
830 1958 894 2010 τὰ
920 1957 1051 2024 ξύλα
1073 1959 1170 2029 τῆς
1200 1958 1557 2029 καρπώσεως,
1590 1960 1893 2031 ἐτοιμάζων

310 2046 446 2114 μετὰ
480 2047 712 2118 σπουδῆς
755 2049 822 2102 τὰ
866 2050 1003 2120 πρὸς
1043 2050 1139 2121 τὴν
1172 2051 1385 2122 σφαγὴν
1421 2052 1569 2123 αὐτῷ
1610 2053 1704 2125 (4).
1746 2056 1803 2107 '0
1834 2054 1889 2107 δὲ

318 2138 501 2193 Ἰσαὰκ
528 2142 675 2211 σιγᾷ,
708 2142 1106 2213 πεπεδευμένος
1135 2144 1209 2207 ὡς
1242 2145 1414 2216 κριὸς,
1439 2146 1539 2199 οὐκ
1568 2147 1796 2216 ἀνοίγων
1829 2147 1890 2200 τὸ

303 2231 496 2301 στόμα,
532 2232 649 2285 οὐδὲ
672 2233 1039 2305 φθεγγόμενος
1070 2238 1239 2306 φωνῇ.
1281 2237 1353 2290 Τὸ
1384 2237 1491 2309 γὰρ
1516 2237 1667 2308 ξίφος
1702 2239 1763 2290 οὐ
1796 2257 1889 2308 φο·

301 2322 507 2391 ϐηθεὶς,
542 2324 662 2377 οὐδὲ
692 2326 751 2378 τὸ
783 2325 893 2397 πῦρ
932 2326 1212 2397 πτοηθεὶς,
1245 2328 1366 2381 οὐδὲ
1399 2328 1457 2381 τὸ
1487 2330 1680 2384 παθεῖν
1718 2331 1889 2402 λυπη-

300 2414 446 2480 θεὶς,
483 2417 781 2472 ἐϐάστασεν
836 2420 1120 2491 καρτερῶν
1168 2420 1257 2474 τὸν
1300 2422 1467 2476 τύπον
1523 2423 1614 2477 τοῦ
1656 2424 1880 2496 Κυρίου.

298 2505 405 2561 7HV
447 2505 538 2563 οὖν
579 2512 637 2563 ὲν
684 2511 834 2581 μέσῳ
872 2513 1232 2582 προκείμενος
1260 2514 1447 2569 Ἰσαὰκ
1491 2516 1883 2589 πεποδισμένος

296 2601 371 2665 ὡς
400 2604 568 2674 κριὸς,
609 2603 701 2656 καὶ
740 2603 922 2675 πατὴρ
969 2604 1271 2674 παρεστὼς,
1304 2607 1400 2660 καὶ
1436 2608 1653 2678 κρατῶν
1677 2614 1881 2681 γυμνὸν

297 2692 355 2745 τὸ
390 2692 560 2762 ξίφος,
599 2696 673 2766 μὴ
696 2695 1012 2765 αἰδούμενος
1040 2696 1293 2766 φονεῦσαι
1313 2699 1403 2751 τὸν
1434 2699 1548 2751 υἱὸν
1575 2699 1758 2753 αὐτοῦ.

1996 1517 2113 1562 erat
2147 1508 2345 1565 futura:
2386 1511 2659 1579 passionis
2702 1509 3016 1565 Dominicaz.
3059 1510 3311 1566 Attamen
3355 1513 3481 1567 licet
3508 1521 3584 1584 ty-

1994 1616 2097 1670 pus
2148 1603 2529 1657 tantummodo
2576 1601 2782 1657 Christi
2822 1614 2986 1670 esset,
3042 1612 3224 1658 tamen
3274 1613 3499 1675 stupore
3526 1617 3582 1661 et

1996 1694 2189 1748 timore
2222 1696 2495 1764 percussit
2520 1694 2792 1750 homines.

2068 1784 2376 1855 Spectanda
2409 1787 2555 1841 enim
2586 1798 2704 1841 erat
2727 1804 2815 1843 res
2840 1804 2982 1843 nova
3012 1790 3369 1860 mysteriique
3398 1791 3577 1861 plena,

1994 1879 2138 1937 filius
2190 1882 2387 1937 ductus
2444 1898 2473 1936 a
2534 1893 2688 1951 patre
2733 1884 2787 1937 in
2835 1892 3074 1938 montem
3106 1886 3173 1939 ad
3214 1887 3577 1951 oceisionem,

1992 1990 2154 2044 quem
2203 1983 2359 2044 pater
2413 1976 2610 2030 vinetis
2652 1976 2884 2045 pedibus
2928 1989 3188 2048 posuerat
3227 1995 3392 2049 super
3430 1980 3576 2051 ligna

1991 2065 2322 2133 holocausti,
2380 2084 2581 2137 parans
2630 2084 2752 2122 eum
2816 2068 3167 2125 festinatione
3209 2085 3297 2134 ea,
3345 2087 3467 2141 qua:
3506 2074 3575 2127 ad

1992 2159 2416 2216 immolationem
2462 2162 2581 2231 ejus
2616 2170 2772 2215 erant
2806 2166 3138 2217 necessaria.
3188 2163 3338 2218 lsaac
3392 2174 3573 2220 autem

1989 2253 2128 2312 silet.
2162 2253 2357 2323 ligatus
2389 2253 2531 2307 sicut
2555 2254 2719 2317 aries,
2752 2268 2858 2306 non
2893 2256 3143 2323 aperiens
3172 2271 3234 2311 os
3266 2273 3449 2323 suum,
3473 2274 3575 2312 nec
3614 2295 3621 2301 ι

1988 2361 2173 2400 vocem
2202 2345 2477 2401 emittens.
2510 2344 2649 2399 Dum
2673 2346 2816 2399 enim
2849 2346 2951 2401 sibi
2981 2361 3009 2398 a
3039 2347 3219 2414 gladio
3237 2364 3345 2401 non
3366 2349 3569 2415 timuit,

1987 2452 2162 2506 neque
2186 2438 2254 2490 ab
2287 2437 2412 2507 igne
2439 2434 2865 2506 perterrefactus
2906 2436 3027 2500 fuit,
3057 2453 3232 2507 neque
3260 2440 3332 2492 ob
3353 2440 3569 2495 crucia-

1985 2536 2073 2579 tus
2107 2527 2500 2591 contristatus;
2533 2525 2748 2580 fortiter
2787 2527 3053 2581 sustinuit
3096 2537 3283 2598 typum
3324 2526 3566 2584 Domini.

1984 2618 2041 2673 ln
2070 2620 2249 2673 medio
2282 2620 2447 2689 igitur
2491 2620 2704 2687 positus
2747 2628 2869 2674 erat
2906 2622 3079 2685 Isaac,
3114 2622 3344 2689 pedibus
3370 2621 3571 2692 ligatus

1984 2722 2045 2767 ut
2074 2713 2239 2777 aries,
2271 2722 2323 2766 et
2358 2712 2572 2765 astabat
2596 2721 2770 2781 pater,
2802 2714 3165 2782 strictumque
3200 2729 3385 2770 ensem
3418 2724 3572 2772 tene-

1901 2805 1943 2861 C
1980 2808 2071 2861 bat
2101 2806 2375 2870 manibus,
2406 2804 2577 2858 tilium
2612 2821 2773 2859 suum
2812 2805 3119 2859 interficere
3158 2822 3266 2860 non
3301 2808 3520 2865 timens.

367 2896 493 2954 llaec
513 2900 779 2954 hactenus
810 2900 1049 2954 exhibita
1081 2914 1147 2954 ex
1175 2899 1396 2954 Catenis
1424 2901 1477 2953 in
1504 2900 1739 2956 Genesin
1774 2902 2080 2972 fragmenta
2112 2902 2368 2957 videntur
2389 2916 2513 2955 esse
2538 2915 2603 2955 ex
2630 2899 2907 2955 Melitonis
2939 2901 3247 2971 Ἐκλογῶν
3281 2904 3435 2960 libris
3469 2906 3569 2961 de—

297 3002 532 3062 sumpta.
565 2993 798 3063 Dupinio
840 2994 911 3063 (5)
939 2993 1143 3063 judice,
1168 2994 1284 3048 haec
1310 2994 1529 3063 indigna
1561 2995 1811 3050 videntur
1843 2997 2106 3063 Melitoni,
2149 2996 2560 3067 puerilibusque
2594 2994 3018 3064 cogitationilms
3056 2994 3255 3049 referta
3289 3010 3343 3051 et
3372 3012 3567 3053 recen-

295 3087 498 3139 tiorum
546 3087 750 3155 potius,
782 3102 946 3156 quam
982 3095 1225 3140 veterum
1276 3103 1467 3156 sapere
1506 3088 1806 3158 ingenium.
1853 3089 1958 3147 Sed
1996 3107 2278 3161 perperam
2309 3092 2382 3144 ita
2424 3089 2811 3158 pronuntiasse
2843 3088 2977 3141 mihi
3008 3088 3224 3142 videtur
3256 3089 3565 3159 Dupinius;

292 3180 436 3246 quod
468 3179 514 3232 si
540 3179 684 3233 enim
715 3178 1110 3234 Tertullianum
1134 3179 1209 3251 (6)
1227 3181 1473 3235 evolvere
1509 3181 1766 3250 libuerit,
1798 3186 1986 3240 eadem
2032 3183 2426 3253 propemodum
2467 3182 2611 3236 dicta
2650 3181 2914 3235 invenies.
2942 3180 3188 3235 Aliorum
3213 3182 3565 3253 antiquorum

293 3271 519 3326 Patrum
552 3273 693 3335 loca,
724 3271 928 3341 quibus
952 3271 1199 3327 lsaacum
1229 3280 1412 3341 typum
1444 3272 1651 3326 Christi
1679 3275 1958 3331 exstitisse
1990 3275 2368 3346 pronuntiant,
2408 3274 2643 3339 reticeo,
2673 3272 2960 3325 additurus
2998 3272 3189 3325 saltem
3216 3314 3229 3337 ,
3276 3271 3563 3345 llugonem

289 3366 355 3419 de
392 3364 594 3420 Sancto
630 3364 868 3430 Victore,
892 3366 985 3434 qui
1020 3364 1219 3419 saeculo
1245 3364 1571 3419 duodecimo
1594 3366 1809 3432 claruit,
1839 3369 2234 3439 Allegoriurum
2282 3368 2336 3420 in
2362 3376 2641 3436 utrumque
2675 3364 3065 3419 Testamentum
3102 3364 3174 3435 (7)
3207 3365 3300 3420 lib.
3330 3382 3400 3432 ιι,
3436 3384 3559 3440 cap.

293 3459 322 3510 7
346 3458 579 3530 integro,
608 3460 898 3531 mysticum
929 3473 1150 3513 sensum
1185 3456 1575 3511 immolationis
1602 3455 1769 3512 lsaaci
1793 3460 2119 3529 explicasse,
2146 3461 2234 3514 hic
2258 3473 2485 3529 prorsus
2523 3455 2936 3511 conferendum.

361 3576 474 3643 (95)
506 3575 701 3629 Cenes.
752 3587 902 3637 χχιι,
939 3572 1041 3637 15,
1087 3571 1156 3643 de
1194 3569 1584 3643 quopluribus
1620 3572 1861 3643 loquitur

286 3640 468 3700 nemo
498 3648 553 3699 in
578 3645 886 3717 fragmento
914 3641 1161 3712 sequenti
1193 3656 1259 3695 ex
1292 3641 1481 3695 Bibliis
1505 3640 1706 3697 Cinneis
1740 3644 1870 3698 affe-

286 3719 477 3772 rendo.

361 3788 474 3856 (96)
511 3787 585 3840 Ita
621 3785 763 3856 apud
800 3781 1126 3856 Hallelxjum
1149 3820 1163 3843 ,
1218 3787 1441 3856 praastat
1473 3780 1702 3856 alterius
1742 3784 1865 3838 cod.

284 3850 965 3925 Ῑεοὶὶο’ὲμπεποδισμένον,
998 3853 1124 3925 licet
1149 3867 1247 3905 nec
1268 3850 1409 3925 falsa
1443 3851 1513 3904 sit
1540 3855 1704 3920 prior.

355 3927 468 3995 (97)
500 3920 649 3980 Alter
671 3920 843 3980 codex
869 3925 941 3977 ita
971 3923 1174 3995 saltem
1209 3940 1220 3973 :
1268 3920 1597 3995 Meli'cwvog,
1646 3925 1866 3977 ἐπισκό-

284 3992 387 4052 που
410 3992 692 4069 ῨΣαρδὲων,
722 3997 929 4069 absque
965 3992 1237 4063 μακαρίου
1266 3992 1527 4069 epitheto,
1552 4008 1661 4061 quo
1691 3996 1866 4069 laudis

284 4062 603 4138 praefamine
633 4081 763 4138 raro
796 4062 855 4119 in
879 4062 1027 4138 Διῐιεε.
1050 4103 1065 4125 ,
1116 4062 1342 4138 eateois_
1366 4069 1421 4138 et
1458 4065 1864 4138 martyrologiis

284 4130 467 4199 venit;
512 4138 677 4206 idque
717 4137 839 4190 ideo
874 4134 1042 4199 forte,
1091 4142 1154 4206 ut_
1195 4131 1422 4206 conjicit
1461 4130 1860 4206 Tillemontius,

283 4219 413 4263 nota
442 4209 495 4272 5,
536 4200 681 4276 quod
706 4207 827 4276 ejus
856 4206 994 4276 liber
1019 4202 1160 4275 Περὶ
1183 4200 1533 4276 ἐΑνσῳέιάζου
1557 4205 1734 4276 ΑΘεοῦ,
1770 4216 1864 4260 aut

281 4281 423 4333 liber
458 4270 921 4347 ipsi-suppositus,
952 4272 1279 4327 De'transitu
1311 4270 1536 4347 Maria,
1557 4273 1661 4327 hoc
1687 4275 1863 4331 hono-

281 4366 339 4404 re
364 4342 634 4417 titul'oque
656 4342 821 4417 apud,
850 4354 1099 4417 posteros
1123 4359 1255 4417 eum,
1272 4342 1584 4417 privaverit.

352 4420 465 4487 (98)
496 4414 572 4472 lta
607 4414 739 4471 vero
779 4416 915 4487 alter
953 4415 1122 4487 codex
1164 4414 1391 4487 _habel_._:
1437 4414 1547 4466 Καὶ
1586 4415 1615 4466 ὁ
1656 4415 1859 4486 Κύριος

272 4481 668 4563 ὴμῷνθιῃσούς
699 4481 927 4563 Χριστος
958 4484 1032 4563 ᾡς
1069 4484 1219 4556 κριὸς
1250 4481 1424 4553 ἐδέθη.

349 4560 466 4629 (99)
495 4558 658 4612 Addit
678 4558 814 4612 alter
839 4558 1023 4629 αὐτοῦ.

347 4622 424 4697 (1)
449 4622 755 4699 ’δριμιριιιὶιι
776 4697 787 4699 Α
807 4627 970 4680 verba
1028 4622 1314 4699 usquead
1347 4623 1771 4699 ’lcqa'txudesunt
1798 4629 1851 4683 in

274 4693 445 4754 altero
472 4693 601 4762 ms'.,
628 4700 733 4754 nisi
766 4697 905 4751 forte
930 4711 1024 4765 per
1054 4694 1324 4749 incuriam
1354 4693 1565 4759 Quienii
1596 4698 1852 4752 omitten-

274 4772 344 4823 tis
367 4770 630 4838 integram
653 4770 874 4833 lineam,
903 4767 1155 4838 similiter
1181 4781 1244 4819 ac
1270 4766 1679 4821 antecedentem
1711 4769 1850 4824 inci-

271 4837 529 4910 pientem,
563 4840 764 4893 fuerint
790 4840 969 4910 potius
1007 4837 1232 4910 omissa.

346 4909 423 4991 (ἓ)
448 4908 710 4991 ἔριςῑτοξῖν
740 4907 1195 4991 θρίξὲιμςθουίθη-

344 4975 422 5049 (5)
448 4975 547 5036 Hic
582 4982 701 5035 linit
740 4978 1074 5043 Halloixius,
1120 4992 1245 5049 cum
1287 4975 1471 5044 priore
1519 4976 1739 5044 codice,
1791 4991 1845 5034 et

269 5048 500 5106 ulterius
545 5067 656 5105 non
700 5050 907 5121 pergit;
951 5048 1235 5121 sequentia
1276 5057 1496 5121 autem,
1532 5064 1668 5121 qua;
1697 5066 1844 5105 nunc

268 5121 588 5194 primajjice
615 5114 757 5194 typis
789 5114 1193 5194 exscribujitur,
1227 5114 1500 5172 adduntur
1530 5114 1585 5172 in
1616 5119 1808 5174 altero.

338 5189 416 5263 (4)
446 5188 867 5263 ΜειΙΙθιιὶἸεεςειο
882 5188 1079 5263 αὐτού.

338 5258 419 5331 (5)
444 5261 620 5332 Dupin
651 5280 701 5319 c.
735 5258 835 5318 [τι
870 5261 953 5316 0n
984 5260 1060 5314 lui
1084 5258 1321 5314 attrihue
1347 5272 1546 5313 encore
1577 5258 1841 5332 quelques

264 5329 545 5403 passages
575 5334 708 5390 tirés
753 5335 917 5389 d‘une
958 5332 1153 5403 chaine
1178 5343 1433 5403 __grecqn_e
1486 5345 1582 5383 sur
1632 5329 1684 5383 la
1724 5329 1842 5385 ’Ge-

268 5399 417 5468 itése,
437 5399 587 5458 inais
611 5406 676 5459 ils
706 5420 793 5459 me
810 5404 1078 5459 semblent
1103 5401 1353 5468 indlgnes
1378 5399 1445 5453 de
1479 5408 1564 5453 cet
1586 5409 1797 5454 auteur.
1816 5421 1835 5454 ι

270 5469 336 5522 Et
364 5474 417 5525 in
451 5490 584 5527 nova
611 5474 796 5528 addita
823 5489 840 5527 :
872 5493 889 5524 ι
928 5473 1001 5526 Le
1027 5471 1087 5524 Ρ.
1122 5469 1334 5525 Halloix
1371 5486 1436 5523 en
1475 5471 1623 5537 parle
1648 5470 1789 5525 ainsi
1823 5490 1833 5524 :

266 5541 413 5627 (Il‘eost
449 5559 557 5627 une
590 5546 993 5627 comparaispm
1014 5544 1221 5597 d‘lsaac
1245 5551 1316 5627 ,ει
1342 5539 1421 5627 de.
1445 5538 1605 5627 Jésus
1624 5541 1832 5604 Christ,

264 5611 444 5680 pleine
474 5616 539 5666 de
568 5611 795 5683 pensées
825 5617 1079 5684 pueriles,
1112 5624 1166 5669 et
1203 5613 1329 5682 plus
1371 5611 1532 5684 digne
1561 5612 1658 5665 des
1698 5627 1835 5666 nou-

261 5698 440 5756 va-aug
461 5682 577 5756 que
597 5692 691 5740 des
727 5682 970 5741 anciens.
1005 5705 1022 5736 ι
1059 5684 1296 5756 Dupinio
1331 5682 1832 5756 astipulaturquo-

261 5768 368 5821 que
399 5751 799 5824 Tillemontius,
834 5774 995 5827 quem
1029 5751 1225 5814 iterum
1264 5752 1556 5821 exscripsit
1594 5752 1829 5818 Ceillier,

2044 3574 2118 3645 (6)
2146 3573 2516 3645 'lfertiilliarius
2540 3571 2765 3645 passim,
2785 3586 2838 3645 ιι.
2873 3586 2922 3625 e.
2957 3569 3131 3645 inlib.
3166 3570 3242 3625 De
3268 3574 3552 3645 patientia,

1974 3640 2113 3714 Opp.
2154 3644 2389 3698 Froben.
2422 3640 2553 3697 edit.
2585 3658 2706 3714 pag.
2746 3640 2809 3693 lO
2844 3659 2865 3714 εξ
2898 3659 2916 3691 ι
2962 3641 3239 3714 Abraham
3269 3640 3392 3698 Deo
3432 3640 3554 3701 ere?-

1972 3711 2138 3779 didit,
2177 3725 2230 3767 et
2262 3715 2419 3767 fidem
2462 3713 2719 3783 patientia
2750 3711 3021 3781 probavit,
3051 3728 3210 3783 quem
3244 3715 3413 3768 lilium
3446 3717 3553 3770 im-

1970 3787 2177 3840 molare
2203 3785 2393 3852 jussus
2421 3782 2522 3848 eSt,
2546 3784 2611 3837 ad
2632 3783 2751 3836 fidei
2780 3782 3262 3853 nouitentalionem
3294 3785 3553 3853 dixerim,

1968 3857 2063 3910 sed
2092 3857 2323 3926 typicam
2354 3855 2861 3926 contestationem.»
2886 3852 2951 3926 Et
2974 3854 3026 3926 in
3059 3852 3432 3926 lib.Adrersus
3457 3852 3555 3911 Ju-

1967 3923 2285 3995 dwostag.
2320 3926 2417 3979 154
2451 3943 2462 3978 :
2502 3944 2519 3974 ι
2544 3923 2731 3992 Itaque
2784 3924 3037 3996 inprimis
3064 3925 3215 3996 Isaac
3239 3940 3362 3979 cum
3388 3942 3417 3979 a
3449 3942 3551 3996 pa-

1968 4006 2048 4051 tre
2081 3994 2258 4052 liostia
2287 3996 2598 4060 duceretur,
2630 3996 2949 4065 lignumque
2987 3995 3104 4062 ipse
3142 3994 3248 4047 sibi
3296 3994 3545 4064 portans,

1966 4068 2168 4123 Christi
2207 4067 2412 4122 exitum
2458 4066 2571 4133 jam
2620 4075 2752 4118 tunc
2800 4065 3113 4126 denotabat,
3161 4065 3214 4117 in
3267 4067 3545 4122 victimam

1966 4139 2214 4194 roueessi
2238 4155 2266 4192 a
2301 4136 2459 4191 Patre
2489 4137 2809 4205 lignumque
2842 4135 3115 4203 passionis
3146 4150 3260 4189 suae
3292 4137 3547 4205 bajulan-

1967 4210 2054 4264 tis.
2096 4228 2114 4261 ι
2155 4208 2218 4262 Ει
2246 4224 2373 4277 pan.
2402 4207 2506 4261 159
2538 4204 2552 4259 ὲ
2593 4225 2613 4256 ιη
2648 4205 2770 4277 1100
2817 4205 3024 4274 lignum
3064 4204 3164 4277 sibi
3200 4218 3253 4277 et
3290 4204 3442 4262 Isaac
3475 4210 3545 4263 ad

1964 4274 2294 4334 sacriﬁcium
2329 4278 2601 4347 portabat.
2640 4274 2744 4330 Sed
2775 4277 3035 4347 quoniam
3068 4276 3191 4347 haec
3216 4275 3434 4331 fuerant
3456 4295 3547 4334 sa-

1962 4360 2265 4416 cramenta,
2291 4346 2414 4418 quae
2452 4348 2791 4415 temporibus
2824 4346 3024 4401 Christi
3070 4346 3395 4414 perficienda
3427 4364 3545 4403 ser-

1962 4422 2249 4486 vabantur,
2282 4430 2336 4474 et
2357 4418 2510 4475 Isaac
2538 4433 2662 4472 cum
2695 4418 2841 4487 ligno
2880 4426 3191 4487 reservatus
3222 4428 3339 4481 est,
3374 4421 3544 4475 ariete

1958 4493 2142 4546 oblato
2183 4493 2234 4544 in
2268 4506 2427 4559 vepre
2462 4489 2722 4543 cornibus
2755 4489 2993 4559 merente
3022 4506 3034 4541 :
3067 4496 3123 4540 et
3147 4486 3402 4559 Christus
3426 4492 3542 4545 suis

1957 4563 2299 4630 temporibus
2334 4558 2557 4629 ilignum
2605 4559 2851 4612 humeris
2892 4558 3009 4630 suis
3058 4558 3322 4630 portavit,
3366 4560 3539 4615 iuba:-

1955 4627 2085 4686 rens
2120 4627 2605 4686 cei'nibuscrueis
2639 4642 2842 4683 corona
2886 4629 3073 4699 spinea
3113 4627 3166 4680 in
3195 4629 3372 4699 capite
3419 4630 3544 4699 ejus

1954 4702 2310 4756 circumdata.
2340 4700 2498 4753 Hune
2522 4700 2665 4752 enim
2692 4698 2975 4767 oportebat
2995 4714 3092 4766 pro
3126 4698 3380 4751 omnibus
3407 4698 3540 4768 geu-

1953 4774 2098 4827 tibus
2129 4774 2240 4826 fieri
2260 4770 2717 4839 saeriiieium,qui
2745 4779 3001 4835 tanquam
3026 4768 3232 4839 ovisad
3257 4769 3535 4823 victimam

1952 4844 2148 4897 ductus
2189 4852 2293 4908 est,
2324 4852 2378 4896 et
2405 4841 2554 4894 velut
2585 4837 2759 4909 agnus
2800 4853 2985 4890 coram
3027 4837 3285 4891 tondente
3328 4853 3386 4892 se
3415 4840 3536 4894 sine

1951 4929 2103 4975 voce,
2126 4913 2205 4967 sic
2235 4929 2338 4967 non
2372 4911 2583 4979 aperuit
2609 4926 2671 4964 os
2701 4923 2914 4971 suum,»
2934 4918 3036 4979 etc.

2024 4983 2101 5053 (7)
2137 4975 2543 5053 Impressu'sest
2573 4980 2661 5053 hic
2693 4979 2849 5053 Liba!
2883 4978 3263 5053 al_lego_riu_r_um
3304 4975 3531 5053 Parisiis

1950 5046 2109 5120 1517,
2136 5046 2266 5119 in-l,
2293 5054 2345 5107 in
2378 5050 2591 5106 oﬂicina
2616 5050 2781 5105 Henr.
2805 5046 3085 5120 Stephani.
3111 5046 3190 5120 lbi_
3220 5047 3361 5103 inter
3382 5048 3527 5120 alia:

1953 5146 1971 5178 ι
2000 5117 2277 5179 Abraham
2306 5121 2578 5193 significat
2608 5120 2776 5193 Deum
2814 5118 3059 5193 Patrem,
3083 5128 3137 5172 et
3175 5117 3326 5193 Isaac
3360 5117 3529 5193 Chri-

1948 5206 2127 5257 stum;
2162 5210 2322 5249 mons
2344 5189 2397 5246 in
2428 5207 2540 5262 quo
2579 5189 2974 5262 saerilieandus
3004 5199 3140 5262 erat,
3182 5189 3525 5262 altitudinem

1944 5267 2202 5339 exprimit
2239 5259 2537 5339 Dominica:
2564 5261 2877 5339 Charilaus;
2906 5262 3016 5339 duo
3045 5260 3275 5339 juvenes
3290 5259 3527 5339 ,“gentif

1944 5328 2029 5392 les
2059 5346 2113 5391 et
2152 5335 2367 5389 Iudaeos
2404 5347 2515 5410 non
2554 5334 2838 5410 credentes
2872 5333 3008 5385 etin
3041 5328 3270 5384 mortem
3306 5328 3522 5410 Domini

1944 5407 2370 5479 consentientes.
2404 5404 2513 5457 Ara
2532 5444 2553 5479 ,_
2577 5404 2719 5471 ligna
2740 5443 2754 5465 ,
2778 5416 3001 5479 vepres,
3038 5415 3255 5479 crucem
3306 5399 3523 5454 Domini

1939 5478 2246 5545 designant.
2277 5477 2427 5529 Isaac
2463 5477 2557 5543 qui
2585 5483 2816 5545 mortem
2849 5471 2923 5525 in
2968 5471 3240 5526 sacrificio
3281 5486 3393 5545 nou
3422 5485 3522 5545 gu-

1938 5540 2122 5610 stavit,
2152 5540 2495 5621 divinitatem
2528 5544 2829 5621 exprimit,
2860 5557 2982 5621 qua:
3024 5555 3213 5621 poenas
3243 5549 3338 5621 aut
3364 5540 3521 5594 dolo-

1936 5633 2050 5672 rem
2086 5622 2141 5691 in
2167 5618 2422 5691 passione
2447 5616 2773 5691 non_sensit.
2803 5616 2980 5675 Aries,
3011 5616 3104 5681 qui
3132 5620 3360 5691 mortem
3393 5626 3517 5691 ρες.

1939 5691 2080 5754 tulit,
2110 5688 2503 5742 immanitatem
2529 5685 2828 5756 significat,
2857 5699 2977 5754 qua:
3001 5685 3274 5752 passionis
3313 5685 3514 5737 amari-

1939 5762 2153 5816 tudines
2178 5757 2458 5825 sustinuit,
2498 5776 2516 5808 ι
2550 5768 2654 5813 etc.
