4130 6382
332 389 467 453 ηἂί

1738 378 2187 439 FRAGMENTA.

3461 370 3601 427 1222

330 509 595 571 Marcion,
624 507 767 563 sicut
793 505 1028 561 Severus
1056 512 1111 559 et
1135 503 1395 568 Gaianus,
1428 502 1665 558 divinam
1708 500 1911 555 Christi
1960 496 2391 551 incarnationem
2421 494 2613 549 iisdem
2641 494 2971 549 testimoniis
3017 489 3297 563 Evangelii
3332 489 3599 545 adversus

328 600 640 655 lllelitonem
671 574 1063 668 usus,’quibus
1103 611 1249 651 nunc
1290 596 1379 650 isti
1428 592 1723 648 Marcionis
1763 590 1973 645 Pontici
2011 587 2267 657 discipuli
2301 586 2565 640 adversus
2604 600 2706 639 nos
2741 592 2988 638 utuntur.
3040 582 3142 637 Cui
3185 581 3341 636 valde
3368 580 3504 635 scite
3533 587 3590 633 et

330 702 637 764 opportune
666 691 947 761 respondit
975 688 1158 743 Melite
1190 689 1244 740 in
1266 689 1411 741 hunc
1442 686 1692 741 modum:

412 805 501 868 Ὠς
527 802 750 874 οὐδεμία
778 784 993 871 ἀνάγκη
1024 804 1134 873 τοῖς
1156 799 1277 853 νοῦν
1305 798 1541 869 ἔχουσιν,
1595 796 1653 861 ἐξ
1676 791 1750 853 ὧν
1782 794 1920 865 μετὰ

2090 791 2208 846 Νοη
2239 800 2320 845 est
2358 789 2729 845 necessarium
2764 789 2871 853 his,
2918 804 3056 858 quos
3092 789 3231 843 ratio
3273 804 3381 843 non
3432 788 3599 861 fugit,

330 898 391 952 τὸ
423 897 705 967 βάπτισμα
733 895 760 945 ὁ
794 893 1027 963 Χριστὸς
1051 891 1275 963 ἔπραξε,
1308 891 1582 962 παριστᾷν
1613 890 1670 941 τὸ
1696 887 1913 958 ἀληοὲς,

332 989 427 1043 καὶ
466 986 805 1057 ἀφάνταστον
846 986 945 1055 τῆς
984 982 1161 1053 ψυχῆς
1192 981 1377 1047 αὑτοῦ,
1408 981 1500 1034 καὶ
1539 980 1628 1033 τοῦ
1667 978 1916 1049 σώματος

332 1079 431 1149 τῆς
457 1077 576 1131 καθ’
607 1078 755 1147 ἡμᾶς
782 1073 1128 1146 ἀνθρωπίνης
1161 1073 1395 1142 φύσεως.
1440 1072 1520 1124 Τὰ
1550 1073 1659 1142 γὰρ
1694 1072 1829 1141 μετὰ
1858 1069 1919 1123 τὸ

334 1169 617 1239 βάπτισμα
660 1166 765 1219 ὑπὸ
806 1163 1041 1236 Χριστοῦ
1084 1163 1419 1236 πραχθέντα,
1452 1163 1546 1216 καὶ
1580 1163 1812 1231 μάλιστα
1849 1161 1918 1215 τὰ

336 1259 569 1327 σημεῖα,
603 1255 699 1327 τὴν
733 1253 896 1308 αὐτοῦ
942 1254 1330 1325 κεκρυμμένην
1373 1255 1430 1306 ὲν
1486 1252 1649 1322 σαρκὶ
1692 1251 1917 1321 θεότητα

334 1350 589 1420 ἐδήλουν,
630 1347 724 1402 καὶ
769 1346 1084 1400 ὲπιστοῦντο
1124 1345 1201 1416 τῷ
1244 1345 1456 1416 κόσμῳ.
1498 1344 1631 1406 Θεὸς
1681 1344 1793 1414 γὰρ
1832 1341 1912 1396 ὢν

332 1438 528 1509 ὁμοῦτε
548 1437 643 1490 καὶ
668 1435 952 1508 ἄνθρωπος
981 1435 1183 1498 τέλειος
1212 1436 1240 1487 ὁ
1268 1434 1450 1497 αὐτὸς,
1490 1432 1588 1495 τὰς
1621 1430 1713 1484 δύο
1746 1430 1912 1485 αὑτοῦ

331 1529 524 1593 οὐσίας
555 1528 892 1583 ἐπιστώσατο
919 1528 1048 1598 ἡμῖν
1066 1544 1080 1557 ο
1118 1526 1213 1597 τὴν
1248 1527 1343 1596 μὲν
1367 1525 1594 1595 θεότητα
1614 1523 1797 1587 αὑτοῦ,
1827 1524 1916 1579 διὰ

335 1620 442 1673 τῶν
475 1619 717 1691 σημείων
764 1620 821 1670 ὲν
866 1617 930 1688 τῆ
981 1618 1211 1688 τριετίᾳ,
1250 1620 1316 1687 τῇ
1342 1616 1477 1687 μετὰ
1513 1617 1571 1669 τὸ
1602 1616 1912 1687 βάπτισμα·

334 1712 433 1784 τὴν
474 1712 530 1764 δὲ
569 1711 966 1783 ἁνθρωπότητα
1011 1710 1178 1763 αὐτοῦ
1201 1750 1214 1773 ,
1246 1712 1304 1762 ὲν
1340 1712 1451 1773 τοῖς
1474 1709 1765 1780 τριάκοντα
1791 1708 1919 1781 χρό-

335 1823 481 1869 νοις,
517 1807 626 1868 τοῖς
662 1804 767 1875 πρὸ
799 1802 889 1856 τοῦ
922 1802 1330 1873 βαπτίσματος,
1365 1803 1422 1853 ἐν
1448 1795 1548 1863 οἷς,
1577 1799 1664 1852 διὰ
1704 1799 1763 1851 τὸ
1802 1801 1919 1852 ἁτε-

336 1894 426 1959 λὲς
462 1896 522 1948 τὸ
555 1894 695 1948 κατὰ
727 1895 927 1964 σάρκα,
968 1892 1247 1963 ὰπέκρυϐε
1287 1891 1354 1945 τὰ
1383 1892 1583 1961 σημεῖα
1615 1889 1712 1959 τῆς
1753 1888 1915 1942 αὑτοῦ

2023 898 2087 937 ex
2119 882 2427 936 actionibus
2465 880 2668 934 Christi
2707 889 2830 949 post
2884 879 3218 947 baptismum
3269 888 3517 934 astruere
3548 890 3603 936 et

2022 975 2401 1028 demonstrare
2440 972 2637 1026 anima:
2677 980 2731 1026 et
2762 972 3012 1040 corporis
3059 971 3214 1040 ejus,
3244 980 3300 1026 et
3350 972 3604 1027 humanae

2023 1076 2229 1120 natura:
2252 1066 2537 1119 nobiscum
2562 1064 2938 1119 convenientis
2960 1065 3265 1127 veritatem,
3288 1072 3342 1118 et
3362 1063 3429 1117 ab
3450 1065 3603 1118 omni

2023 1158 2240 1212 ﬁctione
2281 1157 2660 1211 remotionem.
2700 1155 2833 1209 Nam
2868 1172 2992 1226 qua:
3039 1167 3161 1225 post
3201 1156 3533 1226 baptismum
3569 1173 3601 1212 a

2022 1250 2241 1306 Christo
2273 1260 2425 1321 gesta
2456 1261 2604 1315 sunt,
2636 1251 2872 1305 maxime
2898 1252 3183 1316 miracula,
3206 1252 3460 1307 latentem
3481 1252 3604 1320 ejus

2024 1345 2078 1398 in
2106 1358 2271 1399 carne
2291 1344 2628 1398 divinitatem
2656 1344 3002 1412 potissimum
3038 1344 3241 1399 mundo
3274 1345 3605 1413 comproba-

2022 1436 2154 1489 bant
2181 1443 2234 1488 et
2260 1434 2681 1489 confirmabant.
2712 1436 2848 1489 Cum
2896 1436 3039 1489 enim
3085 1437 3227 1491 idem
3268 1421 3606 1493 Deus‘simul

2020 1536 2077 1581 et
2103 1527 2268 1581 homo
2302 1525 2573 1594 perfectus
2610 1537 2785 1591 esset,
2819 1528 2957 1582 duas
3003 1540 3228 1583 naturas
3278 1545 3407 1583 suas
3445 1531 3606 1585 nobis

2022 1618 2313 1687 patefecit:
2344 1618 2685 1673 divinitatem
2735 1619 2954 1689 quidem
2992 1636 3089 1690 per
3134 1622 3399 1679 miracula
3439 1622 3609 1677 trien-

2025 1709 2117 1762 nio
2142 1710 2246 1763 isto
2270 1718 2389 1780 post
2419 1711 2749 1779 baptismum
2783 1720 2995 1779 patrata
3019 1730 3032 1765 :
3060 1713 3455 1767 humanitatem
3478 1728 3608 1768 vero

2024 1816 2180 1855 suam
2231 1803 2454 1872 triginta
2500 1802 2608 1857 illis
2639 1805 2816 1869 ;annis
2861 1805 3194 1874 baptismum
3232 1806 3608 1875 antegressis,

2024 1893 2225 1962 quibus
2255 1895 2437 1950 carnis
2466 1895 2648 1950 vilitas
2681 1896 2893 1965 tegebat
2927 1907 2981 1950 et
3014 1897 3381 1951 abscondebat
3404 1897 3608 1951 divini-

337 1987 609 2053 ﬂedcr'cog,
638 1988 842 2059 καίπερ
875 1987 1006 2051 Θεὸς
1047 1986 1251 2058 ἀληθὴς
1288 1983 1609 2056 προαιώνιος
1633 1983 1913 2053 ὑπάρχων.

2025 1986 2147 2039 latis
2175 1985 2352 2055 signa,
2376 1986 2596 2043 tametsi
2626 1985 2769 2041 Deus
2788 2003 2952 2043 verus
2970 1998 3115 2043 esset
3136 1998 3190 2044 et
3218 1989 3606 2059 sempiternus.

410 2188 523 2243 Hoc
544 2187 910 2257 fragmentum
934 2184 1240 2241 Halloixius
1267 2199 1374 2238 non
1402 2182 1588 2247 habet,
1614 2180 1845 2235 inseruit
1870 2190 2051 2237 tamen
2073 2181 2219 2236 istud
2242 2180 2494 2237 Historiae
2516 2200 2628 2239 suae
2650 2184 2927 2240 litteraria:
2956 2185 3168 2240 Caveus
3192 2204 3207 2241 :
3255 2184 3456 2242 Notent
3489 2186 3608 2245 haec

340 2284 458 2338 sibi
488 2282 834 2354 Eutychiani,
869 2281 1227 2351 subjungens,
1260 2279 1493 2332 duarum
1531 2277 1585 2330 in
1620 2274 1840 2329 Christo
1871 2284 2195 2330 naturarum
2222 2286 2665 2345 oppugnatores;
2702 2286 2893 2333 notent
2918 2278 3140 2347 Ariani,
3172 2288 3227 2335 et
3255 2281 3372 2350 qui,
3421 2279 3609 2337 Socini

352 2381 420 2433 de
451 2394 631 2448 grege,
666 2376 958 2433 Dominum
995 2384 1243 2430 nostrum
1287 2372 1457 2427 Deum
1493 2386 1683 2425 verum
1719 2378 1774 2424 et
1816 2370 2211 2440 sempiternum
2259 2386 2384 2426 esse
2414 2369 2699 2439 praefracte
2728 2386 2928 2439 negare
2957 2388 3067 2427 non
3110 2384 3387 2430 verentur.
3420 2374 3613 2432 Mirari

345 2476 515 2545 igitur
543 2472 678 2528 satis
707 2487 817 2525 non
844 2470 1045 2540 poterit
1070 2467 1366 2523 benevolus
1398 2466 1589 2528 lector,
1622 2462 1717 2532 qui
1747 2461 2071 2519 Whistonus
2094 2462 2227 2533 (15),
2252 2478 2352 2533 pro
2381 2463 2597 2518 Arianae
2639 2480 2704 2518 ex
2732 2480 2867 2520 orco
2900 2475 3169 2521 revocata:
3213 2468 3487 2525 hareseos
3512 2484 3612 2541 pa-
3696 2482 3699 2485 λ

351 2565 608 2631 trocinio,
632 2564 827 2619 crebro
852 2562 920 2617 ad
952 2562 1099 2615 hunc
1130 2561 1315 2613 locum
1346 2570 1645 2627 provocare
1680 2553 1941 2623 potuerit.
1978 2553 2071 2608 Sic
2091 2571 2143 2606 v.
2176 2569 2224 2608 c.
2254 2555 2485 2624 probare
2520 2556 2625 2609 hoc
2656 2554 2930 2612 Melitonis
2963 2558 3273 2614 testimonio
3300 2563 3604 2630 contendit,

341 2662 538 2716 Filium
582 2675 693 2713 non
736 2656 974 2713 essentia
996 2697 1010 2721 ,
1044 2656 1138 2710 sed
1174 2654 1456 2708 voluntate
1488 2651 1681 2705 saltem
1720 2649 1812 2704 Dei
1840 2648 2020 2704 Patris
2055 2649 2289 2705 similem
2311 2665 2434 2705 esse
2463 2649 2641 2717 Patri;
2674 2666 2795 2705 esse
2820 2652 3054 2720 primam
3097 2662 3405 2710 creaturam
3439 2672 3472 2713 a
3500 2656 3613 2713 Deo

340 2749 506 2806 Patre
537 2760 663 2805 ante
685 2750 832 2820 jacta
875 2749 1067 2803 mundi
1100 2745 1457 2800 fundamenta
1488 2745 1846 2813 productam;
1879 2757 2002 2797 esse
2039 2750 2274 2808 natura,
2314 2742 2592 2797 attributis
2634 2753 2689 2799 et
2730 2744 3160 2814 perfectionibus
3188 2747 3349 2817 longe
3383 2748 3587 2806 inferio

347 2860 489 2910 rem,
524 2855 586 2900 ut
623 2845 727 2899 alia
757 2842 1028 2914 ejusmodi
1057 2839 1374 2909 blasphema
1408 2838 1627 2892 silentio
1660 2846 1999 2907 praeteream.
2022 2833 2185 2889 Forte
2213 2851 2321 2890 non
2345 2835 2611 2902 deerunt,
2650 2839 2745 2907 qui
2782 2837 3027 2893 Melitoni
3055 2855 3085 2893 a
3116 2841 3410 2896 recentiori
3447 2857 3616 2900 manu

344 2939 462 2993 haec
485 2937 772 3009 supposita
804 2936 994 3001 fuisse,
1021 2937 1105 2990 vel
1134 2938 1452 3007 conjicient,
1481 2937 1565 2991 vel
1592 2936 1966 3003 allirmabunt,
1996 2945 2058 2990 ut
2099 2936 2295 2991 fecisse
2322 2938 2487 2991 etiam
2516 2938 2868 3008 deprehendo
2906 2936 3101 2993 Gallici
3132 2938 3420 3008 cujusdam
3450 2938 3613 2995 diarii

344 3031 547 3085 eruditi
580 3039 859 3085 auctorem
892 3028 1025 3099 (16).
1055 3029 1161 3083 Sed
1195 3030 1330 3084 istos
1355 3028 1632 3097 ablegatos
1664 3028 1831 3099 cupio
1854 3029 1920 3082 ad
1951 3029 2168 3082 beatum
2205 3027 2623 3085 Weismannum
2650 3032 2781 3102 (17),
2808 3032 2902 3101 qui
2925 3032 3214 3087 occasione
3247 3032 3414 3102 hujus
3437 3033 3615 3103 ipsius

346 3121 658 3193 fragmenti,
687 3122 743 3176 in
779 3122 1099 3176 temerarios
1129 3122 1401 3192 ejusmodi
1432 3123 1676 3187 criticos,
1715 3123 2089 3192 temporisque
2114 3124 2286 3177 nostri
2312 3123 2693 3196 Anaxagoras,
2725 3128 2962 3197 graviter
2988 3127 3286 3191 invehitur,
3316 3128 3613 3197 locumque

342 3215 489 3269 hunc
537 3214 810 3270 Melitonis
858 3223 1050 3269 contra
1104 3215 1428 3269 earumdem
1477 3214 1832 3283 exceptiones
1859 3214 2123 3268 vindicat.
2170 3213 2251 3268 Ad
2285 3214 2639 3272 Whistonum
2668 3218 2849 3273 adhuc
2880 3219 3049 3273 semel
3076 3220 3264 3287 redeo,
3308 3235 3620 3291 moneoque

341 3323 467 3361 eum
491 3308 691 3362 exinde
720 3323 938 3378 quoque
966 3307 1197 3376 probare
1231 3306 1592 3370 allaborasse,
1634 3306 1936 3375 longiorem
1982 3304 2351 3373 Epistolarum
2401 3306 2814 3375 lgnatianarum
2843 3307 3142 3365 editionem
3170 3324 3293 3379 esse
3322 3310 3621 3382 genuinam

343 3402 688 3473 breviorique
716 3400 1128 3457 anteferendam
1157 3399 1294 3471 (18),
1322 3415 1489 3470 quam
1515 3399 1827 3469 opinionem
1852 3396 2115 3452 facillime
2150 3397 2253 3466 ipsi
2277 3400 2595 3466 permittere
2619 3415 2944 3470 possumus.

1334 3539 1470 3594 Vlll.
1506 3539 1731 3610 Fragm.
1756 3554 1821 3592 ex
1862 3546 2005 3592 orat.
2041 3536 2104 3590 de
2139 3537 2387 3605 passione
2423 3537 2660 3595 Domini.

415 3656 577 3710 Aliud
617 3655 891 3711 Melitonis
922 3655 1308 3728 fragmentum,
1343 3657 1601 3728 exiguum
1625 3655 1775 3720 licet,
1817 3654 2054 3708 servavit
2097 3653 2241 3709 idem
2281 3653 2448 3709 modo
2478 3654 2679 3709 citatus
2722 3653 3071 3722 Anastasius,
3101 3655 3249 3711 dicto
3295 3654 3459 3726 libro,
3492 3672 3619 3730 cap.

350 3749 447 3814 12,
479 3764 606 3819 pag.
637 3748 763 3803 216.

898 3840 1239 3906 Μελίτωνος
1268 3840 1603 3895 ἐπισκόπου
1638 3835 1932 3905 Σάρδεων,
1966 3836 2035 3891 ἐκ
2064 3835 2172 3891 τοῦ
2213 3836 2422 3906 λόγου,
2466 3836 2571 3889 τοῦ
2612 3835 2702 3903 εἰς
2742 3836 2808 3890 τὸ
2853 3833 3060 3905 πάθος.

423 3959 487 4011 Ὅ
521 3958 653 4021 Θεὸς
687 3956 955 4011 πέπονθεν
987 3956 1092 4008 ὑπὸ
1128 3951 1311 4019 δεξιᾶς
1332 3952 1736 4025 Ἰσραηλίτιδος.

2115 3951 2258 4006 Deus
2280 3966 2477 4021 passus
2504 3958 2591 4004 est
2613 3966 2643 4004 a
2667 3950 2857 4005 dextra
2884 3950 3201 4009 Israelitica.

419 4072 605 4128 Monet
632 4072 956 4127 Anastasius
990 4070 1412 4125 Theodosianos
1452 4078 1508 4124 et
1554 4068 1860 4134 Gaianitas,
1886 4075 1949 4121 ut
1976 4064 2226 4135 probent,
2256 4064 2437 4134 ipsum
2472 4064 2635 4119 etiam
2669 4064 2838 4119 Deum
2864 4064 3100 4122 Verbum
3127 4066 3245 4139 (καὶ
3275 4069 3367 4124 τὸν
3400 4071 3458 4125 ὲν
3478 4071 3630 4145 αὐτῷ

350 4164 483 4217 Θεὸν
495 4160 687 4233 Λόγον)
703 4175 829 4215 cum
849 4177 1012 4215 carne
1035 4177 1133 4215 sua
1156 4161 1400 4230 passioni
1416 4160 1586 4216 fuisse
1604 4160 1925 4225 obnoxium,
1953 4156 2147 4213 afferre
2176 4158 2349 4211 solere
2380 4157 2497 4212 haec
2519 4157 2795 4215 Melitonis
2824 4160 3009 4223 verba,
3034 4162 3235 4231 quibus
3262 4172 3464 4233 tamen,
3487 4178 3549 4223 ut
3572 4168 3630 4223 in

352 4255 643 4327 prepatulo
692 4261 798 4318 est,
848 4253 958 4307 vim
1008 4255 1341 4319 intulerunt;
1392 4262 1577 4309 noster
1620 4253 1785 4308 etiam
1834 4263 2120 4320 nunquam
2151 4247 2221 4303 de
2271 4249 2376 4304 hoc
2401 4264 2591 4305 errore
2625 4249 2730 4307 fuit
2763 4262 3075 4323 suspectus.
3120 4253 3240 4311 Non
3267 4258 3494 4315 memini
3525 4261 3633 4319 hoc

352 4351 724 4420 fragmentum
756 4345 852 4401 ulli
881 4343 1053 4401 fuisse
1074 4346 1451 4401 observatum.

1460 4484 1553 4538 1X.
1598 4484 1821 4554 Fragm.
1863 4499 1929 4539 ea:
1964 4483 2146 4540 Fabro
2186 4486 2512 4556 Stapulemi.

427 4630 593 4685 Miror
635 4636 817 4683 tamen
865 4627 1008 4681 inter
1053 4624 1359 4696 fragmenta
1396 4622 1748 4678 Melitoniana
1793 4626 2217 4680 commemorari
2249 4642 2276 4679 a
2319 4624 2383 4681 B.
2426 4624 2607 4696 lttigio
2639 4625 2894 4695 aliquod,
2922 4624 3071 4695 quod
3100 4639 3169 4679 ex
3210 4622 3417 4681 Jacobo
3456 4624 3638 4682 Fabro

358 4721 693 4792 Stapulensi,
726 4718 981 4789 produxit
1007 4717 1373 4783 Colomesius,
1398 4717 1493 4796 qui
1524 4716 1598 4771 ita
1627 4716 1889 4786 prwfatur
1911 4736 1927 4771 :
1952 4716 2051 4771 Vir
2070 4719 2337 4788 Optimus,
2364 4734 2428 4773 ac
2451 4735 2550 4789 pro
2578 4730 2822 4787 tempore
2850 4733 2961 4787 quo
2986 4718 3122 4772 vixit
3150 4717 3299 4771 varia
3325 4717 3638 4773 eruditione

354 4815 632 4880 excultus,
663 4812 906 4867 Jacobus
952 4811 1127 4866 Faber
1160 4810 1538 4880 Stapulensis,
1573 4811 1629 4865 in
1662 4811 1802 4865 libro
1830 4811 1897 4866 de
1931 4827 2041 4866 una
2080 4828 2145 4867 ex
2178 4813 2357 4869 tribus
2408 4812 2600 4879 Maria,
2643 4812 2927 4881 sequentia
2966 4811 3134 4865 refert
3175 4826 3243 4865 ex
3280 4809 3537 4865 Melitone
3568 4811 3637 4866 de

356 4904 566 4961 Joanne
607 4905 857 4975 apostolo
885 4923 897 4958 :
927 4923 945 4955 ι
972 4904 1109 4959 Cum
1141 4913 1290 4959 esset
1320 4920 1592 4959 annorum
1641 4905 1941 4975 nonaginta
1961 4947 1977 4971 ,
2022 4907 2273 4976 apparuit
2308 4908 2358 4962 ei
2391 4906 2657 4961 Dominus
2703 4904 2865 4961 Jcsus
2895 4903 3149 4959 Christus
3178 4918 3304 4959 cum
3352 4904 3637 4973 discipulis

358 5003 498 5069 suis,
523 5009 577 5056 et
605 5001 743 5056 dixit
776 5002 860 5056 ei:
887 5000 1023 5055 Veni
1049 5001 1115 5055 ad
1146 5016 1253 5067 me,
1285 5002 1412 5070 quia
1444 5013 1661 5070 tempus
1683 5009 1786 5066 est,
1815 5010 1875 5055 ut
1902 5002 2145 5071 epuleris
2177 5004 2230 5056 in
2266 5003 2519 5057 convivio
2551 5016 2675 5055 meo
2699 5016 2825 5055 cum
2850 4998 3114 5053 fratribus
3146 4999 3310 5052 tuis.»
3342 4997 3637 5067 Desumpta

358 5095 479 5150 haec
512 5110 634 5150 esse
665 5095 975 5165 suspicatur
997 5093 1344 5151 Colomesius
1383 5111 1449 5151 ex
1486 5097 1606 5166 ejus
1647 5097 1788 5151 libro
1819 5096 1886 5151 de
1914 5098 2241 5168 Apocalypsi
2283 5096 2531 5163 Joannis,
2558 5097 2651 5151 sed
2682 5096 2887 5150 erravit
2921 5095 3168 5149 eruditus
3192 5094 3297 5157 vir,
3328 5102 3383 5148 et
3411 5108 3535 5149 cum
3573 5108 3639 5147 eo

360 5190 555 5245 beatus
580 5190 813 5261 lttigius.
844 5189 970 5247 Haec
992 5191 1138 5245 enim
1169 5207 1398 5261 prorsus
1432 5207 1542 5245 non
1575 5201 1705 5247 sunt
1733 5192 2007 5248 Melitonis
2040 5192 2319 5257 Sardiani,
2346 5193 2440 5248 sed
2466 5192 2783 5259 Laodiceni,
2806 5192 2898 5261 qui
2931 5190 3000 5245 de
3031 5190 3288 5260 passione
3321 5186 3379 5243 S.
3409 5186 3639 5242 Joannis

361 5284 724 5356 Evangelistte
750 5287 971 5357 scripsit
1006 5286 1268 5353 libellum,
1295 5298 1419 5357 post
1445 5288 1585 5343 alios
1622 5304 1651 5341 a
1680 5288 2038 5343 celeberrimo
2079 5287 2131 5344 J.
2155 5290 2220 5342 A.
2254 5289 2507 5344 Fabricio
2545 5304 2790 5357 quoque,
2820 5290 2876 5339 in
2901 5286 3096 5341 Codice
3126 5286 3424 5353 apocrypha
3460 5278 3533 5334 N.
3573 5280 3637 5334 Τ.

362 5390 498 5437 tom.
527 5382 617 5451 ll'l,
650 5384 882 5449 editum,
916 5384 1007 5439 ubi
1036 5399 1159 5454 pag.
1206 5383 1333 5451 620,
1368 5385 1555 5439 eadem
1589 5384 1705 5438 haec
1731 5383 1896 5437 verba
1924 5385 2029 5457 legi
2058 5394 2337 5455 poterunt.

413 5538 550 5618 ,(15)
585 5539 986 5618 Whistonuse.
1016 5541 1236 5618 Διεξοηι.
1272 5540 1341 5594 Ill
1386 5541 1639 5597 Primwvi
1684 5543 1953 5600 Chrislia~

364 5612 547 5681 nis‘mi,
578 5627 701 5681 pag.
736 5612 827 5677 64,
862 5612 985 5679 125,
1012 5612 1140 5676 285,
1182 5622 1286 5667 etc.

444 5676 843 5753 (16)__Nouvelle
890 5676 1257 5753 Bibliothéque
1306 5684 1531 5749 cltoisie,
1578 5684 1646 5736 ait
1692 5685 1798 5738 l‘on
1851 5686 1951 5753 {ait

372 5748 650 5823 connaitre
687 5752 760 5806 les
790 5754 917 5806 bons
960 5754 1114 5807 livres
1140 5748 1203 5806 en
1228 5754 1399 5807 divcrs
1430 5771 1610 5823 genrcs
1634 5755 1697 5808 de
1743 5748 1955 5809 littera-

374 5826 513 5889 lure,
540 5831 588 5874 et
617 5820 811 5892 l‘usage
834 5826 988 5899 qu’on
1022 5842 1085 5879 en
1128 5825 1239 5877 doit
1276 5820 1446 5893 faire;
1467 5824 1623 5880 Tom.
1665 5825 1727 5894 II,
1772 5842 1824 5897 p.
1860 5829 1952 5899 ⁸54,

2058 5542 2458 5600 ubiAnastasii
2478 5542 2729 5613 Ὀδηγοῦ
2752 5540 3276 5613 edltioGretseriana
3304 5545 3641 5613 recensetur.

2129 5616 2240 5685 (l7)
2275 5609 2972 5685 Weismanniintroducti!)
3002 5609 3456 5685 iit-memorabilia
3478 5610 3645 5663 cccle-

2055 5682 2277 5742 siastica
2304 5687 2449 5739 Hist.
2485 5684 2569 5748 S.,
2602 5693 2737 5737 tom.
2774 5683 2813 5748 1,
2842 5700 2963 5753 pag.
2993 5682 3116 5737 1.15.

2133 5757 2242 5827 (18)
2279 5757 2333 5808 ln
2368 5756 2452 5827 his
2488 5746 3002 5824 Dissertatio'n'upun
3035 5754 3119 5807 tlte
3146 5750 3375 5821 Epistles
3401 5749 3464 5822 of
3480 5746 3647 5820 lgna-

2062 5830 2188 5895 tius,
2215 5842 2336 5896 pag.
2372 5826 2439 5879 65
2462 5841 2576 5901 seq.
