4130 6398
523 425 661 481 1225
1587 415 1643 471 S.
1677 415 1934 471 MELlTO
1978 414 2285 472 SARDIUM
2326 414 2728 473 EPISCOPUS.
3668 421 3802 477 ’33;

1764 572 1833 627 Χ.
1879 572 1962 626 Ea:
1998 572 2155 627 Clave
2186 572 2547 642 portiuncula.

599 694 806 763 Agmen
837 691 1057 746 tandem
1096 690 1316 746 claudat
1354 687 1698 760 portiuncula
1730 702 1795 739 ex
1823 684 1964 737 libro
1992 685 2112 754 ejus
2145 684 2328 741 Clavis
2359 687 2541 752 dicto,
2578 701 2701 757 qua:
2744 686 2848 741 sub
2885 686 3105 741 initium
3156 685 3339 756 operis
3389 688 3510 741 sine
3552 688 3712 741 titulo
3754 691 3807 741 in

524 793 759 851 unoque
789 781 979 835 codice
1002 788 1205 847 exstat,
1236 788 1289 833 et
1318 780 1372 833 in
1399 794 1507 847 qua
1538 776 1745 831 edenda
1780 774 1832 829 id
1862 774 1969 846 egi,
1996 783 2056 829 ut
2081 775 2200 830 loca
2228 776 2516 847 diligenter
2545 778 2598 831 in
2630 777 2803 832 sacris
2826 778 3041 848 paginis
3070 780 3440 849 quaasiverim,
3467 788 3631 848 atque
3665 778 3809 833 infra

526 876 581 928 in
618 876 763 929 notis
793 873 1167 929 exeitaverim.

597 968 769 1037 Caput
805 967 1042 1030 Domini,
1073 967 1191 1035 ipsa
1227 964 1511 1018 Divinitas.
1545 961 1625 1017 Eo
1654 960 1802 1032 quod
1836 961 2164 1030 principium
2200 969 2253 1014 et
2281 970 2499 1015 creator
2534 961 2605 1015 sit
2639 960 2887 1015 omnium
2916 976 3097 1015 rerum
3137 981 3149 1016 :
3183 964 3236 1017 in
3268 962 3493 1019 Daniele
3518 966 3579 1020 ".

595 1058 793 1128 Capilli
828 1059 1041 1111 Domini
1078 1058 1329 1123 candidi,
1362 1072 1427 1109 eo
1458 1055 1603 1125 quod
1644 1055 1917 1122 Antiquus
1946 1053 2017 1107 sit
2048 1052 2284 1119 dierum,
2315 1052 2407 1106 ubi
2436 1062 2490 1106 et
2516 1068 2701 1121 supra.

600 1150 757 1204 Oculi
792 1151 1024 1215 Domini,
1060 1150 1329 1219 inSpectio
1354 1148 1538 1203 divina
1566 1166 1581 1202 :
1605 1163 1671 1202 eo
1708 1144 1856 1217 quod
1879 1145 2063 1199 omnia
2098 1145 2300 1199 videat.
2334 1142 2487 1200 Sicut
2517 1155 2600 1200 est
2633 1145 2765 1200 illud
2798 1145 2852 1200 in
2884 1145 3184 1217 Apostolo:
3215 1164 3235 1197 ι
3260 1145 3459 1201 Omnia
3486 1147 3632 1202 enim
3658 1150 3807 1204 nuda

524 1257 579 1300 et
615 1253 801 1313 aperta
834 1256 962 1297 sunt
1000 1244 1053 1296 in
1079 1244 1253 1297 oculis
1285 1241 1405 1313 ejus
1434 1241 1532 1295 η.»

597 1339 877 1410 Palpebra:
908 1338 1145 1401 Domini,
1176 1339 1394 1393 occulta
1426 1334 1731 1407 spiritualia
1765 1333 1818 1387 in
1848 1333 2049 1389 divinis
2078 1332 2366 1403 praeceptis
2396 1334 2677 1405 mysteria.
2703 1332 2759 1387 ιη
2788 1335 3002 1405 psalmo
3031 1334 3072 1364 ¹⁷
3099 1352 3112 1387 :
3141 1354 3160 1386 ‹
3183 1332 3464 1404 Palpebrae
3488 1336 3609 1406 ejus
3637 1336 3811 1391 inter.

524 1443 747 1504 rogant,
782 1435 883 1488 hoc
917 1442 999 1487 est
1030 1433 1442 1503 probant,ﬁlios
1469 1432 1776 1486 hominum.
1801 1449 1819 1481 ι

598 1526 869 1579 Odoratus
910 1526 1148 1595 Domini,
1186 1526 1477 1581 delectatio
1502 1526 1621 1596 ejus
1647 1525 1701 1579 in
1731 1524 2092 1589 orationibus,
2127 1522 2243 1578 sive
2271 1523 2531 1593 operibus
2570 1536 2909 1581 sanctorum.
2945 1526 3003 1581 In
3040 1528 3240 1584 Genesi
3272 1527 3349 1579 ‘8:
3378 1544 3396 1577 ι
3422 1526 3811 1597 Odoratusque

524 1630 605 1674 est
634 1615 904 1674 Dominus
937 1620 1161 1675 odorem
1194 1619 1503 1674 suavitatis.
1526 1637 1543 1669 ι

600 1710 673 1765 0s
721 1712 961 1778 Domini,
991 1712 1164 1765 Filius
1206 1711 1327 1781 ejus
1348 1753 1362 1776 ,
1394 1712 1481 1765 vel
1519 1727 1702 1766 sermo
1736 1712 1802 1766 ad
1835 1711 2112 1767 homines.
2148 1710 2205 1765 ln
2237 1711 2503 1782 propheta
2536 1729 2549 1765 :
2582 1730 2599 1761 ι
2624 1709 2699 1767 Os
2743 1711 2962 1767 Domini
3002 1712 3243 1768 lowtum
3280 1725 3365 1768 est
3395 1714 3511 1779 ¹⁹;›
3548 1722 3602 1768 et
3629 1709 3762 1767 alibi
3788 1726 3809 1768 ε

532 1825 550 1857 ι
583 1804 656 1861 Os
679 1806 803 1876 ejus
838 1808 904 1861 ad
943 1806 1282 1862 iracundiam
1310 1815 1747 1875 provocaverunt
1776 1808 1842 1859 ὀ.
1869 1825 1886 1858 ι
2296 1802 2299 1805 λ

593 1896 805 1967 Lingua
840 1897 1088 1965 Domini,
1119 1897 1358 1967 Spiritus
1396 1899 1517 1969 ejus
1544 1910 1791 1953 sanctus.
1830 1897 1886 1951 ln
1918 1896 2164 1967 psalmo:
2199 1916 2217 1949 ι
2247 1895 2458 1968 Lingua
2488 1913 2610 1952 mea
2641 1898 2888 1954 calamus
2912 1900 2979 1951 “.
3004 1918 3022 1951 ι

599 1988 791 2043 Facies
815 1990 1054 2058 Domini,
1080 1993 1327 2046 ostensio
1351 1991 1491 2061 ejus.
1527 1989 1580 2044 In
1604 1988 1794 2044 Exodo
1822 1993 1866 2022 "
1892 2008 1906 2044 :
1938 2008 1955 2041 ι
1986 1989 2178 2047 Facies
2207 2006 2327 2046 mea
2358 1991 2625 2062 praecedet
2659 2002 2738 2058 te;
2764 2010 2782 2041 ι
2818 2000 2871 2046 ct
2896 1992 2949 2045 in
2978 1993 3284 2063 propheta:
3317 1992 3403 2050 1F
3407 1993 3555 2050 acies
3585 1993 3812 2052 Domini

516 2079 703 2139 divisit
730 2097 826 2136 eos
853 2082 918 2135 ²⁸.
944 2101 963 2134 ι

602 2168 825 2226 Verbum
856 2172 1093 2238 Domini,
1124 2173 1317 2231 Filius.
1349 2175 1405 2230 In
1440 2176 1651 2245 psalmo
1678 2192 1692 2229 τ
1721 2193 1740 2226 ι
1769 2173 2050 2230 Eructavit
2079 2190 2177 2229 cor
2204 2191 2388 2231 meum
2416 2177 2645 2231 verbum
2678 2177 2883 2231 bonum
2905 2177 2971 2233 “.
2994 2196 3014 2230 ›

587 2269 880 2324 Brachium
928 2269 1167 2337 Domini,
1194 2270 1391 2337 Filius,
1425 2286 1523 2340 per
1553 2285 1718 2340 quem
1771 2270 1959 2324 omnia
1998 2278 2262 2340 operatus
2293 2279 2397 2325 est.
2430 2270 2485 2324 ln
2516 2272 2783 2341 propheta
2832 2269 2975 2325 Isaia
2998 2271 3045 2303 "
3073 2294 3084 2328 :
3114 2291 3133 2325 ‹
3163 2272 3229 2327 Ει
3262 2274 3552 2332 brachium
3584 2276 3806 2335 Domini

517 2371 605 2427 cui
640 2368 942 2424 revelatum
978 2368 1096 2421 est?
1118 2386 1137 2418 ι

590 2461 823 2519 Dextera
863 2458 1103 2522 Domini,
1138 2457 1191 2511 id
1217 2465 1303 2512 est
1342 2456 1539 2519 Filius,
1568 2457 1662 2526 qui
1691 2464 1745 2511 et
1779 2470 1943 2525 supra
1978 2454 2031 2509 in
2066 2456 2320 2526 psalmo:
2357 2474 2379 2509 ι
2410 2455 2642 2511 Dextera
2676 2454 2890 2512 Domini
2924 2454 3053 2509 fecit
3087 2457 3342 2515 virtutem
3365 2461 3432 2515 ".
3456 2478 3479 2515 ι

589 2553 826 2608 Dantem
858 2552 1099 2618 Domini,
1132 2552 1330 2607 electio
1354 2551 1556 2605 omnis.
1600 2547 1673 2604 Ut
1702 2550 1757 2603 in
1793 2548 2220 2604 Deuteronomio
2249 2550 2295 2583 ’⁷
2323 2568 2339 2605 :
2370 2567 2388 2602 ι
2415 2548 2473 2603 1η
2508 2550 2730 2604 dextera
2760 2552 2882 2621 ejus
2917 2552 3072 2622 ignea
3104 2554 3212 2607 lex.
3238 2572 3256 2603 ι

590 2651 707 2705 Ala:
742 2650 979 2717 Domini,
1014 2647 1285 2719 protectio
1317 2647 1525 2702 divina.
1558 2644 1615 2699 In
1649 2645 1863 2715 psalmo
1886 2646 1931 2677 ’⁸
1960 2664 1972 2699 ;
2004 2663 2022 2696 ‹
2056 2643 2113 2698 1η
2144 2644 2337 2699 umbra
2363 2645 2574 2699 alarum
2604 2654 2821 2699 tuarum
2859 2647 3112 2714 sperabo.
3136 2662 3155 2694 ι

590 2739 823 2811 Scapula
866 2742 1104 2807 Domini,
1135 2740 1323 2795 divina
1357 2740 1622 2808 potentia,
1650 2753 1757 2807 qua
1800 2746 2018 2807 portare
2045 2738 2303 2810 dignatur
2335 2736 2604 2792 intirmos.
2629 2736 2687 2790 lu
2726 2736 3153 2793 Deuteronomio
3179 2739 3223 2769 ³³
3250 2756 3263 2792 :
3294 2757 3311 2790 ι
3344 2738 3598 2810 Suscepit
3620 2754 3719 2796 eos
3752 2749 3809 2799 et

516 2834 875 2903 superposuit
902 2833 1145 2902 scapulis
1172 2832 1311 2886 suis.
1335 2849 1352 2881 ι

592 2926 785 2981 Manus
812 2925 1049 2991 Domini,
1074 2925 1261 2980 divina
1293 2923 1563 2995 operatio.
1593 2921 1651 2975 ln
1681 2922 1981 2993 propheta:
2014 2939 2031 2973 ι
2056 2919 2250 2976 Nonne
2280 2936 2478 2976 manus
2507 2936 2642 2975 meae
2672 2920 2917 2977 fecerunt
2946 2923 3063 2977 hinc
3094 2922 3278 2977 omnia
3310 2923 3393 2977 '°?
3418 2943 3436 2976 ι

591 3021 805 3092 Digitus
854 3019 1095 3086 Domini,
1130 3019 1371 3091 Spiritus
1418 3027 1665 3083 sanctus,
1694 3017 1855 3085 cujus
1892 3016 2212 3085 operatione
2260 3015 2459 3070 tabula:
2500 3015 2634 3085 legis
2665 3016 2720 3069 in
2751 3015 2941 3071 Exodo
2965 3015 3007 3047 "
3037 3018 3254 3086 scriptae
3286 3014 3604 3072 referuntur
3629 3036 3643 3072 :
3664 3026 3717 3072 ct
3746 3017 3802 3072 in

517 3117 815 3188 Evangelio
848 3116 892 3148 ³³
927 3134 940 3169 :
976 3135 993 3166 ι
1023 3114 1079 3169 Si
1107 3129 1207 3185 ego
1233 3114 1285 3167 in
1316 3112 1489 3183 digito
1516 3110 1611 3165 Dei
1635 3111 1798 3181 ejicio
1820 3110 2112 3165 daemonia.
2141 3129 2158 3160 ι

589 3209 764 3280 Digiti
799 3208 1040 3271 Domini,
1072 3206 1353 3278 legislator
1395 3204 1633 3274 Moyses,
1680 3204 1795 3258 sive
1828 3203 2126 3272 prophetae.
2160 3200 2223 3255 ln
2267 3202 2482 3272 psalmo
2516 3201 2562 3233 ⁸³
2593 3221 2605 3255 :
2637 3220 2655 3253 ι
2687 3200 2895 3259 Videbo
2934 3204 3125 3273 cmlos,
3153 3224 3172 3257 ›
3210 3206 3317 3261 hoc
3352 3215 3439 3262 est
3462 3207 3636 3263 libros
3668 3208 3805 3278 legis

513 3313 571 3359 et
601 3302 1021 3373 prophetarum,
1052 3318 1070 3350 r
1101 3314 1269 3369 opera
1299 3298 1594 3369 digitorum
1624 3307 1861 3350 tuorum.
1894 3314 1913 3345 ι

588 3398 869 3469 Sapientia
901 3396 1141 3461 Domini,
1182 3394 1375 3449 Filius.
1421 3390 1479 3445 In
1518 3390 1785 3461 Apostolo
1808 3390 1852 3421 “
1881 3408 1893 3443 :
1929 3408 1946 3440 ε
1972 3388 2230 3445 Christus
2271 3387 2368 3444 Dei
2399 3389 2572 3446 virtus
2604 3397 2659 3445 et
2696 3388 2791 3447 Dei
2830 3388 3142 3461 Sapientia;
3168 3411 3186 3445 ι
3224 3401 3279 3448 et
3311 3392 3367 3448 in
3394 3392 3689 3450 Salomone
3712 3392 3757 3425 ⁸⁸
3785 3412 3800 3448 :

522 3513 540 3545 α
574 3492 851 3562 Sapientia
888 3488 1106 3543 Domini
1144 3487 1363 3558 attingit
1393 3502 1422 3541 a
1449 3485 1555 3540 line
1584 3500 1760 3557 usque
1794 3485 1860 3539 ad
1897 3484 2057 3539 tinem
2090 3484 2326 3539 fortiter.
2352 3502 2370 3535 ι

592 3589 783 3645 Uterus
836 3587 1073 3653 Domini,
1110 3595 1384 3641 secretum
1426 3580 1752 3648 divinitatis,
1798 3596 1866 3636 ex
1914 3597 2026 3651 quo
2073 3580 2272 3635 Filium
2312 3580 2561 3651 protulit.
2613 3578 2672 3634 In
2726 3581 2941 3651 psalmo
2973 3582 3017 3614 ³⁸
3048 3604 3061 3637 :
3094 3602 3111 3635 ι
3145 3583 3222 3639 Ex
3260 3592 3418 3641 utero
3468 3596 3595 3642 ante
3642 3586 3805 3642 Luci-

519 3684 699 3741 ferum
734 3684 897 3755 genui
928 3689 997 3737 te.
1020 3701 1037 3733 ι

588 3778 758 3833 Pedes
788 3777 1029 3842 Domini,
1064 3776 1340 3831 stabilitas
1371 3783 1425 3829 et
1449 3774 1747 3829 aeternitas.
1780 3775 1838 3828 ln
1868 3774 2080 3844 psalmo
2110 3774 2153 3806 ³⁷
2183 3791 2197 3827 :
2227 3793 2243 3824 ι
2276 3772 2341 3827 Et
2370 3772 2547 3842 caligo
2570 3773 2675 3827 sub
2708 3774 2936 3843 pedibus
2962 3773 3101 3845 ejus.
3132 3793 3151 3827 ι

590 3870 832 3924 Thronus
870 3869 1108 3935 Domini,
1136 3869 1339 3939 angeli,
1372 3868 1489 3923 sive
1528 3868 1727 3933 sancti,
1751 3867 1834 3921 vel
1868 3869 1985 3939 ipsa
2012 3867 2275 3939 regnandi
2304 3879 2568 3937 potestas.
2600 3870 2659 3926 ln
2691 3872 2902 3942 psalmo
2932 3872 3013 3924 '3:
3046 3892 3063 3924 ι
3091 3868 3349 3928 Thronus
3376 3882 3524 3941 tuus,
3557 3874 3721 3943 Deus,
3750 3877 3803 3930 in

517 3964 779 4020 saxulum
806 3961 1013 4017 saeculi.
1038 3978 1056 4011 ›

591 4057 778 4122 Sedes,
809 4057 954 4111 idem
989 4053 1139 4124 quod
1174 4066 1362 4122 supra,
1390 4050 1567 4120 angeli
1599 4051 1685 4105 vel
1716 4051 1915 4119 sancti,
1941 4050 2090 4122 quod
2130 4051 2186 4106 iu
2222 4052 2310 4108 his
2343 4051 2605 4109 Dominus
2629 4054 2834 4110 sedeat.
2865 4054 2924 4110 in
2964 4056 3179 4127 psalmo
3207 4058 3253 4091 ³ο
3283 4076 3343 4113 :c
3366 4059 3632 4115 Dominus
3663 4062 3809 4119 sedit

516 4166 682 4222 super
718 4150 903 4205 sedem
940 4156 1187 4203 sanctam
1220 4161 1399 4201 suam.
1425 4163 1443 4194 ι

588 4246 882 4300 Descensus
924 4242 1165 4306 Domini,
1202 4240 1447 4295 visitatio
1482 4237 1602 4308 ejus
1635 4238 1705 4293 ad
1741 4239 2013 4295 homines.
2061 4237 2218 4295 Sicut
2265 4240 2318 4294 in
2365 4239 2683 4296 Micluea“:
2710 4261 2727 4293 ‹
2764 4243 2904 4297 Ecce
2932 4240 3201 4297 Dominus
3240 4240 3549 4311 egredietur
3581 4242 3649 4298 de
3684 4244 3810 4300 loco

517 4355 641 4405 suo,
668 4338 961 4393 descendet
994 4336 1330 4391 conculcans
1361 4343 1604 4389 extrema
1636 4342 1813 4388 terrae.
1839 4352 1858 4385 ι
1892 4334 2047 4401 Item,
2077 4336 2132 4388 in
2170 4335 2370 4389 malam
2417 4344 2649 4405 partem.
2688 4334 2746 4390 ln
2788 4335 2990 4393 Cenes.
3025 4337 3065 4367 ⁸¹
3102 4355 3115 4390 :
3152 4354 3170 4385 ι
3203 4333 3496 4389 Descendit
3534 4333 3805 4393 Dominus

518 4444 579 4487 ιιι
609 4432 819 4486 videret
848 4430 1063 4485 turrim.
1090 4448 1109 4480 ι

590 4526 849 4581 Ascensus
883 4524 1124 4589 Domini,
1152 4523 1386 4578 elevatio
1422 4521 1663 4578 hominis
1692 4522 1959 4592 assumpti
1985 4538 2015 4577 a
2047 4531 2194 4579 terra
2224 4523 2278 4578 in
2307 4523 2499 4578 crelos.
2532 4520 2590 4577 ln
2620 4522 2836 4593 psalmo
2861 4521 2907 4553 ‘1
2933 4540 2949 4576 :
2981 4540 2999 4572 ι
3031 4519 3135 4587 Qui
3165 4520 3412 4575 ascendit
3439 4534 3605 4590 super
3632 4521 3805 4576 caelos

514 4620 781 4676 cmlorum
809 4619 875 4673 ad
903 4618 1192 4672 orientem.
1224 4635 1242 4667 ι

585 4711 742 4766 Stare
767 4710 1005 4777 Domini,
1038 4710 1300 4780 patientia
1335 4708 1661 4774 divinitatis,
1685 4724 1779 4778 per
1804 4725 1969 4778 quam
1997 4720 2319 4779 peccatores
2351 4709 2418 4765 ad
2446 4709 2824 4780 paenitentiam
2852 4708 3110 4763 sustinet.
3148 4705 3326 4762 Sicuti
3358 4706 3413 4761 in
3438 4705 3696 4763 Habacuc
3716 4707 3798 4762 υτ

522 4827 539 4857 ι
574 4804 736 4860 Stetit
777 4813 831 4859 ct
869 4819 1096 4859 mensus
1144 4812 1228 4859 est
1276 4812 1517 4870 terram;
1550 4822 1569 4855 ι
1620 4813 1674 4858 et
1721 4804 1776 4858 in
1826 4803 2125 4873 Evangelia
2157 4804 2202 4835 “
2239 4821 2303 4858 ε(
2336 4801 2498 4860 Stetit
2540 4802 2703 4860 Jesus
2742 4814 2797 4859 et
2837 4804 3006 4873 jussit
3058 4816 3187 4857 eum
3231 4802 3455 4869 vocari,
3484 4822 3503 4854 ι
3556 4803 3663 4859 hoc
3715 4812 3802 4859 est

512 4912 740 4953 (118011111.

590 4990 632 5044 Τ
637 4991 872 5045 ransitus
904 4989 1145 5056 Domini,
1180 4991 1485 5061 assumptio
1525 4989 1730 5057 carnis,
1764 5005 1859 5059 per
1888 5006 2053 5060 quam
2086 4990 2386 5056 nascendo,
2415 4992 2722 5055 moriendo,
2749 4989 3111 5061 resurgendo,
3136 4989 3191 5043 in
3237 4988 3407 5044 caelos
3450 4986 3800 5043 ascendendo

511 5083 779 5153 quosdam
805 5084 1072 5138 transitus
1090 5082 1237 5139 fecit.
1272 5083 1333 5137 ln
1368 5084 1595 5139 Cantico
1614 5082 1956 5138 canticorum
1975 5084 2018 5115 “
2047 5103 2059 5138 :
2094 5104 2112 5136 ι
2140 5083 2280 5139 Ecce
2304 5085 2407 5140 iste
2439 5087 2591 5139 venit
2612 5085 2817 5140 saliens
2843 5091 3078 5150 montes,
3109 5082 3425 5137 transiliens
3458 5081 3645 5136 colles.
3668 5100 3686 5133 ι

593 5174 807 5233 Crassus
840 5176 1080 5244 Domini,
1113 5178 1382 5234 adventus
1418 5178 1501 5232 vel
1532 5177 1772 5233 visitatio
1800 5178 1941 5247 ejus.
1980 5178 2037 5232 ln
2072 5180 2305 5249 psalmo.

601 5268 691 5325 Via
723 5269 960 5335 Domini,
1000 5270 1252 5341 operatio
1284 5269 1610 5325 divinitatis.
1653 5267 1819 5335 Sicut}
1847 5270 1901 5323 in
1934 5268 2038 5325 Job
2075 5286 2175 5341 pro
2208 5270 2430 5325 diabolo
2461 5270 2508 5303 “
2536 5289 2550 5325 :
2580 5290 2599 5323 ι
2629 5270 2750 5341 lpse
2779 5280 2864 5327 est
2894 5269 3220 5342 principium
3259 5266 3473 5322 viarum
3509 5266 3745 5325 Domini.
3767 5286 3787 5321 ι

578 5497 636 5571 {‘4
662 5495 798 5551 Dan.
826 5515 941 5571 _vtt,
981 5498 1035 5567 9,
1080 5500 1168 5567 1'5,
1209 5500 1299 5555 22.
1376 5501 1421 5531 ¹⁶
1460 5498 1625 5555 llchr.
1672 5517 1744 5565 tv,
1789 5501 1872 5554 15.
1956 5501 1996 5531 ’⁷
2026 5498 2209 5571 ΝΜ.)

2159 5542 2177 5571 ,Α
2200 5518 2255 5565 x,
2284 5501 2337 5554 5.
2418 5502 2460 5532 ¹⁸
2498 5518 2617 5571 cap.
2652 5518 2771 5567 vin,
2802 5520 2853 5559 v.
2906 5504 2998 5558 21.
3079 5506 3121 5536 ¹⁹
3146 5505 3252 5561 lsa.
3288 5520 3325 5567 ι,
3350 5502 3444 5557 20.
3520 5505 3565 5536 ²⁰
3590 5499 3786 5571 Thrau-

507 5567 663 5643 1,1“8.
691 5639 703 5643 _
744 5572 785 5599 ¹¹
823 5568 973 5643 Psal.
1008 5588 1153 5643 μιν,
1191 5572 1245 5625 2.
1324 5573 1369 5603 ¹²
1397 5587 1515 5640 cap.
1562 5588 1761 5636 χχχιιι,
1804 5588 1857 5625 v.
1905 5571 1985 5643 ML.
2065 5573 2110 5603 ’³

2155 5569 2353 5643 Thr-eu.
2403 5567 2595 5635 Iv,16.
2670 5574 2717 5606 “
2760 5574 2903 5627 Psal.
2945 5591 3090 5635 κων,
3133 5576 3186 5629 2.
3266 5577 3312 5607 ’⁸
3339 5591 3461 5643 cap.
3496 5583 3703 5643 Lm,“
3736 5568 3786 5620 1.

507 5616 552 5667 ’ἒ
585 5636 728 5695 Psal.
758 5642 1045 5713 cxvii,16_.
1138 5616 1183 5673 ἶ⁷
1209 5658 1330 5712 cap.
1375 5616 1571 5702 XXX'HI,
1618 5660 1670 5695 γ.
1718 5616 1774 5696 2’.
1874 5642 1919 5674 ’⁸
1954 5640 2099 5713 Psal.

2154 5659 2250 5713 Wl.
2282 5642 2336 5697 2ο
2366 5712 2371 5713 ί
2438 5616 2481 5676 ’τ’
2508 5661 2627 5713 Cap.
2658 5661 2858 5709 xxxiii,
2897 5646 2984 5699 12.
3063 5616 3107 5677 ³’⁰
3141 5646 3246 5700 lsa.
3286 5616 3439 5711 vai':
3466 5646 3521 5700 2.
3574 5616 3785 5713 ξζοτιῃ.

509 5723 781 5785 xxviv_._v.
822 5712 880 5785 Ι.
918 5713 993 5785 _"
1020 5711 1152 5785 Luc.
1184 5708 1387 5785 x1520.
1463 5714 1515 5785 f3
1540 5712 1686 5767 Psal.
1720 5730 1839 5777 vttt,
1876 5714 1930 5767 4.
2012 5714 2057 5785 ³9
2087 5712 2140 5785 1]

2155 5712 2257 5766 lor.
2287 5729 2324 5778 ι,
2353 5712 2443 5767 21.
2524 5708 2589 5746 π’
2615 5715 2740 5785 Sap.
2769 5732 2886 5780 vm,
2933 5716 2983 5769 1.
3060 5716 3105 5747 "
3131 5716 3274 5771 Psal.
3303 5708 3491 5779 Ctx,3.
3646 5708 3786 5785 ESal.

512 5793 645 5839 .vvu,
678 5781 769 5860 lt_i._
840 5782 1060 5860 “HPsaI.
1095 5800 1239 5845 χιιι,
1266 5784 1327 5860 '71
1347 5782 1541 5860 confer
1562 5786 1697 5853 psal.
1725 5802 1776 5860 v,
1813 5801 1967 5860 διικ-
2048 5782 2143 5835 ³⁸1

2153 5785 2263 5838 ’sal.
2295 5786 2521 5860 sunt).
2600 5786 2643 5817 ⁴⁰
2672 5779 2791 5855 cap.
2824 5803 2861 5851 ι,
2888 5787 2941 5860 5.
3021 5786 3064 5820 “
3098 5803 3217 5857 cap.
3246 5802 3323 5855 xi,
3358 5804 3407 5843 v.
3442 5784 3495 5839 3.
3575 5779 3619 5812 “
3644 5779 3784 5835 Psal.

509 5860 679 5912 van,
709 5850 796 5902 51.
873 5851 918 5883 ⁸³
946 5869 1065 5922 cap.
1098 5870 1180 5920 ιιι,
1220 5872 1267 5909 v.
1298 5855 1350 5909 ϐ.
1427 5856 1469 5885 ⁸³
1495 5850 1660 5911 hiare.
1692 5850 1858 5925 x,'/i9.
1935 5857 1980 5889 "
2013 5870 2131 5922 cap.

1323 5855 1350 5908 ἱ.
1427 5856 1469 5885 ⁸³
1495 5850 1660 5911 mare.
1692 5850 1858 5925 x,'/i9.
1935 5857 1980 5889 η
2013 5870 2131 5922 cap.
2163 5869 2224 5923 ιι,
2249 5854 2379 5911 v.8.
2453 5857 2498 5887 ⁵⁸
2526 5872 2645 5927 cap.
2674 5850 2761 5927 xc,
2793 5850 2954 5913 v.11.
