4130 6432
446 358 586 414 ηεδ
1840 366 1964 429 FRA

2066 366 2287 421 lEN'l‘A.
3566 377 3705 433 1226

442 475 572 529 Item
610 495 623 530 :
672 473 783 532 Via:
830 476 1076 545 Domini,
1116 487 1381 550 praecepta
1433 480 1573 551 ejus.
1627 480 1685 536 ln
1731 480 1870 538 Osce
1912 484 1956 513 ’*"
1994 503 2005 535 :
2055 502 2071 533 (
2104 464 2377 549 Quoniam
2417 490 2577 537 rectae
2620 483 2720 539 viae
2770 482 3016 552 Domini,
3067 492 3120 540 et
3159 484 3295 556 justi
3343 488 3703 546 ambulabunt

442 582 496 621 In
536 578 637 623 ei’s.
677 589 695 620 ι

520 662 757 736 Vestigia
786 666 1033 736 Domini,
1065 685 1290 741 operum
1324 679 1657 725 secretorum
1701 670 1875 741 signa.
1913 670 1981 725 Ut
2012 670 2065 724 in
2100 672 2312 741 psalmo
2338 673 2380 704 ⁸³
2405 692 2416 725 :
2442 692 2459 723 ι
2492 670 2557 727 Et
2589 673 2814 743 vestigia
2849 684 2941 728 tua
2975 688 3080 728 non
3117 683 3538 744 cognoscentur.
3568 694 3589 728 ι

506 758 752 830 Cognitio
788 763 1024 833 Domini,
1058 766 1205 836 quod
1238 776 1632 839 cognoscentes
1658 765 1843 821 faciat.
1881 766 1963 820 Ad
1997 765 2277 822 Abraham
2307 768 2351 800 ⁸⁸
2382 788 2392 821 :
2426 765 2621 839 ¢_Nunc
2644 768 2899 839 cognovi,
2932 769 3076 838 quod
3110 769 3305 825 timeas
3328 768 3644 839 Dominum,
3672 791 3691 826 ι

435 851 541 908 hoc
566 863 649 911 est
671 871 1002 928 cognoscere
1034 868 1085 916 te
1114 859 1238 915 feci.

504 945 722 1003 Nescire
746 950 865 1017 Dei,
895 954 1188 1023 reprobare
1218 962 1319 1009 est.
1358 952 1415 1008 In
1452 953 1748 1025 Evangelio
1776 954 1821 985 ⁸ο
1844 972 1855 1006 :
1886 972 1903 1004 ι
1928 951 2127 1009 Nescio
2152 970 2270 1009 vos.
2296 974 2313 1006 ι

503 1039 817 1099 Recordatio
850 1046 1090 1112 Domini,
1137 1048 1514 1106 misericordia
1546 1049 1690 1118 ejus,
1724 1064 1820 1117 per
1848 1064 2013 1117 quam
2050 1049 2262 1117 respuit
2282 1057 2336 1103 et
2361 1049 2652 1104 miseretur
2682 1050 2770 1105 cui
2800 1050 2933 1105 vult.
2983 1049 3074 1104 Sic
3110 1051 3163 1105 in
3189 1048 3388 1107 Genesi
3415 1046 3462 1081 ³¹
3487 1063 3504 1103 :
3534 1065 3555 1102 ι
3586 1048 3693 1104 Βε-

428 1134 687 1191 cordatus
720 1149 803 1193 est
828 1138 1092 1197 Dominus
1115 1140 1259 1209 Noe;
1292 1161 1309 1193 ι
1339 1151 1393 1197 et
1421 1142 1584 1196 alibi:
1616 1161 1633 1193 ‹
1662 1141 1999 1199 Recordatus
2027 1150 2110 1198 est
2135 1141 2399 1196 Dominus
2431 1143 2614 1212 populi
2646 1142 2731 1197 sui
2765 1143 2829 1193 5’.
2859 1161 2877 1193 ι

497 1231 819 1287 Ρωηὶιεηιὶα
866 1235 1103 1305 Domini,
1135 1252 1319 1293 rerum
1364 1237 1617 1292 mutatio.
1652 1237 1807 1292 Sicut
1837 1237 1889 1291 in
1931 1237 2096 1292 Libro
2138 1235 2348 1306 Regum
2374 1238 2419 1269 ⁵⁸
2453 1255 2507 1290 εί
2542 1235 2771 1291 Paenitet
2816 1252 2899 1292 me
2938 1235 3085 1307 quod
3126 1235 3507 1291 constituerim
3555 1231 3688 1287 Saul

424 1338 630 1394 regem.
665 1344 685 1377 ι

499 1418 594 1474 Ira
624 1431 680 1477 et
733 1423 884 1493 furor
915 1426 1150 1491 Domini,
1182 1426 1318 1481 ultio
1360 1424 1668 1480 Divinitatis
1708 1424 1761 1477 in
1792 1430 2111 1493 peccatores
2148 1420 2447 1476 secundum
2476 1418 2770 1473 vindictam
2815 1418 3102 1488 patientisf,
3134 1425 3189 1472 et
3232 1432 3343 1473 non
3383 1415 3685 1473 secundum

422 1514 735 1581 aequitatem
763 1516 1083 1585 judicantis.
1114 1516 1185 1572 Ut
1220 1518 1277 1571 in
1314 1517 1526 1588 psalmo
1556 1517 1604 1549 δι
1629 1535 1643 1571 :
1673 1536 1691 1568 ι
1724 1515 1781 1570 1η
1820 1516 1899 1569 ira
1926 1529 2026 1569 sua
2064 1522 2118 1568 et
2148 1514 2205 1567 in
2238 1513 2423 1567 furore
2458 1526 2561 1566 suo
2584 1511 2933 1565 conturbabit
2958 1526 3075 1565 eos.
3099 1526 3121 1561 ι
3602 1560 3613 1564 -

491 1606 737 1664 Dormire
768 1608 1002 1677 Domini,
1034 1612 1162 1666 dum
1194 1613 1246 1666 in
1276 1612 1639 1682 quorumdam
1673 1610 1957 1664 hominum
1984 1607 2245 1664 cordibus
2268 1606 2403 1661 tides
2428 1604 2549 1673 ejus
2578 1603 2803 1659 minime
2836 1604 3042 1673 vigilat.
3075 1601 3135 1656 In
3164 1601 3377 1671 psalmo
3408 1600 3457 1634 ⁸⁸
3482 1617 3498 1657 ;
3526 1619 3546 1652 ι
3575 1600 3684 1654 Ex-

420 1714 604 1769 surge,
639 1716 808 1771 quare
838 1701 1141 1766 obdormis,
1178 1703 1483 1759 Domine?»

502 1789 710 1860 Vigilia:
742 1791 983 1857 Domini,
1010 1794 1065 1848 in
1094 1794 1390 1849 electorum
1417 1810 1645 1851 suorum
1672 1793 1920 1851 custodia
1957 1807 2053 1864 per
2086 1790 2433 1862 prazsentiam
2472 1788 2779 1845 Divinitatis
2823 1804 3037 1860 semper
3064 1789 3238 1845 adest.
3271 1786 3331 1844 In
3359 1789 3569 1860 psalmo
3590 1790 3676 1843 “z

421 1900 440 1934 ι
468 1882 607 1939 Ecce
646 1901 755 1940 non
786 1886 1104 1942 dormitabit
1131 1904 1306 1959 neque
1341 1889 1667 1945 obdormiet.
1694 1909 1712 1941 ι

486 1981 682 2036 Sedere
708 1981 947 2047 Domini,
973 1999 1225 2055 regnare.
1262 1984 1322 2040 In
1363 1986 1574 2056 psalmo
1598 1964 1671 2039 ‘7:
1699 2005 1716 2037 ι
1747 1983 2014 2039 Dominus
2045 1984 2200 2038 sedet
2230 1995 2396 2051 super
2427 1980 2609 2037 sedem
2644 1987 2888 2033 sanetam
2924 1992 3101 2032 suam.
3126 1995 3144 2027 ι

483 2076 785 2132 Scabellum
836 2078 1068 2146 Domini,
1101 2080 1267 2135 homo
1314 2091 1631 2151 assumptus
1665 2098 1695 2135 a
1730 2080 1918 2145 verbo,
1950 2079 2035 2133 vel
2078 2076 2253 2132 sancti
2296 2075 2436 2145 ejus,
2466 2090 2497 2130 a
2530 2074 2858 2145 quibusdam
2902 2080 3184 2144 putantur.
3238 2069 3294 2125 In
3337 2070 3549 2140 psalmo
3578 2069 3623 2101 ⁵⁸
3657 2085 3675 2125 :

417 2189 436 2221 ι
462 2167 699 2224 Adorate
728 2170 1025 2225 scabellum
1049 2171 1247 2239 pedum
1272 2172 1411 2242 ejus,
1447 2174 1709 2244 quoniam
1739 2180 1991 2227 sanctum
2019 2179 2122 2225 est.
2150 2188 2169 2221 ›

479 2262 789 2315 Ambulatio
837 2262 957 2329 Dei,
980 2262 1269 2319 delectatio
1296 2262 1607 2320 Divinitatis
1648 2262 1705 2318 in
1748 2262 2009 2337 operibus
2050 2259 2349 2315 electorum
2377 2272 2627 2315 suorum.
2655 2256 2713 2310 In
2743 2256 3007 2327 propheta
3031 2258 3075 2289 ⁵³
3104 2275 3116 2309 :
3148 2274 3166 2307 ι
3198 2254 3263 2310 Et
3294 2254 3588 2311 ambulabo
3617 2254 3675 2309 in

472 2355 541 2419 is,
566 2365 621 2409 et
644 2369 740 2409 ero
769 2354 988 2411 illorum
1014 2354 1304 2411 Dominus.
1334 2374 1352 2407 ι

484 2451 633 2505 Tuba
672 2452 790 2517 Dei,
824 2468 929 2508 vox
967 2452 1278 2509 manifesta.
1326 2452 1385 2508 In
1423 2452 1686 2522 Apostolo
1717 2454 1762 2493 ιο
1796 2470 1810 2507 :
1845 2472 1862 2503 ι
1887 2451 1945 2507 ln
1982 2454 2166 2524 jussu,
2194 2460 2247 2508 et
2276 2452 2330 2506 in
2361 2466 2495 2506 voce
2539 2448 2880 2520 archangeli,
2909 2454 2963 2502 et
2998 2442 3053 2496 in
3083 2439 3213 2496 tuba
3244 2437 3341 2495 Dei
3380 2438 3673 2494 descendet

408 2541 475 2599 de
502 2543 664 2599 coelo.
705 2562 723 2593 ι

478 2628 638 2685 Forte
673 2631 765 2686 hic
789 2639 872 2687 est
904 2634 1019 2702 ipse
1044 2633 1133 2688 ille
1158 2632 1428 2689 Mclitonis
1457 2634 1693 2688 maxime
1718 2632 1947 2689 celebris

2066 2649 2109 2688 ξι·
2138 2634 2277 2703 Περὶ
2310 2633 2457 2689 Θεοῦ
2481 2632 2853 2702 ἑνσωμάτου,
2885 2642 3050 2699 quam
3084 2633 3268 2679 tamen
3295 2622 3670 2692 conjecturam

407 2719 517 2774 alio
548 2721 752 2791 scripto
794 2722 1013 2792 alioque
1057 2732 1302 2793 tempore
1345 2724 1598 2780 diducam
1651 2726 1903 2792 uberius,
1939 2734 2101 2795 atque
2130 2741 2201 2781 ex
2234 2726 2353 2796 ipso
2388 2725 2553 2780 etiam
2603 2725 2723 2779 loco
2763 2718 3120 2781 Theodoreti,
3151 2717 3247 2787 qui
3277 2723 3581 2787 tantopere,
3610 2721 3673 2768 ut

408 2809 648 2868 vidimus
685 2827 872 2881 supra,
902 2813 1184 2882 premebat
1210 2813 1483 2870 Melitonis
1521 2813 1931 2880 orthodoxiam,
1960 2814 2105 2869 idem
2146 2816 2475 2869 coutirmare
2513 2810 2851 2865 allaborabo.

432 3003 3654 3030 MM

1612 3176 2442 3267 FRAGMENTUM

1157 3368 1250 3429 Ex
1278 3365 1592 3446 Apologia
1632 3364 1960 3427 Melitonis
2000 3365 2079 3427 ad
2133 3364 2532 3427 Antoninum
2562 3363 2900 3427 Caesarem.

478 3536 705 3600 {Syriace
731 3538 785 3583 et
808 3533 1013 3597 Anglice
1040 3546 1203 3594 nuper
1220 3532 1379 3600 edidit
1410 3532 1473 3600 ρ’
1492 3531 1706 3600 (Σιιι-ειοιι
1725 3532 1775 3600 in
1795 3528 2028 3600 libro_c_ui
2052 3530 2225 3600 titulus
2239 3544 2267 3600 ἐξ.
2287 3526 2604 3600 Spieileginrn
2630 3530 2910 3600 Syriacum,
2932 3529 3156 3590 Londini,
3184 3531 3324 3591 i855,
3348 3544 3399 3595 p.
3424 3529 3589 3580 41-56.

1281 3593 1387 3642 Hoc
1406 3592 1737 3654 fragmentum
1755 3592 1837 3640 hic
1855 3592 2153 3642 exhibemus
2185 3593 2431 3641 latinitate
2447 3592 2698 3642 donatum".
2717 3592 2736 3654 )

411 3757 576 3811 Verba
629 3757 894 3818 Melitonis
946 3762 1244 3835 philosophi
1282 3776 1399 3831 quae
1436 3760 1581 3829 facta
1621 3768 1746 3813 sunt
1788 3775 1969 3813 coram
1999 3766 2047 3823 Α
2075 3768 2284 3830 quanto
2304 3760 2483 3830 major
2519 3760 2731 3816 insania
2751 3759 3165 3815 multorum.Ea
3182 3776 3311 3817 vero
3332 3761 3561 3816 stultitia
3580 3770 3665 3818 est

468 3850 733 3905 Antonino
765 3852 992 3910 Casare.
1031 3854 1101 3907 Et
1142 3854 1406 3909 Caesarem
1433 3852 1697 3905 allocutus
1726 3862 1803 3904 est
1836 3862 1892 3905 ut
1922 3852 1970 3904 ei

465 3942 633 3996 Deum
663 3956 841 4000 notum
863 3948 1079 4017 faceret,
1104 3960 1153 4003 et
1177 3951 1224 4003 ei
1254 3950 1508 4003 indicavit
1537 3950 1677 4002 viam
1704 3948 1966 4015 veritatis,

462 4042 513 4085 et
552 4032 630 4086 sic
657 4031 865 4086 locutus
895 4048 991 4092 est.

462 4120 650 4178 Melite
679 4122 817 4177 dixit
849 4143 862 4179 :
902 4124 1130 4181 Dillicile
1176 4139 1259 4187 est
1304 4131 1357 4185 in
1382 4130 1527 4184 viam
1556 4128 1802 4185 veritatis
1841 4144 1969 4184 eum

394 4214 654 4271 inducere
701 4216 798 4285 qui
833 4232 864 4270 a
901 4217 1064 4288 longo
1092 4227 1336 4289 tempore
1373 4222 1429 4275 in
1470 4236 1659 4277 errore
1690 4230 1964 4285 versatur;

392 4308 497 4363 hoc
534 4315 715 4362 tamen
762 4307 881 4362 ﬁeri
934 4319 1112 4378 potest
1147 4329 1159 4364 :
1195 4311 1473 4367 hominem
1534 4312 1679 4367 enim
1723 4327 1968 4368 errorem

388 4401 673 4471 paululum
730 4412 1115 4471 agnoscentem
1172 4405 1434 4459 continuo
1489 4406 1639 4460 subit
1696 4405 1966 4460 memoria

387 4493 655 4549 veritatis.
681 4493 1156 4559 Quemadmodum
1193 4495 1455 4566 dissipata
1489 4498 1723 4569 caligine
1744 4512 1969 4553 serena-

386 4595 478 4642 tur
514 4588 737 4653 coelum,
765 4588 840 4641 ita
878 4588 1060 4653 homo,
1096 4604 1223 4643 cum
1262 4590 1606 4644 convertitur
1643 4589 1711 4644 ad
1753 4588 1923 4642 Deum
1950 4628 1965 4652 ,

387 4683 619 4738 solvitur
648 4698 677 4735 a
702 4681 843 4737 facie
871 4682 990 4752 ejus
1030 4683 1229 4737 nebula
1260 4684 1467 4736 erroris
1493 4685 1595 4737 sub
1619 4698 1728 4751 qua
1766 4682 1968 4736 latebat

386 4790 599 4831 verum.
638 4774 829 4829 Morbo
861 4774 1005 4828 enim
1042 4775 1127 4831 vel
1156 4776 1409 4830 amentiae
1436 4774 1634 4829 similis
1674 4784 1755 4830 est
1790 4789 1964 4839 error,

387 4879 590 4934 aegrum
622 4866 703 4920 vel
740 4874 1011 4922 amentem
1058 4868 1127 4922 ad
1165 4876 1380 4936 tempus
1431 4866 1729 4933 detinenti,
1764 4867 1966 4922 veritas

390 4967 569 5011 autem
632 4959 861 5013 verbum
912 4960 1134 5014 adhibet
1191 4961 1333 5015 sicut
1372 4960 1570 5016 clavim
1613 4958 1717 5031 [ad
1764 4975 1967 5016 sanan-

388 5050 517 5104 dum
543 5051 683 5123 eos].
707 5050 1045 5107 Dormientes
1072 5068 1134 5107 ex
1175 5052 1491 5125 pergeiacit,
1523 5061 1576 5107 et
1598 5051 1963 5123 expergefacti

388 5144 443 5197 in
470 5144 584 5213 ipsa
612 5143 817 5210 vident,
850 5144 1180 5215 intelligunt,
1202 5154 1256 5202 et
1285 5146 1536 5211 audiunt,
1573 5154 1625 5201 et
1648 5147 1967 5201 discernunt

385 5236 440 5290 id
472 5237 619 5304 quod
640 5246 725 5292 est
754 5237 822 5291 ab
844 5252 911 5292 eo
944 5238 1093 5307 quod
1142 5253 1254 5293 non
1283 5248 1386 5293 est.
1426 5237 1662 5304 Quidam
1697 5239 1842 5293 enim
1886 5238 1969 5292 in-

380 5328 647 5399 justitiam
667 5329 937 5397 justitiam
961 5339 1159 5384 vocant
1193 5338 1247 5385 et
1265 5330 1493 5399 justitize
1519 5330 1647 5399 jura
1670 5329 1821 5384 salva
1848 5342 1968 5383 esse

382 5429 579 5492 putant
605 5421 650 5474 si
676 5437 799 5475 cum
825 5422 1011 5476 multis
1036 5430 1238 5477 errent.
1266 5420 1417 5489 Quos
1446 5422 1524 5477 sic
1546 5430 1840 5476 excusatos
1865 5421 1967 5473 ha-

382 5515 509 5569 bere
533 5529 636 5566 non
666 5528 912 5582 possum.
935 5512 991 5566 Si
1010 5514 1156 5567 enim
1182 5514 1347 5568 unius
1373 5527 1572 5582 magna
1590 5522 1673 5566 est
1703 5511 1955 5575 stultitia,

452 5671 496 5703 ‘7
527 5686 575 5726 c.
614 5687 723 5733 xw,
753 5687 803 5723 v.
842 5671 920 5725 lO.
997 5672 1041 5702 ‘3
1064 5671 1206 5725 Psal.
1237 5670 1557 5734 Lxxvnﬂo.
1630 5669 1675 5701 ‘9
1702 5667 1835 5723 Gen.
1867 5684 2004 5732 xx",
2034 5668 2118 5720 i2.
2195 5668 2241 5698 ⁸ο
2266 5665 2397 5718 Luc.
2434 5680 2555 5728 xui,
2583 5664 2655 5719 25

1674 5740 1720 5771 ⁵⁸
1750 5738 1914 5808 Psal._
1934 5736 2201 5808 XLlll,‘23.

386 5742 469 5795 12.
546 5743 635 5794 ⁸³1
668 5740 798 5810 Reg.
829 5758 915 5806 xv,
946 5742 1030 5794 H.
1109 5742 1156 5773 “
1189 5742 1335 5796 Psal.
1395 5740 1451 5803 ‘2,
1487 5743 1520 5794 ἒ)

380 5820 501 5887 Ctx,
572 5818 619 5873 l.
695 5805 965 5866 l"'Ezech.
1000 5828 1211 5877 xxxv",
1237 5813 1325 5865 27.
1404 5813 1493 5865 ⁶⁰Ι
1525 5812 1721 5866 'l‘bess.
1752 5805 1939 5878 1v,15.

681 5911 951 5971 ΡΑτιιοι..
1017 5912 1137 5974 Gn.
1177 5912 1247 5971 V-

2074 3869 2237 3923 quam
2264 3854 2388 3909 dico
2412 3862 2470 3908 ut
2493 3854 2657 3909 homo
2682 3869 2714 3907 a
2734 3853 2963 3907 veritate
2985 3854 3205 3908 recedat
3225 3864 3277 3908 et
3296 3853 3429 3908 illud
3452 3854 3661 3923 ample-

2073 3953 2253 4000 ctatur
2295 3947 2442 4016 quod
2481 3961 2609 4000 vere
2660 3960 2769 3999 non
2813 3955 2915 4000 est.
2952 3945 3011 3999 Id
3056 3954 3236 4001 autem
3274 3956 3359 4003 cst
3404 3949 3547 4017 quod
3580 3956 3663 4003 est

2071 4053 2222 4101 vere,
2258 4047 2311 4091 et
2334 4037 2651 4091 nominatur
2681 4035 2844 4103 Deus,
2875 4046 2929 4091 et
2951 4045 3054 4092 est.
3090 4035 3286 4093 Omnia
3320 4039 3523 4093 virtute
3538 4040 3661 4108 ejus

2074 4132 2382 4198 exsistunt;
2411 4130 2527 4201 ipse
2558 4144 2841 4199 nunquam
2874 4129 3052 4185 factus
3089 4139 3173 4185 est
3203 4145 3303 4185 nec
3325 4130 3541 4186 initium
3568 4131 3652 4185 ha-

2072 4224 2212 4289 buit,
2242 4224 2335 4279 sed
2363 4232 2447 4278 est
2467 4224 2549 4277 ab.
2573 4231 2777 4277 aeterno
2804 4230 2859 4277 et.
2887 4238 3062 4292 usque
3094 4222 3152 4275 in
3185 4222 3383 4277 saecula
3409 4240 3424 4287 ;
3457 4222 3657 4277 immu-

2071 4317 2257 4373 tabilis
2282 4326 2468 4371 manet
2493 4316 2623 4370 dum
2661 4326 2859 4370 cuncta
2884 4323 3202 4370 mutantur:
3233 4328 3336 4369 nec
3370 4314 3544 4369 oculis
3576 4312 3657 4366 vi-

2072 4407 2211 4471 deri,
2246 4422 2347 4461 nec
2378 4407 2712 4476 cogitatione
2765 4405 3188 4476 comprehendi,
3241 4420 3345 4459 nec
3374 4405 3538 4460 verbo
3560 4420 3657 4459 ex-

2071 4501 2236 4569 primi
2260 4507 2460 4569 potest.
2497 4500 2582 4554 Ab
2614 4499 2682 4553 iis
2711 4498 2807 4568 qui
2852 4507 3196 4569 cognoscunt
3238 4510 3292 4552 et
3312 4506 3499 4552 amant
3527 4512 3655 4554 eum

2073 4602 2305 4648 vocatur
2348 4592 2510 4647 Pater
2548 4600 2601 4647 et
2650 4590 2796 4645 Deus
2826 4607 3010 4646 verus.
3058 4590 3115 4645 Si
3150 4591 3278 4659 quis
3309 4605 3441 4659 ergo
3468 4605 3497 4643 a
3532 4590 3656 4643 luce

2070 4680 2330 4735 recedens
2376 4679 2523 4733 dicat
2549 4693 2669 4732 esse
2701 4676 2870 4730 Deum
2911 4676 3084 4729 alium
3111 4715 3124 4739 ,
3151 4676 3527 4744 quodcunque
3568 4674 3655 4727 in-

2072 4772 2296 4841 telligat,
2333 4770 2697 4825 substantiam
2739 4778 2979 4821 creatam
3010 4776 3171 4820 vocat
3210 4765 3403 4820 Deum.
3438 4764 3492 4818 Si
3525 4765 3652 4834 quis

2070 4866 2215 4918 enim
2250 4865 2428 4933 ignem
2465 4870 2557 4916 aut
2586 4876 2787 4930 aquam
2808 4868 2969 4914 vocat
2993 4859 3318 4922 Deum,non
3360 4866 3445 4912 est
3482 4856 3649 4921 Deus,

2071 4956 2201 5026 quia
2246 4954 2386 5024 ignis
2416 4962 2498 5008 est
2529 4960 2625 5005 aut
2656 4966 2832 5020 aqua;
2862 4959 2917 5005 et
2955 4951 2998 5005 si
3038 4958 3237 5004 terram
3287 4956 3382 5003 aut
3409 4949 3648 5012 coelum,

2072 5048 2243 5103 solem
2289 5056 2383 5101 aut
2413 5046 2599 5099 lunam
2638 5052 2733 5098 aut
2757 5043 3061 5112 quamlibet
3091 5056 3159 5095 ex
3192 5041 3278 5095 his
3315 5041 3507 5103 stellis,
3527 5056 3651 5110 qua:

1997 5108 2039 5162 Β
2070 5138 2191 5193 sine
2228 5134 2641 5191 intermissione
2670 5132 3048 5202 praescriptum
3083 5145 3308 5186 cursum
3356 5129 3651 5184 absolvunt

2068 5246 2171 5285 nec
2204 5230 2425 5299 propria
2449 5228 2735 5282 voluntate
2767 5234 3091 5290 moventur;
3117 5233 3171 5278 et
3215 5224 3263 5277 si
3295 5223 3422 5292 quis
3451 5236 3648 5276 aurum

2066 5329 2120 5377 et
2139 5329 2425 5391 argentum
2453 5319 2586 5372 deos
2616 5324 2796 5382 vocat,
2831 5329 2944 5369 non
2974 5324 3104 5369 sunt
3163 5313 3262 5379 dii,
3300 5312 3647 5383 quandoqui—

2066 5416 2189 5469 dem
2218 5414 2299 5468 eis
2327 5413 2535 5467 utimur
2558 5411 2621 5465 ad
2642 5411 2854 5464 libitum
2873 5416 3122 5462 nostrum
3142 5425 3155 5473 ;
3176 5415 3229 5461 et
3252 5407 3296 5461 si
3322 5407 3529 5478 lignum
3545 5407 3651 5460 hoc

2067 5506 2215 5574 quod
2265 5504 2632 5567 comburitur,
2689 5502 2735 5557 si
2772 5500 2979 5570 lapides
3025 5500 3115 5555 isti
3159 5499 3253 5556 uui
3294 5497 3646 5567 franguntur,

2750 5666 2794 5696 ⁸¹
2826 5679 2874 5717 c.
2907 5678 3026 5725 vm,
3059 5676 3109 5712 v.
3156 5661 3207 5713 1.
3283 5660 3329 5691 ⁵²
3364 5657 3558 5711 Esther
3588 5672 3647 5721 ι,
3714 5650 3719 5655 ’

2289 5738 2333 5767 ⁵⁵
2356 5735 2501 5790 Psal.
2535 5726 2659 5801 CXX,
2717 5735 2769 5788 4.
2846 5734 2890 5765 ⁵⁷
2921 5731 3065 5786 Psal.
3093 5746 3245 5790 XLVI,
3291 5729 3343 5783 9.
3420 5728 3466 5758 ⁸⁸
3496 5726 3646 5783 Psal.

3330 5895 3407 5951 39
