4130 6410
463 320 485 376 1
496 320 596 375 927

1525 308 1586 364 Β.
1624 305 1879 362 MELITO
1916 298 2221 361 SARDIUM
2257 298 2653 357 EPISCOPUS.

3573 291 3596 343 1
3608 290 3712 344 228

460 431 740 502 quomodo
768 430 883 485 hac
908 429 980 484 dii
1004 429 1189 483 haberi
1216 436 1458 498 possent,
1501 417 1941 498 quandoquidem
1971 424 2036 479 ad
2068 429 2114 484 A
2142 423 2273 495 quia
2302 421 2591 478 aediﬁcavit
2619 432 2799 473 arcem
2825 415 3186 477 Athenarum,
3209 419 3264 466 et
3286 410 3414 465 fecit
3435 409 3510 464 ibi
3530 424 3715 480 regem

462 540 601 580 usus
630 531 848 579 nostros
892 522 1238 575 adhibentur.
1268 519 1443 586 Quam
1484 519 1720 589 graviter
1749 535 1879 589 ergo
1914 518 2031 572 cul—

462 616 628 687 pandi
680 622 808 669 sunt
851 614 925 666 illi
963 613 1057 682 qui
1093 612 1187 666 Dei
1212 613 1396 682 magni
1432 611 1555 665 loco
1581 626 1675 665 eas
1706 627 1792 665 res
1825 616 2039 680 ponunt

463 723 604 775 quas
633 705 868 761 creavit!
904 704 1017 775 Ego
1048 719 1179 759 vero
1222 705 1347 759 dico
1377 722 1389 756 :
1421 702 1653 769 Quando
1687 704 1896 757 homini
1928 717 2037 755 non

464 810 549 855 est
582 799 879 854 revelatum
898 841 911 863 ,
936 814 1034 853 nec
1068 798 1184 867 ipse
1208 797 1562 866 deprehendit.
1589 805 1870 851 creaturas
1902 795 2040 850 istas

465 883 700 941 Domino
726 886 1028 956 subjacere,
1065 884 1249 940 forsan
1272 887 1429 955 culpa
1459 895 1627 950 caret,
1667 886 1871 940 nemini
1893 885 2039 939 enim

466 977 863 1046 vituperandus
896 992 1073 1032 cacus
1104 978 1251 1047 quod
1282 978 1526 1033 titubans
1587 978 1827 1043 incedit;
1857 977 1930 1031 ita
1951 978 2042 1032 ho-

467 1069 645 1123 mines
681 1084 805 1123 cum
831 1080 1141 1139 quarerent
1173 1067 1343 1123 Deum
1369 1068 1714 1123 offenderunt
1744 1069 1797 1121 in
1834 1068 2041 1137 lapides

466 1170 522 1215 et
562 1161 769 1231 lignum
800 1180 813 1227 ;
868 1170 921 1215 et
948 1162 1041 1230 qui
1076 1162 1217 1215 inter
1258 1178 1354 1217 eos
1391 1162 1596 1216 divitiis
1625 1161 1920 1230 pollebant,
1955 1159 2042 1214 of-

466 1246 832 1302 fenderuntin
860 1265 1053 1303 aurum
1080 1260 1131 1303 et
1164 1264 1483 1321 argentum;
1519 1260 1570 1305 et
1610 1252 1689 1305 sic
1718 1250 1863 1321 quod
1897 1265 2045 1320 qua-

467 1338 660 1393 rebant
682 1353 789 1391 non
820 1338 1165 1395 invenerunt.
1194 1340 1354 1396 Nunc
1385 1357 1515 1397 vero
1546 1356 1671 1396 cum
1698 1357 1802 1396 vox
1836 1341 1891 1395 in
1916 1341 2044 1395 uni-

467 1445 625 1485 versa
660 1440 801 1486 terra
849 1436 1248 1489 eircumsonuit
1279 1450 1399 1490 esse
1428 1434 1597 1489 Deum
1631 1451 1845 1503 verum,
1872 1444 1927 1490 et
1949 1418 2045 1490 da-

466 1534 556 1580 tus
581 1537 664 1581 est
693 1527 841 1580 omni
872 1527 1080 1581 homini
1109 1530 1305 1583 oculus
1340 1540 1399 1584 ut
1437 1530 1664 1593 videret,
1694 1530 1731 1583 ii
1780 1545 1887 1584 non
1929 1544 2047 1583 am-

464 1616 612 1685 plius
664 1626 793 1672 sunt
850 1621 1149 1675 excusandi
1186 1623 1300 1690 qui,
1355 1624 1498 1693 quod
1542 1624 1696 1678 muiti
1740 1640 1865 1679 cum
1910 1624 2046 1694 ipsis

467 1717 675 1775 errant,
706 1710 851 1764 viam
899 1721 1103 1766 rectam
1138 1715 1345 1784 ingredi
1377 1757 1390 1780 ,
1418 1717 1521 1771 etsi
1556 1718 1820 1783 volentes,
1850 1717 2045 1772 erube—

467 1810 650 1854 scunt.
708 1800 1049 1873 Quapropter
1106 1808 1396 1861 consilium
1455 1810 1653 1864 damus
1694 1811 1775 1864 eis
1824 1819 1884 1864 ut
1919 1823 2047 1880 ape-
2080 1790 2120 1844 Β

464 1890 613 1944 riant
661 1893 850 1948 oculos
901 1910 1032 1950 suos
1070 1905 1124 1949 et
1150 1896 1401 1964 videant;
1430 1914 1558 1955 ecce
1598 1900 1743 1955 enim
1776 1901 1897 1956 luce
1926 1916 2050 1971 qua

466 1994 580 2036 non
633 1980 773 2038 fallit
825 1985 1346 2045 illuminati’sumus
1381 2000 1437 2045 ut
1466 2006 1562 2061 per
1587 2008 1706 2048 eam
1738 1993 2045 2051 videamus.

468 2070 528 2126 Si
561 2088 688 2129 vero
724 2086 849 2146 post
898 2087 1075 2133 ortam
1126 2082 1303 2136 lucem
1358 2084 1565 2139 claudit
1627 2086 1797 2139 homo
1856 2087 2048 2143 oculos

466 2178 599 2220 suos
629 2182 697 2221 ne
723 2168 924 2233 videat,
968 2170 1034 2225 ad
1082 2171 1287 2227 fossam
1338 2176 1511 2246 pergit
1546 2177 1797 2246 quamvis
1843 2187 2047 2233 rectam

465 2258 609 2311 viam
659 2276 918 2332 sequens.
964 2264 1147 2332 Quare
1176 2270 1322 2322 enim
1367 2270 1533 2324 homo
1564 2272 1619 2326 in
1655 2272 1735 2326 eis
1774 2272 2050 2327 erubescit

467 2355 562 2427 qui
595 2366 783 2411 errant
839 2374 963 2413 cum
1009 2360 1112 2414 eo?
1143 2359 1333 2417 Potius
1372 2378 1467 2418 eos
1500 2364 1723 2419 inducat
1761 2374 1818 2421 ut
1867 2366 2047 2435 ipsum

467 2456 790 2517 sequantur,
828 2460 883 2506 et
934 2453 978 2507 si
1012 2469 1120 2507 non
1162 2457 1519 2525 acquiescant
1545 2498 1558 2521 ,
1588 2457 1779 2512 liberet
1804 2459 2048 2513 animam

466 2560 622 2600 suam
656 2562 685 2599 e
714 2544 893 2599 medio
925 2560 1136 2601 eorum.
1165 2546 1390 2603 Terreni
1422 2550 1672 2605 homines
1693 2550 1823 2606 deos
1846 2567 1876 2605 e
1903 2560 2049 2607 terra

465 2647 640 2692 matre
686 2652 787 2691 sua
841 2637 1186 2692 constituunt
1230 2638 1477 2705 silii;rei
1521 2642 1883 2712 suntjudicio
1917 2643 2048 2697 dum

468 2727 807 2783 immutabile
840 2743 1037 2782 nomen
1092 2729 1257 2785 rebus
1314 2732 1669 2788 mutabilibus
1725 2733 2046 2803 imponunt,

466 2827 519 2871 et
550 2834 657 2872 non
705 2817 1041 2873 erubescunt
1099 2831 1163 2873 ut
1206 2822 1339 2876 deos
1372 2824 1627 2891 ﬁgmenta
1670 2824 1850 2878 colere
1881 2840 2048 2879 manu

468 2910 709 2965 hominis
742 2909 988 2979 factau‘et
1026 2912 1567 2984 audent‘imaginem
1616 2915 1908 2971 eﬁ‘ormare
1938 2915 2049 2973 Deo

467 3020 631 3074 quem
670 3019 781 3058 non
808 3005 1086 3059 viderunt.

540 3095 653 3165 Ego
677 3112 805 3152 vero
828 3112 1020 3151 rursus
1043 3098 1224 3151 dicere
1255 3113 1362 3153 non
1387 3113 1581 3152 vereor
1603 3100 1749 3167 quod
1772 3100 1885 3168 jam
1911 3102 2047 3192 dixi,
2077 3130 2120 3187 ο

468 3186 537 3240 ab
582 3177 687 3242 eis.
719 3186 985 3257 imagines
1046 3203 1234 3259 regum
1293 3198 1637 3244 mortuorum
1698 3190 1935 3245 adorari.
1985 3177 2051 3245 Et

467 3276 647 3345 reipsa
696 3286 886 3331 nostro
933 3278 1113 3332 adhuc
1156 3286 1400 3347 tempore
1453 3278 1723 3351 imagines
1773 3279 2053 3336 Casarum

467 3368 786 3433 adorantur,
806 3376 858 3421 et
889 3370 1060 3439 magis
1077 3368 1331 3423 coluntur
1354 3386 1517 3439 quam
1540 3380 1749 3427 veteres
1767 3371 1842 3425 dii
1866 3374 2047 3443 patrii.

468 3458 696 3515 Tributa
738 3460 901 3514 etiam
947 3471 1000 3514 et
1030 3476 1229 3517 census
1264 3460 1470 3517 Caesari
1511 3464 1821 3531 solvuntur,
1850 3466 2051 3536 quippe

467 3552 560 3621 qui
604 3552 782 3622 major
807 3561 891 3607 est
938 3554 1045 3608 diis
1076 3554 1216 3619 illis;
1251 3555 1459 3611 idcirco
1491 3558 1695 3626 pariter
1728 3568 1907 3613 morte
1932 3560 2051 3630 ple--

469 3650 691 3697 ctuntur
736 3643 829 3712 qui
861 3654 1127 3713 spernunt
1155 3646 1288 3701 deos
1320 3654 1374 3701 et
1404 3630 1907 3705 decretisCasaris
1940 3664 2047 3705 non

469 3736 753 3790 obediunt.
784 3736 933 3791 Alias
951 3738 1114 3792 etiam
1140 3739 1329 3793 eodem
1348 3739 1568 3796 decreto
1591 3750 1857 3797 statutum
1889 3751 1974 3799 est
1997 3753 2051 3798 et

470 3844 629 3897 quem
656 3844 885 3883 censum
926 3831 1317 3902 gazophylacio
1348 3833 1493 3903 regis
1531 3835 1766 3903 pendant
1796 3835 2052 3891 adorato—

468 3936 593 3984 res,
637 3930 693 3975 et
718 3923 849 3991 quid
882 3924 1130 3978 redditus
1160 3923 1391 3979 afferant
1420 3928 1563 3981 sacci
1602 3927 1743 3996 pleni
1788 3944 1931 3997 aqua
1982 3943 2047 3982 ex

467 4012 630 4066 mari.
662 4010 778 4067 Hoc
820 4022 999 4068 autem
1040 4014 1279 4069 maxime
1327 4015 1625 4071 dolendum
1665 4020 1809 4088 quod
1842 4019 1919 4073 illi
1954 4020 2049 4090 qui

468 4104 657 4157 colunt
690 4113 743 4158 et
766 4113 1022 4159 verentur
1058 4120 1120 4160 ea
1152 4121 1274 4175 qua
1320 4108 1573 4163 sensibus
1613 4124 1722 4163 non
1753 4110 2051 4179 capiuntur

470 4194 547 4265 (et
582 4195 635 4249 hi
666 4196 889 4250 maximi
921 4197 1062 4251 inter
1094 4198 1371 4267 sapientes
1406 4200 1578 4265 sunt),
1599 4200 1714 4255 sive
1740 4201 1901 4267 lucri,
1935 4201 2051 4257 sive

470 4301 625 4340 vana
663 4288 869 4357 gloria,
921 4289 1034 4342 sive
1062 4290 1319 4357 potentia
1356 4305 1560 4355 amore,
1590 4292 1658 4346 ab
1682 4293 1875 4347 iisdem
1915 4294 2049 4349 ado-

472 4378 662 4431 randis
698 4379 1076 4447 pusillanimes
1101 4380 1486 4435 dehortantur.
1528 4380 1642 4453 Ego
1664 4398 1794 4437 vero
1835 4392 1894 4438 ut
1919 4400 2049 4438 sen-

475 4468 550 4522 tio
578 4469 753 4523 dicam
784 4480 841 4524 et
868 4472 1167 4540 propalabo
1190 4473 1467 4542 quomodo
1505 4484 1557 4528 et
1600 4477 1802 4545 quibus
1828 4477 1894 4531 de
1921 4492 2052 4532 cau-

472 4562 548 4617 sis
578 4572 772 4617 ereeta
802 4565 913 4618 sint
960 4565 1225 4635 imagines
1280 4568 1499 4638 regibus
1535 4585 1598 4623 ac
1640 4572 1885 4640 tyrannis
1912 4579 1966 4625 et
1992 4580 2052 4625 ut

469 4646 759 4711 dii'habiti
791 4659 916 4713 sint.
948 4660 1163 4715 Herculi
1192 4664 1644 4719 sacrificaverunt
1676 4666 1882 4737 Argivi,
1920 4666 2049 4736 quia

471 4749 707 4818 Argivus
730 4750 864 4820 ipse,
899 4752 1044 4821 quod
1074 4763 1553 4828 pratercamagno
1579 4760 1828 4828 corporis
1854 4759 2052 4814 robore

471 4842 756 4908 praeditus,
792 4844 1046 4899 animalia
1091 4848 1282 4901 nociva
1323 4848 1524 4903 virtute
1553 4865 1650 4904 sua
1682 4851 1916 4917 occidit,
1956 4850 2052 4905 sed

472 4933 646 4986 multo
698 4935 869 5003 magis
927 4937 1055 5005 quia
1092 4939 1360 4993 timebant
1398 4956 1561 5008 eum;
1601 4944 1875 4999 violentus
1904 4946 2050 4999 enim

468 5031 665 5078 eratet
711 5026 971 5082 mulieres
1032 5008 1347 5099 magnai-um
1388 5018 1665 5102 rapiebat;
1701 5035 1858 5090 valde
1904 5037 2051 5090 enim

469 5115 796 5172 libidinosus
811 5127 948 5185 erat,
967 5119 1173 5173 sicutet
1192 5120 1430 5177 Zarades
1462 5123 1647 5191 Persa,
1670 5127 1882 5181 amicus
1902 5127 2044 5195 ejus.

470 5206 789 5287 Dionysium
837 5228 1016 5282 regem
1050 5214 1339 5268 coluerunt
1386 5216 1553 5271 Aetai
1580 5218 1680 5288 (I),
1710 5219 1840 5288 quia
1874 5220 1929 5273 in
1962 5235 2055 5274 eo-

470 5316 591 5353 rum
627 5302 847 5372 regione
876 5306 1038 5359 vitem
1068 5306 1438 5374 plantaverat;
1473 5307 1713 5379 [Egyptii
1749 5309 2051 5380 Josephum

471 5390 778 5457 Hebraum,
824 5397 920 5464 qui
974 5407 1026 5451 et
1080 5396 1333 5467 Serapis,
1373 5402 1502 5470 quia
1547 5402 1916 5472 suppeditavit
1944 5403 2053 5459 illis

470 5482 805 5541 frumentum
849 5489 902 5540 in
954 5492 1115 5546 annis
1146 5495 1421 5561 egestatis.
1468 5494 1854 5551 Adoraverunt
1885 5498 2055 5551 Athe-

472 5576 693 5634 nienses
723 5580 989 5635 Athenam
1018 5583 1184 5640 ﬁliam
1209 5584 1380 5651 Jovis,
1416 5587 1560 5658 regis
1602 5588 1799 5645 insula
1832 5587 2010 5645 Creta
2034 5629 2051 5656 ,

546 5772 619 5841 (l)
658 5774 1037 5834 Athenienses.

2141 518 2508 587 Archetypum
2540 514 2711 567 ﬁlium
2743 526 2926 574 suum,
2962 522 3128 578 quem
3166 506 3432 560 habuerat
3455 518 3522 559 ex
3560 503 3713 558 adul-

2141 611 2281 665 terio
2311 625 2436 664 cum
2473 606 2767 677 Hephasto
2814 602 2995 668 fabro,
3037 600 3151 654 ﬁlio
3177 596 3368 653 uxoris
3401 595 3574 665 patris
3606 594 3715 650 sui.

2142 702 2205 756 Et
2242 701 2390 757 omni
2424 708 2665 769 tempore
2689 694 3007 753 societatem
3041 690 3278 747 habebat
3303 705 3429 745 cum
3464 686 3716 750 Hercule,

2142 796 2272 865 quia
2326 792 2496 847 frater
2518 792 2638 862 ejus
2668 798 2787 845 erat
2818 803 2885 843 ex
2911 795 3066 859 patre
3099 799 3221 839 suo.
3254 781 3395 837 Zeus
3424 780 3570 835 enim
3620 793 3720 832 rex

2144 886 2347 942 amavit
2399 885 2756 939 Alcumenam
2796 895 3023 936 uxorem
3069 877 3386 933 Alcumenis
3422 890 3491 931 ex
3536 876 3717 943 Argo,

2144 988 2198 1033 et
2233 978 2419 1048 genuit
2453 975 2767 1031 Herculem.
2798 973 3181 1027 Adoraverunt
3212 968 3504 1024 Phanices
3538 965 3721 1021 Vene—

2144 1086 2285 1135 rem,
2316 1070 2561 1139 reginam
2592 1066 2795 1138 Cypri‘,
2825 1066 2956 1136 quia
2986 1064 3190 1119 amavit
3221 1062 3522 1117 Adonidem
3546 1060 3720 1114 ﬁlium

2144 1162 2387 1234 Cytheri,
2419 1161 2563 1232 regis
2601 1158 2961 1223 Phanicum;
2998 1173 3143 1228 qua,
3181 1156 3369 1210 relicto
3392 1169 3558 1224 regno
3580 1168 3680 1209 suo
3704 1192 3721 1215 ,

2146 1252 2412 1307 habitavit
2464 1250 2725 1306 Gabalam
2785 1263 2971 1303 arcem
3042 1244 3401 1311 Phanicum,
3447 1252 3503 1299 et
3558 1242 3725 1299 simul

2147 1343 2378 1413 subjecit
2419 1343 2603 1397 omnia
2662 1342 2860 1412 oppida
2915 1356 3015 1396 sua
3073 1340 3313 1411 Cythero
3387 1339 3522 1408 regi.
3583 1337 3727 1391 Ante

2146 1435 2451 1491 Adonidem
2486 1450 2617 1489 vero
2660 1435 2867 1489 amavit
2901 1432 3088 1497 Arem,
3136 1438 3189 1486 et
3222 1429 3579 1501 deprehendit
3601 1443 3724 1484 eam

2147 1528 2473 1599 Hephastus
2522 1527 2755 1583 maritus
2810 1526 2967 1595 ejus,
3009 1534 3063 1579 et
3105 1524 3307 1580 occidit
3335 1521 3633 1577 Adonidem
3668 1520 3725 1574 in

2148 1630 2337 1676 monte
2396 1619 2626 1684 Libano,
2682 1619 2941 1690 Cyniram
3002 1632 3133 1672 vero
3180 1615 3340 1671 vertit
3391 1615 3447 1669 in
3484 1628 3726 1683 -‘aprum.

2150 1713 2348 1768 Postea
2395 1713 2599 1768 mansit
2646 1710 2833 1767 Venus
2888 1712 2943 1765 in
2975 1707 3177 1766 Gabala
3221 1718 3276 1764 et
3306 1716 3523 1763 mortua
3547 1715 3631 1763 est
3670 1707 3728 1760 in

2149 1806 2372 1860 civitate
2405 1805 2649 1875 Aphaca,
2681 1804 2774 1859 ubi
2806 1804 3052 1874 sepultus
3073 1812 3158 1859 est
3182 1802 3411 1857 Adonis.
3448 1800 3726 1855 Adorave-

2149 1905 2277 1950 runt
2323 1894 2573 1950 Elamita
2620 1893 2755 1961 Noe,
2808 1894 2975 1949 filiam
3025 1895 3170 1965 regis
3200 1891 3396 1960 Elam;
3438 1904 3562 1961 qua
3598 1903 3725 1943 cum

2150 1990 2364 2059 captiva
2409 1989 2479 2043 ab
2510 1988 2757 2044 hostibus
2782 1987 2945 2042 ducta
2976 1995 3143 2051 esset,
3180 1984 3311 2039 fecit
3337 1984 3387 2038 ei
3432 1991 3586 2053 pater
3609 1981 3730 2036 ido-

2152 2082 2264 2135 lum
2297 2090 2351 2137 et
2385 2082 2646 2151 templum
2680 2079 2861 2147 Susis,
2891 2082 2948 2135 in
2981 2095 3105 2136 arce
3142 2094 3265 2149 qua
3300 2086 3385 2133 est
3415 2078 3470 2131 in
3497 2075 3725 2146 regione

2150 2172 2323 2227 Elain.
2350 2173 2732 2229 Adoraverunt
2758 2172 2878 2245 Syri
2902 2172 2991 2227 Ati
3022 2172 3411 2235 Adiabensem,
3436 2184 3558 2239 qua
3578 2167 3733 2223 misit

2155 2267 2321 2320 ﬁliam
2355 2266 2511 2320 Balat
2559 2266 2852 2334 medicam,
2890 2274 2943 2320 et
2972 2266 3089 2320 hac
3120 2264 3335 2319 sanavit
3383 2262 3531 2317 Sime
3560 2261 3729 2315 ﬁliam

2152 2357 2359 2415 Hadadi
2392 2359 2539 2430 regis
2585 2359 2789 2431 Syria;
2823 2369 2876 2415 et
2902 2370 3024 2430 post
3065 2358 3326 2428 temporis
3362 2354 3729 2418 intervallum.

2150 2470 2275 2508 cum
2303 2454 2451 2523 lepra
2482 2462 2768 2523 correptus
2804 2452 2999 2507 fuisset
3041 2450 3249 2516 Hadad,
3273 2450 3486 2521 rogavit
3509 2447 3595 2501 Ati
3618 2444 3733 2499 Eli-

2152 2562 2307 2602 seum
2339 2544 2628 2601 Hebraum
2657 2546 2751 2616 qui
2772 2546 2921 2600 venit
2956 2554 3010 2599 et
3042 2544 3259 2599 sanavit
3281 2557 3429 2597 eum.
3454 2540 3732 2594 Adorave—

2151 2650 2280 2693 runt
2304 2638 2468 2692 etiam
2501 2648 2690 2709 gentes
2715 2635 3125 2708 Mesopotamia
3147 2635 3411 2691 Culcham
3448 2632 3730 2686 Hebraant

2152 2747 2274 2800 qua
2304 2731 2554 2786 liberavit
2580 2730 2755 2786 Bacru
2788 2746 2969 2801 regem
3000 2729 3223 2785 Edessa
3248 2728 3314 2783 de
3333 2724 3572 2781 inimicis
3590 2722 3728 2779 suis.

2150 2819 2227 2875 De
2254 2819 2403 2875 Nebo
2426 2837 2555 2876 vero
2578 2820 2671 2891 qui
2695 2829 2781 2875 est
2803 2822 2856 2875 in
2890 2822 3112 2875 civitate
3140 2819 3358 2890 Mabug,
3381 2816 3515 2888 quid
3547 2815 3731 2869 dicam

2152 2913 2333 2979 vobis,
2366 2912 2809 2983 quandoquidem
2849 2927 3043 2966 omnes
3094 2910 3407 2966 sacerdotes
3438 2907 3731 2978 Mabugen-

2154 3020 2238 3059 ses
2273 3012 2473 3057 norunt
2521 3019 2647 3058 eum
2693 3018 2817 3058 esse
2864 3003 3069 3057 idolum
3131 3000 3334 3071 Orphei
3368 2999 3513 3071 magi
3558 2996 3735 3051 Thra-

2154 3098 2272 3161 cis;
2306 3105 2360 3151 et
2397 3095 2617 3151 Hedron
2647 3096 2853 3151 idolum
2884 3105 2969 3151 est
2994 3094 3304 3150 Zoroastris
3325 3093 3471 3163 magi
3492 3090 3731 3153 Persici;

2154 3190 2249 3260 qui
2298 3190 2407 3244 duo
2456 3190 2601 3259 magi
2654 3189 2911 3259 spiritum
2948 3188 3226 3257 impurum
3275 3186 3604 3256 expulerunt
3639 3182 3734 3252 qui

2153 3283 2438 3353 planitiem
2471 3282 2854 3353 Mabugensem
2892 3280 3225 3345 infestabat,
3260 3289 3315 3334 et
3344 3293 3538 3333 eorum
3573 3276 3733 3346 jussu

2155 3374 2305 3430 Sima
2331 3374 2441 3429 ﬁlia
2470 3372 2678 3428 Hadadi
2711 3388 2852 3443 aqua
2877 3388 2907 3427 e
2946 3372 3083 3426 mari
3114 3373 3311 3427 hausta
3361 3370 3504 3424 hanc
3554 3367 3733 3438 plani-

2155 3470 2283 3525 tiem
2325 3468 2569 3537 implevit
2600 3483 2667 3521 ne
2719 3467 2977 3535 deinceps
3008 3472 3331 3536 exsurgeret
3371 3463 3597 3533 spiritus
3642 3460 3730 3514 illc

2155 3576 2392 3630 nequam
2422 3561 2487 3614 ad
2516 3561 2713 3615 iterum
2740 3557 3109 3613 infestandam
3133 3557 3435 3629 regionem.
3468 3556 3558 3609 Sir
3583 3545 3725 3616 ιιι)υά

2152 3654 2337 3708 varias
2373 3661 2563 3723 gentes
2612 3654 2834 3724 regibus
2863 3652 2932 3707 ab
2975 3650 3358 3706 adoratoribus
3385 3656 3573 3700 eorum
3621 3647 3731 3692 sta-

2153 3756 2262 3803 tua
2292 3748 2486 3816 posita
2536 3755 2693 3813 sunt;
2736 3745 2829 3801 sed
2860 3744 2926 3799 de
2958 3745 3044 3799 his
3087 3744 3322 3814 amplius
3362 3735 3603 3794 scribere
3640 3746 3733 3785 su-

2153 3840 2534 3912 persedemus.

2225 3933 2305 3989 Tu
2334 3948 2463 3988 vero
2501 3932 2595 4003 qui
2622 3940 2806 3987 mente
2846 3931 3017 3988 libera
3045 3928 3320 4002 gloriaris,
3344 3922 3389 3976 si
3411 3917 3526 3975 veri
3544 3917 3733 3988 cogni-

2154 4037 2241 4083 tor
2265 4027 2349 4081 vis
2374 4026 2605 4091 haberi,
2641 4025 2799 4080 stude
2830 4034 2891 4080 ut
2929 4023 3054 4079 talis
3103 4023 3179 4075 sis
3210 4017 3391 4081 intus;
3424 4013 3527 4067 etsi
3568 4026 3735 4065 orna—

2153 4130 2269 4173 tum
2299 4117 2621 4172 muliebrem
2650 4116 2917 4178 indueris,
2944 4108 3167 4167 memini
3192 4118 3244 4163 te
3272 4120 3393 4162 esse
3418 4103 3731 4170 hominem;

2156 4211 2316 4267 crede
2344 4211 2398 4264 in
2430 4225 2554 4264 eum
2588 4210 2683 4279 qui
2713 4223 2839 4262 vere
2868 4206 3014 4260 Deus
3050 4210 3134 4257 est
3163 4212 3218 4257 et
3242 4199 3309 4255 ad
3334 4214 3460 4253 eum
3481 4196 3734 4266 expande

2153 4313 2208 4358 et
2245 4302 2573 4358 commenda
2626 4301 2868 4354 animam
2926 4310 3116 4358 tuam;
3149 4303 3205 4349 et
3256 4293 3373 4363 ipse
3416 4297 3595 4361 potest
3634 4289 3735 4343 tibi

2154 4395 2286 4449 dare
2315 4394 2487 4449 vitam
2524 4400 2787 4446 aeternam
2823 4404 2945 4458 qua
2991 4401 3101 4441 non
3136 4384 3299 4439 habet
3326 4382 3523 4449 ﬁnem;
3555 4380 3735 4435 omni—

2082 4486 2132 4548 D
2158 4496 2353 4556 potens
2376 4486 2521 4540 enim
2544 4495 2648 4538 est.
2672 4482 2901 4551 Reliqua
2929 4494 3055 4533 vero
3078 4478 3176 4532 tibi
3208 4485 3336 4531 sunt
3370 4490 3469 4545 pro
3499 4488 3564 4529 eo
3587 4472 3736 4543 quod

2158 4586 2287 4635 sunt
2317 4576 2639 4633 astimanda
2668 4596 2679 4628 :
2718 4574 2984 4645 imagines
3030 4581 3089 4625 ut
3122 4571 3424 4640 imagines,
3462 4566 3736 4637 sculptilia

2157 4681 2217 4727 ut
2246 4670 2556 4740 sculptilia;
2587 4679 2641 4724 et
2668 4684 2802 4724 cave
2832 4682 2900 4721 ne
2927 4673 3237 4721 creaturam
3272 4677 3447 4732 ponas
3482 4662 3605 4716 loco
3636 4660 3739 4715 Fa-

2158 4764 2346 4820 ctoris.
2388 4762 2532 4818 Deus
2559 4763 2707 4817 omni
2736 4772 2984 4830 tempore
3006 4759 3170 4824 vivit,
3203 4757 3537 4812 intellectum
3580 4764 3734 4809 tuum

2159 4856 2344 4926 implet
2365 4875 2377 4910 :
2398 4856 2705 4910 intellectus
2727 4855 2870 4909 enim
2892 4863 3017 4908 tuus
3042 4851 3333 4921 imaginem
3357 4864 3606 4920 persona
3618 4849 3737 4918 ejus

2158 4957 2544 5017 repraesentat;
2575 4948 2692 5017 ipse
2712 4947 2857 5003 enim
2877 4946 3167 5001 invisibilis
3192 4953 3295 5008 est,
3318 4941 3671 4998 immutabilis
3685 4948 3739 4993 et

2159 5040 2744 5111 incomprehensibiiis,
2774 5048 2829 5095 et
2848 5040 2915 5094 ad
2945 5041 3065 5109 ejus
3088 5048 3280 5093 nutum
3304 5037 3486 5092 omnia
3506 5048 3734 5103 corpora

2160 5143 2472 5187 moventur.
2499 5131 2613 5188 Hoc
2637 5148 2768 5203 ergo
2798 5132 2943 5186 scias
2969 5149 2982 5183 :
3015 5131 3060 5184 si
3089 5145 3213 5184 eum
3248 5129 3342 5199 qui
3380 5122 3735 5181 immutabilis

2160 5240 2243 5285 est
2264 5229 2524 5294 colueris,
2554 5228 2697 5282 sicut
2720 5227 2841 5297 ipse
2864 5234 3101 5280 aeternus
3122 5232 3224 5289 est,
3245 5224 3320 5278 ita
3343 5233 3397 5278 et
3420 5231 3497 5287 tu,
3528 5235 3649 5276 cum
3679 5219 3737 5272 il-

2158 5317 2249 5371 lud
2298 5318 2512 5372 visibile
2542 5326 2597 5370 et
2627 5312 2983 5384 corruptibile
3014 5312 3265 5375 exueris,
3294 5312 3343 5364 ei
3378 5311 3431 5363 in
3472 5317 3733 5378 aeternum

2161 5411 2367 5465 astabis
2394 5411 2584 5464 vivens
2616 5417 2669 5462 et
2692 5409 2874 5463 sciens
2899 5446 2913 5471 ,
2947 5415 3000 5459 et
3027 5420 3191 5474 opera
3223 5413 3312 5457 tua
3344 5410 3506 5457 erunt
3530 5400 3628 5455 tibi
3650 5399 3734 5454 di—

2160 5501 2306 5556 vitia
2338 5515 2461 5571 qua
2500 5515 2609 5553 non
2656 5507 2907 5568 pereunt.
2936 5495 3248 5551 Memineris
3290 5502 3474 5548 autem
3507 5506 3735 5561 operum

2162 5602 2383 5649 tuorum
2411 5591 2683 5645 bonorum
2716 5588 2933 5643 initium
2975 5601 3097 5643 esse
3122 5595 3174 5641 et
3201 5584 3619 5639 fundamentum
3644 5579 3740 5638 Dei
