4130 6408
451 302 588 358 I929

1833 316 2281 377 FRAGMENTA.

3567 324 3711 381 ἤδη

446 416 820 486 cognitionem
857 426 910 475 et
980 421 1225 492 cultum;
1264 443 1365 483 nec
1428 429 1581 486 illum
1614 447 1645 485 a
1693 438 1747 485 te
1782 448 2029 502 quaerere
2056 442 2103 497 Α
2131 433 2181 488 Is
2213 433 2359 489 enim
2391 434 2484 503 qui
2533 435 2690 504 longe
2729 443 2813 491 est
2857 449 2889 489 a
2946 435 3253 506 cngnitione
3285 435 3381 491 Dei
3416 435 3543 502 vivi,
3593 439 3708 507 jam

447 511 749 581 quidquam
780 513 848 568 de
875 514 943 570 iis
971 530 1092 585 qtue
1119 535 1227 573 non
1255 532 1383 577 sunt
1418 525 1731 579 necessaria
1774 527 2015 595 cognitu.

445 600 589 667 Quid
635 613 720 658 est
748 602 936 659 Deus?
969 605 1062 662 Ille
1092 610 1186 679 qui
1222 613 1426 669 veritas
1450 623 1533 669 est
1558 624 1611 669 et
1644 616 1869 670 verbum
1900 616 2020 685 ejus

444 695 665 749 veritas.
694 695 834 761 Quid
861 711 989 751 vero
1013 708 1099 754 est
1128 703 1365 759 veritas?
1389 706 1527 760 lllud
1549 707 1692 776 quod
1717 708 2018 763 increatum

442 796 529 841 est
552 797 607 843 et
633 789 970 847 intellectum
1002 803 1259 863 superat;
1301 796 1432 852 illud
1460 798 1606 867 quod
1634 806 1718 854 est
1745 800 1864 855 sine
1914 802 2021 855 iui-

442 881 524 935 tio
576 888 632 935 et
687 884 891 939 veritas
953 887 1280 955 appellatur.
1308 888 1451 956 Ergo
1490 890 1537 945 si
1587 893 1752 946 homo
1804 907 2022 949 creatu—

443 985 562 1024 ram
611 972 837 1040 adorat,
864 976 1151 1031 veritatem
1192 994 1302 1035 non
1343 982 1538 1037 adorat
1578 997 1754 1053 neque
1793 984 2020 1039 verbum

444 1062 710 1118 veritatis.

516 1151 685 1207 Multo
720 1155 874 1224 plura
910 1157 979 1213 de
1002 1159 1105 1215 hac
1138 1175 1198 1216 re
1230 1161 1485 1230 dicerem,
1524 1165 1618 1220 sed
1654 1165 1725 1221 .in
1760 1165 1868 1221 illis
1902 1181 2028 1221 eru-

443 1242 609 1300 besco
639 1246 736 1318 qui
768 1262 877 1302 non
906 1249 1205 1323 intelligere
1250 1265 1482 1323 possunt
1533 1258 1745 1326 seipsos
1790 1258 2025 1328 majores

443 1354 568 1394 esse
601 1340 857 1411 operibus
892 1360 1153 1400 manuum
1204 1363 1426 1403 suarum
1451 1390 1467 1415 ,
1501 1360 1552 1406 et
1584 1351 1678 1420 qui
1714 1367 1822 1407 non
1848 1354 2027 1408 anim—

447 1433 735 1487 advertunt
767 1436 979 1506 seipsos
1011 1438 1142 1494 dare
1185 1455 1378 1495 aurum
1414 1450 1467 1497 et
1499 1452 1781 1513 argentum
1835 1444 2025 1509 fabris,

448 1535 509 1578 ut
535 1524 670 1595 ipsis
705 1527 863 1581 deum
918 1528 1147 1599 faciant;
1182 1542 1237 1588 et
1268 1548 1331 1587 ex
1372 1534 1491 1589 loco
1526 1534 1579 1588 in
1628 1535 1809 1590 locum
1843 1546 2025 1593 trans—

444 1614 629 1671 ferunt
661 1619 880 1674 divitias
914 1636 1043 1677 suas
1088 1632 1143 1678 et
1171 1639 1268 1681 eas
1299 1624 1552 1680 adorant.
1587 1625 1728 1693 Quid
1773 1644 1899 1684 vero
1930 1628 2030 1683 ﬁa-

441 1708 696 1778 gitiosius
730 1725 894 1780 quam
931 1722 993 1767 ut
1025 1715 1151 1783 quis
1181 1717 1369 1771 adoret
1396 1718 1616 1774 divitias
1644 1735 1794 1786 suas,
1833 1721 1902 1775 ab
1934 1721 2027 1775 illo

441 1802 705 1856 recedens
740 1804 833 1873 qui
867 1819 961 1859 eas
1006 1806 1109 1876 ipsi
1144 1809 1320 1875 dedit;
1370 1810 1649 1867 hominem
1686 1812 1902 1883 probris
1936 1828 2032 1883 ap-

439 1899 619 1959 petat,
678 1894 919 1950 hominis
965 1911 1094 1951 vero
1143 1898 1434 1970 imaginem
1490 1901 1720 1968 adoret;
1775 1902 2030 1957 animalia

438 1985 684 2050 occidat,
732 1988 1074 2045 similitudini
1122 2008 1251 2047 vero
1283 1992 1535 2049 animalis
1573 1995 1779 2050 cultum
1809 1996 2034 2051 reddat?

438 2074 594 2131 Patet
640 2082 1051 2149 eos.0piﬁcium
1106 2084 1391 2138 hominum
1440 2086 1697 2147 adorare;
1735 2102 1842 2141 non
1885 2088 2030 2142 enim

439 2178 683 2223 aromata
703 2170 838 2239 ipsa,
860 2174 950 2227 sed
975 2189 1163 2228 eorum
1186 2175 1449 2245 imagines
1466 2177 1534 2231 ab
1549 2177 1847 2232 artiﬁcibus
1863 2177 2032 2232 factas

436 2259 705 2327 adorant;
736 2278 837 2318 nec
881 2263 1199 2335 fragmentis
1221 2267 1341 2321 auri
1364 2278 1418 2323 et
1440 2270 1647 2339 argenti
1680 2270 1993 2327 sacriﬁcant
2014 2311 2029 2335 ,

437 2352 529 2405 sed
564 2352 895 2424 imaginibus
926 2371 1066 2423 quas
1100 2374 1165 2412 ex
1184 2360 1265 2414 eis
1288 2369 1590 2415 tornatores
1621 2362 1849 2432 ﬁngunt.
1885 2361 2033 2417 Stul-

435 2453 509 2506 te,
545 2444 677 2511 quid
713 2446 947 2514 amplius
973 2449 1134 2504 habet
1156 2466 1349 2506 aurum
1381 2463 1532 2506 tuum
1567 2465 1627 2506 ut
1662 2469 1806 2507 nunc
1835 2454 2031 2509 adores

438 2533 608 2588 illud?
653 2534 794 2590 Num
823 2539 951 2607 quia
988 2541 1228 2596 volucris
1262 2542 1490 2612 ﬁguram
1532 2542 1728 2608 induit,
1776 2544 1861 2597 vel
1900 2544 2029 2599 ferae

434 2628 687 2682 voracis?
738 2628 872 2684 Ecce
917 2630 1031 2685 fera
1069 2623 1206 2702 ipsa,
1252 2650 1378 2687 ecce
1404 2635 1623 2690 volucer
1652 2637 1822 2691 adest.
1883 2634 1949 2691 Et
1983 2636 2029 2691 si

436 2720 725 2775 artiﬁcium
763 2722 1002 2789 miraris,
1040 2735 1245 2793 quanto
1278 2726 1582 2781 mirabilius
1619 2727 1898 2797 Opiﬁcium
1933 2728 2028 2783 Dei

435 2810 531 2878 qui
561 2820 755 2866 cuncta
789 2814 1019 2875 creavit,
1051 2822 1106 2868 et
1154 2816 1641 2873 adsimilitudinem
1682 2833 1838 2883 suam
1882 2818 2029 2887 ipsos

435 2902 675 2957 artiﬁces
700 2902 847 2969 fecit,
872 2905 965 2974 qui
993 2919 1155 2974 opera
1184 2905 1304 2975 ejus
1332 2907 1555 2974 imitari,
1579 2909 1670 2963 sed
1707 2908 1908 2963 frustra
1943 2924 2031 2964 co-

433 3000 657 3045 nantur.
699 2991 965 3047 Dicesne:
996 2993 1109 3049 Cur
1141 2996 1300 3049 talem
1354 3012 1463 3050 non
1500 3013 1586 3050 me
1620 2999 1825 3052 creavit
1858 2998 2025 3062 Deus,

2126 535 2376 580 mortuus
2411 534 2465 581 ει
2507 526 2751 595 sepultus
2783 534 2884 582 est.
2933 526 3214 583 Daamones
3254 537 3308 583 et
3345 531 3570 585 umbras
3594 547 3712 599 pre-

2126 611 2281 667 cibus
2316 610 2517 669 frustra
2566 612 2944 682 prosequeris,
2991 613 3247 684 quinibil
3274 614 3370 668 tibi
3412 615 3544 669 dare
3582 631 3709 685 pos-

2129 711 2279 756 sunt.

2196 792 2313 848 Non
2339 794 2573 865 amplius
2599 810 2728 865 ergo
2755 794 3071 851 societatem
3106 796 3310 854 habeas
3347 813 3472 853 cum
3521 798 3588 853 iis
3617 800 3712 870 qui

2129 903 2187 943 se
2222 888 2375 943 humi
2405 896 2757 959 prosternunt
2798 896 2852 942 et
2880 889 3084 958 lapides
3107 890 3443 957 osculantur,
3489 900 3543 945 et
3580 892 3716 947 dant

2127 978 2310 1032 cibum
2358 994 2517 1033 suum
2568 994 2750 1033 escam
2796 977 2931 1047 igni,
2961 985 3015 1032 et
3060 977 3350 1033 admovent
3378 988 3554 1034 vestes
3584 994 3715 1034 suas

2127 1070 2316 1137 idolis;
2346 1078 2401 1125 et
2421 1070 2535 1140 qui,
2568 1085 2733 1124 sensu
2772 1068 3003 1138 praediti,
3023 1083 3186 1123 sensu
3206 1069 3444 1123 carentia
3460 1069 3711 1133 adorant,

2128 1161 2195 1215 ad
2238 1160 2409 1216 Deum
2443 1158 2906 1229 incorruptibilem
2942 1174 3130 1228 preces
3176 1159 3516 1230 incorruplas
3548 1159 3715 1215 funde

2127 1266 2227 1322 pro
2260 1251 2440 1305 anima
2479 1259 2571 1303 tua
2612 1249 3028 1317 incorruptibili,
3054 1258 3109 1302 et
3139 1258 3267 1304 tunc
3312 1250 3449 1306 liber
3480 1266 3713 1321 appare-

2128 1344 2233 1399 bis.
2262 1341 2372 1397 Deo
2404 1341 2605 1412 gratias
2628 1356 2744 1412 age,
2776 1342 2869 1411 qui
2913 1350 2963 1396 te
3000 1351 3179 1396 mente
3222 1342 3390 1397 libera
3417 1344 3711 1412 praeditum

2128 1431 2350 1495 creavit,
2376 1442 2437 1485 ut
2456 1431 2523 1485 ad
2558 1431 2840 1485 arbitrium
2862 1440 3014 1486 tuum
3039 1433 3311 1502 dirigaris.
3331 1432 3490 1499 Quod
3519 1434 3564 1487 si
3592 1449 3685 1488 ma
3704 1464 3716 1477 -

2128 1523 2243 1577 lum
2265 1523 2515 1593 elegeris,
2549 1523 2886 1578 damnationi
2941 1524 3251 1593 subjacebis
3310 1538 3407 1593 pro
3455 1523 3715 1594 operibus

2130 1616 2321 1671 malis:
2346 1616 2392 1671 si
2413 1617 2642 1683 bonum,
2666 1615 2825 1670 bonis
2853 1617 3038 1673 multis
3069 1616 3266 1672 frueris
3290 1633 3414 1672 cum
3433 1616 3544 1672 vita
3565 1625 3716 1673 alter-

2130 1725 2221 1763 na.
2255 1706 2397 1775 Quid
2423 1724 2553 1778 ergo
2581 1708 2826 1779 impedit,
2855 1725 2979 1764 cum
3014 1710 3151 1765 liber
3184 1710 3292 1776 sis,
3317 1710 3448 1781 quin
3484 1724 3717 1766 conver--

2066 1787 2109 1841 Β
2136 1802 2334 1857 sationi
2364 1811 2471 1856 tua}
2514 1802 2673 1857 malae
2720 1801 3007 1867 valedicas,
3052 1810 3106 1857 et
3129 1818 3343 1874 quaeras
3367 1802 3490 1872 quis
3517 1803 3588 1858 sit
3608 1800 3719 1859 Do-

2138 1896 2320 1949 minus
2347 1894 2614 1956 ontnium,
2643 1902 2697 1948 ct
2742 1894 3020 1950 invenias?
3055 1894 3424 1964 quaerentibus
3470 1894 3615 1949 enim
3658 1910 3719 1951 se

2136 1986 2497 2058 cognitionem
2532 1986 2616 2041 sui
2646 2002 2755 2041 non
2797 1986 2944 2056 tegit,
2967 2000 3230 2056 quantum
3261 1987 3479 2057 quidem
3515 2003 3719 2058 cogno-

2136 2080 2214 2135 sci
2241 2088 2436 2150 potest.
2466 2078 2609 2133 Cave
2640 2080 2877 2148 primum
2912 2094 2978 2133 ne
3008 2078 3060 2131 in
3092 2079 3272 2133 anima
3298 2088 3390 2133 tua
3415 2078 3586 2135 falsus
3614 2079 3714 2134 sis.

2137 2174 2192 2229 Si
2224 2175 2368 2245 quod
2403 2190 2512 2229 non
2552 2182 2636 2228 est
2676 2171 2818 2228 Deus
2868 2172 3039 2226 Deum
3082 2173 3239 2239 dicis,
3282 2173 3337 2227 in
3394 2173 3577 2227 anima
3623 2182 3719 2229 tua

2134 2266 2381 2320 mentiris
2411 2272 2466 2320 et
2492 2280 2676 2320 coram
2708 2263 2819 2317 Deo
2850 2278 2983 2318 vero
3027 2278 3242 2332 peccas.
3296 2264 3490 2330 Stulte,
3541 2264 3715 2318 Deum

2134 2358 2215 2413 vis
2244 2358 2457 2413 emere?
2477 2356 2617 2411 Num
2644 2355 2785 2411 Deus
2817 2371 3022 2427 egenus
3049 2356 3165 2411 est?
3195 2353 3336 2409 Num
3361 2355 3503 2409 Deus
3526 2366 3715 2410 custo-

2133 2450 2317 2505 ditbr?
2347 2449 2500 2505 Emis
2527 2465 2651 2503 eum
2683 2448 2824 2503 sicut
2849 2463 3065 2502 servum
3102 2457 3156 2502 et
3194 2447 3391 2503 adoras
3422 2450 3563 2503 sicut
3605 2448 3716 2522 Do-

2133 2544 2378 2598 minum?
2410 2540 2590 2612 Rogas
2617 2557 2742 2596 eum
2785 2549 2845 2595 ut
2872 2540 3091 2595 divitem
3121 2549 3180 2594 ut
3213 2540 3309 2594 tibi
3339 2541 3620 2611 largiatur,
3661 2549 3717 2594 et

2131 2637 2230 2691 das
2269 2636 2345 2689 illi
2374 2642 2429 2688 ut
2455 2649 2644 2701 egeno.
2678 2631 2962 2699 Quomodo
2998 2630 3227 2686 conﬁdis
3248 2639 3310 2686 ut
3336 2632 3621 2685 victoriam
3649 2632 3718 2685 de

2132 2727 2385 2781 hostibus
2415 2726 2523 2780 tuis
2553 2724 2649 2779 tibi
2674 2724 2957 2786 concedat,
2982 2722 3113 2776 dum
3147 2723 3355 2777 inimici
3393 2723 3493 2786 tui,
3526 2731 3579 2776 te
3601 2722 3715 2792 jam

2131 2820 2365 2883 devicto,
2401 2826 2759 2871 contemnunt
2800 2815 2960 2870 eum?
2992 2814 3221 2869 Dicesne
3262 2833 3275 2868 :
3310 2812 3580 2880 Quoniam
3621 2828 3718 2867 rex

2132 2927 2277 2977 sum,
2305 2909 2672 2964 multitudinis
2692 2906 2957 2962 voluntati
2990 2922 3095 2960 non
3127 2920 3350 2975 possum
3375 2906 3505 2976 quin
3534 2921 3719 2962 assen-

2131 3002 2272 3057 alar?
2299 3000 2473 3055 Verba
2505 3001 2621 3055 risu
2652 3015 2777 3054 vere
2808 2998 3001 3068 digna!
3030 2997 3140 3052 Cur
3163 2998 3307 3053 enim
3336 3013 3431 3051 rex
3454 2999 3716 3067 populum

434 3092 496 3136 ut
525 3082 601 3136 illi
625 3093 679 3138 et
706 3099 811 3139 non
845 3084 1008 3141 idolis
1037 3088 1334 3142 servirem?
1361 3086 1451 3142 Sic
1482 3097 1533 3143 te
1557 3105 1651 3144 vas
1674 3089 1864 3144 inutile
1889 3105 2026 3144 con-
2056 3128 2100 3188 Ο
2132 3095 2235 3151 sibi
2259 3094 2563 3163 subjectum
2596 3096 2651 3147 in
2676 3093 2816 3146 viam
2843 3098 3045 3145 rectam
3081 3104 3190 3143 non
3220 3089 3460 3157 inducat,
3495 3090 3626 3145 etin
3658 3106 3719 3145 se

432 3171 604 3228 literis
636 3174 764 3228 dum
802 3175 967 3231 homo
1001 3177 1159 3232 vivus
1192 3192 1313 3232 esse
1340 3177 1702 3247 possis.Deus
1723 3181 1866 3233 enim
1896 3178 2026 3235 fecit

435 3275 487 3323 te
509 3272 671 3334 prout
703 3266 806 3335 ipsi
826 3267 1092 3337 optimum
1114 3268 1289 3322 visum
1311 3276 1395 3323 est
1416 3277 1469 3323 et
1492 3278 1671 3324 mente
1694 3270 1863 3325 libera
1888 3286 2028 3340 prae-

429 3357 605 3410 ditum
627 3375 640 3411 :
661 3366 857 3412 cuncta
891 3366 1020 3413 ante
1048 3368 1099 3413 te
1126 3361 1336 3429 posuit;
1370 3370 1523 3417 tuum
1547 3362 1794 3432 estquod
1824 3363 2025 3417 bonum

431 3459 517 3503 est
555 3448 876 3519 dignoscere
911 3458 966 3506 et
997 3450 1225 3522 eligere.
1262 3450 1454 3507 Posuit
1496 3467 1681 3507 coram
1717 3462 1766 3507 te
1803 3452 2023 3515 caelum,

434 3538 638 3607 stellas,
682 3540 853 3595 solem
898 3549 951 3596 et
1001 3540 1186 3596 lunam
1234 3544 1327 3614 qui
1389 3544 1763 3612 quotidianum
1816 3553 2022 3598 motum

433 3627 730 3697 adimplent
778 3634 833 3687 in
868 3634 1036 3697 coelo;
1075 3635 1260 3703 posuit
1294 3650 1477 3689 coram
1508 3646 1558 3690 te
1609 3651 1779 3705 aquas
1824 3637 2026 3691 multas

433 3735 665 3789 quarum
699 3735 906 3781 motum
935 3728 1153 3782 cohibet
1179 3729 1347 3783 verbo
1382 3743 1518 3795 suo;
1556 3743 1742 3784 coram
1788 3739 1840 3784 te
1879 3739 2024 3784 terra

433 3812 756 3878 expanditur
784 3832 905 3885 quae
929 3821 1115 3873 eadem
1153 3818 1329 3873 forma
1354 3820 1586 3889 quiescit
1606 3830 1659 3875 et
1696 3830 1823 3875 stat.
1856 3821 1922 3875 Et
1955 3838 2024 3876 ne

431 3914 589 3973 putes
626 3921 745 3961 eam
799 3925 867 3965 ex
923 3924 1131 3968 natura:
1180 3929 1294 3968 suae
1335 3914 1548 3984 legibus
1594 3923 1762 3981 stare,
1801 3916 1868 3969 ad
1904 3916 2023 3986 ejus

431 3996 580 4051 enim
626 4007 821 4055 nutum
861 4014 1257 4061 commovetur.
1289 4005 1482 4061 Posuit
1528 4023 1712 4062 coram
1749 4017 1801 4063 te
1850 4009 2023 4064 nubes

431 4104 573 4160 quae,
587 4093 908 4163 eojubente,
928 4113 1099 4167 aquas
1116 4099 1170 4152 in
1193 4108 1390 4153 terram
1407 4099 2021 4169 sitientemimmittunt,

432 4192 492 4238 ut
522 4200 591 4240 ex
617 4185 702 4242 his
732 4187 1001 4260 intelligas
1028 4207 1154 4246 eum
1202 4191 1269 4247 ad
1295 4193 1453 4262 cujus
1488 4201 1680 4247 nutum
1733 4194 1849 4249 haec
1904 4209 2021 4248 mo-

432 4285 648 4344 ventur,
674 4279 808 4349 ipsis
832 4296 957 4337 esse
1007 4284 1302 4354 majorem,
1325 4293 1380 4339 et
1416 4300 1626 4340 memor
1660 4288 1737 4341 sis
1779 4287 2024 4357 benigni-

430 4370 559 4425 tatis
590 4372 710 4442 ejus
741 4374 836 4443 qui
866 4374 1199 4430 intellectum
1235 4378 1292 4430 in
1329 4388 1380 4432 te
1401 4378 1679 4443 excitavit,
1713 4386 1770 4432 ut
1794 4382 1907 4432 haec
1928 4394 2019 4432 ca-

2132 3200 2243 3240 non
2273 3192 2542 3254 proponat
2565 3182 2813 3251 exempla
2856 3181 3123 3237 bonorum
3150 3181 3417 3251 cperum?
3453 3180 3569 3235 Hoc
3612 3180 3717 3251 ipsi

2131 3275 2278 3330 laudi
2300 3282 2477 3342 esset;
2513 3274 2711 3329 rationi
2743 3273 2886 3328 enim
2910 3274 3243 3328 contrarium
3275 3282 3359 3328 est
3388 3288 3568 3344 regem
3592 3287 3718 3341 pra-

2129 3382 2195 3423 ve
2225 3366 2591 3420 ambulantem
2618 3364 2868 3435 judicare
2894 3372 2948 3417 et
2977 3364 3238 3418 damnare
3260 3379 3567 3433 perversos.
3602 3361 3717 3417 Hoc

2130 3473 2357 3529 regnum
2383 3463 2517 3526 puto
2544 3456 2770 3526 paeiﬁce
2798 3456 3087 3526 gubernari
3117 3470 3299 3524 posse,
3325 3454 3484 3524 cujus
3507 3469 3601 3508 rex
3624 3470 3718 3510 co-

2129 3548 2343 3620 gnoscit
2362 3557 2417 3602 et
2439 3548 2593 3602 timet
2622 3546 2792 3601 Deum
2814 3563 3025 3613 verum,
3048 3556 3108 3600 ut
3131 3547 3492 3617 intelligentes
3525 3545 3716 3599 reddat

2126 3642 2385 3711 populum
2415 3655 2595 3705 suum,
2626 3646 2678 3693 et
2701 3654 2918 3709 semper
2940 3648 3086 3695 recte
3121 3638 3349 3708 judicet,
3378 3638 3520 3693 sicut
3550 3638 3715 3693 homo

2127 3735 2223 3805 qui
2246 3749 2528 3804 nunquam
2552 3732 2893 3787 obliviscitur
2934 3732 3174 3800 seipsum
3200 3731 3362 3785 etiam
3389 3745 3573 3784 coram
3606 3729 3716 3784 Deo

2121 3826 2503 3897 judicandum.
2569 3823 2724 3878 Tunc
2784 3824 2953 3889 etiam
2995 3822 3244 3892 'subjecti
3306 3820 3424 3891 ejus
3492 3829 3716 3890 propter

2126 3918 2299 3973 Deum
2332 3918 2606 3973 abstinent
2657 3916 2726 3970 ab
2756 3915 2955 3984 injuria
2987 3914 3098 3983 regi
3135 3928 3235 3967 suo
3263 3921 3317 3967 et
3348 3912 3452 3966 sibi
3480 3912 3714 3965 invicem

2126 4011 2396 4065 facienda.
2422 4009 2499 4063 Ita
2526 4023 2621 4077 per
2643 4006 3007 4077 cognitionem
3032 4013 3087 4058 et
3109 4004 3359 4057 timorem
3390 4002 3480 4056 Dei
3508 4001 3714 4054 malum

2124 4103 2192 4157 de
2223 4117 2387 4172 regno
2413 4100 2752 4163 eradicatur;
2786 4099 2833 4152 si
2862 4096 3008 4150 enim
3055 4111 3148 4149 rex
3190 4095 3336 4165 juste
3369 4092 3507 4164 regit
3533 4091 3715 4160 subje-

2124 4204 2244 4251 ctos
2278 4209 2429 4260 suos,
2481 4192 2585 4262 ipsi
2626 4205 2751 4261 erga
2797 4203 2919 4243 eum
2957 4196 3010 4241 et
3060 4189 3202 4242 inter
3253 4202 3312 4241 se
3339 4186 3487 4255 juste
3520 4193 3711 4254 agunt,

2124 4287 2271 4358 quod
2312 4286 2591 4355 regionem
2638 4291 2784 4337 certe
2832 4280 3035 4334 indicat
3066 4279 3119 4333 in
3166 4293 3301 4348 pace
3342 4277 3623 4347 degentem
3657 4284 3714 4329 et

2124 4373 2311 4428 multis
2341 4372 2500 4427 bonis
2530 4370 2822 4432 fruentem,
2851 4368 2982 4438 quia
3008 4382 3199 4422 omnes
3228 4382 3426 4421 nomen
3465 4364 3557 4419 Dei
3595 4365 3714 4418 lau-

428 4478 557 4531 pere
582 4466 781 4534 possis.
805 4464 879 4521 Te
908 4467 1073 4537 igitur
1100 4470 1290 4523 hortor
1324 4481 1386 4525 ut
1432 4486 1734 4541 cognoscas
1785 4472 2017 4541 tcipsum
2052 4468 2099 4526 D
2126 4466 2276 4520 dant.
2316 4464 2373 4519 Si
2396 4464 2541 4519 enim
2582 4479 2674 4518 rex
2706 4461 2984 4529 subjectos
3005 4476 3136 4515 suos
3166 4468 3382 4515 revocet
3408 4458 3476 4513 ab
3503 4472 3709 4522 errore,

428 4565 481 4610 et
508 4571 811 4627 cognoscas
857 4558 1051 4614 Deum.
1108 4559 1242 4616 Vide
1277 4563 1409 4632 quid
1464 4564 1538 4617 sit
1566 4563 1619 4615 in
1646 4571 1696 4617 te
1729 4563 1833 4617 hoc
1876 4562 2019 4632 quod

427 4650 743 4704 nominatur
772 4652 954 4706 anima
992 4670 1005 4704 :
1043 4652 1147 4707 Per
1172 4669 1294 4708 eam
1320 4654 1509 4709 oculus
1534 4654 1698 4717 videt,
1722 4654 1872 4707 auris
1924 4668 2019 4706 au-

427 4739 524 4804 dit,
561 4756 623 4795 os
653 4742 927 4811 loquitur;
959 4744 1034 4798 illi
1080 4754 1252 4799 totum
1284 4761 1484 4814 corpus
1514 4746 1759 4801 inservit.
1798 4745 2015 4810 Anima,

428 4827 538 4884 Deo
564 4832 796 4897 volente,
829 4835 1279 4905 sublata,corpus
1309 4838 1465 4905 perit.
1494 4836 1572 4890 Ex
1600 4851 1665 4890 eo
1692 4837 1856 4906 igitur
1872 4836 2016 4906 quod

427 4918 481 4971 in
510 4929 560 4974 te
588 4932 671 4976 est
702 4924 876 4978 oculis
906 4925 1463 4995 incomprehensibili,
1490 4926 1727 4997 intellige
1745 4926 2019 4996 quomodo

425 5012 627 5067 virtute
649 5013 744 5069 Dei
800 5023 945 5071 totus
998 5018 1236 5073 mundus
1288 5028 1592 5086 moveatur,
1639 5020 1783 5075 sicut
1819 5034 2018 5087 corpus

426 5106 627 5172 anima;
661 5116 715 5161 et
734 5110 1032 5177 quomodo,
1058 5112 1343 5167 recedente
1377 5112 1578 5167 virtute
1607 5112 1749 5183 ejus,
1774 5112 2015 5167 mundus

428 5196 567 5249 sicut
592 5212 791 5266 corpus
822 5198 1055 5253 deﬁciet.

494 5284 605 5340 Cur
629 5303 756 5342 vero
790 5288 971 5344 factus
1008 5291 1079 5345 sit
1113 5292 1353 5346 mundus
1390 5291 1499 5357 hic,
1551 5306 1650 5345 cur
1683 5292 2016 5346 transiturus

424 5378 529 5442 sit;
565 5396 664 5434 cur
698 5382 769 5436 sit
799 5398 1025 5453 corpus,
1051 5400 1152 5439 cur
1176 5392 1363 5453 pereat
1392 5394 1447 5439 et
1474 5398 1572 5438 cur
1602 5392 1853 5452 resurgat
1874 5385 2016 5439 scire

421 5473 521 5526 tibi
550 5490 658 5527 non
696 5475 932 5541 dabitur,
958 5477 1064 5532 nisi
1115 5478 1386 5532 insaniam
1435 5477 1654 5532 exueris
1691 5475 1744 5529 in
1792 5490 1899 5544 qua
1922 5476 2016 5530 de-

421 5564 709 5631 mergeris,
741 5575 795 5618 et
826 5567 1079 5635 aperiens
1114 5569 1307 5623 oculos
1348 5568 1620 5634 intelligas
1668 5581 1841 5619 unum
1893 5580 2015 5620 esse

421 5653 617 5721 Deum,
647 5656 942 5713 Dominum
1000 5662 1271 5727 omnium,
1327 5669 1381 5715 et
1442 5676 1567 5715 eum
1623 5658 1773 5714 colas
1799 5673 1865 5712 ex
1900 5664 2013 5712 toto

421 5748 585 5806 corde
617 5759 742 5823 tuo;
779 5759 909 5807 tunc
936 5754 1244 5810 voluntates
1266 5769 1395 5810 suas
1426 5754 1524 5811 tibi
1553 5752 1799 5823 cognitas
1827 5750 2008 5807 faciet.

2124 4559 2253 4629 quid
2284 4557 2444 4611 laude
2488 4554 2749 4626 dignius?
2796 4553 2889 4607 Sic
2941 4552 3053 4607 Deo
3108 4546 3303 4621 placet,
3360 4566 3513 4606 error
3562 4549 3713 4604 enim

2122 4651 2305 4703 omnia
2357 4649 2501 4702 mala
2549 4647 2774 4701 inducit.
2820 4645 2965 4699 Fons
2998 4659 3128 4698 vero
3165 4643 3369 4697 erroris
3402 4642 3489 4696 hic
3535 4650 3637 4707 est,
3662 4642 3711 4696 si

2122 4743 2288 4797 homo
2322 4741 2492 4795 Deum
2525 4740 2756 4810 ignoret,
2794 4748 2847 4793 et
2874 4752 2973 4807 pro
3005 4736 3116 4791 Deo
3148 4735 3275 4789 illud
3314 4734 3461 4804 quod
3495 4750 3602 4788 non
3625 4744 3712 4788 est

2121 4833 2266 4887 Deus
2307 4833 2515 4887 adoret.
2554 4830 2787 4896 Quidam
2838 4828 3074 4883 dicunt:
3130 4826 3424 4896 Imaginem
3478 4826 3709 4879 colendo

2119 4925 2289 4981 Deum
2323 4926 2584 4990 colimus;
2619 4923 2873 4977 nesciunt
2894 4936 3024 4990 ergo
3049 4918 3219 4973 Deum
3250 4919 3449 4987 ubique
3469 4932 3705 4987 praesen-

2119 5025 2249 5082 tem,
2274 5031 2556 5085 nunquam
2588 5015 2962 5077 deﬁcientem;
2997 5010 3247 5065 nesciunt
3275 5008 3393 5078 ipso
3427 5008 3598 5063 inscio
3630 5008 3708 5062 ni-

2118 5110 2197 5164 hil
2223 5108 2362 5162 ﬁeri.
2393 5106 2473 5160 Tu
2501 5122 2651 5170 vero,
2684 5107 2850 5160 homo
2897 5105 3041 5170 vilis,
3073 5107 3162 5158 cui
3202 5103 3345 5157 Deus
3377 5103 3529 5157 adest
3552 5104 3604 5155 in
3631 5112 3706 5168 te,

2117 5208 2272 5253 extra
2312 5208 2388 5265 te,
2437 5213 2599 5266 super
2632 5206 2716 5261 te,
2752 5196 2926 5265 pretio
2962 5210 3253 5263 comparas
3297 5194 3439 5263 apud
3489 5192 3704 5248 fabrum

2117 5290 2261 5359 ligna
2289 5288 2499 5357 sculpta
2532 5287 2585 5340 in
2614 5286 2871 5357 injuriam
2908 5286 3034 5353 Dei;
3070 5286 3178 5341 illis
3210 5286 3502 5345 sacriﬁcas,
3531 5293 3584 5339 et
3608 5299 3705 5338 ne-

2117 5383 2228 5436 scis
2259 5381 2403 5451 quod
2436 5379 2582 5433 videt
2627 5390 2680 5434 te
2712 5378 2905 5433 oculus
2950 5379 3072 5447 ejus
3093 5393 3253 5447 quem
3285 5376 3423 5430 nihil
3464 5376 3615 5439 latet,
3652 5384 3706 5430 et

2116 5473 2296 5542 arguit
2325 5480 2376 5526 te
2404 5471 2629 5525 verbum
2662 5471 2910 5525 veritatis
2939 5471 3127 5524 dicens
3152 5488 3164 5521 :
3193 5469 3356 5533 Deus,
3385 5482 3547 5538 quem
3583 5468 3706 5522 nul-

2115 5564 2221 5619 lius
2256 5564 2448 5618 oculus
2474 5563 2631 5628 vidit,
2656 5563 2933 5631 quomodo
2968 5561 3142 5630 sculpi
3173 5560 3393 5630 potest?
3425 5559 3530 5613 Sed
3563 5560 3703 5614 ima-

2114 5657 2295 5727 ginem
2332 5657 2411 5710 tui
2458 5655 2634 5725 ipsius
2682 5654 2820 5709 facis
2867 5664 2921 5709 et
2948 5653 3104 5708 colis.
3140 5652 3371 5723 Lignum
3428 5651 3701 5721 sculptum

2114 5761 2296 5803 nonne
2330 5760 2566 5819 .semper
2610 5745 2817 5814 lignum
2849 5744 2965 5802 est?
2988 5742 3207 5812 Lapidis
3251 5749 3305 5797 et
3339 5738 3457 5797 auri
3486 5738 3703 5811 pondus.
