4130 6382
446 314 574 367 1251

1516 313 1572 367 S.
1608 312 1864 366 MELITO
1906 313 2212 370 SARDIUM
2248 314 2645 371 EPISCOPUS.

3576 317 3716 370 1252

445 435 587 488 idem
620 435 671 487 in
699 442 923 499 statera,
959 433 1097 486 idem
1132 448 1277 486 nunc
1306 434 1451 502 quod
1476 432 1757 488 fabricasti
1798 434 2023 500 idolum,
2058 452 2101 505 Δ
2132 434 2237 501 Qui
2275 450 2406 490 vero
2447 445 2575 490 sunt
2608 436 2661 488 in
2719 442 2861 490 statu
2894 435 2985 489 illo
3022 434 3114 504 qui
3156 434 3579 489 mutabilitatem
3612 450 3723 489 noti

443 544 541 581 cur
574 526 798 597 pendis?
828 526 1035 580 Aurum
1067 542 1217 596 ergo,
1267 542 1375 580 non
1420 524 1590 580 Deum
1631 527 1819 581 amas?
1846 526 1949 582 Sed
1987 528 2033 581 si

442 621 574 689 quid
606 619 820 673 furatus
846 628 930 673 est
975 616 1191 682 artifex,
1218 619 1272 673 id
1313 634 1420 672 non
1446 619 1727 674 erubescis
1757 619 1825 673 ab
1856 634 1921 674 eo
1946 636 2033 673 re-

443 720 645 781 petere.
667 710 1060 779 0culos_habes
1086 722 1139 766 et
1161 728 1268 765 non
1298 712 1826 778 vides,'iutellectum
1844 722 1897 766 et
1925 730 2033 767 non

444 802 723 871 intelligis.
761 800 873 855 Cur
897 802 1048 856 humi
1095 802 1432 871 provolveris
1476 812 1529 857 et
1569 818 1656 858 res
1688 804 2034 859 insensibiles

442 892 720 960 precaris?
746 891 901 948 Time
934 908 1062 948 eum
1110 908 1207 962 per
1234 908 1396 963 quem
1435 904 1577 948 terra
1615 903 1886 957 movetur,
1923 895 2031 949 cir-

440 986 806 1040 cumvolvitur
826 986 1048 1051 cmlum,
1066 985 1265 1041 fluctus
1295 987 1462 1041 maris
1490 987 1856 1052 concitantur;
1879 987 2031 1041 illum

440 1080 534 1148 qui
566 1080 782 1149 utignis
816 1079 1001 1134 omnia
1033 1080 1356 1133 comburere
1383 1090 1578 1149 potesr.

510 1170 722 1226 Rursus
755 1187 881 1226 vero
904 1170 1125 1240 quidam
1154 1172 1380 1225 dicunt:
1412 1169 1565 1237 Quod
1609 1172 2032 1226 transmiserunt

438 1262 596 1315 nobis
626 1269 808 1331 patres
844 1262 1018 1317 nostri
1046 1262 1297 1316 colimus.
1318 1261 1426 1315 Cur
1452 1276 1580 1332 ergo
1610 1277 1910 1331 pauperum
1946 1261 2030 1315 vel

438 1354 838 1408 illitteratorum
868 1362 1159 1422 parentum
1189 1354 1281 1407 lilii
1307 1352 1523 1409 divitias
1552 1354 1635 1407 vel
1664 1354 2026 1408 eruditionem

435 1446 789 1514 comparant?
819 1444 929 1499 Cur
956 1462 1083 1515 ergo
1132 1445 1227 1498 lilii
1277 1460 1545 1500 caecorum
1595 1445 1796 1511 vident,
1840 1452 1893 1498 et
1935 1443 2027 1497 filii

434 1537 756 1591 elaudorum
783 1536 1098 1591 ambulant?
1118 1534 1233 1591 Non
1268 1537 1412 1590 enim
1443 1545 1651 1590 rectum
1675 1544 1762 1589 est
1782 1544 1841 1589 ut
1862 1534 2026 1589 homo

435 1637 698 1698 sequatur
719 1629 956 1698 majores
982 1643 1111 1683 suos
1139 1628 1232 1697 qui
1257 1644 1421 1699 prave
1459 1627 1899 1690 ambulaverunt,
1930 1626 2025 1681 sed

434 1722 503 1775 ah
536 1736 726 1775 eorum
762 1720 848 1774 via
876 1720 1095 1774 recedat
1122 1734 1189 1773 ne
1222 1729 1282 1774 ut
1310 1720 1384 1773 illi
1425 1732 1629 1789 pereat.
1664 1718 1796 1773 Vide
1824 1734 1954 1789 ergo
1977 1718 2021 1773 si

2139 526 2374 595 amplius
2404 527 2617 595 recipit,
2635 526 2690 580 hi
2718 527 2903 580 vident
2922 525 3092 579 Deum
3117 526 3255 580 sicut
3286 533 3517 593 possunt
3540 525 3726 579 videre

2137 631 2284 671 eum.
2316 614 2412 670 His
2456 616 2675 669 flamma
2713 625 2919 684 parcet,
2971 631 3095 669 cum
3143 614 3350 668 diluvio
3394 614 3537 684 ignis
3570 630 3725 668 mun-

2135 710 2238 764 dus
2268 709 2629 763 subvertetur.
2672 706 2915 761 Primum
2956 708 3103 760 enim
3142 705 3244 760 fuit
3276 706 3542 760 diluvium
3577 706 3724 760 venti

2135 811 2188 857 et
2211 802 2395 871 aquilo
2422 802 2718 856 vehemens
2741 801 2991 854 homines
3013 798 3281 869 quosdam
3304 798 3523 862 occidit,
3554 795 3723 867 justis

2135 893 2299 948 salvis
2334 893 2741 947 remanentibus
2775 893 2843 946 ad
2890 892 3173 945 veritatem
3212 889 3717 944 demonstrandam.

2135 986 2340 1041 Deinde
2382 1001 2512 1040 vero
2535 984 2638 1040 fuit
2675 985 2940 1040 diluvium
2989 999 3165 1055 aquae,
3214 996 3267 1039 et
3294 982 3543 1038 suil‘ocati
3596 992 3725 1037 sunt

2135 1092 2326 1133 omnes
2351 1078 2617 1143 homines,
2650 1087 2703 1131 et
2728 1088 2925 1132 cuncta
2972 1077 3252 1141 animalia,
3280 1076 3445 1145 justis
3497 1078 3550 1128 ir.
3597 1089 3723 1128 arca

2134 1169 2309 1238 lignea
2330 1169 2589 1223 mandato
2612 1167 2706 1222 Dei
2739 1168 2987 1223 servatis.
3008 1167 3161 1222 Nunc
3189 1166 3433 1221 futurum
3463 1176 3547 1222 est
3577 1166 3724 1220 dilu—

2131 1260 2280 1313 vium
2340 1259 2483 1328 ignis
2509 1274 2522 1311 ε
2546 1258 2755 1313 ardebit
2791 1267 2935 1313 terra
2985 1273 3111 1312 cum
3147 1258 3445 1322 montibus,
3472 1257 3725 1311 homines

2131 1367 2255 1406 cum
2288 1351 2449 1405 idolis
2473 1359 2525 1405 et
2556 1351 2753 1406 statuis
2776 1365 2913 1420 quas
2946 1349 3193 1405 fecerunt
3222 1360 3276 1404 et
3309 1348 3677 1403 adoraverunt
3706 1366 3720 1413 ;

2129 1447 2342 1501 ardebit
2396 1460 2549 1500 mare
2594 1461 2717 1500 cum
2749 1444 2962 1511 insulis,
3008 1444 3254 1512 sedjusti
3289 1443 3424 1498 salvi
3461 1453 3622 1496 erunt
3653 1444 3722 1495 ab

2130 1542 2272 1612 igne,
2296 1540 2437 1595 sicut
2459 1539 2619 1609 primi
2643 1539 2779 1609 justi
2808 1539 2875 1593 ab
2903 1539 3080 1608 aquis.
3115 1536 3271 1593 Tunc
3314 1537 3721 1593 confundentur

2127 1633 2161 1686 ii
2179 1634 2272 1703 qui
2294 1632 2461 1686 Deum
2485 1632 2863 1686 nescieruntet
2887 1630 3028 1685 idola
3052 1631 3363 1693 coluerunt,
3388 1644 3511 1683 cum
3530 1627 3724 1681 auxilii

2127 1741 2222 1796 spe
2256 1725 2501 1780 destituti
2530 1723 2793 1778 videbunt
2825 1723 2968 1777 idola
3004 1738 3101 1777 sua
3130 1721 3378 1776 ardentia
3412 1736 3535 1775 cum
3568 1720 3721 1789 ipsis.

432 1820 584 1879 pater
611 1820 736 1865 tuus
760 1810 902 1863 viam
935 1818 1137 1864 rectam
1166 1817 1385 1864 secutus
1422 1808 1605 1873 fuerit,
1625 1818 1678 1863 et
1725 1819 1854 1863 tunc
1879 1823 2018 1877 gres-

2196 1816 2322 1872 Hzec
2344 1833 2468 1871 cum
2504 1814 2781 1880 didiceris,
2817 1830 2849 1869 ο
2878 1814 3153 1869 Antoniae
3182 1814 3390 1879 Cmsar,
3420 1823 3476 1867 et
3517 1812 3614 1866 ﬁlii
3644 1812 3723 1865 tui

432 1903 586 1958 sibus
609 1902 727 1972 ejus
760 1901 983 1967 insiste;
1019 1900 1063 1956 si
1082 1901 1223 1954 viam
1250 1915 1496 1970 pravam,
1534 1900 1603 1954 ab
1646 1915 1708 1953 ea
1744 1900 1937 1953 recede
1972 1911 2025 1953 et

436 1997 585 2050 viam
618 2006 823 2051 rectam
854 1995 1158 2064 ingredere,
1189 2003 1243 2049 et
1267 1994 1362 2047 lilii
1396 1994 1474 2048 tui
1505 2003 1903 2063 sequanturte;
1929 1992 2026 2047 do—

430 2087 544 2144 leas
589 2087 755 2142 ctiam
802 2096 1010 2157 patrem
1073 2097 1228 2141 tuum
1271 2101 1438 2155 prave
1481 2086 1813 2149 ambulasse,
1869 2085 2026 2141 dolor

431 2179 579 2233 enim
610 2188 737 2233 tuus
767 2187 942 2248 potest
968 2179 1015 2232 ei
1042 2180 1323 2248 prodesse.
1353 2178 1507 2233 Filiis
1535 2179 1643 2233 tuis
1669 2178 1747 2233 sic
1770 2178 2023 2247 loquere:

430 2270 579 2326 Deus
630 2279 716 2326 est
742 2280 896 2341 pater
940 2272 1220 2338 omnium;
1259 2270 1401 2325 Deus
1439 2280 1521 2327 est
1571 2272 1689 2325 sine
1715 2270 1891 2336 initio,
1930 2285 2030 2324 nec

427 2364 609 2420 factus
638 2373 721 2421 est
739 2384 751 2418 :
771 2365 952 2419 omnia
988 2366 1263 2421 voluntate
1282 2366 1402 2436 ejus
1421 2366 1745 2421 subsistunt.
1770 2364 1887 2435 Ipse
1904 2365 2031 2420 fecit

426 2457 721 2511 luminaria
746 2464 805 2510 ut
825 2457 1047 2511 videant
1075 2472 1135 2512 se
1158 2458 1389 2512 invicem
1425 2457 1565 2511 servi
1589 2456 1728 2526 ejus,
1749 2465 1801 2509 et
1821 2457 1935 2526 ipse
1960 2456 2029 2511 ab

433 2549 611 2604 oculis
655 2563 939 2604 servorum
994 2564 1221 2605 suorum
1271 2549 1561 2605 abscondit
1601 2564 1694 2603 se:
1723 2564 1830 2604 non
1879 2549 2027 2602 enim

425 2641 684 2712 possibile
716 2650 801 2697 est
830 2650 1094 2696 creatura:
1124 2642 1370 2696 mutabili
1396 2641 1795 2696 immutabilem
1820 2640 2025 2699 videre.

2134 1918 2335 1974 tecum,
2368 1908 2423 1963 in
2454 1906 2829 1963 haereditatem
2859 1906 3200 1960 transmittes
3239 1906 3306 1960 iis
3334 1919 3463 1974 opes.
3492 1912 3725 1957 :eternas

2131 2017 2254 2072 quae
2282 2016 2393 2055 non
2425 2010 2686 2070 pereunt;
2736 2000 2973 2053 animam
3007 2006 3154 2053 tuam
3188 2006 3242 2052 et
3290 1997 3529 2051 animam
3579 1995 3723 2051 tilio—

2131 2109 2253 2147 rum
2290 2102 2515 2147 tuorum
2540 2093 2745 2147 salvam
2780 2090 2949 2146 facies
2978 2090 3047 2145 ab
3070 2091 3148 2144 eis
3175 2104 3297 2159 qua:
3320 2090 3589 2143 universa:
3617 2095 3726 2142 ter—

2134 2199 2208 2238 rae
2238 2184 2433 2238 incolis
2475 2185 2529 2238 in
2564 2183 2775 2253 judicio
2815 2197 2946 2235 vero
2976 2188 3030 2235 et
3073 2180 3226 2249 justo
3278 2188 3537 2233 eventura
3573 2188 3722 2233 sunt.

2133 2275 2211 2330 lbi
2235 2276 2380 2329 enim
2410 2284 2703 2346 c0gnoscet.
2734 2284 2784 2329 te
2814 2273 2981 2339 Deus,
3016 2273 3061 2328 si
3097 2272 3186 2326 hic
3225 2271 3547 2338 cognoveris
3572 2286 3720 2325 eum.

2133 2366 2190 2421 Si
2223 2384 2348 2423 eum
2391 2368 2480 2421 hic
2510 2367 2835 2437 neglexeris,
2871 2365 3012 2420 inter
3054 2379 3147 2419 eos
3181 2379 3290 2417 non
3320 2360 3723 2431 computaberis

2131 2461 2225 2531 qui
2280 2469 2621 2530 cognoscunt
2653 2476 2780 2514 eum
2836 2469 2890 2514 et
2940 2458 3017 2513 illi
3094 2458 3300 2529 gratias
3358 2465 3547 2526 agunt.
3597 2452 3723 2509 Ηωο

2131 2552 2399 2624 Majestati
2452 2561 2560 2607 tua:
2616 2551 2909 2617 sulliciunt,
2938 2552 3068 2623 quin
3104 2551 3215 2605 imo
3240 2549 3503 2619 ampliora
3543 2549 3589 2603 si
3616 2548 3718 2603 vis.

1723 3004 2413 3165 SPURIA

1313 3460 1881 3593 SANCTI
1958 3449 2829 3583 MELITONIS

901 3727 1087 3839 DE
1171 3718 1893 3837 TRANSITU
1972 3710 2632 3835 VIRGINIS
2712 3706 3218 3823 MARUE

1863 3953 2229 4044 LIBER

521 4163 542 4227 (
556 4159 847 4214 Bibliotheca
878 4161 1085 4209 Patrum
1125 4153 1362 4215 "mima,
1388 4154 1471 4202 ed.
1497 4151 1722 4215 Lugdun.
1750 4149 1815 4208 ll,
1844 4161 1895 4210 η,
1919 4144 2221 4195 215.-νὶᾶο
2244 4142 2403 4195 Caroli
2446 4140 2604 4202 Woog
2622 4137 3059 4195 Dissertationem,
3092 4146 3269 4195 supra,
3295 4130 3390 4180 col.
3417 4126 3578 4189 1205.)

923 4304 1152 4361 CAPUT
1190 4300 1485 4357 PRIMUM.

489 4424 692 4487 Melite,
734 4436 923 4477 servus
954 4419 1192 4485 Christi,
1236 4417 1525 4487 episcopus
1568 4412 1824 4467 Ecclesia:
1870 4409 2001 4464 Sar-

417 4510 1053 4581 deusis,venerabilibus
1103 4509 1159 4561 in
1211 4506 1443 4561 Domino
1476 4503 1758 4565 fratribus,
1808 4501 2003 4554 Laodi—

418 4622 526 4661 ceae
570 4602 904 4667 constitutis,
940 4601 992 4654 in
1020 4615 1174 4669 pace,
1210 4599 1463 4653 salutem.
1513 4596 1667 4664 Saepe
1712 4592 2004 4662 scripsisse

417 4712 506 4751 me
536 4694 757 4749 memini
798 4694 865 4748 de
891 4693 1127 4761 quodam
1158 4690 1384 4753 Leueio,
1427 4689 1519 4758 qui
1557 4686 1841 4741 nobiscum
1876 4700 2001 4739 cum

420 4787 681 4859 apostolis
709 4794 1087 4848 conversatus,
1130 4782 1308 4836 alieno
1354 4796 1518 4835 sensu
1550 4788 1603 4833 et
1629 4780 1815 4833 animo
1843 4786 2005 4831 teme-

416 4881 566 4935 rario
590 4878 873 4933 discedens
916 4892 946 4929 a
992 4876 1077 4928 via
1102 4874 1328 4943 justitiae
1356 4873 1591 4942 plurima
1617 4872 1683 4925 de
1726 4869 2006 4941 apostolo-

418 4988 539 5027 rum
570 4971 793 5025 Actibus
822 4970 876 5022 in
900 4969 1056 5023 libris
1095 4968 1208 5022 suis
1238 4966 1499 5031 inseruit;
1528 4973 1582 5017 et
1612 4965 1678 5019 de
1706 4964 2002 5018 virtutibus

416 5065 635 5135 quidem
683 5078 871 5117 eorum
924 5062 1094 5115 multa
1134 5070 1188 5114 et
1227 5060 1382 5113 varia
1423 5058 1599 5122 dixit;
1647 5059 1714 5113 de
1754 5056 2001 5112 doctrina

418 5170 546 5210 vero
597 5168 785 5207 eorum
841 5151 1073 5220 plurima
1126 5150 1386 5203 mentitus
1430 5158 1552 5214 est,
1606 5163 1860 5203 asserens
1906 5162 2000 5202 eos

418 5248 574 5302 aliter
601 5244 876 5306 docuisse,
906 5251 960 5296 et
987 5241 1265 5297 stabilieus
1303 5239 1460 5309 quasi
1492 5254 1559 5293 ex
1592 5254 1784 5293 eorum
1818 5238 2001 5293 verbis

418 5356 517 5395 sua
575 5335 808 5391 nefanda
852 5341 1194 5404 argumenta.
1244 5329 1355 5386 Nec
1395 5332 1575 5387 solum
1614 5331 1719 5385 sibi
1755 5330 2001 5385 sullicerc

417 5433 716 5486 arbitratus
745 5438 846 5493 est,
870 5442 1063 5481 verum
1085 5425 1250 5480 etiam
1270 5425 1561 5479 transitum
1586 5424 1757 5478 beatae
1787 5438 2001 5493 semper

414 5526 641 5598 virginis
678 5523 861 5578 Maria:
899 5521 1190 5577 Genitricis
1221 5519 1337 5581 Dei,
1382 5520 1455 5574 ita
1485 5518 1655 5588 impio
1686 5518 2002 5588 depravavit

417 5619 594 5687 stylo,
639 5626 699 5670 ut
740 5616 794 5669 in
824 5613 1069 5669 Ecclesia
1116 5611 1212 5666 Dei
1250 5626 1360 5665 non
1416 5609 1595 5666 solum
1636 5611 1849 5679 legere,
1906 5609 2001 5664 sed

415 5708 578 5759 etiam
612 5705 763 5759 nefas
789 5705 862 5758 sit
893 5703 1102 5757 audire.
1143 5700 1254 5757 Nos
1285 5716 1435 5771 ergo,
1472 5701 1629 5755 vobis
1666 5701 1996 5770 petentibus,

416 5813 537 5865 qua:
567 5797 633 5850 ab
665 5794 908 5864 apostolo
938 5794 1148 5849 Joanne
1172 5793 1510 5869 audivimus.
1538 5794 1655 5849 haec
1684 5793 1999 5863 simpliciter
2045 5868 2051 5871 Δ

2033 4298 2078 4351 D
2109 4290 2430 4354 scribentes,
2465 4294 2661 4341 vestrae
2686 4282 3013 4338 fraternitati
3038 4280 3370 4341 direximus;
3397 4277 3701 4339 credentes,

2108 4396 2218 4435 non
2266 4380 2443 4434 aliena
2498 4376 2756 4444 dogmata
2791 4373 2860 4426 ab
2888 4370 3161 4425 haereticis
3203 4368 3550 4438 pullulantia,
3606 4367 3703 4421 sed

2106 4471 2324 4526 Patrem
2364 4470 2417 4523 in
2453 4466 2614 4532 Filio,
2650 4464 2850 4518 Filium
2886 4463 2943 4516 in
2985 4461 3168 4525 Patre,
3202 4460 3427 4515 Deitatis
3455 4468 3509 4514 et
3556 4458 3704 4512 indi-

2106 4564 2237 4619 visa:
2297 4560 2615 4617 substantiae
2662 4555 2834 4609 Trina
2891 4563 3144 4608 manente
3191 4567 3460 4624 persona;
3518 4565 3703 4620 neque

2108 4666 2243 4718 duas
2272 4658 2514 4714 hominis
2560 4663 2788 4710 naturas
2817 4652 3101 4716 conditas;
3145 4650 3349 4703 bonam
3384 4649 3596 4703 scilicet
3647 4658 3703 4701 et

2107 4749 2349 4815 malam,
2387 4746 2481 4801 sed
2534 4758 2700 4799 unam
2760 4750 3013 4795 naturam
3043 4740 3246 4793 bonam
3303 4754 3333 4792 a
3388 4737 3499 4792 Deo
3550 4738 3698 4792 bono

2107 4840 2404 4904 conditam,
2440 4851 2561 4907 qua:
2602 4834 2728 4889 dolo
2776 4830 3047 4901 serpentis
3086 4838 3170 4885 est
3219 4829 3409 4884 vitiata
3450 4844 3545 4898 per
3583 4828 3700 4883 cul-

2104 4947 2251 5002 pam,
2282 4940 2335 4985 et
2368 4930 2575 4985 Christi
2604 4935 2687 4983 est
2717 4932 2969 4992 reparata
3001 4938 3093 4992 per
3126 4922 3377 4993 gratiam.

2737 5059 2965 5118 CAPUT
2996 5057 3059 5112 ll.
3148 5092 3149 5095 η

2177 5157 2344 5227 Igitur
2395 5170 2518 5210 cum
2572 5152 2838 5209 Dominus
2888 5159 3076 5205 noster
3123 5155 3178 5203 et
3234 5143 3487 5199 Salvator
3533 5138 3696 5195 Iesus

2103 5248 2356 5304 Christus
2389 5260 2488 5317 pro
2534 5246 2704 5299 totius
2753 5242 2940 5299 saeculi
2994 5242 3108 5296 vita
3164 5238 3418 5293 confixus
3481 5231 3691 5295 clavis,

2103 5339 2285 5395 crucis
2317 5337 2576 5408 penderet
2597 5337 2652 5389 in
2682 5335 2859 5406 ligno;
2894 5334 3026 5388 vidit
3054 5332 3196 5386 circa
3217 5341 3436 5384 crucem
3467 5322 3690 5378 Matrem

2103 5446 2259 5485 suam
2310 5437 2540 5483 stantem
2569 5468 2583 5493 ,
2633 5434 2690 5480 et
2736 5424 3002 5479 Joannem
3057 5417 3481 5489 Evangelistam,
3527 5426 3689 5482 quem

2102 5536 2215 5591 prae
2239 5520 2450 5575 caeteris
2479 5517 2741 5587 apostolis
2769 5514 3105 5586 peculiarius
3137 5508 3419 5579 diligebat,
3451 5518 3517 5559 eo
3546 5501 3693 5572 quod

2102 5614 2218 5683 ipse
2237 5613 2387 5668 solus
2413 5627 2481 5666 ex
2514 5611 2645 5679 ipsis
2673 5610 2826 5678 virgo
2855 5606 3073 5677 degeret
3096 5604 3149 5657 in
3174 5613 3422 5671 corpore.
3448 5594 3695 5683 Tradidit

2102 5682 2267 5774 igitur
2291 5705 2341 5757 ei
2382 5716 2571 5756 curam
2611 5707 2817 5754 sanctzc
2851 5695 3081 5766 virginis
3114 5691 3306 5747 matris
3348 5686 3558 5751 Mariae,
3608 5682 3693 5774 di-

2104 5808 2233 5849 cens
2263 5792 2329 5848 ad
2354 5808 2477 5847 cum
2508 5809 2519 5845 :
2549 5790 2680 5844 Ecce
2728 5800 2897 5843 mater
2931 5796 3059 5851 tua;
3095 5792 3149 5841 et
3172 5782 3240 5838 ad
3276 5780 3424 5837 illam
3467 5773 3645 5846 inquit
3673 5790 3687 5826 :
