4130 6376
397 390 537 445 1253

1907 390 2180 448 SPURIA.

393 507 532 564 Ecce
561 508 708 578 ﬁlius
735 518 876 564 tuus.
912 507 980 564 Et
1006 525 1075 565 ex
1100 509 1191 564 illa
1222 509 1356 565 hora
1399 518 1588 565 sancta
1617 509 1709 563 Dei
1739 508 1986 564 Genitrix
2019 518 2064 570 Α
2092 509 2244 562 deret
2270 516 2453 562 autem
2470 523 2594 563 eum
2611 507 2958 563 sanctissima
2977 509 3132 580 virgo
3155 506 3348 575 Maria,
3377 509 3672 565 exsultavit

395 601 450 653 in
485 598 717 656 Joannis
743 616 877 656 cura
904 602 1194 671 specialius
1233 603 1556 671 permansit,
1587 603 1830 672 quandiu
1862 602 1986 655 vita:

394 692 558 748 istius
583 694 880 750 incolatum
913 694 1198 765 transegit:
1228 693 1292 748 Et
1317 694 1446 749 dum
1465 695 1696 764 apostoli
1721 695 1984 750 mundum

395 785 512 841 suis
531 787 773 842 sortibus
797 787 851 840 in
870 787 1252 857 prredicatione
1269 787 1656 856 sumpsissent,
1687 787 1802 856 ipsa
1823 787 1985 841 domo

393 885 682 947 parentum
721 877 890 943 illius,
919 879 1074 948 juxta
1099 889 1338 933 montem
1367 878 1561 933 Oliveti
1598 877 1866 932 consedit.

1012 1034 1244 1091 CAPUT
1280 1036 1368 1090 Ill.

470 1147 726 1206 Secundo
751 1151 935 1221 itaque
957 1160 1012 1206 et
1035 1151 1295 1207 vicesimo
1324 1166 1469 1206 anno
1503 1158 1793 1220 postquam
1826 1150 1985 1205 Chri-

397 1252 546 1309 stus,
596 1243 808 1298 devicta
867 1252 1064 1307 morte,
1123 1245 1322 1298 coelum
1375 1244 1799 1309 conscenderat,
1853 1243 1984 1296 dum

396 1336 484 1390 die
543 1336 779 1406 quadam
835 1337 1107 1391 desiderio
1167 1335 1371 1392 Christi
1449 1351 1715 1391 succensa
1767 1335 1982 1401 Maria,

396 1428 513 1483 sola
539 1429 682 1483 intra
714 1429 914 1484 domus
942 1430 1100 1485 istius
1133 1429 1533 1498 receptaculum
1559 1429 1980 1499 lacrymaretur:

395 1533 524 1572 ecce
559 1519 821 1589 angelus,
876 1520 1058 1590 magni
1095 1520 1323 1575 luminis
1375 1520 1564 1574 habitu
1609 1520 1981 1589 resplendens,

395 1617 524 1662 ante
570 1625 690 1664 eam
739 1610 950 1676 astitit,
996 1619 1050 1665 et
1086 1612 1435 1666 salutationis
1473 1613 1639 1666 verba
1689 1614 1981 1682 persolvit,

396 1702 770 1765 dicenszAve,
804 1704 1087 1758 benedicta
1113 1703 1379 1771 Domino;
1413 1705 1630 1775 suscipe
1657 1705 1803 1762 illius
1831 1707 1984 1762 salu-

395 1800 530 1857 tem,
579 1795 674 1861 qui
707 1795 987 1850 mandavit
1042 1797 1271 1851 salutem
1320 1796 1512 1862 Jacob,
1566 1812 1662 1867 per
1691 1799 1984 1868 prophetas

395 1902 547 1942 suos.
595 1886 755 1955 Ecce,
783 1889 981 1958 inquit,
1013 1905 1228 1944 ramum
1259 1890 1472 1959 palma},
1503 1865 1582 1945 de
1601 1865 1856 1960 paradiso
1887 1890 1980 1947 Dei
2015 1865 2057 1919 Β

393 1980 552 2034 attuli
577 1981 697 2044 tibi,
731 1997 896 2051 quem
921 1994 1137 2051 portare
1167 1982 1336 2039 facies
1367 1993 1492 2039 ante
1523 1983 1782 2039 feretrum
1808 1997 1983 2052 tuum,

394 2087 520 2128 cum
552 2073 606 2128 in
637 2074 724 2129 die
757 2077 916 2130 tertia
947 2086 1226 2146 assumpta
1258 2076 1431 2133 fueris
1463 2081 1530 2134 de
1560 2093 1812 2148 corpore.
1847 2078 1986 2134 Ecce

395 2164 545 2219 enim
569 2174 851 2236 exspectat
882 2177 934 2222 te
961 2167 1136 2224 Filius
1175 2177 1323 2235 tuus,
1369 2186 1493 2225 cum
1539 2171 1753 2226 thronus
1791 2187 1845 2226 et
1881 2188 1981 2226 au-

397 2257 555 2327 gclis,
582 2267 637 2313 et
667 2260 941 2316 universis
965 2263 1088 2316 ωιιὶ
1124 2263 1438 2319 virtutibus.
1471 2263 1627 2320 Tune
1658 2264 1830 2320 Maria
1850 2266 1988 2320 dix-it

395 2353 464 2404 ad
490 2352 744 2422 angelum
782 2372 793 2406 :
845 2353 978 2408 P-eto
1011 2355 1110 2410 abs
1134 2364 1187 2410 te
1212 2371 1364 2428 ergo,
1409 2367 1465 2412 ut
1491 2370 1892 2430 congregemur
1921 2361 1986 2414 ad

397 2458 486 2498 me
514 2458 709 2500 omnes
740 2446 974 2515 apostoli
1021 2446 1238 2502 Domini
1294 2450 1400 2504 mei
1440 2449 1572 2506 Jesu
1619 2451 1849 2506 Christi.
1882 2451 1984 2507 Cui

395 2535 623 2604 angelus
656 2536 827 2592 dixit:
861 2537 1024 2604 Ecce,
1055 2540 1248 2610 inquit,
1284 2541 1447 2598 hodie
1474 2559 1570 2613 per
1595 2544 1851 2600 virtutem
1887 2544 1990 2600 Do-

399 2628 532 2682 mini
578 2629 687 2684 mei
731 2629 862 2686 Jesu
903 2629 1148 2696 Christi,
1194 2649 1388 2690 omnes
1427 2637 1658 2705 apostoli
1715 2640 1986 2708 assumpti

399 2719 508 2776 huc
537 2721 605 2775 ad
636 2730 688 2776 te
717 2722 958 2776 venient.
991 2721 1056 2776 Et
1077 2725 1153 2778 ait
1181 2725 1257 2778 illi
1283 2725 1487 2780 Maria:
1526 2726 1679 2797 Rogo
1708 2738 1766 2782 ut
1800 2730 1986 2783 mittas

401 2827 566 2882 super
598 2829 687 2869 me
725 2815 1162 2872 benedictionem
1205 2827 1353 2873 tuam
1381 2861 1395 2887 ,
1450 2829 1511 2874 ut
1551 2822 1702 2875 nulla
1745 2831 1988 2891 potestas

402 2904 600 2960 inferni
631 2921 887 2963 occurrat
908 2911 1043 2964 mihi
1076 2911 1131 2965 in
1175 2912 1268 2967 illa
1302 2913 1459 2978 hora,
1493 2930 1602 2984 qua
1635 2915 1817 2970 anima
1867 2932 1986 2970 mea

401 2996 566 3053 fuerit
597 3017 819 3072 egressa
850 3004 918 3059 de
955 3020 1206 3076 corpore,
1251 3017 1306 3062 et
1337 3025 1405 3063 ne
1438 3010 1650 3064 videam
1684 3013 1985 3082 principem

397 3091 773 3150 tenebrarum.
821 3096 913 3150 Ait
956 3108 1139 3154 autem
1180 3102 1407 3172 angelus
1435 3104 1511 3173 _ad
1544 3119 1704 3159 eam:
1739 3105 1987 3164 Potestas

2087 601 2141 654 in
2170 599 2390 671 gaudio,
2439 609 2494 653 et
2533 601 2696 654 dixit:
2736 599 2888 670 Rogo
2919 610 2991 665 te,
3035 601 3106 654 lili
3157 597 3420 665 Joannes,
3462 614 3674 655 memor

2086 699 2204 744 esto
2231 691 2521 745 verborum
2560 689 2776 744 Domini
2812 689 2946 750 Jesu
2989 691 3229 758 Christi,
3271 691 3520 761 magistri
3569 691 3672 756 tui,

2087 785 2289 855 quibus
2318 799 2404 838 me
2431 785 2834 839 commendavit
2861 785 2980 838 tibi.
3031 783 3171 839 Ecce
3209 785 3355 840 enim
3388 786 3477 840 die
3513 786 3672 840 tertio

2087 878 2396 934 discessura
2426 892 2547 930 sum
2581 880 2648 932 de
2669 892 2930 947 corpore;
2963 878 3146 932 audivi
3171 887 3352 932 autem
3378 878 3673 933 consilium

2086 967 2398 1024 Judteorum
2443 969 2738 1024 dicentium
2773 988 2786 1022 :
2821 968 3214 1039 Exspectemus
3253 970 3417 1031 diem,
3455 970 3676 1038 quando

2088 1061 2357 1116 moriatur
2388 1077 2509 1129 qua:
2540 1062 2775 1130 portavit
2805 1061 2957 1115 illum
3001 1063 3364 1126 seductorem,
3394 1070 3448 1115 et
3472 1075 3673 1130 corpus

2087 1151 2207 1221 ejus
2235 1151 2345 1221 igni
2369 1151 2779 1208 comburamus.
2829 1153 3050 1208 Vocavit
3089 1168 3220 1222 ergo
3257 1161 3507 1207 sanctum
3542 1168 3674 1222 apo-

2088 1241 2292 1296 stolum
2308 1239 2596 1307 Joannem,
2627 1252 2681 1298 et
2719 1243 3023 1297 introduxit
3048 1260 3174 1298 eum
3219 1243 3272 1298 in
3313 1244 3672 1299 secretarium

2087 1334 2306 1399 domus,
2340 1345 2394 1389 et
2427 1337 2666 1391 ostendit
2702 1337 2750 1391 ci
2790 1338 3174 1392 vestimentum
3205 1341 3496 1407 sepulturae
3535 1353 3673 1404 sum,

2086 1433 2140 1478 et
2168 1427 2406 1494 palmam
2444 1428 2594 1482 illam
2649 1429 2908 1494 luminis,
2947 1446 3112 1498 quam
3154 1441 3438 1500 acceperat
3477 1432 3545 1486 ab
3575 1447 3674 1486 an-

2087 1516 2226 1585 gelo,
2257 1531 2603 1586 praamonens
2649 1536 2776 1573 eum
2831 1532 2890 1576 ut
2944 1521 3093 1574 illam
3143 1521 3346 1575 faceret
3389 1521 3513 1576 ferri
3548 1531 3675 1577 ante

2087 1607 2284 1662 lectum
2321 1624 2503 1676 suum,
2528 1626 2652 1665 cum
2682 1612 2974 1668 duceretur
2997 1614 3064 1667 ad
3093 1613 3452 1682 sepulturam,
3483 1623 3538 1667 et
3574 1615 3676 1668 iret

2086 1699 2152 1754 ad
2184 1712 2620 1757 monumentum.

2708 1817 2938 1872 CAPUT
2981 1818 3044 1874 V.

2158 1907 2260 1962 Cui
2308 1908 2502 1963 beatus
2553 1919 2607 1964 et
2649 1911 2880 1966 dilectus
2929 1915 3210 1982 apostolus
3271 1913 3511 1969 Joannes
3559 1915 3673 1968 ait:

2089 1998 2382 2064 Quomodo
2419 2017 2520 2072 ego
2568 2003 2719 2058 solus
2766 2005 2972 2072 parabo
3015 2005 3147 2070 tibi,
3207 2005 3464 2069 Domina,
3515 2020 3677 2062 exse-

2089 2092 2282 2161 quias;
2315 2093 2422 2148 nisi
2453 2094 2702 2148 venerint
2731 2093 2928 2150 fratres
2959 2097 3086 2163 mei,
3120 2097 3375 2168 discipuli
3398 2106 3452 2151 et
3477 2111 3679 2166 coapo-

2090 2184 2213 2237 stoli
2263 2183 2478 2238 Domini
2533 2187 2706 2240 nostri
2748 2184 2878 2241 Jesu
2927 2187 3165 2251 Christi,
3221 2189 3288 2242 ad
3340 2189 3674 2243 reddendum

2089 2276 2354 2332 honorem
2390 2279 2716 2348 corpusculo
2749 2280 2886 2334 tuo?
2935 2278 3000 2332 Et
3043 2279 3244 2335 factum
3274 2291 3357 2336 est
3400 2299 3411 2334 :
3454 2291 3508 2335 et
3551 2296 3678 2336 ecce

2091 2370 2294 2437 subito,
2332 2385 2429 2439 per
2457 2371 2748 2441 imperium
2781 2372 2898 2436 Dei,
2939 2389 3131 2428 omnes
3160 2374 3391 2442 apostoli
3421 2374 3488 2429 de
3518 2375 3674 2434 locis,

2092 2461 2144 2514 in
2171 2462 2371 2531 quibus
2409 2463 2780 2531 praedicabant
2807 2464 3032 2518 verbum
3067 2464 3180 2531 Dei,
3221 2465 3414 2519 elevati
3448 2466 3500 2518 in
3531 2479 3678 2520 nunc

2089 2557 2229 2623 rapti
2274 2567 2421 2622 sunt,
2453 2568 2505 2612 et
2542 2558 2774 2628 depositi
2817 2568 2944 2613 ante
2973 2561 3174 2614 ostium
3204 2561 3424 2622 domus,
3478 2561 3532 2614 in
3568 2577 3676 2630 qua

2091 2651 2376 2706 habitabat
2421 2651 2590 2706 Maria
2631 2651 2850 2706 Domini
2895 2652 3067 2706 Mater
3094 2692 3112 2720 ,
3173 2662 3228 2707 et
3271 2655 3572 2709 salutantes
3621 2668 3680 2708 se

2090 2739 2348 2807 invicem,
2378 2745 2742 2805 mirabantur,
2769 2743 3016 2798 dicentes
3047 2762 3058 2796 :
3093 2743 3226 2810 Quae
3255 2756 3418 2800 causa
3453 2754 3566 2810 est,
3609 2743 3679 2797 ob

2090 2850 2256 2904 quam
2337 2835 2603 2890 Dominus
2657 2850 2759 2890 nos
2811 2835 2901 2890 hic
2959 2836 3012 2888 in
3069 2853 3238 2890 unum
3295 2835 3682 2908 congregavit!

2091 2929 2322 2983 Advenit
2364 2938 2546 2983 autem
2588 2943 2713 2982 eum
2752 2927 2832 2981 eis
2866 2926 3106 2994 Paulus,
3158 2945 3222 2983 ex
3261 2930 3682 2985 circumcisione

2091 3037 2416 3084 conversus,
2464 3022 2561 3091 qui
2597 3029 2916 3090 assumptus
2966 3022 3145 3075 fuerat
3183 3038 3306 3076 cum
3351 3022 3595 3077 Barnaba
3627 3023 3681 3076 in

2093 3114 2459 3169 ministerium
2502 3112 2766 3184 gentium.
2815 3112 3067 3182 Cumque
3103 3115 3243 3168 inter
3282 3129 3378 3168 eos
3413 3125 3558 3169 esset
3596 3116 3682 3184 pia

395 3186 616 3256 quidem
648 3188 845 3244 inferni
879 3208 988 3246 non
1020 3195 1238 3249 nocebit
1265 3196 1393 3263 tibi;
1431 3198 1862 3254 benedictionem
1894 3217 1990 3257 au-
2018 3205 2060 3262 C
2095 3208 2392 3274 contentio,
2423 3208 2547 3276 quis
2572 3223 2637 3260 ex
2671 3207 2751 3260 eis
2791 3206 2940 3274 prior
2971 3216 3150 3260 oraret
3180 3208 3246 3261 ad
3279 3206 3591 3269 Dominum,
3622 3219 3683 3262 ut

398 3285 508 3332 tem
548 3291 810 3336 aiternam
841 3284 989 3340 dedit
1035 3287 1133 3342 tibi
1164 3287 1428 3345 Dominus
1462 3289 1605 3346 Deus
1638 3301 1786 3358 tuus,
1829 3293 1988 3363 cujus

397 3384 500 3440 ego
542 3388 738 3430 servus
785 3391 930 3444 sum,
976 3387 1032 3432 et
1070 3382 1330 3448 nuntius;
1382 3398 1493 3438 non
1545 3385 1764 3440 videndi
1806 3396 1988 3442 autem

397 3461 706 3532 principem
757 3467 1106 3524 tenebrarum
1138 3510 1154 3534 ,
1206 3471 1459 3527 effectum
1510 3489 1621 3528 non
1681 3490 1710 3528 a
1755 3491 1842 3530 me
1891 3477 1989 3531 tibi

399 3549 645 3609 dandum
675 3559 982 3628 existimes,
1021 3563 1114 3617 sed
1146 3564 1214 3618 ab
1250 3565 1363 3631 illo,
1414 3581 1576 3634 quem
1609 3575 1663 3620 tu
1704 3569 1756 3620 in
1800 3578 1990 3624 sancto

402 3651 498 3698 tuo
545 3658 701 3703 utero
729 3651 1024 3722 bajulasti;
1059 3656 1233 3725 ipsius
1267 3659 1412 3711 enim
1458 3668 1542 3712 est
1591 3669 1830 3728 potestas
1876 3677 1991 3716 om-

403 3739 554 3794 nium
583 3741 636 3796 in
671 3747 868 3800 szecula
897 3750 1248 3804 saeculorum.
1276 3750 1342 3805 Et
1372 3752 1488 3806 haec
1515 3753 1704 3808 dicens
1741 3753 1987 3822 angelus,

404 3847 530 3886 cum
563 3850 764 3906 magno
788 3841 1104 3909 _splendore
1134 3844 1408 3899 discessit.
1439 3844 1628 3900 Palma
1679 3856 1861 3901 autem
1899 3847 1990 3903 illa

405 3923 647 3996 fulgebat
674 3930 838 3985 nimia
886 3933 1027 3988 luce.
1081 3933 1238 3990 Tunc
1265 3935 1435 3992 Maria
1461 3953 1670 3993 exuens
1706 3952 1765 3994 se
1798 3939 1993 4009 priori-

404 4017 508 4074 bus
541 4019 897 4088 indumentis,
945 4025 1122 4080 induit
1168 4029 1416 4084 meliora.
1453 4029 1520 4084 Et
1555 4031 1831 4100 accipiens
1871 4031 1992 4101 pal-

406 4124 575 4174 mam,
598 4128 762 4181 quam
796 4128 1112 4185 susceperat
1139 4119 1207 4173 de
1241 4137 1407 4175 manu
1432 4122 1632 4190 angeli,
1661 4137 1882 4193 egressa
1909 4133 1990 4178 est

407 4203 460 4256 in
495 4214 735 4260 montem
766 4207 984 4277 Oliveti,
1026 4221 1080 4265 et
1118 4213 1284 4282 ecepit
1311 4230 1490 4280 orare,
1536 4224 1590 4269 et
1620 4217 1830 4272 dicere:
1869 4216 1987 4272 Non

405 4312 509 4368 ego
539 4296 748 4354 fueram
790 4302 952 4372 digna
977 4344 992 4369 ,
1029 4303 1282 4372 Domine,
1334 4308 1615 4378 suscipere
1655 4319 1730 4375 te,
1779 4311 1884 4364 nisi
1934 4320 1991 4365 tu

406 4389 666 4447 misertus
696 4392 898 4450 fuisses
929 4396 1063 4462 mei;
1093 4397 1186 4451 sed
1221 4408 1403 4453 tamen
1433 4416 1535 4470 ego
1569 4401 1837 4456 eustodivi
1871 4402 1991 4456 the-

406 4497 634 4538 saurum
677 4494 867 4552 tuum,
909 4505 1072 4558 quem
1113 4495 1510 4549 commendasti
1559 4496 1712 4549 mihi.
1760 4495 1994 4566 Ideoque

405 4584 531 4644 peto
560 4591 590 4629 a
622 4585 696 4644 te,
736 4576 849 4633 Rex
879 4582 1086 4650 gloriae,
1114 4593 1173 4637 ut
1202 4599 1310 4638 non
1350 4596 1546 4641 noceat
1585 4587 1717 4642 mihi
1752 4598 1994 4658 potestas

406 4669 689 4736 gehennaa.
729 4670 788 4726 Si
836 4675 982 4728 enim
1031 4678 1155 4731 caeli
1194 4687 1248 4732 et
1283 4679 1459 4748 angeli
1498 4690 1626 4734 ante
1661 4691 1714 4736 te
1757 4693 1996 4739 tremunt

407 4761 676 4828 quotidie,
707 4775 914 4834 quanto
938 4770 1113 4839 magis
1142 4771 1307 4825 homo
1336 4773 1403 4826 de
1428 4783 1569 4828 terra
1599 4777 1873 4841 conditus,
1906 4779 1994 4832 cui

410 4852 548 4905 nihil
587 4857 786 4911 residet
833 4860 992 4927 boni;
1039 4864 1146 4918 nisi
1191 4876 1458 4935 quantum
1504 4869 1778 4936 acceperit
1822 4884 1852 4922 a
1903 4879 1993 4924 tua

410 4941 675 5000 bonitate.
727 4947 808 5004 Tu
837 4966 896 5005 es
925 4953 1071 5007 enim
1107 4954 1374 5012 Dominus
1403 4957 1546 5013 Deus
1575 4974 1791 5030 semper
1825 4962 1994 5016 bene-

410 5035 590 5093 dictus
622 5040 675 5093 in
707 5043 932 5097 sarcula!
981 5043 1047 5098 Et
1079 5062 1205 5102 cum
1236 5050 1351 5106 hinc
1376 5053 1624 5118 dixisset,
1661 5069 1880 5110 reversa
1913 5066 1998 5111 est

410 5127 468 5183 in
497 5129 794 5201 hospitium
823 5149 1005 5190 suum.

1027 5268 1257 5326 CAPUT
1306 5271 1395 5328 IV.

480 5379 548 5436 Et
573 5396 700 5438 ecce
729 5384 934 5452 subito,
977 5385 1110 5441 dum
1156 5389 1476 5457 prazdicaret
1529 5391 1723 5446 beatus
1757 5395 1996 5451 Joannes

410 5474 465 5529 in
503 5474 742 5546 Epheso,
783 5477 872 5532 die
917 5478 1224 5546 Dominica,
1271 5481 1407 5536 hora
1455 5483 1561 5538 diei
1615 5483 1794 5549 tertia,
1839 5495 1998 5540 terra:

411 5577 594 5623 motus
631 5568 810 5624 factus
830 5582 914 5626 est
937 5587 1202 5642 magnus;
1236 5583 1290 5627 et
1316 5575 1488 5630 nubes
1513 5575 1744 5630 elevavit
1763 5591 1912 5642 eum,
1944 5587 2000 5631 et

410 5663 652 5732 suscepit
696 5678 824 5717 eum
870 5664 940 5719 ab
968 5666 1145 5722 oculis
1189 5668 1459 5733 omnium,
1497 5677 1552 5723 et
1600 5667 1830 5722 adduxit
1871 5685 1998 5723 eum

411 5764 538 5809 ante
573 5755 778 5811 ostium
804 5755 1024 5826 domus,
1060 5759 1152 5813 ubi
1193 5767 1313 5814 erat
1358 5759 1508 5830 virgo
1540 5759 1771 5830 Deipara
1802 5761 1993 5817 Maria.

412 5845 474 5902 Et
503 5848 728 5916 pulsans
771 5848 995 5918 ostium,
1044 5851 1227 5907 statim
1263 5851 1546 5923 ingressus
1594 5863 1694 5910 est.
1729 5853 1863 5909 Cum
1920 5856 1997 5909 vi-

2093 3297 2404 3353 ostenderet
2435 3298 2542 3352 illis
2572 3312 2795 3351 causam
2840 3299 3104 3366 ipsorum,
3133 3307 3185 3350 ct
3218 3295 3415 3351 Petrus
3452 3295 3683 3350 Paulum

2093 3391 2428 3456 hortaretur,
2469 3401 2526 3443 ut
2574 3390 2723 3458 prior
2751 3399 2953 3455 oraret,
3007 3388 3209 3443 Paulus
3256 3389 3557 3458 respondit,
3593 3388 3677 3441 di-

2091 3497 2254 3537 cens:
2294 3481 2473 3536 Tuum
2511 3491 2596 3536 est
2630 3481 2776 3536 istud
2815 3480 3085 3546 cilicium,
3122 3482 3360 3549 primum
3398 3481 3681 3548 inchoare,

2092 3574 2330 3628 maxime
2357 3588 2483 3628 cum
2524 3574 2601 3628 sis
2650 3574 2858 3629 electus
2898 3589 2928 3626 a
2958 3570 3069 3627 Deo
3115 3573 3371 3628 columna
3400 3572 3680 3639 Ecclesiae,

2091 3679 2144 3721 et
2180 3677 2235 3722 tu
2268 3666 2532 3738 praecedis
2569 3681 2762 3720 omnes
2800 3666 2854 3719 in
2893 3667 3234 3736 apostolatu;
3273 3681 3453 3720 meum
3496 3675 3682 3720 autem

2093 3761 2350 3824 minime;
2395 3775 2520 3813 nam
2565 3774 2665 3828 ego
2699 3757 2958 3812 minimus
2984 3774 3102 3811 sum
3139 3758 3385 3812 omnium
3417 3765 3678 3821 vestrum,

2091 3859 2147 3904 et
2186 3860 2444 3920 tanquam
2475 3850 2721 3903 abortivo
2753 3848 2905 3902 visus
2949 3857 3032 3901 est
3083 3845 3217 3899 mihi
3254 3845 3538 3910 Christus,
3582 3861 3683 3898 nec

2093 3959 2181 3997 me
2205 3942 2363 3997 vobis
2392 3957 2610 4012 aequare
2656 3954 2951 4010 praesumo,
2999 3947 3179 3992 tamen
3223 3939 3393 4006 gratia
3425 3937 3519 3992 Dei
3559 3953 3682 3992 sum

2094 4035 2144 4088 id
2177 4035 2323 4105 quod
2355 4050 2499 4091 sum.

2702 4171 2934 4227 CAPUT
2976 4170 3061 4225 Vl.

2166 4287 2320 4343 Tunc
2351 4301 2546 4342 omnes
2580 4285 2813 4356 apostoli
2860 4285 3159 4355 gaudentes
3185 4297 3350 4349 super
3380 4277 3686 4333 humilitate

2094 4377 2267 4444 Pauli,
2291 4379 2624 4433 unanimiter
2639 4383 3160 4433 consummaverunt
3179 4375 3482 4428 orationem
3505 4389 3683 4428 suam.

2097 4471 2311 4526 Etcum
2336 4470 2500 4524 ﬁnem
2525 4469 2790 4525 orationis
2809 4469 3086 4534 fecissent,
3107 4475 3161 4521 et
3186 4467 3472 4532 dixissent,
3491 4467 3684 4526 Amen,

2027 4558 2070 4612 Ι)
2099 4580 2227 4618 ecce
2250 4563 2433 4619 subito
2456 4564 2605 4617 venit
2636 4563 2701 4617 ad
2731 4578 2826 4616 eos
2855 4560 2966 4615 Deo
2992 4561 3190 4630 dignus
3217 4559 3494 4627 apostolus
3517 4556 3684 4611 Joan-
3729 4608 3737 4615 _

2101 4671 2219 4719 nes,
2253 4664 2307 4710 et
2334 4655 2597 4709 indicavit
2637 4654 2717 4708 eis
2762 4651 2946 4706 omnia
2976 4651 3110 4704 hmc.
3147 4649 3380 4720 lngressi
3404 4664 3534 4719 ergo
3557 4655 3688 4716 apo.
3745 4644 3760 4663 "

2099 4749 2226 4803 stoli
2268 4748 2531 4813 domum,
2579 4749 2906 4801 invenerunt
2962 4742 3186 4797 Matrem
3232 4742 3450 4796 Domini
3509 4742 3684 4794 nostri

2099 4841 2324 4896 Mariam
2353 4881 2366 4899 .
2403 4849 2456 4894 et
2495 4840 2875 4893 salutaverunt
2921 4851 3040 4889 eam
3080 4836 3360 4888 dicentes:
3395 4833 3683 4887 Benedicta

2098 4943 2153 4987 tu
2191 4947 2223 4986 a
2271 4931 2505 4984 Domino
2529 4967 2545 4992 ,
2581 4929 2674 4997 qui
2711 4927 2834 4981 fecit
2879 4926 3079 4980 coelum
3116 4934 3170 4977 et
3217 4932 3438 4977 terram.
3473 4920 3685 4983 ()uihus

2097 5026 2187 5080 illa
2223 5024 2332 5078 ait:
2368 5022 2481 5076 Pax
2512 5021 2794 5074 vobiscum
2830 5020 2934 5082 sit,
2981 5017 3181 5071 fratres
3223 5014 3378 5068 electi
3421 5029 3450 5065 a
3497 5011 3684 5064 Domi~

2098 5135 2200 5184 no;
2244 5126 2298 5171 et
2338 5113 2692 5184 interrogavit
2735 5128 2830 5166 eos
2870 5111 3094 5165 dicens:
3141 5106 3430 5173 Quomodo
3458 5105 3564 5158 huc
3595 5121 3685 5159 vc-

2100 5211 2292 5266 nistis?
2324 5208 2428 5274 Qui
2463 5208 2608 5261 illico
2640 5212 3006 5260 narraverunt
3055 5203 3143 5268 ei,
3199 5199 3478 5269 quomodo
3513 5213 3684 5251 unus—

2098 5304 2331 5373 quisque
2363 5317 2428 5356 ex
2464 5301 2598 5370 ipsis
2631 5316 2661 5353 a
2701 5297 2903 5366 Spiritu
2941 5295 3035 5350 Dei
3069 5295 3312 5349 elevatus
3340 5293 3393 5345 in
3433 5291 3600 5356 nube,
3632 5301 3686 5343 et

2099 5395 2382 5464 depositus
2426 5392 2625 5446 ibidem
2677 5389 3046 5445 advenissent.
3090 5385 3302 5451 Quibus
3347 5385 3460 5453 ipsa
3505 5383 3683 5436 dixit:

2101 5485 2369 5540 Dominus
2420 5499 2515 5537 vos
2568 5484 2676 5536 huc
2727 5479 2957 5534 adduxit
3003 5479 3056 5530 in
3105 5476 3363 5531 solatium
3400 5471 3684 5527 ferendum

2101 5577 2400 5647 angustiis,
2441 5591 2564 5644 qua:
2596 5581 2842 5627 ventura:
2869 5579 2998 5626 sunt
3032 5568 3187 5622 mihi.
3244 5565 3400 5620 Nunc
3423 5580 3554 5635 ergo
3587 5565 3682 5618 dc-

2101 5686 2294 5741 preeor
2330 5685 2446 5733 vos,
2477 5678 2535 5723 ut
2559 5669 2677 5721 sine
2701 5665 3108 5720 intermissione
3128 5678 3320 5718 omnes
3354 5660 3683 5716 unanimiter

2102 5763 2387 5833 vigilemus
2414 5804 2426 5827 ,
2478 5776 2652 5830 usque
2693 5759 2749 5813 iu
2796 5758 2945 5812 illam
2989 5757 3220 5820 horam,
3267 5770 3375 5824 qua
3420 5751 3686 5806 Dominus

2105 5864 2363 5911 venturus
2395 5866 2497 5922 est,
2531 5867 2579 5910 et
2613 5868 2710 5924 ego
2743 5851 2808 5908 de
2844 5866 3072 5923 corpore
3092 5848 3197 5908 hoc
3225 5865 3346 5906 sum
3380 5859 3683 5904 recessura.

3536 393 3675 448 tesi
3727 409 3747 430 τ
