4130 6394
489 426 629 483 i235

1087 548 1316 605 CAPUT
1359 551 1463 608 Vll.

558 636 810 706 Cumque
840 639 1236 707 consedissent,
1267 653 1321 697 et
1344 644 1691 699 consolantes
1712 661 1855 714 eam,
1887 649 2067 704 triduo

490 728 548 783 in
578 728 673 784 Dei
712 730 963 785 laudibus
1007 733 1393 801 perstitissent,
1433 752 1560 792 ecce
1591 737 1677 792 die
1725 739 1885 794 tertia
1921 740 2067 796 circa

491 820 683 875 horam
710 824 922 877 tertiam
947 825 1075 890 diei,
1104 842 1268 895 super
1294 843 1506 892 omnes,
1536 830 1628 900 qui
1652 840 1808 884 erant
1827 832 1878 886 in
1902 832 2066 888 domo

491 913 581 967 illa
613 924 836 983 repente
862 931 1027 985 sopor
1059 919 1239 985 irruit,
1274 930 1328 974 et
1365 920 1551 976 nullus
1583 922 1812 976 omnino
1840 923 2067 993 vigilare

480 1008 684 1075 potuit,
721 1010 827 1063 nisi
868 1012 969 1065 soli
998 1013 1251 1081 apostoli,
1294 1021 1348 1067 et
1392 1021 1501 1069 tres
1540 1015 1917 1071 tantummodo
1956 1018 2066 1071 vir-

488 1098 671 1167 gines,
727 1116 849 1169 qua:
891 1117 1061 1156 sacra:
1093 1102 1301 1174 Virgini
1333 1105 1563 1161 comites
1617 1114 1793 1160 erant.
1842 1106 1909 1161 Et
1938 1123 2066 1163 ecce

488 1192 669 1246 subito
692 1194 911 1249 advenit
936 1194 1201 1251 Dominus
1236 1196 1394 1253 Jesus
1423 1214 1546 1253 cum
1582 1214 1777 1267 magna
1814 1202 2065 1255 multitu-

485 1282 613 1337 dine
636 1286 976 1354 angelorum,
1004 1298 1056 1340 et
1080 1289 1335 1357 splendor
1356 1306 1589 1361 magnus
1610 1293 1665 1347 in
1692 1290 1872 1348 locum
1910 1294 2063 1348 illum

484 1376 798 1443 descendit,
848 1390 903 1435 et
942 1390 1098 1435 erant
1130 1382 1307 1451 angeli
1358 1383 1622 1455 hymnum
1680 1384 1960 1453 dicentes,
2011 1397 2065 1442 et

484 1469 860 1527 collaudantes
894 1471 1208 1528 Dominum.
1261 1473 1415 1531 Tunc
1451 1475 1703 1531 Salvator
1734 1478 1949 1533 locutus
1982 1491 2065 1535 est

483 1560 673 1617 dicens
703 1582 715 1616 :
744 1561 901 1629 Veni,
932 1565 1102 1619 electa
1139 1581 1281 1631 mea,
1315 1568 1713 1636 pretiosissima
1749 1571 2061 1641 margarita,

485 1654 629 1710 intra
661 1656 715 1709 in
752 1658 1156 1725 receptaculum
1191 1662 1315 1715 vitae
1347 1670 1581 1716 aeterne.

1066 1793 1299 1849 CAPUT
1334 1794 1469 1853 Vlll.

1545 433 1600 486 S.
1646 432 1903 490 MELITO
1938 434 2246 491 SARDIUM
2277 431 2669 489 EPISCOPUS.

2092 562 2139 617 Α
2168 555 2384 619 Marim,
2428 564 2481 609 et
2525 555 2775 609 laverunt
2818 552 2949 607 illud
3002 551 3253 606 funerum
3296 564 3466 605 inore.
3502 548 3749 617 Cumque

3590 396 3750 482 1236

2170 647 2451 702 exuissent
2479 646 2627 698 illam
2658 644 2899 699 vestibus
2930 643 3078 706 suis;
3127 658 3347 697 sacrum
3379 657 3578 711 corpus
3613 640 3748 696 illud

2169 746 2320 793 tanta
2349 737 2596 793 claritate
2630 735 2983 805 reSplenduit,
3037 744 3096 789 ut
3130 735 3276 803 tangi
3308 733 3527 803 quidem
3564 740 3751 802 posset

2168 846 2270 901 pro
2301 829 2587 898 obsequio,
2632 827 2803 882 videri
2831 835 3012 881 autem
3042 827 3254 897 species
3287 840 3400 895 prae
3429 824 3600 878 nimia
3628 823 3749 877 luce

2169 928 2521 988 coruscante,
2557 934 2666 974 non
2699 928 2914 989 posset;
2964 926 3019 973 ct
3051 918 3308 987 splendor
3340 916 3595 985 apparuit
3631 930 3752 968 ma-

2168 1030 2344 1084 gnus,
2393 1022 2446 1067 et
2500 1012 2635 1065 nihil
2671 1011 3039 1074 sentiebatur,
3072 1009 3202 1064 dum
3235 1009 3510 1062 lavaretur
3546 1020 3752 1075 corpus

2168 1102 2621 1167 mundissimum,
2672 1109 2725 1155 et
2767 1100 2919 1153 nullo
2953 1100 3185 1153 horrore
3238 1098 3415 1153 sordis
3459 1095 3745 1150 infect-unt.

2167 1192 2416 1262 Cumque
2446 1192 2738 1247 vestissent
2766 1206 2888 1244 eam
2922 1190 3105 1244 linteis
3136 1198 3190 1243 et
3227 1188 3563 1242 indumentis
3598 1202 3751 1240 mor-

2166 1284 2407 1347 talibus,
2440 1283 2703 1353 paulatim
2744 1283 2838 1336 lux
2883 1282 2974 1336 illa
3026 1280 3265 1336 evanuit.
3318 1278 3383 1333 Et
3428 1288 3546 1334 erat
3578 1279 3751 1334 facies

2165 1377 2336 1432 beatae
2370 1376 2659 1432 Genitricis
2686 1375 2779 1429 Dei
2815 1374 2999 1429 Maria:
3030 1374 3226 1429 similis
3264 1371 3493 1427 floribus
3529 1372 3659 1435 lilii,
3694 1379 3749 1426 et

2165 1466 2299 1520 odor
2328 1465 2616 1519 suavitatis
2641 1480 2852 1535 magna:
2878 1463 3257 1533 egrediebatur
3285 1478 3351 1517 ex
3374 1478 3459 1528 ea,
3501 1462 3577 1516 ita
3613 1471 3671 1517 ut
3695 1461 3747 1517 ei

2166 1557 2360 1612 similis
2387 1556 2629 1611 suavitas
2662 1556 2895 1611 inveniri
2930 1556 3079 1610 nulla
3110 1565 3315 1625 posset.

2774 1687 3004 1743 CAPUT
3045 1688 3135 1743 XI.

2237 1798 2393 1853 Tunc
2423 1798 2590 1868 igitur
2620 1809 2869 1853 sanctum
2894 1814 3093 1870 corpus
3124 1800 3499 1869 imposuerunt
3524 1798 3748 1866 feretro,

554 1905 710 1962 Tunc
739 1906 908 1962 Maria
942 1910 1242 1978 prostravit
1274 1925 1333 1965 se
1362 1910 1416 1963 in
1446 1910 1779 1980 pavimento,
1826 1910 2064 1966 adorans
2094 1930 2136 1985 Β
2165 1892 2540 1985 dixeruntque:
2580 1891 2649 1946 ad
2703 1891 2937 1985 ίηνίοέω
3006 1892 3240 1985 δροεΡο-ίί
3274 1890 3458 1985 ignis
3505 1891 3748 1985 Palmam

482 1998 808 2066 Dominum,
857 2016 979 2069 qua:
1018 2000 1156 2056 dixit
1193 2020 1206 2055 :
1246 2001 1601 2057 Benedictum
1644 2017 1844 2058 nomen
1879 2004 2063 2073 gloria:

480 2104 608 2160 tuae,
650 2094 879 2149 Domine
909 2095 1053 2151 Deus
1098 2111 1277 2161 meus,
1330 2097 1426 2166 qui
1467 2098 1724 2170 dignatus
1753 2114 1813 2154 es
1844 2114 1932 2153 me
1959 2098 2062 2152 hu-

478 2186 764 2242 millimam
815 2188 1069 2242 ancillam
1115 2197 1267 2242 tuam
1296 2189 1516 2259 eligere,
1563 2200 1617 2245 et
1666 2206 1930 2246 arcanum
1981 2190 2061 2244 tui

477 2280 724 2351 mysterii
782 2280 916 2333 mihi
962 2281 1366 2337 commendare.
1438 2280 1647 2336 Memor
1708 2282 1874 2353 igitur
1939 2292 2061 2337 esto

476 2373 606 2439 mei,
659 2370 771 2426 Rex
813 2372 1018 2443 gloriae.
1080 2371 1162 2426 Tu
1192 2373 1336 2427 enim
1370 2374 1478 2429 scis
1508 2374 1635 2444 quia
1668 2374 1723 2427 in
1753 2382 1868 2428 toto
1897 2374 2063 2429 corde

476 2479 601 2527 meo
636 2464 798 2519 dilexi
842 2474 913 2529 te,
966 2474 1019 2519 et
1060 2464 1329 2521 custodivi
1377 2466 1698 2521 thesaurum
1744 2481 1776 2521 a
1826 2475 1881 2521 te
1922 2467 2060 2521 mihi

476 2554 764 2610 creditum.
819 2554 1046 2624 Suscipe
1092 2554 1274 2625 itaque
1324 2572 1441 2622 me,
1490 2556 1751 2622 Domine,
1803 2556 2059 2611 ancillam

478 2658 649 2713 tuam,
684 2656 738 2700 et
763 2646 933 2702 libera
968 2661 1055 2701 me
1085 2662 1115 2700 a
1139 2654 1407 2715 potestate
1444 2648 1815 2713 tenebrarum,
1846 2658 1908 2704 ut
1938 2650 2062 2705 nul-

478 2740 567 2795 lus
598 2739 812 2793 Satanae
847 2741 1081 2809 impetus
1124 2748 1376 2794 occurrat
1406 2740 1561 2806 mihi,
1596 2756 1696 2796 nec
1732 2742 1945 2797 videam
1976 2750 2060 2797 te-

481 2840 599 2886 tros
635 2832 861 2901 spiritus
900 2842 1273 2889 occursantes.
1313 2834 1414 2887 Cui
1451 2833 1705 2888 Salvator
1744 2833 2057 2903 respondit:

480 2924 619 2980 Cum
649 2940 748 2995 ego
778 2925 982 2981 missus
1009 2940 1040 2978 a
1068 2923 1229 2979 Patre
1259 2940 1359 2995 pro
1389 2925 1563 2981 salute
1602 2924 1793 2979 mundi
1832 2924 2057 2980 fuissem

480 3036 785 3091 suspensus
833 3021 887 3074 in
936 3034 1135 3087 cruce,
1169 3020 1235 3074 ad
1276 3036 1364 3076 me
1403 3021 1659 3092 princeps
1707 3022 2059 3077 tenebrarum

477 3111 649 3177 venit,
691 3110 782 3165 sed
829 3110 956 3164 dum
996 3111 1206 3166 nullum
1240 3111 1324 3166 sui
1353 3112 1406 3165 in
1442 3126 1529 3167 me
1562 3113 1744 3182 operis
1772 3113 2059 3182 vestigium

477 3202 724 3257 invenire
768 3201 1071 3270 praevaluit,
1100 3201 1279 3257 victus
1311 3210 1367 3257 et
1394 3202 1747 3258 conculcatus
1771 3204 2055 3259 abscessit.

2166 1984 2307 2039 hanc
2346 1992 2473 2038 ante
2516 1981 2778 2038 feretrum
2825 1983 2948 2053 ejus
2995 1983 3269 2054 portabit?
3309 1983 3465 2039 Tunc
3508 1982 3749 2040 Joannes

2162 2076 2238 2131 ait
2263 2076 2331 2131 ad
2358 2075 2613 2130 Petrum:
2657 2074 2736 2129 Tu
2774 2076 2869 2146 qui
2901 2076 3163 2145 praacedis
3195 2090 3298 2131 nos
3328 2077 3383 2131 in
3415 2078 3746 2147 apostolatu,

2159 2170 2324 2224 debes
2349 2168 2584 2238 palmam
2616 2169 2759 2223 hanc
2784 2177 2909 2223 ante
2935 2168 3196 2223 feretrum
3225 2169 3423 2224 merito
3452 2168 3616 2225 ferre.
3642 2168 3749 2225 Cui

2159 2257 2353 2314 Petrus
2386 2258 2670 2329 respondit
2698 2277 2711 2313 :
2738 2258 2821 2313 Tu
2867 2258 3019 2314 solus
3068 2274 3135 2314 ex
3175 2259 3334 2315 nobis
3358 2260 3514 2331 virgo
3544 2275 3605 2315 es
3638 2260 3750 2315 ele-

2160 2360 2282 2407 ctus
2329 2368 2358 2406 a
2391 2350 2657 2406 Domino:
2718 2360 2773 2406 et
2815 2359 3024 2405 tantam
3072 2351 3304 2421 gratiam
3347 2350 3637 2419 invenisti,
3686 2358 3751 2406 ut

2162 2460 2327 2514 super
2364 2454 2554 2515 pectus
2596 2444 2715 2513 ejus
2764 2443 3132 2498 recumberes.
3193 2442 3420 2514 Insuper
3462 2445 3593 2499 dum
3630 2444 3751 2514 ipse

2162 2553 2262 2606 pro
2297 2536 2472 2590 salute
2504 2543 2693 2589 nostra
2736 2538 2793 2589 in
2836 2534 3019 2590 crucis
3056 2534 3241 2604 stipite
3284 2536 3567 2605 penderet,
3604 2536 3749 2591 hanc

2164 2630 2260 2683 tibi
2310 2644 2405 2683 ore
2450 2629 2673 2700 pr0prio
2711 2627 3141 2683 commendavit.
3195 2627 3274 2682 Tu
3319 2629 3485 2699 igitur
3530 2639 3749 2699 portare

2162 2723 2328 2778 debes
2354 2722 2495 2776 hanc
2524 2722 2784 2792 palmam,
2818 2732 2873 2776 et
2905 2737 3009 2791 ego
3038 2721 3339 2791 suscipiam
3373 2722 3441 2776 ad
3464 2723 3748 2778 sustinen-

2161 2814 2290 2869 dum
2328 2821 2737 2868 sacrosanctum
2773 2812 2879 2867 hoc
2906 2822 2961 2867 et
2988 2812 3303 2867 venerabile
3329 2828 3532 2882 corpus
3573 2829 3749 2884 usque

2162 2907 2229 2960 ad
2273 2906 2451 2959 locum
2494 2905 2859 2961 monumenti.
2892 2905 2991 2960 Cui
3023 2903 3227 2961 Paulus
3266 2906 3375 2959 ait:
3421 2904 3489 2959 Et
3523 2921 3624 2976 ego
3652 2906 3749 2976 qui

2157 2998 2345 3067 junior
2404 3014 2525 3053 sum
2576 2996 2821 3051 omnium
2890 3008 3180 3063 vestrum,
3252 2998 3486 3067 portabo
3544 3007 3745 3054 tecum.

2160 3092 2410 3160 Cumque
2453 3094 2862 3148 consensissent
2910 3108 3145 3158 omnes,
3199 3090 3398 3147 Petrus
3445 3092 3668 3147 elevans
3714 3108 3749 3147 a

2161 3184 2338 3253 capite
2384 3185 2643 3238 feretrum
2688 3167 2855 3254 cmpit
2895 3184 3160 3254 psallere,
3216 3192 3271 3239 et
3325 3185 3546 3240 dicere:
3595 3184 3748 3238 Exit:

476 3293 622 3360 Vidi,
657 3303 709 3348 ει
732 3303 791 3349 ω
822 3309 953 3364 ergo
982 3294 1193 3349 videbis
1219 3309 1345 3349 eum
1375 3294 1595 3365 quidem
1628 3296 1907 3350 communi
1942 3296 2059 3367 lege
2086 3270 2128 3327 C
2162 3275 2335 3329 Israel
2366 3276 2431 3330 de
2459 3276 2716 3347 zEgypto,
2768 3276 3021 3331 Alleluia.
3060 3276 3379 3331 Sustinebat
3409 3286 3591 3333 autem
3621 3293 3747 3331 cum

476 3387 699 3441 humani
732 3387 969 3458 generis,
1026 3402 1123 3457 per
1169 3404 1334 3458 quam
1371 3389 1588 3443 sortitis
1636 3391 1801 3443 linem
1841 3391 2057 3458 mortis,

475 3494 674 3533 nocere
702 3490 883 3533 autem
917 3494 1025 3533 non
1058 3481 1256 3549 poterit
1292 3480 1413 3545 tibi,
1455 3480 1586 3550 quia
1626 3482 1764 3536 nihil
1796 3483 1850 3536 in
1882 3491 1934 3536 te
1963 3483 2061 3537 ha-

474 3570 587 3636 bet,
622 3580 675 3626 et
701 3572 829 3641 quia
857 3582 1036 3626 tecum
1073 3588 1218 3640 sum,
1270 3582 1331 3629 ut
1375 3589 1565 3629 eruam
1597 3582 1669 3628 te.
1714 3572 1844 3628 Veni
1895 3575 2061 3645 igitur

469 3662 587 3733 jam
619 3678 832 3729 secura,
863 3666 991 3734 quia
1018 3674 1296 3735 exspectat
1332 3675 1385 3722 te
1417 3666 1657 3722 caelestis
1693 3666 1815 3721 vita:
1844 3668 2057 3735 militia,

476 3763 538 3808 ut
566 3764 618 3808 te
646 3754 988 3809 introducam
1014 3754 1069 3809 in
1093 3757 1332 3825 paradisi
1365 3758 1585 3828 gaudia.
1619 3756 1685 3812 Et
1708 3758 1825 3813 haec
1846 3759 2060 3813 dicente

476 3839 1050 3913 Domino,exsurgens
1079 3842 1396 3901 beatissima
1427 3844 1594 3918 Virgo
1627 3847 1695 3901 de
1722 3848 2056 3919 pavimento,

475 3933 735 3990 accubuit
766 3952 929 4006 super
967 3937 1167 3995 lectum
1198 3954 1384 4007 suum,
1427 3948 1482 3994 et
1512 3940 1719 4011 gratias
1750 3955 1917 4011 agens
1947 3939 2058 3996 Do-

474 4026 627 4080 tnino
669 4025 815 4095 Deo,
862 4028 1045 4085 emisit
1088 4030 1363 4101 spiritum.
1406 4028 1672 4086 Viderunt
1704 4040 1885 4087 autem
1926 4047 2059 4102 apo-

475 4118 603 4174 stoli
648 4127 862 4174 tantum
892 4120 1033 4176 lucis
1065 4121 1383 4188 candorem,
1432 4130 1495 4176 ut
1541 4123 1691 4177 nulla
1741 4123 2055 4178 mortalium

473 4206 660 4277 lingua
688 4208 850 4280 digne
897 4210 1070 4278 possit
1114 4210 1289 4267 eﬂ‘ari.
1333 4210 1597 4266 Vincebat
1643 4213 1788 4267 enim
1836 4228 2055 4269 omnem

474 4298 770 4354 candorem
805 4300 966 4363 nivis,
995 4308 1051 4356 et
1077 4302 1320 4358 universi
1354 4303 1591 4370 metalli,
1633 4312 1688 4357 et
1712 4304 1924 4374 argenti
1968 4320 2058 4360 ra-

472 4386 676 4444 diantis
717 4405 913 4459 magna
947 4391 1214 4446 claritate.

1080 4527 1310 4584 CAPUT
1346 4528 1438 4584 IX.

544 4638 699 4695 Tunc
729 4638 980 4697 Salvator
1009 4642 1226 4698 locutus
1256 4652 1359 4710 est,
1390 4642 1611 4697 dicens:
1644 4640 1837 4713 Surge,
1869 4641 2048 4707 Petre,
2084 4618 2129 4672 Β

471 4739 529 4787 tu
554 4742 608 4788 et
630 4733 826 4803 reliqui
854 4734 1113 4803 apostoli,
1148 4746 1201 4790 et
1230 4750 1434 4805 corpus
1466 4734 1653 4790 Mariae
1678 4735 1889 4791 dilecta:
1919 4751 2055 4791 mea:

470 4825 722 4896 accipite,
767 4834 823 4881 et
858 4826 1063 4883 deferte
1095 4828 1229 4882 illud
1261 4826 1316 4881 in
1363 4828 1646 4882 dexteram
1682 4837 1889 4898 partem
1918 4828 2054 4883 civi-

467 4920 596 4975 tatis
627 4920 695 4975 ad
724 4920 1023 4988 orientem,
1064 4929 1117 4975 et
1166 4920 1454 4975 invenietis
1495 4929 1911 4975 monumentum
1953 4935 2054 4975 no-

469 5022 619 5073 vum,
645 5007 698 5060 in
721 5022 832 5076 quo
853 5016 1117 5076 ponentes
1135 5022 1277 5072 eam,
1301 5013 1611 5075 exspectate
1634 5006 1810 5061 donec
1835 5005 2048 5061 veniam

469 5098 533 5152 ad
568 5113 687 5155 vos.
740 5098 808 5153 Et
850 5099 965 5154 haec
1006 5100 1194 5155 dicens
1235 5098 1500 5153 Dominus
1545 5097 1768 5153 tradidit
1809 5097 2050 5151 animam

466 5200 675 5247 sanctte
704 5192 898 5247 matris
950 5201 1149 5247 nostra:
1188 5189 1404 5253 Mariae,
1434 5189 1686 5245 Michaeli
1721 5189 2049 5260 archangelo

466 5300 591 5352 suo,
620 5288 716 5355 qui
743 5293 827 5340 est
858 5284 1184 5354 praapositus
1215 5282 1478 5353 paradisi,
1508 5289 1563 5337 et
1587 5283 1840 5353 princeps
1871 5278 2050 5351 gentis

467 5374 853 5431 Hebraeorum:
886 5386 940 5431 et
987 5376 1205 5433 Gabriel
1247 5376 1608 5446 archangelus
1642 5376 1756 5429 ibat
1796 5388 1919 5429 cum
1960 5388 2044 5427 ea.

467 5470 737 5527 Dominus
773 5479 955 5525 autem
992 5469 1242 5524 Salvator
1282 5478 1469 5524 noster
1511 5470 1707 5539 statim
1750 5468 1807 5523 in
1846 5468 2047 5528 coalqu

464 5579 589 5618 cum
618 5563 825 5634 angelis
848 5572 1099 5632 receptus
1129 5570 1230 5617 est.

1089 5694 1319 5751 CAPUT
1358 5694 1425 5748 X.

536 5786 671 5842 Tres
701 5796 885 5843 autem
916 5789 1155 5860 virgines
1192 5805 1314 5859 quae
1347 5789 1544 5843 ibidem
1578 5798 1765 5856 erant,
1811 5798 1865 5845 et
1904 5787 2044 5859 vigio

464 5881 689 5944 labant;
751 5890 1108 5952 susceperunt
1157 5895 1357 5951 corpus
1415 5881 1743 5938 beatissima:
1805 5882 2044 5952 parentis

2162 3385 2229 3422 eo
2269 3368 2491 3435 Paulus,
2536 3385 2754 3424 sacrum
2803 3370 2973 3425 beata:
3028 3384 3244 3438 semper
3274 3370 3506 3439 virginis
3562 3368 3747 3423 Maria:

2163 3475 2385 3529 corpus,
2436 3468 2491 3514 et
2536 3458 2776 3515 Joannes
2805 3468 2931 3514 ante
2961 3458 3223 3513 feretrum
3254 3457 3578 3529 praeferebat
3624 3462 3744 3528 pal—

2162 3567 2307 3605 mam
2348 3551 2596 3607 luntinis.
2633 3550 2829 3606 Caneri
2859 3566 2988 3605 vero
3016 3551 3251 3621 apostoli
3278 3550 3581 3620 psallebant
3611 3563 3743 3603 voce

2163 3644 2511 3699 suavissima.

2746 3752 2981 3808 CAPUT
3019 3752 3137 3809 Xll.

2230 3844 2297 3900 Et
2333 3859 2459 3900 ecce
2490 3858 2692 3898 novum
2729 3843 2933 3899 factum
2968 3852 3053 3899 est
3086 3843 3435 3897 miraculum.
3475 3839 3745 3911 Apparuit

2160 3938 2307 3992 enim
2351 3952 2557 3993 corona
2600 3937 2762 3992 nubis
2802 3952 2966 4007 super
3014 3935 3275 3991 feretrum
3316 3949 3513 4003 magna
3554 3931 3743 3998 valde,

2160 4033 2301 4086 sicut
2329 4046 2592 4101 apparere
2635 4030 2775 4086 solet
2819 4044 3051 4099 magnus
3089 4027 3330 4083 circulus
3371 4026 3527 4096 juxta
3560 4024 3745 4093 splen-

2158 4124 2348 4178 dorem
2378 4122 2541 4177 lunaa.
2583 4121 2648 4176 Et
2684 4122 3004 4192 angelorum
3043 4120 3320 4174 exercitus
3348 4127 3465 4172 erat
3497 4117 3552 4170 in
3582 4115 3744 4170 nubi-

2158 4215 2285 4280 bus,
2317 4215 2591 4270 canticum
2624 4215 2910 4269 suavitatis
2938 4212 3323 4277 emittentium,
3362 4220 3415 4265 et
3452 4208 3745 4263 resonabat

2160 4318 2303 4362 terra
2331 4308 2513 4363 sonitu
2559 4305 2866 4361 dulcedinis
2909 4319 3138 4375 magnae.
3188 4302 3342 4357 Tunc
3384 4316 3638 4372 egressus
3676 4300 3744 4355 de

2158 4401 2377 4455 civitate
2414 4397 2649 4469 populus
2696 4398 2810 4452 fere
2844 4396 3153 4467 quindecim
3194 4394 3362 4448 millia
3419 4392 3739 4455 hominum,

2157 4492 2522 4557 mirabantur,
2553 4488 2829 4545 dicentes:
2875 4487 3012 4555 Quis
3053 4497 3138 4543 est
3178 4486 3393 4542 sonitus
3419 4493 3584 4539 tanta:
3613 4498 3743 4537 sua—

2158 4581 2380 4636 vitatis?
2409 4579 2565 4635 Tunc
2601 4579 2751 4633 stetit
2790 4594 2971 4642 unus,
3008 4578 3101 4648 qui
3143 4578 3346 4633 diceret
3381 4576 3527 4630 illis:
3569 4573 3741 4628 Maria

2158 4672 2331 4729 Mater
2349 4671 2481 4728 Jesu
2511 4672 2646 4728 exiit
2670 4672 2835 4726 modo
2857 4672 2925 4725 de
2958 4686 3207 4741 corpore,
3242 4679 3297 4724 et
3325 4667 3579 4737 discipuli
3607 4665 3739 4721 Jesu

2155 4764 2303 4820 circa
2340 4779 2462 4818 eam
2510 4763 2700 4818 laudes
2740 4764 2951 4818 dicunt.
2984 4760 3051 4815 Et
3090 4761 3442 4830 respicientes
3487 4759 3741 4813 viderunt

2154 4866 2477 4912 coronatum
2521 4854 2703 4908 feretri
2746 4852 3005 4908 lectulum
3042 4866 3240 4921 magna
3285 4850 3477 4920 gloria,
3519 4857 3572 4903 et
3603 4863 3739 4917 apo-

2156 4950 2328 5006 stolos
2363 4956 2651 5002 cantantes
2686 4962 2816 5000 voce
2846 4960 3061 5013 magna.
3103 4942 3170 4997 Et
3194 4958 3321 4996 ecce
3351 4958 3492 4996 unus
3515 4957 3582 4994 ex
3608 4940 3736 5005 illis,

2154 5042 2246 5113 qui
2277 5048 2396 5097 erat
2430 5040 2685 5110 princeps
2726 5036 3071 5093 sacerdotum
3104 5033 3417 5089 Judaeorum
3450 5033 3506 5085 in
3546 5031 3739 5085 ordine

2154 5151 2255 5191 suo
2286 5134 2528 5203 repletus
2556 5141 2639 5186 est
2667 5129 2854 5183 furore
2882 5137 2937 5182 et
2970 5129 3073 5195 ira,
3109 5138 3163 5181 et
3193 5127 3331 5181 dixit
3358 5125 3425 5179 ad
3460 5124 3732 5194 reliquos:

2153 5226 2290 5282 Ecce
2320 5224 2733 5280 tabernaculum
2775 5222 2923 5276 illius
2952 5221 3047 5291 qui
3086 5234 3187 5274 nos
3216 5218 3456 5272 turbavit
3490 5226 3544 5271 et
3574 5230 3735 5271 omne

2152 5335 2323 5390 genus
2366 5327 2650 5383 nostrum,
2692 5315 2910 5385 qualem
2949 5312 3179 5384 gloriam
3222 5326 3369 5365 nunc
3397 5308 3631 5378 accipit?
3670 5305 3737 5360 Et

2151 5415 2417 5469 accedens
2461 5412 2634 5467 voluit
2676 5418 2921 5465 evertere
2975 5409 3231 5462 feretrum
3259 5446 3275 5471 ,
3319 5414 3375 5459 et
3417 5418 3617 5472 corpus
3667 5400 3735 5454 ad

2151 5515 2353 5561 terram
2392 5506 2649 5575 dejicere.
2685 5502 2752 5556 Et
2780 5503 2963 5556 statim
2994 5506 3261 5554 aruerunt
3308 5510 3505 5551 manus
3542 5494 3663 5562 ejus
3702 5505 3738 5547 a

2150 5599 2370 5665 cubitis,
2403 5608 2467 5652 et-
2490 5598 2841 5652 adhaeserunt
2869 5594 3093 5650 lectulo.
3134 5590 3201 5644 Et
3226 5588 3570 5644 elevantibus
3600 5597 3739 5653 apo-

2149 5692 2306 5747 stolis
2334 5689 2615 5755 feretrum,
2656 5704 2783 5758 pars
2819 5688 2940 5757 ejus
2983 5685 3273 5756 pendebat,
3306 5690 3363 5736 et
3394 5695 3521 5750 pars
3556 5678 3734 5731 hatre-

2149 5786 2242 5841 bat
2278 5784 2345 5838 ad
2381 5783 2565 5839 feretri
2611 5781 2871 5836 lectulum
2898 5821 2913 5847 ,
2956 5787 3010 5835 et
3056 5776 3420 5847 torquebatur
3463 5767 3735 5841 supplicio

2148 5878 2475 5944 vehementi,
2510 5873 2917 5932 ambulantibus
2953 5870 3239 5944 apostolis,
3280 5878 3336 5924 et
3372 5860 3732 5939 psallentibus
