4130 6376
438 357 460 411 I
475 356 575 410 257

1894 347 2022 404 SPU
2031 345 2167 401 RIA.

3560 342 3698 397 I958

439 448 672 502 Domino
698 466 711 502 :
735 448 922 517 Angeli
949 462 1066 501 vero
1100 446 1192 517 qui
1220 456 1372 501 erant
1402 447 1459 501 in
1483 445 1618 500 nube
1650 452 2019 513 percusserunt
2049 446 2097 503 Α
2123 454 2267 494 mam
2304 452 2468 508 super
2497 436 2683 492 oculos
2716 449 2930 499 eorum,
2965 443 3286 505 receperunt
3322 434 3519 490 visum.
3569 434 3701 501 Qni-

428 540 683 611 papulum
716 542 973 595 cwcitate.

1024 670 1255 728 CAPUT
1294 669 1434 727 XIII.

501 785 656 841 Tunc
684 786 937 857 princeps
965 785 1053 841 ille
1086 787 1357 842 clamabat
1396 786 1583 841 dicens
1611 803 1621 838 :
1649 783 1916 853 Deprecor
1943 791 2015 848 te,

428 879 623 934 dilecte
651 877 762 933 Deo
794 878 970 945 Petre,
1014 893 1085 932 ne
1126 893 1213 931 me
1240 877 1509 947 despicias
1548 878 1604 930 in
1639 884 1789 929 tanta
1831 891 2017 931 neces-

432 969 615 1035 sitate,
646 968 775 1038 quia
807 970 1094 1023 tormentis
1121 968 1333 1039 magnis
1357 967 1572 1023 crucior
1600 966 1777 1021 valde.
1805 964 2015 1019 Memor

429 1066 549 1113 esto
571 1059 718 1128 quod
750 1057 971 1129 quando
999 1059 1055 1111 in
1080 1058 1331 1128 praetorio
1362 1057 1561 1112 ancilla
1589 1056 1813 1111 ostiaria
1847 1065 1897 1111 te
1927 1071 2013 1111 re-

427 1152 705 1219 c0gnovit,
748 1162 803 1205 et
835 1151 970 1205 dixit
1005 1151 1247 1215 caeteris,
1281 1159 1341 1205 ut
1379 1150 1847 1205 calumniarentur
1888 1149 2007 1214 tibi,

432 1254 565 1299 tunc
592 1259 693 1314 ego
716 1245 932 1299 locutus
956 1260 1076 1298 sum
1102 1258 1203 1313 pro
1232 1252 1281 1297 te
1306 1242 1469 1296 bona.
1496 1242 1651 1295 Tunc
1670 1239 2011 1309 respondens

427 1332 621 1388 Petrus
651 1333 727 1387 ait
760 1351 773 1386 :
808 1331 925 1387 Non
957 1340 1041 1386 est
1078 1347 1259 1385 meum
1291 1330 1543 1384 auxiliari
1575 1330 1707 1395 tibi;
1752 1330 1798 1383 si
1828 1341 2008 1384 autem

426 1422 725 1478 credideris
756 1431 872 1478 toto
902 1422 1068 1477 corde
1092 1422 1147 1475 in
1183 1421 1471 1476 Dominum
1494 1420 1681 1475 Jesum
1704 1418 2005 1487 Christum,

424 1530 588 1583 quem
622 1515 678 1569 in
715 1530 817 1570 suo
853 1525 1045 1571 sancto
1068 1524 1225 1570 utero
1257 1515 1375 1569 haec
1408 1514 1496 1569 cui
1527 1514 1894 1568 calumniatus
1925 1529 2005 1579 es,

426 1605 592 1676 Virgo
622 1608 892 1677 portavit,
939 1615 993 1661 et
1032 1616 1155 1676 post
1210 1615 1425 1676 partum
1474 1607 1627 1675 virgo
1672 1605 2005 1673 permansit,

424 1698 716 1754 clementia
761 1699 977 1753 Domini
1008 1708 1061 1753 et
1089 1700 1238 1770 larga
1277 1698 1396 1768 ejus
1424 1699 1635 1767 pietas,
1677 1712 1798 1767 quae
1829 1698 2006 1752 salvat

2122 546 2339 601 cunque
2373 539 2580 584 tantum
2610 545 2675 582 ex
2712 530 2791 583 eis
2829 538 3207 598 permanentes
3245 528 3299 581 in
3332 528 3535 582 duritia
3577 544 3698 583 cor-

2121 602 2227 690 dis,
2272 625 2398 681 caeci
2442 624 2642 678 mortui
2672 633 2817 677 sunt.
2854 622 2919 675 Et
2948 638 3200 689 egressus
3232 620 3484 690 princeps
3516 634 3701 675 sacer-

2119 720 2306 774 dotum
2332 718 2398 771 ad
2424 717 2720 786 apostolos,
2751 716 2932 769 retulit
2957 716 3216 785 palmam,
3246 712 3488 767 referens
3514 713 3701 768 omnia

2119 826 2241 881 qua:
2271 809 2484 864 fuerant
2514 807 2672 862 facta.

2701 962 2928 1019 CAPUT
2970 962 3107 1016 XVI.

2189 1078 2414 1132 Mariam
2441 1088 2620 1131 autem
2656 1084 2935 1146 portantes
2969 1076 3198 1145 apostoli
3229 1086 3592 1145 pervenerunt
3629 1075 3698 1130 ad

2116 1172 2299 1225 locum
2327 1170 2484 1223 vallis
2512 1168 2792 1238 Josaphat,
2835 1184 2995 1237 quem
3039 1167 3348 1223 ostenderat
3374 1168 3478 1222 illis
3509 1167 3697 1221 Domi-

2113 1280 2239 1317 nus.
2288 1262 2354 1315 Et
2406 1269 2706 1329 posuerunt
2745 1275 2863 1313 eam
2914 1260 2967 1311 in
3011 1267 3365 1313 monumento
3410 1273 3587 1322 novo,
3643 1266 3697 1312 et

2114 1358 2429 1411 clauserunt
2453 1354 2786 1422 sepulcrum.
2821 1352 2924 1421 Ipsi
2961 1367 3088 1406 vero
3122 1351 3463 1405 sederuntad
3490 1350 3694 1404 ostium

2113 1445 2453 1501 monumenti
2485 1483 2498 1505 ,
2568 1444 2707 1497 sicut
2757 1443 3110 1496 mandaverat
3157 1443 3237 1497 eis
3286 1441 3569 1496 Dominus.
3627 1439 3697 1495 Et

2108 1548 2235 1586 ecce
2273 1531 2454 1585 subito
2485 1531 2699 1584 advenit
2740 1530 3003 1585 Dominus
3039 1529 3197 1586 Jesus
3228 1547 3348 1585 cum
3380 1532 3696 1584 innumera-

2110 1624 2205 1679 bili
2244 1625 2486 1680 exercitu
2519 1625 2835 1694 angelorum
2878 1638 3087 1694 magna:
3116 1622 3378 1677 claritatis
3410 1623 3560 1677 radio
3601 1639 3695 1677 co-

2112 1726 2389 1782 ruscante,
2424 1724 2478 1770 et
2515 1714 2654 1769 dixit
2688 1714 2948 1784 apostolis
2995 1734 3007 1768 :
3047 1712 3154 1768 Pax
3184 1715 3483 1769 vobiscum.
3521 1716 3590 1768 At
3617 1714 3693 1767 illi

424 1788 699 1859 indignos,
728 1792 879 1845 dabit
909 1791 1004 1845 tibi
1029 1792 1278 1847 salutem.
1317 1790 1399 1844 Ad
1426 1794 1543 1844 hzec
1579 1789 1665 1843 ille
1690 1789 1998 1858 respondit:

2113 1810 2505 1879 respondentes
2542 1809 2829 1863 dixerunt:
2865 1806 2986 1861 Fiat
3025 1807 3397 1861 misericordia
3430 1816 3551 1873 tua,
3594 1806 3696 1860 Do-

422 1878 681 1948 Nunquid
717 1896 827 1935 non
865 1881 1181 1936 credimus?
1226 1880 1320 1937 sed
1364 1881 1497 1951 quid
1532 1881 1830 1949 faciemus,
1875 1882 2003 1952 quia

422 1970 680 2027 inimicus
714 1971 941 2026 humani
968 1973 1179 2042 generis
1205 1973 1496 2027 excaecavit
1515 1974 1677 2028 corda
1706 1983 1912 2041 nostra,
1950 1983 2004 2030 et

419 2062 672 2116 confusio
700 2062 916 2132 operuit
944 2064 1153 2118 vultum
1198 2074 1478 2131 nostrum,
1530 2080 1599 2119 ne
1642 2067 2001 2123 conﬁteamur

420 2154 695 2225 magnalia
718 2152 831 2219 Dei,
863 2155 1100 2208 maxime
1126 2170 1251 2209 cum
1276 2154 1378 2223 ipsi
1403 2154 1785 2211 malediximus
1810 2166 2000 2212 contra

419 2244 700 2301 Christum
754 2246 932 2315 palam
1000 2246 1347 2300 clamantes:
1385 2244 1615 2316 Sanguis
1666 2247 1779 2316 ejus
1844 2265 2001 2317 super

419 2354 534 2404 nos,
572 2346 621 2390 et
650 2352 808 2405 super
835 2336 977 2404 ﬁlios
1004 2346 1252 2389 nostrosll
1281 2339 1307 2393 .9
1339 2334 1493 2390 Tunc
1526 2335 1719 2391 Petrus
1754 2336 2002 2393 ait:Haec

423 2429 735 2483 maledictio
769 2429 838 2483 iis
869 2429 999 2485 solis
1045 2429 1290 2494 nocebit,
1337 2430 1433 2498 qui
1466 2428 1712 2485 infideles
1746 2445 1999 2499 perman—

416 2519 606 2574 serint.
650 2519 1107 2574 Convertentibus
1138 2529 1318 2575 autem
1360 2535 1419 2575 se
1449 2521 1517 2573 ad
1556 2518 1747 2585 Deum,
1783 2521 1998 2576 miseri-

414 2613 603 2668 cordia
634 2626 744 2666 non
790 2620 1039 2681 negatur.
1074 2611 1141 2665 Et
1176 2612 1264 2666 ille
1312 2611 1424 2665 ait:
1460 2609 1655 2665 Omnia
1686 2612 1849 2667 credo
1875 2628 1998 2683 quae

331 2746 339 2753 .
415 2704 572 2771 dicis,
608 2711 821 2759 tantum
849 2719 1045 2775 precor
1068 2703 1267 2759 misere
1299 2718 1369 2758 ne
1404 2704 1626 2758 moriar.

996 2837 1224 2893 CAPUT
1260 2838 1401 2893 XIV.

486 2949 641 3004 Tunc
680 2949 875 3006 Petrus
919 2950 1048 3006 fecit
1071 2959 1215 3007 stare
1246 2952 1505 3008 lectulum
1526 2995 1541 3017 ,
1573 2964 1627 3009 et
1656 2955 1734 3008 ait
1764 2955 1841 3008 illi
1882 2973 1895 3008 :
1935 2954 1994 3010 Si

413 3043 710 3100 credideris
740 3053 853 3099 toto
880 3044 1044 3098 corde
1080 3044 1133 3098 in
1166 3044 1461 3100 Dominum
1502 3045 1689 3101 Jesum
1713 3046 1991 3103 Christum

413 3136 697 3190 solventur
732 3152 763 3191 a
793 3135 995 3191 feretro
1040 3151 1238 3192 manus
1282 3145 1406 3191 tuae.
1439 3136 1504 3192 Et
1548 3154 1673 3193 cum
1722 3139 1948 3195 dixisset
1977 3159 1989 3193 :
2020 3164 2062 3221 ε

413 3225 528 3282 Hoc
553 3229 714 3283 credo
731 3269 745 3293 ,
774 3228 955 3283 statim
982 3228 1175 3283 solutae
1198 3239 1328 3283 sunt
1355 3245 1551 3285 manus
1574 3232 1693 3300 ejus
1716 3248 1746 3286 a
1774 3231 1993 3298 feretro,

412 3332 465 3375 et
494 3322 659 3390 cmpit
689 3330 836 3375 stare
862 3320 1091 3391 pedibus
1121 3322 1257 3389 suis,
1300 3322 1395 3377 sed
1432 3332 1585 3376 erant
1621 3323 1844 3378 brachia
1870 3324 1990 3393 ejus

413 3413 606 3479 arida,
645 3422 700 3467 et
747 3427 859 3466 non
908 3411 1163 3466 discessit
1205 3412 1276 3467 ab
1322 3427 1389 3467 co
1434 3413 1787 3483 supplicium.
1841 3412 1995 3469 Tunc

410 3502 607 3559 Petrus
650 3504 728 3558 ait
769 3504 848 3557 illi
902 3522 915 3557 :
970 3502 1183 3558 Accede
1226 3504 1295 3560 ad
1338 3519 1578 3574 corpus,
1639 3514 1694 3559 et
1744 3506 1996 3561 osculare

410 3595 669 3650 lectulum
696 3611 935 3666 quoque,
971 3604 1026 3652 et
1047 3595 1136 3651 dic
1162 3615 1175 3651 :
1207 3595 1383 3651 Credo
1415 3596 1469 3650 in
1506 3595 1699 3663 Deum,
1729 3606 1782 3651 et
1810 3597 1863 3651 in
1902 3595 1997 3652 Dei

408 3685 632 3754 Filium,
656 3702 819 3757 quem
843 3688 946 3743 ista
968 3689 1206 3758 portavit
1226 3687 1411 3743 Jesum
1430 3686 1730 3753 Christum,
1755 3698 1810 3743 et
1830 3687 1995 3743 credo

410 3780 597 3833 omnia
624 3795 962 3850 quaecunque
987 3781 1203 3835 locutus
1227 3788 1312 3836 est
1340 3780 1475 3834 mihi
1498 3778 1691 3834 Petrus
1714 3780 1996 3850 apostolus

412 3869 530 3925 Dei.
560 3871 626 3925 Et
650 3871 937 3939 accedens,
982 3873 1261 3927 osculatus
1292 3881 1375 3927 est
1405 3872 1687 3936 lectulum,
1724 3879 1778 3927 et
1810 3873 1994 3927 statim

409 3962 591 4015 omnis
621 3960 776 4015 dolor
800 3963 1068 4017 abscessit
1097 3962 1165 4016 ab
1204 3976 1290 4028 eo,
1317 3970 1371 4015 et
1407 3970 1611 4017 sanatae
1641 3972 1769 4016 sunt
1800 3978 1997 4018 manus

411 4054 551 4124 ejus.
594 4053 749 4109 Tunc
776 4054 942 4123 C(Bpil.
974 4054 1196 4110 laudare
1224 4064 1279 4109 et
1318 4054 1639 4109 benedicere
1679 4053 1846 4109 Deum
1887 4055 1997 4109 lar-

408 4148 580 4215 giter;
619 4154 674 4201 et
708 4148 775 4201 de
808 4147 964 4202 libris
993 4146 1163 4217 Moysi
1201 4146 1575 4203 testimonium
1612 4147 1838 4201 reddere
1874 4147 1991 4203 lau-

407 4238 571 4293 dibus
596 4238 832 4292 Christi:
862 4239 937 4292 ita
972 4247 1033 4292 ut
1057 4240 1220 4293 etiam
1245 4239 1351 4307 ipsi
1381 4238 1612 4308 apostoli
1635 4238 1991 4306 mirarentur,

407 4337 460 4385 et
471 4328 661 4384 flerent
671 4345 782 4399 pra:
794 4329 993 4400 gaudio
1010 4329 1295 4385 laudantes
1314 4331 1418 4385 sub
1432 4330 1521 4385 illa
1536 4345 1735 4385 nomen
1754 4328 1994 4384 Domini.

998 4467 1229 4523 CAPUT
1270 4468 1385 4524 XV.

473 4584 669 4641 Petrus
702 4601 831 4640 vero
864 4584 1004 4639 dixit
1037 4585 1104 4639 ad
1133 4600 1258 4639 eum
1294 4603 1307 4639 :
1335 4585 1535 4655 Accipe
1573 4586 1811 4653 palmam
1844 4585 1987 4639 hanc

403 4670 475 4724 de
502 4687 667 4725 manu
704 4671 889 4726 fratris
918 4673 1093 4727 nostri
1122 4670 1380 4727 Joannis:
1421 4682 1473 4726 et
1510 4674 1819 4742 ingrediens
1848 4674 1985 4729 civi-

409 4766 578 4813 tatem
620 4761 870 4817 invenies
912 4762 1175 4831 populum
1212 4763 1444 4817 multum
1478 4774 1767 4831 caecatum,
1800 4774 1853 4819 et
1898 4780 1990 4820 an-

388 4853 600 4906 .nuntia
634 4853 714 4908 eis
744 4856 1015 4923 magnalia
1055 4854 1171 4922 Dei,
1216 4865 1270 4910 et
1305 4860 1618 4929 quicunque
1657 4858 1989 4914 crediderint

407 4941 463 4995 in
513 4942 806 4999 Dominum
855 4943 1044 5000 Jesum
1089 4947 1407 5014 Christum,
1460 4949 1987 5020 impones‘palmam

408 5032 551 5089 hanc
585 5050 747 5105 super
790 5037 982 5091 oculos
1028 5053 1241 5106 eorum,
1287 5049 1341 5094 et
1381 5040 1643 5095 videbunt
1675 5043 1805 5097 caeci
1844 5061 1856 5097 :
1894 5044 1989 5114 qui

403 5134 587 5180 autem
618 5142 729 5181 non
760 5128 1107 5196 crediderint,
1126 5132 1525 5201 permanebunt
1553 5134 1702 5188 caeci.
1730 5134 1831 5200 Qui
1861 5150 1988 5188 cum

404 5214 624 5274 fecisset
656 5221 758 5287 ita,
804 5222 1011 5275 invenit
1047 5224 1308 5293 populum
1342 5224 1574 5278 multum
1622 5226 1985 5296 plangentem,

403 5318 460 5363 et
500 5310 806 5367 dicentem:
846 5312 938 5369 Vae
974 5314 1153 5381 nobis,
1200 5316 1329 5386 quia
1372 5318 1582 5372 similes
1620 5317 1748 5372 facti
1795 5334 1987 5373 sumus

404 5400 703 5460 Sodomitis
725 5407 967 5461 caecitate
999 5411 1293 5475 percussis!
1320 5408 1405 5463 Nil
1430 5421 1677 5479 superest
1696 5410 1809 5479 jam
1831 5413 1988 5467 nobis

401 5495 509 5548 nisi
538 5503 598 5549 ut
622 5511 925 5565 pereamus.
963 5500 1100 5555 Cum
1127 5511 1309 5557 autem
1345 5502 1625 5557 audissent
1648 5503 1808 5558 verba
1838 5506 1988 5574 prin-

403 5588 542 5657 cipis
584 5588 881 5659 loquentis,
931 5595 1025 5663 qui
1070 5610 1238 5652 sanus
1282 5594 1491 5660 fuerat,
1539 5596 1888 5651 crediderunt
1934 5599 1985 5652 in

400 5677 700 5736 Dominum
732 5680 919 5739 Jesum
949 5686 1267 5755 Christum;
1305 5697 1356 5744 et
1408 5688 1718 5758 imponente
1760 5704 1826 5743 eo
1868 5690 1984 5759 pal-

478 5832 509 5863 ι
542 5820 735 5878 Matth.
770 5841 942 5892 xxvn,
975 5826 1065 5883 25.

2109 1902 2275 1967 mine,
2314 1916 2477 1970 super
2511 1916 2634 1963 nos,
2666 1899 3129 1969 quemadmodum
3164 1900 3504 1969 speravimus
3534 1900 3587 1952 in
3620 1908 3690 1952 te.

2109 1991 2263 2046 Tunc
2312 1989 2563 2045 Salvator
2599 1990 2813 2044 locutus
2859 1997 2943 2043 est
2976 1989 3077 2053 eis,
3114 1988 3301 2042 dicens
3340 2008 3351 2041 :
3384 1988 3691 2058 Antequam

2104 2082 2455 2139 ascenderem
2491 2079 2558 2135 ad
2587 2078 2799 2133 Patrem
2835 2094 3039 2145 meum,
3076 2079 3353 2148 pollicitus
3377 2095 3496 2134 sum
3532 2078 3690 2133 vobis

2104 2178 2313 2243 dicens,
2349 2176 2495 2246 quod
2530 2190 2628 2229 vos
2658 2174 2751 2243 qui
2800 2175 2970 2229 secuti
2998 2174 3129 2228 estis
3162 2190 3267 2239 me,
3304 2176 3355 2228 in
3394 2189 3687 2244 regenera-

2105 2270 2252 2322 tione
2280 2283 2406 2322 cum
2438 2266 2639 2321 sederit
2668 2265 2837 2320 Filius
2872 2265 3111 2320 hominis
3146 2266 3197 2317 in
3232 2266 3358 2321 sede
3382 2266 3687 2335 majestatis

2103 2376 2236 2425 suae,
2277 2359 2538 2414 sedebitis
2567 2368 2619 2413 et
2648 2374 2747 2412 vos
2788 2372 2953 2426 super
2982 2358 3213 2412 thronos
3258 2358 3566 2424 duodecim,
3595 2358 3687 2427 ju-

2100 2452 2344 2507 dicantes
2376 2451 2665 2506 duodecim
2698 2450 2871 2503 tribus
2899 2447 3083 2502 Israel.
3138 2447 3289 2503 llanc
3331 2464 3461 2518 ergo
3488 2465 3553 2502 ex
3588 2450 3685 2502 tri-

2100 2546 2279 2599 bubus
2307 2544 2473 2599 Israel
2501 2544 2660 2615 elcgit
2692 2543 2870 2612 jussio
2904 2541 3081 2597 Patris
3122 2542 3246 2605 mei,
3287 2552 3345 2595 ut
3381 2542 3680 2594 habitarem

2100 2637 2154 2689 in
2186 2651 2269 2702 ea,
2296 2636 2427 2705 quid
2466 2651 2595 2706 ergo
2625 2635 2789 2690 vultis
2826 2644 2885 2688 ut
2914 2634 3108 2689 faciam
3155 2634 3202 2687 ei
3216 2635 3237 2687 ?
3284 2632 3438 2687 Tunc
3464 2632 3677 2695 Petrus,

2097 2736 2152 2782 et
2182 2727 2273 2781 alii
2303 2728 2535 2797 apostoli
2567 2727 2856 2781 dixerunt:
2891 2724 3141 2791 Domine,
3176 2725 3496 2795 prmelegisti
3540 2724 3682 2777 hanc

2096 2819 2349 2874 mellam
2393 2829 2541 2873 tuam
2579 2820 2695 2873 ﬁeri
2742 2819 3153 2873 immaculatum
3204 2817 3301 2871 tibi
3355 2816 3679 2881 thalamum,

2095 2921 2149 2967 et
2190 2928 2293 2967 nos
2331 2913 2577 2968 servulos
2612 2922 2736 2967 tuos
2778 2914 2832 2965 in
2866 2912 3233 2967 ministerium
3265 2920 3443 2963 tuum.
3489 2908 3684 2963 Omnia

2095 3012 2221 3057 ante
2244 3003 2441 3057 saecula
2469 3005 2789 3073 pmscivisti
2813 3020 2938 3059 cum
2957 3003 3136 3067 Patre,
3161 3011 3214 3057 et
3237 3000 3441 3070 Spiritu
3465 3008 3682 3065 sancto,

2097 3112 2219 3149 cum
2255 3097 2453 3166 quibus
2486 3097 2578 3151 tibi
2623 3107 2709 3152 est
2753 3114 2860 3151 una
2886 3098 3083 3163 deitas,
3132 3097 3359 3166 aequalis
3387 3105 3440 3151 ct
3470 3095 3681 3148 infinita

2098 3196 2355 3256 potestas.
2389 3188 2481 3242 Sic
2515 3203 2645 3259 ergo
2672 3189 2849 3244 visum
2891 3190 3052 3244 nobis
3097 3188 3274 3244 fuerat
3312 3188 3531 3242 famulis
3574 3186 3682 3241 tuis

2100 3281 2264 3334 etiam
2308 3290 2518 3335 rectum
2547 3297 2699 3347 esse;
2737 3291 2795 3335 ut
2831 3283 2974 3336 sicut
3014 3291 3091 3347 tu,
3118 3281 3328 3336 devicta
3365 3289 3559 3341 morte,
3597 3294 3686 3333 rea

2099 3387 2233 3442 gnas
2262 3373 2315 3425 in
2350 3372 2546 3443 gloria,
2579 3374 2650 3426 ita
2684 3373 3018 3427 resnscitans
3050 3372 3241 3427 matris
3267 3370 3678 3441 corpusculum,

2099 3474 2155 3519 tu
2185 3474 2362 3519 tecum
2389 3466 2617 3520 duceres
2645 3481 2766 3519 eam
2793 3466 2969 3519 lanam
3001 3466 3053 3519 in
3082 3464 3304 3519 malum.

2578 3664 2579 3667 η
2676 3597 2909 3654 CAPUT
2947 3596 3112 3652 XVII.

2169 3709 2326 3765 Tunc
2359 3708 2610 3766 Salvator
2650 3712 2761 3767 ait:
2809 3710 2931 3766 Fiat
2977 3710 3279 3766 secundum
3324 3710 3553 3765 verbum
3586 3725 3680 3766 ve-

2098 3810 2295 3867 strum,
2335 3811 2390 3856 et
2419 3802 2670 3871 praecepit
2700 3801 2929 3856 Michael
2959 3801 3306 3869 archangelo,
3353 3810 3411 3856 ut
3438 3802 3681 3856 animam

2101 3904 2307 3949 sanctae
2334 3893 2518 3948 Mariae
2540 3893 2794 3948 deferret.
2828 3893 2893 3947 Et
2931 3908 3058 3948 ecce
3086 3904 3308 3963 repente
3337 3894 3559 3948 Gabriel
3590 3909 3680 3947 ar-

2099 3987 2397 4057 changelus
2429 3985 2658 4040 revolvit
2687 3985 2921 4054 lapidem
2949 3985 3019 4039 ab
3049 3984 3192 4039 ostio
3223 3985 3586 4050 monumenti,
3621 3991 3678 4037 et

2100 4079 2177 4133 ait
2213 4078 2475 4133 Dominus
2512 4095 2526 4131 :
2566 4075 2759 4147 Surge,
2779 4077 2953 4132 amica
2984 4092 3125 4139 mea,
3160 4086 3213 4130 et
3240 4077 3491 4147 proxima
3522 4091 3674 4142 mea;

2099 4186 2221 4241 quae
2254 4186 2361 4224 non
2391 4170 2610 4225 sensisti
2644 4170 3051 4239 corruptionem
3084 4184 3177 4238 per
3214 4169 3311 4223 viri
3342 4175 3675 4231 contactum,

2099 4278 2207 4317 non
2243 4262 2467 4332 patieris
2499 4262 2889 4316 resolutionem
2919 4262 3171 4331 corporis
3203 4260 3258 4314 in
3298 4261 3571 4329 sepulcro.
3611 4259 3680 4313 Et

2101 4352 2287 4408 statim
2328 4351 2568 4407 surrexit
2620 4350 2790 4405 Maria
2837 4352 2904 4405 de
2942 4351 3189 4415 tumulo,
3238 4359 3293 4405 et
3326 4348 3680 4404 benedicebat

2100 4444 2414 4511 Dominum,
2454 4454 2508 4499 et
2538 4444 2824 4513 provoluta
2846 4443 2913 4497 ad
2948 4444 3112 4512 pedes
3145 4443 3383 4506 Domini,
3420 4442 3681 4497 adorabat

2019 4530 2064 4584 D
2093 4550 2239 4600 eum,
2274 4535 2465 4590 dicens
2508 4552 2523 4588 :
2560 4532 2678 4587 Non
2711 4549 2814 4603 ego
2856 4534 2953 4589 tibi
2984 4536 3283 4605 condignas
3315 4535 3515 4604 gratias
3548 4548 3678 4601 pos-

2093 4644 2215 4684 sum
2255 4628 2580 4698 rependere,
2627 4626 2891 4693 Domine,
2946 4643 3046 4697 pro
3089 4630 3353 4696 impensis
3395 4628 3675 4681 beneliciis

2093 4722 2203 4776 tuis
2228 4763 2242 4787 ,
2283 4736 2405 4791 qua:
2437 4721 2573 4773 mihi
2624 4719 2834 4773 ancilla:
2868 4729 2974 4774 tuae
3004 4720 3254 4775 conferre
3293 4720 3546 4789 dignatus
3591 4735 3670 4773 es.

2094 4814 2178 4868 Sit
2215 4828 2413 4867 nomen
2450 4822 2636 4879 tuum,
2679 4812 3008 4883 Redemptor
3043 4814 3266 4877 mutuli,
3304 4811 3446 4865 Deus
3476 4810 3671 4877 Israel,

2092 4906 2436 4961 benedictum
2464 4908 2516 4959 in
2546 4907 2766 4961 swcula.

2653 5039 2885 5096 CAPUT
2922 5040 3103 5096 XVIII.

2163 5152 2230 5208 Et
2262 5156 2542 5210 osculatus
2582 5170 2703 5209 eam
2754 5155 3019 5210 Dominus
3050 5156 3309 5220 recessit,
3358 5166 3412 5209 et
3451 5156 3674 5212 tradidit

2091 5260 2211 5299 eam
2253 5248 2497 5316 angelis,
2543 5255 2602 5300 ut
2646 5245 2921 5301 deferrent
2968 5264 3087 5301 eam
3137 5248 3189 5301 in
3239 5232 3573 5316 paradisum.
3607 5248 3674 5302 Et

2092 5338 2167 5391 ait
2200 5339 2494 5407 apostolis:
2524 5339 2779 5393 Accedite
2808 5340 2872 5393 ad
2900 5355 3003 5393 me.
3042 5339 3104 5392 Et
3131 5355 3254 5393 cum
3288 5341 3669 5405 accessissent,

2092 5429 2374 5483 osculatus
2408 5439 2493 5483 est
2524 5446 2638 5495 eos,
2685 5442 2737 5484 et
2767 5432 2870 5483 ait:
2914 5431 3023 5484 Pax
3051 5430 3240 5495 vobis;
3272 5430 3531 5498 quoniam
3570 5445 3671 5499 ego

2091 5535 2306 5589 semper
2352 5522 2632 5577 vobiscum
2671 5538 2792 5577 sum
2833 5538 3005 5591 usque
3045 5522 3109 5575 ad
3139 5521 3669 5577 consummationem

2092 5612 2297 5667 saeculi.
2330 5610 2397 5666 Et
2438 5613 2620 5667 statim
2663 5629 2786 5667 cum
2822 5614 2935 5666 haec
2961 5612 3185 5666 dixisset
3225 5610 3510 5676 Dominus,
3554 5611 3670 5666 etc--

2092 5712 2255 5758 vatus.
2299 5703 2355 5758 in
2405 5703 2581 5771 nube,
2622 5713 2872 5775 receptus
2908 5713 2989 5759 est
3036 5704 3088 5757 in
3125 5703 3362 5769 coelum,
3399 5710 3452 5757 et
3492 5704 3670 5774 anng
