4130 6386
402 367 531 423 ηιι

1817 361 1945 420 SPU
1954 362 2092 419 RIA.

3522 365 3662 420 12ἰέ

402 490 577 562 pietas
627 484 884 552 Domini;
934 493 989 540 et
1033 484 1127 554 qui
1159 497 1256 554 per
1293 482 1565 554 justitiam
1596 481 1795 552 iudicis
1835 483 1971 553 justi
2003 490 2047 545 Α
2076 494 2200 552 test,
2235 487 2308 541 ita
2338 496 2392 543 et
2425 489 2521 559 qui
2552 503 2662 544 non
2698 487 3024 553 fornicatur,
3044 496 3139 542 aut
3167 487 3261 556 qui
3288 501 3397 541 non
3430 487 3660 552 invidet,

402 580 712 648 puniendus
743 578 1028 634 exstiterat
1068 591 1166 646 per
1211 562 1649 630 misericordiam
1696 575 1764 629 ad
1794 574 1980 628 indul-

403 671 645 740 gentiam
697 669 1064 726 revocabitur.
1099 667 1243 738 Ergo
1292 676 1352 721 ut
1378 681 1504 721 vere
1547 676 1600 721 te
1637 676 1979 736 peccatorem

399 774 677 830 ostendas,
707 761 875 817 Deum
902 768 1206 815 creatorem
1235 759 1447 813 honora
1473 755 1506 826 ﬁ
1526 755 1766 812 honoras
1794 766 1978 811 autem

395 852 735 921 Creatorem,
771 852 816 906 si
844 860 901 907 te
927 851 1105 906 solum
1124 850 1167 881 ¹³
1189 849 1497 919 culpaveris
1513 864 1639 903 cum
1662 848 1978 917 deliqueris,

403 962 461 999 et
508 956 618 999 non
665 944 914 1000 ascrihas
950 942 1199 999 Creatori
1226 942 1370 1012 quod
1398 956 1614 1011 peccas,
1651 949 1797 994 utex
1830 940 1981 993 omni

406 1043 561 1106 parte
586 1043 736 1090 tuam
764 1033 1248 1105 praesumptionem
1273 1048 1472 1104 arguas
1496 1073 1512 1097 ,
1538 1047 1647 1087 non
1677 1032 1757 1087 tui
1783 1046 1980 1101 quera-

406 1130 485 1185 ris
511 1143 673 1198 opera
703 1116 1094 1183 conditoris'“.
1130 1124 1258 1179 Haec
1288 1125 1466 1180 Leutii
1499 1126 1540 1156 ¹⁵
1571 1139 1739 1179 causa
1775 1136 1982 1177 memo-

405 1220 795 1287 raVerimus”,
827 1219 918 1290 qui
957 1218 1303 1274 mendacium
1325 1219 1367 1249 ¹⁷
1402 1217 1683 1287 apostolos
1702 1215 1798 1270 Dei
1828 1230 1977 1272 asse-

406 1314 479 1368 rit
524 1312 824 1376 docuisse,
870 1312 1280 1380 duorumqne"
1324 1308 1728 1365 contrariorum
1777 1307 1983 1376 princi-

407 1406 622 1475 piorum
646 1406 686 1437 ¹⁹
721 1405 960 1459 hominis
1000 1404 1280 1460 exstitisse
1322 1402 1614 1467 facturam,
1651 1408 1706 1455 et
1738 1400 1980 1455 animam

406 1510 436 1547 a
475 1494 617 1547 bono
646 1492 758 1547 Deo
788 1493 1091 1556 conditam,
1117 1506 1339 1546 carnem
1367 1506 1499 1545 vero
1537 1505 1567 1543 a
1599 1488 1743 1543 malo
1799 1496 1852 1540 et
1882 1502 1983 1541 ne-

406 1589 662 1642 cessitate
696 1586 879 1643 carnis
926 1587 1168 1640 animam
1204 1585 1412 1639 involvi
1452 1582 1712 1654 peccatis.
1746 1580 1902 1647 Quod
1936 1580 1981 1636 si

407 1678 485 1732 ita
533 1690 701 1743 esset,
742 1678 838 1748 qui
891 1692 1005 1733 non
1054 1685 1266 1746 peccat,
1307 1675 1533 1731 omnino
1582 1689 1692 1727 non
1754 1671 1979 1726 viveret.

407 1765 561 1821 Sicut
581 1767 726 1822 enim
743 1766 838 1836 qui
864 1782 972 1821 non
996 1767 1313 1830 manducat,
1331 1772 1425 1818 aut
1448 1778 1553 1816 non
1581 1761 1738 1826 bibit,
1754 1768 1848 1815 aut
1870 1776 1981 1815 non

405 1860 626 1931 digerit,
646 1868 739 1915 aut
772 1874 882 1915 non
922 1858 1146 1923 dormit,
1182 1859 1303 1914 sine
1338 1857 1506 1912 dubio
1530 1855 1712 1910 vivere
1741 1869 1851 1910 non
1884 1868 1982 1924 po-
2014 1851 2055 1904 Β

2085 590 2180 633 aut
2206 597 2316 637 non
2348 580 2585 647 furatur,
2611 594 2705 637 aut
2734 583 2827 651 qui
2852 597 2962 637 non
2992 582 3198 651 aliquid
3221 582 3428 635 crimen
3463 580 3664 634 admit-

2084 673 2169 738 tit,
2188 690 2296 729 non
2321 691 2482 744 posse
2502 675 2686 730 vivere
2716 683 3132 729 monstraretur.
3157 674 3228 727 At
3255 688 3385 726 vero
3415 688 3540 727 cum
3562 672 3663 726 do-

2083 773 2270 819 ceatur
2300 766 2468 819 homo
2501 766 2620 821 sine
2646 764 3014 820 fornicatione
3039 764 3225 818 vivere
3246 763 3341 833 qui
3374 762 3493 817 sine
3513 763 3661 816 victu

2082 861 2137 907 et
2168 856 2367 910 vestitu
2397 856 2583 910 vivere
2606 871 2717 910 non
2753 866 2963 926 potest,
2990 865 3210 911 constat
3238 871 3366 910 eum
3406 855 3480 909 ita
3523 869 3659 909 con-

2083 942 2258 998 ditum
2289 960 2320 998 a
2368 946 2516 999 bono
2557 945 2861 1013 conditore,
2886 954 2947 999 ut
2979 944 3099 999 sine
3126 944 3458 999 criminibus
3494 951 3663 1013 queat

2084 1036 2406 1102 subsistere,
2454 1053 2576 1092 cum
2606 1038 2814 1107 absque
2861 1038 3139 1092 alimoniis
3182 1050 3291 1091 non
3324 1036 3500 1105 possit
3541 1051 3661 1090 om-

2083 1125 2214 1178 nino
2239 1134 2491 1181 coustare
2522 1126 2587 1180 ’°.
2624 1126 2871 1196 Denique
2895 1127 3142 1181 clausum
3175 1141 3417 1191 carcere,
3446 1135 3659 1182 lentum

2083 1216 2138 1269 in
2177 1217 2431 1282 vinculis,
2466 1218 2810 1288 deportatum
2854 1219 3050 1273 exsilio
3085 1218 3294 1288 absque
3336 1218 3661 1273 criminibus

2084 1308 2266 1362 vivere
2292 1323 2455 1377 posse
2496 1310 2880 1379 cognoscimus
2910 1326 3033 1365 eum
3052 1311 3259 1379 absque
3282 1309 3407 1364 cibo
3428 1319 3481 1363 et
3504 1319 3658 1378 potu,

2082 1404 2137 1449 et
2175 1397 2495 1467 digestione,
2528 1408 2582 1453 et
2615 1414 2831 1465 somno,
2870 1400 3086 1469 penitus
3118 1400 3302 1453 vivere
3336 1414 3448 1453 non
3498 1414 3662 1468 posse

2081 1489 2525 1558 comprobemus.
2581 1487 2738 1543 Nunc
2783 1492 2896 1559 jam
2954 1490 3021 1543 ad
3084 1499 3335 1544 sanetum
3391 1490 3659 1545 Joannem

2082 1582 2392 1650 apostolum
2440 1589 2495 1635 et
2524 1581 2916 1651 evangelistam
2953 1581 3240 1637 flectamus
3263 1583 3581 1647 articulum,
3608 1593 3662 1639 et

2080 1674 2149 1727 ad
2177 1673 2467 1727 Dominum
2498 1673 2563 1727 de
2586 1674 2689 1728 hac
2712 1675 2832 1727 luce
2866 1675 3102 1744 qualiter
3141 1675 3461 1745 migraverit
3487 1677 3662 1746 expli-

2082 1782 2292 1823 cemus.
2329 1765 2565 1837 Explicit
2594 1766 2872 1837 Prologus.

840 2162 1173 2241 Incipiunt
1199 2164 1395 2223 Actus
1430 2160 1528 2223 vel
1568 2160 1879 2223 Miracula
1912 2160 2114 2223 sancti
2143 2159 2408 2221 Joannis
2430 2157 2705 2236 apostoli
2737 2164 2798 2220 et
2829 2158 3256 2238 evangelistae.

478 2326 788 2382 Secundam
841 2335 969 2396 post
1029 2324 1301 2379 Neronem
1341 2323 1780 2379 Christianorum
1803 2338 1981 2393 perse-

402 2418 680 2472 cutionem
716 2416 1060 2470 Domitianus
1102 2416 1350 2470 exercuit
1368 2457 1383 2482 ,
1407 2416 1550 2470 unde
1580 2415 1783 2469 factum
1811 2424 1894 2470 est
1922 2421 1983 2468 ut

407 2517 629 2563 sanctus
683 2506 924 2563 Joannes
981 2517 1358 2577 asportaretur
1409 2509 1477 2562 de
1542 2505 1756 2576 Epheso
1803 2514 1859 2560 et
1925 2508 1981 2559 in

404 2597 633 2653 Patmos
700 2599 877 2653 insula
916 2600 971 2652 in
1001 2600 1258 2655 exsilium
1297 2599 1628 2664 mitteretur,
1670 2598 1725 2651 in
1754 2613 1861 2667 qua
1898 2597 1982 2650 in-

405 2692 526 2746 sula
555 2692 944 2763 Apocalypsim
974 2708 1138 2762 quam
1165 2693 1214 2747 ei
1236 2690 1504 2746 Dominus
1525 2690 1789 2745 revelavit
1815 2705 1981 2744 manu

406 2802 503 2841 sua
539 2783 1259 2854 conscripsit.Domitianus
1291 2794 1470 2838 autem
1492 2782 1682 2837 eodem
1711 2798 1855 2837 anno
1872 2797 1981 2851 quo

399 2878 567 2946 jussit
600 2887 851 2932 sanctum
886 2876 1153 2932 Joannem
1180 2877 1428 2931 exsiliari
1452 2892 1482 2930 a
1507 2884 1698 2930 senatu
1731 2874 1982 2931 Romano

405 2968 724 3024 interfectus
774 2979 877 3024 est.
925 2968 1142 3023 Etcum
1184 2968 1295 3023 Deo
1330 2984 1462 3023 cura
1506 2968 1607 3021 fuit
1635 2969 1701 3023 de
1738 2970 1983 3038 apostolo

405 3077 529 3126 suo,
547 3078 612 3115 ex
628 3061 799 3115 totius
819 3070 1059 3126 senatus.
1076 3060 1331 3116 consultu
1360 3059 1463 3113 hoc
1477 3060 1760 3113 definitum
1784 3069 1888 3125 est,
1927 3071 1985 3115 ut

403 3155 670 3224 quidquid
715 3154 1061 3207 Domitianus
1111 3152 1229 3207 fieri
1263 3153 1439 3207 voluit
1465 3162 1801 3208 cassaretur.
1845 3152 1985 3210 Hinc

405 3246 609 3302 factum
644 3257 727 3301 est
749 3254 809 3299 ut
829 3255 1054 3300 sanctus
1075 3242 1313 3298 Joannes
1352 3244 1448 3313 qui
1487 3243 1769 3298 voluntate
1800 3243 1985 3298 Domi-

405 3339 543 3392 tiani
582 3338 903 3406 deportatus
961 3350 1086 3389 cum
1123 3334 1329 3403 injuria
1383 3333 1582 3399 fuerat,
1614 3349 1737 3387 cum
1776 3335 1984 3388 honore

405 3434 473 3488 ad
510 3430 785 3500 Ephesum
825 3436 1118 3482 remearet.
1163 3426 1416 3482 Occurrit
1460 3436 1643 3479 autem
1681 3425 1758 3478 illi
1801 3426 1983 3480 omnis

404 3522 643 3593 populus
672 3521 917 3575 virorum
947 3533 1011 3572 ac
1031 3516 1339 3585 {mulierum
1360 3554 1375 3581 ,
1401 3530 1592 3570 omnes
1643 3514 1982 3569 exsultantes

2084 2338 2281 2379 somno
2337 2323 2637 2380 excitasset
2669 2338 2813 2378 eam.
2855 2322 3056 2378 Factus
3103 2332 3187 2378 est
3218 2332 3398 2377 autem
3451 2324 3660 2379 clamor

2083 2415 2268 2484 populi
2323 2430 2422 2485 per
2455 2424 2568 2471 tres
2616 2416 2785 2473 horas
2824 2415 3095 2471 dicentis:
3133 2413 3289 2471 Unus
3326 2415 3470 2470 Deus
3494 2432 3657 2484 quem

2081 2505 2343 2575 praedicat
2380 2505 2654 2573 Joannes,
2698 2525 2840 2564 unus
2887 2518 2941 2563 et
2974 2523 3138 2563 verus
3178 2508 3449 2563 Dominus
3495 2507 3659 2563 Jesus

2082 2595 2338 2653 Christus
2420 2597 2605 2653 Altera
2646 2614 2779 2654 vero
2821 2599 2909 2655 die
2960 2598 3162 2655 Craton
3207 2600 3567 2668 philosophus
3606 2599 3659 2652 in

2085 2688 2207 2744 foro
2250 2699 2615 2760 proposuerat
2650 2691 2717 2745 de
2764 2700 3081 2760 contemptu
3120 2690 3308 2745 mundi
3344 2690 3662 2759 hujusmodi

2086 2788 2483 2853 spectaculum,
2520 2786 2734 2839 utduos
2759 2783 2962 2839 fratres
2985 2784 3288 2839 ditissimos
3313 2784 3660 2852 produceret,

2085 2890 2225 2944 quos
2266 2875 2472 2931 fecerat
2514 2877 2783 2932 distracto
2836 2876 3172 2946 patrimonio
3203 2891 3446 2946 gemmas
3482 2892 3665 2931 emere

2086 2968 2365 3036 singulas,
2401 2984 2540 3037 quas
2588 2970 2641 3022 in
2695 2969 3292 3038 conspectujomnium
3335 2968 3661 3037 populorum

2086 3059 2369 3127 fregerunt
2398 3061 2573 3129 pueri.
2605 3060 2761 3126 Quod
2785 3077 2909 3115 cum
2940 3060 3182 3115 facerent
3226 3060 3452 3128 contigit
3486 3068 3665 3113 trans-

2089 3150 2226 3204 itum
2267 3151 2469 3205 habere
2496 3149 2765 3205 Joannem
2799 3152 3131 3220 apostolum,
3160 3160 3213 3205 et
3248 3166 3562 3205 convocans
3594 3149 3661 3203 ad

2086 3254 2146 3294 se
2195 3238 2490 3294 Cratouem
2547 3240 2936 3310 pliilosOphum
2985 3242 3099 3296 ait:
3147 3239 3358 3294 Stultus
3413 3248 3498 3295 cst
3561 3239 3664 3293 iste

2086 3331 2276 3386 mundi
2308 3341 2675 3401 contemptus,
2707 3333 2799 3402 qui
2832 3333 3116 3387 hominum
3148 3349 3242 3388 ore
3266 3334 3539 3397 laudatur,
3567 3333 3661 3387 sed

2086 3423 2484 3477 condemnatur
2509 3424 2697 3477 divino
2727 3425 2978 3493 judicio;
3013 3424 3157 3479 sicut
3189 3424 3335 3478 enim
3371 3440 3508 3477 vana
3540 3438 3659 3477 me-

2085 3515 2267 3569 dicina
2295 3525 2397 3581 est,
2429 3532 2494 3571 ex
2528 3532 2634 3585 qua
2666 3533 2773 3571 non
2806 3518 3109 3572 absciditur
3137 3518 3385 3583 morbus,
3406 3518 3481 3570 ita
3522 3533 3662 3570 vana

403 3624 461 3669 et
484 3613 729 3668 dicentes
758 3610 1102 3665 :Benedt'ctus
1121 3610 1210 3679 qui
1228 3609 1365 3662 venit
1394 3608 1451 3660 in
1476 3607 1683 3660 nomine
1697 3605 1977 3661 Damt'm'a.
2008 3588 2049 3645 δ
2084 3607 2335 3662 doctrina
2362 3617 2466 3672 est,
2501 3624 2569 3663 ex
2600 3626 2707 3679 qua
2746 3626 2856 3663 non
2884 3618 3149 3664 curantur
3191 3610 3319 3663 vitia
3350 3609 3660 3663 animarum

474 3704 609 3759 Cum
629 3714 814 3758 autem
838 3699 1535 3771 ingredereturpivitatem,
1567 3697 1831 3753 Drusiana
1858 3713 1979 3768 qua:

404 3809 619 3863 semper
650 3809 776 3848 eum
827 3802 1015 3847 secuta
1053 3789 1231 3845 fuerat
1254 3798 1309 3843 et
1343 3789 1612 3843 adventus
1644 3788 1765 3856 ejus
1803 3790 1982 3843 fuerat

402 3885 672 3941 desiderio
696 3883 943 3952 fatigata,
968 3882 1294 3937 efferebatur
1317 3890 1551 3934 mortua.
1577 3879 1729 3935 Tunc
1756 3889 1979 3936 sanctus

402 3976 642 4032 Joannes
668 3976 862 4030 videns
889 3975 1079 4029 flentes
1116 3988 1405 4043 pauperes,
1434 3980 1487 4026 et
1517 3981 1790 4042 parentes,
1814 3982 1979 4043 atque

400 4071 595 4126 viduas
629 4068 792 4123 simul
824 4082 949 4122 cum
978 4064 1241 4134 orphanis
1270 4064 1569 4118 clamantes
1593 4073 1647 4118 et
1685 4064 1929 4119 dicentes
1961 4085 1976 4121 :

405 4162 604 4218 Sancte
624 4159 862 4215 Joannes
898 4157 1161 4227 apostole,
1186 4170 1314 4211 ecce
1340 4154 1666 4209 Drusianam
1702 4155 1979 4213 efferimus

402 4272 527 4327 quae
574 4254 784 4311 sanctis
838 4250 947 4305 tuis
982 4250 1205 4304 monitis
1238 4247 1627 4317 obtemperans
1662 4263 1853 4303 omnes
1878 4264 1980 4305 nos

402 4347 866 4417 alebat,‘serviens
892 4342 1126 4397 Domino
1145 4342 1197 4394 in
1219 4341 1466 4396 castitate
1479 4351 1532 4396 et
1551 4340 1893 4407 humilitate;
1924 4351 1979 4395 et

401 4442 646 4513 quotidie
671 4438 1019 4495 desiderabat
1051 4436 1285 4491 reditum
1322 4446 1498 4503 tuum,
1523 4436 1711 4492 dicens
1753 4455 1764 4489 :
1799 4435 1858 4489 Si
1893 4436 1975 4489 vi-

402 4537 559 4591 deam
616 4533 926 4605 apostolum
977 4529 1071 4582 Dei
1105 4529 1282 4584 oculis
1325 4529 1499 4596 meis,
1533 4539 1826 4598 antequam
1854 4544 1973 4582 mo-

402 4628 550 4692 riar;
577 4641 704 4682 ecce
755 4634 811 4678 tu
840 4621 1034 4677 venisti
1062 4629 1115 4675 et
1148 4628 1198 4675 te
1234 4620 1419 4673 videre
1460 4634 1569 4673 non
1596 4620 1792 4689 potuit.
1822 4618 1975 4675 Tune

402 4717 594 4771 beatus
635 4714 874 4769 Joannes
906 4712 1072 4783 jussit
1127 4710 1326 4780 deponi
1374 4709 1633 4764 feretrum
1676 4719 1731 4765 et
1774 4712 1973 4765 resolvi

402 4823 603 4876 corpus
651 4806 791 4876 ejus,
834 4814 889 4858 et
932 4818 1066 4858 voce
1102 4803 1249 4857 clara
1276 4801 1417 4856 dixit
1457 4816 1643 4855 coram
1673 4802 1973 4857 omnibus:

2083 3708 2138 3752 et
2167 3715 2405 3753 morum.
2436 3700 2694 3771 Magister
2736 3702 2922 3771 itaque
2964 3718 3120 3757 meus
3144 3702 3402 3771 juvenem
3435 3702 3660 3770 cupien-

2085 3796 2191 3842 tem
2229 3789 2297 3842 ad
2325 3788 2491 3843 vitam
2525 3798 2785 3844 aeternam
2819 3792 3105 3861 attingere,
3139 3792 3224 3845 his
3254 3792 3432 3846 verbis
3456 3791 3661 3845 instru-

2081 3880 2159 3935 xit
2187 3893 2246 3935 ut
2268 3881 2471 3937 diceret
2496 3889 2768 3951 quatenus
2796 3883 2841 3936 si
2870 3882 3030 3936 vellet
3067 3880 3346 3951 perfectus
3374 3898 3495 3936 esse
3527 3897 3658 3936 ven-

2080 3974 2233 4027 deret
2282 3974 2470 4027 omnia
2522 3989 2623 4029 sua
2663 3984 2717 4028 et
2754 3974 2909 4027 daret
2951 3975 3329 4043 pauperibus;
3365 3988 3475 4043 quo
3513 3972 3659 4028 facto

2080 4067 2402 4121 thesaurum
2432 4068 2488 4120 in
2512 4066 2666 4122 ccelis
2699 4068 3028 4137 acquirerct,
3061 4078 3115 4121 et
3143 4068 3311 4121 vitam
3341 4082 3463 4137 qua:
3494 4066 3657 4121 finem

2079 4175 2188 4214 non
2231 4160 2394 4214 habet
2453 4160 2742 4214 inveniret.
2791 4158 2893 4214 Cui
2943 4160 3147 4214 Craton
3186 4160 3364 4215 dixit:
3396 4158 3661 4213 Humana:

2078 4252 2395 4321 cupiditatis
2424 4251 2641 4306 fructus
2664 4252 2717 4305 in
2749 4252 2928 4307 medio
2964 4253 3251 4307 hominum
3290 4252 3504 4322 positus
3527 4266 3662 4305 conn

2078 4343 2285 4399 fractus
2313 4353 2432 4411 est;
2479 4344 2575 4398 sed
2622 4344 2668 4399 si
2699 4359 2827 4398 vere
2854 4343 3000 4399 Deus
3027 4353 3111 4399 est
3152 4346 3414 4414 magister
3448 4353 3573 4398 tuus
3608 4351 3662 4396 et

2076 4438 2197 4491 vult
2226 4437 2333 4491 hoc
2360 4436 2479 4492 fieri
2522 4445 2581 4491 ut
2609 4437 2944 4507 pauperibus
2979 4448 3238 4508 erogctur
3270 4453 3468 4493 census
3499 4436 3660 4506 pretii

2077 4528 2552 4593 harum,duarum
2593 4542 2958 4597 gemmarum,
3015 4528 3102 4584 fac
3144 4529 3467 4599 reiutegrari
3500 4544 3659 4598 gem-

2077 4636 2219 4687 mas,
2253 4629 2313 4675 ut
2341 4620 2491 4689 quod
2530 4633 2630 4689 ego
2660 4619 2763 4675 feci
2789 4621 2859 4674 ad
2898 4619 3099 4674 famam
3131 4621 3440 4685 hominum,
3468 4630 3523 4671 tu
3573 4618 3657 4672 fa-

2077 4714 2192 4768 cias
2220 4712 2288 4767 ad
2322 4713 2553 4782 gloriam
2587 4712 2709 4782 ejus
2752 4712 2894 4775 fieri,
2928 4729 3090 4781 quem
3135 4722 3288 4765 tuum
3331 4713 3657 4780 magistrum

2076 4821 2198 4861 esse
2233 4821 2657 4860 commemoras.
2698 4806 2853 4860 Tunc
2880 4805 3075 4860 beatus
3123 4803 3363 4859 Joannes
3395 4806 3658 4875 colligens

403 4896 671 4951 Dominus
699 4910 854 4949 meus
881 4893 1040 4949 Jesus
1067 4893 1321 4950 Christus
1344 4894 1543 4948 excitet
1568 4904 1640 4962 te,
1670 4894 1969 4958 Drusiana,
2007 4931 2051 4985 Β
2081 4898 2387 4968 fragmenta
2443 4913 2784 4967 gemmarum
2806 4939 2820 4962 ,
2876 4907 2929 4950 et
2960 4912 3167 4965 ponens
3207 4910 3269 4947 ea
3306 4895 3358 4947 in
3404 4894 3659 4948 manibus

403 5004 567 5060 surge
598 4999 653 5043 ct
691 4987 924 5057 pedibus
982 4986 1092 5041 tuis
1142 4996 1418 5042 revertere
1470 4988 1696 5042 domum
1736 4997 1885 5042 tuam
1925 4998 1979 5044 et

400 5094 645 5151 praepara
670 5078 805 5132 mihi
837 5076 1210 5131 refectionem.
1240 5078 1321 5131 Ad
1345 5078 1487 5132 hanc
1512 5093 1697 5133 vocem
1735 5081 1975 5135 surrexit

400 5181 455 5227 ct
508 5170 671 5240 capit
707 5168 809 5231 ire,
860 5168 1094 5223 sollicita
1136 5169 1202 5222 de
1241 5168 1491 5238 jussione
1518 5169 1782 5239 apostoli,
1809 5170 1883 5225 ita
1917 5183 1975 5227 ut

399 5265 675 5319 videretur
701 5261 805 5332 ipsi
838 5259 1125 5315 Drusiana:
1158 5261 1287 5330 quia
1315 5275 1423 5314 non
1455 5260 1523 5316 de
1554 5270 1746 5328 morte,
1783 5264 1875 5317 sed
1911 5264 1979 5319 de

474 5426 499 5454 ³
529 5414 674 5472 Psal.
710 5432 881 5483 CXVII,
912 5414 1004 5470 26.

2086 4990 2223 5051 suis,
2260 4989 2490 5042 elevavit
2524 4988 2715 5042 oculos
2739 4988 2805 5042 ad
2836 4988 3035 5043 caelum
3074 4995 3128 5042 et
3158 4989 3235 5042 ait
3266 5008 3279 5042 :
3313 4987 3541 5040 Domine
3568 4985 3659 5040 Je-

2084 5096 2147 5135 su
2194 5078 2431 5146 Christe,
2462 5080 2551 5134 cui
2587 5080 2724 5133 nihil
2756 5081 3095 5149 impossibile
3142 5088 3247 5145 est,
3289 5081 3385 5149 qui
3422 5078 3655 5132 fractum

2083 5171 2346 5223 mundum
2402 5186 2498 5238 per
2543 5171 2749 5240 lignum
2808 5170 3269 5239 concupiscentia:
3310 5185 3405 5239 per
3449 5169 3657 5239 lignum

2084 5260 2264 5315 crucis
2314 5270 2419 5315 tua:
2446 5261 2677 5317 interius
2718 5261 2973 5317 ﬁdelibus
3002 5261 3363 5327 restaurasti;
3403 5259 3497 5329 qui
3530 5268 3658 5312 nato

1711 5555 1943 5611 VARIJE
1976 5554 2378 5612 LECTIONES.

476 5649 517 5680 ’³
544 5646 723 5700 Τοιεά.
760 5664 865 5700 om.
900 5650 1099 5704 solum.

400 5735 515 5773 ram
553 5718 660 5773 Deo
694 5718 957 5772 obtuleris
984 5719 1381 5787 paenitentiam,
1416 5721 1480 5771 ad
1514 5735 1695 5773 veram
1732 5722 1939 5791 poteris
1973 5718 2366 5789 indulgentiam
2396 5721 2700 5790 pervenire.

403 5789 841 5844 memoraverim.
922 5790 963 5821 ”
1009 5788 1187 5843 Toled.
1228 5790 1751 5847 n'teudacioulcnus.
1831 5792 1870 5823 ¹⁸
1906 5790 2084 5847 Tolcd.
2115 5793 2370 5847 duorum.
2453 5791 2494 5822 ιθ
2528 5789 2700 5845 Toled.

1948 5806 2084 5847 Ult’fl.
2115 5806 2370 5847 auorum.

403 5789 841 5844 memoraverim.
922 5790 963 5821 ”
1009 5788 1187 5843 Toled.
1228 5788 1751 5860 n'teudaciOpIcnus'.

1182 5651 1224 5679 ¹⁴
1256 5648 1435 5703 Toled.
1467 5648 1627 5701 add.:
1654 5647 1712 5703 Si
1745 5652 1888 5704 enim
1919 5666 2047 5705 vere
2079 5651 2443 5721 negligentem
2478 5658 2531 5703 te
2566 5663 2912 5721 accusaverts
2942 5665 3007 5704 ac
3039 5649 3441 5721 delinquentem
3474 5663 3526 5721 et
3558 5666 3652 5702 ve-

2780 5722 2821 5751 ”
2856 5718 3035 5773 Toled.
3068 5719 3275 5775 Lcucii.
3390 5722 3432 5753 ⁵⁸
3470 5719 3652 5775 Tolcd.

2453 5791 2494 5822 ιθ
2528 5789 2707 5845 Toled.
2746 5791 3036 5861 principio.
