4130 6400
389 410 530 464 1⁶245

1807 398 1811 404 ’
1848 398 2124 456 SPURIA.

3522 393 3659 449 12ἄῦ

388 543 558 581 unum
579 542 782 598 corpus
798 536 851 581 et
867 524 1160 580 sinttantae
1175 530 1354 579 vestes
1371 538 1493 593 quae
1510 522 1659 577 mille
1675 522 1963 577 hominum
1997 528 2044 583 Α
2072 535 2289 591 crymas
2315 517 2550 572 Domino
2579 516 2743 571 simul
2773 527 2826 571 et
2856 530 3043 585 preces
3072 513 3262 582 effudi,
3290 522 3355 569 ut
3389 529 3663 585 exsurgas

386 620 712 690 corporibus
727 620 1002 689 praebeant
1022 617 1362 680 indumenta,
1388 615 1747 685 utique'quod
1765 614 1843 670 uti
1863 630 1972 667 non

387 720 566 780 potest
603 711 931 776 custoditur,
956 719 1011 764 et
1032 708 1121 763 cui
1146 707 1494 763 custodiatur
1522 707 1749 760 omnino
1781 705 1961 760 nesci—

390 811 496 867 tur,
513 802 725 857 dicente
750 799 958 869 Spiritu
985 808 1176 853 sancto
1203 812 1296 866 per
1320 794 1636 865 prophetam
1659 792 1831 847 :Vane
1848 808 1969 845 con-

390 896 636 948 turbatur
648 895 817 947 omnis
836 893 1010 957 homo,
1032 890 1417 944 thesaurizatet
1432 892 1641 958 ignorat
1656 887 1742 941 cui
1760 901 1976 955 congre-

390 997 481 1058 gat
514 1003 575 1040 ea
600 998 649 1039 ε.
676 984 865 1040 Nudos
892 1000 993 1039 nos
1011 982 1269 1037 fuderunt
1292 984 1341 1034 in
1368 982 1544 1036 lucem
1571 978 1976 1050 partustmulie-

390 1095 513 1134 rum
535 1088 753 1149 egentes
781 1078 929 1140 cibo,
947 1073 1407 1143 amictu,poculo,
1422 1073 1600 1126 nudos
1628 1086 1732 1126 nos
1748 1070 1975 1139 recipiet

394 1181 545 1226 terra
578 1185 701 1240 qua:
739 1168 943 1238 genuit.
965 1166 1183 1220 Atvero
1210 1165 1265 1219 in
1294 1178 1587 1218 commune
1624 1161 1972 1232 possidemus

392 1261 514 1315 caeli
542 1259 781 1314 divitias.
814 1256 1083 1328 Splendor
1103 1256 1235 1311 solis
1258 1254 1411 1309 diviti
1438 1262 1491 1308 et
1507 1254 1730 1323 pauperi
1751 1254 1974 1322 aequali-

389 1362 472 1406 ter
487 1351 797 1407 communis
814 1359 931 1417 est;
965 1350 1220 1405 similiter
1241 1348 1425 1402 lumen
1454 1347 1619 1413 lunze,
1635 1355 1689 1401 et
1704 1346 1969 1414 siderum,

390 1445 537 1499 aeris
554 1458 776 1514 quoque
797 1442 1089 1512 temperies
1115 1450 1167 1496 et
1200 1439 1507 1511 pluviarum
1533 1448 1697 1509 guttae
1728 1448 1776 1495 et
1798 1440 1973 1495 eccle-

389 1539 484 1592 siae
502 1538 687 1607 januae
722 1545 775 1591 et
807 1534 974 1590 fontis
1004 1535 1369 1591 sanctiﬁcatio
1395 1543 1451 1588 et
1484 1542 1838 1604 peccatorum
1885 1549 1971 1587 re-

388 1629 581 1683 missio
612 1637 666 1682 et
693 1627 1042 1697 participatio
1068 1627 1256 1682 altaris
1276 1640 1331 1682 et
1355 1642 1483 1683 esca
1524 1625 1772 1695 corporis
1796 1633 1850 1680 ct
1876 1640 1973 1696 po-

387 1731 476 1775 tus
511 1722 799 1792 sanguinis
825 1722 999 1776 sancti
1031 1729 1085 1775 et
1111 1720 1432 1775 chrismatis
1459 1719 1670 1785 unctio,
1700 1727 1755 1774 et
1791 1721 1966 1789 gratia

386 1812 663 1882 largitoris
690 1821 743 1866 et
770 1812 1015 1866 visitatio
1044 1811 1263 1866 Domini
1288 1820 1341 1866 et
1364 1811 1610 1866 universi
1635 1811 1843 1880 peccati
1878 1811 1965 1864 in-

386 1904 691 1974 dulgentia,
731 1904 928 1958 horum
966 1904 1236 1971 omnium,
1273 1904 1481 1973 absque
1513 1917 1761 1973 persona:
1790 1903 1966 1958 alicu-
2000 1895 2043 1950 Β

384 1996 474 2066 jus
505 1996 838 2066 acceptione,
881 1996 1106 2066 aequalis
1146 2004 1231 2051 est
1260 1995 1600 2066 dispensatio
1637 1994 1962 2049 conditoris.

386 2086 575 2157 Neque
603 2088 749 2143 enim
784 2088 946 2142 aliter
976 2087 1131 2142 dives
1161 2097 1214 2143 et
1252 2087 1410 2142 aliter
1448 2102 1657 2157 pauper
1688 2086 1859 2141 utitur
1882 2086 1969 2141 his

386 2180 566 2245 donis,
596 2180 690 2234 sed
719 2180 886 2234 miser
913 2189 967 2234 et
991 2179 1178 2235 infelix
1204 2180 1392 2245 homo,
1418 2179 1546 2234 dum
1571 2179 1688 2233 vult
1716 2179 1839 2249 plus
1872 2180 1971 2234 ha-

389 2270 526 2324 bere
552 2285 718 2340 quam
745 2269 963 2335 sufﬁcit,
997 2269 1186 2324 multis
1220 2285 1279 2325 se
1302 2270 1586 2325 doloribus
1607 2285 1672 2325 ac
1695 2271 1967 2325 sollicitu-

386 2363 608 2419 dinibus
661 2364 864 2418 subdit.
916 2362 1233 2418 Nascuntur
1275 2364 1422 2418 enim
1474 2364 1600 2418 hinc
1644 2365 1853 2419 calores
1899 2363 1975 2419 fe-

388 2454 588 2519 brium,
636 2453 847 2523 rigores
902 2452 1193 2524 frigorum,
1245 2454 1467 2508 dolores
1505 2453 1643 2509 varii
1674 2454 1729 2508 in
1758 2454 1972 2509 cunctis

386 2560 684 2613 corporum
726 2546 992 2601 membris
1023 2552 1077 2599 et
1104 2562 1282 2616 neque
1311 2562 1437 2602 esea
1461 2547 1635 2602 cibari
1668 2557 1848 2618 potest
1874 2563 1971 2602 ne-

388 2652 496 2704 que
527 2637 727 2707 poculo
760 2638 972 2705 satiari,
1010 2647 1071 2692 ut
1099 2648 1396 2709 cognoscat
1426 2639 1699 2710 cupiditas
1725 2657 1835 2695 non
1865 2641 1972 2695 sibi

388 2730 648 2797 pecunias
688 2728 1027 2800 profuturas,
1068 2747 1191 2800 quae
1219 2730 1472 2801 repositae
1500 2731 1822 2787 custodibus
1854 2732 1971 2786 suis

390 2822 813 2879 sollicitudinem
851 2823 1110 2879 diurnam
1143 2834 1195 2879 et
1228 2834 1554 2879 nocturnam
1597 2826 1893 2890 incutiunt,
1921 2835 1975 2880 et

388 2929 489 2969 nec
517 2916 686 2971 unius
719 2916 871 2972 horze
903 2917 1081 2986 spatio
1107 2919 1326 2987 quietos
1351 2933 1448 2973 eos
1473 2928 1569 2972 aut
1600 2933 1827 2973 securos
1850 2934 1974 2973 esse

388 3010 690 3078 patiuntur.
736 3007 873 3063 Nam
904 3010 1035 3063 dum
1093 3010 1403 3065 custoditur
1429 3027 1459 3065 a
1483 3010 1699 3065 furibus
1737 3011 1935 3065 domus
1957 3053 1971 3077 ,

386 3101 516 3155 dum
549 3101 828 3169 possessio
861 3101 1082 3168 colitur,
1108 3101 1239 3156 dum
1268 3102 1467 3157 aratris
1500 3103 1811 3171 intendunt,
1841 3104 1971 3157 dum

386 3193 605 3247 solvunt
650 3192 857 3247 ﬁscalia
887 3232 903 3256 ,
943 3192 1075 3246 dum
1114 3192 1387 3247 aediﬁcant
1412 3194 1810 3263 promptuaria,
1841 3195 1970 3249 dum

385 3284 557 3339 lucris
612 3284 851 3350 student,
882 3283 1013 3337 dum
1046 3284 1419 3354 patentiorum
1451 3300 1511 3339 se
1556 3286 1794 3356 impetus
1825 3288 1971 3341 miti-

384 3392 514 3444 gare
540 3376 812 3441 nitunlur,
843 3376 974 3430 dum
1009 3377 1191 3432 minus
1219 3388 1469 3447 potentes
1504 3394 1564 3433 se
1599 3379 1809 3434 nudare
1839 3396 1973 3435 con-

387 3468 638 3532 tendunt,
665 3468 795 3522 dum
830 3468 942 3523 iras
973 3483 1104 3524 suas
1132 3469 1332 3538 quibus
1370 3480 1603 3539 possunt
1639 3470 1886 3527 inferunt
1917 3482 1972 3527 et

384 3559 567 3614 illatas
604 3558 660 3612 in
692 3574 752 3614 se
785 3558 878 3613 vix
917 3569 1012 3614 aut
1041 3561 1354 3616 nullatenus
1382 3561 1526 3618 ferre
1552 3573 1805 3632 possunt,
1837 3564 1968 3619 dum

382 3651 758 3709 blandimento
775 3666 889 3707 sua:
917 3653 1098 3707 carnis
1120 3656 1452 3723 assentiunt,
1470 3657 1601 3711 dum
1622 3657 1810 3713 ludere
1834 3659 1969 3715 aleis

385 3752 441 3797 et
464 3741 795 3811 spectaculis
826 3756 937 3796 non
966 3744 1319 3810 erubescunt,
1345 3746 1476 3800 dum
1498 3748 1744 3817 polluere
1767 3758 1822 3803 et
1849 3749 1971 3819 pol-

383 3834 461 3888 lui
505 3849 617 3887 uon
648 3844 928 3903 metuunt,
963 3835 1147 3891 subito
1175 3844 1381 3891 exeunt
1402 3837 1470 3892 de
1492 3838 1599 3894 isto
1631 3841 1834 3895 saeculo
1864 3856 1969 3896 nu-

385 3926 464 3993 di,
493 3926 610 3982 sola
646 3943 833 3983 secum
878 3938 1100 3999 peccata
1132 3937 1449 4000 portantes,
1474 3945 1575 4002 pro
1610 3932 1813 4003 quibus
1840 3941 1970 3989 sunt

385 4034 580 4089 poenas
594 4020 817 4091 passuri
844 4030 1160 4091 perpetuas.

456 4135 597 4192 Ecce
620 4146 800 4193 autem
837 4138 952 4195 haec
975 4138 1190 4193 dicente
1231 4146 1424 4193 sancto
1460 4137 1671 4195 Joanne
1716 4142 1969 4209 apostolo

382 4230 712 4287 efferebatur
744 4230 967 4303 juvenis
993 4246 1023 4285 a
1051 4239 1230 4287 matre
1258 4229 1443 4297 vidua,
1480 4232 1575 4302 qui
1598 4231 1819 4302 triginta
1849 4233 1967 4289 dies

384 4324 618 4379 habebat
647 4338 714 4378 ex
738 4338 848 4394 quo
880 4338 1104 4377 uxorem
1132 4331 1448 4390 acceperat;
1477 4322 1755 4377 venientes
1782 4330 1965 4378 autem

384 4414 561 4479 turbae
584 4430 707 4484 qua:
749 4415 1043 4483 exsequias
1093 4412 1368 4468 faciebant
1421 4413 1587 4467 simul
1619 4429 1744 4469 cum
1789 4424 1965 4469 matre

382 4506 505 4577 ejus
526 4506 690 4560 vidua
714 4504 1065 4575 jactaverunt
1094 4520 1152 4559 se
1183 4504 1251 4559 ad
1284 4503 1450 4573 pedes
1474 4505 1617 4574 ejus,
1649 4520 1840 4561 omnes
1868 4521 1965 4575 pa-

2082 626 2112 664 a
2148 609 2401 674 mortuis,
2433 608 2628 662 mortis
2672 607 2893 661 vinculo
2922 607 3164 663 resoluto
3187 648 3202 674 ,
3244 615 3299 661 et
3328 606 3414 661 his
3446 607 3665 662 duobus

2080 703 2260 757 Attico
2287 712 2341 757 et
2371 700 2617 772 Eugenio
2649 700 2943 754 annunties
2974 708 3238 769 quantam
3272 699 3502 769 gloriam
3526 699 3665 752 ami-

2080 795 2251 848 serint
2279 805 2333 848 et
2360 805 2623 864 quantam
2653 794 2987 848 incurrerint
3010 808 3254 863 poenam.
3286 791 3441 848 Tunc
3469 808 3664 846 exsur-

2078 900 2214 956 gens
2245 885 2517 952 Stacteus,
2549 888 2631 941 sic
2658 890 2805 942 enim
2832 886 3391 955 vocabaturjuvenis,
3415 884 3665 938 adoravit

2078 983 2409 1051 apostolum,
2427 991 2481 1037 et
2502 983 2666 1052 cmpit
2689 983 2970 1051 increpare
2992 982 3290 1051 discipulos
3307 980 3427 1049 ejus
3449 979 3657 1032 dicens:

2083 1075 2199 1130 Vidi
2235 1077 2460 1147 angelos
2492 1086 2702 1132 vestros
2737 1076 2927 1131 flentes
2973 1085 3026 1131 et
3073 1076 3292 1130 Satanae
3339 1072 3562 1142 angelos
3604 1072 3664 1124 in

2076 1178 2256 1223 vestra
2283 1167 2586 1238 dejectione
2616 1169 2973 1238 gratulantes.
3002 1167 3122 1222 Jam
3147 1182 3372 1238 regnum
3406 1172 3661 1235 paratum

2076 1261 2232 1315 vobis
2265 1270 2417 1325 erat,
2466 1271 2519 1315 et
2545 1276 2612 1315 ex
2655 1262 3080 1316 coruscantibus
3110 1262 3341 1332 gemmis
3394 1268 3541 1313 zetas
3579 1258 3663 1312 iu—

2077 1364 2316 1409 Structas
2340 1354 2528 1423 plenas
2557 1354 2793 1425 gaudiis,
2828 1354 3017 1423 plenas
3042 1352 3218 1422 epulis
3240 1392 3252 1415 ,
3300 1351 3489 1421 plenas
3522 1350 3664 1405 delia;

2076 1449 2199 1515 ciis,
2222 1448 2415 1517 plenas
2435 1446 2559 1501 vita:
2592 1447 2976 1517 perpetuitate,
3003 1446 3189 1515 plenas
3208 1444 3413 1498 lumine
3435 1454 3660 1510 :eterno,

2078 1543 2267 1612 plenas
2287 1540 2745 1596 delectationibus
2768 1539 3053 1605 amisistis,
3078 1547 3132 1592 et
3159 1537 3477 1606 acquisistis
3508 1536 3662 1590 vobis

2075 1634 2195 1688 loca
2230 1632 2583 1687 tenebrarum
2615 1631 2777 1699 plena
2806 1629 3163 1693 draconibus,
3193 1627 3353 1696 plena
3386 1625 3666 1681 stridenti-

2078 1726 2181 1780 bus
2209 1724 2470 1790 flammis,
2499 1724 2657 1793 plena
2679 1722 3016 1777 cruciatibus
3047 1732 3100 1775 et
3128 1717 3663 1789 incomprehensibi-

2075 1821 2221 1874 libus
2279 1819 2491 1888 poenis,
2548 1818 2705 1887 plena
2758 1816 3076 1886 putoribus,
3133 1814 3291 1883 plena
3344 1811 3662 1875 doloribus,

2072 1915 2233 1983 plena
2264 1911 2559 1983 angustiis,
2588 1910 2748 1979 plena
2780 1909 2975 1964 timore
3004 1922 3071 1961 ac
3096 1917 3338 1960 tremore
3374 1904 3658 1959 horriﬁco.

2071 2004 2138 2059 Et
2176 2003 2438 2058 amisistis
2489 2002 2609 2057 loca
2635 1997 3190 2055 innnarcescibilibus
3229 1996 3455 2051 floribus
3480 1994 3662 2064 plena,

2070 2099 2231 2169 plena
2263 2096 2495 2151 vocibus
2531 2108 2886 2165 organorum,
2919 2101 2972 2146 et
3010 2088 3329 2159 acquisistis
3356 2086 3514 2140 vobis
3536 2086 3661 2138 loca

2072 2190 2127 2243 in
2160 2189 2361 2259 quibus
2390 2187 2480 2241 die
2511 2195 2787 2253 noctuque
2813 2199 2925 2238 non
2956 2190 3138 2237 cessat
3170 2178 3417 2249 mugitus
3457 2185 3510 2231 et
3538 2176 3665 2229 ulu-

2076 2281 2220 2335 latus
2249 2290 2303 2334 et
2330 2280 2535 2334 luctus.
2562 2276 2710 2330 Nihil
2736 2276 2850 2345 jam
2880 2273 3036 2328 vobis
3076 2272 3221 2327 aliud
3259 2278 3511 2340 superest
3553 2268 3663 2323 nisi

2072 2380 2133 2426 ut
2166 2370 2371 2440 rogetis
2424 2366 2734 2440 apostolum
2766 2364 3006 2428 Domini,
3060 2371 3333 2432 quatenus
3382 2360 3526 2415 sicut
3566 2373 3656 2412 me

2072 2464 2422 2519 resuscitavit
2448 2463 2515 2516 ad
2549 2461 2715 2517 vitam
2740 2501 2754 2524 ,
2790 2460 2865 2514 ita
2890 2473 3108 2529 quoque
3139 2471 3235 2511 vos
3270 2453 3559 2508 resuscitet
3590 2451 3661 2505 ab

2074 2557 2298 2611 interitu
2328 2557 2396 2611 ad
2424 2555 2681 2619 salutem,
2714 2563 2767 2609 et
2802 2552 3026 2607 nomina
3066 2560 3251 2606 vestra
3283 2561 3404 2618 quae
3440 2546 3554 2615 jam
3595 2543 3663 2599 de

2074 2650 2214 2706 libro
2246 2651 2371 2705 vita:
2408 2651 2583 2705 deleta
2612 2658 2741 2704 sunt
2770 2646 2937 2701 faciat
2968 2642 3223 2699 rescribi.

2147 2742 2304 2798 Tunc
2331 2743 2435 2797 istc
2466 2743 2583 2811 ipse
2615 2741 2711 2811 qui
2734 2739 3034 2795 suscitatus
3083 2734 3262 2790 fuerat
3309 2741 3662 2809 prosternens

2075 2851 2135 2890 se
2161 2851 2285 2890 cum
2304 2834 2455 2888 omni
2476 2834 2676 2904 populo
2705 2841 2905 2888 etcum
2928 2830 3107 2885 Attico
3131 2838 3184 2883 et
3201 2827 3449 2899 Eugenio
3471 2839 3663 2879 omnes

2075 2924 2281 2995 pariter
2328 2925 2632 2979 exorabant
2682 2922 2991 2991 apostolum
3020 2962 3033 2985 ,
3069 2930 3131 2973 ut
3178 2919 3535 2973 intercederet
3562 2930 3663 2984 pro

2074 3018 2157 3073 eis
2193 3019 2262 3072 ad
2293 3016 2611 3071 Dominum.
2640 3015 2875 3073 Sanctus
2906 3029 3038 3069 vero
3068 3011 3351 3083 apostolus
3386 3009 3570 3064 Attico
3606 3018 3661 3061 et

2080 3110 2325 3181 Eugenio
2355 3110 2460 3165 hoc
2487 3109 2635 3164 dedit
2657 3108 2712 3161 in
2754 3108 3035 3177 responsis
3073 3114 3133 3159 ut
3170 3120 3265 3174 per
3292 3103 3511 3172 triginta
3544 3101 3661 3155 dies

2079 3200 2190 3255 Deo
2226 3200 2605 3271 paenitentiam
2651 3197 2943 3261 offerrent,
2989 3196 3043 3248 in
3072 3209 3306 3264 quorum
3341 3193 3519 3261 Spatio
3559 3190 3663 3244 hoc

2078 3294 2316 3348 maxime
2353 3299 2710 3363 precarentur
2747 3299 2805 3343 ut
2834 3289 2999 3357 virgae
3026 3300 3206 3339 aurea:
3229 3285 3295 3339 ad
3325 3299 3487 3348 suam
3508 3290 3665 3335 natu-

2076 3399 2194 3437 ram
2220 3383 2492 3445 redirent;
2521 3379 2775 3435 similiter
2814 3376 3105 3446 utlapides
3143 3376 3210 3430 ad
3242 3375 3507 3428 vilitatem
3552 3386 3663 3441 qua

2075 3475 2185 3528 nati
2221 3472 2441 3528 fuerant
2482 3480 2809 3527 remearent.
2849 3469 3077 3524 Factum
3106 3479 3190 3527 est
3217 3480 3399 3522 autem
3446 3476 3504 3521 ut
3556 3466 3662 3520 tri-

2073 3566 2223 3635 ginta
2249 3566 2462 3620 dierum
2489 3563 2745 3619 transiret
2772 3563 3046 3631 spatium;
3078 3576 3316 3631 cumque
3348 3561 3514 3630 virgae
3558 3574 3661 3612 au-

2071 3671 2178 3711 reae
2228 3656 2504 3726 simulque
2554 3663 2607 3709 ct
2656 3652 2863 3723 lapides
2889 3661 3232 3707 mutarentur
3268 3662 3321 3706 et
3376 3652 3443 3707 ad
3496 3666 3658 3706 suam

2071 3747 2313 3802 redirent
2335 3755 2609 3813 naturam,
2636 3745 2915 3799 venientes
2944 3742 3160 3797 Atticus
3195 3751 3249 3797 et
3275 3741 3556 3812 Eugenius
3589 3741 3659 3795 ad

2072 3839 2665 3910 apostolum'dixerunt
2698 3855 2713 3891 :
2748 3835 2973 3907 Semper
3003 3835 3441 3892 misericordiam
3466 3835 3657 3890 docui-

2079 3933 2171 4001 sti,
2206 3946 2423 4003 semper
2476 3930 2870 4002 iudulgentiam
2911 3930 3219 3999 prmdicasti
3258 3938 3313 3983 et
3352 3925 3657 3999 praecepisti

2070 4037 2133 4080 ut
2165 4025 2332 4081 homo
2355 4023 2565 4079 homini
2598 4023 2922 4093 indulgeret.
2952 4020 3020 4076 Et
3049 4022 3094 4078 si
3115 4022 3281 4077 homo
3318 4022 3527 4076 homini
3568 4020 3657 4073 iu-

2069 4117 2273 4190 dulget,
2298 4126 2508 4188 quanto
2546 4116 2722 4187 magis
2746 4114 2891 4171 Deus
2917 4115 3127 4169 homini
3174 4116 3417 4186 indulget
3442 4124 3496 4170 et
3520 4130 3653 4186 par-

2068 4214 2235 4269 citur.
2265 4210 2323 4266 ln
2352 4219 2638 4280 peccatum
2670 4216 2921 4263 nostrum
2951 4209 3066 4264 haec
3088 4210 3469 4265 commisimus
3490 4251 3505 4277 ,
3556 4210 3655 4265 sed

2068 4306 2217 4377 quod
2238 4305 2415 4361 oculis
2437 4303 2958 4374 concupiscentibus
2982 4304 3036 4357 in
3072 4304 3278 4357 mundo
3299 4302 3654 4373 deliquimus,

2066 4398 2244 4453 oculis
2264 4397 2523 4452 ﬂentibus
2539 4412 2882 4466 reparamus.
2897 4396 3132 4451 Oramus
3152 4398 3283 4466 ergo
3306 4405 3381 4461 te,
3402 4395 3656 4463 Domine,

2066 4504 2313 4555 oramus,
2331 4487 2598 4558 apostole,
2619 4497 2679 4542 ut
2701 4487 3112 4559 indulgentiam,
3141 4504 3303 4558 quam
3326 4503 3540 4558 semper
3559 4487 3660 4541 do-

384 4602 521 4655 riter
559 4600 800 4669 mugitus
849 4606 904 4653 et
936 4596 1095 4653 fletus
1148 4598 1495 4668 gemitusque
1527 4596 1820 4653 fundentes
1847 4637 1862 4663 ,
1913 4606 1968 4653 et
2002 4605 2043 4659 [)
2072 4587 2236 4642 cuisti
2268 4586 2471 4653 verbis,
2505 4584 2664 4642 factis
2692 4587 2972 4641 ostendas.
3008 4584 3163 4639 Tunc
3188 4585 3385 4640 beatus
3414 4583 3658 4639 Joannes

384 4701 716 4763 rogaverunt
744 4706 870 4745 eum
904 4699 964 4744 ut
986 4692 1039 4744 in
1063 4690 1287 4746 nomine
1318 4690 1410 4744 Dei
1437 4690 1521 4745 sui
1569 4693 1710 4745 sicut
1744 4689 1970 4746 Drusia-

386 4798 510 4835 nam
552 4782 624 4836 ita
643 4794 697 4835 et
735 4783 881 4835 hunc
910 4792 1187 4836 mortuum
1217 4782 1527 4837 suscitaret.
1557 4781 1765 4837 Tantus
1786 4791 1967 4838 autem

386 4873 631 4925 omnium
671 4872 881 4926 exstitit
909 4871 1085 4939 fletus,
1130 4882 1183 4926 ut
1215 4872 1379 4927 etiam
1410 4872 1526 4942 ipse
1564 4874 1848 4942 apostolus
1875 4874 1967 4928 vix

386 4978 417 5016 a
450 4962 577 5016 ﬂetu
601 4972 654 5017 et
676 4963 934 5035 lacrymis
966 4974 1312 5033 temperaret.
1340 4963 1497 5018 Tunc
1536 4976 1888 5035 prosternens
1908 4982 1968 5022 se

387 5054 441 5108 in
482 5057 729 5110 oratione
751 5056 1063 5110 diutissime
1101 5055 1283 5125 flevit;
1316 5066 1367 5112 et
1390 5074 1695 5128 exsurgens
1739 5058 1807 5112 ab
1838 5075 1966 5114 ora-

388 5148 534 5202 tione
564 5147 829 5217 cxpandit
872 5163 1070 5202 manus
1118 5164 1247 5205 suas
1296 5150 1362 5204 ad
1397 5150 1594 5205 coelum
1642 5159 1697 5204 et
1742 5151 1965 5205 tacitam

384 5253 601 5307 precem
650 5237 959 5293 diutissime
986 5238 1143 5295 fudit.
1192 5239 1310 5296 Hoc
1350 5256 1475 5295 cum
1520 5240 1741 5296 fecisset
1782 5243 1964 5311 tertio,

381 5328 537 5398 jubet
571 5328 772 5383 resolvi
815 5328 1121 5383 involutum
1161 5346 1398 5400 corpus,
1436 5340 1490 5385 et
1525 5331 1632 5386 ait:
1671 5332 1715 5388 Ο
1740 5320 1966 5402 juvenis

386 5420 478 5490 qui
512 5435 698 5473 amore
725 5420 908 5474 carnis
941 5428 1047 5475 tua:
1081 5421 1282 5476 ductus
1307 5422 1414 5476 cito
1435 5422 1674 5478 animam
1707 5424 1964 5489 amisisti,

384 5511 656 5581 ojuvenis
685 5511 779 5580 qui
804 5511 1024 5566 nescisti
1049 5510 1363 5565 Creatorem
1394 5522 1570 5578 tuum,
1598 5514 1816 5568 nescisti
1844 5513 1963 5568 Sal-

383 5614 627 5657 vatorem
658 5602 966 5669 hominum,
998 5603 1221 5658 nescisti
1247 5603 1485 5658 amicum
1517 5619 1708 5658 verum
1747 5614 1802 5659 et
1843 5605 1965 5659 ideo

384 5695 668 5756 Incurristi
689 5696 901 5752 hostem
926 5696 1252 5767 pessimum,
1284 5713 1382 5766 pro
1413 5699 1721 5770 ignorantia
1764 5708 1854 5754 tua
1882 5699 1962 5753 la-

456 5912 480 5942 c
516 5899 663 5959 Psal.
699 5916 932 5970 xxxvui,
973 5899 1060 5969 l2,
1088 5899 1141 5957 7.
1220 5899 1246 5940 ⁸
1282 5896 1479 5955 Ezech.
1520 5914 1718 5969 χχχιιι,
1759 5900 1844 5956 ll.

2068 4677 2328 4735 flentibus
2361 4692 2415 4732 et
2438 4679 2831 4748 paenitentibus
2863 4678 3138 4732 universis
3163 4686 3216 4731 et
3239 4677 3402 4731 etiam
3439 4693 3540 4745 pro
3568 4677 3657 4731 his

2067 4771 2559 4825 intervenientibus
2599 4771 2736 4825 dixit
2778 4789 2791 4824 :
2843 4769 3110 4823 Dominus
3160 4767 3302 4821 Deus
3346 4779 3534 4821 noster
3567 4768 3656 4823 his

2070 4861 2421 4917 sermonibus
2455 4878 2587 4917 usus
2605 4871 2706 4926 est,
2729 4846 2859 4915 dum
2893 4862 2961 4915 de
2991 4860 3374 4930 peccatoribus
3403 4870 3657 4928 ageretur

2069 4966 2127 5010 ut
2152 4955 2358 5009 diceret
2381 4970 2394 5006 :
2432 4953 2575 5008 Nolo
2609 4965 2833 5007 mortem
2857 4955 3183 5022 peccatoris,
3208 4954 3297 5006 sed
3324 4953 3446 5007 volo
3474 4953 3658 5020 potius

2071 5056 2484 5103 utconvertatur
2514 5056 2562 5100 et
2588 5047 2723 5099 vivat
2749 5044 2799 5099 ἀ.
2839 5043 2978 5099 Nam
3010 5046 3141 5099 dum
3167 5045 3388 5099 doceret
3412 5060 3513 5099 nos
3544 5044 3655 5099 Do-

2069 5140 2253 5194 minus
2273 5138 2432 5193 Jesus
2457 5136 2712 5191 Christus
2733 5135 2800 5189 de
2825 5135 3219 5204 pmnitentibus
3252 5136 3359 5191 ait:
3393 5134 3527 5190 Dico
3557 5151 3655 5190 vo-

2068 5232 2156 5287 bis
2186 5233 2317 5302 quia
2349 5246 2608 5300 magnum
2645 5228 2906 5299 gaudium
2929 5235 3013 5282 est
3045 5229 3099 5282 in
3133 5229 3289 5283 caelis
3320 5228 3531 5298 angelis
3560 5243 3652 5281 su-

2066 5341 2161 5395 per
2184 5340 2294 5379 uno
2323 5333 2609 5393 peccatore
2626 5325 2922 5393 poeuitente
2952 5338 3016 5377 ac
3036 5329 3313 5376 avertente
3336 5335 3396 5375 se
3420 5335 3449 5372 a
3463 5335 3657 5388 pecca-

2066 5419 2135 5474 tis
2158 5418 2305 5483 suis;
2334 5424 2388 5471 et
2409 5415 2835 5485 ampliorlaatltia
2863 5416 2970 5469 illis
2985 5423 3069 5470 est
3101 5429 3265 5483 quam
3289 5428 3452 5480 super
3481 5427 3655 5465 nona-

2069 5510 2217 5581 ginta
2247 5507 2621 5576 uovemjustis
2650 5508 2744 5576 qui
2773 5509 3259 5577 nonjpeccaverunt
3286 5515 3332 5558 ο.
3354 5502 3505 5558 Unde
3533 5503 3655 5556 volo

2069 5619 2169 5657 vos
2195 5603 2358 5667 scire,
2386 5601 2516 5670 quia
2558 5600 2823 5655 Dominus
2858 5600 3071 5670 accepit
3107 5598 3488 5669 pmnitcntiam
3531 5596 3655 5650 illo-

2068 5692 2377 5748 rum.Tuuc
2398 5707 2700 5749 conversus
2722 5692 2789 5750 ad
2806 5693 3046 5749 Atticum
3067 5702 3120 5747 et
3143 5689 3447 5761 Eugenium
3474 5688 3650 5745 dixit:

1941 5911 1963 5940 ε
1995 5897 2128 5957 Luc.
2165 5912 2253 5964 xv,
2285 5896 2340 5952 7.
