4130 6382
563 360 700 415 1247

1597 371 1655 424 S.
1693 370 1952 427 MELITO
1991 374 2298 433 SARDIUM
2336 375 2734 436 EPISCOPUS.

3676 391 3833 447 12J8

561 477 639 533 lte
666 488 723 534 et
748 491 1024 551 reportate
1046 484 1307 555 virgasad
1334 486 1530 542 silvam
1552 489 1697 545 unde
1726 507 1822 547 eas
1853 496 2137 563 attulistis,
2168 505 2214 559 Α
2241 496 2480 554 Joannes
2504 542 2520 564 ,
2545 509 2600 555 et
2637 510 2734 556 aut
2756 503 2948 558 recede
2980 505 3049 560 ab
3080 505 3182 561 ista
3207 507 3458 564 doctrina
3486 525 3594 581 qua
3634 527 3664 566 a
3687 513 3818 568 deo-

559 586 686 625 cum
722 573 788 626 ad
841 590 997 628 suam
1042 588 1295 632 naturam
1350 589 1481 634 sunt
1533 597 1784 648 reversat,
1843 594 1899 639 ct
1932 587 2140 656 lapides

559 674 836 734 reportate
862 668 928 722 ad
985 669 1167 724 littora
1206 671 1398 737 maris,
1429 689 1553 728 cnm
1595 684 1760 743 petra>
1793 677 1966 733 effecti
2014 692 2142 736 sunt

559 766 619 810 ut
644 756 882 813 fuerunt.
917 759 1074 826 Quod
1108 777 1233 816 cum
1271 762 1467 820 fuisset
1504 765 1788 835 impletum
1819 781 2143 840 receperunt

2242 605 2361 643 rum
2393 591 2610 646 cultura
2635 597 2897 664 populum
2923 598 3216 663 revocasti,
3259 609 3355 653 aut
3384 601 3572 670 accipe
3609 612 3664 656 et
3694 603 3834 657 bibe

2241 687 2302 731 ut
2322 681 2581 736 ostendas
2598 684 3024 753 omnipotentem
3049 702 3168 742 esse
3197 687 3365 743 Deum
3401 698 3578 759 tuum,
3597 693 3643 746 si
3666 703 3834 762 post-

2240 787 2304 825 ea
2354 788 2520 842 quam
2584 775 2792 831 biberis
2827 779 3072 846 potueris
3120 780 3419 836 incolumis
3471 799 3828 852 permanere.

558 851 789 918 gratiam
818 867 982 920 quam
1011 855 1332 920 amiserant,
1358 857 1430 910 ita
1473 866 1530 910 ut
1555 857 1721 912 etiam
1747 858 2006 928 fugarent
2030 862 2142 918 dae-
2177 863 2398 940 pTunc
2441 865 2637 923 beatus
2669 865 2910 924 Joannes
2951 870 3264 939 jacentibus
3307 873 3392 929 his
3425 851 3516 944 qui
3547 891 3833 931 venenum

557 940 744 995 monia
772 943 915 997 sicut
941 945 1117 1012 prius,
1171 956 1226 1000 et
1255 948 1506 1004 infirmos
1555 961 1816 1005 curarent
1861 962 1914 1007 et
1961 953 2160 1012 caecos"

557 1033 934 1090 illuminarent
960 1046 1012 1091 et
1041 1037 1267 1094 virtutes
1295 1040 1495 1095 multas
1515 1055 1612 1110 per
1644 1056 1736 1098 eos
1764 1043 2031 1102 Dominus
2055 1045 2138 1100 fa-

555 1134 723 1180 θεῖοι.

625 1217 761 1272 Cum
795 1231 978 1274 autem
1010 1222 1190 1277 omnis
1230 1223 1426 1279 civitas
1459 1224 1826 1295 Ephesiorum
1863 1237 1918 1282 et
1958 1229 2138 1285 omnis

551 1312 839 1378 provincia
894 1313 1039 1368 Asia:
1086 1313 1352 1370 Joannem
1391 1319 1664 1373 excoleret
1699 1329 1749 1375 et
1796 1321 2135 1389 praedicaret,

551 1404 750 1459 accidit
779 1415 837 1459 ut
866 1408 1105 1461 cultores
1134 1407 1407 1464 idolorum
1431 1410 1741 1465 excitarent
1775 1412 2134 1472 seditionem:

551 1498 696 1552 unde
727 1498 932 1553 factum
967 1510 1048 1555 est
1077 1511 1135 1555 ut
1167 1501 1432 1558 Joannem
1465 1504 1829 1560 traherentad
1872 1509 2136 1577 templum

553 1589 738 1645 Dianae
768 1600 821 1645 e:
861 1604 1117 1663 urgerent
1149 1611 1274 1648 eum
1307 1605 1365 1649 ut
1407 1596 1453 1650 ei
1500 1595 1803 1651 freditatem
1835 1600 2137 1655 sacriﬁcio-

551 1696 675 1736 rum
706 1683 946 1740 oﬂ'erret.
1007 1685 1161 1741 Tunc
1221 1697 1445 1742 sanctus
1485 1687 1724 1744 Joannes
1773 1690 1887 1744 ait:
1935 1689 2135 1746 Eamus

549 1786 742 1828 omnes
775 1775 842 1828 ad
874 1777 1161 1831 ecclesiam
1189 1777 1405 1834 Domini
1438 1781 1542 1835 mei
1566 1779 1694 1835 Jesu
1725 1781 2025 1847 Christi,et
2048 1783 2133 1836 in.

2240 956 2495 1012 biberant
2529 959 2764 1014 mortuis
2790 961 3102 1031 intrepidus
3153 974 3206 1017 et
3235 975 3498 1022 constans
3544 968 3835 1037 accipiens

2240 1047 2467 1102 calicem
2493 1057 2546 1103 et
2571 1051 2915 1120 signaculum
2953 1056 3137 1109 crucis
3170 1055 3378 1112 faciens
3401 1058 3456 1112 in
3479 1074 3624 1125 eum,
3657 1060 3830 1114 dixit:

2242 1138 2384 1193 Deus
2406 1149 2460 1194 et
2486 1138 2647 1195 Pater
2674 1141 2889 1197 Domini
2919 1145 3022 1198 mei
3049 1143 3176 1200 Jesu
3199 1146 3425 1210 Christi,
3454 1149 3612 1218 cujus
3649 1151 3832 1205 verbo

2239 1232 2363 1286 caeli
2393 1231 2588 1288 firmati
2613 1245 2762 1300 sunt,
2787 1237 2875 1289 cui
2903 1240 3090 1291 omnia
3121 1238 3366 1308 subjecta
3398 1249 3547 1306 sunt,
3579 1242 3667 1295 cui
3698 1257 3833 1295 om-

2241 1324 2327 1378 nis
2357 1334 2609 1379 creatura
2631 1326 2889 1393 deservit,
2939 1329 3027 1383 cui
3076 1331 3256 1384 omnis
3288 1339 3528 1400 potestas
3574 1333 3831 1402 subjecta

2239 1423 2321 1467 est
2343 1422 2398 1468 et
2432 1416 2627 1470 metuit
2655 1426 2708 1470 et
2723 1420 3054 1488 expavescit,
3081 1437 3206 1475 cum
3241 1437 3342 1478 nos
3373 1433 3424 1477 te
3464 1425 3517 1479 in
3549 1425 3831 1481 auxilium

2239 1517 2624 1570 provocamus,
2653 1508 2811 1574 cujus
2837 1508 3024 1565 audito
3045 1511 3269 1566 nomine
3298 1527 3524 1581 serpens
3551 1516 3830 1585 conquie-

2239 1590 2362 1655 scit,
2395 1590 2562 1646 draco
2580 1590 2738 1663 fugit,
2773 1596 2897 1650 silet
2925 1599 3132 1667 vipera,
3165 1609 3220 1655 et
3250 1602 3441 1657 rubeta
3477 1605 3567 1658 illa
3598 1621 3722 1674 quze
3745 1605 3833 1658 di-

2237 1681 2379 1735 citur
2396 1698 2530 1738 rana
2560 1684 2802 1753 inquieta
2833 1689 3112 1757 torpescit,
3146 1693 3394 1760 scorpius
3413 1694 3824 1764 exstinguitur;

2239 1775 2460 1844 reguius
2499 1775 2734 1831 vincitur
2757 1787 2811 1832 et
2832 1781 3128 1850 spalangus
3160 1781 3297 1834 nihil
3341 1784 3566 1837 noxium
3613 1799 3828 1853 opera-

549 1875 810 1921 vocantes
848 1883 942 1922 vos
967 1885 1164 1923 nomen
1197 1870 1385 1925 Diana:
1406 1881 1602 1926 vestrae
1626 1871 1789 1927 facite
1815 1874 2012 1928 cadere
2037 1892 2127 1930 ec~
2165 1864 2206 1918 Β
2239 1876 2325 1921 [υτ
2354 1876 2408 1922 ει
2433 1869 2617 1923 omnia
2649 1879 2915 1925 venenata
2952 1874 3196 1941 Γοβθηῑῖεὶ
3233 1883 3286 1927 et
3323 1874 3501 1928 adhuc
3548 1874 3826 1930 Γθτοείοτίι

550 1957 771 2012 clesiam
791 1969 845 2014 et
868 1960 940 2014 ita
962 1962 1116 2017 vobis
1132 1965 1498 2019 consentiam.
1531 1965 1587 2020 Si
1609 1976 1790 2020 autem
1817 1967 1924 2021 hoc
1951 1966 2133 2022 facere

547 2065 659 2102 non
702 2053 1014 2119 potueritis,
1070 2069 1172 2124 ego
1219 2055 1487 2112 invocabo
1535 2075 1734 2114 nomen
1779 2058 1992 2114 Domini
2025 2061 2132 2114 mei

544 2135 673 2193 Jesu
698 2139 906 2194 Christi
929 2151 984 2196 et
1006 2142 1168 2197 faciet
1193 2145 1386 2200 cadere
1412 2149 1672 2217 templum
1705 2149 1808 2203 hoc
1831 2191 1845 2213 ,
1883 2158 1938 2203 et
1973 2165 2130 2204 com-

545 2229 722 2283 minui
754 2231 958 2286 idolum
982 2234 1124 2302 ejus.
1153 2234 1309 2300 Quod
1335 2253 1459 2292 cum
1487 2236 1692 2294 factum
1713 2239 1894 2304 fuerit,
1917 2240 2129 2308 justum

540 2321 701 2375 vobis
738 2323 905 2377 videri
938 2325 1098 2379 debet
1120 2335 1179 2380 ut
1207 2327 1397 2382 relicta
1442 2329 1831 2398 superstitione
1866 2330 1982 2384 deae
2024 2331 2130 2384 bu-

541 2408 652 2478 jus,
683 2430 802 2482 qum.
825 2433 854 2468 a
883 2414 992 2470 Deo
1010 2432 1130 2472 meo
1153 2419 1289 2472 victa
1307 2427 1389 2473 est
1414 2429 1467 2473 et
1487 2420 1923 2487 comminuta,ad
1951 2421 2129 2490 ipsum

539 2507 956 2562 convertamini.
989 2509 1070 2563 Ad
1107 2509 1248 2564 hanc
1271 2526 1463 2566 vocem
1492 2513 1757 2568 conticuit
1785 2516 2042 2584 populus.
2072 2525 2128 2572 et

542 2594 670 2649 licet
716 2607 904 2652 essent
945 2601 1105 2667 pauci
1151 2603 1245 2670 qui
1277 2603 1744 2660 contradicerent-
1774 2607 1901 2660 huic
1936 2607 2130 2662 deﬁni-

541 2687 676 2740 tioni
705 2727 720 2751 ,
766 2704 893 2758 pars
943 2700 1123 2747 tamen
1175 2695 1413 2748 maxima
1469 2711 1804 2751 consensum
1854 2699 2122 2753 attribuit.

543 2775 699 2830 Tunc
726 2779 918 2833 beatus
947 2778 1190 2835 Joannes
1218 2783 1435 2838 blandis
1467 2785 1722 2865 alloquiis
1744 2788 2008 2842 exorabat
2030 2804 2130 2858 po-

539 2868 750 2938 pulum,
791 2880 849 2925 ut
881 2887 911 2925 a
946 2873 1148 2942 templo
1181 2873 1340 2946 longe
1361 2892 1419 2930 se
1441 2875 1702 2933 facerent.
1731 2879 1980 2950 Cumque
2001 2882 2126 2935 uni-

540 2961 684 3015 versi
715 2977 778 3014 ex
825 2963 1073 3018 interiori
1124 2975 1277 3034 parte
1316 2965 1464 3022 foras
1497 2970 1758 3036 exissent,
1795 2987 1929 3026 voce
1975 2973 2125 3027 clara

539 3068 727 3109 coram
781 3057 1038 3112 omnibus
1081 3058 1250 3112 dixit:
1283 3058 1352 3114 Ut
1399 3062 1539 3116 sciat
1577 3063 1693 3118 haec
1739 3065 1921 3120 omnis
1966 3068 2122 3119 turba

538 3145 669 3215 quia
701 3145 907 3200 idolum
935 3148 1038 3202 hoc
1059 3147 1242 3204 Diana:
1264 3151 1593 3208 daemonium
1622 3163 1728 3223 est,
1753 3166 1974 3210 corruat
1997 3173 2121 3211 cum

537 3237 796 3314 omnibus
825 3238 1158 3296 manufactis
1189 3241 1354 3297 idolis
1377 3258 1498 3312 quae
1531 3245 1793 3301 coluntur
1825 3247 1878 3301 in
1911 3266 2009 3314 eo,
2046 3251 2120 3304 ita

536 3312 825 3382 utnullam
853 3330 908 3382 in
947 3329 1264 3387 hominibus
1291 3333 1569 3388 lzesioncm
1609 3334 1802 3391 faciat!
1851 3337 2125 3394 Continuo

535 3427 716 3472 autem
747 3420 814 3474 ad
837 3437 1029 3476 vocem
1059 3425 1291 3493 apostoli
1320 3426 1508 3480 omnia
1557 3426 1723 3482 simul
1765 3445 1888 3484 cum
1926 3432 2125 3500 templo

536 3526 638 3565 suo
667 3511 813 3566 ido!a
847 3513 920 3567 ita
945 3526 1296 3580 corruerunt,
1315 3528 1373 3571 ut
1395 3519 1739 3574 efﬁcerentur
1757 3521 1898 3577 sicut
1921 3523 2121 3591 pulvis,

534 3616 699 3669 quem
744 3603 965 3671 projicit
1011 3616 1205 3660 ventus
1243 3622 1273 3660 a
1300 3606 1440 3662 facie
1479 3616 1656 3663 terrae.
1695 3608 1961 3664 Conversi
1992 3621 2123 3666 sunt

533 3703 714 3747 autem
741 3695 929 3750 eadem
965 3696 1053 3752 die
1084 3698 1377 3754 duodecim
1402 3701 1574 3754 millia
1603 3702 1846 3772 gentium
1875 3704 2121 3772 exceptis

533 3785 777 3852 parvulis
800 3794 853 3839 et
884 3786 1242 3854 mulieribus,
1272 3797 1326 3842 et
1365 3789 1709 3860 baptismatis
1755 3801 1884 3846 sunt
1921 3808 2119 3847 conse-

531 3874 670 3928 crati
697 3875 910 3930 virtute.
943 3875 1099 3932 Tunc
1143 3879 1539 3947 Aristodimus,
1572 3882 1666 3950 qui
1721 3892 1842 3937 erat
1872 3882 2117 3952 pontifex

531 3966 778 4019 omnium
804 3967 1098 4033 idolorum,
1125 3970 1361 4038 repletus
1390 3970 1584 4039 spiritu
1609 3972 1951 4041 nequissimo
1973 3973 2120 4027 exei-

533 4058 666 4111 tavit
694 4058 1018 4114 scditioncm
1053 4062 1108 4114 in
1141 4062 1369 4131 populo,
1423 4063 1496 4116 ita
1548 4071 1609 4116 ut
1659 4063 1896 4132 populus
1927 4073 2118 4120 contra

531 4150 792 4218 populqu
823 4161 1112 4219 pararetur
1141 4151 1208 4205 ad
1230 4153 1454 4207 bellum.
1501 4152 1609 4207 Sed
1643 4154 1837 4208 beatus
1876 4152 2116 4210 Joannes

533 4241 611 4293 ait
647 4256 659 4292 :
696 4239 792 4294 Dic
832 4242 990 4308 mihi,
1045 4242 1400 4307 Aristodime,
1440 4243 1570 4312 quid
1608 4242 1805 4297 faciam
1839 4246 2114 4311 ut.tollam

532 4333 966 4403 indignationem
993 4335 1060 4390 de
1086 4335 1272 4389 animo
1306 4345 1421 4390 tuo.
1471 4335 1572 4389 Cui
1609 4336 1976 4394 Aristodimus
2000 4341 2112 4391 ait:

532 4426 691 4492 Si_vis
722 4435 780 4481 ut
803 4428 1022 4482 credam
1049 4428 1157 4484 Deo
1184 4438 1297 4495 tuo,
1316 4429 1457 4483 dabo
1481 4430 1576 4483 tibi
1601 4445 1869 4484 venenum
1889 4431 2110 4498 bibere;

531 4520 678 4588 quod
710 4534 837 4572 cum
859 4519 1087 4586 biberis,
1115 4520 1161 4575 si
1193 4537 1300 4573 non
1330 4519 1500 4574 fueris
1530 4529 1800 4588 mortuus,
1827 4523 2115 4591 apparebit

532 4627 721 4666 verum
755 4628 879 4667 esse
919 4611 1088 4666 Deum
1121 4623 1298 4666 tuum.
1338 4612 1437 4665 Cui
1479 4613 1764 4682 apostolus
1805 4613 1911 4666 ait:
1943 4612 2117 4667 Vene-

527 4719 661 4758 num
687 4704 731 4758 si
755 4704 970 4758 dederis
996 4705 1128 4758 mihi
1154 4705 1361 4768 bibere,
1383 4706 1637 4759 invocato
1655 4706 1878 4760 nomine
1901 4705 2116 4760 Domini

529 4797 638 4850 mei
670 4795 798 4851 Jesu
827 4797 1055 4863 Christi,
1086 4813 1193 4852 non
1224 4798 1424 4867 poterit
1456 4813 1655 4853 nocere
1680 4798 1834 4850 mihi.
1876 4797 1980 4852 Cui
2001 4798 2118 4851 Ari-

529 4889 800 4943 stodimus
825 4890 931 4944 ait:
966 4888 1126 4944 Prius
1153 4900 1237 4943 est
1280 4898 1338 4942 ut
1365 4889 1550 4943 videas
1573 4889 1820 4944 bibentes
1847 4898 1901 4944 et
1928 4891 2115 4944 statim

529 4978 830 5032 morientes
865 4989 922 5032 ut
946 4979 1028 5033 vel
1065 4980 1146 5034 sic
1173 4978 1350 5048 possit
1381 4993 1476 5033 cor
1517 4990 1669 5032 tuum
1708 4979 1813 5033 hoc
1860 4980 2113 5049 poculum

529 5067 852 5123 formidare.
883 5069 986 5123 Cui
1013 5070 1209 5124 beatus
1235 5068 1475 5124 Joannes
1497 5068 1779 5137 respondit
1806 5084 1817 5117 :
1851 5066 1973 5122 Jam
1997 5068 2111 5124 dixi

533 5158 653 5225 tibi,
686 5167 741 5213 tu
767 5169 977 5213 tantum
1005 5169 1233 5230 paratus
1264 5169 1383 5214 esto
1406 5159 1631 5214 credere
1659 5159 1712 5212 in
1736 5157 1907 5212 Deum
1934 5172 2115 5211 meum

528 5247 720 5303 Jesnm
757 5249 1075 5315 Christum,
1109 5267 1234 5306 cum
1277 5265 1364 5304 me
1401 5249 1608 5304 videris
1634 5257 1759 5319 post
1789 5248 1980 5302 veneni
2023 5263 2119 5316 po-

533 5343 720 5396 culum
751 5356 969 5396 sanum.
1012 5341 1265 5396 Porrexit
1285 5342 1470 5410 itaque
1499 5340 1872 5395 Aristodimus
1897 5340 1963 5393 ad
1994 5355 2120 5407 pro-

528 5434 845 5500 consulem,
889 5443 944 5489 et
969 5435 1125 5505 petiit
1155 5435 1225 5489 ab
1269 5449 1335 5489 eo
1361 5433 1503 5489 duos
1553 5433 1702 5487 viros
1749 5432 1843 5502 qui
1871 5445 1972 5502 pro
2003 5430 2119 5486 suis

527 5535 688 5581 erant
709 5527 1010 5583 sceleribus
1041 5527 1366 5592 decollandi,
1386 5538 1440 5580 et
1464 5536 1710 5582 statuens
1739 5542 1833 5580 eos
1861 5527 1916 5580 in
1941 5527 2121 5580 medio

527 5617 653 5674 foro
685 5635 870 5675 coram
896 5621 1046 5674 omni
1068 5620 1270 5691 populo
1297 5620 1352 5672 in
1377 5627 1675 5689 conspectu
1715 5617 1950 5688 apostoli
1983 5618 2111 5672 fecit

527 5729 630 5768 eos
660 5731 930 5769 venenum
965 5716 1176 5770 bibere.
1200 5714 1304 5780 Qui
1339 5729 1465 5767 mox
1488 5723 1548 5766 ut
1576 5713 1832 5767 biberunt
1864 5711 2120 5781 spiritum

529 5807 939 5862 exhalaverunt.
999 5806 1153 5865 Tunc
1209 5805 1578 5880 Aristodimus
1623 5804 1797 5861 dixit:
1828 5804 1970 5861 Audi
2009 5821 2116 5872 me,

2237 1958 2497 2013 animalia
2551 1960 2922 2026 terebrantur,
2959 1971 3014 2018 et
3062 1979 3256 2020 omnes
3301 1966 3514 2022 radices
3564 1966 3829 2022 humanae

2227 2049 2400 2128 saluti
2424 2049 2664 2106 adversa:
2697 2061 2974 2119 arescunt,
3008 2062 3062 2108 tu
3094 2057 3404 2126 exstingue,
3442 2056 3824 2122 Domine,hoc

2217 2126 2425 2194 "veneni
2447 2141 2618 2207 virus,
2646 2145 2933 2213 exstingue
2956 2141 3304 2214 operationes
3331 2148 3450 2216 ejus
3475 2149 3821 2215 mortiferas,

2233 2242 2286 2286 et
2315 2233 2458 2288 vires
2487 2235 2677 2290 noxias
2724 2252 2862 2304 quas
2919 2237 2971 2290 in
3001 2254 3059 2292 se
3095 2238 3262 2293 habet
3306 2255 3534 2306 evacua,
3579 2251 3634 2296 et
3659 2242 3731 2296 da
3763 2243 3820 2296 in

2233 2339 2528 2396 conspectu
2575 2337 2670 2382 tuo
2713 2329 2971 2383 omnibus
2995 2345 3136 2398 quos
3187 2340 3244 2385 tu
3274 2332 3472 2386 creasti
3519 2333 3714 2387 oculos
3761 2344 3824 2387 ut

2232 2417 2472 2483 videant,
2501 2427 2554 2470 et
2571 2434 2734 2474 aures
2757 2428 2816 2472 ut
2848 2419 3096 2485 audiant,
3116 2429 3169 2473 et
3188 2435 3286 2474 cor
3303 2430 3363 2475 ut
3381 2421 3818 2491 magnitudinem

2215 2518 2382 2572 tuam
2418 2509 2746 2579 intelligant.
2784 2509 2852 2564 Et
2881 2527 3006 2564 cum
3041 2511 3155 2566 haec
3183 2511 3435 2575 dixisset,
3484 2528 3546 2567 os
3571 2529 3736 2567 suum
3765 2524 3822 2568 et

2233 2608 2405 2655 totum
2440 2600 2796 2668 semetipsum
2835 2600 2998 2670 signo
3048 2601 3231 2654 crucis
3267 2601 3524 2667 armavit,
3557 2611 3612 2656 et
3639 2612 3819 2656 totum

2230 2689 2368 2744 bibit
2390 2691 2538 2759 quod
2566 2698 2685 2743 erat
2715 2689 2768 2743 in
2796 2690 2986 2744 calice.
3024 2689 3088 2744 Et
3117 2700 3411 2761 postquam
3464 2691 3602 2746 bibit
3643 2693 3813 2746 dixit:

2233 2780 2368 2835 Peto
2389 2788 2449 2834 ut
2471 2781 2526 2835 hi
2553 2789 2773 2850 propter
2795 2797 2937 2850 quos
2969 2781 3106 2849 bibi,
3133 2782 3361 2836 credant
3380 2783 3434 2836 in
3466 2792 3538 2846 te,
3562 2781 3815 2848 Domine,

2229 2882 2281 2926 et
2308 2873 2567 2938 salutem,
2595 2888 2718 2941 qum
2733 2873 2878 2942 apud
2909 2882 2961 2928 te
2981 2883 3086 2935 est.
3109 2881 3162 2927 te
3189 2873 3536 2929 illuminante
3567 2891 3816 2930 merean-

2230 2970 2320 3018 tur
2350 2965 2618 3033 accipere.
2663 2963 3023 3020 Attendentes
3077 2974 3260 3021 autem
3304 2966 3493 3036 pepuli
3543 2966 3812 3022 Joannem

2229 3069 2326 3123 per
2358 3062 2468 3110 tres
2500 3055 2666 3110 horas
2696 3056 2905 3109 vultum
2945 3056 3148 3112 habere
3175 3057 3428 3122 hilarem,
3459 3066 3514 3112 et
3549 3059 3698 3112 nulla
3723 3075 3818 3129 pe-

2232 3145 2382 3201 nitus
2435 3146 2591 3216 signa
2639 3147 2865 3216 palloris
2919 3156 3016 3202 aut
3073 3149 3457 3219 trepidationis
3483 3151 3812 3217 habentem,

2229 3236 2470 3290 clamare
2510 3246 2795 3308 cmperunt
2832 3255 2844 3290 :
2880 3238 3032 3294 Unus
3055 3250 3110 3294 et
3149 3255 3316 3296 verus
3345 3241 3488 3297 Deus
3515 3253 3619 3308 est,
3650 3259 3811 3313 quem

2228 3328 2360 3383 colit
2383 3326 2648 3384 Joannes.
2675 3329 3048 3388 Aristodimus
3071 3340 3256 3386 autem
3284 3348 3386 3388 nec
3422 3333 3502 3388 sic
3533 3335 3810 3398 credebat,

2228 3421 2322 3475 sed
2352 3421 2589 3491 populus
2607 3413 2940 3492 objurgahat
2971 3437 3121 3478 eum.
3171 3422 3267 3478 llle
3301 3431 3484 3478 autem
3515 3440 3812 3480 conversus

2226 3515 2292 3568 ad
2317 3513 2584 3569 Joannem
2619 3515 2794 3570 dixit:
2833 3517 2984 3571 Inest
3019 3516 3154 3570 mihi
3186 3518 3369 3571 adhuc
3398 3517 3678 3582 dubietas,
3717 3518 3811 3571 sed

2227 3605 2272 3660 si
2297 3607 2433 3661 istos
2457 3607 2550 3676 qui
2581 3607 2688 3663 hoc
2715 3622 2928 3664 veneno
2961 3609 3164 3662 mortui
3211 3620 3341 3664 sunt
3379 3610 3433 3664 in
3468 3611 3691 3665 nomine
3718 3611 3812 3665 Dei

2228 3700 2302 3753 tui
2337 3700 2662 3754 excitaveris
2689 3741 2704 3767 ,
2746 3699 3138 3754 emundabitur
3186 3715 3281 3755 cor
3329 3717 3512 3756 meum
3561 3703 3630 3756 ab
3661 3703 3810 3757 omni

2224 3792 2520 3846 dubietate.
2574 3790 2769 3860 Populi
2819 3800 3005 3846 autem
3047 3793 3407 3862 msurgebant
3443 3793 3499 3846 in
3540 3794 3811 3848 Aristodi-

2224 3898 2373 3937 mum
2415 3883 2690 3937 dicentes:
2726 3881 3087 3938 lncendemus
3113 3894 3166 3939 et
3194 3893 3248 3939 te
3277 3897 3332 3939 et
3371 3885 3596 3939 domum
3636 3894 3808 3951 tuam,

2222 3973 2269 4027 si
2298 3988 2468 4027 ausus
2501 3971 2671 4028 fueris
2702 3973 2844 4027 ultra
2868 3974 3182 4043 apostolum
3213 3972 3309 4028 Dei
3337 3975 3390 4028 in
3419 3983 3511 4030 tuo
3557 3990 3810 4030 sermone

2223 4062 2405 4119 facere
2425 4065 2699 4120 laborare.
2730 4065 2935 4119 Videns
2962 4075 3146 4120 autem
3187 4063 3431 4121 Joannes
3480 4067 3808 4122 acerrimam

2221 4151 2547 4207 seditionem
2566 4153 2711 4217 ﬁeri,
2733 4154 2888 4224 petiit
2913 4154 3192 4208 silentium
3215 4163 3268 4209 et
3288 4155 3547 4210 omnibus
3577 4156 3806 4210 audien-

2222 4242 2367 4296 tibus
2399 4243 2540 4298 dixit
2578 4257 2593 4296 :
2628 4243 2810 4298 Prima
2840 4253 2924 4299 cst
2957 4259 3123 4314 quam
3170 4245 3238 4299 de
3273 4245 3572 4300 virtutibus
3602 4246 3804 4300 divinis

2220 4333 2422 4386 imitari
2454 4333 2662 4389 debetis
2695 4335 3041 4404 patientiam,
3070 4350 3166 4404 per
3196 4351 3360 4405 quam
3403 4335 3546 4390 ferre
3573 4337 3804 4400 possitis

2219 4423 2628 4478 incredulorum
2655 4424 2936 4478 hominum
2961 4424 3360 4494 insipientiam,
3385 4425 3528 4481 unde
3559 4427 3603 4480 si
3629 4427 3808 4481 adhuc

2151 4543 2196 4601 υ
2223 4514 2589 4570 Aristodimus
2623 4515 2692 4569 ab
2724 4515 3043 4570 infidelitate
3091 4532 3191 4571 sua
3240 4527 3474 4584 tenetur,
3523 4518 3804 4572 solvamus

2225 4607 2398 4663 nodos
2441 4607 2842 4664 incredulitatis
2892 4609 3047 4678 ejus,
3089 4619 3141 4664 et
3169 4609 3297 4664 licet
3343 4611 3496 4665 tarde
3537 4610 3805 4664 faciamus

2221 4716 2346 4752 eum
2381 4713 2676 4769 agnoscere
2719 4697 3034 4754 Creatorem
3075 4716 3259 4755 suum.
3314 4699 3380 4753 Et
3421 4702 3564 4755 sicut
3611 4702 3803 4756 medici

2224 4793 2485 4846 habentes
2512 4791 2652 4846 inter
2673 4807 2870 4845 manus
2890 4807 3118 4862 :egrum,
3143 4793 3295 4846 varia
3322 4794 3529 4847 medela
3553 4793 3801 4862 indigen—

2223 4893 2357 4944 tem.
2384 4883 2458 4937 ita
2485 4883 2649 4938 etiam
2681 4899 2782 4938 nos
2811 4881 3103 4950 faciamus,
3144 4886 3188 4939 si
3222 4885 3404 4940 adhuc
3432 4886 3802 4939 Aristodimus

2223 4990 2332 5029 non
2363 4985 2449 5030 est
2489 4984 2718 5030 curatus
2756 4991 2823 5030 ex
2855 4991 2922 5030 eo
2948 4976 3095 5045 quod
3136 4975 3250 5045 jam
3291 4974 3498 5030 factum
3535 4985 3638 5030 est.
3685 4973 3802 5031 Non

2221 5068 2368 5121 enim
2395 5069 2625 5123 cessabo
2657 5068 2726 5122 ab
2763 5067 2869 5122 hoc
2900 5083 3066 5136 opere
3105 5083 3394 5137 quousque
3421 5067 3542 5136 ejus
3565 5068 3804 5122 vulneri-

2223 5159 2326 5212 bus
2349 5158 2524 5227 possit
2549 5157 2822 5214 medicina
2852 5159 3165 5227 provenire.
3202 5156 3270 5211 Et
3299 5172 3612 5212 convocans
3644 5159 3710 5212 ad
3745 5174 3802 5212 se

2221 5251 2617 5306 Aristodimum
2640 5249 2790 5305 dedit
2819 5250 2869 5304 ei
2899 5251 3141 5304 tunicam
3177 5265 3357 5315 suam,
3391 5266 3508 5319 Ipse
3535 5266 3663 5304 vero
3689 5252 3802 5320 pal-

2223 5344 2297 5398 lio
2328 5342 2562 5398 amictus
2587 5343 2822 5396 astabat.
2852 5341 2953 5395 Cui
2998 5341 3368 5396 Aristodimus
3400 5342 3516 5394 ait:
3543 5341 3623 5395 Ad
3655 5341 3798 5410 quod

2223 5435 2421 5492 dedisti
2449 5436 2584 5489 mihi
2605 5436 2848 5490 tunicam
2879 5435 3064 5488 tuam?
3088 5433 3229 5490 Dicit
3249 5435 3298 5489 ei
3326 5433 3600 5489 Joannes:
3627 5433 3697 5489 Ut
3723 5435 3803 5489 vel

2223 5529 2302 5583 sic
2334 5529 2599 5585 confusus
2638 5544 2667 5581 a
2699 5537 2791 5582 tua
2824 5527 3146 5582 inﬁdelitate
3162 5527 3434 5582 discedas.
3468 5526 3798 5581 CniAristo-

2222 5620 2406 5674 dimus
2433 5622 2542 5677 ait:
2581 5619 2648 5673 Et
2671 5619 2950 5688 quomodo
2973 5634 3060 5672 me
3092 5619 3276 5674 tunica
3304 5631 3396 5672 tua
3432 5617 3592 5673 faciet
3623 5618 3692 5672 ab
3716 5619 3800 5670 in-

2226 5712 2483 5767 ﬁdelitate
2505 5729 2622 5768 mea
2648 5713 2969 5767 discedere?
3000 5711 3105 5765 Cui
3153 5713 3441 5782 respondit
3488 5711 3794 5782 apostolus.

2230 5805 2376 5861 Vade
2410 5815 2463 5861 et
2496 5807 2647 5861 mitte
2681 5821 2800 5861 eam
2834 5820 2994 5875 super
3028 5819 3257 5875 corpora
3295 5803 3712 5866 defunctorum,
3743 5809 3796 5856 ct
