4130 6398
368 344 507 398 1240

1817 345 2091 404 SPURIA.

3494 352 3632 407 £250

364 462 516 523 dices
541 468 647 523 ita:
674 468 971 540 Apostolus
1000 468 1219 524 Domini
1252 469 1427 525 nostri
1460 467 1588 524 Jesu
1612 467 1818 523 Christi
1845 470 1947 523 mi-
1976 475 2024 531 Α
2053 466 2367 523 convivium
2400 476 2555 523 tuum
2582 470 2743 525 venio
2777 470 2982 541 gratias
3024 486 3214 543 agens,
3252 473 3382 543 quia
3432 491 3519 529 me
3542 478 3632 532 ἀι-

366 561 439 616 sit
467 576 555 615 me
586 569 646 615 ut
672 562 724 615 in
756 578 877 631 ejus
901 563 1126 616 nomine
1159 563 1493 632 exsurgatis,
1524 570 1585 615 ut
1613 571 1947 633 cognoscant

365 668 581 717 omnes,
600 652 726 721 quia
744 662 797 706 et
828 653 937 706 vita
961 662 1014 707 et
1030 668 1180 706 mors
1203 651 1541 706 famulantur
1566 651 1800 707 Domino
1824 667 1945 706 meo

363 742 493 799 Jesu
524 743 765 799 Christo.
793 745 949 811 Quod
974 760 1099 799 cum
1141 744 1358 799 fecisset
1399 745 1769 800 Aristodimus
1790 754 1845 799 et
1864 746 1947 799 vi-

365 837 533 892 disset
580 852 675 891 eos
731 852 1048 907 exsurgere,
1100 837 1339 891 adorans
1389 834 1678 903 Joannem,
1711 834 1945 892 festinus

366 930 605 998 porrexit
635 929 701 984 ad
733 930 1115 998 proconsulem
1138 935 1195 982 et
1220 928 1384 997 cmpit
1418 928 1659 983 clamosa
1690 944 1825 984 voce
1856 930 1945 983 di—

367 1036 521 1075 cere:
548 1021 687 1074 Audi
719 1036 828 1086 me,
862 1022 1178 1090 proconsul,
1213 1036 1510 1075 memorem
1542 1031 1595 1075 te
1634 1029 1765 1089 puto
1797 1021 1944 1091 quod

367 1122 558 1167 contra
587 1110 857 1166 Joannem
908 1112 1046 1166 iram
1074 1120 1225 1167 tuam
1280 1112 1591 1182 frequenter
1620 1111 1850 1166 excitavi
1894 1122 1947 1167 et

367 1205 535 1257 multa
570 1204 710 1257 mala
740 1212 930 1257 contra
969 1219 1094 1257 eum
1132 1205 1215 1274 egi
1242 1245 1257 1270 ,
1299 1205 1442 1259 unde
1487 1220 1681 1259 vereor
1706 1220 1775 1259 ne
1807 1206 1942 1260 iram

366 1298 485 1366 ejus
513 1297 787 1365 experiar,
812 1306 895 1350 est
924 1297 1068 1350 enim
1108 1296 1251 1353 Deus
1277 1298 1331 1351 in
1366 1299 1547 1367 specie
1592 1300 1831 1355 hominis
1862 1300 1933 1354 la-

366 1398 509 1442 tens.
550 1387 693 1442 Nam
719 1404 988 1442 venenum
1017 1389 1210 1444 bibens
1234 1405 1343 1443 non
1380 1391 1558 1444 solum
1593 1390 1707 1459 ipse
1736 1392 1947 1445 incolu-

366 1481 470 1534 mis
510 1488 842 1548 perseverat,
877 1480 970 1534 scd
1001 1480 1165 1534 etiam
1214 1495 1309 1534 eos
1358 1481 1452 1550 qui
1498 1482 1691 1536 eodem
1734 1497 1945 1537 veneno

365 1572 565 1624 mortui
593 1570 926 1640 fuerantpcr
956 1587 1154 1625 manus
1189 1587 1343 1626 meas
1372 1573 1569 1627 tunica!
1593 1588 1706 1627 suae
1738 1583 1942 1630 attactu

365 1662 648 1715 suscitavit
682 1662 748 1715 ad
780 1663 973 1727 vitam,
1004 1663 1152 1717 nulla
1188 1664 1341 1732 signa
1385 1678 1571 1717 secum
1617 1666 1814 1720 mortis
1842 1668 1941 1719 ha—

364 1754 576 1808 bentes.
602 1752 744 1808 Dicit
766 1754 814 1809 ei
839 1756 1135 1823 proconsul
1161 1775 1172 1809 :
1201 1755 1267 1809 Et
1287 1757 1419 1825 quid
1449 1758 1530 1811 vis
1556 1765 1616 1810 ut
1642 1758 1943 1813 faciamus?

2048 567 2248 629 gnatus
2280 574 2359 625 es,
2401 558 2633 614 Domine
2667 559 2796 614 Jcsn
2832 560 3063 627 Christe,
3085 563 3149 616 ad
3185 572 3306 619 tnas
3333 566 3520 633 epulas
3547 568 3635 621 in-

2047 652 2243 715 vitare,
2272 650 2452 705 sciens
2484 653 2629 721 quod
2663 668 2729 706 ex
2766 661 2881 707 toto
2913 654 3078 708 corde
3106 671 3227 710 meo
3248 656 3627 713 desiderabam

2046 754 2132 811 te;
2164 746 2273 801 vidi
2297 726 2493 800 faciem
2524 755 2675 801 tuam
2713 756 2767 802 et
2798 750 2956 817 quasi
2991 750 3056 802 de
3094 749 3346 819 sepulcro
3390 751 3634 804 suscita-

2049 845 2135 892 tus
2169 854 2312 892 sum.
2348 837 2496 893 Odor
2532 847 2658 893 tuus
2685 841 3161 909 concupiscentias
3191 841 3246 894 in
3279 857 3366 895 me
3394 842 3630 896 suscita-

2046 929 2124 982 vit
2155 939 2407 985 azternas.
2453 932 2570 985 Vox
2604 940 2694 986 tua
2747 933 2908 1001 plena
2957 934 3226 988 suavitate
3272 934 3528 988 mellillua
3575 946 3630 989 et

2048 1020 2307 1074 allocutio
2354 1030 2445 1075 tua
2498 1022 2946 1091 incomparabilis
2992 1022 3227 1091 eloquiis
3279 1024 3625 1092 angelorum.

2046 1108 2271 1175 Quoties
2298 1122 2348 1166 te
2384 1113 2573 1179 rogavi
2602 1121 2663 1165 nt
2694 1114 2928 1166 venirem
2964 1114 3029 1167 ad
3072 1120 3124 1166 te
3144 1121 3195 1166 et
3229 1113 3415 1167 dixisti
3449 1113 3584 1166 mihi
3610 1133 3627 1168 ;

2048 1201 2316 1267 Exspecta
2354 1212 2413 1256 ut
2444 1205 2705 1272 populum
2744 1204 2943 1259 liberes
2972 1203 3309 1258 crediturum
3359 1204 3516 1268 mihi,
3569 1210 3628 1257 et

2046 1293 2336 1347 custodisti
2370 1307 2573 1361 corpus
2602 1308 2784 1347 meum
2820 1295 2889 1348 ab
2924 1294 3077 1348 omni
3103 1293 3403 1363 pollutione
3428 1303 3480 1347 et
3507 1294 3631 1347 ani-

2044 1400 2191 1439 mam
2227 1400 2407 1439 meam
2443 1402 2659 1456 semper
2684 1388 3033 1453 illuminasti,
3065 1397 3252 1442 etnon
3284 1387 3627 1458 dereliquisti

2045 1494 2132 1532 me
2165 1494 2287 1533 cum
2322 1478 2459 1532 irem
2498 1479 2553 1533 in
2583 1480 2833 1534 exsilium
2867 1489 2922 1534 et
2946 1480 3204 1547 redirem,
3227 1489 3281 1535 et
3310 1481 3542 1549 posuisti
3572 1481 3627 1534 in

2044 1584 2140 1623 ore
2176 1584 2300 1625 meo
2324 1570 2555 1625 verbum
2578 1570 2825 1626 veritatis
2860 1579 2984 1638 tua),
3015 1585 3454 1625 commemorans
3480 1570 3616 1623 mihi

2046 1660 2361 1714 testimonia
2399 1660 2665 1714 virtutum
2699 1670 2942 1715 tuarum.
2994 1659 3061 1713 Et
3108 1660 3303 1729 scripsi
3353 1674 3418 1713 ea
3462 1673 3628 1727 opera

2045 1765 2167 1818 qum
2203 1749 2387 1803 audivi
2416 1766 2481 1803 ex
2509 1764 2606 1803 ore
2638 1758 2734 1804 tuo
2761 1750 2992 1803 auribus
3024 1747 3181 1802 meis.
3217 1747 3284 1800 Et
3319 1762 3489 1811 nunc,
3518 1747 3627 1800 Do-

366 1844 667 1916 Respondit
687 1819 1094 1903 Aristodimus:
1122 1819 1325 1904 Eamus
1353 1858 1409 1903 et
1430 1850 1820 1919 provolvamus
1852 1866 1945 1919 ge-
1976 1819 2017 1872 Β
2049 1840 2216 1906 mine,
2248 1841 2574 1895 commendo
2601 1840 2701 1895 tibi
2736 1841 2877 1896 ﬁlios
2908 1848 3055 1904 tuos,
3084 1855 3226 1909 quos
3256 1839 3353 1892 tibi
3382 1838 3625 1893 Ecclesia

365 1936 527 1992 nibus
554 1937 674 2007 ejus
708 1939 926 1992 veniam
972 1939 1338 2007 postulantes,
1373 1947 1429 1993 et
1473 1938 1742 2009 quidquid
1785 1940 1943 1994 nobis

361 2027 593 2096 jusserit
623 2026 913 2083 faciamus.
944 2027 1099 2083 Tunc
1129 2030 1411 2085 venientes
1445 2030 1609 2085 simul
1636 2039 1947 2099 prostrave—~

362 2129 493 2173 runt
523 2135 581 2175 se
612 2121 883 2190 apostolo,
930 2121 1326 2193 indulgentiam
1377 2124 1752 2192 postulantes;
1806 2139 1945 2193 quos

364 2210 456 2265 ille
488 2212 794 2281 suscipiens
843 2229 969 2267 cum
1019 2214 1319 2283 gratiarum
1372 2214 1591 2269 actione
1642 2214 1944 2269 orationem

364 2305 563 2360 obtulit
590 2304 723 2370 Deo,
754 2306 1119 2376 praacepitque
1162 2306 1245 2361 eis
1290 2314 1348 2361 ut
1387 2307 1551 2361 unius
1591 2306 1944 2360 hebdomadae

360 2395 633 2465 jejunium
680 2405 926 2467 agerent.
953 2395 1075 2462 Quo
1104 2398 1319 2467 expleto
1362 2397 1659 2467 baptizavit
1691 2412 1820 2452 eos:
1847 2398 1941 2468 qui

364 2502 492 2541 cum
545 2487 806 2557 haptizati
842 2486 1075 2543 fuissent
1106 2504 1229 2543 cum
1259 2489 1519 2544 universa
1570 2490 1845 2559 parentela
1890 2500 1943 2545 et

365 2578 625 2634 allinitate
650 2596 749 2635 sua
772 2590 827 2635 et
850 2580 1073 2637 famulis
1105 2584 1240 2647 suis,
1268 2582 1746 2653 fregeruntomnia
1769 2582 1942 2638 simn-

363 2670 510 2725 lacra
561 2687 625 2727 ac
655 2671 1066 2728 fabricaverunt
1095 2674 1377 2729 basilicam
1424 2675 1478 2728 in
1512 2676 1732 2730 nomine
1766 2676 1941 2731 sancti

361 2761 615 2826 Joannis,
654 2765 707 2819 in
734 2781 843 2835 qua
874 2766 990 2836 ipse
1011 2775 1237 2822 sanctus
1256 2766 1496 2822 Joannes
1522 2778 1838 2839 assumptus
1858 2779 1941 2825 est

365 2855 471 2908 hoc
502 2855 727 2909 ordine:

436 2942 574 2997 Cum
602 2954 748 2999 esset
784 2960 1056 2999 annorum
1094 2946 1397 3017 nonaginta
1448 2962 1644 3001 novem
1688 2949 1940 3017 apparuit

360 3032 413 3088 ci
444 3032 711 3089 Dominus
736 3033 895 3090 Jesus
926 3034 1181 3091 Christus
1211 3051 1337 3090 cum
1366 3036 1650 3105 discipulis
1691 3037 1808 3091 suis
1849 3036 1937 3089 di-

364 3140 497 3180 cens
526 3126 609 3179 ei:
647 3124 781 3180 Veni
812 3126 879 3180 ad
907 3142 993 3181 me
1016 3127 1143 3196 quia
1178 3135 1391 3195 tempus
1414 3136 1497 3181 est
1530 3135 1591 3181 ut
1622 3127 1858 3196 epuleris
1882 3128 1935 3183 in
1967 3161 2008 3218 Ο

364 3217 615 3271 convivio
665 3233 787 3272 meo
835 3233 960 3272 cum
1000 3218 1258 3273 fratribus
1303 3218 1434 3273 tuis.
1469 3216 1710 3289 Surgens
1756 3227 1938 3273 autem

360 3305 601 3363 Joannes
625 3310 789 3380 coepit
811 3310 911 3376 ire,
949 3311 1042 3365 sed
1073 3309 1337 3365 Dominus
1364 3311 1501 3365 dixit
1533 3311 1619 3365 ei:
1656 3310 1937 3366 Dominica

365 3400 783 3455 resurrectionis
810 3415 945 3456 mem
974 3401 1062 3455 die
1094 3417 1217 3471 quae
1248 3409 1374 3469 post
1402 3401 1646 3470 quinque
1686 3402 1805 3455 dies
1852 3401 1939 3455 fu-

362 3500 486 3547 tnra
518 3502 603 3547 est
640 3493 715 3546 ita
745 3493 934 3548 venies
986 3494 1051 3547 ad
1084 3509 1187 3547 me.
1244 3493 1309 3549 Et
1356 3510 1481 3548 cum
1535 3495 1649 3548 haec
1681 3494 1932 3563 dixisset,

362 3585 503 3639 coelo
552 3595 803 3655 receptus
851 3597 954 3640 est.
982 3584 1244 3639 Veniente
1282 3586 1465 3654 itaque
1515 3584 1799 3641 Dominica
1850 3590 1938 3644 die

360 3677 616 3729 convenit
638 3677 890 3729 universa
923 3675 1212 3730 multitudo
1238 3676 1292 3729 in
1326 3674 1557 3730 ecclesia
1587 3689 1708 3744 qua:
1736 3675 1789 3727 in
1814 3675 1935 3744 ejus

362 3765 585 3819 nomine
613 3765 791 3819 fuerat
821 3765 1107 3830 fabricata,
1133 3774 1187 3820 et
1218 3781 1248 3820 a
1273 3766 1449 3835 primo
1476 3764 1741 3833 gallorum
1769 3776 1933 3820 cantu

361 3868 529 3923 agens
563 3856 820 3925 mysteria
863 3855 955 3908 Dei
987 3871 1203 3911 omnem
1235 3856 1498 3925 populum
1528 3871 1704 3925 usque
1740 3857 1805 3911 ad
1838 3858 1935 3911 ho-

336 3960 479 4019 ram
516 3945 623 4000 diei
656 3947 867 4000 tertiam
892 3947 1166 4002 allocutus
1194 3957 1298 4002 est.
1329 3947 1459 4003 Post
1500 3949 1613 4003 haec
1650 3948 1818 4018 jussit
1853 3948 1934 4003 fo-

358 4051 515 4091 veam
557 4045 713 4106 juxta
748 4039 920 4093 altare
969 4040 1084 4093 fieri
1126 4039 1472 4109 quadratam,
1496 4049 1550 4095 et
1579 4049 1779 4094 terram
1814 4041 1934 4110 ejus

359 4126 510 4184 foras
536 4130 823 4185 ecclesiam
864 4131 1080 4200 projici.
1110 4131 1178 4185 Et
1212 4131 1551 4187 descendens
1583 4132 1637 4185 in
1668 4147 1789 4186 eam
1834 4148 1931 4186 ex-

359 4221 553 4293 pandit
585 4236 783 4278 manus
818 4237 947 4278 snas
978 4222 1045 4278 ad
1077 4222 1249 4279 Deum
1278 4232 1332 4279 et
1356 4223 1523 4279 dixit:
1553 4220 1818 4279 Invitatus
1864 4224 1931 4277 ad

2050 1938 2143 1985 tua
2176 1932 2362 2001 virgo,
2391 1946 2519 1986 vera
2554 1940 2731 1987 mater
2758 1947 2854 2001 per
2884 1946 3084 2000 aquam
3111 1939 3165 1984 et
3203 1928 3466 1999 Spiritum
3496 1944 3627 1982 san-

2047 2030 2196 2077 ctum
2251 2023 2613 2093 regeneravit.
2659 2022 2895 2093 Suscipe
2937 2038 3065 2087 me,
3096 2031 3155 2076 ut
3190 2037 3315 2076 cum
3364 2020 3628 2074 fratribus

2047 2117 2183 2171 meis
2224 2116 2354 2179 sim,
2384 2131 2507 2170 cum
2542 2116 2744 2185 quibus
2774 2118 3000 2171 veniens
3042 2114 3283 2169 invitasti
3310 2128 3419 2177 me,
3475 2110 3627 2181 aperi

2046 2208 2180 2263 mihi
2207 2209 2434 2279 januam
2478 2208 2642 2276 vitae;
2672 2207 2947 2277 principes
2981 2207 3330 2260 tenebrarum
3371 2221 3478 2259 non
3528 2219 3625 2258 oc-

2044 2310 2271 2355 currant
2298 2300 2435 2353 mihi
2465 2308 2518 2355 et
2540 2315 2739 2355 manus
2769 2286 3030 2353 extranea
3061 2312 3170 2352 non
3202 2297 3482 2365 contingat
3512 2310 3622 2360 me,

2044 2409 2145 2447 nec
2166 2393 2350 2448 veniat
2373 2393 2507 2447 mihi
2531 2408 2624 2462 pes
2649 2392 2942 2462 superbiat,
2967 2392 3059 2447 sed
3082 2391 3297 2460 suscipe
3316 2406 3401 2443 me
3429 2406 3627 2444 secun—

2044 2486 2173 2539 dum
2202 2485 2426 2539 verbum
2454 2494 2630 2548 tuum,
2655 2494 2709 2539 et
2728 2485 2929 2553 perduc
2951 2499 3038 2538 me
3062 2484 3129 2537 ad
3153 2483 3468 2538 convivium
3491 2497 3627 2551 cpu-

2042 2577 2221 2633 larum
2252 2586 2472 2633 tuamm
2495 2619 2511 2645 ,
2540 2578 2635 2631 ubi
2686 2577 2977 2646 epulantur
3003 2585 3180 2631 tecum
3234 2591 3425 2630 omnes
3464 2575 3629 2629 amici

2043 2668 2144 2721 tui.
2180 2666 2261 2721 Tu
2293 2683 2353 2723 es
2392 2668 2539 2722 enim
2576 2666 2829 2721 Christus
2864 2665 3039 2720 Filius
3066 2664 3160 2719 Dei
3187 2664 3315 2730 vivi,
3361 2665 3455 2733 qni
3488 2680 3627 2733 pra:-

2042 2770 2200 2830 cepto
2223 2759 2403 2815 Patris
2435 2761 2514 2814 tui
2543 2760 2811 2815 mundum
2840 2757 3061 2813 salvasti
3089 2798 3104 2822 ,
3139 2757 3231 2827 qui
3262 2766 3315 2811 et
3363 2754 3627 2825 Spiritum

2042 2862 2294 2907 sanctum
2348 2853 2508 2907 nobis
2560 2852 2836 2907 destinare
2870 2851 3125 2921 dignatus
3172 2865 3251 2917 es,
3304 2859 3364 2903 ut
3410 2865 3512 2903 nos
3560 2850 3629 2902 de

2041 2943 2329 3014 praeceptis
2359 2944 2471 2998 tuis
2505 2943 3032 3009 commonefaceres,
3069 2957 3167 3011 per
3203 2940 3455 2995 eumdem
3503 2939 3628 3009 Spi-

2042 3036 2211 3090 ritum
2243 3035 2339 3090 tibi
2375 3035 2582 3105 gratias
2611 3035 2901 3091 referimus
2937 3048 3033 3103 per
3053 3034 3270 3088 infinita
3299 3033 3499 3087 smcula
3526 3048 3628 3087 sm—

2042 3127 2313 3182 culorum.
2374 3127 2573 3184 Amen.

2066 3216 2087 3219 ”
2118 3218 2187 3273 Et
2237 3234 2362 3274 cum
2411 3220 2593 3274 omnis
2640 3218 2873 3287 pepnlus
2906 3215 3276 3285 respondisset
3304 3216 3498 3283 Amen,
3535 3217 3631 3271 lux

2048 3318 2198 3365 tanta
2237 3311 2488 3380 apparuit
2531 3326 2695 3379 super
2740 3308 3046 3378 apostolum
3085 3324 3192 3362 una
3230 3307 3340 3363 fere
3383 3310 3537 3371 hora,
3570 3320 3631 3364 nt

2044 3403 2225 3456 nullus
2255 3403 2398 3456 hanc
2441 3402 2667 3457 sufferre
2711 3402 2914 3455 valeret
2969 3409 3243 3470 aspectus.
3273 3400 3469 3455 Postea
3494 3416 3627 3455 vero

2042 3495 2261 3550 inventa
2286 3506 2369 3550 est
2396 3497 2487 3550 illa
2515 3495 2670 3549 fovea
2702 3495 3039 3565 plena,nihil
3073 3494 3219 3548 aliud
3249 3494 3302 3546 in
3336 3509 3393 3548 se
3418 3494 3627 3548 habens
3700 3530 3707 3539 .

2040 3586 2149 3641 nisi
2182 3601 2403 3651 manna,
2433 3587 2579 3657 quod
2623 3602 2796 3655 usque
2826 3586 2990 3641 hodie
3036 3586 3206 3656 gignit
3235 3587 3387 3640 locus
3423 3586 3545 3650 iste,
3574 3596 3629 3641 et

2043 3678 2180 3732 fiunt
2210 3679 2286 3732 ibi
2314 3680 2546 3735 virtutes
2596 3680 2938 3734 orationibus
2992 3679 3136 3749 ejus,
3168 3687 3222 3733 et
3259 3679 3329 3733 ab
3366 3679 3624 3733 omnibus

2040 3771 2447 3826 infirmitatibus
2476 3780 2529 3825 et
2556 3771 2811 3840 periculis
2847 3771 3146 3825 liberantur
3196 3786 3386 3825 omnes
3418 3779 3471 3824 et
3502 3786 3623 3840 pre-

2042 3877 2165 3917 cum
2199 3877 2423 3917 suarum
2460 3863 2709 3917 obtinent
2743 3861 3021 3928 effectum,
3061 3870 3360 3931 praestante
3389 3861 3622 3915 Domino

2042 3963 2231 4011 nostro
2259 3955 2388 4010 .lcsu
2418 3955 2639 4012 Christo
2685 3955 2778 4025 qui
2837 3970 2964 4011 cum
3023 3964 3296 4009 coazterno
3349 3953 3509 4007 Patre
3563 3954 3619 4007 in

2041 4048 2253 4103 unitate
2277 4046 2512 4118 Spiritus
2547 4049 2719 4103 sancti
2750 4047 2894 4103 Deus
2927 4048 3063 4101 vivit
3088 4056 3140 4101 et
3172 4056 3363 4116 regnat
3387 4057 3439 4101 ct
3474 4060 3620 4103 nunt‘

2040 4151 2091 4195 et
2124 4156 2337 4212 semper
2381 4156 2477 4211 per
2524 4141 2733 4196 infinita
2784 4141 2983 4197 saecula
3032 4141 3355 4196 sazculornm
3420 4137 3592 4193 Amen
