4130 6404
377 418 510 475 [2'37

1119 420 1543 475 FRAGMENTA
1587 420 1677 474 EX
1720 420 2034 476 EXPOSIT.
2083 418 2564 476 ORACULORUM
2606 417 2905 475 DOMINIC.

3497 423 3634 479 1258

1616 634 1840 697 Ibidem,
1874 637 2055 702 paucis
2085 634 2393 702 interjectis.

458 725 793 795 ’Διαγκαίως
822 726 912 778 νῦν
944 724 1324 796 προσθήσομεν
1356 730 1470 789 ταῖς
1514 727 1954 796 προεκτεθείσαις

2126 726 2280 780 Nunc
2304 742 2416 781 rem
2449 727 2593 780 illam
2621 742 2783 796 quam
2819 727 2884 781 de
2915 724 3099 780 Marco
3131 727 3460 797 evangelista
3492 729 3633 783 idem

375 820 538 873 αὐτοῦ
585 823 787 888 φωναῖς
836 821 1164 891 παράδοσιν,
1199 822 1264 891 ἢν
1308 822 1435 892 περὶ
1488 822 1714 893 Μάρκου
1759 822 1849 874 τοῦ
1898 824 1958 875 τὸ

380 914 709 983 Εὐαγγέλιον
743 916 1084 986 γεγραφότος
1130 914 1433 968 ὲκτέθειται
1466 914 1550 967 διὰ
1590 914 1809 967 τούτων.
1848 916 1957 967 Καὶ

376 1006 531 1059 τοῦτο
563 1008 591 1058 ὁ
628 1006 996 1079 πρεσϐύτερος
1022 1006 1173 1075 ἔλεγε
1196 1025 1209 1037 ·
1248 1006 1470 1079 Μάρκος
1498 1005 1595 1078 μὲν
1621 1008 1957 1077 ἑρμηνευτὴς

380 1098 583 1169 Πέτρου
617 1098 923 1168 γενόμενος,
952 1099 1051 1151 ὅσα
1076 1098 1501 1169 ἐμνημόνευσεν,
1528 1095 1769 1166 ἀκριϐῶς
1796 1095 1959 1166 ἐγρα-

375 1190 504 1259 ψενο
556 1190 616 1243 οὐ
664 1190 761 1261 μέν
808 1208 889 1243 τοι
943 1190 1092 1255 τάξει
1144 1190 1211 1244 τὰ
1253 1190 1358 1243 ὑπὸ
1391 1190 1483 1243 τοῦ
1527 1189 1762 1260 Χριστοῦ
1799 1189 1831 1259 ἢ
1874 1190 1959 1241 λε-

376 1281 575 1352 χθέντα
617 1282 649 1352 ἢ
688 1281 1032 1353 πραχθένταθ
1078 1281 1201 1335 οὔτε
1235 1282 1343 1353 γὰρ
1378 1284 1575 1353 ἤκουσε
1602 1280 1692 1333 τοῦ
1728 1282 1955 1351 Κυρίου,

379 1374 503 1429 οὔτε
544 1375 1023 1448 παρηκολούθησεν
1069 1375 1250 1445 αὐτῷ’
1306 1373 1529 1445 ὕστερον
1564 1374 1641 1437 δὲ,
1690 1373 1765 1437 ὡς
1800 1372 1954 1443 ἔφην,

379 1468 590 1538 Πέτρῳ,
633 1467 691 1530 ὃς
742 1467 878 1538 πρὸς
925 1467 1022 1530 τὰς
1055 1466 1246 1538 χρείας
1279 1468 1515 1519 ἐποιεῖτο
1560 1467 1658 1528 τὰς
1703 1465 1958 1519 διδασκα-

379 1559 497 1622 λίας
516 1578 527 1589 ·
560 1559 674 1611 ἀλλ’
704 1560 802 1628 οὐχ
829 1559 1020 1629 ὥσπερ
1055 1558 1306 1624 σύνταξιν
1336 1558 1443 1611 τῶν
1462 1556 1751 1628 Χυριακῶν
1780 1558 1959 1609 ποιού-

380 1669 539 1723 μενος
584 1652 778 1720 λόγων.
829 1654 988 1705 Ὥστε
1040 1652 1161 1705 οὐδὲ
1215 1653 1430 1723 ἥμαρτε
1481 1652 1726 1723 Μάρκος,
1787 1651 1959 1715 οὕτως

378 1745 496 1799 ἔνια
525 1746 763 1817 γράψας,
791 1745 865 1810 ὡς
898 1746 1403 1817 ἀπεμνημόνευσεν.
1454 1746 1602 1808 Ἐνὸς
1634 1745 1742 1817 γὰρ
1774 1746 1960 1815 ἐποιή-

380 1853 511 1890 σατο
554 1838 831 1909 πρόνοιαν,
874 1838 963 1892 τοῦ
1018 1838 1180 1908 μηδὲν
1212 1832 1287 1891 ὧν
1319 1839 1515 1908 ἢκουσε
1540 1837 1887 1908 παραλιπεῖν,
1924 1838 1955 1908 ἢ

376 1928 681 1997 ψεύσασθαί
709 1948 761 1983 τι
787 1932 845 1982 ἐν
878 1930 1080 1993 αὐτοῖς.
1114 1928 1299 1983 Ταῦτα
1328 1929 1426 2000 μὲν
1454 1924 1547 1981 οὖν
1574 1929 1848 2001 ἱστόρηται
1883 1929 1960 2000 τῷ

377 2022 563 2094 Παπίᾳ
616 2024 743 2095 περὶ
794 2022 885 2075 τοῦ
936 2023 1184 2094 Μάρκου.
1239 2022 1376 2092 Περὶ
1431 2021 1488 2074 δὲ
1543 2020 1633 2073 τοῦ
1680 2021 1957 2075 Ματοαίου

376 2114 525 2167 ταῦτ’
560 2114 796 2186 εἴρηται’
841 2113 1115 2177 Mathqu
1152 2114 1249 2184 μὲν
1284 2109 1375 2166 οὖν
1422 2113 1660 2185 Ἐϐραΐδι
1694 2113 1958 2185 διαλέκτῳ

376 2207 445 2261 τὰ
478 2206 635 2274 λόγια
672 2206 1062 2277 συνεγράψατο.
1093 2206 1432 2277 ’Πρμήνευσε
1464 2205 1508 2256 δ’
1550 2204 1688 2258 αὐτὰ
1723 2205 1795 2269 ὡς
1835 2206 1959 2275 ἡδύ-

378 2315 506 2352 νατο
551 2298 780 2361 ἕκαστος
814 2297 926 2368 (4)·
984 2298 1247 2368 κέχρηται
1277 2298 1318 2349 δ’
1352 2296 1381 2347 ὁ
1424 2296 1585 2359 αὐτὸς
1636 2298 1960 2370 μαρτυρίαις

376 2389 483 2442 ἀπὸ
516 2390 615 2460 τῆς
662 2389 907 2442 Ἰωάννου
942 2388 1553 2461 προτέραςῈπιστολῆς,
1592 2389 1686 2442 καὶ
1719 2390 1815 2460 τῆς
1848 2389 1954 2442 Πέ-

376 2497 503 2551 τρου
536 2480 754 2551 ὁμοίως.
789 2479 1119 2533 Ἐκτέθειται
1151 2480 1208 2533 δὲ
1240 2480 1335 2533 καὶ
1361 2479 1527 2549 ἄλλην
1555 2480 1795 2551 ἱστορίαν
1828 2482 1957 2553 περὶ

377 2574 654 2641 γυναικὸς,
697 2574 789 2625 ἐπὶ
832 2572 1052 2635 πολλαῖς
1097 2571 1394 2642 ἁμαρτίαις
1438 2569 1819 2643 διαϐληθείσης
1863 2570 1957 2622 ἐπὶ

376 2664 469 2719 τοῦ
515 2665 740 2738 Κυρίου,
789 2665 854 2735 ἦν
888 2665 946 2717 τὸ
981 2663 1103 2717 καθ’
1135 2663 1414 2732 Ἐϐραίους
1441 2661 1769 2730 Εὐαγγὲλιον
1805 2678 1959 2734 περι-

380 2757 518 2828 έχει.

2060 821 2295 888 scriptor
2338 820 2811 884 commemoravit,
2859 818 3231 887 superioribus
3280 819 3400 889 ejus
3452 821 3636 874 verbis

2060 913 2466 967 subnectemus.
2524 912 2717 967 Aiebat
2750 913 2934 977 etiam,
2969 911 3179 982 inquit,
3220 912 3499 983 presbyter
3526 914 3634 980 ille,

2060 1004 2299 1059 Marcum
2352 1004 2495 1058 Petri
2534 1006 2915 1075 interpretem,
2961 1020 3300 1075 quaecunque
3358 1008 3636 1061 memorim

2060 1097 2445 1162 mandaverat,
2499 1096 2789 1166 diligenter
2825 1096 3213 1165 perscripsisse
3258 1114 3270 1149 :
3311 1114 3420 1151 non
3451 1108 3634 1153 tamen

2060 1189 2251 1242 ordine
2285 1190 2622 1257 pertexuisse
2652 1206 2773 1258 quae
2799 1205 2828 1242 a
2859 1189 3089 1243 Domino
3119 1199 3213 1244 aut
3249 1191 3392 1245 dicta
3421 1202 3516 1246 aut
3545 1208 3635 1262 ge-

2062 1288 2143 1335 sta
2192 1280 2424 1334 fuerant.
2469 1279 2653 1350 Neque
2681 1281 2829 1335 enim
2873 1281 2987 1350 ipse
3029 1280 3317 1337 Dominum
3358 1284 3639 1339 audiverat

2061 1382 2156 1427 aut
2198 1381 2437 1428 sectatus
2481 1372 2660 1428 fuerat
2710 1383 2986 1443 unquam.‘
3024 1372 3131 1429 Sed
3178 1389 3301 1429 cum
3344 1373 3524 1443 Petro,
3576 1386 3639 1430 ut

2061 1464 2194 1527 dixi,
2228 1473 2412 1533 postea
2447 1474 2693 1517 versatus
2726 1472 2840 1529 est;
2879 1464 2971 1532 qui
2998 1478 3096 1531 pro
3130 1464 3463 1519 audientium
3490 1467 3638 1519 utili-

2062 1567 2193 1622 tate,
2218 1573 2325 1611 non
2358 1573 2489 1611 vero
2515 1565 2573 1610 ut
2596 1572 2911 1611 sermonum
2948 1556 3163 1612 Domini
3188 1558 3473 1613 historiam
3508 1574 3639 1613 con-

2061 1656 2286 1713 texeret,
2309 1648 2659 1717 Evangelium
2686 1648 3033 1718 praedicabat.
3061 1649 3329 1715 Quocirca
3353 1652 3485 1705 nihil
3513 1667 3639 1720 pec—

2061 1743 2205 1797 cavit
2234 1741 2469 1806 Marcus,
2499 1741 2594 1811 qui
2632 1741 2891 1795 nonnulla
2924 1741 2999 1795 ita
3034 1742 3275 1811 scripsit,
3318 1754 3479 1812 prout
3524 1742 3640 1812 ipso

2062 1835 2325 1888 memoria
2350 1834 2642 1903 repetebat.
2676 1832 2733 1887 Id
2761 1833 2961 1903 quippe
2992 1849 3161 1887 unum
3188 1834 3461 1900 studebat,
3486 1844 3545 1889 ut
3573 1849 3637 1889 ne

2061 1924 2191 1993 quid
2240 1940 2429 1978 eorum
2464 1940 2585 1993 qua:
2636 1924 2883 1979 audierat
2938 1925 3393 1993 praetermitteret,
3436 1934 3529 1980 aut
3573 1942 3641 1978 ne

2062 2017 2193 2087 quid
2222 2017 2345 2071 falsi
2379 2017 2458 2070 eis
2481 2016 2778 2086 aﬂingeret.
2808 2015 2933 2071 Ilaec
2966 2016 3032 2070 de
3074 2015 3258 2070 Marco
3281 2016 3480 2086 Papias
3512 2033 3640 2071 nar—

2061 2120 2165 2163 rat.
2193 2108 2269 2163 De
2297 2107 2550 2163 Matthmo
2575 2123 2705 2162 vero
2736 2107 2813 2163 sic
2845 2109 3007 2162 habet
3035 2127 3048 2161 :
3079 2108 3364 2164 Matthaaus
3395 2096 3637 2179 quidem,

2065 2201 2263 2269 inquit,
2296 2199 2562 2255 Hebraico
2598 2215 2850 2255 sermone
2891 2200 3072 2254 divina
3125 2200 3343 2269 scripsit
3376 2203 3595 2254 oracula
3623 2220 3635 2254 :

2032 2298 2035 2303 '
2068 2294 2455 2361 interpretatus
2482 2302 2565 2347 est
2595 2304 2776 2346 autem
2804 2292 3179 2362 unusquisque
3208 2292 3319 2357 illa,
3351 2302 3512 2361 prout
3544 2307 3641 2362 po-

2064 2384 2186 2438 tuit.
2223 2383 2393 2439 Porro
2424 2385 2562 2439 idem
2592 2382 2794 2453 Papias
2825 2384 3151 2438 testimoniis
3180 2400 3244 2437 cx
3274 2384 3454 2453 priore
3474 2383 3642 2439 Joan-

2060 2476 2146 2531 nis
2190 2475 2466 2544 Epistola,
2507 2486 2562 2531 et
2593 2491 2656 2531 ex
2706 2476 2887 2545 priore
2932 2476 3114 2530 itidem
3151 2474 3294 2530 Petri
3343 2476 3641 2545 desumptis

2062 2570 2252 2623 utitur.
2286 2568 2461 2622 Aliam
2489 2584 2706 2638 quoque
2732 2569 2956 2639 exponit
2988 2569 3273 2623 historiam
3297 2569 3363 2622 de
3390 2568 3638 2633 muliere,

2059 2676 2182 2730 quae
2215 2660 2510 2715 multorum
2550 2662 2841 2715 criminum
2894 2677 3081 2716 coram
3117 2661 3640 2729 Dominoaccusata

2058 2761 2161 2805 est.
2193 2750 2326 2817 Quae
2357 2751 2578 2820 quidem
2614 2751 2841 2806 historia
2894 2752 2947 2806 in
2998 2751 3293 2823 Evangelio
3338 2755 3641 2808 secundum

2062 2839 2318 2897 Hebraeos
2343 2842 2545 2912 scripta
2572 2843 2822 2897 habetur.

1807 2957 1985 3026 Rufini
2018 2959 2206 3012 versio.

446 3072 557 3127 Nos
587 3083 764 3127 tamen
796 3071 928 3126 illud
955 3072 1288 3127 assumimus
1317 3086 1383 3125 ex
1411 3071 1516 3133 his,
1550 3070 1697 3140 quod
1731 3070 1797 3124 de
1830 3068 2014 3124 Marco
2054 3050 2383 3141 evangelista
2429 3071 2513 3125 his
2553 3072 2779 3141 protulit
2808 3074 2985 3128 verbis
3017 3093 3029 3128 :
3068 3073 3243 3129 Etiam
3281 3074 3417 3138 hoc,
3466 3074 3641 3141 inquit

377 3144 643 3214 (Papias),
672 3144 952 3214 presbyter
998 3142 1272 3207 narrabat,
1307 3142 1451 3214 quod
1484 3139 1700 3195 Marcus
1734 3141 2001 3214 interpres
2028 3139 2209 3214 _fueri_t
2248 3139 2415 3205 Petri,
2459 3150 2514 3195 et
2555 3139 2895 3214 quaecunque
2945 3145 3263 3199 meminerat
3293 3145 3362 3198 ab
3402 3160 3467 3198 eo
3496 3139 3639 3198 dicta

374 3214 780 3282 conscripserit.

862 3228 931 3283 on
962 3221 1139 3266 tamen
1173 3229 1267 3280 per
1290 3212 1543 3283 ordinem
1559 3227 1643 3274 ea,
1673 3226 1796 3283 qua:
1828 3226 1857 3263 a
1890 3210 2129 3283 Domino
2160 3212 2304 3283 dicta
2355 3220 2483 3283 sunt
2517 3210 2602 3283 vel
2642 3210 2823 3278 facta;
2852 3214 3173 3283 digesserit:
3225 3216 3352 3283 quia
3384 3229 3491 3267 non
3526 3214 3642 3282 ipse

378 3280 837 3338 Dominiauditor
868 3281 1027 3336 fuerit
1053 3284 1135 3336 vel
1163 3291 1423 3344 sectator,
1456 3282 1548 3353 sed
1581 3282 1899 3353 novissime,
1931 3291 1989 3333 ut
2021 3280 2154 3353 dixi,
2182 3280 2345 3353 I’etro
2386 3282 2616 3353 adhaesit
2651 3284 2719 3336 ad
2760 3280 3014 3337 usumfac
3048 3280 3410 3338 ministerium
3445 3280 3642 3353 praidi-

374 3357 555 3420 candi,
587 3369 693 3407 non
724 3355 789 3406 ad
829 3353 1271 3423 conscribendos,
1292 3352 1504 3406 Domini
1531 3367 1831 3423 sermones.
1864 3349 2211 3423 Itaque__nibil
2247 3352 2489 3419 peccavit
2520 3351 2753 3423 Marcus,
2774 3353 2825 3405 in
2858 3368 2924 3407 eo
2954 3355 3098 3422 quod
3132 3355 3203 3407 ita
3231 3349 3477 3423 quaedam
3506 3356 3642 3409 serio

375 3418 563 3493 pserit',
594 3424 749 3494 quasi
779 3424 871 3493 qui
906 3423 1139 3490 sparsim
1172 3422 1357 3476 audita
1396 3422 1670 3476 recordari
1704 3418 1984 3473 videatur.
2036 3418 2101 3473 Et
2139 3418 2253 3473 hoc
2288 3423 2465 3474 solum
2513 3424 2645 3476 satis
2676 3422 2807 3543 (Ἧι,
2845 3439 2911 3475 ne
2938 3418 3068 3492 quid
3104 3439 3167 3477 ex
3195 3418 3396 3478 auditis
3426 3425 3642 3477 omitte-

375 3504 477 3543 ret.
509 3504 603 3543 aut
634 3494 840 3543 aliunid
877 3492 1070 3543 falsum
1102 3494 1382 3543 scriberet.
1425 3490 1547 3543 Hmc
1576 3492 1643 3543 de
1676 3488 1858 3543 Marco
1889 3490 2080 3543 scribit
2117 3490 2341 3543 Papias.
2387 3490 2491 3543 Sed
2525 3501 2579 3543 et
2607 3492 2674 3543 de
2762 3493 2959 3543 attbmo
2998 3494 3069 3543 ita
3105 3494 3271 3543 refert
3306 3513 3318 3543 :
3355 3493 3641 3543 Matthaeus

375 3488 477 3555 ret,
509 3488 840 3562 aut'aliqui'd
877 3488 1070 3562 falsum
1102 3494 1382 3547 scriberet.
1425 3490 1547 3545 Haec
1576 3492 1643 3543 de
1676 3488 1858 3544 Marco
1889 3490 2080 3544 scribit
2117 3490 2341 3557 Papias.
2387 3490 2491 3545 Sed
2525 3501 2579 3545 et
2607 3492 2674 3545 de

2762 3493 2959 3545 attbmo
2998 3494 3069 3547 ita
3105 3494 3271 3547 refert
3306 3513 3318 3546 :
3355 3493 3641 3547 Matthaeus

373 3564 592 3634 quidem
627 3561 846 3634 scripsit
876 3561 1100 3634 Hebraeo
1127 3577 1398 3615 sermone.
1428 3563 1818 3634 Interpretatus
1843 3570 1927 3613 est
1956 3569 2136 3634 autem
2169 3577 2232 3613 ea
2274 3578 2397 3634 quas
2427 3563 2658 3634 scripsit
2680 3563 3078 3634 unusquisque,
3114 3564 3258 3634 sicut
3289 3564 3483 3632 potuit.
3516 3562 3641 3625 Ilaec

373 3628 537 3688 etiam
570 3635 636 3687 de
682 3628 951 3687 Mattha'o.
993 3631 1173 3686 Utitur
1217 3647 1349 3686 sane
1397 3633 1538 3686 idem
1574 3628 1794 3699 ’Papias
1844 3630 2171 3684 testimoniis
2224 3628 2308 3684 ρκ’
2342 3628 2585 3700 EpistoIa
2631 3628 2858 3685 Joannis
2897 3633 3092 3700 prima,
3120 3642 3173 3686 et
3216 3628 3358 3687 Petri
3393 3634 3643 3687 similiter

375 3704 571 3776 prima.
605 3702 778 3776 Simul
810 3712 866 3757 et
894 3703 1178 3756 historiam
1204 3701 1496 3776 quamdam
1529 3701 1814 3776 subjungit
1836 3701 1903 3754 de
1932 3700 2159 3776 muliere
2193 3701 2461 3776 adultera,
2497 3716 2621 3770 quas
2649 3712 2905 3776 accusata
2939 3713 3023 3757 est
3055 3701 3320 3776 agJudieis
3352 3703 3497 3773 apud
3528 3704 3642 3758 Do-

377 3768 609 3830 iuinum.
647 3773 885 3829 Habctur
918 3784 1103 3827 autem
1135 3776 1190 3826 in
1223 3768 1514 3843 Evangelio
1541 3768 1688 3841 quad
1710 3768 1911 3826 dicitur
1946 3770 2251 3825 secundum
2282 3768 2560 3837 Hebrteos,
2591 3771 2794 3841 scripta
2827 3772 2930 3827 ista
2958 3774 3241 3842 parabola.

1972 3882 2063 3937 IV.

482 3983 524 4036 E
554 3999 714 4037 uano
738 3982 828 4037 IV.
850 3983 1099 4052 —Apud
1122 3979 1383 4034 Irenazum
1418 3981 1513 4033 lib.
1554 3991 1583 4028 v
1612 3977 1890 4034 Adversus
1940 3976 2160 4042 haeres"
2191 3994 2308 4047 cap.
2336 3979 2426 4044 35,
2460 3994 2607 4032 num.
2639 3979 2674 4033 5
2698 3988 2748 4033 et
2778 3979 2832 4035 4.
2859 3978 3153 4049 Interprete
3185 3979 3258 4035 Η.
3306 3978 3534 4037 Valesio.
3629 3982 3637 3991 ’

448 4126 755 4196 Presbyteri
789 4125 1198 4189 meminerunt,
1245 4120 1341 4190 qui
1392 4119 1657 4174 Joannem
1712 4118 1954 4188 discipu-

2059 4113 2178 4152 rum
2206 4138 2221 4163 ,
2278 4108 2332 4153 et
2367 4100 2797 4169 unumquodque
2829 4117 3061 4169 granum
3111 4102 3356 4172 quinque
3408 4102 3639 4159 bilibres

374 4218 487 4273 Imn
525 4217 742 4273 Domini
776 4216 1048 4279 viderunt,
1094 4213 1316 4268 audisse
1351 4227 1409 4266 se
1444 4212 1513 4265 ab
1552 4225 1639 4275 eo,
1689 4210 1952 4280 quemad-

374 4311 597 4366 modum
650 4310 719 4365 de
769 4307 1109 4377 temporibus
1144 4304 1253 4359 illis
1286 4304 1517 4359 docebat
1551 4300 1815 4360 Dominus
1842 4343 1857 4367 ,
1902 4310 1957 4355 et

371 4402 623 4457 dicebat:
657 4399 893 4456 Venient
923 4399 1042 4454 dies
1082 4397 1136 4450 in
1181 4395 1381 4466 quibus
1414 4394 1586 4447 vineae
1620 4400 1913 4447 nascentur
1937 4430 1953 4457 ,

371 4493 603 4564 singulae
627 4490 706 4563 (5)
730 4491 920 4546 decem
958 4488 1127 4543 millia
1154 4486 1441 4557 palmitum
1470 4484 1734 4538 habentes
1759 4523 1774 4548 ,
1808 4490 1864 4536 et
1898 4482 1954 4536 in

372 4597 484 4637 uno
516 4582 741 4652 palmite
771 4582 913 4636 dena
965 4578 1135 4632 millia
1179 4574 1571 4640 brachiorum,
1624 4579 1680 4626 ct
1735 4570 1788 4625 in
1844 4584 1953 4624 uno

371 4689 505 4729 vero
531 4674 609 4744 (6)
636 4672 859 4743 patmite
889 4671 1030 4727 dena
1056 4667 1225 4723 millia
1260 4666 1616 4736 ﬂagellorum,
1645 4672 1701 4719 et
1732 4663 1785 4716 in
1817 4679 1953 4717 uno-

371 4782 590 4837 quoque
617 4766 828 4835 ﬂagello
853 4764 992 4819 dena
1025 4762 1193 4815 millia
1219 4760 1501 4821 botruum,
1536 4766 1590 4812 et
1616 4757 1670 4810 in
1697 4770 1952 4825 unoquo-

371 4874 479 4927 que
523 4860 680 4914 botro
708 4858 848 4913 dena
886 4856 1058 4910 millia
1094 4856 1400 4917 acinorum,
1432 4861 1485 4905 et
1520 4849 1953 4918 unumquodque

372 4950 588 5005 acinum
623 4948 775 5003 dabit
800 4946 991 5018 viginti
1023 4945 1267 5014 quinque
1290 4951 1546 4997 metretas
1572 4940 1704 4994 vini.
1737 4938 1949 4993 Etcum

372 5057 563 5096 eorum
602 5038 1023 5111 apprehenderit
1068 5036 1269 5107 aliquis
1317 5042 1632 5090 sanctorum
1690 5033 1907 5087 botrum
1933 5072 1950 5098 ,

370 5132 513 5187 alius
537 5131 831 5187 clamabit:
878 5128 1078 5184 Botrus
1106 5142 1209 5199 ego
1240 5127 1433 5182 melior
1463 5141 1607 5192 sum,
1645 5140 1732 5179 me
1769 5138 1947 5188 sume,

371 5239 466 5294 per
489 5241 578 5279 me
603 5223 897 5279 Dominum
930 5221 1176 5276 benedic.
1215 5220 1483 5276 Similiter
1505 5227 1559 5272 et
1581 5232 1813 5288 granum
1851 5218 1948 5271 tri-

370 5316 463 5370 tici
489 5316 674 5369 decem
709 5314 879 5368 millia
913 5310 1188 5381 spicarum
1221 5317 1630 5380 generaturum,
1668 5316 1721 5360 et
1756 5322 1948 5359 unam-

369 5422 646 5478 quamque
691 5407 899 5477 spicam
942 5404 1256 5459 habituram
1304 5402 1491 5457 decem
1530 5398 1698 5453 millia
1743 5414 1945 5467 grano-
1981 5381 2024 5435 D
2051 5381 2369 5470 eausa-ipa.

440 5548 520 5618 (4)
567 5548 663 5613 Ὠς
698 5546 959 5618 ἠδύνατο
992 5544 1268 5618 ἕκαστος.
1320 5540 1663 5618 Νἰοοριιοιιιιε
1693 5536 1857 5591 habet
1885 5535 1959 5618 ᾡς

363 5608 681 5689 ἦν’δυνᾳτδς
712 5608 980 5689 ἕκαστοςέ
1010 5616 1097 5689 cui
1125 5608 1481 5689 subseritumt
1511 5616 1748 5680 quatuor
1784 5608 1956 5662 nostri

362 5682 524 5744 cedd.
557 5688 721 5753 Maz.,
752 5687 913 5746 Med..
940 5685 1077 5745 Fuk.
1110 5693 1164 5739 et
1188 5683 1318 5743 Sav.
1351 5682 1547 5737 VALES.

440 5758 517 5830 t5)
547 5751 733 5830 Decem
762 5758 955 5830 millia.
998 5754 1167 5830 voss.
1187 5755 1332 5830 dena
1355 5753 1547 5806 millia.
1578 5751 1858 5807 Μειδςυετ.

440 5824 517 5899 (ξ)
552 5828 801 5899 Palmite.
833 5824 992 5899 Forte
1022 5825 1256 5899 brachio.
1284 5824 1498 5899 Quae.»
1912 5890 1921 5899 .

436 5892 513 5969 (7)
561 5898 686 5953 (hec
708 5896 1145 5953 —testimonium
1181 5895 1431 5962 perhibet.
1466 5892 1754 5963 Perperam
1788 5892 1951 5945 vertit

708 5994 983 6059 ΡΑηιοι..
1014 5992 1132 6052 (in.
1189 5992 1259 6052 ιτ.

2059 4192 2255 4247 simila:
2292 4193 2453 4247 clara:
2500 4193 2754 4247 mundae:
2797 4202 2853 4248 et
2887 4194 3093 4263 reliqua
3137 4204 3319 4249 autem
3350 4211 3543 4265 poma,
3588 4206 3643 4250 et

2060 4284 2306 4350 semina,
2343 4293 2397 4338 et
2448 4283 2710 4353 herbam,
2759 4288 3063 4342 secundum
3108 4290 3521 4358 congruentiam
3573 4289 3644 4345 iis

2056 4386 2524 4446 consequentem:
2554 4386 2610 4432 et
2638 4378 2825 4433 omnia
2863 4380 3121 4433 animalia
3160 4381 3229 4435 iis
3259 4380 3397 4436 cibis
3436 4381 3641 4435 utentia

2054 4487 2178 4541 quae
2201 4487 2231 4525 a
2261 4481 2404 4527 terra
2427 4472 2794 4541 accipiuntur,
2810 4473 3037 4542 paciﬁca
3061 4482 3116 4527 et
3145 4484 3515 4529 consentanea
3552 4475 3639 4527 in-

2055 4566 2231 4620 vicem
2282 4566 2424 4633 ﬁeri,
2469 4566 2712 4636 subjecta
2758 4565 3075 4622 hominibus
3108 4582 3233 4621 cum
3270 4567 3421 4621 onmi
3456 4567 3639 4637 subje—

2055 4659 2255 4713 cuone.

2955 4840 3139 4895 Ταῦτα
3171 4840 3225 4895 δὲ
3260 4843 3353 4894 καὶ
3388 4841 3601 4903 Παπίας
3621 4880 3634 4904 ,

2894 4912 3135 4964 Ἰωάννου
3188 4912 3286 4981 μὲν
3332 4910 3635 4981 ἀκουστὴς,

2878 4982 3236 5052 Πολυκάρπου
3303 4981 3361 5033 δὲ
3426 4982 3637 5052 ἑταῖρος

2051 5050 2357 5135 berhglis,_
2390 5059 2570 5135 vetus‘
2597 5051 2763 5135 homo
2789 5092 2804 5115 ,
2881 5050 3152 5135 γεγονὼς,
3188 5052 3414 5135 ᾁρχαῖος
3458 5050 3599 5135 ἁνῇρ
3620 5091 3635 5112 ς

2052 5137 2150 5202 per
2184 5119 2809 5208 Scriptulramtestimo—
2880 5121 3174 5208 ἐγγράφως
3197 5119 3639 5208 ἐπιμαρτυρεῖὲὲν

2053 5189 2202 5243 ιιίιιηι
2243 5192 2488 5258 perhibet
2531 5190 2585 5244 in
2611 5200 2807 5259 quarto
2878 5189 3209 5261 τῆτετάρτη
3236 5189 3341 5243 τῶν
3374 5189 3537 5243 αὐτοῦ
3559 5189 3640 5259 βι-

2052 5260 2337 5333 Librorum
2382 5277 2636 5333 suorum:
2678 5270 2808 5333 sunt
2878 5249 3039 5333 ϐλίων
3075 5279 3085 5289 ·
3120 5250 3271 5333 -ἔστι
3335 5261 3447 5333 γὰρ
3491 5260 3639 5331 αὑτῴ

2052 5332 2199 5384 enim
2255 5331 2330 5401 illi
2380 5332 2624 5401 quinque
2680 5331 2802 5384 libri
2877 5332 3039 5401 πέντε
3111 5330 3291 5401 βιϐλία
3381 5330 3638 5384 συντετα-

2091 4904 2104 4916 .
2126 4840 2250 4896 H330
2273 4851 2463 4916 autem
2498 4840 2574 4911 (7)
2613 4852 2670 4916 e_t_
2706 4832 2808 4890 Pa-

2054 4910 2173 4978 pias
2192 4952 2210 4976 ,
2264 4910 2491 4965 Joannis
2546 4912 2762 4965 auditor
2789 4952 2804 4974 ,

2053 4980 2336 5052 Polycarpi
2384 4989 2563 5034 autem
2600 4992 2805 5052 contu-

2876 5399 3074 5471 γμένα.

2069 5538 2354 5609 interpres.
2376 5538 2730 5594 Scribendum
2761 5548 2877 5594 erat
2898 5539 2985 5609 vel
3013 5539 3122 5592 liwc
3150 5546 3393 5609 testatrg,
3427 5537 3509 5590 vel
3542 5536 3637 5609 hoc

2065 5640 2137 5649 —
2182 5606 2537 5664 testimonium
2579 5608 2828 5677 perhibet.
2890 5608 3160 5662 MASSUET.
3208 5638 3280 5647 —-
3323 5606 3483 5661 Forte
3541 5608 3637 5660 hoc

2066 5681 2513 5750 scripseritjdem
2547 5681 2835 5750 interpres.
2866 5679 3101 5733 Grabius
3131 5694 3228 5750 pro
3260 5678 3369 5731 [uec
3414 5678 3541 5750 legit
3573 5680 3638 5729 de

2062 5751 2141 5802 lu's
2167 5744 2195 5813 ,’
2224 5752 2276 5803 in
2334 5744 2507 5814 Spicill
2552 5744 2788 5813 tomfII,
2838 5766 2957 5819 pag.
2993 5751 3080 5804 51.
3114 5744 3301 5803 Graeca
3331 5764 3395 5802 ex
3435 5744 3632 5803 Euseb.

2066 5820 2205 5875 Hist.
2240 5820 2382 5873 Eccl.
2415 5821 2508 5875 lib.
2539 5835 2621 5888 ιιι,
2648 5835 2767 5889 cap.
2799 5822 2887 5875 59.

3284 5975 3359 6035 1ιο
