4130 6388
351 411 482 465 1261

1058 401 1575 477 8.,οὉΛΒΒΑΤ118
1610 398 2043 456 ATHENARUM
2078 394 2879 453 EPISCOPUS.—NOTITIA.

1932 514 2022 567 IX.

3456 396 3592 450 ηοξ

1111 635 1152 688 Ε
1186 652 1341 689 LIBRO
1365 634 1450 689 IV.
1479 665 1545 674 ———
1574 635 1726 703 Apud
1762 630 2206 699 Tltcopltylactum
2236 631 2288 681 in
2316 630 2443 681 Acta
2468 627 2842 697 apostolorum.

414 748 492 814 ’ού
530 760 635 832 γὰρ
670 758 967 813 ὲναπέθανε
1012 759 1074 827 τῇ
1110 757 1314 827 ἀγχόνῃ
1344 758 1372 807 ὁ
1400 755 1618 816 Ἰούδας,
1646 754 1757 807 ἀλλ’
1784 756 1911 804 ἐπε-

2086 747 2202 801 Nou
2249 748 2391 800 cnim
2429 747 2483 800 in
2519 746 2716 815 laqueo
2738 744 2907 799 Judas
2944 750 3190 797 mortuus
3232 752 3335 807 est,
3375 744 3468 799 sed
3505 761 3593 800 su-

352 855 453 906 ϐίω
476 851 825 923 καθαιρεθεὶς
850 850 954 921 πρὸ
988 849 1079 902 τοῦ
1113 848 1497 917 ἀποπνιγῆναι.
1525 848 1634 899 Καὶ
1659 845 1815 899 τοῦτο
1838 863 1925 897 σα-

354 949 615 1016 φέστερον
652 946 853 1015 ἱστορεῖ
883 943 1101 1005 Παπίας
1133 945 1159 994 ὁ
1196 941 1443 994 Ἰωάννου
1480 939 1726 1010 μαθητὴς
1761 941 1817 991 ἐν
1850 938 1925 1008 τῷ

354 1039 597 1109 τετάρτῳ
619 1036 717 1105 τῆς
734 1036 1075 1107 Ἐξηγήσεως
1094 1034 1201 1088 τῶν
1222 1033 1514 1105 Κυριακῶν
1536 1034 1729 1101 λόγων,
1751 1034 1925 1102 λέγων

306 1122 309 1125 ἤ
350 1128 556 1192 οὕτως·
595 1127 754 1194 Μέγα
797 1127 853 1179 δὲ
899 1126 1151 1189 ἀσεϐείας
1198 1125 1500 1194 ὑπόδειγμα
1548 1126 1603 1176 ὲν
1644 1123 1815 1193 τούτῳ
1851 1123 1927 1193 τῷ

352 1222 542 1293 κόσμῳ
588 1219 989 1292 περιεπάτησεν
1010 1220 1038 1269 ὁ
1074 1219 1291 1281 Ἰούδας,
1320 1218 1585 1290 πρησθεὶς
1622 1219 1711 1270 ἐπὶ
1745 1216 1929 1271 τοσοῦ-

352 1331 441 1365 τον
472 1312 567 1381 τὴν
620 1311 831 1381 σάρκα,
866 1310 1007 1362 ὥστε
1062 1310 1196 1379 μηδὲ
1248 1309 1444 1362 ὁπόθεν
1498 1308 1681 1377 ἅμαξα
1731 1307 1927 1377 ῥᾳδίως

350 1405 645 1475 διέρχεται,
682 1404 886 1454 ἐκεῖνον
918 1400 1176 1453 δύνασθαι
1209 1399 1457 1453 διελθεῖν.
1478 1399 1637 1452 Ἀλλὰ
1672 1399 1807 1469 μηδὲ
1841 1400 1932 1451 αύ-

352 1496 441 1547 τδν
476 1494 635 1564 μόνον
667 1493 757 1546 τὸν
788 1494 885 1563 τῆς
910 1492 1150 1562 κεφαλῆς
1173 1492 1337 1559 ὄγκον
1362 1490 1549 1543 αὑτοῦ.
1576 1490 1656 1542 Τὰ
1692 1490 1789 1558 μὲν
1823 1489 1931 1560 γὰρ

356 1585 599 1656 βλέφαρα
644 1583 751 1637 τῶν
796 1582 1089 1653 ὀφθαλμῶν
1123 1581 1308 1645 αὑτοῦ,
1345 1583 1476 1649 φασὶ
1513 1579 1762 1633 τοσοῦτον
1797 1579 1932 1645 ἐξοι-

353 1678 543 1748 δῆσαι,
578 1676 653 1739 ὡς
685 1677 844 1729 αὑτὸν
881 1674 982 1745 μὲν
1014 1673 1240 1726 καθόλου
1288 1673 1346 1725 τὸ
1392 1671 1506 1740 φῶς
1555 1672 1629 1741 μὴ
1678 1670 1931 1739 βλέπεινδ

354 1769 476 1829 τοὺς
508 1764 818 1835 ὀφθαλμοὺς
851 1765 906 1817 δὲ
939 1764 1128 1826 αὑτοῦ,
1154 1763 1287 1833 μηδὲ
1320 1763 1424 1815 ὑπὸ
1459 1761 1643 1833 ἰατροῦ
1676 1761 1934 1833 διόπτρας

353 1858 581 1928 ὀφθῆναι
614 1856 873 1910 δύνασθαι
892 1873 905 1885 ·
931 1855 1182 1909 τοσοῦτον
1206 1852 1367 1923 βάθος
1392 1850 1535 1923 εἶχον
1558 1854 1665 1907 ἀπὸ
1686 1854 1783 1923 τῆς
1806 1853 1934 1917 ἔξω·

310 1948 447 2001 ’θεν
496 1948 833 2016 ἐπιφανείας.
894 1948 968 1999 Τὸ
1020 1946 1076 2000 δὲ
1123 1944 1320 1998 αἰδοῖον
1376 1945 1538 1999 αὑτοῦ
1601 1944 1781 2015 πάσης
1834 1945 1934 2015 μὲν

356 2038 741 2110 ἀσχημοσύνης
756 2039 1077 2109 ἀηδέστερον
1096 2040 1190 2091 καὶ
1220 2038 1403 2108 μεῖζον
1420 2036 1700 2105 φαίνεσθαι
1718 2053 1730 2065 ·
1768 2036 1933 2107 φέρε-

2028 837 2260 907 pervixit
2294 837 2543 905 demptus
2583 843 2869 903 antequam
2915 833 3298 888 sulfocarctur.
3337 835 3513 903 Atque
3544 834 3594 887 id

2029 928 2268 999 apertius
2301 928 2464 981 tradit
2497 920 2690 992 Papias
2726 927 3025 995 discipulus
3055 924 3283 979 Joannis
3316 926 3369 979 in
3402 935 3598 995 quarto

2028 1020 2166 1073 libro
2200 1018 2569 1088 Expositionis
2600 1018 3007 1071 Dominicorum
3040 1018 3356 1080 verborum,
3400 1019 3490 1072 ubi
3526 1019 3599 1072 ita

2029 1111 2188 1165 dicit:
2225 1109 2479 1180 Magnum
2513 1108 2825 1176 exemplum
2862 1108 3156 1176 impietatis
3181 1108 3233 1160 in
3262 1107 3367 1161 hoc
3394 1109 3600 1162 mundo

2028 1201 2196 1256 Judas
2223 1210 2470 1255 versatus
2500 1210 2601 1263 est,
2637 1200 2793 1268 cujus
2822 1214 2951 1251 caro
2985 1198 3317 1252 inﬂammata
3361 1199 3496 1253 adeo
3525 1200 3602 1252 in-

2030 1294 2247 1358 tumuit,
2282 1303 2339 1347 ut
2382 1309 2451 1345 ne
2473 1307 2579 1361 qua
2613 1292 2916 1360 plaustrum
2955 1291 3173 1359 quidem
3208 1289 3365 1345 facile
3410 1291 3601 1345 tradu-

2030 1386 2194 1448 citur,
2233 1386 2321 1440 ille
2350 1384 2585 1453 potuerit
2613 1383 2866 1436 transire.
2913 1382 2981 1435 At
3011 1397 3077 1435 ne
3114 1383 3227 1451 ipsa
3260 1384 3477 1453 quidem
3512 1399 3604 1439 ca-

2030 1477 2159 1546 pitis
2210 1478 2355 1531 illius
2401 1477 2543 1529 mole
2596 1474 2733 1529 sola.
2786 1472 2922 1527 Nam
2983 1475 3269 1543 palpebras
3313 1479 3602 1531 oculorum

1994 1604 1997 1607 λ
2034 1569 2179 1623 illius
2219 1568 2275 1624 in
2306 1577 2519 1622 tantum
2556 1566 2885 1620 intumuisse
2912 1564 3111 1629 ferunt,
3147 1575 3207 1620 ut
3236 1567 3352 1637 ipse
3379 1569 3598 1639 quidem

2036 1676 2260 1729 prorsus
2295 1676 2402 1714 non
2436 1659 2679 1713 videret:
2716 1657 2863 1712 oculi
2889 1672 3017 1711 vero
3045 1658 3164 1727 ejus
3196 1674 3263 1713 ne
3289 1674 3385 1729 per
3409 1660 3607 1714 medici

2033 1752 2254 1821 quidem
2303 1752 2575 1821 dioptram
2623 1749 2770 1804 cerni
2802 1761 3055 1817 possent:
3110 1759 3263 1805 tanta
3316 1752 3605 1806 altitudine

2035 1843 2106 1897 ab
2134 1851 2378 1897 extrema
2422 1841 2712 1911 superﬁcie
2744 1840 3019 1895 introrsus
3048 1841 3449 1898 abscesserant.
3501 1842 3609 1897 Pu-

2035 1934 2211 1991 denda
2241 1950 2369 1989 vero
2402 1934 2547 1989 illius
2581 1936 2775 2004 quavis
2806 1952 2863 1991 re
2909 1935 3139 1992 deformi
3175 1936 3403 1991 foediora
3446 1948 3609 2007 atque

2036 2022 2419 2091 injucundiora
2448 2038 2513 2078 ac
2542 2024 2752 2093 majora
2786 2035 3143 2095 apparerent:
3193 2042 3287 2096 per
3331 2042 3454 2096 quae
3483 2043 3607 2082 ver-

355 2131 479 2184 σθαι
510 2132 565 2184 δὲ
598 2131 661 2183 δι’
695 2131 856 2184 αὑτοῦ
891 2131 982 2183 τοῦ
1020 2130 1079 2195 ὲξ
1112 2131 1349 2194 ἅπαντος
1386 2130 1477 2183 τοῦ
1514 2126 1762 2198 σώματος
1806 2132 1932 2200 συῤ-

2040 2130 2155 2169 mes
2201 2116 2353 2168 sanie
2399 2114 2670 2170 commisti
2729 2130 2796 2170 ex
2827 2126 2941 2171 toto
2990 2132 3220 2187 corpore
3269 2118 3607 2174 confluentes

358 2224 579 2295 ῥέοντας
616 2222 814 2295 ἰχῶράς
850 2241 907 2277 τε
943 2226 1037 2277 καὶ
1073 2224 1359 2295 σκώληκας
1380 2224 1458 2287 εἰς
1482 2222 1636 2293 ὓϐριν
1662 2222 1729 2274 δι’
1757 2221 1932 2275 αὐτῶν

2040 2221 2135 2275 per
2163 2206 2310 2276 ipsas
2362 2207 2507 2262 solas
2538 2208 2843 2277 (nimirum)
2875 2211 3213 2265 necessarias
3254 2220 3435 2280 partes
3481 2227 3609 2266 cor-

358 2316 518 2387 μόνον
550 2316 656 2369 τῶν
688 2316 1017 2384 ἀναγκαίων.
1036 2315 1189 2369 Μετὰ
1221 2314 1422 2377 πολλὰς
1453 2314 1507 2366 δὲ
1543 2314 1804 2382 βασάνους
1837 2314 1931 2366 καὶ

2038 2298 2189 2367 poris
2237 2298 2604 2353 elaberentur.
2665 2297 2799 2353 Post
2844 2300 3043 2355 multas
3080 2308 3265 2356 autem
3312 2317 3504 2371 poenas
3554 2310 3611 2356 ct

357 2406 639 2476 τιμωρίας,
665 2407 723 2459 ὲν
757 2405 872 2475 ἰδίῳ
905 2406 1038 2474 φασὶ
1065 2406 1247 2477 χωρίῳ
1268 2404 1683 2476 τελευτήσαντα,
1708 2406 1801 2458 καὶ
1823 2406 1932 2469 τοῖς

2036 2391 2317 2447 cruciatus
2392 2392 2445 2445 in
2499 2405 2600 2445 suo
2654 2391 2859 2460 praedio
2915 2394 3067 2447 aiunt
3123 2392 3275 2447 illum
3332 2402 3610 2448 mortuum

358 2498 449 2549 ἐπὶ
479 2497 579 2567 τῆς
624 2497 744 2551 ὁδοῦ
791 2497 996 2569 ἔρημον
1030 2499 1124 2551 καὶ
1157 2498 1411 2569 ἀοίκητον
1445 2498 1505 2550 τὸ
1536 2498 1733 2569 χωρίον
1768 2498 1930 2568 μέχρι

2033 2495 2193 2535 esse:
2245 2490 2408 2549 atque
2465 2481 2534 2534 ab
2580 2478 2649 2533 iis
2691 2480 2783 2549 qui
2815 2481 2970 2550 juxta
3001 2482 3149 2536 illam
3185 2482 3329 2537 viam
3366 2483 3613 2537 habitant

358 2589 452 2658 τῆς
484 2590 579 2643 νῦν
611 2590 895 2659 γενέσθαι·
932 2579 1199 2644 ἀλλ”ούδὲ
1236 2590 1399 2662 μέχρι
1433 2590 1529 2661 τῆς
1564 2591 1805 2662 σήμερον
1836 2589 1928 2643 δύ-

2036 2581 2199 2641 atque
2231 2580 2535 2637 versantur,
2570 2571 2799 2629 fundum
2844 2574 2996 2629 illum
3039 2590 3213 2644 usque
3241 2575 3308 2629 ad
3340 2575 3444 2629 hoc
3475 2584 3614 2629 tem-

359 2678 550 2732 νασθαί
598 2697 719 2732 τινα
766 2681 975 2732 ἐκεῖνον
1021 2678 1113 2732 τὸν
1145 2679 1307 2733 τόπον
1350 2678 1667 2751 παρελθεῖν,
1704 2680 1797 2733 ἐὰν
1864 2679 1932 2751 μὴ

2032 2678 2136 2733 pus
2170 2663 2445 2719 desertum
2471 2673 2524 2718 et
2553 2663 2622 2718 ab
2652 2665 2848 2720 incolis
2881 2682 3115 2721 vacuum
3157 2682 3311 2721 esse:
3355 2681 3419 2721 ac
3449 2683 3516 2721 ne
3544 2667 3613 2719 ad

358 2766 453 2829 τὰς
499 2770 649 2837 ῥῖνας
700 2770 817 2831 ταῖς
858 2768 1044 2837 χερσὶν
1094 2768 1367 2841 ἐπιφράξῃ
1400 2785 1413 2797 ’
1447 2769 1681 2840 τοσαύτη
1727 2769 1811 2822 διὰ
1843 2769 1932 2839 τῆς

2036 2756 2363 2810 hodiernum
2408 2755 2627 2825 quidem
2662 2773 2837 2827 usque
2866 2760 3009 2814 diem
3052 2774 3385 2830 quemquam
3419 2773 3517 2828 per
3548 2758 3614 2812 il-

318 2888 321 2891 λ
360 2857 557 2928 σαρκὸς
590 2857 752 2911 αὑτοῦ
788 2861 881 2911 καὶ
920 2859 1013 2911 ἐπὶ
1046 2857 1149 2929 γῆς
1182 2858 1402 2929 ἕκρυσις
1437 2856 1681 2929 ἐχώρησε
1717 2859 1846 2929 (15).

2032 2847 2147 2901 lum
2178 2847 2359 2902 locum
2393 2862 2557 2917 posse
2587 2850 2841 2915 transire,
2876 2850 2985 2904 nisi
3023 2868 3185 2907 nares
3216 2852 3471 2906 manibus
3517 2850 3623 2917 ob-V

2037 2948 2223 2995 turet:
2258 2949 2444 2995 tantus
2478 2954 2577 3009 per
2632 2956 2850 2998 carnem
2903 2943 3050 2998 illius
3091 2945 3256 2999 etiam
3312 2944 3368 2998 in
3414 2953 3613 2998 terram

2024 3030 2218 3088 ﬂuxus
2249 3032 2462 3089 delatus
2490 3043 2591 3089 est.

1956 3123 2025 3177 Χ.

452 3222 536 3277 Ea:
566 3224 683 3279 cod.
716 3222 855 3278 2597
886 3222 1211 3277 bibliotheca:
1247 3221 1576 3287 Bodleiano,
1614 3238 1753 3276 anno
1787 3221 1927 3277 1302
1955 3230 2003 3274 et
2029 3220 2166 3289 L305
2192 3221 2249 3289 in
2280 3220 2493 3273 abbatia
2528 3220 2815 3289 Osneyensi
2844 3233 3001 3287 prope
3033 3216 3299 3272 Oxom'um
3324 3218 3546 3287 scripto,

1064 3293 1157 3361 fol.
1187 3293 1316 3357 286,
1344 3310 1464 3361 pag.
1490 3293 1545 3358 2,
1563 3286 1717 3361 apud
1747 3293 2024 3354 Grabium,
2070 3286 2324 3356 Spicileg.
2353 3304 2480 3344 tom.
2521 3289 2585 3357 ll,
2616 3286 2738 3360 pag.
2779 3286 2865 3343 '54.

432 3387 547 3457 (Μ)
564 3386 734 3443 Maria
761 3386 929 3441 Mater
956 3386 1172 3441 Domini
1196 3406 1207 3441 :
1246 3387 1407 3441 Maria
1428 3387 1683 3456 Cleophm
1706 3388 1822 3442 sive
1846 3387 1939 3440 Al-

361 3478 497 3547 pliaei
518 3494 680 3543 uxor,
715 3494 837 3547 quas
870 3478 973 3533 fuit
1003 3487 1178 3533 mater
1206 3478 1393 3534 Jacobi
1434 3479 1675 3548 episcopi
1718 3489 1771 3534 et
1806 3494 1938 3548 apo-

365 3568 513 3629 stoli,
551 3578 605 3622 et
648 3567 904 3639 Symonis
930 3577 985 3623 et
1013 3565 1348 3631 Thaddaei,et
1375 3567 1659 3636 cujusdam
1689 3565 1888 3637 Josepb
1919 3584 1932 3621 :

300 3704 303 3707 .
365 3658 533 3714 Maria
563 3658 781 3715 Salome
816 3675 952 3714 uxor
985 3659 1248 3725 Zebedmi,
1310 3670 1484 3714 mater
1509 3656 1737 3713 Joannis
1766 3674 1934 3713 evan-

364 3751 570 3821 gelista:
599 3760 652 3806 et
689 3750 911 3807 Jacobi:
963 3751 1131 3805 Maria
1168 3750 1499 3820 Magdalcnc.
1549 3749 1669 3804 Ista:
1700 3758 1936 3820 quatuor

366 3842 421 3895 in
454 3840 744 3912 Evangelio
768 3844 1132 3914 reperiuntur.
1177 3842 1415 3897 Jacobus
1444 3851 1497 3897 et
1527 3841 1714 3908 Judas,
1746 3852 1800 3896 et
1841 3840 1933 3896 Jo-

367 3932 499 4003 sepb
531 3934 626 3988 lilii
661 3945 820 3990 erant
854 3944 1159 3990 matertera:
1190 3934 1424 3989 Domini.
1455 3933 1693 3989 Jacobus
1719 3946 1936 4002 quoque

1966 3409 2011 3471 ρ
2040 3392 2096 3439 et
2122 3383 2363 3439 Joannes
2397 3384 2623 3439 alterius
2649 3392 2957 3439 matertera:
2999 3382 3213 3436 Domini
3244 3380 3464 3437 fuerunt
3495 3381 3613 3437 filii.

2042 3474 2212 3529 Maria
2243 3473 2431 3530 Jacobi
2479 3476 2709 3532 minoris
2755 3486 2811 3533 et
2858 3477 3059 3547 Joseph
3095 3485 3303 3539 mater,
3347 3490 3485 3530 uxor
3524 3477 3615 3531 Al-

2039 3568 2188 3637 phei,
2222 3582 2381 3622 soror
2417 3568 2520 3623 fuit
2552 3568 2738 3623 Marize
2772 3567 2961 3623 Matris
2992 3568 3231 3633 Domini,
3271 3582 3434 3637 quam
3460 3568 3604 3623 Cleo-

2042 3659 2163 3727 pha:
2183 3657 2424 3715 Joannes
2451 3661 2717 3725 nominat,
2752 3662 2833 3715 vel
2859 3676 2889 3714 a
2918 3670 3089 3730 patre,
3125 3661 3209 3715 vel
3236 3674 3267 3714 a
3298 3660 3615 3730 gentilitatis

2040 3749 2269 3815 familia,
2302 3752 2385 3805 vel
2432 3752 2537 3807 alia
2570 3768 2756 3807 causa.
2803 3752 2972 3808 Maria
3006 3753 3224 3808 Salome
3245 3794 3260 3820 ,
3316 3769 3349 3808 a
3382 3753 3499 3808 viro
3532 3754 3615 3808 vel

2040 3856 2073 3895 a
2098 3840 2219 3895 vico
2249 3842 2478 3896 dicitur:
2530 3842 2669 3897 hanc
2710 3844 2959 3898 eamdem
2990 3844 3242 3914 Cleophaa
3271 3843 3491 3915 quidam
3528 3844 3615 3899 di-

2044 3940 2199 3999 cunt,
2233 3933 2382 4002 quod
2407 3934 2546 3989 duos
2580 3935 2729 3989 viros
2764 3935 3034 3990 habuerit.

1298 4104 2700 4381 sfoﬁADnATUS

1103 4466 1998 4612 ATHENARUM
2083 4468 2853 4584 EPISCOPUS

1725 4786 2239 4879 NOTITIA

1269 4940 1562 5001 (GALLAND.,
1593 4937 1819 4992 Biblioth.
1855 4946 1952 4993 vel.
1975 4944 2117 4992 Patr.
2128 4980 2142 5005 ,
2168 4944 2207 5004 1,
2230 4944 2428 5009 Proleg.
2464 4959 2510 5008 p.
2533 4948 2701 5009 mu.)

443 5069 488 5140 1ἶ
530 5065 587 5140 S_.
627 5065 956 5140 Quadratus,
984 5066 1340 5140 apostolorum
1376 5070 1689 5138 discipulus.
1713 5071 2001 5139 prophetia'
2018 5072 2156 5125 dono
2179 5070 2428 5136 illustris,
2460 5074 2731 5140 episcopus
2762 5075 3116 5130 Atheniensis.

446 5137 511 5218 ll_.
555 5136 661 5190 Pro
680 5138 977 5216 delensione
1007 5136 1330 5218 Christiana:
1364 5136 1637 5209 religionis
1668 5136 1905 5193 Adriano
1929 5144 2237 5209 imperatori
2267 5136 2504 5196 libellum
2535 5136 2915 5215 apologoticum
2939 5146 3151 5209 obtulit,
3177 5147 3343 5201 multo
3372 5149 3426 5201 in
3446 5152 3616 5218 pretio

373 5209 645 5269 habitum;
670 5209 821 5275 cujus
848 5224 1010 5260 unum
1032 5218 1243 5276 superat
1275 5210 1648 5276 fragmentum.

446 5227 645 5269 ouum;
670 5227 821 5275 ειψιδ
848 5227 1010 5260 unum
1032 5227 1243 5276 superat
1275 5227 1393 5332 παρ

446 5277 533 5332 Ill.
574 5279 724 5330 Anno
753 5276 854 5330 126
884 5277 1065 5330 oblata
1099 5279 1209 5331 hwc
1244 5279 1393 5347 Apol

377 5364 567 5401 narum
588 5348 834 5416 pontiﬁce
861 5348 1264 5418 distinguendus
1294 5366 1397 5402 non
1430 5350 1657 5402 videtur.

354 5472 410 5553 Ἀ
446 5470 558 5539 (l5)
588 5469 901 5553 Ἐχῴρησε.
920 5468 1072 5553 lianc
1097 5471 1269 5539 ipsam
1290 5469 1470 5540 Papiae
1490 5472 1556 5527 de
1578 5470 1717 5552 Juda
1734 5482 1945 5553 sentcn-

373 5549 503 5593 tiam
537 5554 725 5610 pll_llCIS
756 5549 1123 5610 contractam,
1167 5556 1461 5610 suppresso
1499 5549 1737 5596 auctoris
1768 5549 1914 5596 nomi

374 5626 462 5682 ne.
489 5607 857 5682 profert_idem
892 5607 1349 5679 Theopluylactus,
1374 5627 1474 5666 nec
1502 5627 1610 5666 non
1640 5622 1693 5666 et
1734 5611 1941 5682 Euthy-

374 5676 539 5742 mius,
568 5676 853 5748 inAMatth.
886 5696 1005 5748 cap.
1034 5676 1205 5734 ω...

447 5749 558 5817 (14)
596 5746 767 5820 Maria
799 5746 969 5803 Mater
996 5749 1353 5815 Domini,etc.
1419 5749 1522 5805 Ista
1546 5766 1609 5806 ex
1641 5750 1818 5820 Papiae
1846 5766 1941 5805 no-

376 5820 474 5875 stri
498 5819 651 5874 libris
673 5818 990 5888 deprompta
1010 5835 1132 5878 esse
1154 5821 1359 5878 exinde
1377 5822 1595 5893 colligo,
1632 5818 1759 5893 quia
1783 5822 1939 5876 initio

1387 5280 1531 5353 ogia,
1562 5295 1681 5331 cum
1717 5289 1907 5333 auctor
1938 5289 2192 5349 provecti:
2211 5282 2329 5349 jam
2372 5292 2503 5337 esset
2531 5286 2744 5347 aztatis;
2770 5286 2859 5353 qui
2893 5294 3065 5339 tamen
3097 5302 3129 5339 a
3155 5286 3433 5352 Quadrato
3462 5290 3607 5343 Athe-

2050 5475 2574 5551 borum_ver_boru_m_
2588 5477 2654 5531 ad
2685 5479 2982 5551 marginem
2995 5549 3005 5551 4
3020 5494 3274 5548 expresse
3321 5482 3617 5551 ascriptum

2048 5546 2195 5615 lego;
2231 5546 2423 5618 Papia.
2474 5545 2577 5612 Qui
2609 5557 2787 5618 autem
2810 5545 2941 5601 ’haac
2976 5545 3283 5618 descripsit,
3319 5545 3522 5607 addidit
3550 5554 3618 5605 de

2046 5631 2186 5670 suo:
2220 5616 2394 5669 Maria
2427 5618 2626 5669 dicitur
2661 5616 3049 5680 Illuminatrix,
3085 5616 3190 5674 sive
3223 5621 3387 5674 Stella
3424 5623 3616 5686 maris;

2045 5687 2218 5760 genuit
2256 5687 2394 5739 enim
2429 5687 2603 5739 lumen
2629 5688 2844 5760 mundi:
2869 5704 3101 5760 sermone
3135 5702 3309 5743 autem
3345 5692 3481 5760 Syro
3509 5692 3616 5745 Do-

2046 5757 2189 5810 mina
2212 5767 2568 5826 nuncupatur,
2609 5758 2733 5827 quia
2755 5758 2930 5826 genuit
2957 5759 3257 5813 Dominum-
3286 5757 3468 5817 .GRAB.
