4130 6372
614 422 751 476 1τὶϋῦ

1568 412 1625 466 S.
1662 407 2023 477 QUADRATI
2056 403 2492 460 ATIIENABUM
2534 401 2837 457 EPISCOPI

3786 395 3917 449 ΕΜ

685 536 724 593 1.
760 537 816 591 S.
841 535 1197 604 Quadratum,
1219 532 1417 588 Publio
1444 530 1765 601 martyrium
1790 542 1971 598 passo,
2006 527 2059 579 in
2084 524 2187 578 Ec-
2221 535 2265 588 Α
2296 522 2413 587 fuit,
2454 531 2513 574 ut
2556 520 2986 589 persecutionem
3024 516 3405 587 gravissimam
3444 513 3614 567 illius
3643 510 3919 565 excellens

616 633 797 689 clesia
839 629 1191 684 Atheniensis
1227 625 1493 697 regimine
1533 622 1889 683 successisse,
1924 619 2081 673 testis
2116 627 2200 672 est

618 724 862 794 locuples
913 721 1056 791 apud
1086 719 1381 774 Eusebium
1414 716 1491 786 (1)
1540 713 1835 784 Dionysius
1888 710 2199 766 Corinthio-

617 832 738 871 rum
769 814 1060 884 episcOpus
1107 813 1164 866 in
1197 810 1428 880 epistola
1455 822 1617 878 quam
1655 803 2083 859 Atheniensibus
2114 802 2200 855 in-

617 907 838 978 scripsit
864 924 880 971 ;
910 904 999 959 ubi
1038 912 1093 958 et
1130 924 1147 954 ι
1193 904 1313 972 ejus
1343 901 1529 955 labore
1560 908 1724 967 atque
1755 894 2024 949 industria
2058 892 2202 945 cives

621 1000 800 1055 denuo
830 999 885 1052 in
916 996 1215 1050 Ecclesiam
1250 992 1597 1054 convenisse,
1635 999 1693 1045 et
1738 988 2041 1043 redivivum
2079 984 2202 1039 ﬁdei

620 1089 872 1145 ardorem
900 1089 955 1141 in
992 1087 1101 1141 illis
1137 1093 1448 1155 reparatum
1487 1096 1609 1137 esse
1649 1079 1955 1150 proﬁtetur.
1993 1095 2011 1127 ι
2062 1077 2207 1127 Ἐπι-

626 1181 938 1254 μαρτυρῶν,
972 1180 1048 1244 ὡς
1078 1179 1167 1233 διὰ
1210 1179 1305 1249 τῆς
1340 1175 1507 1231 αὐτοῦ
1546 1173 1778 1243 σπουδῆς
1818 1168 2204 1239 ἐπισυναχθέν-

624 1292 752 1339 των,
787 1274 881 1327 καὶ
913 1273 1010 1343 τῆς
1045 1271 1279 1333 πίστεως
1314 1266 1735 1337 ἀναζωπύρησιν
1771 1263 2078 1333 εἰληχότων.
2119 1259 2203 1330 lp—

627 1385 749 1422 sum
800 1382 1021 1437 quoque
1061 1364 1379 1435 prophetica
1438 1360 1613 1430 gratia
1668 1358 1839 1413 fuisse
1898 1357 2204 1427 praeditum,

627 1472 858 1519 testatur
886 1462 1028 1532 apud
1070 1458 1323 1514 eumdem
1363 1455 1661 1511 Eusebium
1694 1451 1771 1522 (2)
1804 1451 2041 1520 scriptor
2069 1463 2207 1503 ano-

629 1569 848 1624 nymus,
879 1552 972 1621 qui
1000 1549 1230 1604 Rhodon
1275 1546 1445 1600 fuisse
1474 1545 1676 1600 dicitur
1706 1544 1809 1611 (5).
1842 1539 2121 1610 Siquidem
2152 1537 2208 1590 in

629 1662 698 1701 eo
749 1646 890 1699 libro
940 1658 1104 1713 quem
1161 1641 1535 1695 innominatus
1588 1639 1677 1693 hic
1716 1645 1906 1691 auctor
1946 1632 2210 1686 adversus

632 1736 1006 1805 Cataphrygas
1039 1732 1367 1801 composuit,
1392 1731 1681 1784 universos
1711 1726 1847 1780 Novi
1873 1721 2209 1778 Testamenti

632 1827 927 1899 prophetas
947 1836 1303 1887 enumerans,
1334 1819 1675 1886 Quadratum
1716 1829 1933 1886 quoque
1961 1823 2208 1866 nostrum

2303 616 2517 669 sedaret
2554 614 2853 683 ingenium.
2887 632 2905 662 ι

2379 730 2396 761 ι
2428 708 2645 763 Utinam
2672 721 2824 769 vero,
2858 716 2917 759 ut
2946 719 3069 758 eum
3102 702 3308 757 Crabio
3334 701 3547 768 loquar
3579 696 3690 767 (8),
3723 695 3793 749 de
3826 695 3921 746 hac

2303 798 2563 865 Quadrati
2616 796 2874 866 Apologia
2905 810 3051 849 nunc
3087 794 3331 849 scribere
3379 803 3725 859 possemus,
3781 787 3920 854 quod

2302 891 2429 943 olim
2462 887 2725 940 Eusebius
2758 886 2812 939 in
2842 887 2957 938 hac
2988 886 3151 938 verba
3181 882 3257 953 (9)
3300 900 3313 935 :
3356 879 3558 933 Εἰσέτι
3597 878 3660 929 δὲ
3698 876 3921 946 φέρεται

2305 978 2455 1048 παρὰ
2487 976 2761 1037 πλείστοις
2793 973 2900 1026 τῶν
2948 972 3211 1042 ἀδελφῶν,
3262 969 3401 1041 ἀτὰρ
3443 970 3551 1021 καὶ
3603 966 3746 1036 παρ’
3797 966 3919 1035 ἡμῖν

2303 1069 2365 1122 τὸ
2399 1067 2748 1137 σύγγραμμα·
2786 1064 2845 1129 ἐξ
2886 1055 2947 1115 οὗ
2983 1063 3216 1115 κατιδεῖν
3263 1062 3378 1112 ἐστι
3411 1056 3668 1129 λαμπρά
3715 1055 3919 1123 τεκμή-

2310 1178 2397 1233 ρια
2418 1161 2517 1230 τῆς
2550 1176 2606 1212 τε
2632 1157 2725 1210 τοῦ
2762 1156 2953 1227 ἀνδρὸς
2986 1154 3226 1216 διανοίας
3260 1155 3353 1205 καὶ
3398 1152 3511 1221 τῆς
3549 1148 3918 1218 ἀποστολικῆς

2306 1250 2646 1324 ὀρθοτομίας.
2692 1266 2710 1299 ι
2753 1246 2945 1301 Exstat
2994 1244 3265 1313 hodieque
3318 1242 3468 1311 apud
3506 1242 3820 1310 plerosque
3858 1252 3917 1290 ex

2307 1342 2568 1397 lratribus
2610 1341 2725 1394 hac
2773 1338 2972 1403 oratio,
3026 1350 3191 1406 quam
3235 1349 3337 1388 nos
3366 1334 3546 1387 etiam
3602 1331 3915 1386 habemus:

2306 1450 2374 1489 ex
2400 1449 2507 1504 qua
2530 1440 2584 1487 et
2605 1431 2883 1503 ingenium
2914 1428 3060 1482 illius
3092 1427 3231 1493 viri,
3255 1434 3311 1480 et
3340 1438 3564 1481 reetam
3602 1422 3921 1493 apostolica

2311 1529 2438 1585 ﬁdei
2471 1527 2781 1583 doctrinam
2829 1524 3118 1595 perspicue
3163 1534 3507 1591 cognoscere
3560 1520 3718 1573 licet.
3753 1537 3773 1569 ι
3817 1515 3915 1570 Sed

2309 1622 2470 1693 periit
2498 1619 2677 1675 eheu!
2711 1617 2991 1688 egregium
3034 1614 3180 1670 istud
3233 1612 3617 1683 σύγγραμμα,
3675 1610 3919 1677 nihilque

2309 1716 2429 1786 ejus
2458 1720 2707 1782 superest
2734 1718 2932 1780 prater
2958 1708 3206 1772 unicum,
3231 1705 3639 1763 brevissimum
3674 1702 3913 1771 quidem,

2313 1818 2367 1860 at
2402 1804 2581 1860 nobile
2619 1802 2985 1872 fragmentum
3020 1799 3166 1868 quod
3207 1798 3366 1851 nobis
3402 1794 3782 1850 conservavit
3812 1790 3915 1843 Eu-

633 1924 901 1978 rccenset,
934 1927 1170 1982 eumque
1196 1926 1321 1966 cum
1350 1909 1587 1978 Philippi
1618 1906 1962 1976 evangelista
1996 1902 2209 1956 ﬁliabus
2242 1882 2283 1935 Β
2314 1900 2517 1954 sebius.
2551 1895 2715 1949 Plura
2745 1894 3026 1955 darentur,
3059 1891 3104 1945 si
3144 1889 3478 1958 superstites
3520 1887 3711 1940 adhuc
3737 1892 3913 1940 essent

632 2006 938 2077 conjungit,
978 2018 1119 2074 quas
1168 1999 1226 2055 S.
1270 1999 1449 2053 Lucas
1482 1996 1857 2067 prophetissas
1899 1992 2135 2061 appellat
2168 1992 2207 2042 ι.

641 2118 660 2150 ι
683 2098 801 2153 Non
819 2096 1087 2167 Agabum,
1118 2093 1311 2162 inquit,
1346 2106 1453 2144 non
1483 2088 1701 2153 Judam,
1741 2102 1849 2140 non
1891 2084 2083 2149 Silam,
2110 2097 2211 2135 nec

632 2186 866 2257 Philippi
917 2186 1095 2250 ﬁlias,
1176 2197 1278 2237 nec
1329 2181 1606 2235 Ammiam
1660 2174 2210 2244 Philadelphensem,

634 2296 737 2335 nec
775 2279 1140 2346 Quadratum,
1172 2290 1273 2329 nec
1316 2274 1501 2343 plures
1535 2284 1753 2340 quoque
1788 2268 1926 2321 alios
1951 2266 2042 2335 qui
2077 2264 2213 2317 nihil

635 2374 705 2427 ad
756 2373 903 2441 ipsos
941 2368 1236 2439 pertinent,
1279 2364 1654 2434 praedicabunt
1714 2358 2121 2429 (Montanista).
2189 2376 2207 2407 ι

636 2458 773 2519 Οὔτε
812 2461 1065 2531 ’Δγαὸον,
1112 2459 1236 2512 οὔτε
1296 2451 1521 2517 Ἰούδαν,
1561 2451 1683 2506 οὔτε
1720 2450 1899 2513 Σίλαν,
1945 2448 2068 2501 οὔτε
2117 2447 2214 2509 τὰς

635 2555 900 2609 Φιλίππου
935 2549 1260 2621 Θυγατέρας,
1294 2546 1418 2599 οὔτε
1459 2546 1557 2615 τὴν
1592 2545 1648 2595 ὲν
1682 2539 2037 2609 Φιλαδελφείᾳ
2087 2537 2218 2606 Ἀμ-

640 2648 790 2720 μίαν,
832 2644 954 2700 οὕτε
992 2641 1285 2713 Κοδρᾶτον,
1332 2637 1456 2691 οὔτε
1501 2635 1653 2699 τινάς
1690 2634 1881 2695 ἄλλους
1921 2630 2083 2701 μηδὲν
2117 2629 2215 2681 αὑ-

637 2742 750 2802 τοῖς
800 2738 1172 2809 προσήκοντας
1227 2731 1610 2802 καυχήσονται.
1673 2724 1771 2779 Ηίε
1835 2723 2014 2777 allinia
2055 2720 2219 2775 tradit

640 2830 768 2884 alibi
800 2828 1051 2881 laudatus
1084 2821 1444 2879 Caesariensis
1485 2819 1775 2887 episcopus
1806 2814 1906 2884 (αι).

711 2919 777 2976 ιι.
812 2918 912 2973 Hic
941 2919 1125 2986 itaque
1154 2916 1237 2968 vir
1268 2911 1607 2982 apostolicus
1629 2908 1872 2963 Adriano
1902 2903 2221 2974 imperatori

641 3010 870 3064 Athenis
898 3006 1081 3078 agenti
1109 3002 1352 3058 libellum
1386 2999 1786 3070 apologeticum
1812 2994 2028 3061 obtulit,
2061 2993 2222 3049 Chri—

644 3105 949 3159 stianorum
986 3096 1354 3151 innocentiam
1400 3103 1454 3148 et
1485 3093 1727 3161 iniquam
1762 3104 1950 3144 eorum
1978 3089 2221 3143 vexatio-

642 3208 769 3246 nem
825 3187 1129 3243 luculenter
1192 3198 1495 3253 exponens.
1546 3180 1623 3234 De
1676 3195 1786 3250 quo
1840 3178 2059 3249 quidem
2107 3178 2221 3231 hac

645 3285 704 3339 S.
743 3281 1104 3351 Hieronymus
1135 3276 1211 3348 (5)
1264 3294 1277 3328 :
1328 3292 1345 3326 ι
1386 3273 1698 3339 Quadratus
1736 3271 2108 3340 apostolorum
2134 3268 2221 3320 di-

644 3375 909 3444 scipulus,
945 3369 1143 3425 Publio
1194 3367 1531 3422 Athenarum
1582 3365 1841 3435 episcopo
1893 3364 1965 3417 ob
2017 3361 2222 3417 Christi

644 3468 804 3521 ﬁdem
849 3463 1110 3534 martyrio
1156 3468 1443 3525 coronato,
1471 3459 1525 3511 in
1559 3458 1743 3511 locum
1778 3457 1899 3525 ejus
1930 3454 2225 3510 substitui—

644 3570 755 3626 tur,
795 3566 850 3614 et
878 3555 1183 3611 Ecclesium
1214 3552 1407 3624 grandi
1438 3559 1646 3605 terrore
1681 3550 1986 3618 dispersam
2032 3547 2137 3601 ﬁde
2170 3553 2225 3599 et

642 3648 913 3705 industria
939 3662 1037 3703 sua
1066 3653 1380 3715 congregat.
1407 3643 1661 3712 Cumque
1690 3641 1967 3696 Adrianus
1996 3638 2226 3693 Athenis

643 3743 912 3814 exegisset
954 3742 1213 3803 hiemem,
1255 3737 1502 3793 invisens
1542 3734 1837 3799 Eleusina;
1888 3744 1941 3787 et
1969 3732 2227 3787 omnibus

648 3850 797 3904 pane
830 3832 1053 3889 Gracia
1088 3832 1263 3888 sacris
1298 3832 1567 3895 initiatus,
1607 3827 1847 3882 dedisset
1881 3824 2227 3879 occasionem

648 3926 736 3979 his
763 3924 859 3993 qui
883 3923 1229 3978 Christianos
1259 3921 1511 3983 oderant,
1562 3920 1768 3985 absque
1816 3925 2084 3985 pracepto
2126 3917 2229 3968 im-

647 4014 915 4085 peratoris
944 4027 1142 4067 vexare
1174 4011 1489 4074 credentes;
1535 4005 1779 4076 porrexit
1814 4004 1863 4057 ei
1900 4003 2099 4056 librum
2129 4016 2229 4070 pro

648 4107 911 4175 religione
942 4114 1150 4170 nostra,
1184 4103 1343 4157 valde
1382 4101 1569 4154 utilem
1623 4098 1953 4167 plenumque
2002 4094 2232 4147 rationis

649 4208 702 4252 et
736 4196 883 4260 ﬁdei,
914 4204 968 4250 et
1016 4195 1318 4265 apostolica
1364 4192 1615 4247 doctrina
1645 4190 1905 4259 dignum;
1954 4188 2006 4240 in
2040 4202 2148 4255 quo
2177 4195 2232 4239 et

652 4289 1029 4357 antiquitatem
1064 4302 1177 4342 sua
1210 4286 1387 4340 atatis
1418 4283 1712 4337 ostendens
1758 4281 1857 4345 ait,
1893 4278 2157 4348 plurimos
2200 4293 2230 4330 a

653 4395 711 4434 se
744 4379 912 4439 visus,
944 4378 1039 4448 qui
1069 4378 1172 4433 sub
1203 4375 1437 4429 Domino
1478 4373 1646 4428 variis
1680 4378 1733 4426 in
1767 4371 1953 4425 Judaa
1985 4370 2233 4439 oppressi

652 4472 1055 4528 calamitatibus
1086 4469 1260 4525 sanati
1316 4467 1555 4531 fuerant,
1597 4475 1651 4519 et
1677 4466 1769 4534 qui
1806 4480 1837 4518 a
1878 4463 2110 4518 mortuis
2144 4477 2232 4516 re-

2313 1989 2537 2044 alterius
2594 1985 2815 2040 Eusebii
2879 1983 3079 2038 saculo
3127 1997 3182 2034 v1
3238 1979 3491 2049 episcopi
3553 1975 3912 2031 Thessaloni-

2312 2079 2493 2135 censis
2522 2077 2648 2131 libri
2694 2074 2761 2128 lO
2797 2082 2983 2127 contra
3014 2071 3283 2125 Andream
3316 2070 3693 2129 monachum;
3732 2073 3913 2135 utpote

2314 2187 2477 2242 quem
2523 2170 2841 2224 adversario
2882 2179 2984 2219 suo
3034 2161 3299 2229 Quadrati
3340 2161 3518 2215 verba
3566 2159 3908 2228 opposuisse,

2315 2278 2571 2334 expresse
2605 2271 2835 2317 testatur
2866 2258 3092 2313 Photius
3126 2256 3262 2327 (10).

2388 2355 2476 2410 lll.
2544 2354 2696 2409 lianc
2766 2366 2897 2407 vero
2958 2348 3271 2418 Apologiam
3327 2345 3537 2400 obtulit
3601 2343 3907 2411 Quadratus

2316 2449 2559 2503 Adriano
2609 2448 2881 2515 Augusto,
2917 2458 3041 2497 cum
3080 2448 3350 2510 provecta
3375 2439 3500 2508 jam
3541 2448 3693 2492 esset
3720 2435 3902 2489 atatis.

2317 2543 2374 2595 lu
2403 2558 2467 2595 ea
2492 2539 2790 2609 siquidem,
2825 2537 3005 2606 inquit
3045 2533 3317 2589 Eusebius
3341 2532 3489 2602 (ll),
3524 2533 3749 2602 ipsemet
3776 2528 3908 2583 autin

2317 2635 2571 2704 quitatem
2609 2647 2761 2684 suam
2792 2628 2924 2681 satis
2954 2626 3132 2696 prodit
3175 2639 3195 2677 .'
3253 2624 3309 2677 '0
3354 2624 3403 2676 δ’
3456 2624 3628 2687 αὐτὸς
3660 2623 3758 2692 τὴν
3796 2619 3905 2673 καθ’

2321 2724 2508 2778 ἑαυτὸν
2535 2720 2873 2793 ἀρχαιότητα
2908 2716 3264 2789 παραφαίνει.
3302 2716 3425 2781 Qua
3481 2717 3552 2770 de
3588 2731 3647 2769 re
3681 2715 3734 2767 in
3772 2712 3906 2767 Gra-

2320 2820 2400 2871 cis
2428 2816 2677 2870 Chronici
2713 2809 3005 2866 Eusebiani
3058 2810 3126 2863 ad
3177 2823 3384 2862 annum
3425 2808 3661 2861 Adriani
3694 2805 3758 2859 10
3801 2804 3902 2858 haec

2322 2911 2571 2978 leguntur
2608 2905 2721 2975 (l2)
2758 2923 2772 2959 :
2818 2902 3169 2973 Κουαδρᾶτος
3202 2903 3230 2953 ὁ
3264 2900 3410 2971 ἱερὸς
3445 2900 3557 2953 τῶν
3607 2898 3900 2952 ἀποστόλων

2323 2999 2609 3069 ἀκουστὴς,
2672 2997 2838 3066 Αἰλίῳ
2906 2993 3166 3065 Ἀδριανῷ
3199 2991 3275 3062 τῷ
3310 2992 3685 3063 αὐτοκράτορι
3730 2990 3902 3057 λόγους

2324 3088 2619 3156 ἀπολογίας
2654 3086 2791 3155 ὑπὲρ
2824 3083 3191 3155 Χριστιανῶν,
3227 3084 3323 3135 καὶ
3367 3083 3713 3154 Ἀριστείδης
3758 3078 3898 3147 Ἀϐη-

2324 3184 2467 3243 ναῖος
2510 3182 2539 3233 ὁ
2587 3178 2871 3248 φιλόσοφος
2932 3176 3229 3229 ἐπέδωκαν.
3298 3176 3482 3247 "Amp
3543 3174 3826 3243 δεξάμενος
3874 3170 3899 3219 ὁ

2326 3277 2543 3344 Καῖσαρ
2576 3273 2672 3325 σὺν
2701 3275 2813 3333 τοῖς
2849 3268 2996 3340 παρά
3030 3268 3282 3339 Σερενίου
3317 3268 3625 3339 Γρανιανοῧ
3673 3267 3895 3335 λαμπρο-

2323 3366 2484 3420 τάτου
2526 3362 2849 3435 ἡγουμένου,
2896 3361 2972 3424 ὡς
3019 3360 3198 3413 ἄδικον
3236 3360 3320 3430 εἴη
3370 3359 3749 3431 γραψαμένου,
3783 3356 3897 3424 Χρι-

2326 3458 2571 3519 στιανοὺς
2607 3456 2847 3527 ἀκρίτως
2880 3454 2971 3506 ἐπὶ
3009 3452 3197 3523 μηδενὶ
3231 3451 3339 3505 τῶν
3375 3452 3743 3523 ἐγκλημάτων
3773 3444 3898 3500 κτεί-

2324 3573 2469 3618 νειν,
2534 3553 2733 3623 γράφει
2783 3548 3059 3618 Μινουκίῳ
3117 3546 3401 3618 Φουνδανῷ
3468 3544 3758 3611 ἀνθυπάτῳ
3814 3536 3896 3603 τῆς

2338 3646 2537 3708 Ἀσίας,
2578 3642 2779 3714 μηδένα
2805 3640 3036 3694 κτείνειν
3070 3639 3198 3692 ἄνευ
3228 3637 3597 3709 ἐγκλημάτων
3630 3636 3724 3687 καὶ
3751 3644 3896 3694 κατη-

2326 3739 2538 3809 γορίας.
2574 3735 2803 3790 Gemina
2846 3733 3037 3787 recitat
3069 3731 3358 3800 Syncellus
3390 3729 3529 3800 (l5),
3570 3726 3710 3781 unde
3732 3722 3893 3776 Graeca

2329 3848 2427 3885 sua
2460 3830 2766 3884 Eusebiana
2804 3826 3051 3895 Scaliger
3086 3823 3471 3891 desumpsisse
3508 3821 3751 3878 videtur;
3792 3822 3895 3880 qua!

2328 3924 2546 3996 quidem
2566 3923 2619 3977 in
2642 3922 2895 3977 versione
2918 3918 3337 3987 llierouymiana
3357 3918 3436 3971 ita
3450 3915 3751 3970 efferuntur
3766 3908 3804 3973 (1
3818 3903 3862 3971 1)
3882 3918 3892 3951 τ

2330 4019 2660 4085 Quadratus,
2705 4014 2998 4083 discipulus
3065 4010 3474 4081 apostolorum,
3544 4016 3592 4060 et
3662 3996 3893 4057 Aristides

2329 4110 2681 4173 Atheniensis,
2710 4116 2885 4160 noster
2917 4104 3276 4173 philosophus,
3303 4101 3467 4153 libros
3494 4117 3591 4168 pro
3616 4089 3892 4149 Christiana

2331 4204 2579 4272 religione
2624 4201 2809 4253 dedere
2860 4197 3195 4266 compositos.
3242 4194 3309 4246 Et
3361 4194 3592 4248 Serenus
3651 4178 3891 4239 Grunnius

2331 4295 2557 4364 legatus,
2589 4294 2669 4346 vir
2692 4292 2929 4361 apprime
2957 4288 3173 4351 nobilis,
3201 4287 3416 4339 litteras
3448 4285 3519 4337 ad
3552 4282 3892 4347 imperatorem

2334 4388 2519 4449 mittit,
2553 4386 2792 4455 iniquum
2833 4398 2943 4435 esse
2986 4381 3188 4445 dicens,
3230 4376 3556 4432 clamoribus
3590 4368 3724 4438 vulgi
3760 4364 3884 4415 inno-

2335 4482 2563 4535 centium
2596 4479 2864 4531 hominum
2899 4474 3209 4544 sanguinem
3249 4470 3507 4532 concedi;
3546 4475 3594 4519 et
3646 4463 3751 4515 sine
3796 4448 3889 4505 ullo

654 4571 1026 4618 surrexerant.
1091 4579 1110 4608 ι
1164 4558 1283 4612 Huc
1344 4572 1519 4627 usque
1576 4556 1890 4609 summatim
1940 4570 2005 4607 ex
2061 4552 2218 4606 Eusc-

2334 4574 2575 4635 crimine,
2610 4572 2836 4624 nominis
2869 4578 3074 4621 tantum
3116 4575 3165 4619 et
3197 4575 3353 4618 secta
3390 4577 3504 4615 reos
3538 4555 3672 4627 ﬁeri.
3713 4542 3886 4637 Οιιίὺιιξ

654 4655 745 4710 bio
774 4653 851 4726 (6)
885 4654 1077 4708 doctor
1119 4651 1437 4715 maximus;
1486 4648 1579 4717 qui
1615 4656 1669 4701 et
1718 4646 1847 4701 alibi
1875 4646 1942 4699 ad
1978 4644 2231 4713 Magnum

654 4755 927 4800 oratorem
954 4744 1225 4807 scribens,
1264 4742 1316 4795 in
1350 4740 1598 4795 eamdem
1629 4737 1955 4793 sententiam
1995 4739 2109 4790 hac
2134 4736 2234 4788 ha-

656 4840 747 4894 bet
774 4837 896 4909 (7):
954 4855 971 4886 ι
1014 4835 1325 4901 Quadratus
1382 4832 1755 4900 apostolorum
1802 4828 2129 4897 discipulus,
2183 4833 2238 4877 et

656 4930 1004 4986 Atheniensis
1030 4925 1274 4997 pontifex
1302 4922 1578 4987 Ecclesia,
1614 4935 1799 4976 nonne
1821 4920 2062 4974 Adriano
2086 4918 2239 4987 prin-

655 5022 763 5091 cipi
818 5019 1089 5074 Eleusina
1134 5032 1293 5071 sacra
1344 5014 1624 5079 invisenti,
1678 5013 1880 5066 librum
1917 5026 2016 5081 pro
2053 5017 2241 5062 nostra

654 5113 917 5184 religione
968 5111 1222 5166 tradidit?
1274 5120 1328 5169 et
1384 5117 1544 5163 tanta
1587 5106 1931 5162 admirationi
1986 5103 2241 5158 omnibus

732 5250 749 5279 ⁸
786 5246 905 5305 Act.
943 5261 1057 5311 xxi,
1085 5242 1137 5297 9.

728 5383 808 5453 (1)
844 5380 1044 5453 Euseb.
1070 5379 1216 5453 (list.
1240 5374 1576 5453 eccles.,_l_ih.
1608 5390 1685 5441 ιν,
1719 5386 1838 5441 cap.
1869 5371 1960 5425 25.

757 5446 812 5524 2)
852 5450 1023 5524 _I_bid.,
1069 5450 1159 5524 lib.
1201 5465 1256 5524 ν,
1285 5464 1407 5524 cap.
1448 5446 1536 5499 l7.

758 5512 812 5582 '5)
851 5512 1073 5575 Hieron.
1107 5519 1180 5573 De
1208 5512 1304 5573 vir.
1340 5512 1565 5579 illustr.,
1601 5528 1721 5582 cap.
1749 5512 1837 5566 57.

733 5581 811 5662 (4)
852 5591 1054 5662 Euseb.
1086 5589 1473 5662 Hist.eccl_es.,
1500 5587 1594 5640 lib.
1628 5581 1711 5648 ui,
1741 5598 1860 5662 _c__a_p.
1887 5581 1973 5636 57.

733 5654 812 5730 (5)
854 5661 1075 5716 Hieron.
1110 5662 1185 5713 De
1203 5661 1301 5712 vir.
1332 5657 1562 5730 illustr_._,_
1585 5670 1705 5723 cap.
1737 5654 1824 5709 19.

854 5731 1053 5803 Euseb.
1094 5729 1237 5803 Hist.
1263 5733 1470 5803 ec_cles.,
1510 5727 1707 5803 lib.1v,
1744 5740 1862 5792 cap.
1897 5724 1952 5777 5.

739 5791 815 5868 (7)
853 5800 1072 5855 Hieron.
1113 5800 1271 5867 epist.
1305 5798 1392 5863 70,
1440 5791 1494 5851 n.
1524 5797 1579 5862 4,
1613 5792 1752 5865 Opp.
1790 5791 1920 5850 tom.
1955 5792 1997 5861 Ι,
2034 5808 2086 5863 p.
2114 5791 2241 5859 426,

668 5872 796 5927 edit.
832 5887 955 5925 nov.
993 5870 1186 5927 Veron.

2334 4670 2621 4717 commotus
2673 4659 2944 4712 Adrianus
2997 4655 3234 4708 Minucio
3293 4651 3561 4704 Fundano
3615 4629 3887 4712 proconsuli

2341 4757 2481 4809 Asia:
2513 4753 2747 4821 scripsit,
2785 4767 2889 4803 non
2933 4750 3045 4802 sine
3075 4748 3282 4817 objectu
3326 4743 3609 4797 criminum
3654 4721 3885 4786 Christia-

2339 4863 2432 4899 nos
2455 4843 2900 4899 condemnandos.
2927 4840 3151 4894 Adriani
3184 4838 3507 4905 rescriptum
3533 4829 3597 4883 ad
3621 4815 3883 4908 Minuci-ulli!

2339 4938 2661 4993 Fundanum
2694 4950 2803 5004 quo
2828 4932 3261 5003 persecutionem
3297 4945 3325 4982 a
3351 4924 3554 4982 Gracis
3587 4928 3635 4972 et
3662 4904 3882 5004 Asiaticis

2340 5031 2632 5087 excitatam
2672 4998 2977 5096 prohibuit,
3018 5022 3292 5092 Apologia:
3341 5034 3455 5074 sua
3491 4998 3880 5096 intexuit-105)"

2342 5139 2444 5178 nus
2475 5090 2837 5191 Μελίην-(15).
2879 5115 2956 5169 Ex
3011 5090 3212 5184 quibus
3252 5128 3379 5181 ergo
3410 5105 3746 5179 perspicuum
3782 5090 3876 5141 εει.

2415 5368 2492 5437 (8)
2529 5366 2695 5422 Grai).
2722 5366 2910 5437 Spicil.
2938 5363 3042 5437 SS.
3073 5360 3227 5437 PP.,_
3248 5367 3383 5414 tom.
3408 5354 3475 5418 ll,
3499 5347 3698 5437 p._124.

2528 5420 2727 5510 Euseb.
2762 5420 2908 5510 illst.
2935 5434 3156 5510 ecc_les_.,‘
3171 5420 3269 5510 lib.
3303 5445 3378 5495 ιγ,
3404 5420 3521 5494 cap.
3554 5420 3606 5474 5.

2416 5503 2531 5577 (ιο)
2565 5508 2722 5561 Phot.
2754 5506 2894 5577 erat.
2928 5503 3218 5577 cumras,

2970 5572 3176 5650 ecc_les.,
3205 5572 3300 5624 lib.
3328 5577 3553 5650 ειη-039.
3576 5557 3629 5612 5-

2444 5638 2530 5713 12)
2568 5646 2769 5702 Euseb.
2797 5647 2991 5699 Chron.
3020 5644 3139 5705 Gr.,
3182 5657 3302 5712 pag.
3328 5638 3454 5713 illi“.

2444 5706 2531 5798 πθ)
2568 5706 3308 5798 ἓιηαριιλβηνοξιρθν-κῑωῐίξ·
3337 5706 3550 5798 ἕλξει..
3575 5760 3671 5798 mm
3703 5742 3825 5798 ςεηιί

2444 5752 2531 5851 iii
2568 5752 3875 5852 533317:EIJSK'iﬂ'iét’iiTﬁStiji07,edu.5cang.

2421 5853 2533 5931 (15)
2571 5856 2769 5915 Justin.
2803 5856 3023 5927 Apolog.
3060 5870 3098 5921 1,
3129 5853 3271 5926 §69.
