4130 6394
558 412 3799 467 W

1758 616 2592 747 ARISTIDES

1258 858 1773 922 APOLOGISTA
1831 857 1933 917 ET
1992 852 2551 916 PHILOSOPHUS
2608 852 3140 915 CHRISTIANUS

1908 1189 2453 1283 NOTITIA.

1189 1387 1418 1446 (Lumen,
1461 1382 1681 1435 Histeria
1709 1385 1918 1433 Patrum
1942 1379 2129 1441 critica,
2152 1382 2281 1444 Aug.
2306 1380 2471 1440 Vind.,
2496 1377 2635 1440 1785,
2676 1376 2819 1440 iii-8‘,
2841 1382 2879 1429 t.
2904 1376 2946 1438 Ι,
2972 1391 3021 1439 p.
3044 1376 3181 1441 582.)

620 1534 855 1590 Sanctus
890 1532 1157 1589 Aristides
1204 1532 1554 1588 Atheniensis
1601 1530 1680 1600 (l)
1724 1540 1843 1585 erat
1875 1529 2115 1599 origine,
2147 1534 2193 1589 Α
2224 1542 2345 1581 nem
2382 1526 2456 1581 ibi
2484 1525 2551 1581 de
2583 1524 2642 1579 S.
2681 1522 2927 1595 Dionysii
2963 1522 3231 1593 martyrio
3264 1522 3571 1577 institutam
3617 1520 3811 1577 fuisse.

546 1627 907 1697 philosophus
936 1641 1064 1681 vero
1092 1626 1360 1680 instituto.
1393 1625 1598 1680 Ferunt
1627 1641 1776 1689 eum,
1813 1640 1937 1680 cum
1963 1626 2121 1679 (idem

548 1719 833 1789 amplexus
888 1727 992 1786 est,
1044 1718 1355 1788 philosophi
1410 1733 1631 1787 quoque
1694 1718 1940 1771 habitum
2006 1733 2122 1773 ser-

547 1827 707 1867 vasse
748 1812 826 1882 (‘2)
862 1812 1007 1881 quod
1054 1821 1109 1866 et
1152 1811 1214 1869 S.
1243 1809 1497 1865 Justinus
1531 1810 1832 1877 factitavit,
1867 1810 2125 1879 quemad-

548 1905 771 1959 modum
807 1919 908 1960 suo
941 1904 1062 1958 loco
1095 1902 1416 1957 referemus.

618 1999 771 2054 Licet
813 2007 995 2052 autem
1044 1996 1101 2051 S.
1155 1995 1525 2067 Hieronymus
1575 1996 1727 2065 pacis
1776 1995 1831 2049 in
1881 1994 2123 2050 Ecclesia

545 2091 811 2147 restitutae
842 2090 1103 2145 honorem
1132 2087 1399 2154 Quadrati
1436 2087 1704 2157 Apologia:
1734 2085 2006 2151 tribuerit,
2040 2084 2122 2138 fa-

546 2181 772 2237 tendum
808 2189 991 2235 tamen
1038 2188 1144 2244 est,
1191 2178 1421 2248 gloriam
1470 2178 1613 2232 hanc
1652 2192 2001 2232 communem
2046 2175 2123 2228 illi

546 2288 671 2328 cum
705 2271 943 2327 Aristide
975 2270 1169 2325 fuisse.
1204 2268 1308 2323 Per
1336 2269 1524 2324 eadem
1560 2267 1707 2322 enim
1743 2276 1989 2335 tempora
2026 2266 2123 2320 ob-

547 2365 672 2420 tulit
688 2364 777 2419 ille
792 2363 1037 2418 Adriano
1055 2363 1329 2433 egregiam
1352 2376 1449 2431 pro
1465 2360 1798 2415 Christianis
1814 2359 2120 2429 apologiam

547 2456 926 2511 selectissimis
977 2455 1430 2525 philoSOphorum
1486 2452 1775 2508 sententiis
1822 2452 1898 2521 (5)
1950 2451 2121 2505 refcr-

549 2552 681 2608 tam,
713 2559 835 2612 quae
866 2557 1067 2610 magno
1094 2543 1291 2611 plausu
1320 2552 1549 2611 excepta
1579 2550 1681 2597 est.

620 2633 884 2689 Referunt
913 2632 1198 2689 Usuardus
1223 2634 1300 2705 (4)
1322 2642 1377 2688 et
1406 2633 1523 2689 Ado
1548 2633 1625 2702 (5)
1657 2648 1779 2688 eum
1810 2632 1941 2688 Jesu
1963 2632 2121 2687 Chri-

547 2724 617 2778 sti
650 2724 993 2778 divinitatem
1040 2738 1229 2777 coram
1265 2722 1507 2777 Adriano
1547 2738 1657 2776 non
1694 2724 1859 2777 modo
1900 2723 2120 2792 scriptis

546 2818 684 2881 suis,
714 2834 905 2872 verum
934 2818 1095 2872 etiam
1130 2817 1536 2887 elegantissima
1562 2818 1813 2870 oratione
1846 2832 2028 2870 coram
2053 2831 2119 2870 eo

2232 1616 2386 1672 Unde
2434 1630 2663 1687 arguere
2700 1615 2862 1679 licet,
2912 1615 3171 1669 Aristidis
3220 1614 3531 1683 Apologiam
3574 1612 3811 1669 Usuardi

2225 1717 2381 1763 actate
2402 1707 2749 1776 superstitem
2770 1705 2950 1761 adhuc
2977 1705 3165 1763 fuisse.
3194 1705 3474 1761 Posterior
3498 1706 3575 1760 ait
3601 1724 3613 1759 :
3650 1724 3667 1757 ι
3697 1704 3813 1759 Hoc

2226 1814 2363 1870 Opus
2393 1799 2537 1868 apud
2566 1799 2929 1854 Athenienses
2949 1815 3166 1855 summo
3193 1814 3393 1870 genere
3419 1799 3549 1863 coli,
3589 1807 3646 1853 et
3671 1798 3813 1852 inter

2227 1892 2597 1961 antiquiorum
2656 1900 3013 1945 monumenta
3066 1890 3437 1946 clarissimum
3500 1890 3697 1955 teneri,
3751 1899 3811 1943 ut

2224 1986 2514 2054 peritiores
2546 1983 2862 2038 Graecorum
2895 1982 3184 2037 afﬁrmant.
3218 2002 3236 2033 ι
3285 1982 3490 2053 Estque
3518 1998 3549 2035 a
3591 1992 3810 2036 recente

2225 2078 2461 2147 quodam
2503 2076 2768 2146 scriptore
2819 2076 2919 2146 (de
2959 2076 3011 2130 la
3053 2074 3404 2145 Guilletiére)
3459 2076 3515 2129 in
3549 2075 3695 2130 libro
3727 2074 3807 2127 in-

2225 2169 2449 2239 scripto,
2495 2169 2713 2222 Athenae
2760 2177 2955 2222 veteres
2999 2178 3049 2221 et
3101 2183 3248 2222 navie
3300 2167 3499 2223 litteris
3544 2166 3808 2222 commis-

2226 2278 2371 2325 sum.
2416 2260 2707 2330 Calogeras
2756 2261 3026 2331 quosdam
3068 2259 3343 2326 dictitare,
3390 2276 3450 2315 se
3497 2261 3805 2330 Apologia»:

2224 2355 2371 2409 illam
2407 2356 2462 2409 in
2493 2353 2857 2409 Medclliensis
2886 2353 3204 2408 monasterii
3242 2352 3575 2407 bibliotheca
3605 2368 3702 2408 sex
3738 2352 3807 2406 ab

2223 2448 2559 2501 Athenarum
2612 2446 2747 2501 urbe
2794 2460 3058 2515 passuum
3095 2444 3341 2499 millibus
3384 2446 3658 2516 integram
3704 2446 3799 2498 ha-

2222 2539 2370 2595 bere.
2405 2538 2609 2594 Eorum
2641 2546 2823 2592 tamen
2857 2536 3159 2591 narrationi
3182 2536 3340 2591 fldem
3366 2537 3572 2592 nullam
3600 2538 3800 2591 haben-

2222 2630 2348 2685 dam
2413 2645 2537 2685 esse
2598 2629 2892 2692 ducimus,
2950 2643 3076 2681 cum
3139 2628 3399 2682 omnibus
3458 2627 3807 2698 antiquitatis

2221 2722 2604 2777 ecclesiasticm
2647 2719 2909 2775 studiosis
2959 2718 3164 2773 frustra
3211 2720 3637 2789 exoptantibus,
3676 2719 3803 2774 huc-

2222 2828 2396 2883 usque
2465 2814 2519 2867 in
2581 2815 2753 2868 lucem
2819 2813 3084 2882 producta
3134 2828 3165 2866 a
3223 2812 3620 2881 Calogeritanis
3700 2828 3801 2868 non

547 2908 731 2963 habita
774 2922 1182 2978 propugnasse;
1217 2923 1453 2977 quorum
1488 2907 1642 2976 prior
1671 2906 1843 2973 addit,
1886 2907 2119 2961 mentio-
2154 2904 2196 2958 B
2228 2906 2412 2961 fuerit.

548 3062 646 3115 diti
696 3070 790 3115 aut
834 3077 949 3116 non
978 3061 1369 3123 consentiunt,
1417 3068 1512 3114 aut
1539 3059 1729 3113 vitiata
1776 3059 1939 3114 verba
1987 3058 2127 3115 Justi

547 3133 899 3197 existimant;
926 3132 1017 3185 sed
1039 3132 1290 3199 Cleopha:
1317 3131 1481 3194 ﬁlius,
1513 3129 1831 3199 Dominique
1854 3129 1983 3185 Jesu
2013 3130 2126 3183 for-

548 3213 695 3257 tasse
728 3201 897 3271 frater
933 3201 1195 3270 patruelis
1214 3211 1308 3255 aut
1343 3200 1752 3264 consobrinus,
1790 3200 1879 3253 hic
1917 3209 2001 3255 est
2028 3200 2129 3271 Sy-

548 3270 1154 3349 ineon,_l_fierosol:vmaa
1182 3272 1497 3349 episcopus,
1554 3280 1815 3349 regnante
1865 3270 2123 3349 Traiano,

549 3343 637 3395 cui
672 3343 945 3397 Adrianus
998 3343 1085 3395 ille
1129 3343 1429 3404 successit,
1486 3341 1638 3395 cruci
1684 3341 1900 3394 tandem
1933 3341 2127 3395 affixus

547 3422 650 3468 est.
672 3412 728 3467 Id
753 3414 917 3467 tradit
936 3412 1270 3482 Hegesippus
1286 3413 1425 3480 apud
1446 3410 1740 3465 Eusebium
1759 3410 1852 3463 lib.
1876 3428 1933 3465 ιιι
1956 3410 2123 3482 Hist,

546 3500 598 3538 c.
628 3482 716 3537 52.
752 3482 928 3537 Porro
948 3480 1064 3553 ipse
1090 3480 1309 3551 quoque
1333 3483 1643 3553 Quadratus
1662 3482 1826 3553 simul
1850 3480 2123 3553 cum_Phi-

549 3554 683 3623 lippi
716 3551 1064 3624 evangelista:
1090 3554 1306 3606 filiabus
1335 3553 1589 3607 floruisse
1615 3552 1915 3624 diciturnab
1956 3551 2127 3605 Euse-

546 3622 639 3679 bio
673 3625 726 3676 in
762 3622 883 3693 cap:
910 3624 979 3677 '57
1005 3624 1181 3693 ejusd.
1232 3624 1327 3677 lib.
1373 3623 1517 3676 Sane
1560 3637 1688 3677 vero
1720 3622 1855 3675 nihil
1904 3638 2125 3677 necesse

547 3694 735 3759 fuerit,
759 3695 825 3747 ad
846 3709 1048 3747 annum
1074 3694 1537 3764 septuagesimum
1561 3694 1872 3764 pervenisse
1894 3708 2121 3762 puerum

546 3765 781 3832 exempli
801 3765 993 3832 gratia,
1021 3773 1111 3817 aut
1131 3761 1389 3832 puellam,
1414 3777 1554 3831 quos
1581 3761 1834 3818 Christus
1860 3761 1927 3815 ad
1955 3764 2123 3817 vitam

548 3835 845 3896 revocavit,
868 3836 914 3889 si
947 3835 1034 3888 isti
1069 3850 1241 3902 usque
1273 3834 1338 3887 ad
1369 3832 1635 3899 Quadrati
1666 3843 1908 3901 tempora
1932 3848 2125 3901 super-

550 3906 703 3959 stites
729 3913 934 3958 essent.
983 3904 1056 3958 De
1081 3904 1343 3969 Quadrati
1400 3912 1579 3957 autem
1638 3904 1798 3957 annis
1845 3904 2124 3958 monuisse

548 3989 699 4028 nunc
723 3976 879 4028 video
912 3974 1268 4028 Pearsoniuni
1315 3973 1415 4043 0p.
1450 3973 1779 4043 Postlzumis,
1812 3974 1948 4027 diss.
1983 3973 2039 4039 2,
2068 3990 2117 4027 c.

551 4044 641 4108 15,
667 4059 719 4112 p.
752 4045 879 4111 284,
904 4060 1025 4113 quae
1058 4053 1398 4113 sequuntur:
1432 4064 1449 4093 ι
1488 4042 1803 4108 Quadratus
1850 4043 1940 4097 ille
1985 4060 2120 4113 apo-

548 4115 813 4169 stolorum
834 4114 1159 4183 discipulus,
1178 4116 1245 4168 ab
1275 4113 1511 4169 Eusebio
1538 4114 1737 4167 dicitur
1770 4113 1837 4165 10
1871 4113 2118 4176 Adriani,

548 4185 655 4240 hoc
691 4194 777 4238 est
814 4185 1020 4238 Christi
1054 4184 1155 4237 19.7
1179 4199 1359 4249 anno,
1400 4184 1714 4251 Apotogiam
1746 4183 2030 4249 obtulisse,
2067 4194 2122 4239 et

546 4271 613 4308 ex
645 4254 712 4308 iis
737 4255 918 4308 verbis
949 4255 1038 4324 (ab
1060 4255 1293 4308 Eusebio
1322 4254 1520 4320 allatis)
1557 4254 1935 4324 antiquitatem
1962 4270 2117 4307 suam

2230 3069 2346 3115 clos
2377 3060 2545 3115 libros
2582 3060 2779 3115 alicubi
2833 3061 3057 3127 incidat,
3110 3062 3159 3116 id
3196 3062 3298 3116 sibi
3345 3061 3545 3130 negotii
3575 3060 3804 3114 omnino

2230 3131 2416 3183 datum
2444 3132 2602 3194 sciat,
2641 3140 2699 3185 ut
2730 3131 2814 3184 vel
2849 3132 3090 3201 integros
3127 3148 3222 3187 eos
3243 3132 3537 3194 describat,
3573 3143 3671 3186 aut
3698 3132 3802 3185 sal-

2230 3211 2335 3254 tem
2368 3201 2599 3255 laudaue
2636 3202 2901 3267 Quadrati
2930 3203 3199 3271 Apologia,
3231 3218 3294 3256 ac
3315 3202 3598 3257 alioruma
3620 3201 3806 3255 Photiu

2229 3271 2635 3342 nominatorum
2692 3272 2951 3337 Patrum,
2987 3289 3180 3342 nempe
3214 3271 3471 3327 Methodii
3523 3273 3800 3342 martyris,

2234 3340 2544 3413 Athanasii,
2582 3340 3179 3413 triuni_Cregoriorum,
3205 3341 3802 3413 Tliauniaturgi.Theo-

2231 3412 2337 3480 logi
2371 3421 2423 3483 et
2450 3413 2695 3483 episcopi
2743 3411 3006 3483 Nysseni,
3042 3412 3251 3478 Basilii,
3300 3412 3527 3467 Joannis
3554 3411 3799 3483 ’Chryso.

2228 3481 2414 3548 stomi,
2440 3480 3019 3551 Cyrilli'AIex'andrini
3049 3493 3103 3537 cl.
3132 3483 3310 3538 Procli
3351 3480 3801 3549 ConstantinOpo-

2228 3552 2381 3623 litani
2399 3554 2699 3609 sententias
2718 3553 2843 3607 inde
2860 3566 3135 3622 cxcerpat,
3169 3562 3223 3607 et
3258 3554 3399 3608 bono
3424 3553 3648 3623 publico
3669 3566 3804 3623 coni-

2229 3622 2492 3695 i_nu_nicet:
2528 3623 2797 3695 Caeterum
2836 3624 2928 3695 qui
2962 3623 3406 3695 Martyrologium
3428 3622 3808 3695 subreinentito

2228 3691 2383 3745 Beda:
2408 3694 2631 3747 nomine
2660 3691 2866 3759 edidit,
2887 3694 3001 3748 hzec
3030 3691 3284 3748 ad'dieni
3314 3694 3385 3747 26
3435 3692 3563 3747 Maii
3616 3693 3798 3746 habet:

2234 3781 2251 3813 ι
2279 3761 2433 3831 Apud
2454 3763 2695 3818 Athenas
2730 3763 2789 3816 Β.
2822 3765 3083 3829 Quadrati
3119 3764 3381 3833 episcopi.
3416 3760 3516 3818 Hic
3546 3761 3800 3833 firmavit,

2228 3841 2287 3885 ut
2314 3833 2460 3885 nulla
2491 3849 2614 3887 esca
2652 3850 2681 3887 a
2705 3835 3035 3889 Christianis
3068 3832 3468 3902 repudiaretur,
3493 3848 3621 3903 qua:
3647 3832 3800 3884 ratio-

2227 3903 2367 3957 nalis
2401 3914 2454 3956 et
2480 3903 2720 3957 humana
2748 3915 2850 3958 est.
2888 3923 2906 3955 ι
2946 3902 3097 3959 Unde
3135 3906 3273 3959 forte
3303 3902 3523 3973 aliquis
3550 3903 3801 3970 colligere

2228 3974 2508 4044 posset,in
2538 3974 3077 4044 QuadratiApologia
3102 3976 3205 4029 hac
3229 3975 3372 4028 dere
3401 3983 3583 4029 actum
3615 3973 3795 4044 fuisse.

2227 4040 2331 4112 Sed
2361 4048 2647 4112 suspicor,
2692 4040 3199 4100 consarcinatorem
3240 4044 3409 4099 istum
3450 4060 3513 4098 ea
3533 4083 3548 4107 ,
3580 4058 3704 4112 quae
3734 4040 3797 4093 de

2225 4111 2517 4183 Eleuthero
2541 4115 2801 4183 episcopo
2840 4114 3084 4169 Romano
3122 4116 3310 4169 eadem
3340 4114 3428 4168 die
3452 4115 3505 4167 in
3539 4111 3798 4181 Martyro-

2226 4184 2369 4252 logio
2407 4182 2654 4240 Romano
2693 4182 2986 4249 dicuntur,
3018 4185 3321 4253 improvide
3354 4185 3420 4239 ad
3462 4183 3795 4250 Quadratum

2224 4254 2507 4308 retulisse:
2546 4256 2753 4308 dictum
2785 4256 2933 4309 enim
2976 4271 3170 4324 papam
3210 4255 3333 4309 talis
3364 4254 3642 4323 dogmatis
3676 4267 3795 4321 pro-

546 4323 1209 4396 ostendisserquarerdiu
1246 4334 1371 4396 ante
1406 4323 1694 4388 imperium
1733 4324 1986 4396 Adriani,
2014 4324 2122 4396 imo
2150 4331 2191 4388 C
2227 4335 2586 4396 pugnatorum
2626 4323 2995 4396 facitquoque
3027 4323 3353 4382 Anastasius
3377 4367 3393 4393 ,
3437 4325 3577 4380 alios
3625 4332 3681 4378 ut
3716 4331 3793 4375 ta-

547 4395 639 4446 diu
672 4404 796 4447 ante
825 4394 1036 4475 obitum
1072 4394 1128 4447 S.
1170 4394 1431 4461 Joannis,
1465 4409 1561 4448 eos
1606 4396 1898 4463 (sanatos)
1942 4394 2123 4450 videre

547 4479 661 4534 prae
690 4473 847 4519 aetate
888 4473 1085 4533 potuit.
1125 4484 1143 4515 ι
1351 4487 1357 4493 ·

546 4618 819 4672 γραμμα,
872 4601 1118 4671 nihilque
1170 4601 1290 4670 ejus
1324 4609 1594 4670 superest,
1647 4608 1844 4670 praeter
1875 4601 2120 4667 unicum,

547 4672 934 4727 brevissimum
969 4673 1211 4741 quidem,
1245 4681 1299 4725 at
1322 4673 1502 4726 nobile
1554 4672 1943 4741 fragmentum,
1972 4673 2126 4741 quod

547 4744 708 4797 nobis
730 4741 1078 4797 conservavit
1102 4742 1374 4796 Eusebius
1404 4743 1522 4797 loco
1546 4747 1709 4795 modo
1737 4744 1924 4795 citato.
1956 4742 2120 4797 Plura

547 4814 832 4877 darentur,
885 4814 931 4868 si
984 4814 1311 4883 superstites
1360 4824 1548 4867 essent
1599 4813 1823 4867 alterius
1874 4812 2116 4876 Eusebii,

546 4899 659 4938 sec.
689 4900 773 4949 vr,
807 4884 1045 4952 episcopi
1089 4883 1625 4944 Thessalonicensis,
1660 4884 1781 4936 libri
1820 4885 1885 4937 l0
1919 4883 2118 4937 Contra

544 4954 813 5006 Andream
829 4955 1160 5020 monac/mm,
1177 4964 1362 5023 utpote
1375 4970 1534 5022 quem
1550 4954 1823 5025 Ko89djou
1839 4955 2003 5007 verba
2021 4955 2120 5007 ad-

545 5025 791 5078 versario
823 5025 1149 5093 opposuisse
1172 5040 1431 5091 expresse
1454 5023 1687 5079 testatur
1723 5023 1953 5079 Photius
1990 5025 2113 5078 cod.

546 5094 671 5147 162.
703 5093 904 5148 Verum
939 5110 1115 5164 neque
1142 5095 1193 5148 hi
1226 5094 1472 5158 Eusebii,
1503 5111 1603 5148 nec
1628 5094 1879 5158 Andreae,
1913 5094 2005 5163 qui
2036 5094 2123 5148 iti-

545 5164 668 5218 dem
693 5164 1030 5231 Quadratum
1055 5167 1255 5220 citassc
1286 5166 1523 5229 videtur,
1555 5165 1679 5235 libri
1706 5166 1943 5233 uspiam,
1968 5165 2116 5235 quod

545 5250 647 5301 ego
680 5237 890 5300 sciam,
926 5245 1164 5300 exstant,
1222 5236 1413 5289 saltem
1462 5236 1550 5289 hic
1574 5234 1771 5289 Oxonii
1816 5252 1926 5288 non
1960 5251 2118 5302 repe-

547 5316 784 5370 riuntur,
814 5322 911 5359 nec
942 5305 1164 5359 Vienna:
1188 5306 1239 5358 in
1274 5305 1612 5360 Bibliotheca
1637 5307 1911 5371 Caesarea,
1940 5321 2116 5373 neque

547 5373 773 5445 Parisiis
807 5377 860 5428 in
896 5375 1083 5445 Regia.
1135 5378 1383 5431 lndicare
1416 5384 1594 5429 tamen
1649 5376 1703 5429 id
1741 5376 1921 5441 volui,
1964 5384 2024 5429 ut
2067 5376 2113 5429 si

546 5444 687 5515 forte
709 5444 1003 5515 quispiam,
1036 5447 1124 5499 cui
1150 5447 1657 5515 perlustrandorum
1684 5447 1735 5498 in
1765 5447 1888 5499 aliis
1914 5445 2113 5499 Biblio-

549 5514 998 5572 tbcciscodicuin
1020 5514 1518 5585 iiianuscriptorum
1544 5518 1703 5572 datur
1734 5518 1911 5587 copia,
1946 5517 2001 5571 in
2032 5516 2113 5571 di-

2231 4410 2406 4448 ccmn.
2437 4394 2695 4450 GRABIUS.

2304 4466 2393 4539 (ᾖ)
2426 4465 2693 4539 Aristides
2739 4464 3089 4539 Atheniensis
3114 4464 3491 4539 philosophus
3533 4464 3788 4539 eloquen-

2230 4535 2476 4590 tissimus
2509 4547 2562 4589 et
2592 4537 2694 4590 sub
2728 4536 2959 4604 pristino
3000 4534 3190 4591 habitu
3230 4536 3534 4604 discipulus
3562 4534 3793 4604 Christi.

2228 4605 2484 4659 volumen
2508 4607 2678 4661 nostri
2702 4603 2973 4675 dogmatis
3003 4608 3268 4661 rationem
3299 4603 3589 4662 continens
3609 4603 3791 4675 eodem

2228 4685 2494 4744 tempore,
2524 4692 2633 4745 quo
2665 4686 2719 4731 et
2751 4671 3082 4743 Quadratus,
3113 4678 3355 4731 Adriano
3384 4671 3789 4745 principidedit,

2231 4745 2281 4817 id
2324 4756 2410 4817 est
2444 4747 2846 4817 Apologeticunt
2898 4764 2995 4816 pro
3036 4747 3385 4813 Christianis,
3438 4745 3790 4817 quodhusquc

2230 4816 2390 4887 hodie
2438 4812 2822 4887 perseverans,
2873 4812 3015 4886 apud
3061 4812 3377 4887 philologos
3432 4812 3641 4887 ingenii
3681 4812 3793 4881 ejus

2218 4884 2478 4957 indicium
2526 4897 2628 4941 est.
2673 4884 3035 4957 Hieronymus
3064 4884 3119 4942 in
3150 4884 3391 4957 Cata'log.
3428 4884 3546 4953 cap.
3565 4884 3667 4957 720.

2289 4956 2365 5029 (Ξ)
2398 4957 2704 5026 Tillemont,
2740 4968 2778 5013 t.
2828 4950 3061 5013 ll'Mém.
3104 4960 3313 5026 ecclés.,
3342 4950 3461 5028 pag.
3492 4950 3618 5023 N7,
3640 4970 3702 5009 ex
3728 4950 3786 5004 D.

2221 5025 2542 5079 llieronvm.

2273 5043 2542 5083 ICI'OIIV'III.

2290 5096 2365 5167 (5)
2420 5095 2686 5154 Aristides
2737 5099 3103 5168 philosophus
3142 5100 3225 5154 vir
3264 5095 3786 5168 eloquentissimus,

2217 5165 2394 5240 eidem
2430 5170 2663 5238 principi
2701 5165 3099 5238 Apologeticum
3139 5186 3237 5240 pro
3280 5165 3786 5240 Cliristia_nis_obtu-

2219 5239 2299 5304 lit,
2335 5235 2647 5293 contextum
2680 5235 3476 5309 philosophorqu'sententiis.
3512 5235 3691 5291 D.ﬂie

2217 5324 2364 5379 nym.
2396 5326 2482 5378 ep.
2510 5310 2675 5373 8'5,ad
2713 5310 2985 5379 Magnum.

2293 5378 2366 5450 (4)
2402 5380 2483 5434 Ad
2514 5380 2655 5433 diem
2690 5381 2750 5433 ’51
2786 5378 3019 5449 Augusti
3053 5390 3105 5437 et
3134 5382 3165 5435 5
3192 5379 3463 5437 Octobris.

2289 5449 2363 5520 (5)
2396 5450 2475 5507 Ad
2504 5451 2647 5507 dictu
2673 5452 2734 5506 '51
2769 5452 3014 5521 Augusti.
