4130 6458
450 344 588 398 1275

1930 337 2240 394 ΝΟΤΙΤΙΑ.

3577 337 3717 391 1271

449 439 783 492 mentionem
832 451 863 489 a
913 434 1061 489 Luca
1103 433 1243 489 forte
1286 432 1485 488 factam
1525 433 1745 498 dixerit,
1793 433 1846 486 in
1879 434 2025 488 Actis
2055 444 2102 499 Α
2135 433 2487 487 doctissimus
2527 432 2897 502 comperitur;
2949 433 3064 485 haec
3113 432 3260 484 enim
3307 430 3574 486 sententia
3609 445 3718 484 non

449 531 666 584 scilicet
691 528 1092 598 apostolorum,
1142 528 1258 582 haec
1302 529 1443 584 male
1476 528 1544 584 ad
1577 528 1752 598 ipsam
1781 527 2033 596 Disputa-

448 617 640 672 tionem
666 632 788 672 esse
814 617 1003 671 relata.
1047 636 1064 667 ι
1105 616 1229 671 llzee
1251 618 1358 672 ille.

515 709 783 762 Czeterum
810 708 969 774 longe
994 708 1086 762 diu
1117 718 1244 763 ante
1279 709 1574 763 Maximum
1611 709 1858 763 eamdem
1902 708 2029 763 Dis-

443 799 771 865 putationem
825 797 1030 866 legerat
1066 797 1274 854 Celsus
1327 799 1651 868 Epicureus,
1711 799 1871 866 cujus
1923 799 2029 852 ini-

442 904 612 958 quum
657 889 726 943 de
776 888 866 942 illa
916 888 1188 957 judicium
1238 891 1434 944 recitat
1479 890 1563 945 his
1615 890 1796 944 verbis
1834 887 2026 959 Orige-

446 996 542 1036 nes
601 980 676 1050 (6)
717 999 730 1034 :
787 980 1070 1032 Παπίσκου
1116 979 1260 1043 τινὸς
1293 983 1387 1034 καὶ
1447 981 1676 1043 Ἰάσονος
1723 981 2027 1048 ἀντιλογίαν

439 1071 631 1138 ἔγνων,
664 1071 725 1123 οὐ
760 1071 1014 1138 γέλωτος,
1050 1071 1185 1124 ἀλλὰ
1228 1072 1427 1142 μᾶλλον
1463 1072 1647 1135 ἐλέους
1693 1074 1787 1125 xui.
1837 1073 2026 1143 μίσους

437 1158 614 1223 ἀξίαν.
655 1161 871 1230 Ἔμοιγ’
900 1156 992 1213 οὖν
1025 1161 1086 1213 οὐ
1120 1159 1273 1214 ταῦτ’
1299 1160 1541 1231 ἐλέγχειν
1570 1161 1874 1232 πρόκειται·
1911 1160 2025 1214 ἔστι

436 1250 546 1320 γὰρ
587 1252 749 1303 παντί
788 1269 890 1304 που
932 1252 1090 1322 δῆλα.
1136 1251 1356 1321 Papisci
1391 1253 1670 1322 cujusdam
1709 1263 1757 1306 et
1806 1251 2023 1306 Jasonis

435 1344 823 1398 contentionem
861 1346 1003 1408 novi,
1046 1361 1151 1397 non
1188 1345 1299 1398 risu
1330 1346 1421 1398 sed
1463 1335 1820 1399 miseratione.
1847 1347 2022 1415 potius

434 1435 652 1504 dignam
681 1445 731 1489 et
765 1436 906 1489 odio.
948 1433 1080 1490 Haec
1115 1436 1293 1506 itaque
1325 1436 1605 1505 confutare
1640 1437 1771 1490 mihi
1805 1454 1909 1493 non
1944 1448 2021 1493 est

431 1525 680 1590 animus;
737 1527 926 1596 quippe
965 1543 1189 1596 quarunt
1231 1527 1536 1580 absurditas
1577 1527 1818 1581 omnibus
1853 1539 2018 1598 patet.

432 1616 634 1673 Verum
670 1617 956 1690 Origenes,
1009 1621 1104 1692 qui
1139 1628 1194 1676 et
1236 1622 1353 1690 ipse
1404 1622 1680 1678 Aristonis
1735 1623 2022 1697 Dialogum

429 1717 678 1774 noverat,
714 1707 858 1763 Celsi
893 1710 1225 1764 calumniam
1251 1713 1326 1765 ita
1353 1711 1575 1777 refellit,
1603 1722 1664 1766 ut
1696 1713 1842 1769 haud
1875 1702 2018 1769 otio-

2131 528 2409 591 Aristoni,
2447 528 2540 582 sed
2578 528 2799 598 ipsimet
2839 526 3057 597 Origeni
3099 525 3420 589 tribuenda;
3461 525 3554 594 qui
3587 524 3720 579 elia-

2129 629 2244 675 tum
2276 621 2404 675 illud
2439 621 2584 674 velut
2609 637 2900 676 commune
2933 620 3177 672 omnium
3208 618 3462 673 Ecclesiae
3485 617 3719 687 scripto-

2130 728 2250 766 rum
2290 712 2614 782 principium
2650 712 3003 782 pronuntiat;
3038 721 3098 765 ut
3131 710 3234 764 rite
3257 709 3491 764 advertit
3513 708 3584 763 cl.
3610 707 3719 762 Ma-

2128 818 2298 858 ranus
2333 803 2432 876 (9).

2199 891 2329 947 Post
2378 891 2669 962 Origenem
2718 899 2899 945 autem
2958 889 3206 944 meminit
3256 903 3483 958 quoque.
3542 887 3712 942 semel

2128 982 2438 1051 ilermnque
2477 981 2535 1035 S.
2585 980 2950 1052 Hieronymus
2993 980 3238 1050 ejusdem
3296 979 3710 1048 Disputationis,

2127 1088 2290 1140 quam
2323 1082 2376 1127 et
2423 1072 2836 1126 Altercationem
2877 1082 3065 1137 vocat;
3112 1073 3330 1140 duoque
3372 1071 3544 1139 ipsius
3590 1071 3709 1125 loca

2126 1160 2357 1216 inferius
2386 1162 2695 1216 retulimus.
2735 1161 2800 1214 Et
2833 1161 2886 1214 in
2920 1176 3109 1214 eorum
3144 1160 3361 1229 quidem
3390 1159 3560 1214 altero
3594 1160 3710 1229 (10)

2126 1252 2324 1306 falsum
2361 1267 2484 1307 esse
2523 1252 2720 1306 asserit
2765 1252 2956 1308 doctor
2991 1251 3286 1318 mpximus.
3337 1249 3483 1317 quod
3532 1249 3586 1303 in
3636 1264 3700 1302 ea

2126 1345 2390 1412 scriptum
2409 1355 2546 1408 erat,
2579 1343 2733 1398 initio
2753 1343 3027 1398 Genescos
3053 1343 3106 1396 in
3126 1341 3351 1396 Hebraeo
3377 1341 3562 1396 haberi
3590 1359 3604 1395 :
3635 1339 3702 1393 In

2125 1437 2271 1490 Filio
2300 1437 2423 1506 fecit
2453 1436 2594 1491 Deus
2624 1436 2810 1490 caelum
2837 1445 2885 1490 et
2912 1448 3129 1490 terram.
3161 1434 3265 1488 Sed
3290 1434 3596 1488 Aristonem
3612 1433 3707 1487 de-

2123 1528 2450 1584 fendendum
2466 1528 2704 1597 suscepit
2718 1527 3090 1581 Bartoloceius
3106 1527 3152 1594 (1
3170 1525 3216 1590 1)
3237 1545 3249 1578 :
3273 1545 3290 1576 ι
3314 1525 3420 1578 Pro
3453 1523 3702 1588 Hebraeo,

2123 1619 2322 1688 inqttit,
2357 1618 2680 1688 intelligitur
2702 1617 2902 1671 idioma
2936 1615 3515 1686 Hierosolymitanum,
3555 1614 3702 1683 quod

2124 1710 2451 1766 llebraicum
2518 1710 2638 1764 lato'
2682 1709 2843 1762 modo
2883 1707 3186 1771 dicebatur,
3233 1714 3288 1760 et
3339 1703 3538 1759 litteris
3595 1702 3704 1759 He-

425 1811 548 1852 sum
582 1798 885 1869 l‘ueritejus
917 1803 1328 1870 responsionem
1371 1802 1462 1856 hic
1491 1803 1834 1870 describere;
1859 1822 1922 1860 ex
1952 1823 2014 1864 ea
2052 1775 2092 1828 Β
2122 1804 2321 1858 bra-icis
2351 1803 2707 1858 scribebatur.
2736 1801 2792 1855 In
2831 1802 2934 1855 hoc
2972 1801 3241 1869 siquidem
3279 1799 3559 1860 idiomate,
3604 1813 3703 1850 cu-

425 1889 574 1943 enim
603 1906 726 1945 cum
761 1891 945 1960 operis
974 1892 1411 1962 inscriptionem,
1444 1903 1557 1947 tmn
1583 1895 1638 1948 in
1673 1897 1867 1964 primis
1895 1899 2016 1968 ejus

425 1980 797 2034 characterem
826 1990 988 2050 atque
1020 1983 1321 2037 doctrinam
1359 1982 1741 2053 perspicimus.
1791 1986 1881 2043 Sic
1917 1989 2016 2058 igi-

422 2082 513 2124 tur
544 2072 634 2125 ille
670 2090 684 2125 :
729 2072 898 2125 ()ὺδὲν
936 2073 980 2124 δ’
1023 2068 1184 2144 ἦττον
1237 2075 1539 2147 ἐϐουλόμην
1575 2075 1734 2130 πάνθ’
1776 2080 2014 2134 ὁντινοῦν

419 2159 729 2214 ἀκούσαντα
754 2160 1186 2230 δεινολογΟὖντος
1229 2164 1460 2227 Κέλσου,
1497 2168 1590 2219 καὶ
1624 2167 1924 2235 φάσκοντος
1953 2173 2015 2224 τὸ

418 2255 899 2326 ἐπιγεγραμμένον
949 2255 1309 2326 σύγγραμμα,
1382 2257 1646 2325 Ἰάσονος
1687 2260 1785 2313 καὶ
1821 2264 2012 2315 Παπί-

419 2360 575 2400 σκου
621 2348 974 2417 ἀντιλογίαν
1012 2349 1146 2417 περὶ
1178 2351 1458 2418 Χριστοῦ,
1489 2351 1551 2404 οὐ
1587 2352 1842 2420 γέλωτος,
1878 2355 2014 2409 ἀλλὰ

421 2437 612 2507 μίσους
639 2438 786 2503 ἄξιον
815 2435 977 2505 εἶναι,
1018 2440 1204 2494 λαϐεῖν
1239 2442 1319 2505 εἰς
1345 2445 1530 2514 χεῖρας
1553 2443 1615 2495 τὸ
1645 2448 2010 2517 συγγραμμάα

416 2545 550 2595 τιον,
585 2532 680 2584 καὶ
719 2533 1006 2602 ὑπομεῖναι
1038 2533 1134 2586 καὶ
1166 2533 1497 2602 ἀνασχέσθαι
1541 2535 1770 2589 ἀκοῦσαι
1805 2537 1912 2590 τῶν
1952 2541 2010 2591 ὲν

417 2619 583 2690 αὐτῷ’
622 2621 688 2674 ἵν’
717 2622 940 2675 αὐτόθεν
981 2621 1239 2693 καταγνῷ
1268 2624 1362 2676 τοῦ
1394 2625 1625 2690 Κέλσου,
1666 2628 1833 2698 μηδὲν
1862 2630 2008 2700 εὑρί-

418 2723 562 2762 σκων
595 2710 785 2780 μίσους
813 2711 963 2776 ἄξιον
997 2715 1056 2765 ὲν
1083 2711 1160 2782 τῷ
1194 2711 1400 2782 βιϐλίῳ.
1459 2714 1584 2766 Ἐὰν
1618 2714 1664 2766 δ’
1698 2714 2008 2780 ἀδεκάστως

413 2819 496 2866 τις
530 2803 851 2875 ἐντυγχάνῃ,
883 2805 1104 2875 εὑρήσει
1139 2807 1225 2858 ’ὅτι
1259 2808 1369 2860 οὐδ’
1404 2809 1497 2860 ἐπὶ
1538 2807 1753 2876 γέλωτα
1787 2812 1924 2861 κινεί
1945 2810 2008 2862 τὸ

417 2891 637 2962 βιϐλίον,
661 2895 720 2946 ἐν
750 2887 794 2961 ᾧ
820 2895 1233 2967 ἀναγέγραπται
1267 2899 1592 2969 Χριστιανὸς
1627 2900 1864 2971 Ἰουδαίῳ
1893 2902 2006 2956 δια-

410 2980 700 3054 λεγόμενος
732 2985 839 3038 ἀπὸ
871 2985 979 3039 τῶν
1036 2987 1340 3040 Ἰουδαϊκῶν
1381 2989 1420 3040 Γ
1426 2990 1633 3061 ραφῶν,
1668 2994 1762 3045 καὶ
1793 2993 2006 3059 δεικνὺς

410 3075 509 3139 τὰς
553 3079 681 3149 περὶ
721 3077 816 3130 τοῦ
863 3073 1101 3150 Χριστοῦ
1157 3082 1494 3154 προφητείας
1547 3084 1873 3154 ἐφαρμόζειν
1922 3085 2001 3156 τῷ

428 3169 622 3239 Ἰησοῦ·
659 3169 835 3223 καίτοι
882 3187 946 3238 γε
980 3173 1081 3224 οὐκ
1129 3172 1370 3241 ἀγεννῶς
1427 3174 1537 3227 οὐδ’
1601 3175 1864 3247 ἀπρεπῶς
1922 3176 2000 3247 τῷ

419 3256 697 3330 Ἰουδαῖκῷ
728 3261 1004 3334 προσώπῳ
1035 3263 1129 3315 τοῦ
1161 3264 1350 3334 ἑτέρου
1400 3264 1690 3335 ἱσταμένου
1730 3267 1867 3338 πρὸς
1908 3267 2000 3321 τὸν

409 3351 584 3418 λόγον.
617 3351 672 3405 Id
695 3362 779 3406 est
806 3371 818 3405 :
848 3352 960 3423 Ego
988 3365 1165 3408 tamen
1194 3371 1455 3424 cuperem,
1493 3373 1849 3427 quemcunque
1882 3369 1998 3426 post

410 3441 599 3495 audita
624 3444 852 3512 grandia
877 3443 1020 3498 Celsi
1053 3445 1228 3512 verba,
1277 3447 1503 3500 dicentis
1556 3450 1870 3518 opusculum
1916 3453 1998 3504 in-

408 3533 684 3602 scriptum,
722 3533 942 3590 Jasonis
965 3545 1019 3590 et
1049 3536 1262 3606 Papisci
1309 3542 1586 3595 contentio
1632 3541 1698 3596 de
1747 3543 1995 3610 Christo,

333 3695 337 3698 Λ
405 3643 512 3680 non
549 3629 662 3681 risu
725 3628 816 3682 sed
869 3630 991 3682 odio
1041 3631 1222 3698 potius
1273 3632 1491 3701 dignum
1527 3649 1657 3699 esse,
1689 3646 1899 3705 accepto
1938 3639 1995 3690 in

409 3735 598 3772 manus
623 3718 824 3784 libello,
854 3721 1189 3786 aliquantum
1227 3739 1397 3790 operte
1441 3724 1654 3778 lectioni
1694 3727 1806 3796 ejus
1843 3728 1994 3781 insu-

408 3824 564 3870 mere,
590 3818 673 3874 ut,
707 3826 760 3862 re
784 3811 898 3879 ipsa
922 3810 1275 3877 doctus,Celsi
1298 3814 1740 3883 vaniloquentiam
1760 3819 1992 3887 damnet,

404 3889 538 3946 nihil
567 3895 689 3946 odio
720 3896 938 3964 dignum
967 3899 1020 3950 in
1042 3915 1102 3950 eo
1138 3901 1274 3953 libro
1307 3903 1585 3970 reperiens.
1629 3903 1810 3975 Neque
1831 3908 1992 3960 etiam

400 3984 688 4055 quidquam
721 3988 1010 4042 ridiculum
1052 3992 1106 4044 in
1141 3991 1234 4045 illo
1269 3995 1527 4058 inveniet;
1563 3997 1616 4048 in
1659 4014 1761 4067 quo
1791 4001 1991 4055 scilicet

402 4075 735 4131 Christianus
780 4080 1058 4133 inducitur
1092 4098 1211 4134 cum
1238 4083 1427 4138 Judtco
1452 4075 1784 4156 (disputans,
1837 4102 1991 4161 atque

398 4185 464 4220 ea:
494 4169 624 4238 ipsis
657 4169 973 4225 Juda'orum
1011 4173 1302 4238 Scripturis
1326 4179 1584 4246 evincens,
1619 4182 1989 4250 praphetarum

398 4260 618 4314 oracula
647 4263 711 4315 de
755 4261 968 4316 Christo
1003 4265 1074 4318 ad
1113 4265 1296 4319 Iesum
1341 4272 1631 4336 pertinere;
1685 4289 1989 4344 quanquam

395 4361 605 4405 strenue
648 4353 882 4423 satisque
937 4353 1165 4409 Judaice
1213 4361 1568 4416 contradicat
1623 4363 1982 4419 adversarius.

2112 1895 2206 1964 jus
2270 1892 2514 1962 reliquiae
2574 1893 2753 1944 adhuc
2806 1890 2858 1942 in
2911 1888 3148 1957 Targum
3207 1885 3704 1955 Hierosolymitano

2116 1984 2278 2040 hodie
2327 1991 2640 2053 supersunt,
2705 1981 2979 2034 invenitur
3025 1997 3039 2034 :
3087 1969 3456 2046 lnSapientia
3506 1976 3700 2028 creavit

2115 2076 2278 2141 Deus,
2309 2087 2414 2130 etc.
2449 2074 2552 2128 Per
2580 2074 2774 2127 Filium
2810 2071 2990 2126 Patris
3025 2069 3234 2133 :eterni,
3261 2077 3315 2122 et
3349 2068 3402 2121 in
3437 2066 3574 2120 Filio
3603 2066 3698 2136 qui

2116 2167 2390 2237 Sapientia
2414 2165 2507 2221 Dei
2536 2166 2718 2220 Patris
2747 2174 2850 2230 est,
2888 2171 3068 2218 creata
3111 2169 3242 2216 sunt
3282 2159 3500 2223 omnia;
3555 2158 3700 2212 unde

2113 2261 2170 2314 in
2194 2261 2294 2315 hoc
2324 2259 2444 2314 loco
2485 2267 2540 2313 et
2577 2257 2875 2313 secundum
2913 2256 3062 2308 hunc
3099 2267 3343 2316 sensum,
3380 2252 3520 2306 idem
3555 2251 3700 2305 valet

2113 2347 2182 2402 In
2220 2348 2498 2419 Sapientia
2530 2363 2596 2402 ac
2649 2345 2717 2400 In
2758 2345 2924 2422 Filio.
2971 2365 2989 2396 ι
3036 2344 3309 2398 Hactenus
3341 2343 3450 2397 ille.
3509 2339 3698 2410 Neque

2109 2439 2333 2503 mirum,
2374 2439 2420 2492 si
2461 2438 2647 2492 Aristo
2674 2436 2903 2491 Pellaeus
2931 2437 3110 2490 locum
3146 2435 3314 2488 istum
3345 2449 3414 2486 ex
3454 2429 3692 2500 Targum

2110 2530 2598 2601 llicrosolymitano
2642 2529 3028 2598 desumpserit,
3065 2526 3296 2582 consilio
3334 2525 3695 2593 institutoque

2109 2639 2211 2677 suo
2235 2624 2378 2678 haud
2415 2639 2604 2692 parum
2643 2630 3071 2693 congruentem;
3114 2620 3208 2688 qui
3253 2619 3461 2673 scilicet
3496 2617 3691 2686 dispu-

2107 2716 2365 2770 tationem
2391 2731 2546 2769 suam
2578 2715 2650 2768 De
2682 2714 2894 2768 Christo
2925 2715 2980 2767 in
3007 2712 3198 2782 primis
3228 2711 3526 2780 inscripsit,
3566 2711 3691 2778 qui-

2105 2823 2210 2876 que
2240 2824 2346 2862 non
2373 2809 2546 2861 solum
2573 2807 2828 2861 Jasonem
2855 2806 3235 2860 Christianum
3263 2805 3372 2858 ἀπὸ
3401 2805 3510 2856 τῶν
3561 2803 3692 2856 ’1ου-

2103 2898 2305 2952 δαῖκῶν
2345 2899 2591 2972 γραφῶν,
2621 2914 2684 2952 ea:
2730 2898 2856 2967 ipsis
2886 2896 3200 2950 Judworum
3253 2895 3449 2948 litteris
3499 2895 3690 2964 dispu-

2105 2999 2344 3058 tantem,
2398 3006 2587 3044 verutn
2647 2991 2813 3044 etiam
2871 2989 3162 3058 Papiscum
3227 2986 3515 3041 Hebraeum
3588 2987 3691 3040 οὐκ

2104 3083 2342 3151 ἀγεννῶς
2371 3083 2475 3135 οὐδ’
2501 3080 2763 3154 ἀπρεπῶς
2796 3080 2873 3151 τῷ
2908 3079 3199 3151 Ἰουδαϊκῷ,
3231 3091 3441 3133 strenue
3459 3070 3691 3148 satisque

2105 3175 2333 3228 Judaice
2377 3176 2840 3230 contradicentcm
2879 3174 3116 3239 induxit,
3163 3184 3223 3228 ut
3265 3173 3428 3227 modo
3474 3188 3689 3226 assere-

2105 3268 2208 3334 bat
2241 3267 2524 3338 Origenes.
2581 3265 2736 3320 "and
2777 3266 3029 3335 equidem
3076 3265 3285 3335 ignoro,
3328 3265 3457 3319 huic
3495 3263 3688 3318 Barto-

2103 3358 2264 3412 loccii
2309 3357 2594 3411 sentcntize
2643 3358 2731 3409 illa
2779 3355 3013 3418 oliicere,
3058 3369 3179 3424 qua:
3216 3355 3284 3407 de
3333 3351 3492 3407 istius
3525 3367 3687 3421 para-

2101 3449 2341 3520 phrastse
2405 3447 2881 3518 llicrosolymitani
2933 3455 3092 3500 aetate
3139 3461 3170 3499 a
3221 3444 3500 3513 plerisque
3550 3443 3685 3498 viris

2098 3531 2293 3603 doctis,
2319 3539 2664 3608 potissimum
2695 3552 2822 3590 vero
2845 3547 2880 3590 a‘
2900 3536 3110 3590 Morino
3139 3534 3250 3604 (l2)
3281 3534 3681 3596 etlisseruntur,

2098 3631 2466 3686 statuentibus
2496 3630 2666 3683 "illum
2712 3629 2910 3684 saeculo
2964 3643 3017 3681 γι
3071 3626 3239 3680 fuisse
3287 3624 3678 3687 recentiorem;

2096 3731 2158 3776 ut
2185 3721 2410 3791 proinde
2428 3719 2747 3789 paraphrasi
2783 3716 3095 3788 ltujusmodi
3124 3716 3266 3770 haud
3297 3716 3376 3769 uti
3399 3715 3598 3770 saeculo
3636 3729 3675 3767 ιι

2097 3813 2333 3883 potuerit
2387 3812 2587 3864 Aristo.
2655 3809 2852 3862 Verum
2903 3808 3031 3862 huic
3093 3807 3388 3876 objectioni
3433 3805 3678 3859 occurrit

2098 3905 2385 3959 Waltonus
2445 3903 2580 3972 (15),
2655 3901 2924 3970 duplicem
2981 3898 3256 3953 exstitisse
3309 3894 3677 3965 Parapln-asiu

2095 3995 2642 4066 Hierosolymitanam
2702 3992 3106 4045 demonstrans.
3167 3992 3284 4053 Qua
3334 3987 3401 4041 de
3447 4001 3503 4040 re
3539 3999 3676 4038 tton-

2093 4087 2239 4140 nttlla
2263 4087 2488 4154 insuper
2513 4083 2748 4138 Wolﬁus
2769 4082 2904 4152 (14).
2941 4082 3207 4136 Cancrum
3233 4078 3480 4133 eamdem
3513 4076 3676 4143 hujus

2094 4177 2194 4232 loci
2228 4176 2502 4231 Ceneseos
2546 4173 3042 4243 interpretationem
3072 4173 3140 4225 ab
3175 4172 3428 4225 Aristone
3458 4169 3674 4222 adhibi-

2092 4265 2223 4331 tam,
2273 4267 2455 4322 hausit
2509 4266 2718 4332 itidem,
2770 4273 2829 4319 ut
2871 4265 3117 4328 videtur,
3179 4281 3244 4317 ex
3306 4261 3676 4328 vetustissimo

2091 4357 2561 4428 pseudepigrapho
2615 4356 3024 4410 Prazdicationis
3056 4353 3205 4407 Petri
3245 4352 3500 4407 Clemens
3548 4350 3675 4404 Ale-

394 4442 552 4509 Qnod
613 4453 796 4499 autem
853 4461 919 4500 ex
973 4445 1208 4516 Origene
1265 4448 1344 4516 ('7)
1413 4451 1624 4521 colligit
1683 4451 1973 4507 Tillcmon.
2019 4471 2060 4526 υ
2089 4449 2550 4518 xandrinusHS),
2585 4458 2643 4501 ut
2672 4449 2809 4502 alios
2844 4446 3034 4501 Patres
3069 4457 3494 4515 praetereamus;
3524 4445 3672 4513 quod

394 4535 505 4590 tius
543 4536 640 4606 (8),
687 4536 932 4606 ejusdem
973 4538 1138 4591 libelli
1174 4548 1454 4594 auctorem
1493 4542 1596 4597 hoc
1645 4543 1848 4597 dictum
1887 4560 1979 4597 ur--

391 4627 549 4700 sisse,
585 4629 654 4682 ad
688 4645 870 4684 mores
897 4629 1282 4685 inl'ormandos
1323 4648 1490 4700 quam
1534 4635 1772 4688 maxime
1806 4635 1934 4689 tttile
1962 4654 1974 4689 :

397 4717 581 4772 Omnis
611 4720 886 4787 sapientia:
921 4722 1114 4789 fontem
1149 4739 1260 4775 esse
1305 4740 1366 4775 ac
1398 4726 1750 4794 principium,
1799 4743 1975 4780 omnes

392 4812 626 4863 actiones
658 4826 718 4863 eo
752 4813 966 4879 referre,
1007 4823 1063 4865 ut
1097 4813 1206 4867 Deo
1242 4816 1506 4882 placeant,
1542 4834 1604 4870 ac
1642 4835 1703 4871 ne
1738 4820 1974 4888 cogitare

391 4899 600 4967 quidem
639 4902 929 4973 quidquam
977 4905 1115 4972 quod
1153 4904 1235 4958 illi
1277 4907 1587 4975 displiceat;
1631 4910 1818 4978 quippe
1855 4927 1973 4962 cum

394 5006 495 5043 non
525 4991 696 5044 solum
736 4993 884 5046 dicta
913 5003 962 5047 et
992 4995 1162 5065 facta,
1199 4999 1289 5050 sed
1319 4999 1481 5052 etiam
1516 5000 1860 5068 cogitationes
1878 5001 1973 5069 ju-

389 5080 632 5134 dicanda:
660 5083 766 5134 sint
799 5096 819 5134 :
849 5081 901 5135 id
935 5084 1155 5152 quidem
1194 5087 1376 5142 minus
1402 5095 1550 5142 recte
1572 5090 1860 5159 collegisse
1889 5092 1971 5143 vir

459 5193 537 5265 (6)
575 5193 796 5274 Origen.
823 5207 1008 5274 _contr.
1054 5199 1218 5274 Cels,
1274 5201 1368 5255 lib.
1428 5219 1501 5270 tv,
1545 5203 1571 5274 §
1611 5204 1703 5268 52,
1753 5215 1881 5259 tom.
1927 5207 1964 5273 l,

388 5279 514 5338 nov_.
553 5265 910 5338 edit.’l’aris.,
937 5285 1060 5338 pag.
1102 5271 1226 5324 5M.

455 5334 538 5416 (ΓΙ)
572 5335 649 5395 ld.
673 5338 830 5416 ibid.,
866 5338 892 5409 §
927 5334 1171 5416 55,"_pag.
1203 5340 1328 5406 545,
1369 5343 1576 5416 noviss.
1611 5343 1740 5416 edit.
1787 5343 1961 5416 Paris.

513 5402 703 5459 tamen
737 5402 1262 5484 absquettlli'usvms.
1291 5402 1416 5466 eod.
1451 5414 1793 5481 auctoritate,
1818 5415 1962 5484 ὡφε-

395 5474 552 5550 λείας,
575 5491 678 5550 pro
709 5474 918 5550 σοφίας,
950 5479 1170 5550 legitur.

573 5545 795 5622 :I‘_illem.‘
825 5545 1224 5622 hlertt.ecclds.,
1265 5559 1397 5605 tom.
1431 5551 1496 5612 ll,
1538 5568 1660 5622 pag.
1694 5555 1815 5607 158.

454 5615 532 5694 (ρ)
573 5616 806 5694 Murali;
839 5617 953 5694 Vit.
997 5619 1066 5694 S;
1120 5619 1396 5694 Cypriani,
1427 5615 1552 5690 ejus
1578 5615 1715 5694 Opp.
1749 5626 1953 5693 prae-"ix.

379 5683 672 5760 pag.
711 5687 832 5752 150,
870 5683 1207 5760 οιΙίιηΡθιήἐέζ
1242 5683 1394 5745 17:26.

449 5703 672 5808 “apag.
711 5703 832 5752 tau,
870 5703 1000 5768 etltt.
1035 5703 1204 5745 rarts.
1242 5703 1394 5745 “uti.
1541 5764 1544 5766 _

449 5757 567 5827 (10)
609 5756 630 5808 1
663 5773 832 5810 ιρι-οη.
872 5759 963 5812 lib.
997 5759 1201 5820 Oua'st.
1237 5761 1396 5815 Hebr.
1429 5764 1479 5815 in
1513 5762 1663 5827 (lem,
1695 5766 1797 5819 sub
1830 5766 1950 5820 init.

453 5826 566 5898 (11)
608 5827 913 5885 Bartolocc.
953 5828 1092 5885 Bibl.
1130 5829 1378 5900 Rabbin.,
1430 5843 1570 5905 part.
1616 5826 1698 5902 In,
1733 5851 1853 5908 pag.
1892 5838 1946 5904 2,

2085 4539 2306 4609 quidem
2344 4539 2552 4609 fugisse
2594 4539 2855 4593 Grabium
2897 4539 3011 4608 (16)
3051 4539 3241 4592 mirari
3284 4538 3452 4592 subit.
3486 4535 3673 4605 Neque

2082 4631 2577 4701 omninodissentit
2605 4635 2829 4699 ipsemet
2862 4629 3354 4700 llieronymus,qui
3385 4630 3418 4682 Ι.
3463 4645 3513 4684 c.
3556 4630 3672 4682 hate

2082 4723 2291 4777 habet:
2336 4741 2355 4773 ι
2407 4721 2577 4793 Magis
2621 4723 2805 4791 itaque
2858 4722 3160 4775 secundum
3211 4736 3454 4784 sensum,
3502 4735 3667 4788 quam

2078 4816 2378 4869 secundum
2430 4816 2577 4869 verbi
2622 4816 3060 4878 translationem,
3099 4815 3166 4868 de
3209 4813 3432 4866 Christo
3484 4813 3660 4881 accipi

2076 4918 2282 4978 potest;
2321 4909 2412 4976 qui
2440 4917 2547 4962 tam
2583 4909 2636 4961 in
2681 4909 2796 4976 ipsa
2839 4907 3016 4961 fronte
3042 4907 3318 4961 Geueseos
3347 4921 3468 4976 quze
3501 4916 3664 4975 caput

2075 5001 2319 5053 omnium
2338 5001 2601 5054 librorum
2633 5010 2738 5066 est,
2757 5017 2922 5070 quant
2945 5001 3109 5052 etiam
3135 4999 3188 5051 in
3211 4997 3480 5066 principio
3495 4995 3663 5050 Joan-

2075 5090 2162 5145 nis
2192 5090 2574 5163 Evangelistaz,
2595 5093 2719 5147 coeli
2737 5103 2791 5147 et
2809 5102 2964 5146 terra:
2989 5091 3242 5146 conditor
3268 5090 3618 5158 approbatur.
3635 5109 3656 5144 ι

2072 5220 2227 5261 num.
2263 5206 2388 5261 581.

2143 5278 2255 5343 (l2)
2297 5277 2500 5332 Morin.
2532 5278 2628 5332 lib.
2660 5294 2728 5346 ιι,
2767 5277 3006 5335 Exercit.
3037 5277 3188 5331 Bibl.
3247 5288 3367 5338 vin,
3426 5287 3547 5341 cap.
3603 5271 3658 5340 7,

2075 5360 2129 5414 p.
2166 5347 2293 5410 544,
2332 5364 2487 5417 seqq.

2140 5413 2533 5540 (irimque...
2585 5417 2884 5489 Prolegom.
2925 5435 3023 5482 xu,
3071 5419 3124 5470 in
3179 5414 3320 5469 Bibl.
3375 5413 3680 5483 polyglott.,

2243 5505 2272 5540 c
2360 5492 2410 5540 4.

2070 5486 2458 5626 ἓὲιίιλξικίῖῖἱιι
2495 5558 2633 5611 Bibl.
2674 5557 2860 5621 Ilebr.,
2892 5568 3025 5612 tom.
3062 5556 3126 5617 ιι,
3168 5571 3289 5623 pag.
3331 5553 3482 5626 tios.

2135 5624 2459 5707 315)‘Clem.
2489 5629 2641 5681 Alex.
2682 5630 2880 5682 Strom.
2917 5631 3009 5682 lib.
3053 5645 3126 5691 γι,
3173 5643 3296 5693 cap.
3330 5625 3381 5688 ἶ,
3428 5641 3480 5692 p.
3516 5624 3646 5687 769,

2062 5700 2193 5754 edit.
2229 5697 2387 5750 Oxon
3436 5717 3443 5722 -

2135 5768 2244 5840 (lli)
2272 5767 2436 5823 Gt‘ab.
2472 5768 2656 5838 Spicil.
2696 5769 2791 5824 SS.
2837 5767 2950 5822 PP.
2989 5779 3028 5821 t.
3065 5766 3102 5834 ι.
3137 5782 3292 5836 pagg.
3322 5765 3391 5818 (5‘2
3423 5765 3513 5818 (38.
