4130 6376
504 373 640 428 1287

496 583 775 655 provincia
801 583 928 634 sita.
977 578 1022 631 A
1062 576 1358 644 Serapione
1391 572 1465 641 (1)
1499 570 1838 623 Antiocheno
1866 569 2078 636 episco-

495 693 587 749 po,
617 675 708 744 qui
731 671 980 742 proxime
1001 669 1121 739 ejus
1146 675 1357 721 aetatem
1389 664 1498 716 vita
1524 676 1620 715 sua
1650 661 1920 726 attigerat,
1953 659 2081 711 bea-

496 767 692 822 tissimi
719 764 900 822 Patris
928 760 1152 814 nomine
1196 756 1456 810 honorari
1507 751 1730 808 meruit.
1759 750 2081 820 Subsequiis

495 855 755 908 Ecclesia:
802 851 1016 906 saeculis
1070 849 1364 918 cpiscopus
1414 845 1585 898 beatae
1636 841 1954 906 memorize,
2000 841 2081 892 vir

495 943 646 997 omni
676 943 1053 997 encomiorum
1099 952 1296 1008 genere
1331 935 1693 1004 dignissimus
1734 933 2038 987 habebatur
2061 973 2076 996 ,

497 1044 662 1104 atque
702 1033 862 1088 veluti
904 1042 1225 1088 cancrorum
1268 1029 1615 1098 praelatornm
1660 1025 1875 1096 insigne
1916 1040 2082 1078 orna-

498 1137 738 1183 mentum
783 1142 849 1180 ac
892 1124 1191 1192 exemplar,
1224 1132 1277 1176 et
1321 1121 1584 1174 adversus
1611 1117 2079 1187 Cataphrygarnm

499 1220 752 1275 haeresim
793 1217 1153 1271 fortissimum
1187 1228 1342 1282 arque
1394 1227 1459 1266 ac
1503 1210 1769 1264 invictum
1800 1208 1947 1262 velut
1979 1207 2083 1262 Ec-

497 1312 680 1368 clesiae
704 1311 1083 1365 fulcimentum
1119 1306 1196 1373 (οὶ)
1229 1303 1631 1360 celebrabatur.

569 1421 865 1476 Bollandus
915 1420 993 1489 (5)
1049 1416 1385 1487 Hierapolim
1436 1413 1584 1468 illius
1630 1411 1801 1466 fuisse
1847 1410 2079 1479 patriam

499 1522 706 1569 censet.
739 1511 927 1566 Judice
951 1510 1295 1564 Theodoreto
1325 1507 1402 1575 (4)
1427 1547 1442 1572 ,
1479 1525 1497 1556 ‹
1550 1513 1745 1574 praeter
1771 1503 2079 1557 divinarum

498 1619 684 1657 rerum
720 1599 1122 1670 cognitionem,
1155 1607 1380 1652 externa
1423 1610 1641 1664 quoque
1669 1592 1957 1661 disciplina
1989 1591 2080 1660 (id

496 1701 584 1748 est
623 1691 872 1762 profanis
921 1706 986 1744 ac
1029 1688 1448 1743 humanioribus
1509 1684 1796 1754 scientiis)
1841 1683 1944 1736 fuit
1986 1697 2081 1735 ex-

1603 359 1659 412 S.
1701 356 2051 413 CLAUDIUS
2083 353 2568 411 APOLLINARIS.

496 503 604 547 tem
658 486 964 557 Hierapolis
1012 483 1205 539 civitas
1255 482 1308 534 in
1367 477 1600 548 Phrygia
1662 478 1804 530 Asia:
1863 477 2081 534 Minoris
2115 488 2157 540 Α

3638 347 3774 401 12831

2734 467 3126 524 ARTICULUS
3167 466 3229 522 11.

2555 581 2766 636 Claudii
2811 581 3135 649 Apollinaris
3175 583 3395 650 seripta.

2253 695 2331 748 Ex
2361 695 2429 749 iis
2458 709 2611 759 vero,
2644 711 2766 770 qua;
2796 695 2990 748 litteris
3022 695 3245 748 tradidit
3284 695 3518 752 illustris
3545 697 3646 752 iste
3677 696 3776 750 Ee-

2181 785 2359 839 clesiae
2400 785 2668 853 scriptor,
2711 783 2980 852 ejusmodi
3024 794 3150 838 sunt
3201 786 3478 840 veteribus
3527 787 3769 842 laudata.

2186 879 2238 931 1.
2258 877 2444 931 Οναιίο
2468 893 2562 944 pro
2584 877 2707 944 ﬁdei
2735 877 3034 944 defensione
3065 878 3130 930 ad
3161 876 3402 931 Marcum
3434 879 3772 933 Antoninum

2187 969 2406 1033 Verum,
2436 983 2580 1020 anno
2608 968 2824 1021 circiter
2865 968 2985 1036 ejus
3031 967 3258 1037 imperio
3301 969 3390 1034 10,
3434 969 3638 1025 Christi
3673 987 3776 1025 an-

2180 1075 2289 1118 tem
2319 1077 2416 1132 pro
2445 1078 2552 1116 aera
2580 1063 2789 1132 vulgari
2821 1062 2944 1128 170,
2981 1061 3186 1126 oblata,
3218 1072 3281 1117 ut
3308 1063 3490 1133 arguit
3525 1063 3774 1120 Dodwel-

2181 1155 2268 1207 lus
2307 1152 2404 1223 (8).
2437 1153 2494 1206 2.
2541 1152 2803 1205 Adversus
2832 1161 3004 1220 gentes
3044 1152 3167 1204 libri
3199 1153 3460 1223 quinque.
3484 1155 3539 1209 5.
3581 1153 3662 1208 De
3688 1173 3776 1208 ve-

2181 1248 2343 1299 ritate
2374 1243 2498 1298 libri
2535 1243 2665 1298 duo.
2713 1243 2768 1297 4.
2816 1241 2933 1296 Duo
2962 1245 3090 1297 item
3128 1244 3377 1300 adversus
3425 1245 3667 1302 Judwos.
3714 1249 3770 1304 5.

2182 1337 2248 1392 Et
2280 1337 2393 1400 alii,
2447 1351 2590 1406 quos
2639 1336 2986 1406 postmodum
3029 1338 3273 1392 exaravit
3304 1339 3567 1394 adversus
3609 1340 3775 1394 Cata-

2181 1429 2440 1499 phrygas,
2476 1437 2607 1481 tunc
2647 1428 2882 1496 primum
2914 1436 3170 1494 exortos;
3209 1429 3277 1484 de
3326 1429 3528 1498 quibus
3558 1441 3774 1500 postre—

2181 1521 2286 1574 mis
2318 1519 2471 1572 libris
2497 1519 2688 1572 eodem
2719 1518 2960 1572 secundo
3011 1518 3226 1574 labente
3267 1521 3470 1576 saeculo
3503 1522 3771 1592 Serapion

2179 1611 2556 1666 Antiochenns
2603 1610 2894 1678 episcopus
2943 1610 3011 1664 ad
3066 1610 3322 1665 Caricnm
3372 1621 3429 1666 et
3476 1611 3768 1669 Ponticum

2181 1704 2448 1764 scribens,
2493 1701 2633 1770 apud
2668 1700 2962 1755 Eusebium
3012 1701 3129 1757 hzec
3166 1705 3358 1759 habet:
3401 1724 3419 1758 ι
3457 1705 3771 1762 Beatissimi

497 1785 698 1840 cultus.
739 1803 757 1835 ι
799 1782 935 1836 Vitae
967 1780 1087 1850 ejus
1120 1778 1480 1848 particulares
1509 1775 1958 1831 circumstantias
1986 1787 2077 1841 pe-

541 1876 573 1886 ο.
700 1875 711 1886 ο
1073 1868 1114 1886 ‘1
1169 1885 1172 1886 ,
1331 1884 1342 1886 _
1401 1883 1447 1886 __
1477 1868 1561 1886 "9-
1655 1866 1845 1886 ---ξι-η-
1889 1881 1908 1886 -
1949 1863 2078 1886 -.2--2-

2181 1794 2394 1848 Claudii
2421 1793 2772 1862 Apollinaris,
2793 1792 2888 1860 qui
2916 1791 3333 1862 Hierapolitame
3361 1796 3513 1851 urbis
3551 1797 3605 1851 in
3637 1798 3770 1853 Asia

499 1876 648 1929 nitus
699 1875 1039 1943 ignoramus.
1073 1868 1273 1923 Verum
1320 1868 1570 1921 eucomia
1595 1908 1609 1933 ,
1647 1866 1849 1936 quibus
1885 1881 1917 1919 a
1949 1865 2081 1917 viris
2115 1865 2153 1886 ν
2182 1886 2472 1954 episcopus
2518 1883 2641 1948 fuit,
2689 1886 2891 1954 scrip”
2939 1885 3054 1940 sive
3102 1887 3270 1941 libros
3300 1887 3368 1940 ad
3418 1904 3516 1943 vos
3556 1890 3703 1943 misi.
3747 1910 3766 1939 ,

497 1965 833 2021 doctissimis
873 1972 1039 2032 atque
1071 1959 1436 2015 sanctissimis
1467 1958 1971 2019 commendabatur,
1995 1954 2084 2022 jn-

497 2057 717 2113 dicandi
746 2057 901 2111 nobis
930 2055 1140 2124 copiam
1170 2052 1395 2114 faciunt,
1430 2051 1804 2120 Apollinarem
1833 2058 2082 2103 nostrum

497 2153 664 2206 vitam
718 2162 1009 2217 moresque
1054 2160 1185 2200 suos
1221 2143 1552 2198 adamussim
1585 2142 1736 2212 juxta
1771 2142 2088 2210 praecellen-

499 2253 606 2299 tem
634 2239 962 2311 episcopalis
981 2235 1265 2308 dignitatis
1291 2234 1518 2304 gradum
1553 2233 1882 2296 instituisse,
1919 2241 2085 2300 atque

497 2331 898 2394 conformasse,
935 2343 1112 2397 neque
1143 2341 1270 2381 eum
1300 2326 1485 2379 minus
1509 2324 1563 2378 in
1587 2325 1877 2387 charitate,
1918 2339 2082 2392 quam

497 2424 554 2478 in
583 2421 828 2478 scientiis
859 2419 1210 2474 excelluisse.
1263 2413 1474 2470 Floruit
1512 2424 1696 2470 autem
1723 2415 1877 2486 juxta
1909 2413 2082 2469 Euse-

497 2515 646 2570 bium
677 2514 780 2583 (5),
809 2511 1200 2581 Hieronymum
1228 2507 1304 2578 (6)
1331 2517 1493 2577 atque
1514 2506 1790 2572 Photinm,
1808 2507 1880 2560 Μ.
1906 2507 2080 2560 Aure-

497 2606 571 2660 lio
613 2605 890 2659 Antonino
950 2605 1276 2672 imperante.
1335 2600 1524 2670 Neque
1576 2600 1722 2654 hunc
1775 2598 2081 2668 supervixit

497 2696 824 2767 principem.
872 2695 1035 2750 Forte
1090 2695 1146 2749 in
1195 2693 1516 2764 episcopatu
1559 2686 1967 2762 HierapOlitano
2018 2689 2077 2746 S.

497 2789 730 2844 Abercio
763 2787 849 2842 vel
874 2786 1053 2857 Papiae
1081 2787 1344 2842 successit
1367 2786 1468 2856 (7).

571 2944 648 3012 (1)
675 2941 876 2997 Euseb.
914 2943 985 3012 11.
1024 2941 1088 2995 Ε.
1123 2957 1174 2996 c.
1210 2943 1298 3007 19,
1329 2942 1423 2995 lib.
1448 2958 1502 2994 v.

571 2945 620 3012 (1
675 2945 876 2997 Euseb.
914 2945 985 2996 11.
1024 2945 1088 2995 Ε.
1123 2957 1174 2996 c.
1210 2945 1298 3007 19,
1329 2945 1423 2995 lib.
1448 2958 1502 2994 v.

571 2945 648 3083 (2i
672 3013 872 3068 Euseb.
906 3011 977 3064 11.
1021 3012 1088 3064 Ε.
1123 3014 1158 3065 l.
1189 3028 1243 3083 v_,
1270 3029 1392 3080 cap.
1422 3013 1611 3083 i6,_et
1639 3009 1888 3083 adversus
1916 3008 2084 3063 Cata-

535 3079 820 3154 Irry'garum
851 3083 1154 3154 Iiwresima.
1181 3120 1196 3154 _.
1226 3079 1368 3136 Deus
1407 3081 1776 3154 Apollinarem
1814 3079 2076 3154 liii-rapo-

2183 1979 2388 2033 Verum
2437 1979 2553 2032 haec
2599 1978 2815 2047 aliaque
2865 1979 3254 2049 liierapolitani
3308 1980 3472 2050 hujus
3526 1984 3770 2054 episcopi

2183 2073 2347 2126 modo
2372 2081 2670 2126 memorata
2710 2070 2868 2124 hodie
2895 2071 3295 2134 desiderantur,
3321 2087 3625 2144 eorumque
3650 2086 3773 2130 tan-

2182 2175 2296 2220 tum
2327 2163 2714 2232 inscriptiones
2748 2163 2816 2218 ad
2853 2178 2954 2218 nos
2988 2173 3371 2231 pervenerunt.

2251 2255 2454 2310 Prmter
2486 2256 2746 2310 hactenus
2776 2261 3078 2309 memorata
3131 2268 3320 2323 opera,
3375 2271 3502 2325 quae
3548 2257 3771 2326 penitus

2182 2347 2596 2409 interciderunt,
2629 2346 2827 2398 librum
2855 2361 3074 2414 quoque
3097 2343 3172 2398 De
3194 2345 3457 2401 Pasclrate
3479 2348 3770 2418 scripsisse
3833 2344 3836 2346 ’

2180 2439 2515 2509 compcritur
2545 2438 2895 2506 Apollinaris,
2933 2436 3095 2504 cujus
3151 2435 3455 2507 fragmenta
3484 2441 3595 2494 duo
3622 2441 3768 2510 apud

2187 2540 2463 2586 auctorem
2498 2528 2737 2586 C/ironici
2766 2529 3048 2584 Paschalis
3091 2529 3254 2598 vulgo
3283 2526 3626 2584 Alexandrini
3674 2546 3772 2585 sn-

2186 2632 2430 2696 persunt.
2462 2621 2536 2675 De
2562 2621 2757 2674 horum
2780 2630 2958 2674 autem
2985 2616 3416 2688 fragmentorum
3439 2621 3771 2672 auctoritate

2186 2714 2437 2770 nonnulli
2466 2711 2798 2766 recentiores
2830 2711 3110 2765 dubitasse
3146 2719 3484 2776 noscuntur;
3517 2724 3656 2778 quos
3691 2711 3770 2763 in-

2190 2814 2270 2860 ter
2309 2805 2514 2861 eminet
2541 2802 2924 2858 Tillemontius
2946 2802 3023 2873 (9)
3046 2842 3059 2864 ,
3107 2815 3173 2856 eo
3204 2801 3464 2856 nimirum
3510 2802 3766 2868 nomine,

2189 2954 2351 2998 rant:
2391 2943 2517 2997 hinc
2561 2942 2778 3011 quidem
2835 2941 3123 2994 fulminum
3165 2941 3371 3010 jactus,
3423 2943 3623 3012 quibus
3663 2944 3768 2998 ho-

2190 3017 2356 3068 srium
2387 3015 2557 3082 copia:
2593 3014 2646 3065 in
2686 3012 2864 3080 fugam
2899 3029 3067 3065 versae
3091 3022 3253 3081 atque
3284 3015 3569 3068 exstincta:
3601 3025 3767 3075 sunt;

2183 3085 2336 3138 illinc
2373 3099 2507 3136 vero
2541 3082 2809 3151 imbrium
2830 3082 2962 3145 vim,
3005 3083 3207 3151 quibus
3233 3085 3506 3138 exercitus
3537 3099 3769 3148 eorum,

522 3149 727 3210 itaiinm
753 3165 1012 3224 tanquam
1049 3152 1288 3207 validum
1320 3149 1484 3221 atque
1508 3151 1768 3204 invictum
1792 3151 2074 3204 telumex-
2101 3154 2146 3216 C
2177 3156 2269 3224 qui
2326 3153 2495 3207 Dctltll
2541 3152 2744 3221 precati
2789 3149 3040 3215 fuerant,
3082 3152 3310 3224 jamjam
3350 3153 3437 3206 siti
3468 3154 3770 3222 periturus,

495 3226 710 3281 citavit.

599 3294 653 3349 5)
683 3294 763 3348 Ad
787 3293 932 3347 diem
963 3293 993 3346 7
1023 3292 1328 3347 Februarii.

599 3296 633 3349 5
683 3296 763 3348 Ad
787 3296 932 3347 diem
963 3296 993 3346 7
1023 3296 1328 3347 Februarii.

567 3296 929 3488 ttiggfretic.
965 3363 1136 3432 fabul.
1165 3363 1258 3417 lib.
1298 3379 1382 3427 Ill,
1422 3375 1545 3432 cap.
1576 3359 1612 3414 2
1650 3359 1786 3431 Opp.
1817 3371 1948 3416 tom.
1988 3358 2079 3424 IV,

539 3452 624 3490 32.
649 3452 776 3488 221.

500 3452 624 3508 pag.
649 3452 776 3488 κει.

570 3506 646 3578 (5)
678 3504 878 3578 Euseb.
917 3501 984 3578 .
1015 3501 1076 3556 E.
1099 3502 1145 3578 _l.
1174 3519 1254 3578 r_v_,_
1278 3517 1398 3570 cap.
1427 3500 1497 3554 26
1525 3509 1578 3555 et

593 3571 648 3644 6)
682 3576 738 3628 In
777 3573 1033 3644 Catalogo
1060 3574 1159 3626 vir.
1193 3571 1392 3644 illustr.
1414 3613 1428 3636 ,
1460 3587 1580 3644 cap.

597 3639 649 3711 7)
684 3639 1036 3711 '[illemontil
1058 3653 1208 3711 torno
1266 3641 1306 3696 ll
1348 3646 1438 3694 des
1477 3639 1777 3703 Mémoires,
1807 3655 1928 3711 pag.
1952 3639 2080 3695 9.07.

573 3705 648 3787 (8)
694 3705 973 3787 Dissertat.
1002 3709 1257 3787 Cypr_ian.
1289 3712 1420 3787 ‘2_,_§
1449 3713 1538 3775 '59,
1570 3727 1706 3787 pag;
1737 3705 1843 3764 262i
1859 3705 2083 3787 etins-

502 3780 694 3842 sertat.
738 3785 772 3837 4
818 3789 956 3838 lren.
979 3825 1010 3853 ,ξ
1043 3784 1098 3853 §§
1127 3783 1196 3836 54
1227 3790 1282 3836 et
1308 3780 1414 3844 59,
1449 3781 1712 3853 pag._;’)59
1753 3791 1816 3853 et
1859 3780 1984 3853 572.

504 3855 867 3925 Hieronymus
897 3855 952 3907 in
979 3851 1239 3925 Catulogo
1289 3853 1520 3925 virorum
1561 3851 1853 3925 illustriuyn
1889 3851 2082 3925 Apolo-

502 3928 646 3997 giam
685 3920 827 3997 lianc
873 3920 1327 3997 vocat__volnmen
1377 3922 1622 3997 insigne,
1665 3921 1938 3997 quor_|__p_ro
1979 3920 2084 3973 lide

501 3989 938 4049 Christianorum
964 3994 1109 4046 dedit
1134 3989 1636 4060 Apollinaris,cap.
1663 3989 1752 4042 ‘26.
1781 3989 2082 4060 Tillemon-

500 4066 603 4132 tio,
632 4063 909 4118 Memoires
947 4063 1010 4115 de
1037 4058 1220 4132 i‘llist.
1243 4103 1257 4125 ,
1295 4071 1333 4114 t.
1378 4058 1744 4132 ll.pag._‘207,
1782 4069 1950 4132 atque
1975 4058 2081 4132 lie-

501 4129 669 4204 migio
701 4133 994 4195 Ceillierio,
1015 4131 1154 4185 Hist.
1185 4131 1566 4217 généi-.t:ll,p.
1589 4129 2081 4217 SISLhaeC‘qul‘ogia

501 4199 740 4274 prfmnm
790 4219 936 4274 anno
957 4218 1083 4274 ast-ie
1121 4199 1363 4270 vuigaris
1395 4199 1446 4254 J.
1487 4199 1599 4274 Ch.
1624 4201 1728 4274 175
1750 4201 1834 4274 vel
1857 4200 1977 4274 _l76
2014 4200 2084 4253 ab

502 4271 801 4343 Apollinari
836 4273 1243 4343 Hierapolitano
1271 4281 1521 4343 exarata
1553 4272 1791 4343 videtur
1817 4271 1967 4343 hisee
2015 4285 2079 4323 ex

506 4340 907 4414 fundamentis:
947 4340 1398 4414 primoqnidem,
1422 4341 1568 4414 quia
1596 4340 1880 4414 Eusebius
1897 4341 2081 4414 Caesa-

504 4413 702 4468 riensis
726 4451 743 4477 ,
793 4410 1258 4467 facta—mentione
1297 4410 1621 4479 Apologetici
1668 4410 1730 4464 D.
1765 4411 2037 4463 Melitonis
2063 4450 2079 4474 ,

2185 3223 2383 3294 prmter
2429 3238 2585 3294 (spem
2641 3230 2918 3294 recreatus
2965 3237 3068 3276 ρει.
3123 3223 3300 3294 Atque
3325 3237 3396 3294 ea
3439 3239 3529 3294 res
3562 3233 3676 3277 tum
3735 3243 3766 3278 a

2185 3291 2546 3364 scriptoribus
2575 3307 2606 3345 a
2641 3291 2749 3345 fide
2791 3299 2978 3344 nostra
3026 3293 3243 3361 penitus
3288 3291 3515 3364 alienis,
3565 3295 3771 3364 quibus

2183 3363 2333 3420 cura:
2356 3365 2458 3417 fuit
2484 3379 2570 3416 res
2603 3377 2670 3416 eo
2701 3371 2944 3430 tempore
2965 3371 3145 3430 gestas
3176 3363 3452 3416 memoriae
3481 3363 3766 3427 mandare.

2185 3445 2296 3515 tum
2331 3450 2359 3487 a
2403 3433 2609 3515 nostris
2639 3431 3174 3515 etiam‘hominibus.
3196 3430 3450 3512 refertur.
3499 3432 3771 3515 Sed_gen-

2185 3507 2361 3559 tilium
2394 3504 2689 3572 scriptores
2714 3541 2730 3564 ,
2777 3510 2964 3570 utpote
3011 3517 3042 3554 a
3078 3501 3342 3571 religione
3381 3513 3569 3558 nostra
3599 3501 3768 3558 dissi-

2183 3577 2372 3629 dentes
2397 3612 2414 3637 ,
2463 3577 2567 3627 hoc
2605 3573 2823 3641 quidem
2864 3572 3188 3625 miraculum
3227 3585 3768 3637 commemorarnut;

2184 3661 2292 3697 non
2325 3656 2505 3698 tamen
2543 3643 2594 3695 id
2629 3652 2938 3697 nostrorum
2971 3642 3225 3709 precibus
3248 3641 3450 3696 factum
3477 3659 3598 3698 esse
3628 3659 3766 3697 con-

2184 3714 2312 3768 fessi
2352 3721 2500 3768 snnt.
2531 3711 2711 3766 Nostri
2735 3727 2864 3764 vero
2885 3720 3072 3781 utpote
3093 3713 3338 3766 veritatis
3365 3713 3607 3767 cultores
3633 3714 3769 3768 εἰιιιο

2183 3785 2410 3855 pliciter_
2425 3793 2589 3855 atque
2635 3782 3043 3855 ingenue__rem
3072 3781 3243 3855 ipsam
3280 3781 3489 3855 litteris
3531 3785 3768 3855 tradidi--

2184 3851 2335 3908 runt.
2372 3852 2450 3906 Ex
2502 3851 2591 3906 his
2630 3851 2717 3906 est
2747 3851 3101 3922 Apollinaris,
3150 3852 3242 3920 qni
3279 3852 3546 3921 legionem
3587 3854 3763 3920 illam,

2183 3925 2343 3991 cujus
2379 3923 2631 3992 precibus
2668 3923 2717 3976 id
2747 3922 3076 3992 miraculum
3106 3930 3476 3992 perpetratum
3516 3932 3620 3987 est,
3663 3940 3728 3976 ex
3751 3955 3771 3966 ο

2185 3995 2311 4048 inde
2341 3991 2586 4063 coiigrno
2625 3994 2701 4046 rei
2734 3991 3000 4045 vocabulo
3039 3991 3486 4063 Fulmineam_ab
3527 3994 3767 4062 impera-

2186 4074 2303 4118 tore
2332 4060 2771 4132 cognominatam
2804 4077 2926 4132 esse
2954 4061 3166 4132 scribit.
3207 4080 3224 4111 ι
3265 4060 3341 4116 Ita
3373 4060 3664 4119 Eusebius.
3701 4063 3762 4118 In

2181 4149 2345 4204 quem
2392 4129 2570 4204 locum
2600 4147 2652 4204 γ.
2697 4133 2767 4186 cl.
2804 4129 3354 4204 Valesinsobservat,
3392 4132 3504 4201 jam
3553 4134 3761 4204 dudum

2183 4200 2466 4272 monuisse
2507 4201 2842 4272 Scaligerum
2880 4201 2934 4272 in
2977 4200 3547 4272 animadversionibus
3590 4203 3764 4257 Euse-

2184 4273 2364 4327 bianis
2389 4315 2403 4336 ,
2429 4270 2721 4342 Legionem
2765 4270 3184 4342 fulminatricem
3227 4272 3296 4324 ab
3338 4273 3445 4327 hoc
3491 4273 3763 4328 miraculo

2183 4339 2624 4412 cognominatam
2674 4339 2992 4412 nonfuisse
3022 4381 3058 4412 ,_
3097 4341 3298 4412 quippe
3341 4359 3462 4411 qua:
3498 4343 3589 4398 diu
3631 4352 3762 4398 ante

2185 4410 2450 4482 tempora.
2478 4410 2550 4466 M.
2600 4410 2834 4482 Aurelii
2861 4410 3123 4482 Antonini
3157 4413 3267 4482 ita,
3313 4410 3504 4468 vecata
3571 4412 3756 4468 fuerit.

501 4483 689 4561 statim
721 4483 898 4561 capite
929 4481 998 4561 :27
1039 4482 1404 4561 subsequente
1446 4482 1749 4561 orationem
1781 4481 2077 4561 apologe‘ti-
2110 4507 2152 4561 ι)
2188 4480 2353 4561 Docet
2385 4482 2436 4536 id
2467 4482 2753 4535 manifeste
2781 4480 2879 4534 Dio
2900 4481 3129 4561 Cassius
3154 4481 3206 4534 in
3239 4481 3378 4536 libro
3409 4499 3507 4561 μ’,
3546 4484 3652 4561 ubi
3679 4484 3760 4539 le-

499 4568 624 4608 cam
653 4549 984 4622 Apollinaris
1012 4551 1251 4622 subjicit.
1279 4549 1400 4622 Jam
1425 4566 1553 4605 vero
1580 4550 1851 4622 Melitonis
1871 4549 2076 4622 Apolo-

503 4624 672 4747 giam,
704 4620 767 4676 ut
801 4637 965 4692 supra
997 4621 1254 4703 vidimus,
1294 4621 1359 4674 ad
1391 4637 1592 4676 annum
1623 4620 1675 4702 J.
1704 4621 1806 4674 Ch.
1835 4620 1936 4673 175
1986 4637 2076 4673 re-

527 4701 704 4747 ernnt.
753 4691 1002 4746 Secundo
1065 4701 1220 4746 aiunt
1267 4706 1385 4744 cam
1452 4691 1765 4747 Anolomam
1814 4700 2073 4747 scriptam

527 4696 704 4748 ’ernnt.
753 4691 1002 4746 Secundo
1065 4693 1220 4762 aiunt
1267 4706 1406 4762 cam
1452 4691 2073 4762 Apologiam__scraptam

504 4763 674 4832 fuisse
695 4771 820 4832 post
840 4761 1124 4817 victoriam
1159 4761 1307 4832 illam
1339 4759 1725 4816 riiiraciilosarii
1761 4759 2072 4832 M.AAnrelii

502 4834 573 4888 de
609 4830 1010 4888 Marcomannis
1054 4843 1110 4887 et
1139 4831 1359 4887 .Guadis
1397 4842 1723 4901 reportatum
1745 4871 1760 4894 ,
1806 4830 2072 4899 siquidem

506 4903 567 4958 3.
608 4903 940 4972 Apollinaris
991 4902 1154 4972 hujus
1202 4901 1442 4972 victoriae
1467 4903 1531 4972 in
1583 4917 1685 4955 suo
1738 4901 2074 4972 Apologetico

506 4970 835 5028 mentionem
862 4972 1009 5037 facit,
1040 4970 1205 5041 atque
1227 4971 1332 5025 hoc
1363 4987 1426 5026 ex
1456 4971 1606 5025 fonte
1640 4971 1907 5025 Ensrbius
1938 4970 2074 5041 hau-

503 5045 596 5108 sit,
632 5043 872 5112 quidque
904 5043 970 5096 de
1000 5039 1212 5112 legione
1236 5041 1495 5107 Melitina,
1523 5041 1804 5112 fulminea,
1843 5056 1937 5112 seu
1969 5039 2072 5112 fuit

505 5109 799 5182 mina—trice'
823 5109 1247 5182 posthac—dicta,
1275 5113 1512 5182 disserit.
1547 5110 1625 5164 En
1652 5113 1826 5180 ipsius
1851 5109 2072 5182 Eusebii

503 5185 691 5250 verba,
728 5181 799 5235 Η.
824 5180 903 5233 Ἐ.
933 5182 968 5238 Ι.
1007 5198 1058 5246 v,
1089 5197 1211 5250 cap.
1243 5182 1277 5235 5
1303 5197 1318 5233 :
1361 5181 1526 5236 «Cum
1558 5182 1819 5236 adversus
1845 5180 2074 5234 Germa-

505 5269 603 5308 nos
635 5263 688 5307 et
729 5253 1011 5307 Sarmatas
1050 5261 1390 5320 pugnaturus
1420 5253 1592 5306 aciem
1639 5252 1969 5312 instrueret,
2018 5258 2072 5303 et

501 5323 772 5379 exercitus
800 5323 972 5391 ipsius
1002 5322 1091 5375 siti
1139 5330 1506 5390 premeretur,
1547 5336 1704 5391 pene
1733 5321 1799 5373 ad
1832 5321 2070 5391 inopiam

503 5393 718 5449 consilii
762 5389 1041 5446 redactum
1091 5389 1232 5456 esse,
1283 5389 1611 5446 memorant.
1644 5389 1780 5442 Tum
1814 5406 1940 5442 vero
1971 5389 2072 5441 mi-

505 5464 624 5517 lites
649 5463 879 5533 legionis
903 5461 1176 5527 Melitinae,
1201 5477 1324 5531 qua:
1353 5463 1474 5516 lidei
1502 5463 1697 5533 merito
1725 5462 1887 5514 etiam
1924 5473 2072 5533 iiunc

506 5529 863 5595 manetfdum
896 5533 1042 5586 acies
1073 5529 1336 5587 adversus
1367 5533 1552 5586 hostes
1583 5531 1889 5593 ordinatur,
1917 5529 2070 5582 ﬂexis

506 5603 560 5654 in
604 5603 1083 5671 terramgenibus,
1125 5611 1184 5654 ut
1233 5603 1436 5656 nostris
1468 5602 1752 5655 orantibus
1799 5615 1917 5655 mos
1963 5609 2067 5664 est,

505 5687 691 5740 preces
714 5673 780 5725 ad
813 5669 984 5726 Deum
1025 5670 1228 5726 fudisse
1251 5672 1622 5741 perhibentur.
1658 5671 1828 5741 Cujus
1855 5680 2065 5738 specta-

507 5739 612 5794 Culi
659 5741 900 5795 novitate
948 5741 1196 5795 hostibus
1242 5739 1558 5810 stupefactis
1585 5782 1599 5805 ,
1632 5739 1774 5796 aliud
1807 5741 2065 5809 quiddam

506 5815 664 5884 longe
713 5811 904 5882 majori
946 5811 1168 5878 dignum
1220 5813 1578 5867 admiratione
1625 5812 1890 5867 accidisse
1943 5825 2066 5864 nar-

2178 4553 2369 4677 gisones
2409 4567 2601 4606 omnes
2631 4557 2939 4606 enumerat.
2966 4549 3133 4605 Vetus
3164 4567 3383 4621 quoque
3408 4554 3692 4622 inscriptio
3709 4570 3758 4608 la

2198 4623 2211 4636 ‘
2253 4623 2456 4677 aligero
2510 4623 2724 4677 prolata
2777 4622 3013 4677 idiusum
3047 4623 3352 4676 contirmat.
3385 4623 3756 4677 Ouamobrem

2198 4623 2456 4692 Scaligero
2510 4623 2724 4690 prolata
2777 4622 3013 4692 idipsum
3047 4623 3352 4676 contirmat.
3385 4623 3756 4688 Quamobrem

2175 4693 2243 4746 de
2271 4691 2392 4762 iptio
2424 4693 2643 4760 quidem
2675 4691 3165 4762 miraculopluvim
3190 4692 3572 4762 aiChristianis
3611 4695 3756 4746 mili-

2175 4761 2319 4816 tibus
2346 4763 2668 4831 impetratae,
2699 4771 2754 4815 et
2784 4761 3081 4828 Apollinari
3117 4769 3171 4815 et
3207 4761 3542 4816 Tertulliano
3568 4776 3620 4817 et
3647 4763 3754 4816 En-

2174 4833 2328 4902 sebio
2379 4832 2742 4902 testantibus,
2777 4831 2936 4902 facile
2976 4832 3282 4894 credimus,
3305 4831 3593 4902 Legionem
3626 4849 3759 4887 vero

2174 4901 2473 4955 Melitinam
2507 4902 2577 4953 ob
2627 4901 2680 4954 id
2727 4901 3146 4956 fulminatricem
3192 4901 3401 4955 dictam
3443 4918 3565 4957 esse
3603 4919 3636 4956 a
3679 4903 3750 4957 M.

2173 4973 2452 5042 Antonino
2485 4972 2811 5042 imperatore
2842 4971 3083 5028 nondum
3119 4971 3266 5042 mihi,
3288 4975 3562 5040 persuasit
3586 4974 3754 5042 Apol-

2177 5041 2398 5113 linaris,
2455 5041 2844 5113 naintjudice
2891 5053 3109 5113 summo
3141 5041 3343 5113 critico
3389 5043 3548 5096 Patre
3584 5041 3757 5113 Pagio

2174 5112 2241 5164 ad
2269 5127 2472 5164 annum
2505 5109 2554 5164 ει.
2597 5109 2698 5165 Ch.
2733 5111 2858 5176 174,
2888 5126 2996 5163 ιιοιι
3023 5111 3360 5176 dubitamus,
3407 5115 3539 5179 quin
3581 5109 3752 5166 multa

2173 5179 2312 5234 falsa
2345 5183 2489 5235 veris
2535 5180 2769 5236 admista
2811 5181 3032 5235 fuerint.
3070 5180 3306 5234 Consule
3351 5182 3516 5235 etiam
3566 5181 3749 5237 Witsii

2172 5251 2440 5305 diatriben
2455 5246 2774 5307 de’Lcaione
2797 5250 3159 5305 fulminatrice
3180 5250 3620 5306 Christianorum
3648 5255 3756 5307 sub

2173 5321 2500 5388 imperatore
2516 5323 2588 5373 Μ.
2613 5319 2836 5375 Aurelio
2877 5319 3175 5383 Antonino,
3199 5320 3589 5376 Amstelodami
3615 5324 3757 5377 1685

2173 5392 2519 5459 impressam.
2568 5391 2810 5460 Denique
2853 5391 3081 5446 observa
3123 5407 3249 5445 cum
3294 5389 3644 5447 Tillemontio
3686 5395 3754 5447 ad

2173 5460 2488 5531 Apologiam
2543 5462 2915 5530 Apollinaris:
2981 5477 3046 5514 ex
3100 5477 3206 5522 eo,
3257 5463 3402 5530 quod
3454 5464 3754 5531 antiquitas

2172 5530 2330 5602 nobis
2373 5531 2616 5602 nihilde
2661 5533 2764 5585 hac
2790 5532 3037 5585 oratione
3077 5531 3421 5601 apologetica
3451 5530 3752 5602 reliquerit,

2166 5599 2412 5672 judicatu
2437 5601 2651 5672 dillicile
2683 5611 2788 5667 est,
2825 5617 3076 5670 quamam
3112 5599 3164 5655 in
3203 5599 3385 5671 specie
3413 5599 3627 5672 objecta
3659 5604 3752 5658 illa

2171 5670 2426 5740 attigerit.
2461 5671 2858 5738 'Iillemontius,
2884 5673 2986 5724 loc.
3023 5672 3114 5724 cit.

2244 5739 2320 5810 (9)
2353 5739 2526 5812 Lettre
2551 5759 2619 5795 an
2659 5743 2719 5795 R.
2749 5741 2814 5796 P.
2857 5741 3044 5810 Lamy,
3081 5742 3110 5812 ς
3137 5741 3226 5808 7‘2,
3258 5743 3290 5797 ᾖ
3318 5743 3370 5798 ia
3403 5743 3474 5799 (in
3513 5743 3583 5798 du
3616 5752 3750 5798 tum.

2169 5809 2211 5864 ll
2242 5809 2339 5868 dcis
2366 5809 2521 5865 Μέθη.
2548 5813 2676 5866 ecrl.
