4130 6438
352 372 491 427 1239

1836 370 2139 431 ΝΟΤΙἸῚΑ.

3487 377 3625 432 1299

348 490 496 558 quod
524 488 734 545 Claudii
766 490 1097 561 Apollinaris
1128 510 1290 563 opera
1322 508 1614 549 recensens
1640 493 1927 559 Eusebius,
1960 497 2006 553 Α
2035 503 2224 548 nentes
2269 492 2479 547 Pascha
2534 490 2825 548 Judaicnm
2877 510 2904 548 a
2959 492 3089 549 Jesu
3136 493 3357 549 Christo
3403 494 3613 551 factum
3646 516 3651 522 ’

350 584 483 637 illud
512 582 587 636 De
620 582 884 636 Paschate
912 586 1108 639 tacitus
1146 587 1485 655 praeterierit,
1520 602 1693 655 neque
1718 588 1929 657 uspiam

350 676 495 742 apud
554 676 885 744 scriptorum
939 678 1437 732 ecclesiasticorum
1498 679 1932 734 nomenclatores

350 768 471 835 ejus
520 769 725 823 mentio
774 779 1042 824 recurrat.
1086 768 1248 824 Esto:
1281 771 1346 824 de
1390 770 1482 824 illo
1510 771 1729 840 quidem
1771 788 1934 841 opere

352 852 477 908 silet
519 854 810 923 Eusebius,
841 872 1015 929 eoque
1044 859 1237 914 silente
1267 859 1401 913 nihil
1450 877 1582 915 sane
1626 862 1847 929 mirum,
1886 862 1932 918 si

355 944 719 1017 Hieronymus
745 964 982 1019 quoque,
1016 948 1353 1017 Gennadius,
1392 950 1686 1018 Honorius,
1731 953 1933 1025 aliique

354 1037 418 1093 de
449 1038 571 1108 ipso
605 1040 889 1106 reticeam,
931 1041 1025 1111 qui
1056 1041 1122 1096 ad
1156 1043 1511 1119 vetustiorum
1566 1046 1754 1098 saltem
1790 1054 1931 1100 tem-

354 1148 549 1202 porum
586 1132 886 1203 scriptores
935 1136 1080 1204 quod
1116 1134 1367 1201 “attinet,
1420 1152 1590 1189 unum
1637 1135 1931 1191 Eusebium

357 1224 507 1294 sequi
536 1236 955 1279 consueverunt.
995 1225 1191 1280 Verum
1231 1228 1361 1295 quid
1389 1237 1501 1280 tum
1540 1228 1764 1296 postea?
1790 1227 1932 1282 Num

353 1314 476 1368 ideo
504 1314 796 1384 episcopus
820 1315 921 1369 ille
948 1312 1387 1383 llicrapolitanus
1413 1332 1550 1386 opus
1581 1317 1652 1370 De
1674 1317 1932 1371 Paschate

353 1406 499 1459 haud
529 1408 817 1475 scripsisse
839 1408 1139 1463 dicendds?
1176 1409 1398 1462 minime
1423 1409 1694 1466 omnium.
1735 1410 1933 1480 Accipe

353 1496 543 1551 isthaec
566 1496 784 1552 Eu’sebii
817 1501 983 1554 verba
1012 1500 1162 1569 (10):
1206 1519 1225 1550 ‹
1261 1500 1591 1569 Apollinaris
1617 1502 1741 1556 licet
1767 1517 1932 1571 penes

351 1587 557 1641 multos
590 1590 760 1643 multa
790 1599 1005 1645 exstent
1028 1606 1212 1660 opera,
1248 1591 1362 1645 htec
1390 1602 1569 1645 tamen
1593 1592 1707 1644 sola
1734 1592 1800 1645 ad
1832 1607 1932 1646 nos

347 1690 734 1747 pervenerunt.
774 1701 791 1731 ι
830 1682 1043 1736 Audin?
1077 1701 1095 1733 ι
1135 1683 1303 1735 multa
1345 1702 1362 1732 ι
1409 1683 1623 1750 scripsit
1661 1683 1933 1751 Apollina-

346 1772 449 1836 ris,
471 1788 536 1827 ex
572 1774 771 1843 quibus
797 1775 1037 1845 quinque
1065 1793 1083 1825 ‹
1114 1775 1228 1831 sola
1262 1794 1279 1825 ι
1316 1776 1468 1828 novit
1491 1774 1775 1841 Eusebius,
1810 1792 1932 1844 quae

2034 594 2223 652 quarta
2275 584 2483 640 decima
2527 586 2655 651 die,
2707 601 2830 655 quae
2867 598 3179 640 occurreret
3228 588 3285 640 in
3326 588 3619 658 pervigilio

2033 676 2226 729 mortis
2274 676 2431 744 ejus,
2485 676 2887 730 contendebant
2933 692 3264 746 quacunque
3314 675 3449 732 feria
3480 720 3495 743 ,
3556 680 3615 732 iu

2034 784 2198 835 quam
2230 768 2492 822 incideret
2533 767 2721 822 eadem
2762 769 2974 822 decima
3006 777 3203 838 quarta
3229 769 3368 835 dies,
3398 768 3617 825 Domini

2034 858 2282 927 exemplo
2324 857 2533 913 Pascha
2578 858 3019 914 Christianorum
3072 861 3254 929 potius
3296 875 3419 917 esse
3469 863 3617 917 cele~

2032 953 2322 1017 braudum,
2354 966 2516 1021 quam
2548 951 2601 1005 in
2629 951 2714 1007 die
2738 951 3042 1006 Dominica.
3088 951 3288 1008 Verum
3320 954 3491 1009 sancti
3517 955 3619 1010 do-

2031 1056 2210 1100 ctores
2238 1046 2398 1115 (quos
2436 1046 2575 1099 inter
2605 1044 2665 1099 S.
2694 1044 3026 1115 Apollinaris
3067 1048 3277 1115 noster)
3316 1047 3617 1114 arguebant

2032 1156 2147 1205 eos,
2177 1142 2275 1194 niti
2308 1139 2447 1195 falso
2477 1141 2756 1210 supposito
2788 1155 2881 1195 seu
2924 1140 3309 1208 fundamento;
3351 1141 3615 1211 quoniam

2032 1227 2193 1283 Jcsus
2217 1244 2281 1283 eo
2304 1244 2469 1294 anno,
2501 1245 2613 1298 quo
2642 1244 2836 1298 passus
2856 1237 2960 1294 est,
2986 1244 3095 1283 non
3126 1228 3346 1284 fecisset
3376 1228 3611 1292 Pascha,

2036 1320 2128 1372 sed
2165 1318 2375 1373 fuisset.
2419 1338 2436 1371 ι
2472 1318 2598 1373 Haec
2640 1320 2725 1373 vir
2750 1319 2963 1373 doctus.
2999 1317 3056 1371 In
3087 1319 3273 1373 eadem
3303 1334 3467 1388 porro
3495 1332 3613 1374 sen-

2035 1409 2366 1479 tentiacum
2408 1418 2598 1464 nostro
2620 1410 2876 1478 episcopo
2923 1408 3333 1479 Hierapolitano
3368 1412 3613 1481 plerique

2034 1498 2222 1554 Patres
2261 1501 2515 1570 deinceps
2552 1500 2801 1565 fuerunt,
2852 1501 3106 1556 Clemens
3160 1502 3563 1559 Alexandrinus
3592 1544 3609 1569 ,

2035 1588 2353 1662 Hippolytus
2390 1591 2710 1647 Portuensis
2735 1635 2749 1657 ,
2799 1592 2991 1648 Petrus
3023 1593 3445 1659 Alexandrinus,
3486 1595 3610 1649 alii-

2034 1696 2161 1750 que,
2193 1697 2331 1751 quos
2370 1684 2511 1752 apud
2540 1684 2789 1738 eumdem
2822 1683 3086 1754 Lamyum
3118 1684 3231 1753 (17)
3258 1684 3432 1739 vides.

2106 1770 2489 1828 Tillemontius
2522 1774 2740 1843 quidem
2778 1788 2994 1827 omnem
3033 1774 3266 1843 lapidem
3297 1782 3475 1829 movet
3496 1774 3610 1845 (18)

348 1866 461 1920 illic
489 1876 794 1929 enumerat,
832 1868 1036 1935 quique
1072 1867 1301 1935 proinde
1347 1865 1437 1919 illa
1484 1881 1593 1919 non
1622 1868 1772 1932 vidit,
1810 1884 1931 1936 quae
1961 1885 2004 1938 Β
2033 1878 2143 1932 quo
2172 1875 2480 1933 suspectam
2523 1865 2715 1920 reddat
2743 1865 2994 1919 Chronici
3021 1864 3304 1918 Paschalis
3334 1864 3610 1934 prmfatio-

348 1973 537 2011 contra
562 1957 869 2012 Severianos
899 1958 1205 2011 Encratitas
1234 1958 1409 2026 ipsum
1441 1960 1731 2027 scripsisse
1762 1962 1929 2016 tradit

347 2049 731 2104 Theodoretus
783 2050 931 2117 (11),
984 2064 1159 2117 neque
1201 2050 1400 2103 librum
1443 2050 1579 2121 Περὶ
1612 2051 1925 2119 εὐσεϐείας,

348 2139 426 2193 De
470 2140 665 2207 pietate
688 2180 703 2205 ,
744 2155 903 2209 quem
945 2140 1071 2209 legit
1113 2139 1342 2195 Photius
1372 2141 1505 2210 (12).
1540 2141 1737 2207 Quidni
1764 2157 1929 2213 porro

346 2246 489 2300 opus
536 2246 757 2300 quoque
782 2231 848 2284 de
876 2230 1144 2284 Paschate
1179 2231 1479 2300 scripserit,
1515 2240 1573 2285 ut
1621 2243 1811 2286 auctor
1845 2242 1929 2289 est

346 2325 605 2381 Chronici
647 2323 928 2379 Paschalis
977 2325 1208 2392 scriptor
1233 2326 1578 2395 anonymus?
1616 2325 1925 2382 Melitouem

344 2415 627 2469 enimvero
656 2411 1005 2467 Sardiensem
1031 2414 1369 2482 episcopum,
1403 2416 1495 2483 qui
1524 2415 1708 2469 ﬂoruit
1733 2416 1923 2470 iisdem

346 2505 719 2573 temporibus,
768 2504 969 2573 quibus
1000 2502 1365 2572 Apollinaris,
1412 2504 1480 2559 de
1525 2506 1715 2559 eodem
1763 2520 1926 2575 argu-

344 2606 573 2661 mento,
610 2597 739 2653 licet
800 2612 906 2651 non
963 2597 1153 2651 eadem
1208 2598 1516 2664 sententia,
1568 2598 1735 2653 libros
1788 2600 1925 2654 duos

343 2687 775 2758 perscripsisse,
829 2696 1020 2742 testem
1079 2686 1347 2767 habemus
1397 2689 1689 2756 ipsummet
1750 2686 1924 2741 Euse-

344 2780 494 2834 bium
523 2779 659 2849 (15).
712 2777 846 2833 Nam
872 2778 1182 2849 Polycrates
1212 2777 1517 2847 Ephesinus
1543 2778 1833 2847 episcopus
1866 2777 1924 2832 in

342 2870 572 2940 epistola
606 2869 674 2924 ad
691 2869 963 2925 Victorem
985 2871 1121 2939 (14),
1154 2869 1500 2925 Sardiensem
1528 2869 1679 2923 illum
1708 2871 1920 2940 episco-

341 2978 473 3033 pum
502 2964 643 3017 inter
685 2978 780 3017 eos
822 2971 1088 3027 recenset,
1138 2962 1232 3031 qui
1280 2962 1423 3017 diem
1462 2959 1689 3017 Pascha:
1726 2971 1921 3033 quarta
1958 3014 1961 3017 .

341 3056 553 3111 decima
589 3056 740 3121 luna,
768 3056 926 3125 juxta
955 3054 1329 3127 Evangelium,
1362 3055 1763 3122 observarunt;
1793 3070 1918 3110 cum

340 3156 533 3202 contra
592 3148 819 3201 omnino
878 3148 1116 3202 sensisse
1166 3147 1575 3217 Apollinarem,
1620 3161 1689 3201 ex
1738 3145 1918 3200 allatis

2032 1972 2178 2021 nem,
2219 1958 2309 2011 ubi
2339 1957 2694 2027 Apollinaris,
2725 1956 3071 2025 aliorumque
3109 1965 3354 2011 veterum
3382 1956 3609 2012 Patrum

2028 2048 2338 2118 fragmenta
2390 2048 2457 2102 de
2481 2048 2747 2102 Paschate
2789 2057 3125 2113 occurrunt;
3180 2063 3372 2103 eorum
3423 2058 3608 2105 tamen

2028 2144 2392 2213 integritatem
2423 2143 2601 2212 palam
2640 2148 2954 2213 oppugnare
2984 2160 3091 2197 non
3133 2146 3317 2209 audet,
3348 2156 3403 2200 ut
3439 2146 3608 2214 probe

2026 2236 2258 2288 advertit
2313 2235 2566 2288 laudatus
2616 2233 2852 2304 Lamyus
2899 2233 3232 2289 Tillemontii
3284 2247 3607 2307 argumenta

2025 2325 2319 2379 retundcns
2350 2325 2483 2395 (19).
2539 2324 2724 2393 Neque
2757 2310 2915 2379 aliter
2948 2340 3080 2380 sane
3110 2324 3353 2397 Cangius
3394 2345 3408 2381 :
3446 2329 3606 2398 cujus

2026 2425 2208 2472 notam
2249 2418 2479 2487 margini
2507 2417 2770 2480 additam,
2811 2436 2829 2467 ι
2862 2416 2999 2472 falsa
3036 2429 3164 2473 sunt
3197 2418 3300 2473 ista
3336 2416 3449 2490 (20)
3484 2440 3501 2471 ι
3537 2421 3607 2474 de

2025 2518 2313 2563 auctorum
2368 2509 2586 2577 quidem
2640 2510 2929 2574 sententia,
2960 2525 3069 2562 non
3094 2525 3223 2564 vero
3257 2510 3325 2566 de
3359 2512 3602 2580 ipsorum

2025 2608 2172 2652 textu
2200 2598 2573 2667 accipiendam
2614 2612 2776 2652 nemo
2804 2612 2913 2651 non
2944 2598 3107 2652 videt.
3140 2598 3218 2653 Ita
3249 2615 3466 2669 quoque
3488 2601 3601 2669 jam

2022 2692 2233 2761 pridem
2281 2675 2575 2745 censuerat
2636 2691 2991 2745 doctissimus
3054 2690 3308 2746 Petavius
3354 2692 3469 2764 (21)
3509 2693 3604 2763 qui

2022 2782 2213 2836 eadem
2258 2779 2566 2851 fragmenta
2591 2781 2780 2837 Graece
2812 2783 3074 2845 recitans,
3106 2783 3173 2836 de
3218 2782 3286 2837 iis
3327 2783 3380 2836 in
3410 2783 3605 2853 praefa-

2022 2875 2172 2929 tione
2204 2874 2272 2928 ad
2310 2874 2569 2929 lectorem
2618 2876 2731 2928 haec
2775 2874 2937 2928 habet
2968 2893 2981 2928 :
3025 2894 3042 2924 ι
3074 2875 3321 2931 Accessit
3346 2877 3605 2946 anonymi

2021 2964 2304 3032 cujusdam
2331 2963 2565 3018 diatriba
2592 2963 2667 3017 De
2689 2963 2951 3018 Paschate
2983 2965 3281 3020 novissimo
3301 2964 3602 3023 Christi....

2023 3050 2235 3120 Duplex
2272 3050 2567 3121 fragmenti
2609 3067 2733 3107 esse
2765 3053 2927 3108 istius
2959 3065 3340 3123 argumentum
3367 3057 3600 3111 videtur.

2019 3136 2262 3194 Primum
2291 3140 2438 3193 enim
2463 3140 2740 3196 Christum
2770 3142 3111 3198 demonstrat
3143 3146 3331 3199 ultima
3366 3148 3418 3199 in
3447 3162 3603 3203 cmua

340 3238 663 3309 fragmentis
704 3248 934 3293 constet.
982 3237 1075 3295 Sic
1104 3240 1250 3294 enim
1294 3239 1351 3293 in
1402 3240 1469 3295 iis
1501 3238 1701 3306 legitur
1748 3236 1882 3308 (15)
1910 3256 1924 3291 :
1954 3220 1996 3278 (ἶ
2032 3231 2200 3301 legale
2245 3230 2455 3286 Pasdla
2506 3248 2614 3286 non
2670 3234 3013 3301 celebrasse;
3067 3238 3213 3305 quod
3264 3238 3437 3307 pridie
3485 3242 3605 3309 ejus

345 3350 367 3383 ι
403 3330 637 3397 Quidam
669 3331 834 3401 igitur
874 3340 1023 3398 sunt,
1059 3332 1154 3401 qui
1204 3347 1271 3386 ex
1306 3331 1616 3402 ignorantia
1658 3329 1727 3384 de
1776 3330 1927 3384 hisce

338 3423 585 3479 excitant
615 3421 1015 3486 contentiones,
1054 3437 1169 3476 rem
1193 3423 1351 3476 venia
1376 3422 1595 3492 dignam
1628 3420 1775 3489 passi
1806 3421 1924 3490 (ne-

338 3528 449 3583 que
497 3514 644 3568 enim
689 3514 1094 3568 accusationem
1141 3514 1381 3568 admittit
1434 3511 1779 3583 ignorantia,
1829 3512 1924 3566 sed

338 3615 463 3677 eget
503 3606 799 3676 doctrina),
827 3606 1090 3674 aiuntque
1118 3604 1181 3658 14
1202 3614 1221 3634 ’
1244 3619 1444 3675 agnum
1476 3619 1600 3657 eum
1640 3602 1923 3672 discipulis

339 3699 703 3754 manducasse
729 3697 1057 3765 Dominum;
1091 3711 1285 3768 magna
1320 3710 1449 3752 vero
1486 3711 1802 3766 azymorum
1834 3696 1923 3751 die

338 3806 563 3863 passum
596 3804 746 3845 esse:
778 3799 940 3858 atque
970 3790 1043 3842 ita
1080 3788 1262 3845 dicere
1291 3788 1628 3856 Matthmum,
1655 3788 1734 3843 uti
1770 3788 1920 3842 illum

340 3882 670 3952 intelligunt.
708 3879 863 3935 Unde
890 3882 994 3951 legi
1025 3881 1301 3937 contraria
1324 3890 1619 3935 esteorum
1657 3880 1922 3950 interpre-

339 3977 475 4030 tatio
500 4016 515 4041 ,
562 3975 740 4043 iisque
770 3974 1049 4028 adversari
1082 3974 1335 4028 videntur
1366 3971 1678 4041 Evangelia.
1714 3989 1732 4021 ι
1770 3970 1834 4025 Et
1865 3971 1920 4024 in

337 4066 545 4120 altero:
584 4085 604 4117 α
659 4065 878 4120 Decima
924 4074 1123 4134 quarta
1168 4064 1283 4118 veri
1328 4064 1610 4119 Paschalis
1655 4062 1910 4129 Domini,

338 4157 669 4212 sacrificium
702 4172 983 4227 magnum,
1012 4170 1111 4225 pro
1139 4171 1279 4223 agno
1310 4152 1402 4208 Dei
1448 4153 1643 4217 Filius;
1676 4152 1771 4222 qui
1803 4152 1920 4206 viu-

337 4256 464 4301 ctus
506 4248 703 4301 fortem
732 4246 940 4311 vinxit;
972 4254 1027 4299 et
1062 4244 1157 4313 qui
1190 4242 1485 4311 judicatus,
1512 4241 1677 4309 judex
1703 4248 1788 4294 est
1812 4238 1917 4292 .νί-

337 4354 533 4394 verum
557 4346 615 4391 et
644 4345 1025 4399 mortuorum;
1060 4342 1113 4388 et
1136 4333 1229 4402 qui
1261 4333 1489 4387 traditus
1521 4339 1607 4385 est
1641 4332 1693 4384 in
1722 4346 1917 4385 manus

336 4439 721 4500 peccatorum,
768 4436 829 4480 ut
875 4428 1321 4495 cruciﬁgeretur;
1370 4425 1461 4492 qui
1502 4438 1665 4493 super
1710 4436 1917 4477 cornua

335 4519 623 4576 unicornis
648 4525 732 4572 est
765 4517 1067 4581 exaltatus;
1107 4523 1161 4568 et
1200 4513 1291 4583 qui
1322 4514 1376 4566 iu
1416 4527 1575 4567 sacro
1601 4513 1766 4566 latere
1791 4527 1914 4580 per-
1944 4553 1988 4608 Β

335 4625 537 4668 cussus
564 4619 679 4675 est;
712 4609 807 4678 qui
832 4622 899 4661 ex
928 4609 1096 4662 latere
1124 4621 1224 4662 suo
1258 4606 1368 4660 duo
1394 4604 1588 4658 iterum
1612 4604 1752 4657 fudit
1783 4619 1915 4672 pur-

338 4702 571 4772 gatoria,
598 4714 795 4767 aquam
827 4707 880 4753 et
918 4698 1263 4768 sanguinem,
1295 4696 1519 4750 verbum
1547 4704 1600 4750 et
1626 4696 1910 4764 Spiritum;

339 4802 393 4849 et
415 4796 506 4863 qui
525 4791 812 4847 Paschatis
837 4790 925 4844 die
951 4791 1196 4859 sepultus
1226 4798 1327 4854 est,
1362 4784 1539 4856 lapide
1561 4797 1914 4842 monumento

340 4881 617 4950 imposito.
658 4899 689 4930 ιΔ
715 4878 975 4947 Apposite
1015 4876 1083 4931 ad
1126 4878 1241 4931 haec
1271 4877 1382 4931 duo
1420 4878 1537 4933 loca
1570 4877 1813 4946 loquitur
1844 4875 1910 4932 ν.

336 4970 401 5026 C.
433 4970 745 5026 Bernardus
776 4969 945 5041 Lamy
979 4969 1122 5041 (16):
1152 4989 1170 5021 ι
1208 4970 1685 5037 Quartadecimani
1715 4987 1913 5042 suppo—

323 5106 335 5175 )
411 5103 521 5173 (10)
560 5102 759 5175 Euseb.
799 5102 867 5155 Η.
898 5103 960 5155 Ε.
985 5104 1144 5175 Liv,
1175 5120 1223 5159 c.
1255 5105 1345 5157 27.

412 5171 524 5246 (11)
546 5174 819 5246 λζιιεηιὶς.
844 5174 1011 5244 fabul.
1052 5174 1089 5229 1.
1133 5191 1192 5240 n,
1224 5191 1343 5245 cap.
1373 5173 1461 5241 21,
1485 5184 1618 5246 Opp.
1653 5183 1786 5230 tom.
1817 5171 1909 5242 IV,

338 5241 464 5313 pag.
496 5241 627 5296 208.
844 5241 852 5244 ⁷

415 5314 525 5385 (12)
551 5312 693 5385 Bibl.
725 5313 910 5369 codice
940 5314 1026 5368 M.

414 5382 526 5455 (15)
562 5383 705 5455 Hist.
735 5385 862 5438 eccl.
894 5386 987 5439 lib.
1023 5400 1095 5449 tv,
1121 5400 1241 5452 cap.
1273 5382 1364 5439 26.

413 5453 549 5528 (1-1)-
587 5453 895 5528 Polycrates
959 5456 1101 5524 apud
1155 5455 1351 5510 Euseb.
1423 5454 1617 5510 ibidem
1675 5456 1769 5512 lib.
1835 5473 1909 5525 v,

335 5524 716 5719 ωῗίῖῖλρυά
749 5604 1025 5651 auctorem
1064 5595 1311 5651 Chronici
1351 5593 1657 5664 Paschalis,
1698 5596 1907 5666 praefat.

335 5682 461 5719 nae.
574 5678 629 5719 et
662 5670 712 5719 in
744 5667 1009 5719 Gallandii
1046 5667 1179 5719 Bibl.
1214 5665 1327 5719 PP.
1356 5676 1393 5719 t.
1424 5667 1465 5719 1.
1489 5684 1610 5719 nae.
1641 5669 1763 5719 680.

332 5682 461 5739 pag.
478 5665 521 5739 Δ6
556 5665 629 5739 get
662 5670 712 5722 in
744 5667 1009 5739 Gallandij
1046 5667 1179 5719 Bibl.
1214 5665 1327 5739 PP.
1356 5676 1393 5719 t.
1424 5667 1465 5739 li,
1489 5684 1610 5738 pag.
1641 5665 1763 5722 680.

545 5737 829 5792 Dissertat.
870 5740 956 5810 tle_
976 5737 1233 5793 Paschate
1265 5735 1392 5792 Iud.
1429 5738 1457 5810 ᾗ
1490 5735 1582 5807 ii,
1606 5740 1659 5794 in
1689 5739 1915 5795 llarmo.

333 5807 427 5865 m'a
450 5807 679 5878 Evang.,
708 5825 828 5877 pag.
855 5808 980 5861 157.

536 5904 809 5965 ΡΔΤΒΟΙ..
856 5906 971 5966 Gn.
1020 5905 1095 5966 V.

2028 3325 2156 3388 diei,
2190 3340 2299 3394 quo
2345 3339 2376 3378 a
2403 3323 2609 3380 Iudaeis
2654 3337 2931 3395 peractum
2963 3337 3066 3395 est,
3103 3331 3393 3400 mysticum
3439 3348 3601 3387 suum

2030 3430 2095 3469 ac
2119 3406 2611 3470 NoviTestamenti
2657 3419 2937 3486 pr0prium
2971 3418 3181 3475 Pascha
3215 3422 3468 3478 Christm
3502 3427 3604 3479 ob--

2026 3508 2168 3563 ierit.
2204 3507 2375 3578 Cujus
2416 3508 2693 3579 Opinionis
2723 3520 2932 3566 veteres
2963 3515 3258 3571 nonnullos
3301 3516 3460 3583 citat,
3502 3520 3601 3573 sed

2023 3613 2085 3652 ea
2116 3599 2384 3664 videlicet,
2421 3600 2570 3671 quod
2623 3600 2840 3655 illorum
2878 3618 3010 3672 pace
3056 3606 3310 3675 dixerim,
3352 3608 3510 3678 falsa,
3545 3620 3601 3668 et

2023 3689 2443 3761 Evangeliorum
2471 3694 2782 3748 auctoritati
2818 3698 3091 3751 contraria
3126 3710 3229 3755 est.
3265 3720 3284 3752 ι
3323 3700 3599 3760 Hactenus

2024 3785 2133 3839 ille.
2194 3783 2437 3853 Denique
2480 3783 2910 3842 Tourueminius
2950 3789 3034 3842 vir
3090 3792 3501 3850 eruditissimus
3541 3797 3599 3853 in

2024 3877 2255 3947 epistola
2287 3876 2563 3932 Bernardo
2593 3876 2799 3949 Lamyo
2834 3880 3095 3951 inscripta
3131 3899 3240 3939 non
3277 3888 3451 3941 solum
3484 3888 3596 3943 fra-

2022 3977 2362 4037 gmentorum
2390 3968 2606 4023 illorum
2643 3971 3034 4038 sinceritatem,
3065 3977 3156 4029 sed
3182 3979 3343 4033 etiam
3378 3992 3596 4038 senten-

2022 4063 2219 4115 tiarum
2253 4060 2537 4114 veritatem
2563 4046 2811 4132 agnoscit
2840 4063 2977 4133 (22).
3014 4065 3259 4131 Quorum
3289 4086 3420 4142 ergo
3445 4074 3596 4127 viro-

2021 4164 2142 4202 rum
2170 4149 2454 4205 doctorum
2502 4153 2830 4207 auctoritate
2858 4165 3143 4223 permotus
3181 4157 3244 4213 V.
3282 4158 3343 4214 C.
3373 4160 3595 4215 Gallan-

2020 4240 2143 4294 dius
2173 4240 2284 4311 (25)
2315 4242 2425 4295 duo
2460 4242 2549 4296 illa
2583 4242 2887 4313 fragmenta
2932 4247 3008 4300 De
3036 4248 3323 4317 Paschate,
3370 4270 3491 4324 qua:
3538 4257 3593 4310 in

2020 4329 2282 4386 Chronico
2328 4332 2583 4387 Paschali
2612 4336 2913 4404 Apollinari
2972 4336 3379 4409 Hicrapolitano
3423 4326 3605 4400 ascri?

2018 4422 2242 4493 buntur,
2305 4426 2480 4481 eidem
2546 4428 2604 4481 S.
2631 4427 2778 4483 Patri
2843 4430 3178 4487 conﬁdenter
3232 4448 3450 4504 quoque
3497 4453 3591 4494 as-

2020 4514 2212 4572 seruit.

2094 4603 2289 4661 Verum
2321 4622 2452 4677 pace
2477 4614 2755 4665 tantorum
2779 4612 3019 4666 virorum
3050 4616 3303 4682 dixerim,
3331 4634 3418 4672 res
3444 4617 3591 4674 haud

2016 4694 2153 4749 adeo
2181 4705 2328 4751 certa
2363 4706 2468 4764 est,
2516 4714 2648 4753 num
2682 4699 2740 4754 S.
2763 4702 3098 4771 Apollinaris
3148 4703 3591 4774 Hieropolitauus

2015 4788 2298 4857 cujusdam
2335 4790 2516 4859 operis
2544 4791 2611 4846 de
2640 4790 2905 4847 Paschate
2933 4803 3127 4848 auctor
3157 4794 3226 4849 sit
3264 4815 3277 4849 :
3317 4797 3586 4867 siquidem

2013 4890 2127 4936 tota
2177 4883 2411 4937 assertio
2458 4884 2561 4937 soli
2609 4884 2863 4939 innititur
2891 4883 3154 4939 Chronico
3182 4886 3585 4944 Alexandrino:

2014 4977 2137 5045 quis
2168 4986 2348 5031 autem
2377 4977 2682 5047 ignorat,in
2714 4992 2879 5046 quam
2907 4978 3088 5034 varias
3109 4988 3161 5033 et
3190 4976 3589 5038 dissimillimas

2087 5113 2198 5201 (1⁸1)
2230 5113 2428 5201 Ῑιὶιῐὶιγλ
2461 5113 2640 5201 {gite
2664 5114 2727 5169 de
2776 5114 3066 5171 l‘ancienne
3094 5116 3295 5188 quue,
3345 5136 3383 5174 ιι
3418 5132 3582 5189 part.,

2015 5201 2132 5253 cap.
2160 5185 2213 5248 6,
2244 5201 2297 5253 p.
2326 5185 2452 5251 349,
2476 5185 2599 5239 5⁵75.
2732 5224 2735 5227 -
2858 5210 2861 5211 ν

2085 5257 2197 5325 (18)
2231 5254 2443 5325 Tillem.
2482 5257 2515 5308 I.
2550 5272 2600 5310 c.
2635 5255 2794 5309 Mem.
2820 5256 2950 5309 eccl.
2997 5264 3035 5309 t.
3067 5254 3130 5322 ll,
3161 5273 3283 5325 pag.
3318 5258 3439 5314 756.

2086 5275 2197 5325 (ιδ)
2241 5275 2443 5308 uuem.
2482 5275 2515 5308 ι.
2550 5275 2600 5310 c.
2635 5275 2794 5309 mem.
2820 5275 2950 5309 εδει.
2997 5275 3035 5309 ι.
3071 5275 3130 5322 ιι,
3161 5275 3227 5325 pa
3271 5299 3283 5311 .
3326 5275 3439 5314 ιοο.

2086 5327 2194 5395 (19)
2234 5324 2424 5395 Lamy,
2471 5325 2731 5394 Responsa
2772 5328 2805 5379 ὰ
2838 5326 2891 5379 la
2923 5326 3074 5379 lettre
3118 5327 3182 5380 de
3229 5275 3306 5380 ﬁl.
3335 5330 3397 5381 de
3426 5329 3587 5383 Tille—

2017 5407 2189 5469 ment,
2233 5411 2353 5469 pag.
2372 5396 2493 5469 1‘21:
2518 5397 2655 5469 dans
2686 5398 2735 5450 la
2758 5398 2892 5469 suile
2914 5399 2985 5448 du
3013 5395 3195 5450 Traité
3218 5399 3281 5450 de
3306 5399 3359 5451 la
3381 5398 3580 5469 quue.

2086 5465 2199 5536 ('20)
2227 5467 2423 5536 Chron.
2450 5465 2643 5520 Pasch.
2682 5482 2804 5536 pag.
2837 5468 2888 5520 5.

2085 5534 2196 5607 (21)
2236 5534 2581 5607 Qranologia,
2615 5534 2737 5607 pag.
2761 5534 2876 5590 ⁷215
2904 5546 2957 5591 et
2987 5554 3104 5606 seq.

2234 5605 2623 5691 Tournendge,
2657 5605 2799 5677 apud
2828 5607 3015 5677 Lalny,
3037 5605 3171 5662 'sin'te
3190 5608 3262 5660 du
3303 5608 3486 5663 Traité
3521 5612 3585 5663 de

2013 5674 2065 5729 la
2098 5674 2297 5745 quue,
2338 5692 2465 5799 pag).
2500 5676 2585 5731 79.
2693 5674 2709 5677 ’
2966 5674 2979 5677 ⁷

2087 5746 2199 5817 (25)
2236 5745 2382 5803 Bibl.
2434 5745 2548 5823 ,Ρη
2589 5756 2721 5804 tom.
2754 5744 2779 5801 Ι
2828 5747 2882 5803 in
2939 5750 3259 5820 prologum,
3296 5763 3423 5820 pag.
3454 5749 3581 5804 122.

3273 5909 3344 5969 hi
