4130 6432
515 327 651 381 1291

1740 329 1798 383 S.
1832 329 2109 385 CLAUDII
2140 330 2604 386 APOLLINARIS

3644 334 3785 390 1292

513 448 806 518 opiniones
839 446 1077 501 abierint
1120 454 1377 501 auctores
1407 446 1474 500 de
1499 445 1751 501 Chronici
1786 448 1951 517 hujus
1982 465 2093 503 me-
2122 452 2167 508 A
2195 451 2341 519 quod
2376 449 2642 520 Serapion
2670 452 3047 507 Antiochenus
3089 453 3399 522 cpiscopus,
3433 452 3658 522 quando
3696 459 3781 505 te-

513 542 624 595 rito
665 549 831 616 atque
876 538 1305 594 existimatione.
1353 538 1597 609 Scaliger
1648 538 1814 607 hujus
1860 540 2094 609 appellat

519 653 539 686 ι
570 634 887 701 scriptorem
921 631 1177 697 idiotam;
1210 650 1229 682 ι
1287 639 1450 699 atque
1497 629 1628 684 alibi
1657 648 1670 683 :
1711 650 1728 682 ι
1762 630 1955 695 multa,
2004 633 2090 686 iu-

512 725 633 795 quit
663 723 798 793 (24),
833 723 888 776 in
921 738 982 776 ea
1015 721 1288 790 farragine
1319 736 1463 786 esse,
1497 737 1618 790 qua:
1651 722 1849 785 ridere,
1883 738 1952 776 an
1984 724 2090 777 mi-

510 816 623 869 rari
676 814 909 878 debeat,
961 830 1021 869 se
1074 815 1384 867 nescire....
1422 812 1591 866 multa
1646 827 1769 867 esse
1816 812 2019 883 inepta.
2067 834 2086 866 ι

510 906 866 963 Tillemontio
898 918 980 960 est
1009 922 1144 975 opus
1202 913 1530 959 auctoritate
1576 919 1792 971 carens,
1845 906 2091 961 ridendis

508 1001 696 1067 rebus,
730 1000 1121 1068 erroribusque
1148 998 1444 1069 pinguibus
1486 998 1746 1055 refertum
1774 1000 1910 1071 (25).
1940 999 2090 1053 Nihil

510 1092 687 1162 magis
722 1092 861 1160 gerit
907 1091 1012 1159 ipsi
1058 1106 1266 1144 morem
1302 1091 1584 1146 Bailletus.
1630 1092 1951 1155 Cltroniron,
2000 1092 2089 1145 in-

508 1184 629 1254 quit
667 1182 805 1253 (26),
841 1181 1104 1235 Paschale
1135 1198 1271 1251 pura
1301 1192 1540 1252 putaque
1571 1183 1867 1252 rhapsodia
1923 1185 2088 1238 chro-

508 1274 727 1344 nologia
756 1274 1056 1327 multorum
1087 1273 1413 1341 scriptorum
1452 1282 1557 1340 est,
1587 1290 1697 1327 non
1726 1274 1889 1329 unius
1933 1275 2088 1344 inge-

506 1367 586 1420 nii
618 1374 673 1421 et
702 1364 992 1420 facultatis.
1043 1364 1151 1418 Alii
1191 1365 1583 1431 nihilominus,
1624 1375 1682 1419 ut
1719 1364 1890 1419 fatear
1941 1366 2087 1435 quod

506 1476 596 1515 res
619 1471 726 1527 est,
760 1468 911 1514 tanto
946 1459 1000 1511 in
1036 1465 1354 1527 contemptu
1382 1473 1490 1511 non
1528 1458 1751 1513 habent.
1796 1477 1815 1509 ‹
1844 1458 2086 1513 Chroni-

505 1569 610 1608 con
644 1552 798 1618 illud,
831 1552 908 1605 ait
933 1550 1191 1605 Petavius
1219 1550 1515 1620 (27),quod
1546 1566 1612 1604 ex
1645 1551 1814 1605 variis
1843 1550 2085 1605 auctori—

504 1649 609 1701 bus
627 1644 874 1699 centonis
899 1644 1071 1698 instar
1100 1644 1509 1705 concinnatum,
1532 1643 1833 1711 egregium,
1865 1658 1963 1696 nec
1996 1656 2085 1696 sa-

508 1738 577 1791 tis
620 1736 921 1790 laudatum.
970 1752 989 1785 ι
1059 1764 1118 1773 -
1168 1752 1187 1784 ι
1232 1734 1532 1788 Fatendum
1563 1772 1579 1796 ,
1641 1733 1817 1802 inquit
1868 1732 2085 1787 Duran-

505 1825 629 1893 gius
654 1822 787 1893 (28),
822 1823 981 1891 longe
1029 1835 1154 1875 esse
1183 1822 1361 1890 plura,
1408 1839 1531 1893 qua:
1578 1838 1677 1877 sua
1721 1823 1879 1877 laude
1915 1823 2079 1893 digna
2115 1824 2160 1878 Β

506 1916 695 1970 haberi
725 1916 941 1969 debent.
970 1934 987 1965 ι
1010 1945 1080 1955 -
1105 1933 1123 1965 ι
1155 1914 1359 1969 Auctor
1391 1916 1492 1969 iste
1520 1926 1667 1969 certe
1700 1931 1807 1970 non
1839 1925 1922 1971 est
1951 1932 2085 1972 cono

505 2008 853 2073 temnendus,
888 2006 1100 2076 judicat
1130 2006 1275 2061 Cave
1308 2007 1441 2077 (29),
1480 2007 1575 2075 qui
1610 2022 1719 2061 non
1762 2008 1925 2062 modo
1956 2024 2088 2061 con-

505 2100 714 2154 tinuam
763 2099 1054 2153 consulum
1111 2098 1305 2152 seriem
1355 2098 1613 2163 exhibet,
1673 2099 1766 2153 sed
1813 2107 1867 2153 et
1902 2100 2088 2167 plures

503 2190 748 2245 melioris
774 2206 1031 2259 purpura:
1054 2205 1262 2258 pannos
1300 2191 1451 2258 operi
1481 2205 1583 2246 suo
1618 2189 1870 2253 intexuit,
1918 2204 2086 2242 vene-

502 2283 690 2338 randa:
729 2282 1072 2351 antiquitatis
1122 2290 1501 2347 monumenta,
1548 2297 1671 2351 quae
1719 2280 1921 2335 frustra
1956 2281 2087 2334 alibi

503 2374 864 2445 reperiantur.
905 2394 925 2426 ι
983 2373 1252 2429 Caeterum
1301 2373 1602 2428 Chronican
1649 2374 1782 2427 illud
1824 2372 2087 2426 Paschale

500 2468 666 2537 vulgo
692 2466 1122 2522 Alexandrinum
1166 2467 1236 2521 ab
1281 2481 1558 2536 anonymo
1605 2465 1844 2535 primum
1886 2465 2088 2521 saeculo

501 2567 659 2612 sexto
692 2565 789 2611 aut
816 2558 1049 2626 septimo
1079 2556 1389 2612 confectum
1427 2554 1549 2609 fuit.

573 2646 835 2704 Socrates
883 2648 997 2719 (50)
1054 2656 1109 2702 et
1142 2656 1266 2716 post
1301 2663 1426 2701 eum
1457 2644 1798 2715 Nicephorus
1850 2644 2088 2714 allegant

504 2739 875 2809 Apollinarem
896 2783 910 2807 ,
946 2749 1111 2809 atque
1140 2738 1497 2808 Serapionem
1526 2736 1931 2792 Antiochenum
1971 2737 2087 2806 cpi-

504 2844 754 2901 scopum,
793 2831 863 2885 ad
900 2831 1411 2895 demonstrandum,
1436 2830 1584 2898 quod
1614 2828 1853 2883 Verbum
1887 2844 2087 2898 corpus

504 2922 689 2977 anima
721 2921 1007 2991 praeditum
1055 2922 1437 2990 assumpserit.
1484 2920 1693 2975 Dicitur
1738 2922 1901 2976 etiam
1939 2921 2087 2990 quod

504 3024 696 3069 contra
726 3012 1037 3068 Encratitas
1095 3013 1396 3081 scripserit,
1425 3021 1592 3081 atque
1639 3012 1754 3067 suis
1788 3013 1842 3066 in
1868 3014 2087 3081 scriptis

503 3106 843 3177 exposuerit,
885 3122 953 3159 ex
992 3121 1101 3175 qua
1143 3106 1598 3175 philosophorum
1640 3115 1788 3160 secta
1830 3105 2087 3175 quaalihet

505 3198 734 3253 haeresis
781 3213 914 3253 suos
958 3213 1175 3253 errores
1222 3198 1488 3253 hauserit.
1538 3195 1741 3252 Verum
1768 3196 2085 3253 Theodore-

506 3298 595 3344 tus
621 3288 732 3360 (51)
768 3297 823 3343 et
862 3288 925 3342 Ι).
958 3288 1323 3360 Hieronymus
1366 3289 1480 3361 (52)
1518 3288 1613 3359 qui
1662 3290 1994 3343 mentionem
2022 3289 2090 3344 de

504 3383 657 3437 hisce
711 3382 930 3451 scriptis
982 3383 1373 3447 instituerunt,
1432 3398 1784 3452 nequaquam
1834 3392 2089 3439 asserunt

505 3470 565 3527 ὃ.
590 3470 962 3541 Apollinarem
1009 3472 1111 3527 has
1146 3472 1407 3527 materias
1457 3472 1511 3527 in
1564 3472 1897 3543 specialibus
1950 3489 1979 3527 a
2029 3489 2090 3528 se

502 3565 841 3619 elucubratis
891 3565 1149 3635 operibus
1194 3574 1577 3633 pertractasse.
1649 3565 1914 3635 Superius
1971 3566 2086 3635 jam

503 3658 923 3711 observavimus
979 3672 1048 3710 ex
1103 3656 1341 3710 Eusebio
1392 3656 1450 3710 S.
1480 3657 1853 3725 Apollinarem
1897 3668 2088 3711 contra

505 3749 867 3803 Montanistas
904 3764 999 3802 seu
1035 3745 1409 3818 Cataphrygas
1450 3747 1591 3802 duos
1636 3748 1804 3802 libros
1843 3749 2089 3802 conscri-

509 3841 709 3911 psisse,
757 3856 994 3909 quorum
1039 3850 1170 3895 tunc
1196 3840 1420 3894 haeresis
1464 3855 1530 3895 ex
1573 3840 1920 3896 incunabulis
1956 3858 2087 3911 pro-

510 3932 751 4003 repebat.
784 3933 1006 3999 Verum,
1037 3934 1335 3987 adnotante
1364 3931 1427 3985 γ.
1447 3933 1507 3986 C.
1535 3931 1784 4002 Remigio
1813 3932 2089 3987 Ceillierio

506 4036 698 4081 nostro
723 4028 859 4097 (55),
898 4026 1126 4080 multum
1159 4025 1528 4080 verosimilius
1560 4036 1810 4081 sanctum
1837 4037 2087 4081 nostrum

505 4135 619 4174 non
664 4128 775 4172 tam
816 4119 1007 4183 libros,
1044 4134 1208 4187 quam
1249 4119 1458 4171 litteras
1498 4117 1762 4172 adversus
1804 4116 2086 4187 prmfatam

506 4212 758 4267 haeresim
791 4226 1067 4265 exarasse.
1120 4210 1400 4278 Siquidem
1437 4208 1505 4275 ii,
1537 4209 1630 4278 qui
1660 4210 1726 4263 ad
1767 4208 2087 4263 refutandos

506 4301 866 4355 Montanistas
901 4300 1064 4368 hujus
1096 4299 1272 4353 sancti
1302 4298 1405 4351 viri
1447 4300 1647 4367 scripta
1694 4298 2083 4364 adhibuerunt,

504 4412 613 4449 non
664 4394 941 4463 singulare
998 4393 1218 4462 aliquod
1275 4408 1413 4462 opus
1468 4390 1531 4446 D.
1575 4391 1935 4461 Apollinaris,
1988 4395 2082 4446 sed

2194 551 2391 608 statur,
2428 541 2797 611 Apollinarem
2831 553 3081 599 nostrum
3114 546 3380 599 adversus
3413 543 3783 598 Montanistas

2193 634 2498 703 scripsisse,
2534 634 2589 687 in
2627 636 2863 703 quadam
2902 636 3131 705 epistola
3157 646 3348 691 contra
3373 652 3494 690 eam
3528 636 3780 690 haeresim

2191 733 2416 778 exarata
2448 725 2599 779 hisce
2628 734 2815 780 utatur
2839 728 3023 782 verbis
3051 745 3064 781 :
3118 746 3135 778 ι
3170 725 3242 781 Ut
3275 726 3464 782 sciatis
3490 767 3506 790 ,
3566 726 3779 795 inquit,

2192 821 2427 890 qualiter
2479 822 2764 887 universa,
2812 839 2935 893 quae
2992 824 3049 878 in
3091 826 3255 879 terris
3306 834 3393 879 est
3437 824 3778 889 fraternitas,

2192 912 2565 980 operationem
2631 912 2777 966 illam
2826 912 3101 968 simulatae
3144 913 3592 985 factionisfqua:
3637 930 3782 969 nova

2191 1004 2475 1073 prophetia
2524 1004 2746 1070 dicitur,
2800 1015 3053 1061 aversata
3102 1015 3267 1076 atque
3326 1007 3638 1061 abominata
3670 1018 3778 1073 est,

2191 1096 2495 1149 beatissimi
2542 1098 2711 1163 patris
2757 1094 2971 1151 Claudii
3014 1098 3350 1167 Apollinaris
3380 1138 3398 1165 ,
3445 1099 3541 1167 qui
3585 1097 3782 1152 Hiera-

2190 1187 2447 1256 politanae
2492 1187 2646 1241 urbis
2698 1188 2754 1241 in
2780 1187 2912 1243 Asia
2943 1189 3238 1259 episcopus
3282 1188 3419 1255 fuit,
3451 1190 3664 1246 litteras
3706 1183 3780 1243 ad

2192 1294 2292 1331 VOS
2326 1295 2375 1331 111
2385 1294 2473 1332 ISI.
2506 1297 2524 1329 l

2260 1392 2519 1448 Nonnulli
2544 1393 2645 1447 viri
2673 1392 2977 1449 doctissimi
3015 1400 3211 1464 pra-ter
3243 1393 3345 1448 has
3371 1394 3583 1449 litteras
3612 1394 3780 1449 Clau-

2190 1480 2283 1534 dio
2312 1480 2615 1549 Apollinari
2647 1482 2972 1537 ascribenda
3002 1483 3322 1537 existimant
3345 1482 3650 1553 fragmenta
3683 1485 3780 1539 illa

2190 1580 2375 1625 contra
2403 1572 2782 1640 Montanistas,
2817 1590 2938 1643 quae
2968 1575 3160 1628 recitat
3184 1574 3455 1630 Eusebius
3482 1592 3551 1630 ex
3583 1586 3778 1630 aucto-

2188 1662 2267 1717 ris
2295 1665 2554 1735 anonymi
2581 1665 2733 1718 libris
2757 1666 2973 1719 Avircio
2995 1665 3251 1720 Marcello
3278 1668 3607 1736 nuncupatis
3634 1669 3773 1738 (55).

2189 1752 2271 1808 Ita
2315 1750 2535 1824 quidcm
2569 1757 2840 1810 Baronius
2892 1757 3005 1825 (56)
3044 1756 3242 1810 Bullini
3273 1758 3412 1827 (57),
3445 1767 3506 1811 ut
3538 1759 3775 1819 videtur.

2190 1854 2245 1899 et
2271 1844 2561 1916 Nicephori
2594 1848 2707 1917 (58)
2743 1849 3069 1902 auctoritate
3101 1849 3335 1915 ductus;
3372 1865 3609 1919 quorum
3643 1866 3778 1904 seu-

2191 1936 2361 1989 tentia
2396 1937 2649 2005 scriptori
2687 1953 2907 2007 quoque
2941 1938 3106 1991 libelli
3150 1938 3407 2007 Synodici
3454 1941 3600 2008 apud
3634 1940 3780 1995 ιλιι).

2191 2028 2352 2082 beum
2398 2030 2655 2084 arrisisse
2690 2031 3008 2098 perhibetur
3055 2031 3191 2101 (59).
3235 2030 3420 2101 Neque
3453 2033 3609 2086 aliter
3643 2047 3780 2087 sane

2191 2121 2450 2178 Baluzius
2486 2122 2620 2193 (40),
2654 2123 2747 2192 qui
2779 2138 2843 2176 ex
2875 2121 3097 2176 Eusebii
3130 2122 3479 2192 potissimum
3520 2123 3775 2177 testimo-

2192 2208 2285 2261 nio
2314 2208 2483 2262 libros
2514 2209 2637 2264 illos
2661 2208 2890 2263 Claudio
2912 2209 3217 2278 Apollinari
3260 2211 3590 2265 asserendos
3636 2227 3776 2265 con-

2189 2309 2275 2353 tra
2302 2298 2579 2353 Valesium
2626 2300 2928 2355 contendit.
2979 2300 3085 2355 Sed
3127 2300 3360 2363 frustra,
3394 2317 3517 2355 meo
3548 2302 3776 2372 quidem

2188 2390 2417 2460 judicio,
2436 2391 2614 2461 inquit
2630 2390 2694 2445 V.
2714 2392 2777 2447 C.
2798 2390 3239 2463 Gallandiusﬂl)
3260 2410 3273 2459 ;
3291 2408 3467 2462 neque
3493 2395 3638 2447 enim
3662 2392 3778 2448 Eu-

2190 2484 2377 2538 sebius
2406 2484 2458 2537 id
2487 2485 2700 2553 uspiam
2732 2485 3013 2538 memoriae
3064 2485 3489 2539 commendavit.
3512 2484 3776 2540 Testatur

2189 2574 2410 2641 quidem
2467 2574 2635 2628 semel
2680 2574 2990 2643 iterumque
3041 2574 3336 2643 episcopus
3378 2574 3772 2640 Caesariensis.

2189 2664 2451 2719 adversus
2473 2662 2943 2733 Cataphrygarum
2974 2664 3221 2718 haaresim
3256 2665 3457 2734 stylum
3482 2666 3777 2721 strinxisse

2187 2755 2591 2824 Apollinarem;
2634 2775 2652 2807 ι
2678 2758 2774 2812 sed
2803 2758 2941 2812 alios
2990 2772 3115 2811 cum
3165 2772 3231 2811 eo
3261 2774 3425 2826 quam
3454 2758 3639 2828 plures
3667 2760 3774 2813 dae

2188 2847 2362 2901 ctrina
2389 2856 2444 2901 et
2468 2848 2780 2917 eloquentia
2812 2854 3135 2917 praestantes
3163 2848 3335 2915 viros,
3364 2851 3778 2918 tanquamvali-

2188 2937 2319 2991 dum
2352 2946 2515 3007 atque
2558 2938 2823 2991 invictum
2858 2939 3050 3001 telum,
3099 2947 3229 2991 tunc
3261 2939 3534 2993 excitasse
3568 2953 3776 3008 propu-

2190 3039 2476 3101 gnatorem
2507 3030 2759 3084 veritatis
2795 3029 2963 3084 Deum
3010 3030 3175 3084 tradit
3204 3030 3339 3101 (42).
3371 3048 3390 3081 ι
3448 3029 3774 3099 Cujusmodi

2193 3135 2326 3175 sane
2377 3120 2531 3174 fuere
2574 3119 2868 3187 Miltiades,
2916 3120 3171 3187 Rhodon,
3219 3129 3273 3174 et
3302 3120 3648 3191 Apollonius,
3702 3122 3775 3176 de

2194 3213 2397 3283 quibus
2426 3212 2539 3283 agit
2568 3212 2821 3281 deinceps
2852 3212 2996 3266 idem
3034 3212 3354 3278 historicus,
3381 3211 3583 3281 quibus
3608 3226 3775 3266 enar-

2193 3306 2327 3360 ratis
2358 3305 2431 3359 ita
2462 3305 2635 3374 pergit
2661 3320 2674 3355 :
2710 3322 2728 3355 ‹
2758 3302 2912 3358 Unus
2949 3304 3115 3373 igitur
3144 3320 3211 3358 ex
3244 3304 3351 3358 illis
3379 3304 3433 3357 in
3468 3303 3586 3373 ipso
3612 3303 3774 3374 prin-

2192 3398 2337 3468 cipio
2387 3397 2601 3465 operis,
2648 3396 2795 3465 quod
2830 3397 3101 3451 adversus
3127 3394 3501 3465 Cataphrygas
3546 3409 3772 3464 compo-

2192 3489 2336 3554 suit,
2369 3488 2525 3557 prius
2564 3502 2688 3540 cum
2726 3486 2835 3541 illis
2873 3486 3019 3540 nuda
3045 3501 3179 3540 voce
3216 3486 3512 3540 dimicasse
3544 3486 3766 3553 asserit,

2189 3589 2492 3647 eorumque
2531 3592 2746 3631 errores
2777 3576 3112 3645 coarguisse.
3158 3574 3254 3631 Sic
3279 3576 3423 3630 enim
3458 3591 3767 3631 sermonem

2190 3686 2352 3725 suum
2382 3669 2595 3725 orditur
2636 3686 2649 3721 :
2697 3667 2836 3721 Cum
2865 3667 2977 3737 jam
3011 3669 3218 3722 dudum
3255 3668 3307 3722 id
3340 3669 3472 3722 mihi
3518 3670 3768 3724 muneris

2190 3762 2516 3832 injunxeris,
2546 3761 2727 3815 Avlrci
2757 3760 3008 3815 Marcelle
3042 3760 3392 3823 charissime,
3425 3778 3444 3811 ι
3471 3768 3576 3814 etc.
3626 3758 3767 3825 Quis

2188 3872 2354 3927 porro
2407 3872 2473 3910 ex
2533 3856 2617 3909 his
2648 3854 2866 3909 Eusebii
2914 3853 3101 3908 verbis
3150 3853 3252 3907 rite
3309 3853 3558 3923 colligat,
3594 3851 3768 3908 libros

2189 3948 2408 4001 Avircio
2442 3946 2697 4000 Marcello
2731 3953 3078 4014 nuncupatos
3125 3945 3194 3999 ab
3239 3944 3541 4013 Apollinari
3596 3944 3768 3999 fuisse

2189 4039 2561 4107 conscriptos,
2617 4052 2741 4091 cum
2787 4036 3144 4091 Caesariensis
3202 4037 3492 4106 episcopus
3547 4054 3565 4086 ι
3596 4050 3766 4105 quam

2189 4130 2437 4199 pluribus
2479 4149 2499 4182 ι
2559 4127 2877 4195 recensitis,
2931 4128 3026 4197 qui
3076 4129 3340 4183 adversus
3388 4126 3768 4197 Cataphrygas

2187 4224 2477 4292 scripsere,
2515 4239 2534 4272 ι
2566 4237 2733 4275 unum
2767 4237 2835 4275 ex
2878 4220 2987 4274 illis
3017 4239 3036 4270 ι
3073 4221 3240 4274 tacito
3270 4220 3390 4288 ejus
3421 4222 3645 4275 nomine
3670 4236 3767 4274 eoa-

2185 4332 2306 4368 rum
2339 4314 2608 4368 librorum
2638 4321 2921 4368 auctorem
2952 4312 3125 4367 fuisse
3152 4311 3419 4367 testetur?
3451 4310 3548 4367 His
3580 4322 3766 4368 autem

2186 4405 2270 4459 vel
2302 4404 2433 4457 illud
2462 4403 2700 4457 maxime
2726 4401 2955 4468 accedit,
2987 4410 3047 4455 ut
3074 4411 3221 4455 recte
3254 4400 3520 4467 Valesius,
3549 4401 3763 4472 Apolli-

501 4488 713 4541 Iitteras
763 4485 909 4539 illius
952 4484 1218 4537 duntaxat
1268 4482 1591 4551 allegarunt.
1640 4479 1974 4549 Comprobat
2028 4483 2081 4537 id
2112 4510 2158 4564 υ
2189 4512 2378 4552 narem
2410 4494 2647 4550 Eusebio
2690 4502 2830 4550 ιεειθ
2872 4494 2988 4564 (45)
3024 4503 3153 4547 ωηο
3198 4494 3458 4563 temporis
3485 4493 3765 4549 Mummi-

501 4580 587 4633 vir
617 4576 1080 4632 celebratissimus
1123 4591 1191 4629 ex
1225 4575 1345 4643 ipso
1383 4573 1620 4627 Eusebio
1665 4572 1935 4628 referente
1963 4576 2076 4646 (5i)

576 4760 687 4833 (24)
731 4758 1313 4833 ρᾳ-ειηεηάαεκζειηρη
1343 4772 1467 4833 pag.
1491 4755 1599 4833 220
1635 4766 1689 4810 et
1715 4754 1841 4809 225.

574 4825 688 4904 (25)
731 4828 1053 4904 Τὶῌςιιιοηιζ
1077 4828 1339 4904 ΔΕρξδιυια
1398 4825 1467 4904 ad
1491 4826 1774 4896 Lamyum,
1830 4842 1953 4897 pag.
1984 4828 2074 4895 52,

499 4897 628 4959 item
648 4897 784 4956 tom.
810 4900 848 4951 Il
879 4901 970 4952 des
1001 4897 1278 4951 Mémoires
1303 4900 1492 4952 ecclés.

573 4972 696 5093 (20)
712 4969 1038 5054 Ba.i.ll._Fab.
1057 4970 1240 5023 critic.
1275 4968 1341 5024 15
1360 4966 1516 5022 Julii.
1551 4964 1695 5023 Idem
1728 4966 1796 5022 15
1818 4965 1947 5021 Julii
1975 5006 1993 5034 ,
2020 4969 2077 5021 in

579 5052 632 5093 ta
699 5042 734 5093 2
756 5056 946 5093 atscm.

507 5042 632 5098 Vita
666 5041 734 5093 72
756 5041 946 5108 discip.

458 5127 468 5191 ι
569 5112 683 5191 (ἓξι)
718 5112 773 5191 ιιι
806 5107 965 5191 Nam
989 5110 1058 5163 αα
1089 5107 1442 5191 ἔνεοείρηοῖανη
1470 5123 1553 5191 er:

568 5177 694 5304 (28)
724 5178 807 5233 Du
853 5180 1039 5250 Cange
1092 5181 1145 5234 in
1195 5177 1428 5248 Prwfat.
1485 5181 1555 5231 ad
1619 5178 1819 5235 Chron.
1874 5177 2072 5234 Pasch.

570 5270 621 5304 α.
700 5292 715 5304 .

486 5270 891 5390 Ρᾶῗ29ῒϐανθ,
927 5318 1176 5373 Historia
1206 5319 1489 5373 rlitteraria
1508 5359 1523 5385 ,
1554 5333 1681 5390 pag.
1704 5318 1830 5373 581.

591 5388 683 5464 50)
729 5391 1061 5464 Apollinaris
1090 5390 1533 5464 Hierapolitanus
1566 5399 1621 5444 et
1652 5388 1915 5464 Serapion
1961 5389 2073 5464 A_n-

488 5459 766 5518 tiocbéna:
797 5460 948 5514 urbis
979 5476 1295 5531 episcopus,
1326 5460 1629 5531 Christum,
1658 5461 1751 5527 qui
1792 5464 1957 5513 homo
1988 5459 2071 5512 fa-

497 5544 619 5588 ctus
647 5542 752 5597 est,
805 5533 987 5584 anima
1014 5530 1319 5601 "praeditum
1360 5530 1550 5593 fuisse,
1586 5532 1730 5583 velut
1777 5545 1891 5583 rem
1933 5546 2076 5585 com-

498 5604 651 5657 muni
675 5601 921 5656 omnium
954 5616 1222 5655 consensu
1249 5608 1523 5668 receptam
1569 5602 1685 5654 suis
1720 5602 1772 5653 in
1804 5602 1958 5657 libris
1984 5617 2075 5655 as-

497 5679 811 5793 scrueruﬁ.
867 5670 1121 5726 Socrates
1160 5672 1254 5725 lib.
1288 5686 1371 5735 ιιι,
1404 5686 1523 5738 cap.
1551 5669 1615 5733 7;
1651 5669 1942 5743 Nicephor.
1974 5673 2069 5727 lib.

502 5757 556 5793 ιι.
580 5759 702 5793 can.
805 5781 819 5793 .

502 5757 556 5806 ιι,
580 5759 702 5806 cap.
730 5745 819 5794 M.

580 5759 702 5811 cap.
730 5759 819 5794 η.

569 5815 683 5881 (5t)
721 5811 968 5869 Htcrctic.
996 5810 1166 5882 fabul.
1198 5809 1291 5865 lib.
1329 5826 1363 5879 t,
1402 5825 1519 5877 cap.
1554 5810 1642 5864 21.

2184 4598 2397 4644 starum
2432 4586 2683 4641 haeresim
2735 4584 2954 4654 scriptis
2987 4586 3323 4655 exagitasse,
3369 4601 3495 4642 cum
3519 4587 3764 4657 primum

2254 4756 2369 4829 (52)
2402 4755 2545 4823 Quid
2587 4756 2656 4829 de
2680 4755 3002 4813 Melitone...
3049 4756 3179 4829 quid
3234 4756 3302 4811 de
3341 4758 3757 4827 Apollinario...

2220 4832 2277 4884 ui
2324 4828 2565 4899 Origines
2613 4828 2894 4899 hagreseon
2949 4828 3355 4899 singularum...
3392 4830 3758 4899 explicarunt.

2233 4895 2536 4967 ieronpr.
2580 4897 2648 4948 ad
2674 4895 2950 4966 Magnum,
2976 4895 3063 4950 852

2256 4967 2369 5040 (55)
2400 4966 2953 5040 gistoire_géngr._des
2980 4977 3218 5040 auteurs,
3251 4977 3382 5022 tom.
3409 4966 3477 5036 ll,
3515 4984 3639 5040 pag.
3667 4971 3760 5027 85.

2254 5036 2368 5109 (54)
2403 5037 2603 5091 Euseb.
2638 5036 2709 5109 11.
2741 5036 2806 5089 Ε.
2836 5036 2883 5109 l.
2906 5054 2961 5102 v,
2994 5053 3042 5092 c.
3073 5039 3159 5090 19.

2276 5109 2367 5179 55)
2396 5110 2501 5173 ld.,
2548 5108 2707 5174 ibid.,
2744 5108 2893 5179 c.7716
2923 5118 2977 5179 et
3002 5124 3119 5179 seq.

2276 5117 2367 5179 55)
2396 5117 2501 5173 ld.,
2548 5117 2707 5174 ωιτη
2744 5123 2793 5162 c.
2825 5117 2893 5161 16
2923 5118 2977 5161 et
3002 5124 3119 5177 seq.

2249 5117 2364 5249 (56)
2398 5178 2479 5249 Ad
2515 5178 2873 5249 annumul75,
2919 5177 2982 5249 §§
3019 5178 3052 5234 9
3082 5189 3137 5232 et
3164 5193 3280 5249 seq.

2249 5194 2341 5249 (an
2398 5194 2479 5232 Au
2515 5194 2718 5232 annum
2749 5194 2873 5245 ua,
2919 5194 2982 5249 93
3019 5194 3052 5234 υ
3082 5194 3137 5232 et
3164 5194 3223 5232 se
3268 5219 3280 5229 .

2249 5194 2364 5319 (57)
2400 5248 2686 5319 Interpret.
2721 5247 2919 5303 Euseb.
2954 5250 3048 5303 lib.
3078 5264 3131 5316 ν,
3165 5194 3331 5303 0.(15.

2255 5318 2368 5390 (58⁷)
2400 5319 2473 5373 Η.
2505 5318 2579 5390 Ε.
2603 5319 2638 5372 1.
2671 5335 2747 5385 ιν,
2780 5334 2828 5390 c.
2856 5320 2946 5373 25.

2250 5387 2365 5461 (59)
2397 5388 2766 5461 ConcilLtom.
2788 5387 2834 5461 I,
2863 5390 3005 5459 apud
3034 5388 3231 5457 Mansi,
3261 5389 3514 5445 columna
3545 5390 3669 5446 691.

2250 5458 2367 5529 (40)
2398 5460 2551 5528 Apud
2568 5458 2757 5529 {Mansi
2785 5460 2906 5513 loco
2932 5460 3117 5513 citato.

2275 5469 2367 5600 4U)
2398 5469 2757 5541 Apudltlanst
2785 5469 2906 5541 ιοςο
2932 5469 3117 5542 citato.

2273 5530 2334 5583 41
2397 5528 2683 5602 βάθιᾟιξ.
2716 5529 2916 5602 ῑζιλιη
2944 5530 3269 5602 proleg_om.,
3297 5545 3419 5602 pag.
3450 5531 3573 5585 121.

2273 5542 2363 5600 41)
2397 5542 2539 5583 mut.
2566 5542 2683 5583 PP.
2716 5542 2755 5584 t.
2789 5542 2829 5595 ι,
2862 5546 2916 5583 1n
2944 5542 3158 5599 pretego

2249 5542 2361 5670 142)
2396 5599 2593 5655 Euseb.
2633 5598 2705 5652 Η.
2741 5599 2802 5651 Ε.
2837 5600 2874 5653 l.
2902 5616 2955 5664 v,
2988 5616 3037 5653 c.
3072 5600 3158 5652 16.

2252 5671 2364 5742 (45)
2402 5670 2468 5723 Ει
2514 5670 2648 5733 alii,
2700 5677 2840 5740 quos
2880 5671 3228 5740 postmodum
3292 5672 3512 5741 scripsit
3560 5681 3753 5729 contra

2175 5741 2579 5810 Catap’hrygum
2609 5742 2879 5813 haeresim,
2914 5756 3036 5809 quae
3066 5741 3288 5808 quidem
3323 5758 3433 5795 non
3464 5746 3623 5812 longe
3654 5760 3755 5813 po-

2177 5822 2291 5871 stea
2312 5813 2578 5886 maximos
2604 5812 2869 5867 tumultus
2892 5812 3175 5878 cxcitmi';
3205 5821 3332 5868 tunc
3351 5816 3608 5884 temporis
3622 5812 3754 5869 vero
