4130 6400
502 472 3778 541 -————_————————————————___—_______'___________;.__|

1367 663 1557 827 'S.
1654 665 2862 829 .HEGESIPPUS

1873 1090 2380 1183 NOTITIA

1455 1265 1741 1329 (Gutum,
1775 1267 1880 1316 Yet.
1903 1267 2112 1319 Patrum
2133 1265 2383 1326 Biblioth.,
2428 1268 2490 1329 ll,
2518 1269 2718 1333 Proleg.
2747 1285 2796 1334 p.
2823 1271 2926 1328 ru.)

567 1383 609 1470 l;
641 1387 774 1470 Quis
811 1388 1130 1470 Hegesippus
1159 1402 1208 1470 et
1234 1405 1463 1464 quantus
1493 1397 1592 1450 vir.
1623 1395 2001 1470 Ejusqsolertia
2025 1399 2088 1470 in
2119 1400 2467 1470 monumentis
2498 1401 2763 1467 primmvte
2801 1401 3138 1470 antiquitatis
3165 1402 3557 1470 conquirendis.

565 1455 629 1510 ll.
659 1455 1389 1540 Actuurn'ecc'lesiasticorum
1434 1455 1810 1520 commentaria
1836 1469 2159 1537 perscripsit.
2206 1469 2416 1533 Quanto
2447 1455 2508 1521 iri
2532 1474 2698 1538 pretio
2743 1455 2980 1524 habitum
3014 1455 3290 1540 ejusmodi.
3319 1488 3466 1540 opus.
3503 1472 3771 1536 Quasnam

491 1541 645 1598 exeo
675 1532 957 1598 supersint.

563 1596 649 1650 lll.
687 1596 1014 1682 Hegesipp‘us
1053 1602 1409 1682 Ecclesiarum
1440 1608 1673 1682 omnium
1703 1607 1788 1682 _de
1815 1607 2024 1682 Christi
2052 1610 2328 1665 divinitate
2369 1610 2727 1665 consensionis
2759 1611 3200 1680 locupletissimus
3252 1612 3421 1666 testis.
3482 1609 3668 1682 Ipsum
3703 1613 3768 1666 in

493 1682 619 1720 suas
641 1679 818 1737 partes
851 1673 1058 1728 trahere
1088 1675 1295 1742 frustra
1323 1686 1582 1730 conantur
1611 1675 1866 1731 Unitarii.

563 1808 602 1863 l.
657 1808 1022 1882 Hegesippus,
1073 1830 1141 1870 ex
1185 1815 1602 1872 circumcisione
1654 1817 1860 1873 Christi
1913 1820 2073 1875 ﬁdem

2190 1823 2312 1876 Ἐπὶ
2351 1821 2538 1876 τούτου
2573 1823 2858 1895 (Κομόδου)
2899 1825 3237 1896 Ἡγήσιππος
3270 1821 3592 1888 τελειοῦται,
3632 1823 3772 1896 περὶ

492 1904 796 1972 amplexus,
827 1905 889 1970 ἐξ
930 1906 1193 1978 Ἑϐραίων
1230 1909 1630 1978 πεπιστευκώς,
1667 1920 1728 1966 ut
1761 1913 1938 1967 visum
1967 1913 2074 1968 Eu-

489 1995 643 2051 sebio
674 1996 772 2066 (1),
806 2015 826 2051 ι
867 1997 1081 2055 vicinus
1122 2003 1545 2069 apostolicorum
1594 2011 1920 2074 temporum,
1956 2027 1973 2057 ι
2004 2023 2074 2061 ex

489 2086 595 2141 ﬁde
624 2085 937 2160 Hieronymi
967 2091 1067 2161 (2),
1116 2095 1315 2148 saeculo
1350 2110 1387 2148 ιι
1416 2095 1641 2151 ineunte
1681 2106 1842 2153 natus
1880 2099 2073 2153 existi-

488 2187 690 2234 matur.
713 2178 810 2234 Hic
833 2191 1010 2235 autem
1037 2184 1116 2236 vir
1140 2187 1388 2254 antiquus
1408 2196 1458 2240 et
1485 2188 1828 2256 apostolicus,
1847 2191 2073 2262 ἀρχαῖός

487 2287 547 2324 τε
577 2272 716 2344 ἀνὴρ
746 2275 840 2328 καὶ
867 2277 1223 2343 ἀποστολικός
1255 2279 1353 2350 (5),
1386 2297 1453 2337 ex
1497 2281 1683 2339 Iudaea
1724 2283 1958 2342 fortasse
1985 2288 2070 2342 di-

487 2375 728 2434 gressus,
761 2368 978 2440 longum
1023 2373 1126 2427 iter
1161 2372 1391 2429 Romam
1441 2392 1615 2446 usque
1652 2381 1960 2448 suscepisse
2005 2395 2071 2436 ex

487 2455 556 2511 iis
585 2473 706 2526 quae
730 2459 796 2516 de
828 2476 887 2517 se
911 2462 1029 2532 ipso
1063 2466 1223 2521 tradit
1259 2468 1336 2538 (4)
1361 2471 1714 2539 comperitur.
1761 2471 2073 2543 Compluri—

485 2548 593 2605 bus
622 2551 805 2632 itaque
829 2555 1124 2623 provinciis
1155 2560 1475 2630 peragratis,
1505 2577 1628 2617 cum
1655 2563 1789 2618 viris
1822 2565 2072 2620 doctrina

484 2648 541 2694 et
572 2641 772 2711 pietate
793 2649 1180 2714 praestantibus
1218 2665 1506 2708 sermones
1545 2654 1737 2709 habuit
1771 2657 2070 2722 ;ecclesia-

485 2747 608 2788 rum
640 2735 860 2791 interim
900 2739 1141 2810 origines
1186 2750 1241 2796 et
1276 2745 1656 2815 episcoporum
1694 2749 2072 2805 successiones

484 2823 715 2880 solerter
745 2829 1096 2898 conquirens.
1134 2830 1381 2888 Corinthi
1421 2836 1548 2890 dum
1587 2846 1769 2907 ageret
1798 2838 1890 2893 ubi
1921 2839 2068 2893 haud

485 2929 690 2984 paucos
716 2919 834 2976 dies
852 2930 1222 2978 commoratus
1251 2934 1352 2991 est,
1381 2925 1447 2980 de
1470 2927 1617 2983 illius
1641 2928 1899 2985 Ecclesia:
1923 2939 2068 2985 statu

484 3008 820 3077 sciscitatus,
856 3013 1118 3069 intellexit
1159 3014 1470 3073 Corinthios
1527 3019 1581 3073 in
1623 3030 1768 3075 recta
1803 3022 1908 3075 ﬁde
1948 3036 2071 3090 per-

484 3103 756 3158 mansisse
784 3120 958 3175 usque
1004 3106 1070 3160 ad
1109 3105 1352 3161 Primum
1378 3109 1496 3178 ejus
1533 3111 1685 3165 urbis
1725 3112 2067 3181 episcopum,

485 3210 722 3266 quocum
753 3205 808 3251 et
834 3197 1175 3253 familiariter
1203 3211 1453 3256 versatus
1483 3211 1583 3258 est.
1619 3203 1843 3259 Romam
1877 3207 2069 3260 deinde
2101 3183 2144 3243 Β

483 3287 794 3354 contendit;
825 3304 936 3358 quo
987 3306 1110 3345 cum
1151 3293 1509 3360 pervenisset,
1560 3297 1779 3351 sedente
1821 3297 2066 3364 Aniceto,

483 3376 853 3450 successionis
877 3381 1110 3436 tabulam
1136 3399 1307 3452 usque
1328 3385 1392 3438 ad
1417 3386 1595 3455 ipsum
1630 3387 1914 3444 Anicetum
1940 3407 2071 3445 con-

483 3475 646 3544 fecit;
679 3492 844 3546 quam
869 3478 1121 3547 deinceps
1150 3480 1216 3532 ad
1246 3465 1597 3535 Eleutherum
1627 3498 1802 3551 usque
1844 3485 2069 3540 deduxit

485 3584 862 3624 successorem
893 3569 1121 3636 Soteris,
1152 3571 1245 3640 qui
1278 3571 1563 3627 Anicetum
1595 3574 1935 3630 decessorem
1966 3577 2068 3631 ha-

477 3657 696 3714 buerat.
727 3658 784 3714 In
815 3662 1044 3730 singulis
1074 3671 1251 3716 autem
1281 3663 1666 3734 episcOporum
1705 3670 2069 3723 successioni-

484 3751 611 3817 bus,
644 3763 697 3807 et
733 3769 830 3823 per
861 3755 1103 3824 singulas
1131 3756 1314 3822 urbes,
1345 3757 1591 3810 eamdem
1621 3759 1779 3812 [idem
1807 3759 2067 3829 viguisse,

486 3844 787 3915 eademque
816 3848 1088 3902 mansisse
1125 3864 1246 3917 quae
1277 3864 1372 3917 per
1401 3849 1574 3918 legem
1609 3861 1662 3904 et
1689 3852 1983 3919 prophetas
2017 3863 2072 3906 et

485 3947 520 3988 a
550 3932 784 3990 Domino
816 3936 937 4005 ipso
969 3937 1261 4006 prmdicata
1295 3936 1530 4004 fuerant,
1565 3948 1804 3993 enarrat.

555 4024 624 4081 ll.
657 4023 756 4083 His
785 4029 969 4098 itaque
1003 4029 1275 4098 primaeva:
1303 4029 1648 4098 antiquitatis
1678 4030 1946 4098 przesidiis
1983 4031 2071 4084 in-

487 4128 730 4174 structus
756 4117 1113 4191 Hegesippus,
1145 4140 1164 4173 ε
1195 4121 1512 4190 multisque,
1557 4139 1576 4171 ι
1615 4128 1676 4175 ut
1712 4139 1836 4175 cum
1881 4120 2071 4175 Hiero-

485 4226 653 4282 nymo
684 4212 881 4281 loquar
912 4211 1013 4283 (5),
1045 4232 1064 4263 ι
1111 4212 1176 4267 ad
1228 4212 1516 4266 utilitatem
1569 4213 1861 4283 legentium
1910 4216 2071 4283 perti-

486 4303 748 4358 tuentibus
786 4303 917 4358 hinc
963 4303 1090 4358 inde
1137 4304 1500 4375 congregatis,
1530 4319 1722 4358 onmes
1760 4321 1788 4358 a
1817 4306 2072 4374 passione

487 4390 707 4445 Domini
751 4406 924 4460 usque
971 4393 1037 4447 ad
1090 4410 1244 4448 suam
1296 4404 1531 4461 aetatem,
1573 4395 2067 4451 ecclesiasticorum

487 4493 708 4538 actuum
740 4491 930 4538 texens
961 4484 1236 4552 historias,
1273 4487 1516 4556 quinque
1563 4487 1732 4542 libros
1764 4491 2066 4559 COlllpUSllll

487 4587 744 4628 sermone
772 4573 1025 4643 simplici,
1057 4584 1118 4629 ut
1149 4591 1386 4645 quorum
1431 4575 1597 4630 vitam
1626 4583 1955 4642 sectabatur,
1989 4580 2073 4633 di-

487 4664 647 4720 eendi
694 4682 914 4737 quoque
957 4669 1282 4736 exprimeret
1336 4669 1728 4724 characterem.
1781 4689 1800 4719 ι
1843 4700 1914 4710 -
1959 4691 1976 4721 ι
2013 4670 2071 4725 ln

489 4759 690 4828 quibus
718 4760 960 4830 quidem,
1006 4779 1024 4812 ι
1059 4761 1238 4831 inquit
1266 4759 1537 4816 Eusebius
1564 4761 1665 4833 (6),
1704 4780 1723 4812 ‹
1760 4762 2074 4831 apostolicae

487 4853 896 4930 praedicationis
952 4854 1320 4908 narrationem
1374 4855 1710 4922 complexus,
1752 4854 2071 4909 luculentis-

490 4948 629 5000 sima
671 4946 795 5002 ﬁdei
846 4963 960 5002 suae
997 4948 1306 5002 testimonia
1349 4945 1508 5002 nobis
1542 4948 1781 5017 reliquit.
1822 4967 1840 4998 ι
1870 4948 2073 5016 Supre-

476 5040 641 5110 {mum
675 5040 819 5094 dicm
853 5040 989 5095 obiit
1033 5038 1389 5110 Hegesippus,
1424 5040 1470 5094 si
1503 5040 1635 5094 ﬁdes
1664 5039 1923 5094 Chronici
1970 5039 2072 5092 Pa-

479 5104 696 5206 !schalis
753 5132 999 5197 auctori,
1061 5147 1170 5200 quo
1223 5138 1468 5200 tempore
1533 5145 1714 5185 rerum
1766 5130 2072 5200 potiebatur

478 5210 847 5290 iCommodus,
873 5222 1188 5294 Olympiade
1223 5240 1475 5278 CCXXUX.
1505 5221 1596 5276 Sic
1625 5223 1768 5276 enim
1821 5222 1910 5276 ille
1941 5221 2018 5292 (7)
2053 5237 2065 5273 :

589 5376 644 5447 1)
668 5377 868 5432 Euseb.
906 5377 1050 5432 Hist.
1079 5379 1203 5431 eccl.
1241 5379 1336 5431 lib.
1371 5394 1443 5442 IV,
1476 5393 1597 5447 cap.
1631 5376 1719 5430 22.

671 5447 894 5502 Hieron.
929 5449 1000 5500 De
1029 5450 1126 5502 vir.
1155 5450 1379 5514 illustr.,
1412 5464 1568 5516 capp.
1598 5448 1632 5501 2
1670 5456 1723 5501 et
1749 5449 1846 5507 Ὡς

585 5518 639 5584 5)
678 5516 865 5587 Steph.
897 5517 1098 5572 Gobar.
1133 5521 1273 5587 apud
1306 5519 1463 5573 Phot.
1502 5518 1628 5573 cod.
1659 5518 1786 5572 252.

587 5588 642 5657 4)
678 5586 872 5657 Heges.
912 5589 1053 5657 apud
1088 5586 1286 5644 Euseb.
1327 5591 1362 5642 l.
1395 5605 1444 5642 c.

587 5656 642 5724 5)
675 5656 897 5710 Hieron.
922 5656 957 5710 l.
987 5675 1036 5712 c.
1483 5717 1489 5722 _

565 5725 642 5798 (ﬁ)
673 5726 870 5798 Euseb.
892 5727 1036 5798 Hist.
1066 5729 1192 5781 εδει.
1221 5728 1312 5783 lib.
1339 5745 1412 5794 Iv,
1440 5744 1596 5798 capp.
1623 5727 1654 5781 8
1679 5738 1732 5784 et.
1763 5729 1852 5786 22.

569 5793 651 5853 (Ἰ)
681 5794 880 5852 Chron.
902 5797 1096 5853 Pasch.
1135 5815 1256 5867 pag.
1289 5799 1415 5867 262,
1447 5793 1675 5854 aII—9.10.

2175 1914 2282 1968 τῶν
2311 1916 2622 1969 ἀποστόλων
2662 1917 2912 1986 μεγάλως
2948 1917 3420 1988 συγγραψάμενος,
3451 1915 3525 1978 ὡς
3556 1917 3769 1988 ἱστορεῖ

2173 2007 2434 2071 Εὐσέϐιος
2468 2009 2496 2061 ὁ
2534 2008 2839 2079 Παμφίλου.
2896 2009 3009 2064 Hoc
3061 2012 3354 2080 imperante
3398 2008 3761 2080 (Commodo),

2172 2099 2392 2152 decessit
2429 2098 2771 2170 Hegesippus,
2799 2103 2889 2171 qui
2918 2101 2980 2154 de
3020 2100 3273 2170 apostolis
3298 2101 3490 2154 eximie
3518 2101 3768 2168 scripsit,

2173 2201 2232 2245 ut
2261 2201 2486 2245 testatur
2513 2192 2770 2246 Eusebius
2802 2190 3091 2261 Pamphili.
3116 2191 3360 2246 Meminit
3383 2192 3546 2247 etiam
3576 2189 3774 2260 Hegea

2174 2284 2314 2354 sippi
2357 2283 2694 2339 Sozomenus
2726 2286 2823 2354 (8),
2866 2301 3102 2354 eumque
3141 2304 3158 2337 ι
3192 2285 3371 2339 virum
3420 2283 3765 2353 sapientissi-

2172 2393 2324 2432 mum
2363 2395 2382 2429 ι
2415 2377 2670 2447 appellat,
2694 2380 2786 2446 qui
2809 2377 2875 2432 ad
2907 2394 3002 2433 sua
3029 2393 3206 2448 usque
3228 2385 3472 2448 tempora
3499 2376 3769 2432 Ecclesia

2174 2468 2459 2524 historiam
2488 2470 2822 2539 perduxerit.

2247 2556 2445 2614 Verum
2498 2573 2698 2628 magno
2748 2557 3132 2614 ecclesiasticae
3172 2559 3512 2628 antiquitatis
3554 2558 3768 2612 damno

2171 2650 2290 2720 ejus
2323 2651 2688 2721 ὑπομνήματα
2717 2651 3128 2716 interciderunt,
3173 2651 3220 2705 si
3269 2651 3477 2720 aliquot
3511 2649 3760 2718 pneclari

2172 2743 2354 2812 operis
2380 2741 2702 2813 fragmenta,
2733 2753 2786 2797 et
2808 2744 3026 2812 quidem
3053 2744 3309 2807 illustria,
3333 2743 3592 2812 excipias.
3617 2739 3763 2795 Sunt

2172 2843 2354 2889 autem
2403 2836 2728 2905 ejusmodi":
2776 2835 2817 2891 1.
2855 2836 2932 2889 De
2976 2837 3200 2889 historia
3247 2836 3495 2906 martyrii
3539 2833 3766 2895 Jacobi,

2173 2927 2361 2996 fratris
2397 2926 2630 2980 Domini.
2675 2926 2738 2980 ll.
2771 2926 2846 2982 De
2884 2928 3192 2998 propinquis
3233 2927 3529 2982 Saluatoris
3562 2925 3758 2980 nostri.

2171 3017 2257 3071 Ill.
2291 3017 2366 3072 De
2416 3016 2692 3088 Symeonis
2737 3018 2916 3088 Clopa:
2957 3020 3081 3088 ﬁlii,
3119 3019 3610 3088 Hierosolymorum
3641 3019 3759 3088 epi-

2172 3112 2338 3180 scopi,
2373 3111 2652 3179 martyrio.
2688 3109 2775 3164 IV.
2814 3111 2889 3164 De
2919 3120 3146 3180 tempore
3186 3128 3287 3180 quo
3327 3111 3510 3180 ﬂoruit
3541 3111 3766 3180 ipsemet

2175 3201 2520 3272 Hegesippus.
2562 3200 2627 3254 V.
2677 3201 2747 3255 De
2797 3219 2892 3256 sua
2936 3205 3257 3272 profectione
3301 3203 3370 3256 ad
3420 3205 3600 3256 urbem
3652 3202 3753 3256 R0-

2170 3310 2331 3356 mam,
2370 3304 2417 3346 et
2444 3295 2506 3346 de
2539 3293 2991 3348 sectis'Judaicis.
3023 3293 3098 3348 Ea
3125 3311 3251 3349 vero
3279 3295 3516 3364 primum
3541 3293 3762 3364 collegit

2169 3383 2473 3441 llalloixius
2517 3387 2616 3456 (9),
2667 3389 2863 3442 deinde
2912 3387 3150 3441 Grabius
3183 3387 3296 3456 (10)
3340 3405 3353 3440 :
3396 3401 3535 3456 quos
3567 3397 3620 3440 et
3657 3401 3762 3441 nos

2169 3479 2362 3544 secuti,
2394 3494 2460 3533 ex
2496 3477 2754 3542 Eusebio,
2795 3479 2989 3534 Photio
3026 3490 3080 3534 et
3117 3478 3367 3550 Synccllo
3401 3479 3763 3548 protulimus,

2169 3570 2366 3625 additis
2390 3570 2735 3639 potissimum
2753 3568 2953 3624 Valesii
2981 3568 3042 3624 ν.
3068 3569 3130 3624 C.
3162 3569 3758 3634 animadversionibus,

2169 3662 2369 3731 quibus
2395 3663 2557 3716 etiam
2603 3661 2859 3716 nonnulla
2894 3677 2958 3715 ex
2996 3662 3116 3716 aliis
3151 3661 3505 3730 subjecimus.
3549 3659 3654 3714 Sed
3688 3661 3755 3713 ad

2169 3753 2532 3823 fragmentum
2585 3753 2611 3806 1
2663 3754 2810 3821 quod
2860 3755 3070 3817 attinet,
3125 3753 3273 3806 haud
3326 3753 3547 3806 omittas
3591 3751 3758 3805 velim

2171 3846 2623 3900 Dissertationem
2655 3845 2991 3899 celeberrimi
3018 3845 3237 3898 Antonii
3261 3843 3483 3897 Arualdi
3507 3859 3632 3897 cum
3658 3858 3751 3897 no-

2169 3937 2241 3992 tis
2274 3935 2576 3990 doctissimi
2615 3935 2947 3990 Tillemoutii
2984 3936 3215 4006 margini
3266 3935 3554 4004 appositis,
3587 3949 3758 4004 quam

2171 4030 2237 4082 ad
2286 4029 2488 4081 calcem
2539 4027 2668 4080 tomi
2713 4029 2732 4078 1
2773 4026 3233 4080 Monumentorum
3274 4027 3754 4080 ecclesiasticarum

2170 4120 2415 4189 ejusdem
2457 4118 2787 4172 Tillemoutii
2830 4119 3005 4187 legere
3035 4130 3139 4173 est.

2242 4207 2328 4261 lll.
2358 4207 2532 4262 Porro
2568 4207 2699 4260 illud
2740 4208 3034 4262 observare
3083 4216 3304 4277 praestat
3351 4223 3475 4261 cum
3523 4207 3594 4261 cl.
3639 4204 3760 4260 Ma-

2172 4317 2310 4354 rano
2349 4301 2484 4369 (11),
2531 4299 2895 4369 Hegesippum
2945 4303 3210 4370 aequalem
3258 4302 3466 4353 Irenaeo
3505 4300 3761 4370 (uterque

2170 4393 2317 4446 cnim
2352 4392 2453 4446 sub
2483 4389 2776 4445 Eleuthero
2812 4390 3104 4458 scribebat)
3135 4389 3485 4444 ecclesiarum
3510 4389 3758 4443 omnium

2175 4482 2240 4536 de
2263 4483 2466 4538 Christi
2496 4482 2780 4536 divinitate
2820 4482 3202 4537 consensionis
3227 4490 3415 4536 testem
3445 4481 3762 4552 locupletis-

2176 4575 2376 4630 simum
2408 4575 2704 4630 exstitisse.
2735 4574 2857 4644 lpse
2888 4591 3124 4644 namque
3147 4574 3288 4643 apud
3318 4572 3612 4627 Eusebium
3643 4572 3762 4643 (12)

2174 4675 2404 4722 testatur
2433 4688 2451 4718 ι
2489 4682 2568 4732 se,
2596 4682 2720 4721 cum
2751 4665 2982 4720 Romam
3013 4667 3470 4738 proﬁcisceretur,
3494 4666 3761 4736 plurimos

2173 4759 2462 4828 episcopos
2487 4758 2707 4825 adiisse,
2739 4767 2792 4813 et
2823 4759 2891 4812 ab
2921 4759 3179 4813 omnibus
3203 4774 3367 4811 unam
3400 4757 3763 4826 eamdemque

2175 4853 2449 4907 audivisse
2481 4852 2808 4906 doctrinam.
2858 4871 2876 4901 ι
2915 4851 3219 4920 Paucisque
3257 4850 3576 4919 iuterjeetis,
3622 4851 3758 4903 sub-

2170 4936 2292 4998 dit:
2342 4944 2429 4995 Ἑν
2473 4943 2676 5013 ἑκάστῃ
2726 4941 2783 4993 δὲ
2829 4941 3065 5012 διαδοχῇ,
3101 4942 3196 4994 καὶ
3243 4943 3300 4994 ὲν
3346 4941 3554 5013 ἑκάστῃ
3603 4940 3759 4994 πόλει

2172 5033 2344 5096 οὕτως
2385 5033 2515 5102 ἔχει,
2549 5033 2623 5095 ὡς
2658 5034 2685 5084 ὁ
2720 5031 2881 5102 νόμος
2931 5031 3188 5103 κηρύττει
3234 5031 3330 5084 καὶ
3383 5032 3430 5083 οἱ
3483 5030 3759 5102 προφῆται

2174 5124 2268 5176 καὶ
2294 5127 2321 5175 ὁ
2346 5124 2567 5194 Κύριος.
2607 5123 2671 5176 In
2698 5123 2920 5191 singulis
2954 5133 3128 5176 autent
3159 5123 3516 5191 episcoporum
3555 5139 3760 5174 succes-

2172 5215 2430 5279 sionibus,
2475 5225 2524 5268 et
2574 5232 2664 5284 per
2707 5216 2945 5285 singulas
2973 5218 3124 5270 urbes
3165 5215 3346 5268 eadem
3383 5223 3617 5280 manent,
3642 5229 3760 5283 quc

2269 5375 2322 5446 8)
2359 5374 2578 5456 Sozom.
2615 5375 2757 5455 Hist.
2789 5375 2924 5455 eccl._
2953 5375 3047 5428 lih.
3082 5391 3120 5439 ι,
3153 5389 3274 5496 cap.
3310 5375 3360 5432 1.

2269 5449 2321 5496 9i
2357 5443 2791 5496 llallonx.Scrmt.
2831 5445 3032 5496 Orient.
3052 5453 3186 5496 tom.
3249 5445 3287 5496 1.
3317 5460 3360 5496 D:

2269 5443 2321 5514 9)
2357 5443 2791 5513 llalloix.Script.
2831 5445 3032 5515 Orient.
3052 5453 3186 5500 tom.
3224 5443 3287 5510 ll,
3314 5460 3470 5515 pagg.
3498 5443 3752 5502 703-715.

2245 5514 2546 5585 ('10)Grab.
2600 5515 2788 5584 Spicil.
2827 5515 2928 5570 SS.
2963 5514 3078 5568 PP.
3139 5525 3269 5569 tom.
3315 5514 3573 5588 ll,'pagg.
3615 5515 3752 5571 205-

2172 5588 2360 5746 ῗιηῗίι)
2392 5655 2602 5746 Magn.
2639 5657 2861 5711 Divinit.
2904 5656 2968 5712 ι).
3011 5654 3082 5709 Ν.
3113 5654 3170 5708 J.
3209 5655 3272 5711 ο.
3308 5657 3401 5710 lib.
3439 5675 3499 5723 ιι,
3525 5673 3647 5729 cap.
3693 5656 3752 5724 5,

2175 5730 2280 5802 §5.
2313 5744 2435 5796 pag.
2468 5729 2596 5781 951.

2245 5799 2355 5864 (1'2)
2390 5797 2588 5854 Euseb.
2630 5795 2771 5852 Hist.
2808 5797 2934 5852 εστι.
2960 5797 3055 5852 lib.
3091 5814 3164 5857 ιγ.
3195 5813 3314 5869 cap.
3340 5799 3432 5852 9.2.
