4130 6398
408 402 411 405 ’
451 395 593 453 1305

1567 395 1626 451 S.
1669 393 2117 454 HEGESIPPUS.
2147 427 2219 439 ——
2248 395 2557 456 NOTITIA.
3091 394 3120 421 '

3577 400 3716 453 1506

443 525 537 578 per
568 511 730 582 legem
772 526 835 564 ac
868 512 1170 580 prophetas,
1196 500 1249 565 et
1274 527 1306 565 a
1335 508 1559 564 Domino
1601 512 1712 581 ipso
1742 514 2033 582 prwdicata
2063 518 2109 573 Α
2135 512 2179 567 si
2212 510 2493 567 Uuitarius
2524 512 2625 567 fuit
2653 511 2987 583 Hegesippus
3014 509 3181 582 (quod
3211 524 3299 567 me
3328 508 3591 580 probasse
3620 529 3714 568 ar-

447 612 593 659 wnt.
645 600 779 669 Quae
821 604 1039 673 quidem
1092 618 1159 658 ex
1210 603 1400 658 eodem
1455 601 1689 658 Eusebio
1746 614 2024 675 excerpta,

444 698 613 768 paulo
641 696 896 765 superius
926 711 1028 751 nos
1054 696 1347 765 protulisse
1378 694 1748 751 meminimus.

513 791 653 855 Cum
676 790 861 859 itaque
879 804 969 845 res
1003 789 1083 845 sic
1105 804 1162 844 se
1185 789 1404 856 habeat,
1441 807 1460 840 ς
1493 790 1612 843 luce
1631 788 1834 843 clarius
1862 795 1966 852 est,
2000 808 2018 840 ι

440 888 521 943 ait
561 886 815 941 laudatus
861 882 1137 949 Maranus,
1168 901 1187 933 ι
1224 881 1585 951 Hegesippum
1624 880 1814 935 eodem
1852 896 1917 935 ac
1960 878 2018 935 S.

440 978 705 1035 Irenaeum
735 986 981 1047 tempore
1024 977 1374 1041 scribentem,
1404 974 1734 1043 eosdemque
1768 973 2020 1029 refellen-

441 1078 549 1125 tem
582 1068 893 1134 haereticos,
918 1067 1060 1123 hanc
1083 1065 1437 1121 ecclesiarum
1462 1063 1879 1119 consensionem
1909 1078 2019 1116 non

441 1164 551 1218 alio
584 1178 749 1233 quam
782 1161 1044 1216 Irenaaum
1079 1158 1329 1221 consilio,
1356 1172 1457 1212 nec
1477 1156 1612 1211 alios
1642 1156 1698 1210 in
1725 1171 1858 1210 usus
1883 1170 2020 1224 prm-

438 1256 644 1310 dicare.
698 1252 983 1322 Repugnat
1031 1252 1177 1305 enim
1230 1258 1290 1303 ut
1339 1247 1397 1302 S.
1454 1247 1688 1303 lrcnaeus
1740 1247 1900 1301 fidem
1961 1248 2015 1301 in

437 1346 612 1400 Deum
646 1345 991 1399 incarnatum
1023 1350 1133 1397 toto
1170 1340 1302 1393 orbe
1334 1339 1538 1408 vigere,
1573 1338 1673 1392 iste
1704 1353 1832 1391 vero
1859 1336 2015 1391 Chri—

436 1448 585 1493 stum
629 1437 698 1490 ab
727 1436 983 1491 omnibus
1035 1432 1336 1501 simplicem
1382 1429 1658 1482 hominem
1712 1427 2015 1481 existimari

2127 603 2321 674 hitror)
2352 603 2487 657 nihil
2540 604 2684 658 aliud
2736 605 3046 674 significare
3086 610 3285 672 potest,
3332 618 3495 672 quam
3536 606 3716 659 credi-

2123 694 2270 749 disse
2301 692 2571 749 Ecclesias
2598 695 2719 749 illas
2748 710 2872 750 cum
2910 692 3521 759 Judaico-Christianis,
3552 692 3713 748 Chri-

2124 794 2268 841 stum
2296 784 2588 839 Dominum
2606 785 2884 839 hominem
2906 800 3027 839 esse
3050 783 3368 854 prophetam
3392 792 3446 837 et
3474 784 3710 855 legatum

2122 875 2240 944 Dei,
2269 892 2432 946 super
2477 892 2640 947 quem
2691 876 2875 947 Logos
2911 876 3026 931 sive
3072 876 3314 931 divinum
3342 873 3579 929 Verbum
3612 890 3707 930 ac-

2120 969 2344 1038 quievit.
2388 987 2407 1019 ι

2195 1078 2214 1110 ι
2254 1058 2351 1112 llic
2398 1073 2579 1128 operae
2626 1059 2862 1128 pretium
2912 1066 2998 1113 est
3045 1057 3478 1113 animadvertere
3538 1072 3710 1126 quam

2118 1159 2300 1219 aperte
2343 1165 2529 1205 secum
2578 1159 2820 1221 pugnent
2867 1148 3170 1217 Sociniani,
3226 1165 3389 1219 quam
3437 1150 3601 1219 impie
3648 1151 3709 1205 in

2116 1239 2281 1294 rebus
2312 1239 2549 1293 maxime
2589 1240 2748 1294 seriis
2774 1240 3076 1306 ludiﬁcem,
3104 1240 3232 1294 dum
3259 1239 3623 1310 Hegesippum
3649 1249 3708 1295 et

2118 1330 2395 1384 laudatum
2444 1332 2513 1386 ab
2553 1346 2617 1386 eo
2666 1330 3034 1386 Ecclesiarum
3087 1346 3416 1387 consensum
3458 1332 3527 1387 ad
3568 1348 3708 1388 usus

2115 1435 2247 1491 suos
2296 1423 2617 1493 adjungunt.
2652 1422 2756 1489 Qui
2789 1423 2933 1477 enim
2966 1423 3021 1477 id
3053 1424 3322 1492 quadrare
3366 1425 3539 1493 possit
3575 1440 3701 1478 cum

436 1534 682 1585 testettJr.
732 1525 852 1580 Non
893 1535 1075 1582 tamen
1116 1523 1283 1593 pudet
1330 1519 1603 1575 Unitarios
1648 1516 2011 1588 llegesippum
2112 1528 2302 1570 eorum
2336 1516 2654 1585 principiis?
2686 1514 2967 1569 Scribebat
3011 1514 3346 1585 Hegesippus
3399 1517 3502 1571 sub
3542 1516 3703 1571 Eleu-

435 1635 539 1674 suo
573 1619 720 1689 gregi
757 1616 1049 1681 ascribere,
1078 1623 1132 1668 et
1175 1628 1504 1669 consensum
1553 1610 1810 1665 Ecclesiae
1847 1626 2011 1680 quem
2114 1606 2288 1671 thero,
2328 1624 2491 1677 quem
2522 1618 2859 1676 postremum
2894 1621 2962 1661 ex
2995 1606 3261 1661 Romanis
3309 1607 3580 1677 episcopis
3610 1623 3701 1664 rc-

433 1709 708 1764 hazreticis
742 1708 910 1763 Deum
948 1709 1287 1760 inc-amatum
1330 1703 1651 1773 negantibus
1689 1703 1893 1771 objicit,
1931 1702 2011 1757 sic
2110 1705 2325 1764 censet,
2376 1697 2429 1752 id
2471 1705 2556 1752 est
2601 1697 2764 1751 annis
2812 1695 2924 1751 fere
2969 1694 3366 1765 quadraginta,
3411 1707 3699 1766 postquam

432 1802 803 1871 interpretari,
834 1800 991 1869 quasi
1022 1800 1274 1853 universa
1310 1795 1546 1851 Ecclesia
1569 1794 1843 1849 Christum
1876 1794 2008 1849 sim—
2108 1785 2360 1843 Justinus
2387 1804 2418 1841 a
2448 1803 2557 1858 quo
2594 1786 2994 1842 Platonismum
3026 1787 3310 1842 inductum
3345 1788 3555 1853 volunt,
3580 1788 3702 1841 ani-

429 1893 630 1964 plicem
668 1891 947 1947 hominem
986 1889 1376 1945 consensisset.
1426 1906 1446 1939 ›

507 1982 612 2038 Sed
644 1984 1005 2039 orthodoxam
1039 1984 1170 2037 tanti
1200 1981 1378 2037 Patris
1404 1980 1707 2035 doctrinam
1749 1981 1815 2035 de
1853 1978 2014 2032 Chri-

430 2076 502 2131 sti
536 2077 836 2137 divinitate,
869 2085 1055 2129 contra
1089 2074 1284 2144 impios
1312 2082 1543 2128 conatus
1576 2080 1798 2125 strenue
1830 2078 2013 2124 tuetur

428 2169 515 2222 vir
544 2167 916 2231 doctissimus,
952 2167 1044 2221 ubi
1071 2168 1134 2220 de
1165 2182 1418 2219 consensu
1460 2174 1721 2218 sectarum
1769 2180 1885 2215 cum
1921 2178 2009 2215 ec—

430 2257 605 2311 clesiis
638 2257 934 2322 catholicis,
967 2272 1030 2309 ac
1065 2256 1234 2324 primo
1269 2256 1332 2308 de
1378 2253 1661 2307 Nazarwis
1701 2268 2008 2307 sermonem

430 2347 595 2402 habet
632 2366 646 2401 :
679 2347 836 2417 cujus
884 2348 1111 2417 proinde
1167 2347 1327 2401 verba
1379 2346 1437 2400 in
1481 2346 1720 2399 medium
1771 2342 2009 2413 proferre

427 2448 646 2512 praestat
660 2481 673 2493 .

505 2549 525 2583 ι
569 2528 628 2585 ln
676 2528 1060 2584 Nazaraeorurn
1105 2537 1273 2591 secta,
1315 2528 1491 2599 inquit
1534 2528 1669 2598 (13),
1730 2526 2007 2581 Sociuiani

424 2620 738 2691 praesidium
776 2635 956 2674 causa!
997 2634 1110 2675 sua!
1155 2619 1511 2684 constituunt,
1547 2629 1601 2673 et
1642 2617 2005 2688 Hegesippum

422 2726 589 2782 quem
635 2710 902 2767 Eusebius
944 2727 1010 2765 ex
1063 2710 1402 2767 circumcisis
1454 2710 1782 2765 Christianis
1839 2708 2008 2763 fuisse

424 2803 701 2873 opinatur,
727 2813 1022 2874 patronum
1046 2803 1147 2859 sibi
1181 2803 1476 2859 asciscunt.
1504 2801 1702 2857 Praeter
1727 2812 2005 2857 auctorem

423 2893 623 2950 Irenici
652 2893 1004 2959 Irenicorum,
1035 2895 1127 2964 qui
1159 2910 1218 2950 se.
1246 2894 1313 2949 de
1349 2892 1622 2949 Nazaracis
1652 2901 1706 2948 et
1737 2894 1803 2947 de
1835 2891 2008 2963 Hege-

424 2986 580 3056 sippo
612 2986 815 3056 passim
847 2986 1089 3041 venditat
1123 2986 1256 3057 (14),
1289 2986 1399 3040 duo
1425 2986 1669 3054 ejusdem
1700 2994 1844 3038 notae
1871 2984 2009 3039 scri-

421 3086 607 3149 ptores
636 3062 779 3148 apud
808 3076 1021 3132 Bullum
1051 3080 1291 3133 citantur
1315 3078 1451 3148 (15),
1481 3078 1573 3149 qui
1605 3091 1714 3131 non
1747 3076 2009 3147 Hegesip-

420 3184 551 3239 pum
586 3170 785 3235 solum,
813 3169 907 3224 sed
937 3185 1128 3225 omnes
1159 3170 1322 3225 etiam
1353 3168 1591 3225 Orientis
1617 3178 1670 3224 et
1699 3168 2006 3225 Occidentis

2041 1881 2085 1935 B
2116 1894 2262 1932 mum
2294 1880 2361 1934 ad
2397 1879 2675 1948 religionis
2719 1878 3091 1933 defensionem
3135 1879 3434 1947 appulerat.
3466 1876 3702 1933 Necesse

2110 1980 2197 2027 est
2222 1986 2353 2041 ergo
2384 1978 2610 2025 sanctus
2646 1978 2853 2040 martyr
2889 1984 3111 2039 operam
3146 1968 3340 2023 luserit
3374 1970 3429 2023 in
3456 1970 3701 2035 docendo

2110 2062 2448 2118 Platonismo
2489 2062 2758 2132 :jamque
2811 2061 2902 2116 alii
2950 2060 3211 2139 novitatis
3260 2067 3699 2131 auctores‘quae~

2109 2154 2285 2220 rendi,
2330 2154 2376 2209 si
2426 2154 2629 2209 veritas
2672 2161 2825 2207 tanto
2864 2162 2990 2222 post
3043 2153 3096 2207 in
3138 2152 3393 2207 omnibus
3436 2151 3699 2221 Ecclesiis

2110 2262 2325 2302 summo
2354 2260 2625 2300 consensu
2653 2245 2886 2315 vigebat.
2936 2244 3139 2298 Deinde
3162 2260 3293 2298 vero
3338 2259 3583 2298 errorem
3609 2243 3697 2299 fa—

2110 2345 2293 2392 tentur
2319 2352 2427 2392 non
2477 2336 2659 2391 subito
2695 2336 2751 2389 in
2778 2333 3076 2389 Ecclesiam
3120 2334 3405 2404 irrupisse,
3446 2335 3540 2389 sed
3574 2334 3699 2405 qui-

2106 2425 2335 2483 busdam
2358 2424 2525 2479 veluti
2549 2424 2809 2495 gradibus
2832 2424 3205 2493 obrepentem,
3230 2424 3333 2480 sub
3356 2421 3575 2479 Victore
3596 2425 3682 2479 do-

2106 2518 2303 2573 minari
2338 2517 2646 2587 incazpisse.
2682 2516 2787 2572 Sed
2821 2518 2867 2572 si
2897 2518 2999 2572 sub
3031 2515 3324 2572 Eleuthero
3348 2532 3416 2572 ne
3440 2516 3697 2587 cognitus

2107 2609 2350 2679 quidem,
2373 2611 2476 2664 sub
2506 2609 2625 2679 ejus
2655 2624 2975 2666 successore
3004 2609 3210 2680 ubique
3256 2609 3541 2680 regnavit;
3582 2624 3695 2664 non

2102 2699 2216 2770 jam
2251 2700 2441 2755 leviter
2477 2701 2789 2757 insinuatus
2823 2710 2928 2767 est,
2978 2704 3070 2755 sed
3107 2701 3288 2772 potius
3321 2701 3461 2756 intra
3496 2716 3695 2756 novem

2108 2806 2282 2846 annos
2331 2790 2587 2863 (amplius
2620 2794 2766 2848 enim
2809 2791 2995 2848 Victor
3029 2809 3139 2846 non
3189 2792 3350 2864 sedit)
3385 2801 3560 2847 totum
3596 2808 3695 2848 ore

2105 2883 2233 2940 hem
2268 2893 2538 2938 terrarum
2574 2885 2767 2956 rapido
2800 2885 3041 2956 quodam
3079 2885 3331 2939 incendio
3363 2886 3621 2955 pervasit.

2182 2992 2202 3026 ι
2247 2975 2354 3030 Sed
2384 2975 2431 3031 si
2473 2975 2589 3031 hac
2619 2977 2687 3031 de
2720 2975 3007 3047 Hcgesippi
3042 2985 3096 3031 et
3128 2977 3375 3031 omnium
3423 2974 3696 3032 Ecclesia-

2107 3082 2231 3121 rum
2259 3065 2578 3123 Ebionismo
2610 3078 2943 3137 commenta,
2974 3084 3043 3124 ne
3073 3084 3198 3125 cum
3235 3068 3544 3125 Sociuianis
3570 3070 3695 3140 qui-

2109 3156 2232 3213 dem
2253 3160 2578 3216 commentis
2599 3169 2937 3231 congruunt;
2966 3161 3137 3215 multo
3162 3161 3344 3216 minus
3366 3174 3490 3215 cum
3520 3161 3695 3231 ipsius

420 3257 717 3325 Ecclesias,
749 3275 983 3329 quarum
1030 3276 1358 3316 consensum
1414 3262 1600 3317 laudat
1644 3259 2001 3330 Hegesi‘ppus,

2109 3250 2398 3322 Hcgesippi
2446 3253 2761 3308 testimonio
2794 3262 3113 3323 congruent.
3150 3252 3200 3309 ls
3244 3255 3409 3321 enim,
3437 3262 3498 3308 ut
3528 3256 3695 3309 modo

420 3348 615 3403 haeresi
642 3362 754 3402 sum
782 3347 1082 3402 ascribunt.
1128 3348 1240 3404 Hos
1287 3364 1439 3403 more
1477 3364 1578 3403 suo
1620 3351 1877 3418 compilat
1908 3364 2007 3402 au-

418 3446 537 3494 ctor
570 3430 894 3489 Pldtonismi
924 3437 1112 3489 detecti
1139 3436 1273 3509 (16).
1324 3436 1415 3492 Sic
1471 3448 1651 3493 autem
1688 3440 1829 3507 apud
1880 3439 2007 3492 Bul-

419 3528 533 3583 lum
562 3528 676 3599 (17)
711 3537 903 3584 auctor
948 3529 1073 3583 libri
1120 3530 1264 3585 illius
1313 3530 1410 3601 qui
1463 3530 1740 3584 Iudicium
1772 3530 2002 3584 Patrum

417 3619 759 3688 inscribitur,
793 3636 949 3676 suam
978 3630 1031 3675 et
1059 3622 1357 3692 gregalium
1400 3623 1723 3677 sententiam
1758 3623 2000 3692 exponit.

422 3731 443 3765 ι
479 3711 684 3779 Primo,
724 3732 743 3764 ι
777 3713 974 3783 inquit,
1028 3732 1049 3765 ι
1092 3712 1429 3783 Hegesippus
1458 3712 1563 3769 fuit
1599 3715 1715 3784 ipse
1744 3713 2000 3770 Iudaico-

416 3804 785 3868 Christianus,
815 3812 877 3859 ut
915 3803 1182 3860 Eusebius
1211 3792 1441 3860 testatur
1469 3804 1581 3875 (18)
1608 3822 1622 3871 ;
1654 3819 1845 3860 omnes
1874 3820 2002 3861 vero

415 3893 1000 3961 Judaico-Christiani,
1044 3902 1182 3951 teste
1227 3896 1481 3967 Origene,
1524 3894 1790 3951 Ebionita:
1828 3895 1996 3951 fuere.

416 3987 483 4041 ΙΙ.
503 3987 647 4041 Idem
665 3985 933 4042 Eusebius
960 3987 998 4041 l.
1022 4002 1071 4043 c.
1096 3987 1229 4042 dicit
1250 3985 1614 4058 Hegesippum
1640 4003 1799 4042 usum
1831 3987 2001 4044 fuisse

419 4079 476 4134 S.
514 4078 750 4133 Matthaei
780 4077 1048 4132 Hebraico
1097 4076 1409 4146 Evangelio,
1457 4092 1567 4146 quo
1604 4078 1721 4133 solo
1754 4078 1837 4132 usi
1870 4088 2000 4132 sunt

416 4172 685 4229 Ebionitte
702 4180 754 4226 et
779 4170 1007 4226 Unitarii
1036 4169 1352 4224 Christiani.
1384 4169 1471 4223 Ill.
1498 4168 1832 4239 Hcgesippus
1856 4171 1997 4238 apud

418 4263 709 4319 Eusebium
740 4262 939 4317 ibidem
971 4261 1273 4331 catalogum
1321 4260 1585 4316 exhibens
1615 4260 1995 4317 haereticorum

416 4355 510 4426 qui
554 4356 637 4409 vel
683 4371 751 4409 ex
796 4352 992 4408 Iudaeis
1044 4360 1218 4416 erant,
1248 4351 1334 4405 vel
1376 4350 1517 4405 inter
1558 4351 1787 4421 gentiles
1820 4354 1995 4407 exorti

415 4457 563 4513 sunt,
602 4449 656 4503 in
686 4463 751 4502 eo
773 4447 1023 4518 catalogo
1064 4446 1290 4500 minime
1335 4451 1580 4499 recenset
1612 4444 1993 4501 Cerinthianos

414 4540 497 4594 vel
525 4539 835 4603 Ebionitas;
871 4540 1014 4609 quod
1042 4538 1230 4607 procul
1263 4537 1427 4594 dubio
1459 4535 1698 4603 fecisset,
1726 4538 1772 4593 si
1798 4537 1996 4593 Serva-

415 4631 550 4685 toris
597 4631 771 4686 nostri
823 4631 1312 4701 praeexsistentiam
1358 4624 1438 4687 'ac
1489 4630 1828 4685 divinitatem
1879 4631 1997 4702 ipse

411 4722 754 4778 credidisset.
796 4742 814 4775 ι
849 4722 941 4778 His
976 4724 1295 4793 praemissis,
1330 4725 1410 4780 sic
1439 4725 1505 4779 de
1536 4723 1792 4778 omnibus
1812 4722 1998 4779 Eccle-

410 4815 510 4869 siis
542 4814 828 4869 arbitrium
879 4813 1044 4871 facit:
1081 4834 1100 4867 ‹
1141 4817 1233 4871 Ait
1273 4815 1610 4888 Hegesippus
1643 4817 1787 4887 apud
1822 4815 1994 4871 Euse-

412 4906 563 4961 bium
592 4907 728 4977 (19),
769 4923 828 4963 se
865 4906 1096 4961 Romam
1140 4909 1446 4978 profectum
1487 4908 1681 4977 fuisse,
1713 4918 1876 4980 atque
1922 4909 1995 4963 ibi

408 4998 613 5054 vixisse
637 4999 741 5053 sub
773 5000 930 5068 papis
955 5000 1206 5066 Aniceto,
1239 4999 1427 5055 Sotere
1464 5009 1518 5055 et
1545 5000 1865 5066 Eleuthero,
1895 4999 1997 5054 ibi-

409 5104 517 5158 que
545 5098 599 5145 et
644 5090 701 5144 in
732 5089 854 5145 aliis
900 5091 1158 5146 omnibus
1192 5092 1616 5163 episcopalibus,
1658 5092 1936 5147 doctrinas
1963 5105 1995 5145 a

408 5181 529 5253 lege
557 5190 612 5237 et
640 5182 919 5251 prophetis
952 5191 1117 5251 atque
1153 5198 1183 5236 a
1211 5184 1498 5241 Servatorc
1526 5194 1714 5240 nostro
1742 5186 1991 5251 traditas,

408 5285 759 5329 conservatas
806 5273 996 5328 fuisse.
1026 5273 1223 5343 Verbo,
1256 5275 1455 5331 fatetur
1487 5291 1547 5332 se
1587 5277 1860 5333 invenisse
1890 5277 1995 5333 Ec-

409 5366 606 5422 clesias
634 5366 836 5436 ubique
863 5366 1195 5423 orthodoxas
1218 5377 1271 5423 et
1298 5367 1617 5425 uniformcs.
1644 5368 1758 5426 Hoc
1788 5380 1991 5438 autem,

626 5558 834 5640 yara‘n.
942 5576 992 5615 c.
1030 5557 1149 5640 cap.
1172 5561 1234 5640 _7,
1263 5564 1385 5631 pag.
1416 5564 1544 5640 ‘24_6_.
1581 5581 1698 5640 seq.

626 5628 1005 5709 @‘wisz‘lren:
1036 5628 1440 5709 Irenic.,'pagg.
1567 5645 1623 5709 et
1654 5628 1774 5692 111.

410 5772 415 5775 μ
479 5698 774 5779 (15)_Bull.
820 5698 1039 5755 Primit.
1090 5714 1139 5756 et
1201 5698 1427 5773 apostoi.‘
1484 5706 1692 5761 Tradit.
1761 5724 1879 5779 cap.
1935 5709 1989 5776 5,

408 5772 533 5847 pag.
574 5770 660 5827 12,
689 5784 805 5839 seq.
1237 5770 1244 5773 ”

476 5838 595 5911 ,16)
630 5837 841 5893 Platon.
880 5840 1071 5897 dévoil.
1106 5856 1242 5908 part.
1280 5861 1338 5908 ιι,
1372 5860 1488 5910 cap.
1519 5848 1607 5902 Ἠ.

2060 5812 2063 5817 ’
2094 5812 2183 5906 2ρῖ

2108 3343 2542 3407 observavimus,
2579 3344 2870 3413 objicicbat
2907 3344 3267 3412 Marcionitis,
3294 3344 3691 3402 Valentinianis

2106 3444 2161 3488 et
2193 3435 2315 3489 aliis
2364 3435 2681 3505 hujusmodi
2733 3437 3002 3492 haereticis
3058 3453 3387 3494 consensum
3441 3440 3687 3493 omnium

2105 3526 2493 3583 Ecclesiarum.
2528 3528 2586 3583 ln
2614 3545 2724 3599 quo
2747 3538 2905 3585 antea
2931 3531 3107 3600 posita
3136 3540 3255 3587 erat
3279 3531 3538 3588 Ecclesiae
3564 3548 3689 3588 cum

2105 3620 2192 3675 his
2238 3620 2538 3675 haeresibus
2572 3621 2983 3676 controversia?
3026 3622 3084 3677 In
3129 3637 3196 3676 eo
3229 3623 3372 3692 quod
3420 3624 3688 3678 mundum

2104 3711 2341 3766 bzeretici
2376 3727 2407 3766 a
2442 3710 2580 3766 Filio
2613 3713 2705 3767 Dei
2741 3721 2983 3767 creatum
3036 3723 3317 3784 negarent,
3362 3729 3597 3785 eumque
3633 3715 3689 3771 in

2102 3813 2317 3858 uterum
2354 3801 2588 3873 Virginis
2636 3805 2986 3861 descendisse
3022 3816 3077 3861 et
3111 3822 3292 3860 veram
3329 3823 3548 3862 carnem
3597 3823 3688 3864 as—

2101 3894 2424 3963 sumpsisse.
2457 3893 2613 3949 Hunc
2643 3895 2805 3966 igitur
2837 3911 3081 3951 errorem
3108 3897 3478 3953 detestabatur
3507 3897 3681 3969 Hege-

2101 3985 2292 4056 sippus
2324 4001 2449 4041 cum
2483 3987 2738 4043 omnibus
2770 3988 3088 4056 catholicis;
3119 4000 3173 4044 et
3193 3991 3457 4045 mundum
3480 4007 3511 4046 a
3538 3991 3680 4046 Filio

2100 4074 2196 4130 Dei
2240 4085 2506 4145 creatum,
2542 4095 2839 4149 veramque
2872 4082 3090 4135 carnem
3128 4081 3196 4136 ab
3228 4082 3418 4136 eodem
3468 4098 3689 4137 assum-

2098 4176 2245 4235 ptam
2271 4169 2525 4224 credebat
2549 4188 2563 4237 ;
2587 4187 2708 4241 quae
2735 4173 3002 4227 sententia
3024 4182 3231 4244 pugnat
3256 4175 3482 4230 adversa
3508 4172 3687 4231 fronte

2098 4282 2225 4325 cum
2258 4268 2635 4324 Ebionitarum
2668 4271 2968 4327 erroribus.

2172 4379 2191 4412 ς
2227 4360 2384 4428 Quod
2409 4371 2589 4417 autem
2614 4361 2965 4434 Evangelium
2993 4367 3293 4421 secundum
3326 4364 3585 4423 Hebraeos
3614 4367 3685 4421 ab

2099 4449 2403 4523 Hegesippo
2448 4454 2695 4519 citatum,
2739 4463 2793 4509 et
2845 4454 3127 4511 Ebionitas
3169 4457 3236 4511 ab
3276 4457 3466 4513 codem
3499 4457 3555 4513 in
3597 4474 3687 4513 rc~

2027 4545 2387 4613 Dcensendis
2441 4546 2712 4601 haereticis
2764 4548 3000 4602 omissos
3048 4549 3355 4623 objiciunt;
3419 4550 3552 4605 satis
3600 4560 3686 4607 est

2098 4651 2225 4690 cum
2252 4636 2468 4691 erudito
2508 4637 2663 4693 Bullo
2698 4640 3048 4709 respondere,
3080 4641 3222 4695 idem
3263 4641 3615 4710 Evangelium
3648 4656 3683 4699 a

2098 4727 2395 4794 Clemente,
2436 4727 2671 4800 Origene
2712 4738 2765 4783 et
2804 4728 3137 4802 Hieronymo
3188 4732 3413 4787 citatum
3473 4732 3683 4801 fuisse;

2098 4815 2379 4873 Ebionitas
2402 4818 2602 4887 pariter
2629 4834 2660 4871 a
2689 4817 2904 4875 Justino
2931 4821 3168 4876 haereses
3196 4830 3514 4877 recensente
3544 4838 3684 4893 pra:-

2097 4911 2413 4976 termissos;
2449 4911 2533 4965 vel
2579 4912 2767 4982 potius
2797 4920 2852 4967 et
2881 4929 2912 4967 a
2949 4911 3163 4968 Justino
3197 4914 3493 4985 generatim
3529 4926 3684 4970 com-

2096 5000 2419 5070 prehensos,
2453 5009 2506 5055 et
2555 5001 2624 5055 ab
2660 5000 2981 5073 Hegesippo,
3028 5002 3159 5057 dum
3211 5003 3683 5073 pseudochristos,

2096 5092 2618 5161 pseudoprophetas,
2631 5080 3125 5164 pseudoapostolbs
3137 5102 3531 5151 commemorat
3545 5094 3679 5165 (20).

2097 5183 2195 5240 llis
2225 5185 2381 5252 adde,
2420 5186 2561 5240 hanc
2592 5185 2842 5241 haeresim
2870 5187 3171 5259 'obscuram
3207 5187 3501 5242 admodum
3533 5196 3587 5243 et
3612 5188 3683 5243 ad

2097 5279 2459 5348 paucissimos
2483 5279 2757 5334 redactam
2789 5277 2979 5347 fuisse,
3003 5290 3066 5334 ut
3094 5280 3292 5335 mirum
3323 5296 3432 5335 non
3463 5280 3535 5335 sit
3559 5294 3681 5334 eam

2095 5372 2453 5441 praetermitti.
2512 5370 2680 5427 Erant
2730 5374 2875 5429 enim
2940 5374 3026 5430 his
3083 5374 3297 5431 saeculis
3346 5374 3415 5431 de
3472 5373 3681 5430 Christi

2198 5572 2281 5643 17)
2313 5570 2523 5643 Bulbi.
2561 5588 2636 5643 9.,
2668 5588 2793 5643 pag.
2824 5572 2910 5638 12,
2936 5571 2963 5643 §
2989 5573 3046 5640 2,
3075 5588 3227 5643 seqq.

2194 5642 2282 5714 18)
2314 5641 2515 5714 Euseb.
2549 5641 2693 5714 (list.
2728 5641 2854 5697 e'ccl.
2888 5641 2982 5697 lib.
3014 5659 3085 5708 iv,
3116 5641 3239 5714 cap.
3268 5642 3362 5696 22.

2196 5710 2283 5773 19)
2316 5710 2515 5767 Euseb.
2554 5712 2699 5773 ibid.

2189 5782 2282 5854 20)
2314 5781 2504 5854 Heges.
2540 5785 2682 5851 apud
2712 5783 2910 5840 Euseb.
2957 5783 3100 5838 Hist.
3148 5783 3273 5840 εισι.
3302 5784 3399 5843 lib.
3448 5798 3525 5854 tv,
3552 5800 3674 5857 cap.
