4130 6420
387 444 528 502 I509

1542 436 1600 493 S.
1635 433 1993 491 HEGESIPPI
2033 430 2480 488 FRAGMENTA.

3512 428 3658 484 15ἰο

387 565 516 618 ναόν
534 580 547 593 ·
583 558 874 634 ηὐρῖσκετό
897 575 956 611 τε
980 556 1230 628 κείμενος
1262 555 1356 609 ἐπὶ
1379 558 1493 619 τοῖς
1513 557 1726 625 γόνασι,
1754 557 1848 610 καὶ
1877 557 1963 608 αἰ-

2064 551 2173 621 jus,
2209 541 2653 615 facultatemque'
2685 541 2943 599 habebat.
2987 537 3177 612 Neque
3229 540 3375 596 enim
3419 541 3649 609 lanicio,

384 653 648 724 τούμενος
692 649 832 720 ὑπὲρ
874 646 968 700 τοῦ
1000 647 1132 699 λαοῦ
1167 645 1392 715 ἄφεσινο
1445 647 1520 709 ὼς
1561 645 1968 717 ἀπεσκληκέναι

383 740 456 794 τὰ
485 739 689 808 γόνατα
720 735 883 790 αὐτοῦ
904 735 1058 806 δίκην
1091 736 1359 806 καμήλου,
1378 734 1467 788 διὰ
1495 735 1554 788 τὸ
1585 736 1674 788 ἀεὶ
1697 737 1970 805 κάμπτειν

383 827 484 881 ἐπὶ
506 827 637 894 γόνυ
819 824 1230 895 προσκυνοῦντα
1270 823 1348 894 τῷ
1377 822 1527 894 Θεῷ,
1561 823 1656 877 καὶ
1703 824 1970 878 αἰτεῖσθαι

385 918 586 988 ἄφεσιν
608 916 687 988 τῷ
719 916 853 986 λαῷ.
886 915 988 968 Διά
1017 915 1080 984 γέ
1099 933 1180 968 τοι
1205 915 1304 986 τὴν
1321 915 1627 986 ὑπερϐολὴν
1641 915 1740 985 τῆς
1768 915 1972 970 δικαιο-

387 1010 558 1080 σύνης
600 1008 765 1063 αὐτοῦ
811 1008 1058 1061 ἐκαλεῖτο
1111 1007 1328 1070 Δίκαιος
1375 1010 1469 1061 καὶ
1511 1007 1722 1070 Ὤϐλίας
1771 1008 1882 1078 (50)
1902 1025 1914 1037 ⁵
1941 1008 1970 1061 ὅ

385 1102 540 1154 ἐστιν
563 1099 836 1170 ἑλληνιστὶ
862 1099 1094 1170 περιοχὴ
1124 1099 1218 1152 τοῦ
1251 1098 1380 1153 λαοῦ
1408 1101 1502 1153 καὶ
1528 1099 1862 1169 δικαιοσύνη,
1895 1099 1971 1162 ὡς

383 1192 439 1244 οἱ
468 1190 743 1262 προφῆται
773 1187 990 1258 δηλοῦσι
1022 1188 1150 1259 περὶ
1174 1188 1358 1242 αὐτοῦ.
1392 1189 1547 1250 Τινὲς
1575 1184 1666 1242 οὖν
1682 1187 1791 1240 τῶν
1834 1188 1971 1241 ἑπτὰ

385 1283 651 1353 αἱρέσεων
663 1280 772 1334 τῶν
791 1282 847 1334 ὲν
862 1279 938 1351 τῷ
955 1280 1089 1351 λαῷ,
1105 1279 1213 1333 τῶν
1227 1282 1734 1352 προγεγραμμένων
1756 1297 1845 1351 μοι
1859 1280 1970 1350 (51)

385 1373 449 1425 ἐν
470 1373 582 1434 τοῖς
606 1369 1397 1441 ὑπομνήμασιν,ὲπυνθάνοντο
1426 1370 1612 1434 αὐτοῦ,
1649 1371 1732 1434 τίς
1763 1373 1794 1440 ἡ
1832 1370 1973 1442 θύρα

383 1461 482 1515 τοῦ
528 1461 702 1531 Ἰησοῦ
740 1461 870 1532 (52).
905 1461 1017 1515 Καὶ
1047 1458 1199 1528 ἔλεγε
1229 1460 1418 1513 τοῦτον
1434 1457 1572 1514 εἶναι
1596 1460 1686 1513 τὸν
1717 1461 1969 1532 Σωτῆρα.

399 1552 490 1619 Ἐξ
510 1546 585 1606 ὧν
600 1569 746 1616 τινες
770 1553 1120 1618 ἐπίστευσαν,
1154 1553 1236 1606 ὃτι
1272 1552 1482 1623 Ἰησοῦς
1507 1555 1652 1606 ἐστιν
1667 1555 1695 1606 ό
1715 1553 1970 1624 Χριστός.

382 1649 454 1702 Αἱ
483 1648 539 1701 δὲ
569 1647 813 1718 αἱρέσεις
843 1649 904 1701 αἱ
933 1647 1356 1720 προειρημέναι,
1381 1647 1484 1700 οὐκ
1515 1647 1801 1700 ἐπίστευον
1848 1644 1972 1698 οὔτε

381 1739 682 1794 ἀνάστασιν
729 1742 876 1812 (55),
925 1740 1051 1793 οὔτε
1087 1741 1382 1812 ἐρχόμενον
1425 1739 1715 1794 ἀποδοῦναι
1758 1740 1972 1810 ἑκάστῳ

382 1829 528 1883 κατὰ
555 1830 622 1882 τὰ
654 1830 794 1902 ἔργα
823 1830 1010 1883 αὐτοῦ.
1062 1831 1220 1883 Ὅσοι
1246 1830 1301 1882 δὲ
1328 1829 1421 1882 καὶ
1467 1830 1796 1882 ἐπίστευσαν
1821 1869 1834 1892 ,
1887 1829 1972 1883 διὰ

395 1921 648 1974 Ἰάκωϐον
672 1922 803 1990 (54).
823 1921 1040 1975 Πολλῶν
1071 1919 1165 1976 οῦν
1199 1922 1291 1975 καὶ
1314 1922 1421 1974 τῶν
1441 1923 1718 1992 ἀρχόντων
1750 1939 1971 1974 πιστευ-

379 2009 583 2077 όντων,
629 2008 699 2084 ἦν
736 2012 962 2084 θόρυϐος
1009 2013 1119 2068 τῶν
1154 2014 1422 2068 Ἰουδαίων
1463 2015 1556 2068 καὶ
1588 2015 1961 2085 Γραμματέων

379 2103 480 2157 καὶ
502 2104 809 2175 Φαρισαίων
848 2103 1114 2174 λεγόντων
1137 2147 1151 2170 ,
1187 2107 1270 2159 ὅτι
1309 2107 1606 2160 κινδυνεύει
1643 2109 1752 2170 πᾶς
1786 2108 1814 2159 ὁ
1837 2107 1964 2170 λαὸς

393 2196 602 2268 Ἰησοῦν
629 2197 720 2250 τὸν
753 2199 989 2268 Χριστὸν
1030 2199 1355 2270 προσδοκᾷν.
1392 2198 1616 2267 Ἔλεγον
1655 2194 1748 2252 οῦν
1781 2200 1964 2252 συνελ-

380 2287 567 2352 θόντες
593 2290 670 2361 τῷ
685 2291 948 2361 Ἰακώϐῳ·
985 2290 1451 2362 ιΠαρακαλοῦμέν
1477 2309 1536 2344 σε
1557 2309 1572 2322 ”
1615 2291 1836 2363 ἐπίσχες
1871 2292 1964 2345 τὸν

377 2376 528 2444 λαδν,
561 2378 682 2432 ἐπεὶ
713 2380 990 2452 ἐπλανήθη
1021 2383 1100 2444 εις
1144 2381 1372 2450 Ἰησοῦν,
1399 2381 1474 2444 ὡς
1502 2381 1664 2435 αὐτοῦ
1687 2382 1838 2446 όντος
1868 2380 1962 2435 τοῦ

377 2468 641 2540 Χριστοῦ.
679 2469 1116 2542 Παρακαλοῦμεν
1145 2489 1204 2523 σε
1240 2475 1426 2524 πεῖσαι
1468 2474 1676 2536 πάντας
1706 2475 1833 2536 τοὺς
1877 2473 1964 2527 ἐλ-

380 2559 576 2624 θόντας
600 2562 680 2624 εἰς
702 2561 801 2632 τὴν
829 2562 1044 2632 ἡμέραν
1080 2563 1174 2616 τοῦ
1213 2564 1409 2634 Πάσχα
1449 2566 1576 2635 περὶ
1637 2565 1834 2636 Ἰησοῦ.
1870 2566 1962 2619 Σοὶ

379 2650 490 2722 γὰρ
522 2651 726 2715 πάντες
757 2653 1090 2723 πειθόμεθα·
1122 2657 1284 2724 ἡμεῖς
1307 2655 1428 2728 ⁴γὰρ
1460 2657 1842 2728 μαρτυροῦμεν
1879 2675 1962 2711 σοι

383 2743 477 2798 καὶ
510 2746 618 2808 πᾶς
649 2747 677 2796 ό
707 2745 854 2810 λαὸς,
889 2747 970 2798 ὅτι
1002 2746 1210 2811 δίκαιος
1233 2743 1301 2810 εἷ,
1329 2749 1422 2800 καὶ
1455 2750 1536 2802 ὅτι
1571 2750 1860 2820 πρόσωπον
1898 2752 1959 2803 οὐ

379 2833 696 2906 λαμϐάνεις.
741 2838 934 2890 Πεῖσον
979 2833 1072 2890 οὖν
1097 2839 1162 2891 σὺ
1207 2838 1297 2891 τὸν
1328 2839 1481 2910 ὄχλον
1509 2840 1646 2911 ,περὶ
1683 2842 1856 2911 Ἰησοῦ
1886 2841 1961 2912 μὴ

380 2927 721 2982 πλανᾶσθαιο
753 2930 846 2982 καὶ
880 2929 986 3001 γὰρ
1025 2932 1133 2993 πᾶς
1166 2931 1195 2982 ὁ
1228 2931 1353 2994 λαὸς
1400 2934 1492 2984 καὶ
1537 2934 1736 2996 πάντες
1781 2935 1962 2987 πειθό-

382 3021 526 3092 μεθά
559 3038 660 3074 σοι.
695 3020 861 3092 Στῆθι
891 3018 986 3075 οὖν
1007 3025 1100 3076 ἐπὶ
1133 3024 1193 3092 τὸ
1229 3023 1518 3095 πτερύγιον
1551 3025 1644 3077 τοῦ
1680 3025 1846 3097 ἱεροῦ,
1876 3027 1962 3080 ἵνα

377 3114 585 3170 ἄνωθεν
609 3111 676 3186 ᾗς
699 3115 989 3185 ἐπιφανὴς,
1013 3112 1156 3190 καὶῇ
1179 3117 1484 3171 εύάκουστά
1507 3135 1599 3170 σου
1632 3117 1702 3171 τὰ
1739 3121 1963 3190 ῥήματα

377 3207 545 3260 παντὶ
565 3206 644 3277 τῷ
675 3207 789 3277 λαῷ
813 3225 826 3237 ·
869 3207 956 3260 διὰ
980 3208 1086 3279 γὰρ
1110 3209 1172 3260 τὸ
1205 3210 1398 3279 Πάσχα
1427 3210 1815 3280 συνεληλύθασι
1854 3215 1960 3266 πᾶ-

2069 643 2163 697 sed
2191 643 2334 694 linea
2369 647 2580 692 tantum
2619 644 2769 690 veste
2800 637 3077 691 utebatur.
3113 633 3168 687 ln
3200 634 3462 702 templum
3498 636 3652 690 solus

2070 733 2299 798 intrare,
2327 741 2491 800 atque
2522 729 2594 783 ibi
2618 730 2850 800 genibus
2880 729 3034 783 ﬂexis
3067 744 3165 798 pro
3194 728 3447 797 peccatis
3461 729 3649 799 populi

2070 825 2296 894 supplex
2331 824 2496 877 Deum
2551 835 2711 877 orare
2745 829 3140 886 consueverat;
3197 821 3332 874 adeo
3381 829 3443 874 ut
3473 835 3648 890 genua

2071 918 2246 986 ipsius
2276 916 2447 968 instar
2465 912 2661 968 cameli
2690 912 3067 980 oecalluerint,
3087 913 3216 966 dum
3235 911 3454 966 assidue
3478 911 3649 965 Deum

2069 1023 2366 1072 venerans,
2407 1015 2462 1060 et
2501 1020 2600 1075 pro
2642 1005 2818 1060 salute
2864 1003 3048 1073 populi
3096 1011 3218 1057 vota
3257 1003 3462 1057 faciens
3495 1003 3651 1056 humi

2070 1108 2428 1154 sterneretur.
2462 1096 2561 1152 Hic
2601 1111 2735 1167 ergo
2771 1097 2842 1150 ob
2881 1095 3216 1164 singularem
3248 1095 3518 1163 justitiam
3556 1111 3652 1151 co-

2070 1189 2426 1260 gnominatus
2453 1195 2539 1243 est
2571 1185 2784 1248 Justus,
2815 1193 2869 1239 et
2896 1184 3110 1249 Oblias;
3143 1184 3288 1253 quod
3308 1183 3499 1239 Latine
3526 1201 3652 1238 mu-

2071 1281 2378 1334 nimentnm
2409 1278 2619 1349 populi,
2647 1287 2702 1332 et
2726 1276 2998 1346 justitiam
3042 1275 3342 1346 signiﬁcat,
3385 1276 3655 1346 quemad-

2071 1372 2294 1427 modum
2323 1371 2487 1424 etiam
2514 1370 2792 1439 propheta:
2821 1369 2888 1422 de
2909 1383 2973 1422 eo
2998 1369 3386 1438 praedixerunt.
3413 1368 3652 1435 Quidam

2071 1472 2252 1518 autem
2297 1479 2363 1517 ex
2401 1470 2610 1531 septem
2664 1461 2864 1524 sectis,
2899 1477 3020 1530 quae
3046 1461 3189 1530 apud
3224 1459 3443 1516 Iudaeos
3469 1471 3650 1527 erant,

2071 1558 2139 1612 de
2169 1558 2372 1627 quibus
2409 1558 2464 1612 in
2497 1557 2880 1627 superioribus
2917 1557 3075 1612 libris
3120 1558 3410 1628 scripsisse
3455 1562 3656 1614 memi-

2072 1651 2286 1716 nimus,
2334 1650 2740 1720 interrogarunt
2765 1665 2927 1716 eum,
2964 1650 3244 1719 quodnam
3278 1659 3422 1706 esset
3451 1650 3655 1705 ostium
3745 1660 3748 1662 ·

2069 1740 2220 1796 Jesu.
2256 1740 2468 1807 Quibus
2493 1742 2584 1795 ille
2606 1740 2793 1797 Jesum
2819 1757 2944 1797 esse
2965 1741 3312 1797 Servatorem
3349 1743 3654 1813 respondit.

2072 1832 2169 1887 llis
2199 1834 2424 1898 auditis,
2461 1836 2709 1888 nonnulli
2733 1852 2924 1889 eorum
2944 1835 3134 1892 Jesum
3165 1851 3352 1890 revera
3370 1835 3657 1891 Christum

2000 1938 2043 1992 Β
2070 1942 2193 1981 esse
2224 1927 2600 1982 crediderunt.
2639 1927 3041 1998 Snprascripta:
3089 1945 3218 1983 vero
3243 1937 3407 1983 sectae
3439 1945 3541 1984 nec
3568 1943 3659 1984 re-

2069 2019 2464 2074 surrectionem
2489 2061 2503 2085 ,
2545 2035 2648 2074 nec
2703 2018 2951 2073 futurum
2986 2018 3190 2074 Christi
3226 2019 3544 2087 adventum,
3597 2027 3660 2076 ut

2068 2111 2365 2181 unicuique
2389 2127 2490 2181 pro
2513 2111 2726 2167 meritis
2757 2111 3064 2166 mercedem
3087 2111 3310 2177 tribuat,
3332 2112 3652 2166 credebant.

2071 2203 2353 2272 Quotquot
2383 2219 2517 2257 vero
2553 2218 2620 2256 ex
2651 2203 2718 2258 iis
2752 2203 3142 2268 crediderunt,
3169 2200 3360 2258 Jacobi
3396 2217 3562 2273 opera
3591 2219 3656 2259 ac

2069 2292 2380 2350 ministerio
2413 2295 2603 2363 utique
2639 2295 3013 2348 crediderunt.
3048 2292 3184 2347 Cum
3217 2308 3348 2362 ergo
3389 2294 3543 2348 multi
3585 2308 3654 2348 ex

2069 2385 2204 2456 ipsis
2235 2386 2397 2439 etiam
2423 2385 2760 2454 primoribus
2781 2384 3090 2451 crederent,
3120 2384 3442 2438 tumultuari
3471 2400 3657 2453 coepe-

2066 2483 2198 2530 runt
2228 2474 2423 2540 Judaai,
2450 2483 2506 2529 et
2531 2474 2738 2529 Scriba:
2760 2490 2825 2528 ac
2854 2473 3151 2540 Pharisaei;
3178 2489 3246 2529 eo
3271 2474 3384 2544 jam
3426 2483 3654 2528 ventum

2066 2583 2187 2624 esse
2215 2569 2558 2633 clamantes,
2612 2575 2674 2622 ut
2724 2582 2895 2636 prope
2947 2567 3133 2622 omnis
3186 2567 3421 2636 populus
3464 2565 3654 2620 Jesum

2066 2661 2347 2717 Christum
2381 2667 2749 2728 exspectaret.
2793 2656 3032 2712 Proinde
3062 2658 3115 2711 in
3141 2674 3312 2711 unum
3337 2655 3655 2728 congregati

2066 2749 2332 2805 Jacobum
2381 2749 2624 2815 adeunt,
2660 2747 2855 2816 hisque
2889 2762 3014 2802 eum
3057 2747 3242 2802 verbis
3285 2747 3651 2816 compellant:

2077 2844 2407 2899 «Hortamur
2439 2853 2510 2907 te,
2533 2843 2813 2913 inquiunt,
2846 2850 2906 2897 ut
2926 2842 3111 2913 populi
3138 2858 3380 2897 errorem
3412 2841 3654 2910 compri-

2068 2950 2211 3000 nias,
2236 2935 2331 3004 qui
2358 2934 2554 2988 falsam
2580 2934 2646 2988 de
2671 2931 2800 2987 Jesu
2829 2933 3149 3002 opinionem
3173 2933 3410 2997 imbibit,
3432 2932 3657 3002 perinde

2067 3026 2227 3095 quasi
2260 3024 2515 3079 Christus
2549 3032 2714 3080 esset.
2741 3023 3020 3079 Persuade
3049 3024 3218 3094 igitur
3247 3024 3526 3090 omnibus,
3558 3023 3656 3094 qui

2069 3114 2210 3169 festo
2253 3113 2479 3170 Pascha:
2510 3115 2598 3170 die
2638 3115 2746 3169 huc
2776 3115 3135 3181 conveniunt,
3161 3124 3222 3169 ut
3251 3115 3318 3169 de
3345 3113 3474 3168 Jesu
3506 3121 3656 3170 reae

2070 3207 2330 3263 sentiant.
2367 3207 2489 3262 Tibi
2517 3209 2664 3263 enim
2697 3223 2890 3263 omnes
2916 3209 3076 3263 ﬁdem
3107 3209 3407 3276 habemus;
3450 3217 3654 3265 etcum

377 3312 471 3349 σαι
498 3297 554 3348 αἱ
587 3296 751 3365 φυλαὶ
775 3296 886 3367 (55)
925 3293 1062 3366 μετὰ
1095 3298 1187 3348 καὶ
1219 3297 1328 3350 τῶν
1359 3296 1530 3350 ὲθνῶν
1566 3298 1732 3367 (56).»
1768 3299 1963 3368 Ἔστη-

2074 3299 2330 3353 universo
2350 3298 2554 3368 pepulo
2593 3299 2701 3352 hoc
2727 3298 2823 3352 tibi
2853 3299 3232 3353 testimonium
3273 3298 3653 3368 perhibemus,

377 3404 478 3441 σαν
502 3384 596 3441 οὖν
642 3389 689 3440 οἱ
723 3388 1113 3460 προειρημένοι
1158 3388 1512 3459 Γραμματεῖς
1552 3390 1646 3441 καὶ
1675 3391 1961 3461 Φαρισαῖοι

373 3479 468 3534 τὸν
507 3480 763 3535 Ἰάκωϐον
795 3481 889 3534 ἐπὶ
919 3480 978 3533 τὸ
1010 3479 1300 3550 πτερύγιον
1327 3479 1422 3531 τοῦ
1454 3477 1617 3545 ναοῦ,
1664 3480 1759 3532 καὶ
1793 3479 1960 3553 ἐκρα-

438 3638 562 3710 ·(29)
609 3639 712 3693 Διά
742 3636 809 3691 τὸ
852 3636 944 3710 ἀεὶ
986 3635 1278 3710 κάμπτειν
1310 3636 1421 3710 ἐπὶ
1480 3639 1648 3707 γόνυ.
1678 3636 1953 3710 Duarng-

378 3706 600 3764 stremaa
625 3724 790 3762 voces
818 3708 1018 3762 absunt
1041 3724 1070 3760 a
1097 3707 1284 3776 codice
1310 3706 1444 3762 Fnk.
1463 3706 1496 3772 ,⁷
1524 3717 1579 3761 et
1616 3709 1762 3776 apud
1797 3708 1956 3762 Nice-

401 3783 636 3833 ihorum.
664 3777 868 3832 Verum
899 3778 955 3830 in
986 3777 1175 3831 codice
1213 3775 1352 3830 Maz.
1399 3795 1462 3832 ac
1501 3775 1656 3830 Med.
1689 3787 1836 3832 totus
1873 3779 1963 3833 hic

403 3850 627 3904 ocusita
657 3848 885 3917 legitur:
919 3847 1017 3900 Διὰ
1033 3847 1091 3900 τὸ
1126 3847 1214 3900 ἀεὶ
1244 3847 1519 3918 κάμπτειν
1554 3847 1962 3918 προσκυνοῦντα

375 3919 458 3989 τῷ
491 3918 610 3990 Θεῷ
640 3918 708 3971 τά
741 3918 967 3990 γόνατα.

454 3986 592 4060 (50)
628 3988 927 4041 Ἐκαλεῖτο
969 3987 1205 4060 simio;
1246 3988 1344 4040 καὶ
1393 3989 1647 4054 Ὠϐλιάς.
1704 3986 1964 4060 Nicolaus

379 4057 636 4113 Fuilerus
659 4061 714 4111 in
747 4060 842 4112 lib.
882 4074 942 4111 ιιι
975 4057 1728 4111 Miscellaneornmsacrarunt
1754 4100 1768 4116 ,
1819 4059 1966 4112 hunc

380 4129 562 4208 locum
592 4129 671 4208 sic
700 4128 980 4208 emendat:
1028 4127 1302 4208 Ἐκαλεῖτο
1320 4127 1533 4208 ηΣαδδΞκ
1565 4130 1660 4208 καὶ
1699 4127 1925 4208 Ὡςλιὰμ
1950 4168 1966 4193 ,

379 4200 412 4254 ὃ
443 4203 590 4253 ἐστιν
617 4198 975 4270 δίκαιοςλκαὶ
1008 4199 1233 4270 περιοχὴ
1257 4197 1346 4249 τοῦ
1374 4197 1959 4270 λαοῦ.γριιίιιιιρο‹;ιίε-

384 4271 511 4326 simi
539 4269 641 4322 viri
675 4267 1111 4323 emendationem
1147 4269 1376 4322 libenter
1404 4269 1722 4336 amplector.
1749 4267 1955 4321 T-ameu

381 4356 517 4396 cum
538 4338 878 4408 Epiphanius
910 4339 965 4408 in
988 4337 1290 4399 hazrcsi78,
1328 4347 1382 4391 et
1406 4337 1594 4408 Jovius
1627 4339 1954 4408 monachus,

381 4425 547 4477 quem
579 4407 740 4477 Vulgo
764 4409 905 4461 male
937 4407 1157 4462 Jobium
1190 4416 1410 4471 vocant,
1441 4407 1707 4464 Jacobum
1739 4407 1956 4462 Obliam

381 4431 400 4465 ι
425 4428 547 4464 uem
579 4428 740 4477 VUIgO
764 4428 905 4461 male
937 4428 1157 4462 JOUIUID
1190 4428 1410 4471 VOClllll,
1441 4428 1707 4464 aaconum
1739 4428 1953 4462 uuuam

380 4428 589 4536 dictum
620 4493 742 4533 esse
777 4487 1060 4547 testentur,
1091 4477 1373 4531 retinenda
1403 4489 1485 4532 est
1510 4479 1750 4547 vulgaris
1774 4479 1953 4540 lectio;

381 4550 623 4618 maxime
645 4563 768 4602 cum
799 4546 1023 4616 Ophlias
1053 4547 1531 4618 Hebraicearcem
1563 4546 1746 4618 populi
1786 4549 1958 4618 signi-

2061 3390 2434 3460 justissimum
2464 3400 2514 3445 te
2542 3391 2721 3444 virum
2754 3406 2898 3457 esse,
2923 3406 3023 3444 nec
3061 3390 3230 3444 ullum
3264 3390 3406 3460 apud
3441 3401 3492 3445 te
3520 3407 3649 3460 per-

2067 3497 2328 3537 sonarum
2357 3482 2656 3537 discrimen
2687 3481 2890 3536 valere.
2920 3480 3157 3535 Proinde
3181 3480 3322 3551 plebi
3350 3479 3654 3560 persuade,

2058 3636 2255 3693 melius
2295 3637 2579 3692 Musculus
2625 3635 2808 3698 vertit,
2855 3652 2958 3690 non
2993 3637 3232 3690 credunt.
3279 3634 3416 3691 Nam
3451 3635 3649 3691 Graaca

2063 3724 2172 3762 vox
2204 3708 2346 3763 hanc
2376 3707 2540 3761 habet
2569 3707 3045 3777 signiﬁcationem.
3080 3706 3298 3761 Falsum
3329 3715 3648 3777 tamen_est,

2063 3793 2156 3833 eas
2241 3787 2424 3832 sectas
2471 3793 2579 3831 non
2627 3775 2928 3832 credidisse
2977 3777 3457 3832 resurrectionem.
3512 3775 3651 3830 Nam

2063 3846 2331 3902 Pharisaei
2363 3862 2482 3902 eam
2510 3847 2828 3902 credebant.

2059 3947 2062 3950 -
2138 3917 2252 3986 (54)
2296 3918 2460 3971 Ὅσοι
2501 3915 2570 3968 δὲ
2612 3917 2711 3969 καὶ
2759 3917 3162 3982 ἐπίστευσαν,
3207 3916 3306 3970 διὰ
3358 3915 3648 3971 Ἰάκωϐον.

2065 3987 2186 4041 Vox
2219 3986 2547 4041 ἐπίστευσαν
2574 3987 2772 4040 iterum
2802 3989 3092 4056 repetenda
3117 3996 3234 4051 est;
3262 3990 3408 4055 quod
3436 3987 3648 4055 virgula

2067 4059 2183 4120 illa,
2216 4074 2340 4126 qua:
2376 4058 2431 4110 in
2478 4057 2869 4125 manuscriptis
2913 4059 3081 4111 etiam
3117 4059 3401 4112 codicibus
3428 4059 3647 4125 appicta

2066 4137 2174 4191 est,
2207 4129 2345 4184 satis
2373 4127 2637 4182 declarat.
2665 4129 2720 4180 In
2746 4127 3120 4182 vetustissimo
3149 4128 3335 4181 codice
3369 4126 3649 4180 Mazarine

2065 4208 2191 4270 post
2235 4198 2565 4270 ἐπίστευσαν
2610 4206 2874 4270 punctum
2907 4199 3216 4270 ascriptum
3256 4205 3342 4251 est
3389 4199 3454 4250 ad
3469 4197 3648 4270 pedes

2063 4268 2281 4332 litterae,
2307 4269 2453 4338 quod
2486 4268 2716 4332 virgulae
2747 4277 2948 4322 nostra:
2985 4268 3307 4338 respondet;
3354 4276 3410 4321 et
3458 4268 3648 4338 Gragce

2064 4340 2282 4409 quidem
2314 4337 2540 4394 vocatur
2576 4339 2912 4408 ὐποστιγμή,
2945 4353 2976 4392 a
2996 4337 3206 4392 Latinis
3241 4348 3422 4392 autem
3452 4337 3644 4392 subdi-

2065 4409 2305 4465 stinrtio.

2063 4504 2098 4550 ~_
2139 4480 2252 4549 (55)
2284 4478 2480 4533 Πᾶσαι
2501 4481 2562 4532 al
2595 4479 2804 4550 φυλαί.
2831 4476 2960 4533 Haec
2997 4479 3124 4534 item
3157 4478 3432 4533 immerito
3455 4476 3646 4550 carpit

2070 4546 2334 4620 Scaliger,
2363 4546 2611 4620 scribens
2638 4569 2656 4600 ι
2681 4549 2819 4620 duas
2843 4557 3052 4603 tantum
3086 4558 3216 4603 tunc
3243 4550 3421 4620 tribus
3447 4546 3644 4620 fuisse,

382 4621 527 4691 ticet.
572 4617 678 4672 Sed
721 4625 775 4672 et
816 4615 1047 4674 Ruﬁnus
1095 4629 1259 4687 atque
1307 4615 1655 4689 NiCephorus
1692 4615 1964 4690 vulgatam
1998 4615 2042 4670 D
2068 4615 2352 4691 Benjamin
2381 4619 2621 4691 et__Juda.
2654 4640 2672 4672 ι
2711 4619 2845 4686 Sed,
2887 4628 2947 4672 ut
2974 4629 3132 4691 recte
3159 4627 3344 4672 monet
3382 4617 3640 4691 Grabins,

382 4690 672 4745 lectionem
707 4697 948 4741 tuentur.

454 4758 566 4830 (51)
611 4758 734 4812 Τῶν
746 4756 895 4830 effluit
909 4756 1264 4830 αἱρέσεων...
1282 4756 1402 4830 τῶν
1435 4757 1967 4830 προγεγραμμένων

373 4826 499 4900 μοι.
533 4826 716 4900 Locus
745 4826 1055 4900 Hegesippi,
1083 4829 1138 4882 in
1163 4843 1273 4897 quo
1302 4829 1368 4883 de
1398 4826 1603 4897 septem
1628 4826 1839 4884 Iudaici
1868 4845 1966 4899 po-

423 4899 496 4953 uli
533 4897 695 4953 sectis
718 4913 776 4951 se
800 4898 1092 4966 scripsisse
1127 4907 1391 4963 testatur,
1425 4909 1606 4954 exstat
1649 4902 1705 4954 in
1736 4897 1881 4954 libro
1910 4916 1964 4955 tv

409 4969 608 5024 Eusebii
630 4967 835 5040 nostri,
869 4983 990 5040 cap.
1025 4967 1114 5020 ‘29..
1140 4969 1416 5040 Adiquem
1464 4970 1647 5025 locum
1674 5012 1689 5036 ,
1734 4969 1844 5025 Deo
1867 4971 1961 5040 ju-

381 5051 566 5103 vante,
593 5038 749 5106 plura
773 5037 968 5091 dicturi
996 5053 1189 5092 sumus
1219 5037 1286 5092 de
1316 5051 1521 5104 septem
1556 5043 1663 5096 illis
1703 5037 1888 5094 sectis.

454 5109 566 5180 (52)
608 5107 702 5180 Τίς
736 5109 774 5175 ἡ
808 5108 956 5180 θύρα
988 5106 1093 5180 τοῦ
1129 5106 1558 5180 Ἰησοῦ.05ιὶυῐιι
1592 5111 1695 5166 hoc
1721 5111 1842 5180 loco
1879 5119 1963 5166 est

381 5178 752 5240 int'roductio,
789 5193 885 5231 seu
916 5178 1193 5231 institutio
1238 5188 1403 5247 atque
1441 5181 1695 5235 initiatio.
1743 5179 1958 5235 Ostium

384 5250 552 5320 igitur
583 5248 788 5320 Christi
819 5248 967 5320 nihil
992 5256 1077 5301 est
1107 5247 1294 5320 aliud,
1329 5264 1491 5316 quam
1525 5251 1658 5305 ﬁdes
1697 5251 1750 5305 in
1787 5250 1957 5304 Deum

382 5317 623 5383 Patrem,
653 5328 705 5372 et
739 5318 792 5371 in
817 5317 1037 5381 Filium,
1066 5333 1131 5371 ac
1157 5317 1417 5383 Spiritum
1450 5331 1719 5374 sanetum.
1750 5319 1826 5373 De
1855 5321 1961 5376 hoc

382 5335 623 5383 Patrem,
653 5335 705 5372 et
739 5335 792 5371 in
817 5335 1037 5381 riuum,
1066 5335 1131 5371 ac
1157 5335 1192 5368 δ
1235 5335 1417 5372 intum
1450 5335 1719 5374 sanetum.
1750 5335 1826 5373 ue
1855 5335 1958 5376 nec

379 5390 527 5445 ostio
548 5388 749 5443 dicitur
771 5389 827 5441 in
860 5387 1129 5444 Psalmis:
1161 5335 1292 5443 Iram
1323 5397 1399 5441 est
1433 5399 1590 5458 porta
1620 5391 1871 5456 Domini,
1907 5400 1958 5446 et

372 5461 514 5531 justi
543 5459 820 5531 intrabunt
844 5475 1093 5531 paleam,
1124 5470 1179 5513 ut
1202 5459 1439 5531 explicat
1459 5460 1718 5531 Clemens
1742 5461 1795 5514 in
1815 5461 1958 5515 libro

381 5527 436 5586 ’u
469 5529 877 5600 Στρωματέῳν.
912 5527 976 5600 Et
998 5531 1199 5600 ostium
1216 5527 1434 5599 quidem
1452 5528 1678 5584 Joannis
1703 5531 1959 5600 Baptistae

379 5609 500 5656 erat
524 5599 874 5669 paenitentia;
912 5599 1120 5670 Christi
1159 5613 1289 5654 vero
1320 5600 1539 5670 ostium~
1574 5610 1659 5655 est
1702 5599 1958 5658 remissio

380 5668 907 5742 peccatorurn,‘qua3
935 5668 995 5724 ﬁt
1040 5685 1138 5738 per
1159 5671 1530 5742 baptismum.

454 5740 568 5811 (55)
599 5741 720 5793 υὺκ
749 5739 1074 5793 ἐπίστευον
1097 5739 1625 5811 οὕτεάνᾴστασιν.
1658 5739 1796 5796 Male
1837 5740 1954 5797 Bu-

382 5810 548 5876 ﬁnus,
583 5825 823 5879 eumque
848 5820 1072 5865 secutus
1095 5810 1632 5877 Christophorsonus
1648 5813 1828 5878 vertit,
1850 5830 1952 5866 non

384 5883 744 5946 crediderunt,
769 5881 923 5947 quasi
951 5883 1236 5952 legeretur,
1265 5881 1365 5934 οὐκ
1390 5881 1736 5938 ἐπίστευσαν.
1767 5883 1952 5954 Longe

2070 4687 2377 4760 quomodo
2420 4689 2779 4760 Hegesippus,
2811 4703 2877 4743 eo
2918 4692 3047 4743 item
3105 4689 3308 4760 Paulus
3358 4687 3644 4760 apostolus

2065 4758 2310 4829 quuitur
2335 4761 2453 4814 Act.
2487 4758 2668 4824 x’xvr,’
2700 4760 2753 4825 7,
2791 4774 3106 4813 memorans
3148 4759 3426 4811 duodecim
3472 4758 3641 4829 tribus

2064 4825 2214 4883 nocte
2250 4847 2312 4882 ac
2342 4829 2426 4883 die
2457 4830 2802 4884 deserviemes
2839 4830 2892 4881 in
2919 4845 3061 4897 spem
3104 4828 3525 4897 repromissionis
3556 4825 3644 4892 Ia-

2063 4908 2202 4953 ctam
2227 4918 2259 4953 a
2281 4899 2408 4952 Deo.
2432 4897 2668 4956 Sanctus
2697 4914 2916 4969 quoque
2932 4899 3170 4953 Jacobus
3201 4914 3358 4952 suam
3391 4897 3641 4950 inscribit

2053 4972 2352 5040 Epistulam
2375 4969 2650 5024 duodecim
2679 4969 2916 5022 tribubus
2946 4985 3062 5039 qua:
3082 4969 3276 5040 suntin
3293 4969 3639 5040 dispersione,

2063 5037 2114 5104 ι,’
2139 5042 2190 5094 1.
2225 5039 2439 5093 Videsis
2464 5041 2516 5092 in
2547 5042 2689 5094 hanc
2718 5037 3065 5102 sententiain,
3122 5039 3352 5092 Calmeti
3377 5037 3641 5091 disserta-

2067 5112 2268 5168 tionem
2298 5110 2364 5164 ad
2386 5109 2745 5173 Ezechielem,
2779 5109 2853 5162 De
2882 5110 3056 5162 reditu
3088 5111 3262 5162 decem
3307 5109 3562 5160 tribuum.

2135 5182 2246 5250 (56)
2275 5180 2438 5233 Μετὰ
2482 5181 2580 5233 καὶ
2626 5178 2745 5233 τῶν
2787 5177 2994 5233 ἐθνῶν.
3051 5178 3244 5233 Merito
3297 5178 3634 5250 Scaligerum

2062 5249 2154 5306 hic
2183 5249 2529 5320 reprehendit
2559 5250 2849 5320 Dionysius
2882 5249 3334 5320 Petavins,quod
3361 5259 3634 5320 negasset,

2061 5317 2286 5378 licuisse
2308 5320 2403 5373 ulli
2421 5320 2606 5388 gentili
2636 5317 2898 5376 interesse
2912 5320 3064 5374 festis
3084 5317 3278 5373 diebus
3298 5317 3630 5374 Iudaeorum.

2059 5391 2196 5446 Nam
2223 5399 2417 5461 praeter
2447 5391 2628 5446 locum
2670 5391 2821 5444 illum
2847 5431 2864 5455 ,
2897 5406 3058 5461 quem
3101 5391 3234 5443 citat
3274 5389 3530 5443 Petavius
3549 5404 3634 5461 _ex

2063 5457 2358 5530 Evangelia
2389 5457 2619 5514 Joannis
2647 5476 2766 5529 cap.
2802 5457 3169 5530 xnfplurima
3207 5467 3503 5529 suppetunt
3539 5457 3636 5512 Jo-

2059 5529 2585 5601 seplii’tcstimonia,
2611 5547 2642 5584 e
2677 5531 2880 5600 quibus
2916 5529 3211 5601 discimus,
3245 5530 3634 5601 gentiles__azy-

2060 5597 2275 5657 morum
2307 5601 2641 5670 solemnitati
2673 5597 2872 5670 saepius
2904 5597 3431 5655 interfuissefCerte
3467 5597 3635 5670 Vitel-

2058 5673 2168 5728 lius
2202 5674 2411 5741 legatus
2446 5669 2618 5741 Syria:
2657 5668 2794 5725 festo
2831 5670 3052 5725 Paschaa
3083 5671 3368 5740 ingressus
3391 5677 3475 5741 est
3505 5668 3634 5741 llic-

2057 5739 2358 5813 rosolyma,
2381 5749 2436 5796 et
2451 5739 2702 5813 alludaeis
2723 5741 3020 5813 honoriﬁce
3043 5739 3327 5813 exceptus,
3351 5739 3634 5813 u_t_legitur

2057 5813 2116 5867 in
2140 5809 2233 5866 lib.
2267 5827 2401 5865 xvtn
2435 5810 2714 5881 Originum
2736 5811 3108 5872 Iudaicarum,
3141 5825 3262 5879 cap.
3289 5809 3338 5864 6.
3377 5809 3531 5866 idem
3563 5809 3634 5866 de

2059 5882 2339 5950 Quadrato
2365 5884 2543 5953 legato
2564 5883 2734 5954 Syria:
2765 5883 2816 5939 in
2845 5883 2938 5940 ιιι).
2971 5899 3040 5938 xx
3065 5881 3274 5938 scribit.
