4130 6396
559 296 700 352 1315

1693 292 1752 347 S.
1796 289 2159 346 HEGESII’PI
2199 288 2653 345 FRAGMENTA.

3697 289 3830 347 1516

559 410 820 480 gnatione
841 405 1066 472 Christi,
1091 413 1315 476 nepotes
1340 403 1494 460 Iudae
1517 403 1686 470 illius,
1716 405 1812 475 qui
1837 404 2135 461 secundum

2259 403 2427 457 Ἰούδα
2453 403 2587 473 (50),
2619 401 2716 456 τοῦ
2749 404 2889 457 κατὰ
2925 403 3104 476 σάρκα
3136 401 3434 471 λεγομένου
3477 401 3647 455 αὑτοῦ
3684 403 3833 457 ἀδελ·

554 513 781 554 caruem
811 496 978 552 frater
1006 495 1212 550 Christi
1241 495 1562 550 vocabatur.
1603 493 1717 549 Hos
1763 511 1794 548 a
1855 494 2138 549 nonnullis

554 591 787 655 delatos,
806 589 950 660 quod
969 605 1036 643 ex
1055 589 1202 659 regia
1224 586 1446 642 Davidis
1469 587 1639 656 stirpe.
1664 588 1914 656 prognati
1930 596 2136 652 essent,

554 684 831 739 Evocatus
853 683 919 736 ad
938 681 1307 736 Domitianum
1333 681 1605 736 Cassarem
1631 678 2140 750 perduxit.Quippe

555 775 903 831 Domitianus
933 775 1000 829 de
1024 773 1258 828 adventu
1284 773 1514 837 Christi,
1533 771 1760 842 perinde
1786 787 1851 826 ac
1873 770 2135 834 Herodes,

554 869 656 925 sibi
689 868 990 923 metuebat.
1036 867 1359 937 Interrogati
1403 866 1573 936 igitur
1595 866 1664 920 ab
1695 865 1789 919 illo
1809 907 1824 931 ,
1857 875 2039 920 utrum
2070 881 2136 919 ex

552 964 725 1032 stirpe
758 961 979 1017 Davidis
1005 970 1190 1016 essent
1223 960 1476 1025 oriumli,
1518 959 1572 1012 id
1611 960 1963 1014 verissimum
2015 973 2140 1012 esse

555 1053 792 1108 confessi
825 1062 972 1106 sunt.
1011 1051 1214 1106 Deinde
1246 1049 1558 1104 sciscitatus
1592 1058 1675 1103 est
1715 1063 1781 1102 ex
1818 1048 1926 1102 illis
1954 1046 2140 1102 Domi-

552 1145 759 1207 tianus,
798 1152 1035 1212 quantas
1059 1143 1469 1212 possessiones,
1511 1149 1854 1209 quantumve
1894 1139 2139 1209 pecuniae

552 1235 838 1290 haberent.
875 1233 952 1287 Illi
977 1249 1108 1288 vero
1137 1248 1335 1286 novem
1380 1231 1763 1286 tantummodo
1787 1230 2136 1285 denariorum

551 1328 726 1381 millia
753 1327 856 1382 sibi
877 1326 1149 1380 ambobus
1177 1333 1465 1394 suppetere
1490 1325 1768 1389 dixerunt,
1795 1338 2031 1393 quorum
2061 1322 2140 1376 di-

553 1420 723 1474 midia
742 1435 878 1488 pars
907 1419 1143 1489 singulis
1173 1426 1540 1487 competeret;
1572 1432 1669 1472 eas
1687 1433 1816 1471 vero
1847 1415 2139 1469 facultates

551 1528 905 1583 nequaquam
949 1528 1008 1566 se
1057 1513 1110 1565 in
1154 1520 1378 1581 argento
1403 1511 1641 1576 habere,
1671 1509 1767 1565 sed
1808 1510 1862 1563 in
1900 1509 2139 1564 aestima-

551 1604 1008 1673 tioneagrorum,
1048 1617 1244 1655 novem
1275 1600 1486 1655 scilicet
1529 1616 1595 1654 ac
1635 1599 1856 1669 triginta
1903 1598 2003 1653 soli
2049 1597 2139 1667 ju-

553 1711 743 1768 gerum
771 1736 785 1759 ,
835 1710 903 1748 ex
942 1708 1177 1762 quorum
1213 1691 1482 1746 fructibus
1515 1701 1569 1745 et
1611 1690 1812 1744 tributa
1843 1679 2136 1760 ‘persolve-

2242 495 2366 565 φοῦ,
2397 495 2491 558 οὒς
2523 495 2994 566 ἐδηλατώρευσαν,
3022 497 3098 558 ὡς
3124 499 3188 548 ἐκ
3221 494 3411 563 γένους
3445 495 3609 559 ὄντας
3648 495 3826 549 Δαϐίδ.

2241 588 2476 651 Τούτους
2503 588 2547 640 δ’
2577 591 2606 642 ὁ
2652 588 2952 651 Ἰουοκᾶτος
2992 587 3102 657 (5-1)
3137 588 3314 657 ἤγαγε
3339 588 3475 658 πρὸς
3509 589 3832 658 Δομετιανὸν

2249 679 2529 750 Καίσαρα.
2571 679 2847 747 Ἐφοῦεἰτο
2877 679 2988 750 γάρ
3018 681 3116 749 τὴν
3142 679 3448 750 παρουσίαν
3474 678 3570 732 τοῦ
3597 679 3830 748 Χριστοῦ

2241 771 2317 834 ὼς
2347 771 2442 823 καὶ
2487 769 2752 842 Ἡρώδης.
2793 772 2904 823 Καὶ
2927 769 3289 842 ἐπηρώτησεν
3323 770 3538 833 αὐτοὺς
3565 772 3614 822 εἰ
3640 773 3705 823 ἐκ
3733 773 3831 824 Δα-

2242 862 2326 914 6ίδ
2354 863 2459 914 εἰσι
2476 877 2490 890 ο
2527 863 2621 914 καὶ
2636 860 3015 931 ὡμολόγησαν.
3042 862 3176 914 Τότε
3201 860 3487 932 ἠρώτησεν
3517 861 3717 925 αὐτοὺς
3741 862 3830 914 πό-

2243 973 2342 1019 σας
2371 956 2592 1026 κτήσεις
2615 955 2900 1026 ἓχουσιν,ἦ
2922 956 3104 1008 πόσων
3132 954 3431 1026 χρημάτων
3463 955 3826 1026 κυριεύουσιν.

2246 1051 2308 1102 Οἱ
2340 1049 2396 1100 δὲ
2431 1043 2587 1100 εἷπον
2621 1047 2943 1118 ἀμφότεροι,
2978 1047 3346 1117 ἐννακισχίλια
3386 1046 3621 1120 δηνάρια
3656 1047 3829 1118 ὑπάρ-

2241 1159 2354 1210 χειν
2387 1142 2570 1203 αύτοῖς
2604 1140 2760 1210 μόνα,
2796 1139 3012 1209 ἑκάστῳ
3034 1139 3214 1192 αὐτῶν
3235 1141 3533 1210 ἀνήκοντος
3572 1140 3664 1193 τοῦ
3707 1142 3833 1211 ἠμί·

2243 1250 2408 1296 σεως·
2459 1231 2757 1286 καὶταῦτα
2799 1232 2898 1283 οὐκ
2944 1233 3003 1284 ἐν
3054 1231 3339 1302 ἀργυρίοις
3379 1231 3624 1299 ἔφασκον
3671 1231 3827 1303 ἔχειν,

2241 1326 2353 1379 ἀλλ’
2381 1327 2439 1377 ἐν
2468 1323 2776 1392 διατιμήσει
2810 1323 2913 1393 γῆς
2930 1322 3179 1393 πλέθρων
3211 1321 3506 1391 τριάκοντα
3540 1323 3698 1375 ἐννέα
3737 1323 3829 1394 μό-

2239 1435 2346 1469 νων
2365 1433 2378 1445 ·
2413 1415 2471 1480 ἐξ
2496 1409 2570 1468 ὧν
2604 1415 2699 1468 καὶ
2728 1415 2854 1477 τοὺς
2887 1413 3085 1484 φόρους
3113 1413 3409 1484 ἀναφέρειν
3442 1413 3580 1483 (52),
3604 1415 3698 1467 καὶ
3735 1414 3828 1468 αύ-

2239 1508 2366 1584 τῲς
2423 1504 2860 1577 αύτουργοῢντας
2907 1505 3310 1576 διατρέφεσθαι.
3340 1499 3479 1558 Εἶτα
3506 1505 3565 1558 δὲ
3603 1507 3698 1558 καὶ
3736 1506 3826 1569 τὰς

2239 1605 2424 1673 χεῖρας
2457 1599 2555 1662 τὰς
2586 1597 2795 1652 ἑαυτῶν
2830 1595 3216 1660 ἐπιδεικνύναι,
3256 1596 3563 1669 μαρτύριον
3594 1596 3691 1667 τῆς
3736 1597 3828 1650 αύ-

2239 1693 2497 1764 τουργίας
2519 1690 2616 1761 τὴν
2641 1689 2734 1743 τοῦ
2785 1688 3036 1758 σώματος
3084 1688 3382 1761 σκληρίαν,
3418 1689 3517 1742 καὶ
3563 1689 3688 1751 τοὺς
3725 1687 3826 1741 ἀπὸ

553 1796 699 1853 rent,
731 1795 786 1840 et
814 1785 919 1840 sibi
965 1784 1098 1854 ipsis
1127 1799 1236 1836 non
1283 1783 1402 1838 sine
1438 1783 1661 1851 proprio
1693 1782 1881 1835 labore
1918 1781 2133 1836 victum

2238 1786 2337 1855 τῆς
2387 1781 2646 1854 συνεχοῦς
2697 1781 2960 1853 ἐργασίας
3018 1779 3540 1842 ἐναποτυπωθέντας
3587 1779 3679 1832 ἐπὶ
3727 1779 3829 1832 τῶν

554 1887 961 1948 compararent.
983 1875 1271 1944 Simulque
1302 1889 1500 1928 manus
1521 1875 1810 1927 ostendere
1830 1881 2132 1943 cos-perunt,

553 1972 812 2029 duritiem
853 1971 1015 2034 cutis,
1044 1969 1486 2037 impressumque
1516 1967 1623 2020 alte
1651 1967 1906 2021 manibus
1935 1966 2135 2020 callum

551 2081 619 2121 ex
666 2064 873 2118 laboris
929 2061 1277 2124 assiduitate,
1312 2059 1365 2112 in
1394 2059 1783 2115 itestimonium
1827 2059 2012 2128 operis
2049 2058 2137 2113 sui

554 2151 916 2224 proferentes.
942 2150 1228 2205 Postremo
1261 2148 1583 2218 interrogati
1614 2149 1681 2202 de
1718 2148 1942 2203 Christo
1985 2153 2039 2202 el
2071 2148 2139 2202 de

553 2258 724 2312 regno
746 2239 1239 2310 illius,cujusmodi
1268 2238 1320 2294 id
1335 2249 1500 2302 esset,
1521 2249 1574 2293 et
1601 2238 1843 2309 quando,
1867 2239 2138 2310 quibusve

553 2335 608 2390 in
659 2334 795 2389 locis
841 2333 1265 2402 appariturum,
1315 2330 1759 2400 responderunt,
1811 2346 1918 2384 non
1971 2331 2136 2399 hujus

553 2425 763 2490 mundi,
794 2439 896 2478 nec
926 2434 1198 2477 terrarum
1227 2423 1520 2490 imperium
1553 2421 1687 2475 illud
1716 2436 1873 2488 esse;
1902 2421 1996 2476 sed
2029 2437 2134 2474 an-

554 2518 786 2588 gelicum
809 2527 862 2570 et
884 2515 1125 2577 cmleste,
1157 2515 1302 2583 quod
1332 2513 1384 2566 in
1407 2511 1512 2566 line
1534 2513 1863 2567 saeculorum
1887 2512 2136 2567 futurum

554 2617 720 2675 esset,
773 2617 906 2662 tunc
953 2622 1077 2660 cum
1130 2605 1389 2659 Christus
1418 2604 1722 2660 adveniens
1769 2620 1894 2660 cum
1943 2605 2134 2674 gloria,

554 2702 714 2756 vivos
745 2699 910 2755 simul
933 2707 987 2753 et
1014 2709 1266 2752 mortuos
1291 2695 1584 2766 judicabit,
1609 2705 1665 2750 et
1693 2697 1996 2766 unicuique
2015 2712 2142 2766 ope-

557 2848 785 2890 verbum
812 2835 879 2888 de
900 2833 1130 2887 urbibus
1158 2831 1522 2893 dicatur,non
1557 2839 1740 2884 autem
1768 2829 1836 2884 de
1858 2829 2134 2898 gentibus.

557 2905 790 2960 Rufinus
819 2919 1039 2974 quoque
1091 2911 1146 2956 ct
1171 2899 1511 2971 Nicephorus
1551 2916 1646 2954 eas
1686 2915 1850 2955 voces
1896 2915 2005 2954 non
2040 2899 2139 2954 ha-

557 2977 743 3116 ΒΟ(1ῑέίῆ
762 3043 995 3116 frmat
1044 3041 1346 3116 Ἰούδα-1η
1377 3040 1564 3116 codice
1595 3038 1788 3116 Regio,
1818 3053 1883 3116 ac
1914 3036 2056 3116 Med.
2084 3049 2139 3116 et

556 3107 1387 3194 apud_'Georgimit_Syncellum
1422 3109 1782 3194 legitur-uid»;
1829 3107 2000 3162 Ἰούδα
2025 3109 2134 3191 Ἰεγί
2162 3135 2208 3194 c

556 3179 902 3240 discrimine.
951 3179 1221 3237 Caeterum
1275 3182 1444 3235 miror
1483 3179 1838 3249 ’Scaligcrum
1867 3221 1882 3244 ,
1943 3179 2038 3249 qui
2082 3180 2134 3234 in

558 3253 1120 3311 Animadversionibus
1156 3251 1473 3304 Eusebianis
1499 3267 1626 3320 pag.
1663 3250 1788 3315 187,
1818 3259 1930 3320 tam
1962 3250 2136 3303 Eusc-

558 3328 732 3403 bium,
789 3339 967 3403 quam.
1011 3322 1392 3403 Hegesippum
1433 3319 1707 3403 immerito
1760 3319 2130 3403 reprehendit.

559 3396 696 3450 Nam
722 3389 899 3464 neque
924 3389 1261 3462 Hegesippus
1275 3391 1647 3464 posteritatem
1667 3390 1887 3464 Davidis
1907 3389 1976 3443 ad
1995 3391 2136 3464 duos

560 3475 770 3521 tantum
803 3459 1050 3518 homines
1077 3459 1207 3518 tunc
1226 3477 1361 3517 esse
1384 3462 1661 3516 redactam
1694 3461 1851 3525 dixit,
1893 3467 1954 3514 ut
1994 3459 2135 3515 falso

556 3538 608 3591 ei
633 3537 823 3605 objicit
844 3534 1117 3603 Scaliger;
1155 3533 1247 3605 sed
1280 3532 1655 3605 posteritatem
1685 3530 1860 3605 Iudae,
1887 3530 1983 3605 qui
2010 3539 2136 3605 erat

556 3600 731 3662 frater
767 3600 1019 3659 Dominif
1046 3619 1147 3658 nec
1173 3600 1443 3658 Eusebius
1468 3601 1752 3671 Hegesippi
1788 3602 1950 3671 verba
1973 3600 2135 3654 aliter

557 3675 789 3746 accepit.
829 3675 989 3746 Certe
1017 3672 1360 3746 Hegesippus
1391 3669 1594 3728 diserte
1611 3669 1862 3746 testatur,
1881 3669 2135 3746 _§ymeo—

559 3741 707 3802 nem'
727 3745 913 3816 Clopae
936 3741 1140 3816 filium,
1154 3741 1248 3816 qui
1262 3741 1402 3798 tunc
1427 3752 1544 3798 erat
1562 3743 1851 3816 episcopus
1879 3741 2134 3816 Hieroso-

557 3810 854 3888 lymorum,
905 3825 1086 3888 ortum
1117 3810 1609 3888 ίιιῖεεε-ει-εειιιε
1648 3810 1924 3888 Davidica.
1956 3810 2132 3888 Verba

557 3881 680 3956 e'jus
736 3887 905 3941 habes
942 3884 1082 3956 infra
1116 3901 1239 3954 cap.
1285 3883 1373 3956 ’ᾅί
1411 3881 1598 3956 Itaque
1644 3899 1745 3956 n_ec
1769 3881 2132 3956 __Hegesippus

556 3951 784 4021 erravit,
815 3972 915 4010 nec
960 3951 1250 4009 Eusebius.
1289 3951 1409 4022 Ipse
1447 3951 1630 4022 potius
1662 3951 1901 4022 Scaliger
1951 3967 2135 4020 repre-

558 4027 880 4081 hendendus
902 4035 1005 4091 est,
1027 4026 1117 4093 qui
1144 4021 1407 4078 adversus
1424 4021 1802 4078 auctoritatem
1823 4021 2129 4093 Hegesippi,

557 4096 917 4151 vetustissimi
971 4092 1274 4164 scriptoris,
1329 4103 1385 4164 et
1433 4093 1748 4164 apostolicis
1791 4092 2132 4164 temporibus

558 4168 818 4236 proximi,
837 4160 1108 4236 obstinate
1130 4163 1434 4236 contendit,
1445 4160 1656 4236 nullum
1676 4160 2131 4236 unquam_Jud_am

558 4230 787 4292 fratrem
816 4235 1031 4289 Domini
1070 4235 1368 4289 exstitisse.
1400 4231 1505 4287 Sed
1541 4242 1734 4288 contra
1771 4230 1860 4287 est
1895 4230 2132 4301 Epipha-

558 4307 685 4362 nius
723 4308 778 4360 in
804 4305 995 4360 haeresi
1024 4304 1114 4368 78,
1149 4304 1243 4372 qui
1271 4302 1572 4372 Josephum
1606 4318 1672 4357 ex
1715 4303 1896 4371 priore
1936 4302 2132 4372 conju-

559 4378 648 4447 gio
679 4385 914 4447 quatuor
943 4375 1020 4427 ait
1060 4371 1372 4447 suscepisse
1414 4371 1651 4447 liberos,
1686 4372 1990 4447 Jacob‘umh,
2028 4371 2132 4443 Sy-

559 4439 832 4508 l'neonem,
860 4444 1122 4508 Josetem,
1153 4457 1206 4498 et
1227 4439 1448 4506 Judam,
1493 4445 1580 4498 cui
1621 4443 1896 4497 consentit
1924 4439 2129 4511 Hippo-

558 4516 703 4588 lytus
747 4515 1066 4588 Portuen_sis
1111 4515 1402 4588 episcopus
1458 4514 1599 4588 apud
1655 4511 2022 4588 Nicephorum
2072 4513 2126 4566 in

558 4581 700 4642 libro
733 4601 793 4651 ιι,
819 4601 940 4654 cap.
972 4585 1038 4644 5.
1089 4581 1196 4638 nisi
1229 4581 1374 4653 quod
1418 4581 1518 4652 pro
1547 4583 1817 4654 Symeone
1849 4581 2127 4654 Simonem

556 4657 712 4723 dicit,
745 4652 970 4718 rectius,
996 4664 1233 4724 utsupra
1255 4652 1482 4714 notavi;
1516 4663 1570 4709 et
1592 4652 1738 4707 tilias
1769 4652 1923 4707 aliter
1949 4653 2128 4724 nomi-

559 4737 676 4781 nat.
700 4721 796 4782 His
818 4726 1029 4781 accedit
1061 4721 1424 4795 Hieronymus
1464 4725 1518 4778 in
1545 4725 1685 4778 libro
1715 4721 2127 4795 Adversusllel-

557 4797 779 4852 vidium.
817 4797 969 4852 Dicet
994 4797 1227 4850 fortasse
1257 4792 1456 4863 aliquis
1487 4795 1574 4861 id,
1605 4793 1748 4863 quod
1783 4809 1811 4846 a
1846 4792 2128 4862 Scaligero

555 4867 764 4935 dictum
801 4877 912 4931 est,
953 4867 1157 4921 nullam
1212 4866 1272 4935 ini
1322 4863 1612 4935 Evangelio
1647 4863 1976 4935 mentionem
2009 4863 2127 4935 ejus

555 4933 712 4992 Iuda:
744 4938 862 4992 fieri
924 4938 1038 4990 lmo
1068 4952 1197 4991 vero
1227 4933 1512 4991 Matthagu's
1537 4937 1592 4989 in
1620 4951 1741 5003 cap.
1777 4950 1894 4998 xm,
1929 4934 1996 4988 de
2033 4934 2127 4988 illo

557 5009 640 5078 sic
673 5009 959 5078 loquitur;
1006 5006 1196 5078 Nonne
1218 5016 1395 5078 prater
1429 5005 1541 5078 eius
1583 5006 1783 5078 dicitur
1829 5003 2042 5078 Mario;
2078 5012 2127 5056 et

558 5073 762 5202 fratres.
784 5079 898 5159 ejus
923 5077 1180 5158 Jac-obus,
1203 5075 1418 5157 Ioseph,
1439 5075 1642 5140 Simon,
1665 5084 1713 5157 et
1737 5073 1909 5156 ludas
1925 5076 1950 5128 .9
1980 5073 2126 5128 Idem

580 5158 758 5202 exitur
787 5165 840 5202 ιιι
872 5148 1038 5202 Marci
1070 5163 1120 5201 c.
1147 5161 1222 5199 vi.
1249 5144 1432 5202 Vides.
1460 5155 1531 5200 .ut
1567 5146 1809 5202 Scaliger
1837 5147 2006 5198 nimio
2044 5159 2126 5196 re-

580 5148 758 5218 egitur
787 5144 840 5202 in
872 5148 1038 5218 Marci
1070 5163 1120 5201 c.
1147 5161 1222 5199 vi.
1249 5144 1432 5212 Vides,
1459 5155 1531 5216 ὅιιι
1567 5146 1809 5214 Scaliger
1837 5146 2006 5218 nimio
2044 5159 2129 5196 re-

559 5216 930 5341 prehendendi
957 5218 1139 5272 studio
1167 5219 1446 5286 abreptus,
1481 5218 1677 5270 merito
1705 5219 1819 5283 ipse
1861 5216 1915 5268 in
1945 5228 2126 5282 repreo

581 5288 879 5341 tensioncm
911 5289 1160 5341 incurrit.
1185 5286 1356 5340 Porro
1380 5289 1466 5341 hic
1496 5286 1663 5341 Judas
1689 5299 1915 5339 uxorem
1938 5300 1966 5337 a
1991 5299 2126 5336 non-

581 5288 879 5341 iensioncm
911 5289 1160 5342 incurrit.
1185 5286 1356 5340 Porro
1380 5289 1466 5342 hic
1496 5286 1663 5341 Judas
1689 5299 1915 5339 uxorem
1938 5300 1966 5337 a
1991 5299 2128 5336 non-

560 5359 725 5413 nullis
752 5359 952 5412 dicitur
978 5359 1234 5412 habuisse
1260 5357 1486 5411 Mariam
1510 5397 1523 5420 ,
1561 5366 1700 5411 teste
1733 5353 2039 5424 Nicephoro
2071 5353 2127 5407 in

557 5425 656 5497 ιιι).
679 5443 719 5494 ι,
743 5444 864 5497 cap.
894 5428 981 5483 55.
1007 5427 1087 5482 Ex
1119 5429 1220 5482 hac
1245 5428 1409 5497 igitur
1436 5429 1634 5482 liberos
1658 5427 1930 5497 suscepit;
1959 5440 1988 5497 a
2011 5425 2128 5497 qui-

557 5495 661 5552 bus
693 5495 978 5579 propagati
1017 5495 1626 5579 sunt‘Bscnci‘cquLLde
1675 5495 1893 5579 quibus
1917 5495 2127 5579 Africa:

558 5580 664 5622 nus
691 5563 746 5621 in
771 5563 1014 5637 Epistula
1037 5569 1105 5622 ad
1132 5568 1441 5622 Aristidem.
1499 5567 1609 5622 Hos
1653 5563 1822 5637 porro
1861 5563 2125 5637 Scaligeri

555 5649 771 5697 errores
791 5635 1113 5706 jamdudum
1137 5639 1485 5706 reprehendit
1511 5638 1570 5692 P.
1599 5635 1902 5691 Halloixius
1927 5636 1982 5689 in
2024 5650 2126 5688 no-

561 5708 860 5779 tationibus
881 5710 949 5763 ad
967 5708 1145 5764 Vitam
1166 5707 1482 5779 Hegesippi;
1511 5710 1656 5777 quod
1675 5706 2120 5779 quidemserius,

554 5787 614 5833 et
629 5777 898 5836 absolutis
927 5779 1036 5840 iam
1068 5776 1635 5842 auimadveiéionibus
1665 5776 1800 5837 meis
1828 5776 2013 5836 didici.
2126 5813 2182 5831 ..ι

2243 1877 2387 1930 ἰδίων
2415 1875 2612 1947 χειρῶν
2636 1873 2828 1936 τύλους
2854 1871 2966 1942 (5'5)
2994 1872 3387 1943 παριστάντας.
3426 1871 3825 1944 Ἐρωτηθέντας

2238 1972 2294 2024 δὲ
2325 1971 2455 2041 περὶ
2489 1967 2581 2021 τοῦ
2617 1966 2854 2038 Χριστοῦ
2889 1966 2983 2017 καὶ
3014 1965 3112 2036 τῆς
3143 1964 3422 2034 βασιλείας
3451 1963 3642 2029 αὑτοῦ,
3675 1965 3824 2019 ὁποία

2239 2081 2321 2126 τις
2345 2062 2428 2132 εἴη
2454 2060 2551 2114 καὶ
2575 2059 2704 2112 πότε
2739 2060 2834 2111 καὶ
2868 2059 2960 2110 ποῖ
2995 2057 3378 2128 φανησομένη,
3429 2055 3588 2126 λόγον
3629 2056 3819 2119 δοῦναι,

2239 2153 2315 2217 ὡς
2339 2154 2398 2206 ού
2429 2150 2669 2221 κοσμικὴ
2709 2150 2805 2220 μὲν
2831 2148 2940 2202 οὐδ’
2976 2147 3241 2215 ἐπίγειος,
3275 2147 3608 2219 ἐπουράνιος
3641 2147 3696 2199 δὲ
3736 2145 3822 2200 καὶ

2241 2242 2505 2314 ἀγγελικὴ
2537 2241 2816 2310 τυγχάνει,
2851 2239 2944 2291 ἐπὶ
2979 2237 3258 2310 συντελείᾳ
3290 2238 3384 2291 τοῦ
3427 2239 3626 2303 αἰῶνος
3672 2254 3820 2308 γενη-

2240 2337 2464 2406 σομένη,
2495 2335 2733 2404 ὁπηνίκα
2779 2332 2950 2396 ἐλθὼν
2990 2335 3047 2385 ἐν
3079 2331 3228 2403 ’δόξῃ
3262 2335 3446 2402 κρινεῖ
3482 2329 3690 2395 ζῶντας
3719 2330 3820 2399 (54)

2239 2429 2332 2482 καὶ
2353 2428 2606 2499 νεκροὺς,
2641 2427 2736 2479 καὶ
2763 2423 3040 2478 ’ἀποδώσει
3074 2424 3290 2494 ἑκάστῳ
3336 2423 3485 2477 κατά
3537 2424 3605 2478 τὰ
3644 2425 3820 2493 ἐπιτη-

2237 2520 2480 2592 δεύματα
2513 2516 2699 2571 αὑτοῦ.
2737 2517 2852 2584 Ἐφ’
2892 2511 2973 2579 οἷς
3016 2515 3182 2587 μηδὲν
3221 2515 3403 2568 αὐτῶν
3449 2515 3818 2584 κατεγνωκότα

2239 2612 2331 2665 τὸν
2369 2608 2728 2682 Δομετιανὸν,
2771 2605 2906 2660 ἀλλὰ
2940 2606 3034 2659 καὶ
3078 2606 3154 2670 ὡς
3206 2606 3444 2661 εὐτελῶν
3488 2607 3818 2678 καταφρονή-

2241 2721 2427 2768 σαντα,
2454 2700 2770 2773 ὲλευθέρους
2806 2700 2902 2770 μὲν
2935 2698 3134 2762 αὐτοὺς
3179 2699 3389 2753 ἀνεῖναι
3413 2741 3429 2765 ,
3480 2698 3815 2754 καταπαῦσαι

2305 2837 2425 2905 (51)
2473 2836 2526 2888 Ὁ
2573 2831 2918 2905 Ἰουοκᾷτος.
2951 2831 3044 2888 Sic
3066 2847 3132 2905 e_x
3159 2832 3349 2889 codice
3372 2833 3634 2889 Medicaeo
3657 2832 3817 2905 edidit

2240 2903 2379 2962 Rob.
2409 2906 2739 2974 Stephanus.
2769 2903 2827 2957 In
2854 2905 3042 2959 codice
3077 2903 3247 2968 Regio
3283 2906 3555 2974 scriptum
3588 2903 3763 2957 inveni
3785 2904 3812 2955 ὁ

2252 2973 2580 3039 Ἰκουδᾶτος,
2616 2975 2761 3044 quod
2795 2982 3085 3029 monuerat
3112 2975 3276 3028 etiam
3323 2975 3470 3029 idem
3516 2973 3814 3043 Stephanus

2241 3049 2294 3101 in
2321 3048 2488 3102 variis
2512 3045 2860 3106 lectionibus,
2890 3060 3030 3114 quas
3061 3044 3128 3098 ad
3167 3045 3374 3114 calcem
3401 3045 3665 3099 editionis
3708 3056 3814 3114 sua}

2240 3117 2492 3186 conjecit.
2550 3114 2605 3168 In
2626 3111 2950 3186 “Chronico
2986 3114 3203 3184 Georgii
3237 3113 3481 3185 Syncelli
3533 3115 3722 3186 legitur
3744 3152 3758 3174 ,
3784 3111 3814 3163 ὁ

2253 3183 2574 3249 Ἰουοκᾶτος.
2625 3184 2738 3239 Nos
2771 3201 2838 3239 ex
2890 3185 3066 3239 tribus
3093 3183 3296 3238 nustris
3339 3183 3626 3240 codicibus
3660 3183 3810 3245 Maz.,

2238 3257 2377 3312 Fuk.
2407 3265 2462 3312 et
2487 3255 2790 3321 Saviliano,
2819 3271 3002 3308 veram
3040 3255 3203 3322 hujus
3233 3253 3339 3310 loci
3370 3256 3707 3325 scripturam“
3727 3269 3809 3305 rc-

2236 3329 2537 3391 stituimus,
2575 3327 2800 3396 τούτους
2824 3325 2868 3377 δ’
2893 3328 2922 3378 ὁ
2954 3326 3258 3396 Ἰουοκᾶτρς
3286 3324 3812 3396 ἠγαγεέ-(ὶοιιίίι-Ψει

2238 3398 2382 3453 hanc
2408 3398 2693 3452 lectionem
2721 3395 3084 3463 Nicephorus,
3111 3404 3164 3448 et
3187 3393 3445 3449 Rufinus.
3475 3394 3608 3448 Nam
3631 3395 3683 3448 in
3707 3393 3813 3446 Ru-

2237 3467 2348 3523 fino
2381 3467 2604 3538 quidem
2643 3467 2844 3538 dicitur
2866 3464 3210 3538 Revocatus:
3243 3464 3351 3538 Hos
3377 3464 3807 3538 Revocatus‘qui-l

2236 3539 2361 3591 dam
2391 3530 2618 3602 nomine,
2648 3538 2740 3607 qui
2762 3537 2832 3589 ad
2853 3536 2958 3607 Ahoc
3004 3537 3196 3588 missus
3219 3536 3438 3607 fuerat,
3475 3530 3809 3607 perduxitqd

2237 3607 2630 3662 Domitianum.
2663 3601 3023 3674 'Nicephorus
3058 3621 3189 3659 vero
3216 3601 3273 3660 in
3302 3606 3399 3660 lib.
3426 3601 3525 3672 ιιι,
3561 3620 3678 3673 cap.
3725 3601 3806 3662 i0,

2235 3680 2502 3747 scriptum
2525 3677 2708 3747 habet,
2734 3678 2763 3730 ὁ
2809 3677 3155 3747 ἪουοκᾶτοςῘ
3187 3675 3289 3740 Q‘ui
3325 3675 3440 3731 sint
3473 3674 3702 3747 evocati,
3725 3688 3812 3747 no-

2235 3739 2363 3802 tum'
2385 3757 2469 3803 est
2497 3763 2564 3801 ex
2597 3739 2802 3812 Dione;
2833 3747 3035 3800 milites
3059 3739 3666 3803 scilicet,honoratioris
3690 3739 3807 3801 loci.

2235 3819 2330 3888 qui
2368 3817 2652 3891 .confectis
2683 3817 2794 3891 jam
2835 3816 3125 3891 stipendiis
3156 3815 3369 3870 dimissi
3396 3855 3419 3891 ,_
3452 3817 3519 3891 ad
3567 3812 3806 3891 militiam

2234 3883 2608 3942 evocabantur
2639 3903 2670 3941 a
2703 3883 2970 3956 principe.
3007 3883 3210 3956 ﬂorum
3228 3887 3460 3956 Amentio
3490 3886 3632 3956 flt_in
3659 3890 3804 3936 vetu-

2235 3959 2336 4014 stis
2361 3952 2829 4020 inscriptionibus,
2866 3953 3072 4009 EVOK.
3114 3952 3365 4016 AUG.,id
3417 3965 3503 4010 est
3547 3953 3807 4008 Evocatus

2235 4027 2487 4100 Augusti.
2521 4021 2600 4082 Ne
2629 4028 2755 4098 quis
2777 4035 2960 4100 a_utem
2989 4023 3642 4100 ιιιίιιεῑιιικ-ΗειξεειίιιιιιιιιιΔ
3663 4021 3805 4100 Cra:-

2235 4093 2362 4168 ειιιῖι
2414 4093 2763 4168 scriptorem,
2798 4095 3050 4168 Romano
3099 4095 3372 4168 vocabulo
3411 4093 3576 4152 usum
3618 4093 3802 4168 fuisse.

2233 4167 2352 4222 Non
2386 4169 2437 4222 id
2462 4162 2666 4223 no'vum
2687 4207 2703 4231 ,
2750 4162 2845 4222 aut
2890 4164 3207 4236 infrequens
3238 4163 3541 4236 Hegesippo
3562 4207 3577 4230 ,
3609 4162 3804 4233 quippe

2233 4241 2326 4313 qui
2351 4238 2766 4313 δηλατωρεύειν,
2801 4247 2855 4292 ει
2883 4235 3374 4313 δῃνάριαμιειιιριιι
3401 4237 3456 4289 in
3478 4235 3587 4313 hac
3610 4244 3801 4313 narra-

2234 4305 2412 4377 tione,"
2435 4305 2599 4379 quam
2629 4325 2739 4380 prae
2769 4305 3035 4363 manibus
3057 4305 3344 4372 habemus,
3378 4315 3436 4362 et
3463 4305 3671 4378 plebeio
3693 4314 3802 4356 ser-

2233 4396 2397 4436 mone
2421 4381 2611 4435 utitur.

2306 4450 2420 4520 (52)
2468 4450 2563 4514 Ἐξ
2593 4443 2680 4502 ὧν
2709 4447 2808 4501 καὶ
2847 4446 2990 4520 τοὺς
3032 4446 3254 4520 φόρους
3295 4445 3650 4520 ἀναφέρειν..
3675 4437 3802 4520 Male

2159 4497 2204 4552 D
2231 4497 3793 4588 οιιιιξίοςῆιῖηξδηιίξ-κνέίιίιδυεριῑρίαιίῑι,ῖιίέξιέινρειεεριί.

2231 4587 2488 4660 agrorum
2518 4591 2878 4660 solverentur.
2907 4587 3069 4656 Atqui
3103 4588 3258 4660 φόροι
3282 4587 3661 4660 t_ributa_s_unt,
3687 4590 3802 4660 qua!

2229 4649 2297 4716 εἱ
2332 4661 2478 4730 agris
2509 4659 2884 4731 solvebantur,
2932 4649 3095 4731 atque
3117 4649 3338 4731 in'ipsis
3363 4655 3643 4731 speciebus
3688 4649 3799 4731 fere

2267 4727 2628 4798 endebantur,
2660 4730 2710 4783 id
2733 4729 2894 4783 estin
2925 4728 3128 4798 ιιίιίερ,
3163 4728 3392 4789 hordeo,
3419 4727 3552 4798 vino
3578 4727 3798 4798 etsimi-

2253 4803 2407 4864 ibus,
2440 4810 2502 4856 ut
2546 4788 2695 4870 patet
2724 4814 2799 4870 fex
2839 4799 3027 4870 codice
3058 4788 3461 4870 Theodosiano.
3515 4788 3794 4870 Vectigalia

2228 4887 2358 4924 vero
2383 4857 2682 4940 suntfqua:
2708 4869 2895 4924 Graece
2937 4869 3196 4940 dicuntur
3225 4867 3378 4938 τέλη,
3415 4881 3535 4936 quae
3561 4879 3590 4918 a
3629 4857 3794 4940 publi-

2229 4941 2384 4995 canis
2413 4931 2884 5000 conducebantur,
2905 4943 2970 4994 ἐι
2990 4931 3385 5008 exigebantur;
3429 4931 3552 5008 cum
3571 4931 3789 5008 _tributa

2229 5027 2259 5064 a
2296 5012 2732 5081 susceptoribus,
2764 5011 2848 5063 vel
2877 5011 2946 5064 ab
2967 5004 3374 5078 apparitoribus
3393 5004 3681 5078 praesidum
3730 5009 3790 5049 ac

2229 5080 2610 5151 prmiectcirum
2639 5081 2781 5151 exigi
2809 5081 3071 5151 solerent.
3216 5148 3226 5151 _
3483 5145 3514 5151 __
3659 5140 3670 5151 ,
3715 5134 3760 5151 ..

2297 5152 2413 5222 (55)
2447 5153 2690 5217 Τύλους.
2728 5136 2865 5204 Cum
2903 5150 3060 5222 initio
3094 5148 3378 5222 vertissem
3409 5145 3601 5206 callos,
3641 5136 3789 5222 dubi-

2229 5209 2342 5276 tare
2365 5209 2551 5291 postea
2572 5209 2742 5290 caSpi,
2785 5237 2852 5274 an
2881 5221 3055 5274 callus
3086 5219 3395 5291 masculino
3422 5227 3615 5291 genere
3648 5209 3785 5291 dice:

2228 5286 2397 5345 retur.
2435 5286 2678 5346 Tandem
2709 5307 2838 5346 vero
2868 5291 3039 5345 callos
3087 5305 3117 5342 a
3166 5287 3364 5342 Rufino
3405 5286 3511 5341 dici
3556 5289 3782 5346 comperi

2228 5361 2283 5415 in
2310 5362 2403 5415 lib.
2437 5378 2499 5425 ιι,
2528 5363 2620 5416 ubi
2645 5363 2712 5415 de
2744 5371 2917 5414 morte
2944 5359 3131 5414 Jacobi
3171 5359 3357 5413 fratris
3388 5353 3618 5410 Domini.

2299 5432 2413 5503 (54)
2443 5415 2646 5501 κρινεῖ
2659 5429 2899 5503 ζῷντας.
2924 5430 2979 5484 ln
2996 5429 3186 5503 codice
3203 5428 3366 5494 Maz.,
3381 5426 3518 5503 Med.
3550 5415 3777 5503 acﬁFqu

2226 5487 2438 5556 necnon
2485 5487 2627 5573 apud
2661 5487 3042 5569 Nicephorum
3075 5487 3557 5573 legitur_xpivetsv.
3606 5487 3711 5573 Sed
3731 5489 3782 5573 te!

2226 5573 2396 5627 codex
2434 5566 2568 5643 Reg.
2603 5573 2675 5626 ita
2699 5566 2899 5643 disc—rte
2923 5566 3188 5643 scriptum
3213 5566 3394 5643 habe}.
3423 5566 3615 5643 Quare
3638 5571 3778 5643 meri:

2226 5644 2355 5724 dum
2398 5655 2482 5699 est
2515 5628 2988 5724 t'j'pographicum,
3034 5628 3190 5714 quod
3244 5641 3302 5696 in
3336 5628 3478 5695 Rob.
3533 5628 3777 5701 Stephani

2225 5713 2519 5772 editionem
2542 5713 2783 5785 irrepsit.
