4130 6392
376 278 515 343 1317
1528 278 1589 335 S.
1628 276 1953 334 HECESIPP

2052 279 2477 339 "RAGMENTA.
3510 291 3653 346 1518

374 399 435 452 δὲ
469 395 558 450 διὰ
585 391 1010 463 προστάγματος
1033 389 1126 443 τὸν
1156 389 1297 443 κατὰ
1326 389 1427 458 τῆς
1471 388 1795 459 Ἐκκλησίας
1839 389 1953 442 διω-

2070 404 2194 443 rum
2219 405 2447 445 suorum
2476 392 2782 448 mercedem
2826 394 3049 449 tribuet.
3078 394 3177 451 His
3194 397 3419 464 auditis,
3464 399 3654 457 Domi-

377 489 540 561 γμόν.
577 487 718 550 Τοὺς
742 487 800 539 δὲ
824 484 1224 547 ἀπολυθέντας,
1259 481 1569 553 ἡγήσασθαι
1606 480 1713 534 τῶν
1756 481 1953 551 ἐκκλη-

2074 480 2259 536 tianus
2288 483 2424 537 nihil
2451 483 2725 541 adversus
2753 486 2876 543 illos
2924 489 3174 557 asperius
3232 490 3507 559 decrevit;
3556 496 3655 549 sed

376 576 534 641 σιῶν,
568 576 645 639 ὡς
675 574 743 629 ἂν
768 575 831 645 δὴ
868 575 1152 645 μάρτυρας
1181 571 1316 642 ὁμοῦ
1347 573 1443 624 καὶ
1466 569 1574 624 ἀπὸ
1596 571 1787 638 γένους
1806 569 1953 631 ὄντας

2068 575 2335 630 vilitatem
2360 577 2646 634 hominum
2670 591 3019 649 aspernatus,
3051 582 3256 639 liberos
3289 584 3442 640 abire
3460 586 3650 655 jussit;

375 667 473 721 τοῦ
508 667 717 739 Κυρίου
744 682 756 695 ·
794 664 1094 735 γενομένης
1126 681 1186 715 τε
1218 663 1461 734 εἰρήνης,
1497 661 1660 733 μέχρι
1692 660 1953 733 Τραϊανοῦ

2070 661 2353 730 missoque
2374 663 2574 728 edicto,
2594 666 3031 733 persecutionem
3065 668 3331 723 adversus
3349 669 3653 726 Ecclesium

377 760 718 829 παραμεῖναι
750 755 949 817 αὐτοὺς
970 753 1045 823 τῷ
1077 753 1197 824 βίῳ.

2066 760 2402 806 commotam
2430 757 2790 823 compescuit.
2826 755 2951 811 lllos
2973 773 3103 812 vero
3134 758 3201 812 ad
3239 760 3387 814 hunc
3426 761 3651 817 modum

379 850 645 906 dimissos
674 850 922 905 ecclesiis
944 849 1174 919 posthac
1190 845 1475 917 praefuisse
1502 844 1963 914 narrantﬁutpote
1999 843 2201 900 Christi
2234 858 2503 918 martyres
2556 850 2721 905 simul
2762 866 2828 907 ac
2877 853 3250 924 propinquos;
3293 866 3349 910 et
3397 871 3531 926 pace
3552 858 3652 912 de-

379 963 535 1003 mum
562 946 825 1003 Ecclesia:
865 945 1098 1011 reddita,
1131 945 1200 999 ad
1249 943 1475 1015 Trajani
1518 958 1696 1013 usque
1741 951 1990 1012 tempora
2027 942 2194 997 vitam
2220 946 2563 1015 perduxisse.

1973 1074 2063 1129 lll.

379 1204 460 1260 De
492 1203 770 1276 Symeonis
804 1203 985 1276 Clopa:
1011 1204 1139 1274 ﬁlii,
1174 1204 1670 1273 Hierosolymorum
1702 1200 1962 1324 eplizsgopil,
2009 1203 2301 1326 zzrtgéio.
2348 1235 2421 1247 —
2459 1207 2614 1278 Apud
2655 1208 2896 1263 eumdem
2942 1207 3269 1279 Eusebium,
3315 1210 3456 1269 llist.
3496 1213 3648 1271 Eccl.

1843 1311 1856 1321 .
1958 1311 1973 1326 .
2112 1310 2125 1323 ο
2157 1292 2189 1326 ἐ)
2233 1314 2247 1326 .

1786 1285 1856 1324 to.
1891 1285 1973 1336 ιιι,
2009 1286 2125 1338 cap.
2157 1285 2247 1328 az.

463 1389 597 1442 Ἀπὸ
638 1387 843 1441 τούτων
870 1386 1070 1458 δηλαδὴ
1099 1385 1206 1440 τῶν
1242 1385 1554 1457 αἱρετικῶν,
1591 1381 1953 1454 κατηγοροῦσί

2133 1384 2213 1438 Ex
2245 1400 2433 1443 eorum
2459 1390 2839 1447 haereticorum
2868 1410 3118 1461 numero,
3151 1396 3376 1466 quidam
3422 1398 3653 1469 Symeo-

374 1498 527 1543 τινες
559 1479 845 1549 Συμεῶνος
886 1478 977 1532 τοῦ
1012 1478 1223 1531 Κλωπᾶ
1255 1478 1388 1549 (55),
1430 1478 1503 1541 ὡς
1536 1478 1687 1540 ὄντος
1717 1477 1825 1530 ἀπὸ
1853 1479 1953 1527 Δα-

2064 1490 2188 1529 nem
2219 1478 2402 1548 Clopae
2432 1482 2598 1535 ﬁlium
2630 1484 2965 1552 detulerunt,
2998 1488 3145 1556 quod
3187 1504 3250 1541 ex
3283 1490 3453 1559 stirpe
3479 1491 3649 1547 Davi-

375 1571 469 1624 6ἰδ
514 1570 609 1623 καὶ
653 1569 1005 1640 Χριστιανοῦ.
1037 1570 1150 1623 Καὶ
1187 1570 1359 1632 οὕτως
1395 1570 1663 1639 μαρτυρεῖ
1708 1566 1845 1619 ἐτῶν
1885 1566 1953 1619 ὢν

2065 1564 2150 1617 όιε
2197 1567 2485 1633 oriundus,
2518 1580 2572 1623 et
2615 1571 2964 1631 Christianus
3001 1584 3165 1631 esset.
3214 1580 3391 1648 Atque
3433 1581 3503 1635 ita
3545 1582 3649 1654 Sy-

376 1662 574 1715 ὲκατὸν
603 1660 827 1723 εἴκοσιν,
852 1661 945 1713 ὲπὶ
971 1661 1241 1733 Τραϊανοῦ
1272 1660 1552 1729 Καίσαρος
1578 1658 1672 1711 καὶ
1693 1656 1953 1710 ὑπατικοῦ

2066 1669 2226 1709 meou
2269 1672 2396 1710 cum
2452 1672 2626 1715 annos
2674 1674 2892 1718 centum
2935 1682 2999 1720 ac
3041 1668 3231 1737 viginti
3276 1680 3440 1727 natus
3465 1654 3645 1739 essct,

380 1753 929 1825 Ἀττικοῦ(56).Φησί
946 1753 1013 1806 δὲ
1034 1758 1066 1807 ό
1089 1749 1728 1823 αὑτὸς(Ἠγήσιππος),
1758 1751 1953 1821 ὠςᾶρα

2066 1748 2384 1818 martyrium
2417 1753 2603 1819 subiit,
2650 1754 2955 1824 principatu
2996 1756 3214 1827 Trajani
3251 1759 3507 1831 Augusti,
3543 1765 3649 1817 At-

384 1848 483 1901 καί
506 1848 628 1910 τοὺς
652 1848 993 1917 κατηγόρους
1010 1845 1196 1909 αὑτοῦ,
1220 1845 1566 1916 ζητουμένων
1587 1843 1707 1896 τότε
1728 1843 1835 1895 τῶν
1857 1844 1964 1895 ἀπὸ

379 1939 479 2009 τῆς
505 1938 791 2008 βασιλικῆς
821 1938 1087 1990 Ἰουδαίων
1104 1936 1298 2006 φυλῆς,
1321 1936 1471 1989 ὠσὰν
1502 1934 1560 2000 ἐξ
1591 1934 1762 2003 αὐτῆς
1784 1933 1963 1997 ὄντας,

382 2029 589 2084 ἁλῶναι
621 2030 841 2101 συνέϐη.
875 2027 1135 2099 Λογισμῷ
1164 2028 1208 2081 δ’
1242 2028 1307 2082 ἂν
1335 2028 1429 2081 καὶ
1458 2026 1547 2079 τὸν
1576 2026 1837 2097 Συμεῶνα
1858 2025 1965 2078 τῶν

376 2120 665 2174 αὐτοπτῶν
698 2121 794 2174 καὶ
827 2120 1107 2191 αὐτηκόων
1139 2120 1281 2172 εῐποι
1310 2120 1375 2172 ἄν
1406 2135 1487 2181 τις
1543 2118 1825 2185 γεγονέναι
1872 2113 1962 2168 τοῦ

381 2211 613 2283 Κυρίου,
657 2211 943 2282 τεκμηρίῳ
967 2210 1041 2280 τῷ
1086 2212 1249 2281 μήκει
1282 2209 1373 2263 τοῦ
1418 2210 1610 2281 χρόνου
1654 2209 1752 2279 τῆς
1800 2208 1962 2262 αὑτοῦ

378 2300 526 2372 ζωῆς
552 2300 856 2373 χρώμενος,
886 2301 980 2353 καὶ
1011 2300 1088 2371 τῷ
1123 2300 1482 2371 μνημονεύειν
1510 2300 1610 2371 τὴν
1644 2300 1751 2352 τῶν
1784 2301 1965 2369 Εὐαγ-

373 2394 572 2463 γελίων
596 2393 818 2465 Γραφὴν
845 2392 1065 2464 Μαρίας
1083 2392 1181 2461 τῆς
1214 2390 1305 2443 τοῦ
1331 2391 1540 2443 Κλωπᾶ
1561 2409 1573 2422 ·
1596 2383 1656 2443 οὗ
1681 2391 1959 2459 γεγονέναι

374 2488 539 2544 αὐτὸν
571 2486 705 2557 (57),
731 2486 828 2539 καὶ
856 2486 1121 2557 πρότερον
1149 2487 1177 2537 ὁ
1200 2484 1357 2553 λόγος
1385 2483 1675 2554 ἐδήλωσεν.
1713 2484 1770 2537 Ὁ
1792 2484 1836 2535 δ’
1864 2484 1963 2536 αὐ-

373 2582 466 2645 τὸς
505 2581 856 2652 συγγραφεὺς
902 2578 997 2631 καὶ
1041 2577 1261 2649 ἑτέρους
1306 2577 1413 2631 ἀπὸ
1454 2577 1647 2644 γένους
1691 2576 1810 2639 ἐνὸς
1853 2576 1961 2630 τῶν

375 2674 691 2745 φερομένων
722 2670 965 2738 ἀδελφῶν
998 2668 1089 2724 τοῦ
1137 2669 1409 2741 Σωτῆρος,
1435 2662 1479 2735 ᾧ
1513 2668 1682 2739 ὄνομα
1725 2668 1957 2735 Ἰούδας,

375 2763 543 2834 φησὶν
577 2764 658 2826 εἰς
687 2764 789 2833 τὴν
821 2760 993 2831 αὐτὴν
1020 2760 1308 2813 ἐπιϐιῶναι
1348 2759 1647 2830 βασιλείαν,
1687 2760 1824 2830 μετὰ
1861 2760 1958 2832 τὴν

372 2856 477 2926 ἤδη
503 2854 770 2926 πρότερον
802 2851 1182 2923 ἱστορηθεῖσαν
1225 2851 1407 2905 αὐτῶν
1436 2852 1576 2921 ὑπὲρ
1618 2851 1718 2921 τῆς
1748 2854 1827 2915 εἰς
1867 2852 1958 2905 τὸν

373 2947 609 3017 Χριστὸν
642 2945 879 3008 πίστεως
910 2944 1003 2997 ἐπὶ
1029 2943 1355 3015 Δομετιανοῦ
1382 2945 1707 3015 μαρτυρίαν.
1752 2946 1957 3017 Γράφει

370 3037 429 3091 δὲ
456 3037 629 3100 οὕτως
646 3054 659 3066 °
690 3037 979 3108 Ἔρχονται
997 3031 1089 3089 οῦν
1113 3036 1209 3089 καὶ
1234 3036 1602 3108 προηγοῦνται
1629 3036 1810 3108 πάσης
1845 3039 1960 3090 Ἑκ-

371 3128 604 3198 κλησίας
643 3128 719 3191 ὠς
764 3127 1060 3199 μάρτυρες,
1098 3127 1195 3180 κα)⁸
1235 3128 1343 3181 ἀπὸ
1372 3129 1562 3196 γένους
1594 3128 1685 3181 τοῦ
1723 3128 1951 3200 Κυρίου.
1981 3152 2023 3209 C

371 3219 486 3273 Καὶ
517 3220 819 3290 γενομένης
844 3221 1066 3291 εἰρήνης
1100 3218 1323 3289 βαθείας
1354 3222 1412 3273 ὲν
1442 3222 1591 3291 πάσῃ
1638 3220 1953 3292 Ἐκκλησία,

373 3310 598 3382 μένουσι
636 3311 797 3381 μέχρι
828 3309 1100 3381 Τραϊανοῦ
1134 3310 1447 3382 Καίσαρος·
1501 3312 1693 3382 μέχρις
1731 3305 1794 3364 οὗ
1826 3314 1855 3365 ὁ
1893 3314 1957 3366 ὲκ

370 3402 518 3457 θείου
550 3402 644 3455 τοῦ
684 3403 893 3474 Κυρίου
934 3402 1047 3474 (58)
1088 3404 1117 3455 ὁ
1146 3402 1543 3473 προειρημένος
1587 3402 1808 3473 Συμεὼν
1841 3405 1956 3468 υἱὸς

370 3496 607 3561 Κλωπᾶ,
644 3494 1077 3565 συκοφαντηθείς
1110 3494 1215 3547 ὑπὸ
1245 3493 1353 3546 τῶν
1386 3494 1651 3565 αἱρέσεων
1686 3493 1821 3564 (59),
1842 3493 1953 3545 ὠσ-

370 3588 553 3653 αύτως
577 3587 930 3660 κατηγορήθη
956 3587 1051 3640 καὶ
1084 3586 1246 3649 αὐτὸς
1276 3585 1370 3638 ὲπί
1393 3584 1470 3655 τῷ
1496 3584 1645 3655 αὐτῷ
1676 3584 1821 3655 λόγῳ
1841 3584 1951 3655 (60)

369 3682 466 3735 ἐπὶ
507 3679 749 3735 Ἀττικοῦ
781 3679 876 3734 τοῦ
909 3677 1175 3732 ὑπατικοῦ
1195 3695 1208 3708 ο
1251 3678 1348 3731 καὶ
1378 3678 1473 3731 ἐπὶ
1500 3676 1699 3741 πολλὰς
1738 3677 1953 3749 ἡμέρας

367 3771 736 3843 αἰκιζόμενος,
805 3768 1220 3842 ἐμαρτύρησεν·
1287 3770 1363 3832 ὡς
1422 3768 1628 3830 πάντας
1678 3768 1955 3840 ὑπερθαυ-

443 3926 558 3995 (55)
589 3923 904 3995 Συμεῶνος
940 3924 1049 3979 τοῦ
1091 3922 1330 3996 Κλωπᾶ.
1365 3923 1423 3996 In
1461 3925 1646 3979 codice
1672 3924 1841 3996 Regio
1875 3927 1951 3982 le-

368 3997 516 4066 gitur
546 3996 814 4066 Σίμωνος,
848 4005 909 4050 ιιι
931 3997 1141 4049 notavit
1186 3995 1357 4066 etiam,
1390 3995 1667 4049 Rohertus
1714 3995 1949 4066 Stepha-

370 4065 501 4122 nus.
534 4065 903 4137 Hieronymus
936 4066 989 4119 in
1033 4066 1313 4137 Chronico
1347 4065 1511 4132 hujus
1542 4067 1781 4135 episcopi
1824 4065 1951 4123 Hie-

369 4134 759 4209 rosolymitani'
794 4152 991 4209 nomen
1035 4134 1239 4209 duplici
1290 4134 1945 4209 mod_o_scri_bi_test_atur,

370 4204 701 4277 Symeonem
736 4204 964 4271 scilicet,
995 4215 1049 4258 et
1081 4205 1381 4277 Sim_onem.
1414 4205 1557 4277 Idem
1583 4206 1745 4277 habet
1773 4206 1948 4261 Geor-

367 4274 493 4348 gius
514 4274 830 4348 Synccllus,
864 4286 918 4330 et
949 4284 1141 4348 auctor
1171 4274 1421 4348 Chronigi
1448 4275 1819 4331 Alexandrini.

440 4343 696 4415 (56)Καί
720 4345 1015 4399 ὑπατικοῦ
1052 4346 1338 4415 ’ᾼττικοῦ.
1372 4343 1426 4399 ιιι
1448 4354 1555 4410 est,
1578 4361 1707 4415 cum
1737 4346 1948 4402 Atticus

364 4413 774 4497 esset_'_legatus
821 4416 1010 4497 Syriae.
1064 4414 1327 4497 Solebant
1370 4416 1515 4469 enim
1569 4413 1692 4497 Syri
1747 4417 1944 4497 horum

1997 1820 2036 1873 Β
2068 1838 2177 1893 lico
2209 1842 2487 1897 consulari
2541 1820 2721 1915 legato
2754 1820 2964 1917 Syriam
3016 1820 3457 1908 administrante.
3492 1820 3643 1909 idem

2062 1943 2317 1999 prwterea
2346 1935 2551 2001 scribit,
2606 1952 2703 1993 eos
2743 1939 2889 2009 ipsos
2920 1939 3208 2011 Symeonis
3241 1954 3599 2000 accusatores
3624 1986 3641 2010 ,

2066 2034 2190 2073 cum
2221 2029 2353 2078 tunc
2384 2027 2646 2095 temporis
2671 2044 2864 2084 omnes
2888 2047 2952 2085 ex
2979 2033 3128 2102 regia
3159 2032 3472 2090 Judaeorum
3499 2038 3646 2092 tribu

2066 2111 2284 2165 oriundi
2327 2113 2556 2169 sollicite
2610 2116 3095 2189 investigarenlur,
3162 2124 3442 2180 convictos
3481 2142 3644 2194 esse,

2066 2200 2212 2267 quod
2247 2218 2311 2255 ex
2360 2219 2424 2257 ea
2457 2206 2629 2275 slirpe
2673 2208 2940 2277 originem
2972 2213 3253 2267 ducerent.
3288 2212 3460 2269 Porro
3494 2217 3644 2273 hunc

2067 2290 2394 2363 Symeonem
2420 2314 2527 2351 non
2556 2302 2787 2355 absurde
2809 2304 2935 2370 quis
2954 2304 3154 2359 dixerit
3174 2315 3227 2360 et
3256 2317 3645 2379 spectatorem,

2063 2397 2118 2442 et
2136 2390 2438 2445 auditorem
2463 2391 2679 2447 Domini
2711 2395 2907 2461 fuisse;
2936 2412 3059 2451 cum
3084 2408 3138 2453 et
3162 2398 3493 2457 diuturnitas
3516 2406 3642 2458 vita:

2064 2480 2256 2552 ipsius,
2289 2493 2343 2538 et
2377 2484 2796 2556 Evangeliorum
2841 2490 2973 2546 ﬁdes
3001 2491 3053 2546 id
3084 2502 3333 2548 astruere
3367 2495 3642 2563 videatur,

2065 2575 2119 2627 in
2149 2575 2347 2644 quibus
2382 2575 2551 2633 Maria
2583 2582 2830 2648 quaedam
2861 2596 3326 2640 commemoratur
3355 2585 3536 2658 Clopte
3578 2590 3645 2643 fi-

2061 2665 2156 2732 lia,
2199 2667 2358 2736 cujus
2404 2669 2731 2740 Symeonem
2768 2674 2938 2729 lilium
2986 2674 3180 2744 fuisse,
3232 2694 3400 2747 supra
3447 2681 3644 2734 docui-

2059 2774 2205 2815 mus.
2254 2760 2407 2816 Alios
2442 2774 2703 2832 prteterea
2740 2778 2965 2837 nepotes
2993 2770 3156 2825 unius
3182 2787 3249 2825 ex
3288 2774 3499 2827 Domini
3529 2774 3645 2829 fra-

2059 2851 2257 2916 tribus,
2286 2855 2377 2907 cui
2404 2869 2604 2909 nomen
2637 2866 2759 2911 erat
2788 2857 2962 2924 Iudae,
2988 2861 3053 2913 ad
3082 2861 3185 2915 hoc
3216 2878 3389 2931 usque
3416 2862 3639 2933 Trajani

2060 2944 2351 3013 imperium
2384 2947 2550 3001 vitam
2588 2950 2941 3018 produxisse,
2986 2951 3128 3008 idem
3160 2954 3398 3023 scriptor
3438 2955 3638 3022 refert,

2059 3051 2185 3090 cum
2212 3037 2326 3106 jam
2360 3048 2521 3094 antea
2553 3042 2656 3096 sub
2686 3041 3025 3111 Domitiano,
3058 3055 3119 3100 ut
3144 3046 3408 3112 diximus,
3432 3048 3639 3105 Christi

2060 3128 2221 3184 fidem
2256 3139 2573 3187 constanter
2604 3134 2837 3203 professi
2868 3136 3121 3193 fuissent.
3162 3139 3253 3194 Sic
3281 3149 3463 3197 autem
3510 3144 3643 3197 scri-

2064 3220 2185 3275 bit:
2248 3222 2485 3291 Adsunt,
2552 3224 2752 3295 inquit,
2805 3229 2904 3293 illi,
2956 3238 3011 3283 et
3060 3230 3329 3286 universae
3382 3232 3641 3288 Ecclesia:

2058 3311 2371 3379 praesident,
2404 3323 2593 3382 utpote
2623 3325 2907 3386 martyres,
2934 3324 2986 3371 et
3013 3321 3194 3389 agnati
3224 3318 3452 3376 Christi.
3493 3321 3640 3376 Tan-

2056 3403 2289 3472 demque
2320 3405 2591 3473 profunda
2626 3417 2757 3476 pace
2794 3409 3053 3464 Ecclesia:
3079 3412 3362 3477 irestituta,
3397 3414 3464 3467 ad
3502 3413 3641 3470 Tra-

2053 3489 2165 3561 jani
2201 3511 2378 3565 usque
2410 3506 2651 3568 tempora
2686 3502 3010 3569 superstites
3045 3501 3301 3571 fuerunt;
3325 3504 3499 3561 donec
3528 3505 3633 3579 Sy-

2054 3602 2219 3642 tueon
2257 3588 2604 3656 supradictus
2636 3590 2820 3660 Clopaa
2870 3592 3017 3647 ﬁlius
3060 3593 3213 3663 ejus,
3256 3595 3352 3664 qui
3381 3603 3501 3650 erat
3537 3612 3636 3666 pa-

2054 3686 2214 3732 truus
2241 3680 2455 3734 Domini
2479 3720 2493 3745 ,
2527 3697 2817 3738 accusatus
2851 3683 3106 3740 similiter
3136 3686 3204 3739 ab
3248 3686 3544 3756 haereticis,
3578 3698 3636 3744 et

2054 3768 2125 3824 ob
2154 3768 2403 3823 eamdem
2429 3785 2651 3825 causam
2678 3771 2732 3824 in
2760 3772 2851 3842 jus
2881 3782 3106 3829 vocatus
3135 3784 3219 3829 est
3239 3790 3424 3830 coram
3449 3777 3633 3833 Attico

2054 3921 2282 3999 Trajani
2311 3932 2556 3999 tempora
2586 3924 3004 3999 estinstitutus.
3038 3926 3306 3999 Caeterum
3352 3945 3516 3999 supra
3544 3932 3631 3986 ci-

2052 4002 2198 4065 tatus
2250 3994 2429 4048 Rufini
2477 3996 2631 4048 locus
2677 3995 2732 4048 in
2780 3998 3156 4065 manuscripto
3208 4000 3395 4053 codice
3420 3994 3631 4055 'biblio-

2052 4064 2225 4118 thecte
2254 4065 2436 4133 Regiaa
2482 4065 2556 4118 ita
2586 4066 2943 4133 perscribitur
2970 4085 2983 4119 :
3018 4064 3229 4137 Martyr
3262 4070 3477 4137 effectus
3506 4082 3626 4139 est,

2051 4150 2169 4187 cunt
2194 4143 2324 4186 esset
2348 4151 2605 4187 annorum
2630 4145 2836 4188 centum
2866 4151 2992 4189 xxv.

2124 4204 2236 4276 (57)
2275 4200 2356 4276 Qi'S
2391 4204 2696 4276 γεγονέναι
2726 4205 2929 4276 αὐτόν.
2966 4204 3149 4261 Nostri
3198 4207 3414 4276 codices
3462 4207 3628 4275 Maz.,

2050 4273 2190 4349 Med.
2217 4272 2270 4328 et
2298 4272 2434 4349 Fuit.
2466 4272 2654 4349 vocem
2680 4275 2890 4349 addunt
2920 4277 3026 4349 hoc
3052 4277 3262 4349 modo:
3294 4272 3368 4330 Οῦ
3402 4279 3498 4331 καὶ
3528 4272 3627 4349 γεὲ

2047 4343 2263 4418 γονέναι
2279 4345 2459 4418 ,αὐτὸν
2484 4346 2579 4398 καὶ
2605 4346 2870 4418 πρότερον
2902 4348 2943 4418 ὁ,
2959 4346 3116 4418 λόγος
3141 4346 3426 4418 ἐδήλωσεν.

2121 4416 2230 4486 (58)
2258 4417 2336 4489 _'0
2359 4416 2428 4468 ἐκ
2458 4418 2619 4489 θείου
2652 4416 2764 4469 τοῦ
2798 4417 3037 4489 Κυρίου.
3072 4416 3631 4489 blaleChristophor-

408 4489 661 4541 raasidum
707 4486 931 4539 nomine
972 4501 1147 4540 annos
1198 4486 1504 4556 designare,
1538 4495 1596 4539 ut
1628 4496 1845 4540 constat
1878 4504 1946 4540 ex
1977 4488 2024 4544 D
2049 4500 2220 4541 sonus
2256 4487 2370 4540 haec
2416 4488 2582 4540 verba
2631 4487 2859 4555 accepit,
2905 4489 3063 4555 quasi
3098 4486 3249 4539 Θείου
3289 4486 3623 4559 adjecﬁvuni

362 4504 591 4612 ,λιθεθυίιί
620 4557 1064 4612 Antiquitatibus.
1118 4554 1222 4609 Sed
1251 4566 1306 4609 et
1358 4557 1411 4608 in
1448 4556 1674 4612 reliquis
1718 4557 1942 4612 provin-
2046 4565 2214 4612 esset.
2248 4567 2301 4611 et
2332 4556 2721 4610 subaudiretur
2746 4556 2953 4612 γένους.
2999 4557 3104 4611 Sed
3139 4556 3359 4612 Laneus
3391 4562 3486 4612 oui
3528 4558 3623 4612 Ni-

400 4557 591 4627 osephi
620 4557 1064 4626 Antiquitatibus.
1118 4554 1222 4609 Sed
1251 4554 1411 4627 et'in
1448 4556 1674 4627 reliquis
1717 4557 1942 4625 provin-

365 4626 801 4695 ciis,’rectorum
833 4627 1057 4679 nomine
1091 4635 1337 4694 tempora
1385 4626 1661 4695 designari
1706 4641 1943 4681 consueo

364 4705 581 4753 verant.
619 4694 791 4750 Porro
822 4712 885 4750 ex
934 4696 1124 4765 legatis
1151 4695 1386 4751 Caesaris
1428 4694 1527 4749 alii
1553 4704 1710 4749 erant
1736 4711 1944 4751 consu-

364 4768 532 4829 lares,
569 4767 662 4821 alii
695 4767 956 4835 praetorii.
1002 4767 1271 4831 Quocirca
1307 4766 1521 4821 Atticus
1562 4767 1651 4819 hic
1678 4766 1942 4829 ὑπατικός

364 4836 690 4918 appellatur,
722 4845 783 4891 ut
809 4852 931 4918 eum
957 4837 1323 4918 'consularem
1372 4835 1544 4917 fuisse
1584 4844 1817 4918 constet.
1853 4835 1939 4918 Ex

365 4904 453 4961 his
508 4915 734 4976 apparet
771 4907 912 4961 male
957 4904 1217 4960 Ruﬁnum
1264 4908 1533 4961 vertisse:
1576 4906 1782 4976 Martyr
1811 4907 1937 4975 effe-

361 4988 479 5031 ctus
507 4988 606 5043 est,
635 4994 755 5031 cum
787 4985 918 5030 esset
948 4993 1207 5029 annorum
1230 4985 1433 5029 centum
1467 4993 1557 5045 xx,
1582 4977 1676 5029 sub
1708 4976 1941 5045 Trojano

364 5046 596 5114 Cwsare,
627 5050 769 5117 apud
793 5047 1030 5117 Atticum
1052 5048 1404 5102 consularem.
1430 5046 1619 5101 Grteca
1650 5045 1939 5116 llegesippi

364 5119 445 5172 sic
480 5114 677 5173 habent
713 5135 728 5171 :
773 5116 940 5170 Ἐτῶν
971 5114 1046 5169 ὢν
1085 5117 1279 5170 ἑκατὸν
1314 5117 1485 5171 εἴκοσι
1530 5118 1621 5169 ἐπὶ
1668 5114 1939 5187 Τραϊανοῦ

365 5189 665 5259 Καίσαρος,
691 5187 1067 5242 καὶὺπατικοῦ
1100 5187 1362 5259 Ἀττικοῦ.
1394 5187 1499 5242 Sed
1527 5189 1703 5256 primo
1719 5188 1941 5259 quidem

364 5257 681 5328 praepositio
712 5260 801 5313 illa
834 5258 948 5321 ὲπί,
986 5273 1094 5311 non
1127 5258 1397 5326 signilicat
1430 5259 1571 5327 apud
1596 5273 1614 5310 :
1659 5273 1848 5311 verum
1885 5257 1939 5311 id

365 5338 575 5399 tantum
605 5330 874 5399 designat,
922 5328 1244 5399 Symeonem
1277 5328 1559 5399 martyrio
1587 5328 1936 5399 perfunctum

362 5396 534 5454 fuisse
578 5396 887 5469 principatu
924 5396 1174 5469 Trajani,
1224 5396 1671 5469 Attico'Syriam'
1699 5398 1938 5469 admini-

360 5468 602 5537 SIrante}
657 5468 853 5525 deinde
885 5486 991 5524 vox
1034 5469 1123 5522 illa
1155 5468 1444 5535 ὑπατικοῦ,
1479 5484 1584 5522 non
1618 5468 1939 5536 simpliciter

360 5542 704 5596 consularem
738 5541 980 5606 denotat,
1030 5540 1123 5595 sed
1164 5539 1399 5607 legatum
1448 5540 1832 5604 consularem,
1878 5547 1939 5590 ut

359 5609 496 5680 dixi.
544 5609 715 5665 Erant
752 5612 971 5680 quidem
1018 5618 1175 5665 aitate
1228 5608 1420 5680 llutini
1453 5610 1793 5680 cpnsulares,
1841 5609 1936 5677 qui

2046 4565 2214 4622 esset,
2248 4567 2301 4611 et
2332 4556 2721 4628 subaudiretur
2746 4556 2953 4625 γένους.
2999 4557 3104 4611 Sed
3139 4556 3486 4628 Langus'qui
3528 4558 3624 4613 Ni-

2047 4628 2345 4695 cephorum
2368 4626 2561 4681 Latine
2585 4627 2973 4697 interpretatus
3003 4636 3106 4693 est,
3138 4626 3345 4696 Optime
3371 4626 3623 4697 patruum

2045 4697 2230 4751 vertit.
2271 4697 2473 4767 Clopas
2506 4697 2652 4767 enim
2697 4711 2885 4767 revera
2913 4696 3091 4767 frater
3117 4707 3235 4750 erat
3259 4696 3513 4766 Josephi,
3559 4715 3626 4754 ac

2044 4767 2274 4891 proinde
2316 4764 2545 4835 patruus
2589 4764 2815 4846 Christi.
2853 4765 3035 4847 Quare
3064 4765 3305 4849 Symeon
3335 4764 3515 4849 Clopae
3554 4770 3621 4822 li-

2069 4853 2153 4891 tus
2199 4846 2466 4891 coenatus
2498 4844 2615 4890 erat
2649 4834 2863 4889 Domini
2885 4876 2901 4891 .
2934 4846 2993 4889 ut
3024 4838 3223 4891 dieitur
3252 4854 3307 4890 tu
3344 4850 3519 4891 capite
3554 4839 3613 4891 Η

2069 4838 2153 4892 ius
2199 4834 2466 4909 cognatus
2498 4844 2615 4909 erat
2649 4834 2901 4909 Domini,
2934 4846 2993 4889 ut
3024 4834 3307 4909 diciturAiu
3344 4834 3519 4906 capite
3554 4839 3613 4891 Η

2045 4921 2242 4976 supra;
2274 4905 2381 4961 'ubi
2418 4906 2558 4961 male
2604 4905 2976 4960 consobrinum
3018 4907 3181 4961 vertit
3221 4905 3535 4975 Musculus,
3564 4918 3620 4964 et

2043 4977 2597 5048 Cbristophorsonus.

2115 5048 2228 5117 (59)
2259 5045 2739 5117 Συκοφαντηθεὶς
2769 5046 2887 5099 ὑπὸ
2921 5045 3039 5117 τῶν
3079 5045 3383 5113 αἰρέσεων.
3428 5045 3622 5101 Cerin-

2043 5116 2265 5173 tbianOS
2341 5126 2395 5171 et
2452 5116 2749 5171 Nicolaitas
2804 5116 3058 5187 intelligit
3113 5126 3304 5170 auctor
3365 5117 3617 5187 Chronici

2041 5188 2416 5267 Aleaandrini,
2447 5188 2677 5267 cui__non
2709 5186 3012 5267 assentior.
3034 5187 3467 5267 lntclligitenim
3508 5186 3617 5267 lle-

2042 5259 2301 5328 gesippus
2332 5267 2512 5329 secta_s
2542 5258 2664 5329 illas
2695 5272 2818 5327 qua:
2841 5256 3266 5329 tuncﬂtemporis
3294 5256 3618 5329 llierosoly-

2040 5326 2146 5383 mis
2161 5326 2450 5400 vigebant,
2467 5326 2872 5400 Pharisaeorum
2903 5328 3133 5393 scilicet,
3162 5326 3618 5400 Szidducaeorum,

2040 5408 2095 5453 et
2125 5397 2281 5463 alias,
2310 5399 2377 5452 de
2406 5397 2606 5467 quibus
2640 5397 2779 5452 infra
2807 5398 2902 5453 lib.
2943 5415 3017 5460 tv,
3055 5413 3177 5466 cap.
3211 5397 3303 5450 22.

2110 5470 2223 5542 (60)
2251 5470 2379 5523 Ἐπὶ
2400 5466 2479 5533 τῷ
2495 5467 2657 5533 αὐτῷ
2681 5470 2859 5542 λόγῳ.
2880 5467 2936 5523 ld
2958 5468 3205 5542 estquod
3232 5466 3435 5522 Christi
3456 5466 3616 5542 fidem

2038 5538 2380 5611 praedicaret,
2414 5548 2471 5593 ut
2500 5554 2665 5607 supra
2699 5540 2872 5604 dixit;
2905 5547 2959 5592 et
2993 5539 3047 5591 in
3083 5539 3223 5591 libro
3258 5553 3330 5603 tv,
3365 5553 3487 5607 cap.
3521 5538 3616 5601 ἓξ,

2038 5628 2106 5666 ex
2140 5610 2458 5682 Hegesippo
2485 5628 2498 5663 :
2544 5610 2697 5682 Μετὰ
2721 5608 3167 5682 τὸλμαρτυρῆσαι
3201 5606 3481 5682 ’Ἰάκωὸον
3526 5607 3618 5663 τὸν

2485 5652 2518 5690 ·.
2544 5648 2697 5690 *ξεν*
2732 5648 3071 5690 ’πψτη-’.νισί

358 5677 705 5735 Palaestinam
731 5677 1012 5751 regebant,
1030 5692 1096 5735 ut
1124 5695 1191 5733 ex
1232 5678 1441 5747 imperii
1467 5678 1692 5731 Romani
1732 5678 1934 5732 Notitia

2052 5677 2247 5738 lixatov
2271 5677 2353 5746 ὡς
2376 5677 2473 5735 καὶ
2497 5683 2524 5733 ό
2556 5680 2758 5751 Κύριος
2790 5677 2883 5731 ἐπὶ
2904 5677 3170 5749 ’τῷαύτῷ
3201 5677 3363 5749 λόγῳ.

359 5751 714 5809 notissimqu
762 5749 863 5809 εει.
909 5749 1110 5809 Verum
1155 5751 1243 5808 hic
1276 5751 1626 5819 magistratus
1671 5751 1768 5809 diu
1812 5757 1936 5821 post
