4130 6422
574 249 710 305 1523

1713 260 1771 316 S.
1812 259 2167 319 IIEGESIPPI
2211 261 2655 323 FRAGMENTA.

3668 284 3787 342 1524

565 364 697 417 mini
718 373 882 420 esset.
914 364 979 421 Et
1006 366 1306 424 Ecclesiam
1328 360 1551 440 quidem
1581 373 1847 432 hactenus
1873 379 2113 450 virginen

2235 383 2310 437 ὢν
2333 385 2465 454 (71),
2485 386 2579 439 καὶ
2598 386 2759 450 αὐτὸς
2773 382 2840 457 ἦν
2867 389 2923 439 ὲν
2951 388 3025 459 τῷ
3048 388 3180 460 λαῷ,
3199 390 3291 458 ἀφ’
3313 382 3387 445 ὧν
3409 392 3726 464 Σίμων,δθεν
3743 406 3787 456 oi

566 457 854 519 vocabant,
894 468 1179 527 propterea
1221 461 1366 530 quod
1400 465 1557 519 vanis
1602 469 1955 526 sermonibus
1996 486 2137 527 non-

564 549 696 603 dum
733 559 984 620 corrupta
1010 550 1207 607 fuerat.
1243 552 1461 610 Primus
1489 554 1775 625 Thebutis,
1814 561 2034 631 indigne
2054 562 2135 618 fe-

564 654 713 705 rens,
756 642 900 709 quod
949 642 1175 698 minime
1218 656 1438 703 creatus
1464 658 1611 703 esset
1655 652 1970 723 episcopus,
2012 670 2134 710 eam

562 734 773 788 occulte
810 734 1008 789 vitiare
1038 746 1121 791 est
1157 750 1471 807 aggressus.
1504 738 1631 795 Fuit
1662 742 1751 796 hic
1780 758 1811 798 e
1842 754 2048 813 septem
2071 746 2137 800 il-

562 825 632 879 lis
677 827 841 879 sectis
875 826 929 879 in
960 825 1190 881 Judaico
1225 830 1424 898 populo
1453 833 1861 899 proseminatis.
1891 835 1969 891 Ex
2009 839 2135 908 qui-

560 916 663 970 bus
690 914 793 969 fuit
821 916 987 970 etiam
1024 918 1237 983 Simon,
1273 934 1303 972 a
1331 934 1441 989 quo
1477 918 1787 977 Simoniani
1825 923 2131 992 ﬂuxerunt;

559 1017 614 1061 et
636 1007 914 1074 Cleobius,
950 1024 981 1062 a
1014 1024 1124 1078 quo
1152 1008 1472 1078 Cleobiani;
1501 1021 1556 1067 et
1598 1013 1911 1081 Dositheus,
1950 1032 1980 1071 a
2024 1033 2134 1088 quo

560 1101 907 1163 Dositheani;
936 1112 990 1158 et
1012 1103 1366 1169 Gorthaaus,a
1395 1120 1505 1174 quo
1520 1105 1813 1174 Gortheni;
1836 1117 1890 1163 et
1911 1109 2131 1165 Masbo-

560 1197 752 1260 thzeus,
787 1210 818 1249 a
844 1210 954 1264 quo
992 1193 1307 1250 Masbothaei
1336 1207 1463 1252 sunt
1489 1200 1880 1269 cognominati.
1928 1201 2005 1257 Ex
2046 1204 2132 1261 his

556 1289 718 1343 etiam
757 1300 1052 1344 manarunt
1096 1289 1493 1357 Menandriani,
1534 1302 1588 1348 et
1631 1294 2031 1363 Marcionistaz,
2078 1311 2134 1356 et

557 1379 990 1450 Carpocratiani,
1013 1382 1472 1451 etVaIentiniani,
1501 1395 1555 1440 et
1582 1384 1921 1456 Basilidiani,
1955 1401 2009 1445 et
2032 1390 2133 1447 Sa-

556 1474 862 1539 turniliani,
914 1475 1117 1543 aliique
1164 1476 1258 1545 qui
1312 1491 1563 1532 seorsum
1625 1480 1827 1550 singuli
1879 1484 2131 1553 proprias

556 1568 843 1634 opiniones
878 1568 1228 1623 induxerunt.
1263 1568 1341 1622 Ex
1367 1569 1437 1623 iis
1479 1571 1585 1624 orti
1620 1582 1749 1627 sunt
1780 1576 2130 1643 pseudochri-

556 1657 650 1725 sti,
678 1656 1189 1728 pseudoprophetae,
1223 1659 1702 1731 pseudoapostoli;
1741 1664 1834 1735 qui
1865 1665 2127 1723 adulteri«

631 1813 743 1887 (71)
787 1815 929 1867 Ἀπὸ
964 1813 1078 1866 τῶν
1116 1813 1586 1887 ἑπτὰ-αἱρέσεων
1630 1814 1731 1868 ὧν.
1783 1814 2121 1887 Nicephorus

556 1886 803 1955 ultimam
836 1899 1021 1955 vocem
1052 1884 1313 1955 expunxit
1340 1892 1598 1955 tanquam
1627 1884 1976 1955 superfluam.
2030 1889 2121 1947 Sic

553 1956 698 2008 enim
727 1954 885 2006 habet
918 1972 929 2006 :
973 1953 1102 2005 Ἀπδ
1126 1954 1231 2005 τῶν
1266 1954 1404 2006 ἑπτὰ
1437 1953 1708 2025 αἱρέσεων
1736 1957 1828 2009 καὶ
1863 1958 2028 2023 αὐτὸς
2049 1956 2121 2082 ἓν

553 2027 611 2077 ὲν
646 2024 720 2082 τῷ
753 2023 885 2082 λαῷ.
935 2023 992 2077 In
1029 2024 1215 2077 codice
1244 2022 1412 2082 Regio
1441 2026 1700 2082 scriptum
1748 2026 1927 2080 inveni
1967 2046 1981 2081 :
2021 2024 2047 2049 ⁷
2093 2049 2121 2082 ν

552 2027 611 2077 ὲν
646 2024 720 2093 τῷ
753 2023 896 2093 λαιῷἒ
935 2023 992 2077 In
1029 2024 1215 2093 codice
1244 2022 1412 2091 Regio
1441 2022 1700 2093 scriptum
1748 2026 1927 2080 inveni
1967 2046 1981 2081 :
2012 2022 2121 2084 Ὧν

550 2096 645 2148 καὶ
678 2089 848 2156 αὐτὸς
869 2089 935 2162 ἦν
966 2096 1022 2145 ὲν
1052 2092 1127 2163 τῷ
1156 2093 1287 2164 λαῷ.
1324 2089 1480 2159 Quod
1511 2089 1639 2148 ferri
1664 2104 1858 2163 potest,
1893 2097 1937 2151 si
1964 2098 2123 2154 tolla-

550 2172 641 2217 tur
681 2164 978 2224 distinctio,
1023 2179 1144 2232 quze
1193 2164 1247 2217 in
1292 2164 1548 2219 omnibus
1594 2165 1798 2219 nostris
1834 2167 2118 2225 codicibus

551 2234 800 2288 habetur.
838 2233 1013 2302 Atque
1053 2234 1123 2287 ita
1151 2248 1346 2287 sensus
1373 2233 1495 2297 erit,
1548 2235 1785 2303 primum
1814 2235 2116 2293 Thehutem

549 2319 866 2373 aggressum
919 2318 1042 2357 esse
1087 2303 1279 2357 vitiare
1330 2303 1627 2358 Ecclesiam
1672 2303 2119 2373 Hierosolymita-

548 2390 673 2444 nam
701 2416 715 2437 ,
767 2376 984 2427 inducta
1029 2373 1299 2443 pestilenti
1346 2374 1598 2427 doctrina
1652 2384 1856 2444 septem
1902 2373 2115 2431 illarum

546 2442 758 2498 Judaici
790 2444 972 2512 populi
1007 2442 1299 2503 sectarum,
1330 2444 1529 2513 quibus
1557 2444 1671 2512 ipse
1695 2442 1813 2498 erat
1841 2446 2112 2501 addictus.

546 2514 739 2569 Melius
789 2524 967 2568 tamen
1016 2529 1138 2567 meo
1189 2513 1407 2583 quidem
1450 2513 1660 2583 judicio
1702 2515 1971 2583 legeretur
2013 2518 2117 2572 hoc

546 2586 709 2637 modo
741 2600 751 2633 :
807 2584 937 2636 Ἀπὸ
968 2583 1076 2638 τῶν
1108 2582 1245 2636 ἑπτὰ
1276 2582 1541 2653 αἱρέσεων
1574 2583 1648 2636 ὢν
1687 2582 1779 2637 καὶ
1816 2585 1978 2647 αὐτὸς
2010 2586 2119 2639 τῶν

546 2657 606 2706 ὲν
637 2654 713 2723 τῷ
744 2654 875 2723 λαῷ.
905 2654 1058 2719 Quod
1084 2654 1411 2723 idem_valet,
1446 2669 1510 2707 ac
1542 2654 1586 2707 si
1624 2655 1825 2708 diceret
1857 2673 1869 2707 :
1900 2653 2117 2709 Thebu-

547 2733 631 2778 tes
661 2721 902 2779 errorem
931 2739 1089 2776 suum
1122 2721 1449 2792 conflaverat
1471 2739 1532 2776 ex
1576 2734 1777 2792 septem
1815 2724 1921 2779 illis
1953 2726 2117 2780 sectis

547 2792 759 2848 .iudaici
803 2794 1009 2863 populi,
1054 2792 1279 2863 perinde
1329 2808 1393 2847 ac
1428 2791 1648 2857 Simon,
1673 2805 1727 2848 et
1753 2794 2029 2862 Cleobius,
2061 2805 2116 2851 et

546 2864 858 2917 Dositheus.

615 2933 728 3003 (72)
777 2933 885 2986 Καὶ
919 2932 1217 3003 Δοσίθεος,
1264 2930 1409 3003 ὅθεν(
1439 2933 1797 3003 Δοσιθιανοί.
1839 2934 1980 2988 Sunt
2029 2941 2115 2988 ta-

548 3001 832 3072 men,'qui
875 3001 1142 3072 scribant,
1189 3002 1703 3072 hunc_Dositheum
1762 3006 1931 3057 multo
1977 3006 2117 3058 anti-

545 3070 796 3162 quiorem
838 3072 1036 3162 fuisse.
1066 3070 1245 3162 Certe,
1284 3074 1329 3153 si
1350 3070 2112 3162 Drusioncredimusﬂelspon-
2137 3100 2181 3162 Ο

544 3140 692 3198 sione
728 3142 796 3194 ad
828 3141 1085 3195 Minerva!
1110 3140 1319 3195 Serarii
1365 3157 1486 3207 cap.
1520 3140 1607 3208 10,
1649 3142 1780 3195 vixit
1830 3144 1920 3197 hic
1949 3140 2109 3197 Dosi-

545 3215 893 3282 theuscii'ca
947 3208 1624 3282 temporaSeunacheribi
1673 3213 1815 3282 regis
1859 3214 2112 3282 Assyrio-

545 3300 687 3336 rum.
719 3281 1081 3351 llieronymus
1110 3281 1161 3351 in
1189 3280 1403 3349 dialogo
1422 3281 1682 3351 adversus
1717 3280 2108 3351 Luciferidnos:

549 3372 568 3403 ι
596 3352 774 3407 Taceo
800 3353 865 3406 de
889 3350 1155 3406 Judaismi
1191 3350 1486 3415 haereticis,
1517 3353 1611 3420 qui
1656 3360 1783 3405 ante
1817 3350 2107 3406 adventum

541 3423 745 3477 Christi
777 3423 945 3491 legem
974 3420 1224 3475 traditam
1249 3420 1617 3489 dissiparunt;
1654 3422 1797 3490 quod
1820 3421 2109 3477 Dositheus

543 3492 1016 3561 Samaritanorum
1084 3491 1335 3559 princeps
1407 3491 1701 3561 prophetas
1764 3493 2105 3561 repudiavit;

543 3564 688 3633 quod
722 3560 1005 3633 Sadducaﬁ
1054 3576 1119 3615 ex
1160 3560 1315 3633 illius
1361 3560 1538 3614 radice
1593 3560 1898 3633 nascentes,
1943 3562 2107 3616 etiam

514 3629 993 3697 ~resurrectionem
1020 3632 1200 3684 carnis
1231 3638 1583 3700 negaverunt.
1608 3650 1625 3681 ι
1663 3629 1902 3700 Scaliger
1928 3641 2107 3685 tamen

541 3704 599 3757 in
630 3701 857 3755 Eleitcho
880 3700 1213 3765 Triliaaresii,
1254 3715 1375 3769 cap.
1411 3701 1498 3760 15,
1535 3699 1853 3755 Dositheum
1883 3700 2107 3755 Christo

540 3774 898 3827 recentiorem
931 3786 1059 3839 esse,
1090 3771 1396 3833 contendit;
1432 3770 1593 3839 idque
1632 3786 1697 3823 ex
1730 3769 1978 3839 Origenis
2020 3787 2111 3825 au-

541 3844 811 3907 ctoritate,
858 3840 950 3909 qui
1008 3840 1059 3893 in
1113 3840 1207 3893 lib.
1252 3849 1501 3909 I_contra
1542 3840 1749 3892 Celsum
1801 3842 2001 3895 diserte
2054 3842 2107 3894 id

541 3912 793 3965 aliirmat.
841 3906 945 3964 Sed
994 3918 1048 3963 et
1096 3910 1237 3963 idem
1265 3906 1527 3973 Origenes
1569 3910 1624 3962 in
1660 3918 1894 3964 tractatu
1924 3910 2013 3973 27,
2052 3913 2108 3963 in

541 3981 894 4045 Matt/raeum,
943 3977 1259 4033 Dositheum
1302 3978 1707 4049 Samaritanum
1765 3981 2107 4049 temporibus

539 4054 909 4119 apostolorum
951 4049 1149 4103 vixisse
1192 4049 1409 4119 scrjbit,
1442 4048 1532 4117 qui
1584 4064 1642 4103 se
1668 4048 1946 4119 Christum
1985 4066 2107 4105 esse

533 4116 911 4190 iactaverit,_et
938 4127 1085 4173 tomo
1123 4132 1220 4190 χιιι
1249 4116 1661 4190 Euurralionnm
1687 4117 2107 4190 in_Evangelium

536 4186 786 4245 Joannis.
838 4188 893 4241 ιιι
949 4199 1131 4242 autem
1185 4188 1435 4241 hausisse
1472 4188 1684 4257 videtur
1731 4186 1993 4257 Origenes
2036 4206 2105 4243 ex

536 4261 815 4315 Clemente
844 4257 1107 4321 Romano,
1152 4258 1246 4325 qui
1281 4259 1333 4311 in
1382 4257 1474 4310 lib.
1508 4272 1543 4309 η
1580 4256 2006 4327 Recognilionum
2037 4260 2106 4314 de

539 4331 762 4383 Simone
814 4328 972 4398 Mago
1020 4328 1267 4398 loquens,
1318 4328 1388 4381 ita
1427 4327 1629 4398 scribit
1674 4343 1717 4398 :_
1762 4346 1780 4378 ι
1815 4327 2104 4384 Interfecto

537 4402 759 4490 etenim,
811 4394 953 4490 sicLut
996 4394 1105 4451 scis
1150 4405 1203 4450 et
1247 4396 1382 4478 ipse,
1427 4394 1664 4478 Raptista
1688 4394 1919 4490 Joanne,
1974 4414 2101 4453 cum
2132 4431 2178 4490 υ

538 4468 829 4523 Dositheus
881 4468 1148 4520 hmreseos
1199 4482 1313 4520 sua:
1366 4466 1577 4520 iniisset
1638 4468 1921 4521 exordium
1974 4485 2097 4523 cum

537 4540 755 4609 triginta
810 4536 1197 4609 principalibus
1245 4536 1525 4604 discipulis
1553 4544 1669 4609 ,Met
1712 4537 1816 4609 alia
1874 4539 2101 4593 muliere

535 4606 658 4678 quae
682 4608 833 4662 Luna
865 4607 1097 4678 vocitata
1128 4616 1240 4670 est;
1294 4615 1434 4678 unde
1474 4616 1528 4659 et
1564 4606 1637 4658 illi
1674 4608 1912 4675 triginta,
1940 4609 2098 4676 quasi

533 4677 833 4733 secundum
884 4677 1025 4730 luna:
1060 4691 1283 4730 cursum
1330 4677 1381 4728 in
1428 4691 1657 4729 numero
1692 4678 1902 4730 dierum
1938 4680 2097 4745 positi

531 4750 889 4813 videbantur;
941 4746 1144 4816 Simon,
1177 4746 1264 4798 hic
1308 4745 1484 4811 make,
1519 4755 1578 4799 ut
1622 4746 1881 4807 diximus,
1914 4748 2099 4816 gloriae

529 4820 781 4887 cupidus,
805 4816 1013 4871 accedit
1041 4817 1107 4870 ad
1127 4815 1440 4887 Dositheum
1461 4854 1477 4877 .
1508 4825 1581 4887 et,
1612 4816 1885 4869 simulatis
1908 4815 2098 4872 amici-

530 4886 622 4942 tiis
661 4898 851 4942 exorat
890 4896 966 4951 ut,
1008 4889 1054 4940 si
1085 4886 1303 4957 «mando
1330 4886 1550 4957 aliquis
1596 4900 1661 4957 ex
1715 4888 1831 4957 illis
1874 4887 2096 4957 triginta

528 4960 774 5023 obiisset,
808 4959 859 5010 in
896 4958 1077 5010 locum
1100 4956 1340 5010 defuncti
1377 4970 1435 5010 se
1462 4956 1721 5027 continuo
1752 4956 2093 5027 subrogaret;

568 5028 656 5082 uia
688 5043 863 5097 neque
892 5036 1153 5080 statutum
1199 5041 1487 5097 numerum
1535 5026 1798 5079 excedere
1824 5026 1965 5095 apud
1997 5041 2096 5081 eos

550 5096 611 5153 as
635 5096 977 5165 erat,’neque
1008 5100 1252 5165 ignotum
1276 5096 1511 5164 aliquem
1544 5097 1804 5161 inserere,
1835 5108 1929 5149 aut
1959 5110 2095 5149 non-

527 5114 611 5153 las
635 5114 771 5161 erat,
804 5114 977 5165 neque
1008 5114 1019 5147 l
1063 5114 1252 5149 ηυιιιῐιι
1276 5114 1511 5164 aliquem
1544 5114 1804 5161 IDSCI‘CI‘C,
1835 5114 1929 5149 aur.
1959 5114 2093 5149 ιιοη-

524 5170 654 5223 dum
680 5170 989 5237 probatum.
1024 5114 1173 5219 ﬁnde
1198 5175 1249 5237 et
1278 5166 1456 5219 (πίει-1
1492 5166 1769 5237 studentes
1790 5165 1937 5237 digni
1970 5166 2093 5237 loco

525 5255 591 5292 ac
621 5235 848 5291 numero
881 5235 1016 5302 ﬁeri,
1047 5236 1342 5290 secundum
1375 5244 1537 5289 secta:
1566 5250 1679 5288 suae
1701 5235 1950 5289 instituta
1979 5236 2094 5304 pla-

525 5324 648 5363 cere
688 5323 783 5377 per
822 5306 1013 5377 omnia
1046 5306 1312 5374 gestiunt,
1352 5320 1463 5374 quo
1499 5305 1674 5375 possit
1717 5307 2093 5377 unusquisque

523 5394 589 5432 ex
630 5374 833 5445 bisqui
867 5375 1019 5428 illum
1069 5390 1358 5428 numerum
1399 5382 1723 5443 sequuntur,
1769 5389 1893 5427 cum
1949 5374 2091 5429 forte

522 5449 742 5515 aliquis,
761 5444 1119 5509 iutdiximus,
1166 5446 1480 5508 decesserit,
1528 5444 1725 5515 dignus
1770 5445 1941 5515 videri
1992 5446 2086 5513 qui

522 5520 578 5573 in
614 5513 734 5570 loco
782 5516 1023 5570 defuncti
1064 5516 1319 5569 substitui
1350 5516 1559 5567 debeat.
1607 5513 1774 5581 Igitur
1800 5513 2088 5570 Dositheus

524 5589 775 5656 plurimis
815 5588 883 5641 ab
915 5588 1018 5640 hoc
1049 5596 1338 5649 exoratus,
1376 5585 1464 5656 ubi
1505 5585 1655 5637 locus
1699 5585 1864 5656 intra
1890 5601 2085 5656 nume-

525 5652 642 5711 rum
684 5658 862 5711 factus
901 5665 1016 5721 est,
1062 5656 1359 5709 introduxit
1389 5655 1687 5707 Simonem.
1719 5652 1823 5706 Sed
1851 5653 1940 5708 hic
1976 5671 2084 5709 non

525 5727 695 5782 multo
721 5737 841 5797 post
874 5726 1063 5782 incidit
1096 5727 1149 5781 in
1175 5740 1414 5782 amorem
1440 5724 1686 5779 mulieris
1716 5724 1882 5792 illius,
1916 5740 2081 5795 quam

2242 477 2565 547 Σιμωνιανοί
2585 494 2597 506 ·
2627 477 2721 530 καὶ
2742 477 3021 543 Κλεόϐιος,
3040 480 3163 533 ὅθεν
3179 481 3493 538 Κλεοὸιανοί
3510 504 3521 515 ·
3542 489 3631 541 καὶ
3648 493 3789 545 Aeol-

2238 564 2377 627 Θεος,
2390 565 2510 618 ὅθεν
2538 565 2836 619 Δοσιθιανοί
2855 567 2987 637 (72)'
3008 568 3102 621 καὶ
3118 570 3157 620 Γ
3159 570 3393 640 ορθαῖος,
3411 572 3530 627 ὃθεν
3562 576 3794 650 Γορθηω-

2237 657 2317 709 νοὶ
2334 657 2466 727 (75),
2495 656 2589 710 καὶ
2605 657 2991 723 Μασὸωθαῖος,
3010 659 3133 713 ὅθεν
3157 662 3504 718 Μασόωθαῖοι
3525 684 3536 695 ·
3556 667 3672 721 ὅθεν
3693 672 3791 724 ἀπὸ

2235 747 2437 800 τούτων
2469 746 2954 817 Μενανδριανισταὶ
2979 748 3111 820 (74),
3132 750 3227 802 καὶ
3256 752 3681 824 Μαρκιωνισταὶ,
3705 760 3794 813 καὶ

2236 838 2718 909 Καρποκρατιανοί
2738 854 2751 867 '
2771 839 2867 892 καὶ
2887 836 3346 907 Οὑαλεντινιανοὶ,
3370 845 3463 897 καὶ
3485 846 3796 903 Βασιλειδια-

2235 930 2334 993 vol,
2382 930 2477 982 καὶ
2525 929 2953 1001 Σατορνιλιανοί·
3014 932 3241 997 ἕκαστος
3286 933 3430 998 ἰδίως
3469 936 3562 989 καὶ
3606 939 3793 1010 ἑτέρως

2236 1020 2371 1073 ἰδίαν
2402 1020 2560 1086 δόξαν
2584 1023 2996 1093 παρεισήγαγεν
3032 1024 3162 1093 (75).
3211 1026 3345 1078 Ἀπὸ
3384 1025 3586 1082 τούτων
3609 1028 3791 1099 ψευδό-

2233 1129 2483 1182 χριστοι,
2555 1111 3036 1184 ψευδοπροφῆται,
3089 1115 3542 1185 ψευδαπόστολοιο
3609 1122 3793 1187 οἵτινες

2232 1204 2491 1275 ὲμὲρισαν
2523 1204 2619 1274 τὴν
2642 1204 2837 1257 ἕνωσιν
2867 1205 2964 1275 τῆς
3005 1206 3332 1277 Ἐκκλησίας
3358 1208 3695 1281 φθοριμαξοις
3712 1213 3795 1265 λό-

2230 1311 2346 1361 γοις
2392 1295 2533 1348 κατὰ
2572 1295 2663 1347 τοῦ
2702 1296 2837 1349 Θεοῦ
2872 1296 2966 1349 καὶ
3014 1298 3155 1351 κατὰ
3200 1298 3291 1351 τοῦ
3339 1300 3572 1370 Χριστοῦ
3617 1304 3791 1359 αὐτοῦ.

2234 1387 2354 1438 Ἔτι
2381 1385 2449 1437 δὲ
2471 1388 2503 1439 ό
2536 1386 2717 1451 αὐτὸς
2741 1388 2837 1439 καὶ
2870 1388 2976 1453 τὰς
3004 1388 3191 1441 πάλαι
3224 1390 3617 1459 γεγενημένας
3644 1392 3792 1461 παρὰ

2241 1477 2547 1543 Ἰουδαίοις
2571 1477 2826 1544 αἱρέσεις
2855 1478 3081 1546 ἱστορεῖ
3109 1479 3335 1550 λέγων’
3366 1477 3546 1535 Ἦσαν
3580 1483 3634 1535 δὲ
3656 1482 3791 1551 γνῶ-

2228 1584 2328 1638 μαι
2357 1567 2603 1637 διάφοροι
2631 1570 2690 1620 ὲν
2734 1570 2799 1638 τῇ
2846 1573 3114 1641 περιτομῇ
3148 1573 3206 1623 ὲν
3247 1573 3384 1636 υἱοῖς
3434 1574 3647 1645 Ἰσραὴλ
3689 1576 3791 1629 τῶν

2224 1658 2369 1714 κατὰ
2402 1659 2500 1729 τῆς
2527 1657 2701 1729 φυλῆς
2754 1660 2925 1713 Ἰούδα
2957 1660 3067 1734 (76)
3100 1662 3194 1716 καὶ
3226 1661 3316 1715 τοῦ
3349 1664 3586 1734 Χριστοῦ
3617 1659 3786 1722 αὗταιο

2223 1803 2433 1878 Lunam
2467 1812 2691 1878 vocant,
2741 1824 2759 1857 ι
2786 1815 2893 1862 etc.
2926 1804 3005 1861 Ex
3041 1806 3242 1878 quibus
3290 1816 3442 1878 patet
3485 1806 3791 1878 Dositheum

2222 1876 2415 1931 iisdem
2446 1874 2842 1947 cumASimone
2888 1874 3093 1933 vixisse
3140 1874 3498 1947 temporibus.
3534 1877 3611 1933 De
3648 1878 3793 1935 Dosi-

2218 1947 2331 2000 tbei
2359 1955 2518 2001 aetate
2550 1945 2692 2000 idem
2738 1962 2957 2017 quoque
2998 1950 3162 2004 sentit
3199 1945 3464 2017 Eulogius
3495 1949 3791 2017 patriarcha

2219 1962 2331 2000 tnei
2359 1962 2518 2001 aetate
2550 1962 2692 2000 idem
2738 1962 2957 2070 quoque
2998 1962 3162 2004 sentit
3199 1962 3464 2072 butogtus
3495 1962 3790 2017 pau'iarcna

2219 2017 2659 2079 Alexandrinus,
2731 2026 2790 2070 ut
2884 2018 3056 2081 egitur
3120 2019 3174 2072 in
3231 2019 3564 2073 Bibiotheca
3622 2018 3790 2074 Pli0tii

2216 2086 2342 2161 cod.
2380 2087 2506 2153 250,
2567 2086 2727 2155 eique
2766 2090 3047 2161 sententia:
3094 2088 3430 2161 suffragatur
3468 2087 3792 2161 Hegesippus

2218 2158 2272 2211 in
2315 2158 2434 2213 loco
2469 2171 2631 2227 quem
2673 2172 2782 2226 prae
2820 2159 3073 2213 manibus
3114 2158 3395 2215 habemus.

2290 2233 2423 2314 (75)
2449 2233 2637 2314 Ὂθεζ
2658 2234 3024 2314 ζξορθηίιννζοι.⁸
3067 2230 3286 2314 Rectius
3338 2231 3485 2314 appd
3526 2229 3783 2314 Iiicenpho-

2219 2300 2339 2357 rum
2380 2300 2432 2355 in
2458 2317 2576 2369 cap.
2609 2302 2637 2352 7
2665 2302 2785 2372 libri
2815 2302 3035 2372 ινιΚαὶ
3067 2300 3342 2372 Γορθαῖος,
3377 2301 3501 2372 ὃθεν
3533 2301 3785 2372 Γορθῄαια-

2217 2373 2297 2425 νοί
2316 2390 2328 2401 ·
2366 2373 2455 2425 καὶ
2478 2371 2828 2434 Μασϐώθεος,
2862 2369 2983 2422 ὅθεν
3008 2369 3399 2424 Μασόωθεανοί
3422 2388 3434 2400 '
3461 2370 3568 2424 ἀπὸ
3593 2369 3784 2423 ’ἐούτων

2218 2441 2725 2512 Μενανδριανισται,
2743 2441 3028 2512 etc.Q_uam
3046 2440 3783 2512 emetid_ationem_conﬁ[mat

2219 2512 2398 2581 Rufini
2438 2508 2846 2581 interpretatio.
2897 2509 2953 2563 ln
2988 2510 3191 2581 codice
3226 2508 3619 2581 Regio,Maz.,
3653 2508 3777 2565 Fuk.

2217 2592 2273 2660 ει
2296 2580 2462 2660 Sa‘vil.
2494 2579 2791 2660 Γορςαθηνοί
2818 2599 2830 2633 :
2861 2579 3389 2660 apudﬁEpipbanium
3427 2580 3481 2635 in
3509 2584 3781 2660 fucorum

2218 2651 2505 2723 ζοροθηνοί
2544 2648 2812 2723 dicuntur
2844 2665 2859 2702 :
2898 2648 2951 2702 in
2988 2648 3218 2723 Panarjo
3240 2720 3252 2723 _
3276 2660 3462 2723 autem
3509 2648 3779 2723 I‘opﬁqvoi.

2216 2718 2387 2776 Porro
2413 2718 2514 2776 has
2543 2721 2778 2775 haereses
2814 2735 2879 2773 ex
2925 2730 3127 2788 septem
3152 2719 3359 2773 Iudaici
3396 2718 3593 2788 pepuli
3629 2718 3786 2788 sectis

2218 2793 2484 2856 originem
2526 2791 2781 2853 traxisse,
2811 2798 2956 2843 recte
2987 2785 3321 2858 llegesippus
3346 2785 3622 2843 observat.
3656 2785 3782 2839 Nam

2220 2860 2548 2923 Simoniani,
2582 2859 2920 2921 Dositheani,
2952 2858 3248 2928 Gortheni,
3293 2868 3345 2912 et
3388 2859 3597 2928 reliqua
3637 2872 3783 2911 erro-

2217 2948 2338 2985 rum
2376 2932 2619 2992 nomina,
2675 2930 2810 2982 nihil
2859 2929 3003 2981 aliud
3061 2926 3315 2991 fuerunt,
3353 2926 3524 2997 quani
3569 2928 3691 2997 rivi
3720 2942 3782 2979 ex

2218 3000 2461 3055 Judaicis
2509 3001 2616 3053 illis
2660 2998 2902 3053 fontibus
2948 2998 3264 3052 detinentes.
3316 2996 3389 3051 At
3425 2996 3788 3053 Theodoritus

2219 3072 2274 3123 in
2332 3070 2475 3123 libro
2512 3085 2528 3122 ι
2560 3069 2945 3137 Ηαενειίεατιιηι
2989 3067 3335 3137 fabularum,
3394 3084 3519 3137 cap.
3565 3070 3634 3132 l,
3689 3067 3785 3137 has

2213 3154 2404 3194 omnes
2450 3140 2685 3193 harrescs
2735 3154 2801 3191 ex
2854 3136 3095 3191 Simonis
3141 3136 3290 3191 fonte
3337 3135 3571 3193 fluxisse
3618 3135 3782 3198 dicit,

2212 3210 2537 3264 Cleobianos
2583 3207 2809 3270 scilicet,
2858 3207 3242 3271 Dositheanos,
3278 3205 3611 3268 Gorthenos,
3648 3204 3783 3259 Mas-

2211 3279 2474 3341 botheos,
2530 3277 2985 3341 Menandrianos,
3036 3276 3351 3346 Eutychitas
3405 3287 3459 3332 et
3504 3278 3780 3346 (lanistas:

2223 3350 2317 3403 Ἐκ
2359 3349 2457 3419 τῆς
2490 3347 2547 3419 δὲ
2580 3349 2688 3419 ’τῆςΔ
2710 3347 3045 3419 πικροτάτης
3087 3345 3405 3419 ἀνειρύ-ησαν
3438 3345 3593 3419 ῥίζης
3626 3346 3784 3419 Κλεο-

2210 3419 2383 3496 ξανοὶ,
2398 3416 2724 3496 Δοσιθεανοὶ,
2739 3416 2996 3496 Γορρηχοὶ
3005 3464 3016 3496 ,
3036 3416 3378 3481 Μασϐώθεοι,
3398 3416 3784 3496 Ἀδριανιστῇ,

2210 3489 2549 3558 Εὑτυχηταὶ,
2587 3484 2873 3542 Κανισταί.
2902 3484 3033 3558 Sed
3050 3502 3173 3558 cum
3207 3497 3448 3558 constet,
3491 3484 3663 3556 ipsam
3696 3484 3781 3538 Si-

2211 3554 2524 3612 tnoni'anam
2579 3558 2828 3611 haeresim
2886 3574 2951 3610 ex
3005 3554 3251 3611 Judaicis
3306 3558 3471 3611 sectis
3513 3554 3781 3625 originem

2211 3629 2489 3692 habuisse,
2541 3630 2737 3681 rectius
2767 3627 2993 3680 dixisset
3023 3625 3422 3691 Theodoretus,
3459 3641 3554 3680 eas
3601 3640 3786 3679 omnes

2208 3714 2275 3752 ex
2303 3698 2544 3752 Judaicis
2579 3699 2741 3751 sectis
2790 3696 2959 3750 fuisse
2990 3704 3351 3766 propagatas;
3390 3698 3630 3749 maxime
3659 3708 3781 3749 cum

2208 3769 2456 3837 quaedam
2509 3768 2724 3821 illarum
2771 3767 3045 3837 ha'reseon
3076 3766 3411 3837 iSiinoniana
3463 3771 3785 3837 vetustiores

2209 3834 2329 3892 esse
2374 3838 2677 3902 vidcantur,
2729 3836 2881 3890 verbi
2952 3836 3124 3906 gratia
3175 3834 3453 3890 Gorthena
3534 3844 3589 3890 et
3632 3834 3783 3888 Dosi-

2209 3908 2595 4045 tl)?32?:’0087
2618 3975 2736 4029 ἀπὸ
2768 3976 2992 4045 τούζων
3012 3974 3573 4045 Μενανδριανιᾳταί.
3605 3973 3782 4027 Prima

2208 4043 2311 4099 vox
2345 4043 2496 4101 deest
2544 4048 2597 4099 in
2638 4046 2826 4100 codice
2874 4043 3065 4113 Regio,
3100 4054 3155 4098 et
3195 4046 3337 4114 apud
3387 4044 3779 4114 Nicephorum,

2210 4116 2411 4170 rectius
2440 4118 2559 4171 sine
2589 4116 2777 4169 dubio.
2824 4114 3093 4168 Caeterum
3131 4116 3183 4168 in
3217 4113 3407 4169 codice
3439 4113 3605 4168 tum”
3641 4113 3777 4169 Med.

2208 4194 2262 4237 et
2290 4186 2426 4240 Fuk.
2470 4202 2568 4255 pro
2598 4185 3072 4239 Menandrianistis
3104 4185 3363 4255 scriptum
3407 4194 3492 4240 est
3525 4184 3784 4255 Ἀδριανι-

2210 4258 2361 4321 σταί;
2393 4253 2667 4324 quomodo
2699 4257 2860 4309 etiam
2895 4255 3090 4322 legitur
3120 4255 3261 4325 apud
3287 4253 3693 4325 Tlieodoretum
3727 4254 3783 4305 in

2210 4325 2303 4380 lib.
2335 4342 2350 4379 ι
2387 4326 2777 4379 llmreticarum
2834 4324 3169 4393 fabularum,
3217 4335 3276 4379 ut
3320 4340 3487 4393 supra
3524 4324 3780 4378 vidimus.

2209 4394 2441 4449 Rufinus
2476 4395 2896 4449 Menandrianos
2929 4395 3107 4448 vertit.

2277 4467 2390 4537 (75)
2434 4464 2909 4537 Hapetmharsaf,
2964 4462 3039 4517 lla
3095 4463 3329 4537 correxit
3358 4464 3630 4519 Rnbertus
3662 4461 3781 4515 Stc-

2242 4535 2438 4601 hanus,
2474 4552 2598 4590 cum
2634 4537 2686 4588 in
2727 4536 2981 4613 omnibus
3019 4535 3421 4613 exemplaribus
3452 4542 3783 4613 constanter

2221 4616 2412 4674 egatur
2458 4622 2470 4658 :
2526 4606 3037 4676 παρεισῃγάγησαν.
3074 4602 3201 4676 _Qui
3243 4604 3643 4676 barbarismus
3672 4618 3775 4676 non

2201 4671 2412 4732 alienus
2458 4685 2542 4729 est
2589 4671 2656 4728 ab
2706 4671 3027 4744 Hegesippo.
3073 4673 3127 4726 lu
3157 4674 3343 4727 codice
3395 4684 3578 4728 tamen
3604 4671 3783 4744 Fulse-

2202 4748 2350 4800 tiano
2397 4745 2658 4814 scriptum
2705 4740 2916 4808 inveni,
2942 4740 3470 4813 ‘wapsthyo’vmcav.
3506 4743 3663 4812 Apud
3687 4740 3779 4814 Ni-

2198 4810 2658 4885 cephorum-vero
2692 4815 2908 4883 legitur,
2955 4810 3390 4884 παρεισήγαγον,
3424 4810 3573 4882 quod
3603 4810 3782 4881 magis

2238 4890 2390 4939 robo.

2199 4900 2390 5023 Ρτῒξὲί
2444 4954 2546 5008 Ἐν
2586 4953 2738 5019 υἱοῖς
2782 4952 3029 5023 Ἰσραὴλ
3058 4951 3192 5023 τῶν
3234 4952 3383 5007 κατὰ
3415 4950 3529 5020 τῆς
3575 4948 3776 5019 φυλῆς

2210 5022 2423 5078 Ἰούδα.
2455 5023 2511 5077 ln
2546 5026 2732 5078 codice
2760 5022 2920 5084 Mar...
2952 5022 3089 5077 Med.
3127 5034 3179 5076 et
3207 5022 3343 5077 Fuk.
3375 5025 3645 5089 scriptum
3696 5024 3776 5072 in—

2195 5095 2359 5155 veni,
2424 5096 2481 5147 ἐν
2530 5096 2665 5157 υἱοῖς
2728 5092 2947 5163 Ἰσραὴλ
3003 5095 3035 5162 ἡ
3089 5092 3197 5145 τῶν
3252 5093 3393 5148 κατὰ
3448 5093 3551 5163 τῆς
3595 5089 3776 5163 ξφρλῆς

2208 5165 2397 5230 Ἰούδα,
2421 5175 2551 5229 etc.,
2587 5164 2731 5233 quod
2767 5160 3033 5232 quid'sibi
3062 5164 3211 5226 velit,
3241 5164 3463 5233 nescio;
3501 5160 3775 5233 iiisi_for_te

2194 5233 2267 5288 ita
2284 5228 2575 5288 etnendare
2598 5228 2800 5303 placet,
2822 5235 2880 5285 ἐν
2913 5234 3047 5295 υἱοῖς
3093 5231 3440 5303 Ἰσραηλιτῶν
3461 5248 3473 5260 ·
3504 5230 3647 5303 κατα
3678 5228 3772 5298 τῆς

2194 5305 2366 5374 φυλῆς
2412 5301 2611 5357 Ἰούδαξ
2660 5303 2890 5372 Vulgata
2948 5312 3127 5374 tamen
3172 5301 3336 5356 lectio
3374 5303 3556 5374 magis
3576 5301 3769 5369 placet,

2192 5370 2355 5443 quam
2403 5385 2456 5427 et
2480 5374 2681 5443 Regius
2702 5370 2915 5443 _codex,
2962 5381 3016 5425 et
3048 5371 3387 5443 Nicephorus
3418 5370 3767 5443 conﬁrmant.

2193 5437 2417 5497 Videtur
2470 5437 2653 5496 autem
2702 5440 3063 5511 Hcgesippus,
3115 5437 3315 5497 tri—lium
3360 5440 3517 5494 Judw
3568 5439 3638 5493 ab
3687 5437 3771 5491 liis

2190 5514 2447 5568 omnibus
2479 5513 2690 5567 Judaici
2738 5513 2921 5581 populi
2974 5512 3137 5566 sectis
3191 5527 3381 5581 puram
3407 5525 3499 5581 _ac
3542 5521 3767 5562 vacuam

2187 5585 2552 5646 existimasse,
2585 5585 2658 5637 ita
2689 5578 2754 5636 ut
2773 5578 2955 5635 nullus
2983 5596 3014 5635 e
3044 5578 3381 5646 tribu-Judzc,
3406 5578 3765 5641 Essenorum,

2187 5665 2281 5708 aut
2313 5654 2761 5718 Sadducaeorum,
2789 5660 2885 5706 aut
2913 5650 3315 5705 Pharisaeorum
3352 5661 3560 5705 sectam
3609 5662 3766 5703 secu-

2190 5734 2276 5781 tus
2320 5724 2411 5781 sit.
2460 5722 2617 5789 Quod
2661 5735 2859 5796 tamen
2914 5736 3260 5792 nequaquam
3305 5720 3612 5777 verisimile
3660 5724 3760 5772 est.
