4148 6400
496 442 630 497 1539

1482 448 1733 505 MAXIM!
1772 448 2419 510 HIEBOSOLYMORUM
2460 454 2767 511 EPISCOP]

3604 464 3746 520 1540

490 567 583 634 qui
618 574 743 634 post
776 574 989 635 captam
1035 568 1226 623 urbem
1261 569 1329 623 ab
1360 570 1620 636 Adriano,
1658 570 1913 629 Ecclesia:
1943 571 2070 629 Hie-
2096 579 2144 635 Α
2170 574 2439 631 Maximus
2464 575 2528 641 ll,
2557 574 3053 645 Hierosolymorum
3080 579 3306 636 antistes
3338 580 3440 637 fuit
3468 584 3743 639 constitu-

491 656 895 725 rosolymitanaa
948 656 1299 726 praefuerunt.
1358 659 1493 716 Vide
1550 660 1908 732 Lequienium
1967 664 2065 735 (4).

493 744 696 800 Deinde
746 747 888 801 idem
940 747 1209 804 Eusebius
1254 748 1550 805 Maximum
1596 762 1845 809 nostrum
1879 769 2070 811 recen-

492 846 577 891 set
597 835 673 907 (5)
704 856 724 889 ‹
756 837 895 892 inter
922 847 1131 894 veteres
1162 840 1563 896 ecclesiasticos
1590 843 1759 909 viros,
1787 844 1881 913 qui
1912 864 1931 896 ι
1960 858 2072 914 quo

492 936 736 997 tempore
770 928 1002 986 Severus
1040 946 1223 987 rerum
1255 934 1584 1002 potiebatur,
1617 955 1636 986 ι
1667 934 1955 992 laudabilis
1987 936 2072 991 di-

492 1017 726 1088 ligentiaa
756 1032 1110 1077 monumenta
1146 1023 1503 1093 reliquerunt.
1547 1045 1566 1077 ι
1604 1025 1815 1092 Quibus
1844 1041 2070 1101 enarra-

491 1110 583 1176 tis,
607 1112 789 1165 statim
816 1121 1083 1167 memorat
1107 1114 1354 1183 ejusdem
1382 1113 1601 1170 Maximi
1630 1132 1770 1186 opus
1792 1102 1932 1185 Περὶ
1962 1119 2070 1172 τοῦ

490 1200 990 1268 πολυθρυλλήτου
1031 1204 1192 1271 παρὰ
1241 1205 1364 1271 τοῖς
1404 1204 1773 1273 αἱρεσιώταις
1820 1204 2069 1276 ζητήμα-

488 1308 592 1357 τος
645 1293 752 1346 τοῦ
805 1294 974 1347 Πόθεν
1014 1297 1048 1365 ἡ
1085 1294 1301 1349 Κακία·
1334 1296 1430 1351 καὶ
1471 1298 1605 1365 περὶ
1635 1298 1741 1352 τοῦ
1769 1298 2070 1368 γεννητὴν

489 1381 788 1450 ὑπάρχειν
832 1384 947 1452 τὴν
996 1386 1175 1452 ὕλην.
1231 1385 1309 1439 De
1363 1388 1729 1457 uulgatissima
1780 1390 1878 1445 illa
1925 1391 2068 1460 apud

489 1472 764 1528 Iiwrelicos
787 1478 1092 1545 quastione.
1120 1496 1139 1529 ι
1172 1478 1321 1533 Unde
1345 1480 1415 1533 sit
1440 1480 1662 1544 Malum,
1687 1490 1742 1536 et
1762 1483 1827 1535 de
1852 1498 1912 1537 eo
1928 1484 2067 1553 quod

490 1567 715 1619 materia
748 1567 894 1636 facta
925 1570 1014 1624 sit.
1056 1590 1076 1623 ι
1112 1570 1407 1628 Ηεετθιὶοοε
1452 1582 1633 1629 autem
1690 1574 1929 1644 intellige
1957 1573 2068 1630 Va-

489 1656 819 1715 lentiuiauos
860 1671 916 1716 et
955 1660 1329 1719 Marcionitas.
1379 1665 1515 1719 Cum
1563 1664 1726 1735 igitur
1771 1664 2066 1721 Maximum

488 1748 557 1805 de
580 1765 689 1818 quo
712 1753 961 1820 qumstio,
986 1772 1003 1803 ι
1024 1754 1200 1809 virum
1224 1755 1364 1809 inter
1381 1754 1728 1811 Christianos
1750 1756 2015 1812 illustrem
2041 1776 2061 1809 ι

488 1842 722 1909 appellat
748 1842 1039 1909 Eusebius,
1069 1846 1163 1915 qui
1195 1856 1383 1916 postea
1421 1867 1439 1899 σ
1478 1848 1618 1903 inter
1649 1859 1858 1904 veteres
1894 1850 2066 1906 eccle-

488 1934 740 1991 siasticos
764 1936 910 1994 viros
940 1958 958 1990 ι
988 1940 1167 2009 ipsum
1193 1941 1457 1998 claruisse
1479 1940 1667 2009 refert,
1690 1957 1800 2014 quo
1823 1951 2063 2013 tempore
2091 1936 2137 1992 Β

2173 675 2293 733 tus;
2328 676 2441 722 tum
2470 669 2728 734 nominis,
2762 678 2876 724 tum
2909 670 3207 741 dignitatis,
3240 683 3354 729 tum
3398 674 3561 731 etiam
3601 684 3746 731 tem—

2168 756 2319 825 poris
2352 756 2563 812 ratione
2589 758 2861 825 ducimur,
2893 773 3001 829 quo
3030 760 3323 818 Maximum
3361 774 3605 820 nostrum
3640 766 3745 821 Ec-

2168 851 2391 908 clesiam
2418 848 2960 921 Hierosolymitanam
2992 854 3201 909 rexisse
3234 855 3634 912 existimemus.

2239 942 2301 997 ll.
2353 942 2522 997 Porro
2554 942 2716 1012 hujus
2761 942 2979 997 Maximi
3022 944 3158 1000 liber
3189 945 3243 1000 in
3283 947 3486 1018 dialogi
3517 948 3745 1004 modum

2168 1035 2524 1104 compositus,
2555 1034 2848 1105 inscriptus
2882 1044 3001 1090 erat
3043 1036 3186 1106 Περὶ
3218 1036 3327 1106 τῆς
3356 1039 3530 1107 ὕλης,
3565 1050 3625 1095 ιιι
3661 1050 3745 1095 te-

2168 1134 2343 1181 statur
2374 1125 2515 1180 idem
2538 1124 2808 1181 Eusebius
2826 1125 2926 1197 (6),
2953 1128 3053 1181 κιιὶ
3080 1128 3264 1198 λόγος
3291 1129 3506 1197 οἰκεῖος
3524 1129 3745 1201 συγγέ-

2166 1232 2416 1287 γραπται
2443 1219 2576 1286 περὶ
2616 1217 2728 1287 τῆς
2756 1219 2944 1288 ὕλης,
2982 1220 3076 1291 qui
3106 1227 3161 1277 et
3190 1236 3257 1276 ex
3283 1236 3351 1275 eo
3375 1223 3743 1279 luculentissi-

2167 1324 2317 1363 mum
2349 1307 2712 1377 fragmentum
2748 1310 2982 1379 profert,
3029 1312 3175 1367 unde
3218 1313 3353 1367 illud
3386 1329 3487 1369 nos
3519 1330 3745 1384 quoque

2167 1399 2575 1470 descripsimus.
2615 1400 2937 1472 Excerptum
2971 1403 3100 1459 item
3130 1403 3373 1473 ejusdem
3409 1405 3611 1474 operis,
3644 1405 3741 1461 sed

2166 1491 2285 1560 ipso
2315 1492 2549 1547 Eusebio
2588 1492 2624 1546 l.
2658 1507 2708 1548 c.
2739 1493 3096 1563 descriptum,
3136 1504 3313 1549 exstat
3344 1495 3397 1549 in
3439 1495 3742 1550 Philocalia

2170 1582 2493 1655 Origem'ana
2527 1584 2624 1655 (7),
2656 1595 2711 1640 et
2741 1586 2794 1640 in
2820 1587 3128 1643 Adamantii
3155 1588 3371 1659 dialogo
3403 1588 3480 1643 De
3510 1599 3654 1643 recta
3683 1590 3742 1643 in

2167 1672 2332 1728 Deum
2369 1674 2474 1743 ﬁde
2512 1674 2613 1744 (8),
2645 1690 2926 1745 perperam
2966 1675 3183 1747 Origeni
3217 1678 3485 1747 ascripto;
3522 1693 3629 1747 qua
3671 1677 3741 1732 de

2166 1780 2226 1819 re
2248 1774 2371 1834 post
2415 1763 2817 1820 Tillemontium
2853 1766 2928 1837 (9)
2958 1768 3092 1824 satis
3128 1768 3342 1823 erudite
3377 1767 3729 1832 Origeniano-

2165 1871 2288 1909 rum
2320 1856 2659 1914 clarissimus
2685 1858 2863 1914 editor
2902 1858 3035 1929 (10).

508 2112 2959 2146 MM

1775 2272 2483 2431 ΜΑΧΙΜΙ

951 2560 1582 2679 EPISCOP]
1672 2562 3011 2680 HIEROSOLYMITANI
3102 2542 3228 2634 ί¹¹)

1677 2800 2502 2893 FRAGMENTUM

561 2999 656 3060 Ex
712 2996 878 3061 libro
912 2996 992 3060 de
1034 2992 1330 3068 materia,
1365 2993 1501 3057 sive
1538 2995 1618 3059 de
1657 3012 1734 3060 eo
1764 2996 1941 3077 quod
1977 2995 2243 3059 materia
2287 2993 2370 3055 sit
2414 2993 2611 3071 facta,
2668 3001 2729 3057 et
2773 2995 3093 3059 malorum
3145 3012 3275 3059 non
3309 2996 3392 3059 sit
3435 3013 3647 3063 causa.

1333 3164 1499 3226 (Apud
1524 3164 1790 3225 EUSEBIUI,
1817 3164 2093 3227 Prceparat.
2128 3160 2360 3227 Evangel.
2387 3163 2473 3212 lib.
2500 3175 2588 3222 vn,
2616 3174 2707 3225 cap
2749 3162 2855 3225 23.)

550 3312 592 3367 l.
621 3311 885 3382 Equidem
930 3310 1040 3366 duo
1086 3310 1285 3376 simul,
1321 3325 1445 3379 qua;
1479 3318 1604 3363 ortu
1650 3316 1897 3374 careant,
1931 3322 2055 3362 esse

2226 3305 2271 3357 ι.
2308 3306 2428 3358 Ὅτι
2465 3306 2563 3376 μὲν
2592 3305 2854 3361 ἀδύνατον
2878 3307 3144 3379 ὑπάρχειν
3178 3276 3451 3381 ἀγέννητά
3470 3312 3563 3365 δύο
3593 3314 3733 3385 ἅμα,

480 3418 588 3458 non
646 3419 842 3472 posse,
905 3404 1039 3473 quin
1082 3418 1295 3458 mecum
1354 3401 1645 3470 intelligas,
1680 3414 1791 3454 non
1826 3399 2047 3465 dubito;

480 3493 607 3548 licet
651 3495 757 3549 hoc
793 3508 996 3563 ponere
1034 3500 1258 3563 insuper
1304 3501 1470 3563 atque
1509 3494 1708 3548 addere
1736 3492 1995 3558 videaris,
2020 3507 2054 3548 e

479 3585 695 3640 duobus
728 3584 1101 3640 necessarium
1137 3585 1459 3639 alterutrum
1489 3599 1630 3651 esse,
1661 3592 1721 3638 ut
1751 3584 1836 3639 vel
1865 3600 2050 3655 segre-

478 3685 638 3746 gatus
665 3691 695 3729 a
732 3676 959 3730 materia
988 3675 1155 3741 Deus,
1180 3677 1264 3730 vel
1298 3692 1422 3731 cum
1456 3676 1644 3731 eadem
1674 3676 1899 3730 omnino
1919 3692 2053 3731 con-

481 3768 701 3836 iunctus
746 3782 870 3822 esse
923 3766 1158 3821 dicatur.
1197 3765 1300 3832 Qui
1346 3782 1479 3838 ergo
1534 3777 1645 3822 tam
1694 3767 2049 3835 conjunctum

478 3875 601 3915 csse
628 3859 794 3923 volet,
832 3859 880 3913 is
902 3875 1071 3913 unum
1102 3858 1368 3914 duntaxat
1402 3859 1611 3929 aliquid
1647 3867 1867 3926 statuet,
1904 3858 2051 3928 quod

478 3962 602 4007 ortu
626 3962 841 4019 careat;
867 3960 995 4008 tunc
1023 3954 1169 4007 enim
1193 3952 1417 4008 alterius
1449 3952 1681 4008 alterum
1708 3968 1836 4023 pars
1862 3952 2051 4022 utique

479 4039 659 4107 foret;
705 4058 828 4112 quae
886 4058 1016 4100 vero
1063 4050 1308 4097 mutuam
1347 4041 1487 4096 inter
1517 4057 1636 4097 sese
1677 4043 1849 4111 partis
1884 4042 2052 4096 ratio-

477 4149 603 4189 nem
635 4134 855 4195 habent,
883 4134 1071 4188 eadem
1093 4175 1107 4199 ,
1143 4149 1265 4203 quae
1298 4142 1421 4188 ortu
1455 4143 1711 4198 careant,
1748 4134 1857 4189 duo
1885 4133 2049 4190 simul

475 4241 601 4281 esse
635 4241 742 4279 non
777 4235 1026 4295 possunt.
1090 4224 1225 4279 Nam
1272 4225 1734 4295 quemadmodum
1771 4226 2047 4281 hominem

476 4317 559 4373 sic
592 4332 622 4370 a
659 4316 770 4370 Deo
797 4326 1143 4386 procreatum
1177 4332 1301 4372 esse
1336 4316 1594 4380 dicimus,
1630 4326 1692 4372 ut
1722 4317 1769 4372 is
1802 4332 1910 4371 non
1931 4318 2046 4388 jam

476 4408 707 4463 diversae
745 4418 927 4476 partes
952 4448 967 4472 ,
1018 4417 1182 4477 atque
1216 4409 1269 4462 iu
1315 4409 1473 4477 plura
1515 4409 1695 4479 genita
1739 4409 2046 4476 distractae,

475 4514 698 4564 verum,
736 4506 795 4551 ut
854 4498 975 4567 ipsa
1027 4499 1170 4553 ratio
1225 4499 1508 4569 postulat,
1546 4515 1634 4556 res
1668 4514 1776 4554 una
1828 4501 2047 4570 quidem

2157 3394 2278 3448 οὐδέ
2310 3414 2369 3449 σε
2410 3399 2631 3467 ἀγνοεῖν
2662 3398 2897 3469 νομίζω,
2950 3401 2997 3453 εἰ
3030 3400 3122 3454 καὶ
3165 3403 3234 3457 τὰ
3284 3402 3517 3473 μάλιστα
3557 3404 3735 3468 δοκεῖς

2158 3488 2445 3559 προλαϐὼν
2474 3489 2628 3544 τοῦτο
2659 3491 3103 3563 προστεθεικέναι
3128 3494 3203 3565 τῷ
3233 3494 3393 3565 λόγῳ,
3426 3495 3487 3549 τὸ
3518 3495 3735 3560 πάντως

2158 3579 2220 3644 ἐξ
2260 3581 2503 3652 ἀνάγκης
2548 3582 2608 3636 τὸ
2655 3582 2845 3654 ἕτερον
2892 3584 3002 3637 δεῖν
3044 3584 3320 3659 λέγειν“,ῆ
3372 3589 3455 3640 ὅτι
3498 3588 3733 3661 κεχώρι-

2160 3687 2281 3724 σται
2313 3671 2421 3741 (12)
2454 3672 2554 3741 τῆς
2585 3671 2716 3743 ὓλης
2744 3674 2772 3727 ὁ
2794 3672 2946 3737 Θεὸς,
2973 3674 3005 3743 ἢ
3032 3670 3097 3727 αὖ
3126 3674 3306 3739 πάλιν,
3332 3676 3411 3729 ὅτι
3436 3676 3731 3749 ἀμέριστος

2158 3762 2328 3833 αὐτῆς
2356 3763 2630 3833 τυγχάνει.
2651 3765 2714 3817 Ei
2750 3766 2847 3835 μὲν
2872 3760 2964 3818 οὖν
2995 3765 3233 3837 ήνῶσθαί
3256 3785 3341 3832 τις
3372 3768 3533 3822 αὐτὸν
3558 3770 3732 3824 εἰπεῖν

2158 3852 2353 3918 ἐθέλοι,
2387 3854 2444 3907 ἓν
2468 3855 2527 3908 τὸ
2558 3854 2851 3926 ἀγέννητον
2880 3855 3053 3919 λέξει·
3088 3858 3345 3930 ἑκάτερον
3368 3860 3476 3932 γὰρ
3506 3859 3732 3925 τούτων,

2161 3944 2327 4016 μέρος
2358 3945 2511 4000 ἔσται
2553 3946 2645 4000 τοῦ
2677 3946 2902 4019 πλησίον
2922 3965 2934 3978 ·
2984 3948 3225 4020 ἀλλήλων
3263 3952 3320 4003 δὲ
3361 3952 3500 4023 μέρη
3528 3952 3731 4022 τυγχά-

2157 4052 2337 4100 νοντα,
2381 4037 2483 4090 οὐκ
2538 4037 2692 4092 ἔσται
2742 4038 3013 4108 ἀγέννητα
3055 4038 3168 4092 δύο.
3214 4039 3301 4104 Ὦς
3330 4040 3451 4093 οὐδὲ
3501 4040 3735 4113 διάφορα

2160 4128 2301 4199 μέρη
2328 4128 2912 4201 κατακερματιζόμενα
2942 4131 3021 4192 εἰς
3046 4129 3215 4183 πολλά
3238 4132 3490 4202 γεννητά,
3517 4131 3632 4185 ἀλλ’
3655 4131 3733 4195 ὡς

2155 4220 2185 4273 ὁ
2214 4221 2368 4290 λόγος
2400 4224 2638 4289 ἀπαιτεῖ,
2675 4223 2733 4276 ἓν
2765 4240 2818 4276 τι
2847 4223 3125 4293 γεννητὸν,
3160 4223 3250 4279 τὸν
3286 4222 3603 4296 ἄνθρωπον,
3636 4242 3734 4278 πο-

2155 4313 2387 4386 λυμερὲς
2441 4316 2577 4388 πρὸς
2627 4314 2720 4369 τοῦ
2776 4315 2911 4369 Θεοῦ
2972 4315 3254 4385 γεγονέναι
3304 4316 3513 4387 φαμένο
3559 4316 3731 4382 οὕτως

2157 4405 2393 4477 ἀνάγκη,
2439 4407 2487 4458 εἱ
2534 4407 2609 4478 μὴ
2656 4405 2987 4478 κεχώρισται
3029 4406 3128 4476 τῆς
3163 4404 3293 4476 ὕλης
3326 4405 3353 4458 ὁ
3384 4406 3535 4471 Θεὸς,
3568 4406 3626 4459 ἓν
3668 4409 3731 4463 τὺ

2157 4497 2447 4570 ἀγέννητον
2484 4497 2623 4551 εἶναι
2652 4498 2846 4567 λέγειν.
2887 4499 2949 4552 Εἰ
2982 4498 3039 4551 δὲ
3070 4499 3398 4570 κεχωρίσθαι
3430 4501 3590 4571 φήσει
3622 4520 3726 4566 τις,

481 4591 664 4660 genita
698 4590 793 4653 sit,
816 4589 982 4645 variis
1007 4598 1188 4645 tamen
1222 4606 1289 4645 ex
1324 4591 1574 4659 partibus
1600 4593 1931 4659 constituta;
1970 4592 2048 4647 sic

2160 4588 2368 4658 ἀνάγκη
2401 4584 2539 4640 εἶναι
2564 4605 2615 4639 τι
2652 4586 2838 4661 τὸάνά
2874 4587 3040 4659 μέσον
3071 4588 3425 4660 ἀμφοτέρων,
3465 4590 3600 4663 ὅπερ
3633 4592 3729 4645 καὶ

476 4697 703 4736 necesse
736 4681 895 4751 plane
926 4689 1049 4747 est,
1087 4682 1135 4737 si
1168 4681 1339 4736 Deum
1377 4699 1408 4737 a
1451 4684 1681 4739 materia
1732 4683 2041 4754 sejunctum

2160 4679 2239 4733 τὸν
2284 4677 2560 4751 χωρισμὸν
2613 4676 2791 4731 αὐτῶν
2848 4676 3139 4731 δείκνυσιν.
3187 4678 3469 4734 Ἀδύνατον
3516 4681 3623 4751 γὰρ
3668 4682 3729 4735 ὲν

474 4787 599 4828 esse
633 4788 820 4844 negas,
858 4789 1027 4829 unum
1055 4774 1323 4829 duntaxat
1354 4773 1584 4843 aliquid,
1619 4774 1767 4844 quod
1800 4778 2045 4845 genitum

2160 4776 2425 4832 Βιαστάσει
2448 4771 2795 4838 ἐξετάζεσθαι
2818 4790 2871 4827 τι
2904 4774 3010 4827 ἀπό
3041 4790 3208 4838 τινος,
3242 4774 3342 4827 οὐκ
3364 4775 3517 4838 ὄντος
3542 4775 3727 4846 ἐτέρου

474 4877 586 4919 non
620 4864 711 4930 sit,
748 4879 1065 4933 agnoscere.
1115 4863 1212 4919 Sin
1256 4864 1325 4918 ab
1365 4864 1561 4919 eadem
1609 4874 1882 4921 secretum
1925 4882 2048 4922 esse

2160 4867 2270 4921 me‘
2295 4866 2325 4918 ὃ
2356 4868 2388 4936 ἡ
2412 4866 2690 4929 διάστασις
2715 4863 2979 4936 ἐκατέρου
3012 4864 3240 4933 γίνεται.
3270 4866 3444 4938 Ὅπερ
3467 4866 3527 4921 οὗ
3563 4866 3728 4937 μέχρι
3764 4904 3767 4905 ν

474 4955 646 5021 voles,
676 4956 915 5011 medium
948 4958 1261 5013 necessario
1285 4956 1545 5027 quiddam
1581 4958 1726 5013 inter
1753 4968 2047 5030 utrumque

2160 4956 2339 5011 τούτου
2370 4958 2584 5009 ἵσταται
2616 4954 2713 5009 καὶ
2744 4955 2906 5024 μόνου
2926 4994 2942 5020 ,
2976 4954 3111 5009 ἀλλά
3136 4956 3230 5010 καὶ
3274 4956 3541 5010 πλείστων
3563 4958 3724 5011 ὅσων.

475 5046 831 5101 statuendum
864 5046 1013 5114 erit,
1043 5061 1156 5117 quo
1200 5046 1488 5116 utriusque
1530 5045 1824 5102 dissidium
1866 5057 2050 5104 osten-

567 5199 623 5271 4)
656 5198 1058 5271 I_.equicu._0r.
1090 5199 1309 5262 Christ.,
1342 5209 1475 5255 tom.
1509 5200 1599 5266 Ill,
1627 5216 1750 5271 pag.
1787 5198 1906 5256 M7.

571 5268 623 5343 5)
660 5268 858 5343 EuSeb.
894 5268 1038 5343 Ijist.
1076 5271 1202 5323 eccl.
1236 5272 1328 5343 lib.
1359 5287 1410 5335 v,
1443 5287 1563 5343 cap.
1596 5268 1685 5325 27.

571 5339 624 5410 6)
661 5339 861 5410 Euseb.
894 5340 1072 5409 Prwp.
1097 5356 1279 5410 evang.
1313 5340 1351 5394 l.
1385 5356 1434 5398 c.

548 5408 627 5479 (7)
657 5408 876 5483 Origeni.
931 5408 1196 5465 Pliilocal.
1233 5408 1375 5480 'cap.
1429 5412 1535 5479 24,
1590 5427 1714 5483 pag.
1768 5411 1870 5477 82,
1916 5411 2049 5466 edit.

475 5479 942 5621 (33(n838gliiamant.
992 5550 1134 5606 Dial.
1188 5553 1243 5605 in
1284 5550 1516 5621 Append.
1566 5551 1633 5604 ad
1689 5561 1814 5604 tom.
1867 5548 1899 5604 Ι
1931 5565 2049 5620 opp.

478 5616 717 5692 Origen“
748 5637 869 5692 pag.
904 5621 1009 5675 845
1034 5632 1087 5692 et
1126 5638 1277 5691 seqq.
1312 5616 1439 5676 edit.
1475 5621 1648 5675 Paris.
1686 5623 1893 5692 noviss.

552 5690 964 5773 (9)1‘illeniont,
994 5691 1153 5745 Mem.
1185 5690 1336 5759 εστι,
1372 5700 1502 5748 tom.
1530 5692 1597 5758 ll,
1634 5707 1757 5763 pag.
1784 5691 1907 5761 760,
1939 5702 2051 5747 not.

480 5774 578 5813 sur
599 5774 690 5814 Ul‘l
732 5776 849 5814 ene.

549 5831 664 5903 (Ψ)
696 5778 944 5903 gelarue,
974 5830 1107 5899 Opp.
1139 5832 1350 5903 Origeni.
1383 5840 1516 5887 tom.
1538 5831 1593 5903 Vl,
1622 5848 1744 5903 pag.
1777 5833 1899 5887 80L

552 5899 666 5971 (ll)
712 5899 962 5955 Nondum
1016 5903 1149 5958 satis
1200 5899 1397 5958 definio
1455 5902 1579 5973 quis
1626 5899 1730 5961 ille
1784 5904 2054 5963 Maximus

605 5199 624 5411 ξ

2155 5049 2253 5102 Ὃν
2285 5046 2395 5119 γὰρ
2426 5047 2521 5100 ἐπὶ
2550 5044 2658 5099 τῶν
2688 5044 2783 5099 δύο
2812 5046 3123 5117 ἀγεννήτων
3151 5047 3374 5119 εἴπομεν
3398 5046 3576 5116 λόγον,
3604 5047 3730 5100 τοῦ-

2154 5202 2337 5282 fuerit.
2371 5200 2500 5255 Erat
2528 5200 2749 5282 quidem
2776 5198 3061 5282 Maximus
3093 5198 3596 5282 Hierosolymorum
3625 5218 3726 5257 an-

2150 5276 2341 5337 tistes,
2370 5270 2607 5341 aequalis,
2630 5270 2883 5334 Eusebii;
2920 5270 3013 5324 sed
3040 5285 3268 5341 vereor,
3316 5270 3375 5324 ut
3424 5271 3571 5325 hunc
3596 5287 3726 5327 vere

2152 5339 2451 5401 maximum
2522 5340 2738 5394 Arianae
2814 5339 3108 5407 impietatis
3167 5340 3383 5395 hostem
3453 5341 3727 5397 Maximus

2152 5415 2390 5469 Ariauus
2412 5411 2707 5479 intelligat;
2733 5410 2949 5465 tametsi
2974 5410 3145 5472 hunc,
3176 5411 3425 5479 quisquis
3442 5411 3531 5473 sit,
3550 5411 3726 5466 Maxi—

2154 5498 2303 5541 mum
2324 5523 2340 5545 ,
2390 5491 2449 5535 ut
2483 5479 2647 5551 paulo
2678 5490 2821 5551 ante
2874 5479 3194 5551 Qionysium
3220 5481 3681 5551 “Alexandrinum
3705 5524 3724 5549 ,

2154 5556 2289 5611 satis
2321 5549 2513 5622 frigide
2537 5550 2845 5620 appellavit.
2880 5549 3172 5622 Caeterum,
3202 5549 3451 5622 dialogus
3479 5550 3582 5622 fuit
3608 5560 3723 5607 tota

2155 5626 2270 5680 hac
2293 5623 2359 5677 de
2396 5619 2623 5675 materia
2643 5620 2965 5689 disputatio,
3012 5629 3074 5673 ut
3099 5619 3296 5691 legenti
3320 5619 3484 5690 patet.
3503 5620 3721 5689 VIGER.,

2154 5696 2394 5765 cujuset
2425 5702 2566 5765 nota
2589 5706 2741 5765 seqq.

2226 5758 2338 5834 (12)
2372 5765 2446 5817 Ἦ
2480 5761 2570 5834 ὀξτι
2599 5760 2969 5834 κεχώρισται.
3019 5758 3200 5814 Prima
3233 5760 3720 5834 haec_argumenta,

2157 5830 2265 5889 non
2310 5830 2417 5888 nisi
2451 5832 2715 5904 adversus
2739 5845 2838 5904 eos
2864 5831 2964 5904 qui
2991 5845 3313 5904 corporeum
3342 5830 3513 5886 Deum
3551 5831 3719 5904 finge-

2158 5914 2299 5971 rent,
2333 5901 2593 5959 momcnti
2625 5899 2922 5973 quidquam
2952 5899 3153 5957 habere
3182 5910 3432 5973 possunt.
