4148 6450
417 503 546 559 1341

1482 499 1667 556 LIBRI
1705 500 1792 555 DE
1829 497 2142 555 MATERIA
2178 498 2685 558 FRAGMENTUM.

3534 501 3675 557 1542

412 642 507 679 τον
541 623 599 690 ἐξ
632 622 879 694 ἀνάγκης
928 621 1130 693 ὁμοίως
1162 623 1496 694 προχωρεῖν,
1530 625 1576 676 εἰ
1620 623 1688 677 τά
1730 623 1985 693 ἀγέννητο

2104 621 2285 677 datur.
2337 620 2448 677 Nec
2495 623 2642 677 enim
2690 620 2854 677 unius
2887 621 2957 676 ab
2998 621 3171 678 altero
3212 620 3505 676 divortium
3543 638 3678 677 con-

411 715 596 787 δοθείη
649 715 798 788 τρία.
849 716 961 768 Καὶ
1011 714 1121 786 γάρ
1171 714 1264 767 ἐπὶ
1294 714 1499 768 τούτων
1533 714 1760 786 ἐροίμην
1808 714 1911 779 ἂν,
1947 713 1995 766 εἰ

412 807 747 880 κεχώρισται
782 806 1047 878 ἀλλήλων,
1074 807 1108 878 ἢ
1145 802 1211 861 αὖ
1242 806 1401 860 πάλιν
1428 805 1658 860 ἕκαστον
1687 807 1890 877 ἥνωται
1918 805 1997 876 τῷ

412 900 662 972 πλησίον,
694 900 758 952 Εἰ
795 898 895 971 μὲν
939 899 1048 969 γὰρ
1080 898 1320 969 ἡνῶσθαι
1370 915 1455 961 τις
1483 898 1647 960 εἴποι,
1698 897 1790 951 τὸν
1834 895 1998 951 αὑτὸν

411 992 635 1047 ἀκούσει
684 992 763 1063 τῷ
810 989 1013 1064 πρώτῳ
1057 990 1234 1060 λόγον.
1266 993 1328 1044 ΕΞ
1363 990 1407 1044 δ’
1447 987 1514 1047 αὖ
1560 991 1722 1045 πάλιν
1764 988 1995 1061 κεχωρι-

413 1083 573 1146 σθαι,
608 1082 670 1135 οὑ
717 1081 971 1151 φεύξεται
1018 1082 1117 1152 τὴν
1151 1080 1211 1143 ἐξ
1250 1081 1498 1153 ἀνάγκης
1539 1080 1632 1134 τοῦ
1672 1079 1997 1152 χωρίζοντος

413 1174 841 1228 ὑπόστασιν.“Αν
857 1172 913 1226 δὲ
926 1174 1034 1244 ἄρα
1056 1190 1140 1235 τις
1169 1174 1261 1226 καὶ
1284 1174 1467 1244 τρίτον
1488 1168 1624 1226 εἶναι
1644 1171 1788 1236 λέξει
1815 1170 1992 1239 λόγον,

410 1267 490 1329 ὡς
505 1265 814 1338 ἁρμόζοντα
847 1265 974 1337 περὶ
994 1265 1103 1319 τῶν
1121 1267 1430 1335 ἀγεννήτων
1444 1263 1716 1332 λέγεσθαι,
1750 1262 1995 1316 τουτέστι

410 1357 474 1412 τὸ
510 1358 584 1428 μὴ
621 1357 949 1429 κεχωρίσθαι
962 1346 1075 1429 ςτῆς
1111 1356 1244 1429 ὓλης
1276 1356 1368 1410 τὸν
1399 1355 1552 1418 Θεὸν,
1582 1356 1705 1426 μήτ’
1738 1350 1804 1407 αὖ
1833 1353 1995 1408 πάλιν

408 1448 488 1513 ὡς
516 1453 574 1503 ἐν
604 1450 758 1519 μέρει
788 1448 1053 1521 ἡνῶσθαι,
1088 1446 1223 1503 εἶναι
1269 1448 1326 1502 δὲ
1369 1446 1620 1517 καθάπερ
1663 1448 1722 1499 ἐν
1745 1446 1897 1515 τόπῳ
1924 1448 1991 1517 τῇ

411 1539 516 1613 ὕλῃ
546 1540 637 1594 τὸν
668 1540 819 1605 Θεὸν,
851 1541 883 1611 ἢ
924 1540 1019 1593 καὶ
1039 1539 1137 1611 τὴν
1163 1538 1295 1611 ὕλην
1325 1540 1384 1592 ἐν
1402 1537 1479 1608 τῷ
1505 1537 1624 1608 Θεῷ
1647 1555 1660 1568 ’
1687 1537 1747 1591 τὸ
1772 1540 1994 1608 συνέχον

408 1632 675 1697 ἀκουέτω,
705 1632 901 1685 ὄτιέἀν
932 1632 1094 1685 τόπον
1125 1629 1221 1684 τοῦ
1253 1629 1387 1683 Θεοῦ
1421 1631 1521 1702 τὴν
1558 1629 1687 1700 ὓλην
1727 1629 1991 1700 εἴπωμεν,

408 1722 470 1789 ἐξ
503 1724 749 1795 ἀνάγκης
782 1723 944 1777 αὑτὸν
978 1724 1072 1777 καὶ
1103 1721 1408 1793 χωρητικὸν
1432 1720 1544 1790 (l5)
1577 1720 1757 1788 λέγειν
1774 1720 1873 1783 δεῖ,
1899 1720 1993 1773 καὶ

407 1815 547 1889 πρὸς
576 1816 675 1886 τῆς
694 1814 826 1886 ὕλης
847 1815 1341 1887 περιγραφόμενον.
1371 1811 1529 1865 Ἀλλά
1552 1813 1657 1883 μὴν
1676 1811 1770 1865 καὶ
1793 1810 1994 1881 ὁμοίως

402 1906 571 1961 αὑτὸν
604 1908 668 1977 τῇ
699 1904 798 1977 ὕλῃ
829 1905 1080 1967 ἀτάκτως
1104 1903 1385 1975 φέρεσθαι,
1408 1904 1481 1975 μὴ
1505 1900 1755 1955 ἴστασθαί
1773 1918 1832 1954 τε
1856 1900 1989 1971 μηδὲ

2101 714 2254 771 stitui
2287 713 2604 782 dignoscive
2642 721 2851 783 potest,
2886 713 2995 774 nisi
3037 714 3259 769 tertium
3296 714 3502 783 aliquid
3544 714 3677 770 sub-

2098 806 2222 873 erit,
2252 821 2318 862 ex
2343 821 2455 877 quo
2476 804 2773 860 divortium
2818 806 2953 861 illud
2988 806 3306 861 testimetur.
3344 807 3522 875 Atque
3558 806 3676 860 haec

2097 898 2259 964 ratio,
2297 913 2406 952 non
2442 907 2654 952 tantum
2690 898 2773 953 vel
2806 898 2861 952 in
2898 899 3021 962 hoc,
3051 898 3139 952 vel
3160 898 3213 952 in
3252 912 3361 951 uno
3388 898 3672 967 quopiam,

2098 988 2191 1043 sed
2225 989 2388 1043 etiam
2425 990 2480 1043 in
2518 989 2772 1058 pluribus
2804 990 2987 1043 locum
3021 989 3205 1043 habet.
3240 987 3396 1054 Quod
3427 988 3572 1043 enim
3604 989 3676 1043 de

2097 1076 2315 1133 duobus
2357 1087 2482 1133 ortu
2529 1079 2849 1135 carentibus
2881 1079 3089 1134 dictum
3150 1087 3276 1145 est,
3322 1079 3374 1133 id
3416 1079 3677 1135 similiter

2096 1168 2278 1223 valere
2301 1182 2525 1224 necesse
2558 1170 2684 1235 erit,
2719 1171 2765 1226 si
2800 1171 2905 1224 tria
2939 1178 3215 1240 ponentur
3248 1180 3370 1224 ortu
3407 1171 3671 1226 carentia.

2096 1256 2234 1313 Nam
2276 1260 2344 1314 de
2375 1259 2484 1315 illis
2526 1261 2718 1315 eodem
2763 1260 2927 1316 modo
2951 1277 3213 1332 quaeram,
3244 1270 3437 1316 utrum
3454 1261 3673 1332 disjnn-

2096 1358 2185 1405 cta
2231 1351 2323 1405 illa
2356 1351 2499 1417 sint,
2546 1367 2617 1406 an
2665 1353 2879 1423 singula
2926 1354 3070 1407 inter
3107 1369 3229 1409 sese
3263 1355 3574 1423 conjuncta.
3614 1353 3674 1408 Si

2097 1442 2389 1513 conjuncta
2428 1443 2555 1512 quis
2596 1459 2721 1499 esse
2772 1443 3062 1510 defendet,
3115 1443 3256 1497 idem
3292 1459 3394 1514 ego
3444 1455 3673 1513 contra,

2095 1535 2241 1605 quod
2276 1535 2444 1605 paulo
2481 1544 2607 1590 ante
2640 1547 3026 1606 argumentum
3072 1550 3366 1605 opponam.
3426 1535 3521 1591 Sin
3556 1537 3675 1593 dis-

2097 1626 2264 1681 tincta
2302 1625 2584 1694 fatebitur,
2617 1642 2899 1696 nunquam
2920 1628 3066 1682 illius
3086 1629 3265 1698 quarti
3290 1631 3673 1684 necessitatem

2094 1716 2348 1787 effugiet,
2377 1719 2525 1788 quod
2562 1718 2667 1774 hoc
2714 1719 2928 1774 dissidii
2978 1734 3153 1790 genus
3191 1719 3407 1775 eﬂiciat.
3437 1720 3594 1786 Quod
3625 1721 3679 1776 si

2097 1808 2317 1862 tertium
2351 1808 2613 1878 quiddam
2644 1808 2945 1876 existimet,
2972 1808 3041 1863 de
3072 1808 3182 1864 illis
3207 1817 3330 1863 ortu
3356 1808 3676 1865 carentibus

2096 1900 2385 1956 commode
2427 1900 2567 1957 satis
2600 1900 2923 1970 responderi
2972 1914 3169 1970 posse,
3219 1898 3391 1954 Deum
3426 1899 3680 1955 videlicet

407 1995 592 2067 μένειν
634 1995 795 2048 αὑτὸν
838 1997 922 2064 ἐφ’
960 1994 1154 2047 ἐαυτοῦ
1195 1995 1446 2063 ἀνάγκη,
1480 1991 1607 2055 τοῦ,
1642 1984 1763 2060 ἐνῷ
1807 1994 1985 2055 ἐστιν,

2095 2008 2193 2050 nec
2218 1994 2438 2063 penitus
2470 2008 2500 2048 a
2537 1993 2764 2048 materia
2800 2001 3069 2049 secretum
3092 2035 3107 2058 ,
3146 2007 3249 2048 nec
3281 2001 3462 2047 tamen
3502 1993 3676 2063 partis

402 2086 579 2140 ἄλλοτ’
604 2085 780 2149 ἄλλως
814 2085 1137 2156 φερομένου.
1172 2084 1316 2155 Πρὸς
1348 2083 1403 2137 δὲ
1433 2083 1641 2146 τούτοις
1670 2082 1765 2136 καὶ
1795 2084 1854 2135 ἐν
1877 2082 1990 2152 χεί-

406 2193 524 2249 ροσι
556 2176 838 2246 γεγονέναι
870 2176 961 2229 τὸν
1005 2174 1137 2228 Θεὸν
1174 2176 1349 2228 εἰπεῖν
1387 2174 1621 2244 ἀνάγκη.
1663 2174 1725 2227 Ei
1779 2172 1888 2243 γὰρ
1918 2168 1988 2243 ἦν

401 2286 535 2322 ποτε
587 2270 826 2340 ἄκοσμος
878 2270 912 2338 ἡ
972 2267 1109 2339 ὕλη,
1147 2267 1421 2338 ἐκόσμησε
1466 2266 1523 2319 δὲ
1576 2265 1745 2338 αὐτὴν
1798 2267 1877 2329 εἰς
1924 2264 1987 2318 τὸ

400 2365 646 2433 κρεῖττον
668 2360 862 2433 τρέψαι
897 2359 1348 2433 προαιρούμενος,
1382 2355 1450 2432 ἦν
1484 2377 1612 2412 ποτε
1642 2359 1729 2412 ὅτε
1764 2360 1823 2411 ἐν
1850 2359 1983 2412 ἀκο-

402 2454 630 2524 σμήτοις
650 2448 719 2524 ἦν
747 2454 775 2505 ὁ
802 2450 953 2515 Θεός.
987 2450 1220 2514 Δικαίως
1243 2450 1289 2504 δ’
1318 2450 1382 2504 ἂν
1415 2451 1509 2503 καὶ
1536 2448 1725 2503 τοῦτον
1754 2448 1983 2520 ἐροίμην

399 2545 493 2598 τὸν
525 2544 703 2613 λόγον,
751 2543 982 2613 πότερον
1016 2541 1252 2613 ἐπλήρου
1292 2542 1390 2611 τὴν
1424 2540 1558 2612 ὓλην
1602 2541 1631 2592 ὁ
1662 2539 1814 2604 Θεὸς,
1846 2540 1879 2611 ἢ
1932 2540 1990 2593 ἐν

404 2634 558 2706 μέρει
592 2634 698 2688 τινὶ
728 2632 829 2703 τῆς
862 2632 993 2703 ὑλης
1018 2627 1107 2701 ἦν.
1130 2632 1193 2683 Εἰ
1226 2631 1323 2701 μὲν
1355 2626 1447 2683 οὖν
1481 2632 1539 2683 ἐν
1576 2630 1733 2701 μέρει
1764 2630 1871 2683 τινὶ
1891 2629 1990 2700 τῆς

400 2727 533 2799 ὕλης
558 2728 734 2780 εἰπεῖν
748 2714 831 2788 τις
846 2724 1019 2778 ἐθέλοι
1034 2723 1126 2776 τὸν
1141 2721 1293 2787 Θεὸν,
1313 2721 1564 2777 πλεῖστον
1580 2723 1703 2775 ὅσον
1738 2720 1993 2793 μικρότε-

400 2837 494 2894 ρον
546 2820 648 2889 τῆς
704 2817 835 2889 ὑλης
880 2816 1049 2885 λέγει·
1093 2815 1228 2868 εἰδὲ
1268 2815 1376 2886 (14)
1418 2815 1582 2887 μέρος
1633 2815 1824 2885 αὐτῆς,
1870 2816 1991 2869 ὅλον

402 2910 687 2984 ἐχώρησεν
723 2910 908 2963 αὑτόν.
934 2911 995 2962 Εἰ
1014 2909 1059 2962 δ’
1083 2911 1140 2962 ἐν
1154 2909 1302 2980 πάσῃ
1324 2903 1463 2961 εἶναι
1478 2906 1623 2977 λέγοι
1645 2912 1710 2979 τῇ
1729 2908 1850 2979 ὕλῃ,
1875 2909 1992 2974 πῶς

397 3003 601 3076 ταύτην
626 3001 978 3074 ἐδημιούργει
1005 2999 1296 3071 φραστέον.
1334 2999 1572 3071 Ἀνάγκη
1607 2999 1716 3071 γὰρ
1740 3001 1772 3071 ἢ
1799 3017 1991 3055 συστο-

396 3095 496 3166 λήν
530 3111 653 3149 τινα
686 3091 779 3146 τοῦ
811 3090 946 3145 Θεοῦ
979 3091 1179 3160 λέγειν,
1214 3085 1283 3160 ἧς
1312 3087 1613 3160 γενομένης
1639 3088 1990 3162 ἐδημιούργει

397 3188 607 3251 ἐκεῖνο,
644 3186 739 3255 ἀφ’
772 3174 833 3237 οὑ
890 3180 1276 3253 ὑπεχώρησεν,
1322 3182 1356 3252 ἢ
1400 3180 1495 3233 καὶ
1544 3180 1735 3233 ἐαυτὸν
1773 3184 1840 3253 τῇ
1888 3181 1989 3253 ὑλῃ

398 3278 877 3350 συνδημιουργεῖν,
910 3276 1011 3329 οὑκ
1044 3272 1234 3344 ἔχοντα
1266 3273 1668 3345 ὑποχωρήσεως
1694 3273 1879 3327 τόπον.

2096 2085 2149 2139 in
2185 2100 2394 2140 morem
2448 2100 2573 2139 cum
2618 2085 2808 2140 eadem
2844 2100 2968 2141 esse
3007 2084 3397 2153 conjunctum;
3450 2084 3546 2139 sed
3588 2085 3678 2140 vel

2093 2176 2322 2231 materia
2356 2177 2552 2237 Deum.
2587 2177 2671 2230 vel
2708 2177 2994 2230 materiam
3048 2176 3224 2247 ipsam
3260 2175 3405 2244 Deo,
3438 2176 3519 2232 sic
3555 2186 3678 2231 tan-

2091 2284 2257 2338 quam
2313 2268 2434 2323 loco
2486 2269 2707 2338 proprio
2759 2268 3061 2336 contineri;
3124 2284 3192 2323 ex
3251 2269 3356 2325 hac
3416 2269 3677 2339 opinione

2091 2374 2441 2429 consequens
2485 2360 2620 2415 illud
2655 2361 2881 2415 omnino
2914 2359 3113 2429 fuerit,
3149 2369 3232 2428 ut,
3276 2362 3323 2416 si
3362 2360 3453 2415 Dei
3488 2362 3675 2415 locum

2089 2450 2374 2503 materiam
2408 2464 2531 2505 esse
2555 2449 2828 2514 dicamus,
2852 2450 3105 2506 eumdem
3142 2453 3456 2507 necessario
3477 2461 3532 2506 et
3552 2455 3672 2523 capi

2087 2540 2157 2596 ab
2186 2540 2393 2607 aliquo,
2431 2550 2485 2595 et
2520 2544 2750 2597 materia
2801 2542 2917 2611 ipsa
2971 2543 3350 2598 circumscribi
3386 2559 3548 2614 posse
3591 2543 3676 2597 fa-

2086 2641 2322 2688 teamur.
2357 2632 2500 2699 Quin
2537 2634 2700 2688 etiam
2740 2635 2895 2688 illum
2944 2650 3171 2691 necesse
3200 2636 3324 2698 erit,
3362 2635 3587 2705 perinde
3614 2644 3676 2689 ut

2086 2725 2393 2788 materiam,
2419 2725 2738 2794 perturbate
2773 2725 2935 2793 ferri;
2963 2742 3065 2782 nec
3086 2728 3342 2783 eumdem
3377 2728 3432 2781 in
3467 2742 3526 2781 se
3552 2727 3673 2796 ipso

2087 2829 2308 2869 manere
2342 2831 2558 2885 semper
2592 2816 2993 2888 immotumque
3030 2821 3357 2886 consistere,
3395 2820 3673 2875 cumillud

2086 2905 2141 2960 in
2173 2923 2282 2977 quo
2304 2909 2429 2974 erit,
2452 2909 2559 2965 huc
2582 2910 2823 2981 illucque
2850 2922 3117 2982 perpetuo
3138 2916 3404 2983 rapiatur.
3422 2915 3504 2968 Ad
3535 2915 3673 2981 haac,

2089 2997 2268 3052 locum
2300 2999 2353 3053 in
2398 2999 2771 3056 deterioribus
2817 3000 2985 3057 Deum
3023 3003 3201 3073 ipsum
3234 3005 3497 3059 habuisse
3540 3019 3675 3059 con-

2088 3090 2391 3145 cedendum
2439 3091 2565 3145 erit.
2618 3089 2757 3146 Nam
2805 3093 2853 3148 si
2905 3094 3057 3149 rudis
3106 3095 3235 3149 olim
3293 3104 3348 3150 et
3394 3095 3675 3150 incondita

2089 3183 2317 3237 materia
2348 3181 2472 3249 fuit,
2498 3200 2731 3255 eamque
2754 3185 2899 3241 Deus
2927 3186 2982 3240 iu
3013 3188 3400 3257 elegantiorem
3430 3197 3484 3242 et
3510 3203 3667 3242 orna-

2015 3267 2057 3324 C
2094 3276 2288 3330 tiorem
2324 3278 2564 3346 speciem
2604 3277 2953 3333 conformare
2985 3281 3209 3346 statuit;
3249 3280 3353 3334 fuit
3385 3279 3669 3350 profecto,

397 3388 521 3427 cum
576 3370 717 3425 Deus
751 3369 807 3423 in
855 3367 978 3422 rudi
1025 3375 1077 3420 et
1126 3365 1408 3419 incondita
1459 3365 1601 3419 mole
1640 3374 1975 3419 versaretur.
2019 3363 2285 3421 Praeterea
2338 3368 2484 3422 hunc
2506 3368 2671 3423 etiam
2718 3368 2772 3422 in
2804 3369 3028 3423 modum
3056 3387 3249 3441 urgere
3298 3372 3460 3426 liceat
3485 3380 3668 3425 utrum

396 3462 543 3517 Deus
575 3460 864 3515 materiam
912 3457 1163 3527 impleret
1202 3456 1550 3517 universam,
1608 3471 1678 3509 an
1730 3456 1785 3509 in
1838 3456 2018 3525 aliqua
2077 3457 2344 3511 duntaxat
2400 3458 2521 3527 ejus
2571 3468 2724 3528 parte
2767 3460 3064 3516 collocatus
3111 3470 3275 3517 esset.
3323 3461 3460 3515 Nam
3511 3461 3557 3517 si
3612 3462 3667 3516 iu

393 3564 550 3631 parte
584 3554 766 3609 solum
804 3550 978 3606 fuisse
1012 3550 1230 3612 volent,
1262 3551 1464 3604 mirum
1500 3565 1664 3619 quam
1701 3551 2073 3621 angustiorem
2140 3551 2215 3605 illi
2250 3552 2409 3607 nobis
2437 3553 2665 3607 materia
2693 3552 2864 3607 Deum
2924 3554 3152 3619 faciunt,
3204 3571 3332 3610 cum
3386 3571 3514 3625 pars
3543 3556 3667 3624 ejus

395 3648 579 3717 aliqua
613 3646 785 3700 Deum
822 3645 1093 3714 integrum
1117 3644 1443 3701 contineret.
1482 3646 1577 3699 Sin
1612 3655 1779 3700 totam
1812 3648 1883 3702 ab
1942 3662 2009 3702 eo
2048 3649 2333 3703 materiam
2370 3659 2691 3719 occupatam
2727 3665 2850 3705 esse
2918 3650 3120 3714 dicent,
3150 3648 3337 3701 dicant
3371 3646 3475 3716 ipsi
3520 3662 3663 3716 quo-

395 3755 535 3810 que,
572 3738 1037 3810 quemadmodum
1087 3751 1207 3792 eam
1256 3738 1542 3792 elaborare
1583 3735 1727 3793 Deus
1784 3752 1849 3792 ac
1882 3739 2154 3808 perpolire
2208 3740 2467 3808 potuerit.
2532 3737 2813 3809 Siquidem
2883 3748 2977 3795 aut
3010 3754 3134 3794 sese
3183 3739 3351 3791 Deum
3380 3736 3670 3805 collegisse

393 3843 621 3885 necesse
654 3828 797 3891 erit,
840 3825 1025 3895 itaque
1059 3836 1269 3895 partem
1305 3840 1426 3880 eam
1462 3823 1873 3892 conformasse,
1940 3842 2007 3881 ex
2070 3844 2177 3897 qua
2217 3840 2517 3884 secesserat
2546 3871 2560 3897 ,
2614 3838 2709 3884 aut
2741 3831 2887 3901 quod
2929 3829 3034 3884 loci
3075 3828 3131 3882 in
3164 3842 3329 3899 quem
3363 3828 3664 3894 secederet,

392 3914 529 3969 nihil
583 3913 809 3969 omnino
846 3920 1191 3981 superesset,
1243 3928 1367 3965 cum
1405 3912 1633 3965 materia
1669 3926 1727 3966 se
1789 3913 1969 3981 ipsum
2008 3931 2115 3970 una
2151 3917 2547 3972 conformasse.

465 4008 532 4060 ll.
579 4006 644 4058 Ei
684 4004 741 4057 δέ
775 4006 872 4077 τὴν
928 4005 1060 4075 ὓλην
1109 4007 1166 4059 ἐν
1200 4004 1275 4077 τῷ
1323 4005 1441 4077 Θεῷ
1490 4002 1627 4059 εἷναί
1684 4023 1769 4069 τις
1804 4005 1987 4072 λέξοι,

390 4098 593 4170 ὁμοίως
626 4097 900 4161 ἐξετάζειν
932 4096 1031 4161 δεῖ,
1058 4097 1287 4166 πότερον
1320 4095 1395 4159 ὡς
1427 4096 1771 4166 διῖσταμένου
1816 4098 1983 4152 αὑτοῦ

389 4193 486 4261 ἀφ’
520 4191 736 4255 ἑαυτοῦ,
775 4191 869 4244 καὶ
900 4189 1090 4266 ῶσπερ
1125 4195 1183 4245 ἐν
1204 4192 1326 4262 ἀέρι
1362 4190 1517 4255 ζώων
1552 4191 1787 4264 ὑπάρχει
1825 4196 1981 4266 γένη,

389 4284 769 4355 διαιρουμένου
792 4284 887 4336 καὶ
910 4282 1269 4355 μεριζομένου
1293 4282 1457 4335 αὑτοῦ
1483 4285 1563 4348 εἰς
1589 4284 1855 4357 ὑποδοχὴν
1874 4285 1982 4338 τῶν

389 4376 691 4446 γινομένων
731 4374 880 4445 αὑτῷ
914 4374 1047 4446 (15),
1084 4375 1116 4445 ἢ
1165 4374 1240 4437 ὡς
1272 4374 1330 4427 ἐν
1364 4374 1532 4445 τόπῳ,
1564 4374 1839 4428 τουτέστιν
1871 4374 1978 4427 ῶσ-

391 4485 498 4536 περ
531 4471 588 4521 ἐν
621 4469 691 4537 γῇ
728 4467 893 4538 ὕδωρ.
932 4468 995 4519 El
1033 4467 1130 4538 μὲν
1163 4466 1272 4541 γὰρ
1306 4466 1556 4537 εἴποιμεν
1611 4466 1687 4529 ὡς
1721 4468 1779 4519 ἐν
1817 4467 1973 4537 ἀέρι,

392 4557 658 4629 μεριστὸν
711 4556 923 4627 ἀνάγκη
959 4556 1049 4609 τὸν
1082 4556 1215 4609 Θεὸν
1250 4558 1443 4608 εἰπεῖν.
1494 4557 1557 4609 Ei
1603 4556 1651 4609 δ’
1682 4555 1871 4628 ὥσπερ
1918 4557 1977 4610 ἐν

2151 4009 2217 4065 ΙΙ.
2266 4010 2385 4065 Jam
2418 4028 2547 4066 vero
2569 4054 2583 4077 ,
2618 4012 2665 4066 si
2702 4012 2988 4066 materiam
3033 4012 3089 4066 in
3125 4011 3236 4068 Deo
3279 4027 3404 4067 esse
3436 4027 3667 4083 respon-

2080 4101 2265 4169 deant,
2295 4103 2647 4174 quaarendutn
2694 4103 2951 4157 similiter
2981 4101 3167 4169 fuerit,
3193 4111 3378 4157 utrum
3406 4104 3485 4158 sic
3515 4104 3570 4157 iu
3596 4119 3665 4158 eo

2080 4201 2374 4258 statuatur,
2404 4201 2519 4247 uta
2558 4207 2617 4247 se
2647 4192 2766 4262 ipso
2798 4192 2959 4262 quasi
2988 4192 3300 4261 disjunctus
3332 4190 3424 4245 ille
3458 4191 3663 4245 distra-

2079 4292 2310 4354 ctusque
2335 4285 2426 4349 sit,
2460 4284 2738 4354 quomodo
2768 4285 2849 4339 sic
2890 4283 2944 4337 in
2989 4298 3117 4338 aere
3173 4292 3255 4337 tot
3298 4282 3663 4337 animantiqu

2082 4391 2282 4446 genera
2309 4385 2623 4440 versantur,
2655 4384 2713 4429 ut
2740 4375 2885 4430 idem
2934 4375 3001 4430 ad
3038 4390 3099 4429 ea
3140 4374 3406 4444 capienda
3450 4388 3574 4443 quae
3605 4374 3661 4427 in

2082 4469 2204 4538 ipso
2240 4468 2398 4532 fiunt,
2423 4469 2663 4538 aliquam
2689 4469 2929 4538 partium
2958 4483 3183 4522 suarum
3211 4467 3537 4522 divisionem
3566 4482 3663 4537 pa-

2081 4562 2286 4615 tiatur:
2320 4574 2388 4613 an
2419 4560 2600 4630 potius
2626 4601 2641 4626 ,
2689 4569 2951 4630 tanquam
2994 4561 3049 4613 in
3090 4559 3250 4625 loco,
3289 4560 3392 4613 hoc
3437 4565 3558 4626 est,
3599 4566 3666 4613 ut

388 4649 459 4719 γῇ
494 4646 554 4699 τὸ
584 4646 762 4718 ὕδωρ,
809 4642 878 4717 ἦν
922 4646 979 4700 δὲ
1018 4647 1253 4711 ἄτακτος
1286 4647 1320 4719 ἡ
1365 4646 1464 4717 ὕλη
1490 4646 1581 4700 καὶ
1633 4647 1971 4719 ἀκόσμητος,

2084 4663 2226 4719 aqua
2269 4649 2547 4716 interra,
2598 4650 2924 4704 collocatur.
2979 4648 3038 4703 Si
3088 4650 3551 4719 quemadmodum
3602 4649 3660 4705 in

388 4738 528 4811 πρὸς
556 4738 620 4808 δὴ
658 4736 868 4800 τούτοις
912 4735 1111 4808 ἔχουσα
1160 4738 1253 4791 καὶ
1287 4737 1469 4802 κακά,
1509 4737 1600 4791 τὸν
1632 4737 1764 4791 Θεὸν
1799 4738 1976 4807 λέγειν

386 4831 601 4901 ἀνάγκη
630 4829 792 4882 τόπον
827 4824 965 4881 εἶναι
998 4829 1105 4882 τῶν
1132 4831 1462 4900 ἀκοσμήτων
1493 4830 1588 4884 καὶ
1619 4829 1725 4882 τῶν
1765 4829 1972 4884 κακῶν.

390 4919 569 4991 Ὅπερ
614 4920 715 4972 οὑκ
748 4918 992 4990 εὔφημον
1025 4916 1162 4973 εἷναί
1212 4939 1301 4991 μοι
1346 4921 1523 4986 δοκεῖ,
1572 4922 1871 4992 ἐπισφαλὲς
1917 4921 1977 4974 δὲ

390 5011 611 5085 μᾶλλον.
647 5013 819 5083 ’Υλην
849 5012 957 5084 γὰρ
1008 5009 1147 5066 εἷναι
1193 5013 1368 5077 Θέλεις
1412 5014 1556 5086 (l6),
1608 5014 1696 5069 ἵνα
1747 5016 1820 5087 μὴ
1866 5014 1976 5069 τῶν

388 5103 575 5158 κακῶν
609 5106 841 5175 ποιητὴν
874 5104 1035 5175 εἴπῃς
1079 5104 1169 5158 τὸν
1211 5105 1371 5159 Θεόν’
1406 5107 1503 5161 καὶ
1548 5108 1707 5161 τοῦτο
1751 5108 1976 5177 φεύγειν

386 5196 836 5268 προαιρούμενος,
862 5196 1065 5266 δοχεῖον
1085 5196 1248 5250 αὑτὸν
1270 5197 1377 5251 τῶν
1398 5199 1584 5253 κακῶν
1613 5195 1754 5253 εἶναι
1774 5200 1971 5268 λέγεις.

385 5289 451 5342 Εἰ
488 5289 585 5358 μὲν
629 5284 723 5341 οὖν
754 5288 853 5359 τὴν
901 5286 1033 5357 ὕλην
1067 5289 1131 5341 ἐκ
1186 5288 1295 5355 τῶν
1338 5290 1685 5344 ὑποστάντων
1728 5291 1975 5362 γενητῶν

384 5380 629 5434 ὑπονοεῖν
661 5380 921 5451 ἀγένητον
956 5380 1223 5450 ὑπάρχειν
1267 5380 1472 5449 ἔλεγες,
1524 5381 1689 5434 πολὺν
1746 5382 1811 5436 ἂν
1844 5382 1973 5454 περὶ

383 5472 555 5543 αὐτῆς
594 5473 943 5544 ἐποιησάμην
980 5472 1156 5542 λόγον,
1194 5474 1273 5537 εἰς
1293 5472 1566 5538 ἀπόδειξιν
1597 5474 1689 5526 τοῦ
1724 5474 1806 5526 ὅτι
1846 5474 1973 5528 ἁδύ-

382 5582 543 5620 νατον
579 5566 847 5638 ὑπάρχειν
880 5568 1071 5639 αὑτήν.
1108 5567 1260 5621 Ἐπεὶ
1297 5567 1355 5620 δὲ
1387 5566 1485 5638 τὴν
1517 5566 1625 5620 τῶν
1659 5567 1845 5621 κακῶν
1878 5567 1971 5636 γέ-

456 5726 572 5799 (1'9)
610 5726 980 5799 Χςι›,ι>ητικόις.Δ
1002 5723 1466 5799 Μέιιὶιη-χωρητόν
1494 5740 1617 5799 cum
1650 5725 1824 5799 altero
1858 5738 1963 5799 ms.

456 5794 571 5864 (Μ)
605 5794 803 5863 Λέγει·
832 5798 881 5847 εὶ
915 5794 999 5846 δέ.
1044 5795 1174 5849 Post
1203 5794 1384 5864 λέγει,
1437 5796 1619 5849 minor
1662 5795 1964 5851 adhibenda

386 5866 684 5935 distinctio,
710 5872 766 5917 et
786 5864 842 5917 δέ
873 5866 1194 5935 mutandum
1226 5868 1277 5919 iu
1312 5867 1375 5934 γέ
1404 5866 1486 5919 vel
1514 5865 1599 5935 δή.

456 5937 568 6007 (15)
607 5934 808 6004 Γινομ.
842 5934 1021 6000 αὐτῷ.
1053 5935 1179 6008 ch.
1212 5954 1393 6008 γινομ.
1423 5939 1482 5991 ἐν
1508 5934 1675 6009 αὐτῷ,

2080 4757 2240 4809 aere,
2280 4740 2451 4796 Deum
2492 4742 2605 4810 jam
2636 4742 2926 4805 habemus,
2959 4742 3052 4811 qui
3098 4742 3154 4795 in
3201 4750 3387 4812 partes
3428 4743 3659 4798 distrahi

2078 4836 2366 4906 secarique
2391 4837 2588 4906 possit.
2619 4832 2717 4887 Sin
2754 4842 2813 4888 ut
2843 4849 2987 4904 aqua
3017 4835 3071 4887 in
3101 4844 3243 4888 terra
3270 4844 3390 4901 est,
3428 4834 3659 4889 materia

2074 4943 2205 4984 vero
2235 4928 2558 4999 perturbata
2584 4935 2748 4997 atque
2780 4927 3047 4997 indigesta
3074 4935 3211 4990 erat,
3244 4927 3487 4995 adeoque
3514 4926 3658 4979 mala

2074 5020 2284 5090 gremio
2315 5033 2416 5074 suo
2440 5018 2796 5084 continebat;
2825 5026 3076 5088 superest
3109 5017 3355 5083 omnino,
3388 5026 3449 5070 ut
3475 5017 3655 5086 ipsum

2072 5126 2291 5181 quoque
2318 5110 2511 5175 Deum,
2537 5121 2591 5165 et
2616 5127 2801 5165 rerum
2830 5110 3278 5181 imperfectarum
3306 5119 3363 5165 et
3385 5110 3654 5165 malorutn

2073 5204 2257 5258 sedem
2289 5218 2354 5257 ac
2395 5203 2576 5257 locum
2615 5216 2739 5258 esse
2775 5203 3044 5257 dicamus.
3079 5200 3233 5267 Quod
3265 5200 3399 5255 mibi
3431 5200 3654 5270 quidem

2073 5309 2200 5350 cum
2234 5295 2417 5349 minus
2450 5293 2705 5359 religiose
2736 5293 2877 5361 dici,
2903 5303 3018 5348 tum
3054 5294 3154 5347 abs
3199 5301 3250 5347 te
3292 5291 3656 5361 periculosius

2073 5383 2395 5455 responderi
2436 5385 2731 5439 videretur.
2790 5383 3001 5454 Quippe
3031 5384 3315 5438 materiam
3351 5383 3495 5437 enim
3529 5397 3654 5438 esse

2070 5479 2177 5544 vis,
2231 5494 2300 5532 ne
2339 5478 2610 5532 malorum
2666 5486 2947 5531 auctorem
2995 5474 3164 5529 Deum
3214 5490 3337 5530 esse
3392 5474 3649 5540 fatearis;

2070 5571 2215 5626 idem
2246 5579 2450 5637 tamen,
2479 5578 2539 5623 ut
2575 5568 2679 5623 hoc
2715 5568 2897 5639 ipsum
2928 5567 3192 5638 eﬁugias,
3228 5567 3494 5621 malorum
3524 5581 3652 5621 eum

2141 5727 2256 5799 (176)
2289 5728 2483 5795 ’Ὕλην
2506 5726 2617 5797 γὰρ
2648 5723 2800 5781 εἶναι
2825 5726 3036 5793 θέλεις.
3065 5727 3458 5796 Disputationis
3484 5727 3651 5797 hujus

2068 5798 2241 5853 cardo
2267 5799 2527 5873 postulat,
2563 5807 2623 5852 ut
2644 5799 2951 5873 ἀγέννητον-
2973 5800 3273 5873 inseratur;
3302 5815 3532 5873 canaque
3553 5815 3649 5853 vo-

2070 5884 2189 5925 cem
2225 5869 2473 5938 proximc
2497 5870 2890 5939 consequentia
2920 5869 3255 5925 desiderant.
