4148 6410
3078 348 3115 385 ὡ

520 434 659 493 1583
1531 433 1779 491 MAXIM!
1818 433 2462 495 HIEROSOLYMORUM
2502 434 2809 495 EPISCOPI
3650 432 3789 490 l3“

518 566 918 627 receptaculum
941 572 1240 629 agnoscere
1262 559 1493 630 cogeris.
1511 559 1579 616 Et
1598 576 1732 617 sane
1755 561 1802 617 si
1822 576 1890 618 ex
1913 577 2097 621 rerum

2199 578 2344 615 νεσιν
2363 600 2379 625 ,
2430 560 2613 615 αίτίαν
2651 559 2862 631 ἔφησθα
2891 553 3031 613 εῐναι
3071 558 3171 629 τῆς
3216 558 3474 631 τοιαύτης
3511 557 3787 623 ὑπονοίας,

519 646 829 718 genitarum
870 656 996 703 ortu
1044 656 1209 718 atque
1242 658 1443 705 natura
1490 650 1547 706 in
1599 666 1721 707 eam
1754 660 1807 709 te
1858 660 2098 713 mentem

2199 653 2285 709 διὰ
2327 653 2472 709 τοῦτ’
2508 654 2604 707 ἐπὶ
2645 652 2742 723 τὴν
2776 650 3026 718 ἐξέτασιν
3057 650 3262 705 τούτων
3292 650 3507 723 ἔχεσθαί
3542 650 3656 722 (Π)
3697 666 3791 720 μοι

519 736 813 791 adductum
860 751 983 792 esse
1011 736 1260 802 diceres,
1294 747 1356 794 ut
1391 749 1516 795 ortu
1569 755 1762 796 carere
1810 742 2099 801 materiam

2199 742 2361 798 δοκῶ.
2373 742 2614 815 Φανεροῦ
2629 743 2740 815 γὰρ
2753 743 3046 813 γενομένου
3067 742 3161 796 τοῦ
3179 742 3360 811 λόγου,
3379 744 3499 798 καθ’
3514 743 3573 797 δν
3588 743 3793 815 τρόπον

518 835 777 896 putares;
806 828 883 882 ita
913 842 1028 883 rem
1056 828 1258 884 habere
1297 844 1407 885 non
1438 845 1633 900 posse,
1659 832 1911 903 pluribus
1938 834 2099 904 equi-

2206 835 2329 893 ἐστὶ
2381 834 2453 891 τὰ
2506 834 2690 899 κακὰ,
2742 834 2835 889 καὶ
2880 835 2964 889 ὃτι
3014 835 3113 905 οὐχ
3162 830 3339 889 οἷόντε
3373 834 3525 889 ἐστὶν
3545 834 3794 889 ἀναίτιον

517 917 641 971 dem
673 917 980 973 rationibus
1020 919 1387 975 ostenderem.
1424 919 1582 976 Nunc
1621 922 1883 991 quoniam
1920 922 2099 978 malo-

2202 926 2314 980 τῶν
2346 926 2532 980 κακῶν
2553 926 2728 983 εἰπεῖν
2757 924 2848 979 τὸν
2870 924 3023 989 Θεὸν,
3043 927 3111 980 ἐκ
3136 924 3230 980 τοῦ
3266 926 3397 996 ὕλην
3416 926 3580 981 αὑτὸν
3608 926 3794 983 ὑποτι-

518 1022 643 1061 rum
677 1009 1118 1078 procreationem
1151 1011 1296 1067 hanc
1326 1010 1423 1067 tibi
1453 1014 1829 1083 suspicionem
1860 1014 2099 1073 movisse

2206 1016 2379 1081 θέναι,
2401 1018 2502 1089 τὴν
2527 1016 2783 1090 τοιαύτην
2807 1018 3066 1073 ὑπόνοιαν
3096 1018 3437 1090 ἀναιρεῖσθαί
3469 1035 3562 1089 μοι
3592 1018 3764 1074 δοκεῖ.

518 1100 635 1168 ais,
667 1102 1006 1173 singularem
1058 1114 1346 1176 propterea
1385 1107 1455 1165 de
1505 1108 1616 1165 illis
1662 1109 2097 1180 disputationem
2120 1111 2513 1171 instituendam
2534 1114 2743 1183 putavi.
2772 1112 2910 1170 Nam
2943 1114 3037 1171 ubi
3066 1113 3236 1171 semel
3278 1113 3617 1171 intellectum
3658 1113 3789 1179 erit.

516 1198 980 1265 quemadmodum
1009 1200 1278 1255 exsistant
1315 1201 1495 1267 mala,
1530 1218 1599 1260 ac
1635 1204 1805 1261 simul
1833 1204 1929 1276 qui
1958 1204 2128 1263 Deum
2159 1206 2389 1263 materia
2419 1222 2579 1263 usum
2602 1221 2725 1265 esse
2755 1207 2937 1273 dicat,
2962 1207 3014 1264 ei
3042 1222 3266 1278 quoque
3302 1205 3473 1262 Deum
3514 1207 3789 1264 malorum

517 1296 800 1344 auctorem
854 1291 1163 1347 habendum
1220 1308 1345 1350 esse
1374 1296 1703 1364 constiterit,
1728 1307 1846 1355 tum
1879 1313 1989 1355 una
2027 1298 2401 1370 suspicionem
2444 1301 2607 1357 istam
2642 1299 2892 1360 funditus
2921 1301 3199 1358 sublatum
3222 1300 3301 1359 iri
3325 1299 3603 1356 existimo.

590 1378 678 1435 Ill.
715 1382 797 1437 Tu
819 1399 950 1455 ergo
976 1386 1263 1441 materiam
1290 1387 1361 1442 ab
1381 1389 1533 1443 omni
1560 1390 1825 1460 qualitate
1849 1406 2099 1457 vacuam,

2276 1392 2372 1446 lli.
2405 1393 2516 1465 θὴς
2547 1393 2726 1449 τοίνυν
2757 1393 2947 1449 ἄποιον
2981 1392 3112 1466 ὓλην
3142 1394 3507 1465 συνυπάρχειν
3536 1393 3614 1465 τῷ
3645 1392 3789 1464 Θεῷ,

517 1485 586 1526 ex
636 1489 745 1543 qua
799 1474 946 1531 Deus
982 1477 1248 1533 mundum
1298 1479 1448 1536 hunc
1488 1484 1828 1552 procrearit,
1861 1497 1990 1538 cum
2036 1497 2099 1539 ea

2204 1483 2266 1547 ἐξ
2309 1479 2377 1555 ἧς
2431 1485 2592 1555 τήνδε
2646 1484 2741 1539 τοῦ
2797 1485 3005 1556 κόσμου
3051 1486 3269 1555 γένεσιν
3331 1484 3730 1557 ἐδημιούργησε
3746 1503 3791 1540 θ.

519 1564 689 1620 simul
741 1581 863 1621 esse
910 1569 1221 1625 contendis.
1273 1569 1352 1625 Ita
1409 1571 1544 1626 mihi
1594 1572 1819 1643 quidem
1866 1573 2099 1631 videtur.

2206 1573 2366 1628 υὺτω
2396 1592 2485 1645 μοι
2518 1574 2684 1629 δοκεῖ.
2718 1574 2928 1630 Οὐκοῦν
2960 1576 3011 1629 εί
3041 1576 3233 1640 ἄποιος
3266 1576 3563 1646 ἐτύγχανεν
3593 1578 3627 1647 ἡ
3664 1575 3790 1648 ὐλη,

520 1654 666 1726 Ergo
697 1658 743 1713 si
790 1658 859 1713 ab
889 1660 1038 1714 omni
1086 1662 1352 1730 qualitate
1393 1679 1569 1721 vacua
1613 1666 1845 1720 materia
1880 1664 2024 1730 fuit,
2052 1673 2099 1721 el

2204 1664 2397 1733 γέγονε
2439 1665 2497 1719 δέ
2529 1665 2733 1736 κόσμος
2773 1666 2912 1737 πρὸς
2950 1664 3046 1720 τοῦ
3079 1664 3249 1729 Θεοῦ,
3284 1667 3344 1721 ἐν
3387 1665 3447 1719 δὲ
3475 1664 3554 1736 τῷ
3597 1666 3795 1737 κόσμῳ

520 1760 845 1818 procreatus
894 1766 925 1805 a
974 1752 1086 1809 Deo
1122 1754 1363 1809 mundus
1408 1765 1533 1820 est.
1587 1764 1644 1811 et
1702 1755 1991 1826 qualitates
2045 1755 2099 1811 in

2202 1753 2261 1807 αἱ
2293 1752 2595 1822 ποιότητες,
2621 1753 2728 1806 τῶν
2760 1754 3063 1825 ποιοτήτων
3095 1754 3324 1825 ποιητὴς
3357 1753 3469 1825 (l8)
3508 1755 3730 1824 γέγονεν
3762 1757 3795 1812 δ

522 1840 731 1895 mundo
762 1851 913 1906 sunt,
965 1842 1197 1899 istarum
1242 1844 1493 1914 profecto
1539 1846 1866 1916 qualitatum
1913 1857 2099 1905 auctor

2205 1841 2357 1904 Θεός.
2393 1841 2578 1906 Οὕτως
2610 1842 2743 1913 ἔχει.
2789 1843 2943 1897 Ἐπεὶ
2972 1844 3030 1897 δέ
3057 1843 3150 1896 σοῦ
3188 1844 3279 1898 καὶ
3311 1844 3557 1914 λέγοντος
3579 1845 3795 1917 ἐμπρο-

523 1929 666 1986 Deus
698 1940 802 1987 est.
837 1930 1058 2004 Utique.
1093 1933 1370 2001 Quoniam
1398 1936 1564 2007 igitur
1611 1952 1679 1992 ex
1711 1946 1763 1993 te
1799 1939 1919 2008 ipso
1941 1940 2105 2008 paulo

519 2030 648 2078 ante
674 2023 989 2093 audiebam,
1020 2041 1090 2080 ex
1129 2026 1302 2083 nihilo
1326 2027 1444 2081 lieri
1476 2029 1610 2082 nihil
1646 2030 1874 2091 omnino
1902 2045 2099 2100 posse:

521 2113 628 2168 hoc
656 2122 712 2167 tu
740 2114 876 2168 mihi
907 2116 1242 2185 respondeas
1272 2117 1456 2171 velim.
1494 2116 1809 2185 Existimas,
1835 2118 1889 2172 ni
1916 2117 2101 2187 fallor,

520 2204 715 2259 mundi
774 2205 1071 2274 qualitates
1115 2221 1294 2275 neque
1334 2207 1599 2277 subjectis
1628 2225 1695 2263 ex
1743 2210 2104 2281 qualitatibus

519 2292 695 2351 factas
716 2311 861 2360 esse,
885 2304 940 2351 et
972 2306 1153 2351 tamen
1184 2314 1215 2351 a
1242 2299 1457 2353 naturis
1478 2314 1603 2356 esse
1634 2298 1946 2357 distinctas.
1973 2299 2105 2355 Om-

519 2386 671 2441 nino.
712 2386 769 2441 Si
803 2402 937 2459 ergo
970 2388 1267 2458 qualitates
1298 2405 1332 2445 a
1362 2387 1491 2457 Deo,
1523 2406 1703 2462 neque
1739 2392 2004 2463 subjectis
2035 2409 2103 2455 ex

517 2479 901 2548 qualitatibus,
926 2496 1101 2550 neque
1127 2481 1295 2536 etiam
1318 2497 1385 2537 ex
1416 2484 1630 2539 naturis
1665 2486 1944 2554 productae
1970 2487 2102 2553 sint.

516 2571 666 2639 quod
703 2580 913 2626 naturae
940 2587 1049 2626 non
1080 2572 1223 2637 sint,
1251 2588 1346 2629 eas
1377 2590 1442 2629 ex
1482 2574 1657 2630 nihilo
1694 2585 1842 2632 certe
1876 2578 2100 2647 quidem

516 2664 814 2736 productas
834 2680 959 2721 esse
985 2682 1212 2723 necesse
1236 2677 1341 2723 est.
1388 2666 1591 2735 Quare,
1624 2668 1851 2738 frustra,
1882 2671 2100 2741 opinor,

525 2754 639 2810 tuis
675 2754 727 2809 id
759 2756 1102 2826 argumentis
1136 2755 1395 2812 ellectum
1429 2774 1553 2814 esse
1585 2759 1829 2827 dicebas,
1864 2762 2003 2817 nihil
2044 2771 2105 2820 ut

515 2846 745 2901 omnino
775 2846 914 2903 Deus
943 2863 1007 2903 ex
1044 2849 1220 2903 nihilo
1241 2848 1455 2905 elIicere
1485 2852 1732 2920 potuisse
1757 2854 2099 2911 crederetur.

516 2939 846 3008 Quanquam
894 2940 1044 2995 hunc
1083 2940 1249 2995 etiam
1283 2942 1337 2994 in
1379 2942 1602 2997 modum
1634 2945 1739 2999 hac
1772 2944 1889 3015 ipsa
1928 2946 1997 3001 de
2043 2962 2103 3006 re

516 3031 801 3100 disputare
847 3030 1003 3098 licet;
1041 3032 1111 3087 ab
1139 3032 1458 3088 hominibus
1504 3034 1778 3090 interdum
1828 3037 2097 3103 videmus,

517 3138 584 3177 ex
614 3137 680 3178 eo
703 3123 851 3192 quod
883 3139 1156 3194 nusquam
1192 3132 1296 3190 est,
1330 3126 1593 3181 nonnulla
1632 3127 1771 3195 ﬁeri,
1813 3137 1873 3185 ut
1903 3127 1957 3182 in
1988 3130 2097 3184 alio

517 3214 780 3285 qquiam
820 3225 1136 3284 susceptum
1177 3231 1319 3287 Opus
1355 3216 1570 3273 efficere
1603 3217 1841 3275 maxime
1876 3221 2101 3276 videan-

518 3313 627 3358 tur.
657 3301 818 3371 Nam,
846 3314 906 3360 ut
937 3305 991 3359 in
1036 3306 1355 3363 architectis
1384 3309 1699 3378 exemplum
1752 3319 2060 3367 statuamus
2080 3352 2099 3380 ,

518 3394 684 3448 urbes
714 3394 791 3449 illi
827 3394 1083 3465 quidem,
1124 3412 1233 3451 non
1280 3405 1464 3453 tamen
1501 3414 1570 3457 ex
1606 3400 1864 3468 urbibus,
1900 3402 2102 3473 templa

514 3502 733 3557 quoque
784 3502 892 3542 non
944 3502 1010 3542 ex
1055 3488 1271 3558 templis
1326 3489 1621 3547 aediﬁcant.
1678 3488 1735 3546 Si
1759 3492 1907 3557 enim
1948 3496 2099 3564 quod

515 3579 840 3634 substantiae
873 3580 1125 3649 quaedam
1159 3581 1228 3635 iis
1259 3581 1522 3651 subjecta:
1560 3583 1694 3650 sint,
1732 3583 1859 3641 illos
1890 3583 2100 3643 idcirco

512 3687 580 3725 ex
611 3671 681 3727 iis
705 3686 827 3741 quae
854 3681 982 3726 ante
1027 3672 1142 3743 jam
1170 3682 1395 3741 essent,
1428 3672 1533 3729 ista
1574 3674 1757 3729 moliri
1789 3674 2098 3744 existimes,

516 3772 671 3818 tuum
717 3774 769 3818 te
811 3762 951 3819 fallit
1004 3774 1409 3835 argumentum.
1472 3762 1586 3820 Nec
1629 3764 1775 3820 enim
1826 3765 2100 3837 ejusmodi

514 3856 822 3912 substantia
870 3855 953 3910 vel
995 3856 1187 3910 urbem
1233 3856 1318 3911 vel
1362 3858 1627 3926 templum
1672 3856 1855 3923 edicit,
1910 3857 2004 3916 sed
2032 3873 2099 3915 ea

513 3955 727 4007 tantum
760 3960 853 4001 ars
898 3959 1023 4015 quae
1048 3944 1197 4001 circa
1255 3944 1622 4000 substantiam
1674 3954 1948 4000 versatur.
1993 3945 2099 4003 Ars

514 4038 617 4095 ista
647 4050 833 4107 porro,
864 4051 974 4091 non
1008 4035 1124 4107 jam
1160 4051 1228 4094 ex
1258 4034 1425 4090 simili
1451 4035 1692 4105 quodam
1722 4036 1859 4091 artis
1898 4051 2099 4108 genere

513 4127 661 4197 quod
709 4127 778 4183 iis
818 4125 1144 4184 substantiis
1200 4125 1547 4192 includatur,
1592 4126 1850 4193 exsistit,
1892 4127 1987 4183 sed
2030 4143 2098 4184 ex

515 4217 666 4272 nulla
701 4232 934 4287 prorsus
972 4225 1291 4285 antegressa
1322 4216 1376 4269 in
1402 4215 1511 4271 illis
1539 4224 1657 4271 arte
1693 4217 1995 4288 perﬁcitur.
2029 4217 2100 4276 At

512 4310 661 4363 enim
694 4323 975 4371 occurres,
1000 4306 1265 4362 artiﬁcem
1289 4322 1356 4362 ex
1378 4322 1440 4362 ea
1462 4307 1680 4363 demum
1704 4323 1811 4378 qua
1836 4310 2097 4381 praeditus

512 4412 636 4457 arte
684 4411 810 4469 est,
842 4410 1016 4457 artem
1061 4401 1117 4456 in
1172 4402 1495 4456 substantiae
1541 4403 1816 4473 geminam
1860 4406 2092 4464 edicere.

513 4490 679 4560 Atqui
724 4506 791 4545 ne
840 4491 895 4545 in
947 4490 1067 4560 ipso
1096 4490 1317 4560 quidem
1380 4491 1635 4560 homine,
1665 4509 1732 4549 ex
1778 4504 2093 4566 antegressa
2128 4520 2171 4575 υ

509 4582 751 4653 quadam
798 4591 917 4639 arte
962 4598 1053 4638 ars
1083 4582 1177 4637 illa
1221 4582 1522 4652 perﬁcitur.
1553 4582 1665 4640 Nec
1704 4586 1852 4641 enim
1903 4586 1985 4642 fas
2014 4596 2097 4643 est

510 4683 688 4731 artem
727 4689 851 4743 qua:
883 4688 981 4744 per
1026 4689 1086 4730 se
1118 4675 1237 4744 ipsa
1287 4675 1379 4743 sit,
1415 4674 1589 4731 ullam
1640 4685 1919 4740 statuere.
1968 4694 2094 4735 cum

510 4766 878 4823 accidentium
913 4767 1159 4837 adeoque
1195 4784 1378 4823 rerum
1407 4768 1625 4823 illarum
1657 4785 1723 4824 ex
1761 4786 1959 4839 genere
2000 4771 2093 4841 sit,

508 4874 633 4930 quae
662 4869 775 4913 tum
803 4859 1039 4930 primum
1071 4859 1299 4915 alterius
1341 4859 1608 4915 beneﬁcio
1640 4874 1762 4915 esse
1804 4860 2092 4931 incipiunt,

507 4965 637 5007 eum
672 4951 726 5004 in
760 4950 1070 5008 substantia
1102 4951 1501 5022 producuntur.
1540 4949 1779 5016 Etenim,
1819 4959 1879 5006 ut
1912 4953 2096 5007 archi-

581 5110 701 5181 (l7)
733 5111 1032 5181 Ἐχεσθᾳι.
1067 5107 1464 5181 Corrigendum
1495 5123 1561 5162 ex
1592 5107 1765 5181 altero
1798 5123 1905 5163 ms.
1933 5108 2093 5181 ἔρχε-

512 5178 659 5240 σθαι.
674 5178 838 5249 quam
854 5179 1141 5233 lectionem
1155 5178 1319 5235 etiam
1336 5178 1702 5249 Montacutius
1718 5178 2091 5249 repraesentat.

582 5247 705 5319 (18)
743 5250 1127 5316 Ποιότητες...
1202 5247 1473 5319 ποιητής.
1525 5247 1621 5319 Sic
1664 5248 1769 5318 leg.
1806 5248 2095 5319 interpuno

509 5317 856 5391 gelidumque
879 5320 1135 5391 monebat
1163 5320 1370 5391 innota
1398 5317 1738 5391 Gallandius.
1760 5319 1871 5391 imo
1902 5317 2095 5391 postu-

512 5388 657 5447 labat
703 5388 972 5461 sermonis
1010 5390 1325 5453 ἀκολουθία,
1368 5392 1609 5461 stylique
1639 5388 1955 5461 Maximiani
2001 5405 2093 5461 se-

510 5477 636 5515 cntn
677 5460 975 5517 consensio
994 5501 1008 5525 ,
1038 5461 1321 5530 siquidem
1349 5459 1451 5530 ,gn‘.
1490 5459 1578 5530 ἰν,
1598 5460 1800 5530 legitur
1830 5477 1844 5516 :
1873 5459 1986 5513 τῶν
2035 5459 2095 5514 δέ

511 5531 814 5599 ποιοτήτων
866 5528 1095 5600 ποιητὴν
1120 5527 1131 5530 -
1150 5527 1311 5594 εἴπας
1344 5529 1484 5585 εἶναι
1536 5529 1626 5583 τὸν
1659 5527 1826 5583 Θεὸν.
1872 5529 2092 5584 Editum

510 5600 689 5672 fuerat
716 5619 729 5654 :
765 5602 1049 5672 ποιότητες
1079 5598 1193 5655 τῶν
1209 5603 1512 5672 ποιοτήτων
1528 5600 1773 5672 ποιότης.
1793 5599 1891 5656 En.
1915 5599 2090 5672 PAfrn.

582 5671 696 5740 (l9)
729 5669 1204 5739 Συλλελόγισται
1227 5670 1309 5737 ὡς
1331 5669 1445 5726 οὐκ
1474 5669 1649 5725 ἁδὺν.
1680 5669 1952 5740 Corrupta
1988 5670 2091 5725 ista

512 5749 677 5803 sunt,
722 5756 825 5796 nec
866 5741 1085 5795 saniora
1133 5742 1223 5795 illa
1272 5757 1377 5796 ms.
1425 5740 1831 5807 συλλελόγισται
1869 5741 1947 5804 ὡς
1992 5740 2093 5797 οὐκ

509 5809 771 5881 ἀδύνατον
795 5810 853 5881 ἐξ
870 5812 970 5863 οὐκ
982 5810 1166 5881 όντων
1196 5811 1527 5881 δημιουργὸν
1549 5808 1639 5864 τὸν
1660 5808 1811 5876 Θεὸν,
1832 5810 2090 5865 ἀδύνατον

518 5874 654 5933 εἶναι
687 5878 948 5946 δοξάζειν.
982 5878 1165 5936 Facile
1196 5874 1694 5938 tamen'e'mendari
1740 5874 1969 5952 possunt
1989 5922 2003 5951 ,
2038 5882 2084 5937 si

2208 1934 2334 1987 σθεν
2365 1934 2586 2004 ἢκουον,
2610 1935 2687 2000 ὡς
2716 1936 2980 1990 ἀδύνατον
3004 1934 3066 2002 ἐξ
3092 1937 3194 1990 οὐκ
3224 1937 3395 1991 όντων
3438 1937 3682 2007 γίνεσθαί
3711 1954 3793 2006 τι,

2206 2024 2343 2096 πρὸς
2372 2025 2471 2096 τὴν
2502 2025 2773 2098 ἐρώτησιν
2820 2026 3116 2100 ἀπόκριναι
3152 2028 3249 2100 τὴν
3285 2030 3446 2100 ἐμήν.
3474 2031 3661 2094 Δοκεῖς
3699 2046 3793 2100 μοι

2204 2116 2303 2181 τὰς
2334 2116 2427 2170 τοῦ
2455 2118 2660 2189 κόσμου
2694 2119 2988 2191 ποιότητας
3025 2119 3100 2191 μὴ
3135 2120 3196 2185 ἐξ
3230 2120 3609 2193 ὑποκειμένων
3640 2138 3794 2176 ποιο-

2204 2207 2380 2279 τήτων
2412 2208 2691 2278 γεγονέναι
2712 2209 2908 2275 δοκεῖν,
2926 2209 3113 2282 ἓτερον
3132 2211 3189 2264 δέ
3222 2229 3275 2265 τι
3304 2212 3457 2285 παρὰ
3480 2212 3579 2277 τὰς
3602 2214 3794 2279 οὐσίας

2203 2298 2468 2372 ὑπάρχειν
2499 2301 2689 2364 αὐτάς.
2722 2301 2909 2365 Οὕτως
2941 2300 3072 2373 ἔχει.
3109 2303 3173 2356 Et
3214 2303 3313 2373 μὲν
3337 2298 3429 2358 οὗν
3462 2303 3537 2375 μὴ
3571 2304 3629 2371 ἐξ
3660 2306 3796 2358 ὐπο-

2205 2390 2472 2459 κειμένων
2506 2390 2810 2463 ποιοτήτων
2843 2390 2940 2455 τάς
2975 2390 3269 2463 ποιότητας
3293 2392 3728 2465 ἐδημιούργησεν
3763 2395 3794 2448 ό

2202 2479 2357 2546 Θεὸς,
2397 2483 2535 2554 μήτε
2577 2483 2645 2536 ἐκ
2674 2482 2783 2536 τῶν
2816 2480 3048 2548 οὐσιῶν,
3081 2481 3159 2553 τῷ
3194 2484 3329 2555 μηδέ
3388 2484 3577 2549 οὐσίας
3620 2485 3793 2549 αὐτὰς

2200 2566 2373 2637 εἶναι,
2401 2574 2469 2626 ἐκ
2502 2572 2579 2645 μὴ
2611 2572 2781 2627 ὄντων
2826 2572 2998 2638 αὑτὰς
3039 2572 3146 2626 ὑπὸ
3191 2574 3284 2628 τοῦ
3326 2572 3459 2628 Θεοῦ
3506 2576 3793 2643 γεγονέναι

2202 2665 2375 2718 είπεῖν
2407 2666 2723 2734 ἀναγκαῖον.
2752 2664 2916 2718 Ὅθεν
2937 2665 3207 2736 περιττῶς
3232 2664 3439 2730 ἐδόκεις
3463 2682 3554 2737 μοι
3586 2665 3793 2735 λέγειν,

2204 2757 2611 2826 συλλελόγισται
2645 2756 2723 2822 ὡς
2755 2757 2857 2811 οὐκ
2900 2756 3161 2812 ἀδύνατον
3205 2756 3315 2829 (l9)
3353 2752 3494 2811 εἶναι
3525 2758 3793 2825 δοξάζειν,

2200 2847 2262 2912 ἐξ
2292 2847 2393 2901 οὐκ
2431 2846 2601 2901 ὄντων
2648 2846 2929 2916 γεγονέναι
2976 2864 3029 2900 τι
3078 2846 3215 2919 πρὸς
3249 2845 3343 2900 τοῦ
3385 2846 3539 2902 Θεοῦ.
3585 2847 3728 2900 Ἀλλ’
3762 2849 3794 2902 ό

2205 2936 2305 3008 μὲν
2351 2936 2459 3007 (ἳο)
2506 2935 2634 3007 περὶ
2688 2935 2880 2989 τούτου
2918 2935 3074 3005 λόγος
3120 2928 3224 2989 ὧδε
3274 2936 3447 3006 ἐχέτω
3470 2952 3482 2965 ⁸
3535 2935 3630 2989 καὶ
3681 2935 3793 3007 γὰρ

2205 3030 2335 3100 παρ’
2366 3029 2497 3099 ἡμῖν
2528 3028 2638 3099 (21)
2675 3026 2989 3100 θεωροῦμεν
3020 3027 3343 3100 ἀνθρώπους
3387 3029 3446 3096 ἐξ
3479 3028 3581 3083 οὐκ
3621 3029 3794 3085 ὄντων

2204 3118 2491 3182 ποιοῦντας
2524 3135 2665 3181 τινα,
2700 3119 2748 3171 εί
2784 3117 2876 3171 καὶ
2905 3119 2987 3172 ὅτι
3026 3119 3259 3188 μάλιστα
3288 3118 3503 3172 δοκοῦσι
3539 3122 3709 3175 ποιεῖν
3735 3120 3796 3175 ἕν

2202 3224 2328 3272 τινι,
2364 3204 2475 3260 οἷον
2508 3208 2601 3261 ἐπὶ
2634 3207 2741 3262 τῶν
2786 3210 3184 3281 ἀρχιτεκτόνων
3216 3210 3274 3263 τὸ
3307 3212 3657 3282 παράδειγμα
3697 3213 3795 3268 λά-

2205 3298 2409 3369 6ωμεν.
2430 3299 2540 3352 Καὶ
2575 3298 2684 3370 γὰρ
2705 3290 2849 3353 οῦτοι
2883 3299 3099 3353 ποιοῦσι
3134 3299 3317 3364 πόλεις
3339 3302 3439 3353 οὐκ
3462 3302 3526 3354 ἐκ
3558 3302 3790 3368 πόλεων,

2202 3391 2299 3447 καὶ
2345 3392 2507 3455 ναοὺς
2556 3391 2759 3462 ὁμοίως
2816 3392 2915 3445 οὐκ
2968 3394 3033 3446 ἐκ
3065 3392 3229 3446 ναῶν.
3273 3393 3334 3445 Εί
3382 3393 3428 3446 δ’
3464 3394 3547 3447 ὅτι
3581 3394 3794 3460 τούτοις

2201 3483 2379 3537 οὐσίαι
2408 3484 2745 3548 ὑπόκεινται,
2767 3484 2872 3537 οῐει
2896 3483 2957 3550 ἐξ
2978 3484 3149 3539 ὄντων
3172 3484 3369 3549 αὐτοὺς
3395 3485 3570 3540 ταῦτα
3592 3488 3792 3553 ποιεῖν,

2205 3575 2413 3647 σφάλλῃ
2447 3574 2524 3647 τῷ
2556 3575 2719 3647 λόγῳ.
2740 3576 2877 3630 Οὐδέ
2910 3575 3074 3649 γὰρὴ
3102 3576 3259 3631 οὐσία
3291 3578 3461 3643 ἐστὶν,
3495 3580 3529 3649 ἡ
3561 3578 3795 3635 ποιοῦσα

2200 3666 2298 3737 τὴν
2332 3666 2508 3732 πόλιν,
2543 3666 2576 3738 ἢ
2611 3661 2677 3721 αῦ
2714 3666 2876 3721 πάλιν
2908 3667 3040 3730 τοὺς
3083 3668 3268 3730 ναοὺς,
3302 3666 3418 3720 ἀλλ’
3458 3669 3492 3741 ἡ
3528 3668 3658 3740 περὶ
3691 3668 3793 3741 τὴν

2199 3757 2386 3811 οὐσίαν
2413 3758 2597 3829 τέχνη.
2644 3758 2709 3811 Ἡ
2742 3757 2798 3811 δέ
2834 3757 2995 3829 τέχνη
3031 3758 3131 3811 οὐκ
3161 3756 3221 3823 ἐξ
3249 3760 3623 3831 ἀποκειμένης
3646 3760 3792 3826 τινὸς

2200 3849 2258 3901 ἐν
2288 3850 2410 3911 ταῖς
2453 3846 2663 3912 οὐσίαις
2709 3848 2905 3918 τέχνης
2947 3847 3191 3917 γίνεται,
3228 3847 3342 3901 ἀλλ’
3386 3847 3449 3913 ἐξ
3489 3850 3588 3902 οὐκ
3620 3848 3791 3920 οὐσης

2198 3937 2258 3989 ἐν
2289 3937 2483 4000 αὐταῖς
2519 3936 2747 4005 γίνεται.
2803 3937 3160 4008 Ἀπαντήσειν
3194 3937 3251 3991 δέ
3299 3955 3388 4009 μοι
3431 3938 3608 4004 δοκεῖς
3647 3939 3792 3993 οὕτω

2198 4025 2276 4098 τῷ
2304 4026 2467 4098 λόγῳ,
2494 4028 2577 4080 ὅτι
2610 4029 2638 4082 ό
2670 4027 2917 4097 τεχνίτης
2943 4026 3003 4092 ἐξ
3032 4023 3101 4099 ἦς
3130 4028 3243 4100 ἔχει
3272 4029 3467 4101 τέχνης
3500 4030 3599 4103 τὴν
3631 4032 3689 4084 ἐν
3721 4033 3789 4103 τῇ

2196 4119 2355 4191 οὐσίᾳ
2386 4120 2581 4190 τέχνην
2614 4122 2774 4173 ποιεῖ.
2802 4118 2946 4192 Πρὸς
2979 4120 3036 4173 δέ
3070 4120 3228 4173 τοῦτο
3251 4120 3507 4189 λέγεσθαι
3548 4123 3692 4176 τοῦτ’
3727 4119 3788 4178 εὖ

2196 4210 2341 4284 ἔχειν
2377 4229 2467 4283 μοι
2497 4212 2681 4276 δοκεῖ,
2722 4212 2805 4265 ὅτι
2854 4211 2977 4265 οὐδέ
3012 4212 3070 4265 ἐν
3103 4210 3188 4282 τῷ
3222 4212 3495 4286 ἀνθρώπῳ
3528 4214 3592 4268 ἐκ
3644 4233 3789 4281 τινος

2196 4302 2564 4373 ὑποκειμένης
2608 4302 2800 4373 τέχνης
2834 4302 3059 4371 γίνεται.
3108 4303 3183 4356 Οὐ
3218 4305 3325 4376 γὰρ
3369 4304 3575 4359 ἔνεστιν
3618 4307 3790 4379 αὐτὴν

2196 4394 2283 4464 ἐφ’
2312 4394 2515 4464 ἑαυτῆς
2559 4388 2724 4447 οὖσαν
2752 4394 2938 4448 δοῦναι
2976 4393 3074 4465 τὴν
3106 4395 3334 4467 τέχνηνο
3369 4395 3477 4450 τῶν
3506 4396 3614 4469 γὰρ
3652 4414 3790 4469 συμ-

2198 4486 2508 4557 ϐεσηκότων
2532 4487 2700 4553 ἐστὶν,
2725 4485 2821 4540 καὶ
2845 4485 2953 4541 τῶν
2978 4487 3099 4541 τότε
3125 4487 3184 4541 τὸ
3215 4483 3355 4545 εἶναι
3377 4488 3788 4560 λαμϐανόντων,

2198 4579 2402 4635 ὁπόταν
2426 4583 2484 4632 ἐν
2512 4578 2671 4650 οὐσίᾳ
2699 4579 2977 4647 γίνωνται.
3010 4579 3068 4633 Ὀ
3101 4582 3199 4651 μὲν
3222 4581 3329 4654 γὰρ
3360 4582 3665 4654 ἄνθρωπος,
3692 4586 3788 4640 καὶ

2197 4673 2367 4746 χωρὶς
2415 4672 2516 4743 τῆς
2561 4672 3011 4743 ἀρχιτεκτονικῆς
3072 4672 3258 4727 ἔσται·
3307 4676 3341 4746 ἡ
3392 4675 3436 4728 δ’
3469 4676 3569 4729 οὐκ
3608 4676 3783 4742 ἔσται,

2196 4765 2293 4820 ἐὰν
2338 4765 2411 4837 μὴ
2446 4764 2710 4837 πρότερον
2747 4764 3032 4836 ἄνθρωπος
3151 4764 3312 4819 Ὅθεν
3348 4766 3448 4830 τὰς
3484 4768 3675 4838 τέχνας
3724 4768 3785 4837 ἐξ

2194 4858 2296 4911 οὐκ
2320 4857 2490 4911 όντων
2513 4858 2594 4921 είς
2632 4856 2954 4929 ἀνθρώπους
2986 4858 3287 4926 πεφυκέναι
3320 4857 3565 4927 γίνεσθαι
3601 4858 3786 4927 λέγειν

2194 4950 2510 5018 ἀναγκαῖον.
2534 4950 2597 5004 Εἰ
2617 4950 2795 5003 τοίνυν
2825 4949 2982 5004 τοῦτο
3001 4948 3175 5014 οὑτως
3203 4949 3327 5021 ἔχον
3358 4952 3447 5003 ἐπ’
3475 4951 3784 5025 ἀνθρώπων

2194 5104 2440 5175 legeris:
2493 5104 2583 5169 Ὠς
2638 5104 3047 5175 συλλελόγισται
3109 5102 3373 5160 ἀδύνατον
3423 5099 3565 5160 εἶναι
3615 5105 3781 5175 δοξά-

2228 5194 2330 5231 ειν.
2363 5184 2469 5231 etc.

2194 5177 2590 5328 Fi‘éﬁﬁu
2624 5247 2658 5300 ὁ
2679 5243 2816 5316 μέν.
2852 5244 3153 5303 Concessio
3187 5260 3298 5301 non
3324 5258 3430 5313 est,
3470 5246 3567 5304 sed
3612 5247 3776 5318 quasi

2195 5326 2471 5373 transitio.

2266 5386 2380 5457 (21)
2423 5387 2532 5441 Kal
2562 5386 2674 5457 γὰρ
2702 5386 2840 5454 παρ’
2867 5384 3040 5455 ἡμῖν.
3071 5383 3393 5457 _$ubtiliora
3434 5395 3569 5457 sunt
3608 5402 3776 5457 quam

2194 5454 2490 5523 solidiora,
2535 5454 2657 5528 quae
2698 5454 3023 5528 sequuntur.
3071 5454 3181 5528 Nec
3218 5458 3366 5512 enim
3398 5454 3775 5528 ὑλώδειςῖειὶ,

2194 5528 2460 5582 mundum
2490 5544 2559 5582 ex
2606 5528 2714 5582 alio
2748 5527 2992 5592 mundo,
3043 5527 3139 5581 sed
3187 5542 3253 5581 ex
3308 5528 3534 5582 materia
3566 5527 3773 5584 factum

2194 5598 2487 5660 volebant;
2529 5607 2585 5653 et
2628 5597 2787 5660 satis,
2834 5596 3061 5666 opinor,
3111 5597 3406 5661 vidissent,
3451 5606 3598 5653 artes
3649 5598 3774 5653 illas

2194 5669 2503 5738 singulares
2528 5684 2594 5725 ac
2626 5667 2908 5738 proprias.
2938 5682 3048 5721 non
3078 5666 3193 5735 jam
3223 5682 3289 5721 ex
3334 5668 3508 5723 nihilo
3549 5678 3774 5738 repente

2194 5739 2381 5806 nasci,
2411 5738 2506 5795 sed
2549 5739 2662 5794 acri
2715 5738 2899 5793 studio
2922 5776 2937 5800 ,
2970 5738 3270 5808 continenti
3323 5754 3427 5794 usu
3454 5780 3468 5801 ,
3521 5739 3771 5808 improbo

2194 5809 2401 5880 labore,
2434 5825 2499 5864 ac
2527 5809 2789 5880 similium
2817 5808 3016 5867 artium
3045 5806 3349 5865 imitatione
3372 5806 3639 5880 paulatim
3666 5824 3768 5865 ex-

2194 5879 2351 5936 citari
2382 5894 2446 5936 ac
2475 5878 2681 5955 perﬁci.
