4148 6416
398 278 540 335 1545

1453 285 1639 344 LIBRI
1677 288 1767 345 DE
1806 290 2117 350 MATERIA
2146 291 2655 358 FRAGMENTUM.

3545 307 3687 367 1346

395 396 716 469 ἐδείξαμεν,
753 397 878 500 ,πῶς
923 398 1046 472 οὐχὶ
1078 376 1335 475 ἶπροσῆκε
1386 405 1480 461 τὸν
1522 407 1658 463 Θεὸν
1708 412 1783 483 μὴ
1834 414 1966 485 μόνοι

2068 471 2070 480 ,
2105 424 2312 474 tectura
2334 421 2483 476 nulla
2512 422 2607 487 sit,
2634 423 2801 480 homo
2834 435 3017 483 tamen
3050 429 3196 500 erit;
3235 430 3452 497 eadem,
3492 433 3539 489 si
3572 448 3685 491 non

394 492 690 592 ποιότητας
715 491 779 558 ὲξ
804 493 908 592 οὐκ
937 493 1108 549 ὄντων
1136 496 1305 565 φάναι
1335 497 1600 555 δύνασθαι
1631 506 1830 569 ποιεῖν,
1856 505 1966 560 ἀλλ‹

2100 509 2257 579 prius
2298 511 2463 568 homo
2496 514 2682 581 fuerit,
2716 532 2839 574 esse
2874 521 3028 576 nulla
3067 491 3290 592 poterit.
3336 524 3414 578 Ita
3436 491 3686 581 Iconclu-

391 580 495 636 καὶ
526 581 751 647 οὐσίαςς
783 580 844 635 τὺ
872 582 986 654 γὰρ
1030 584 1257 640 δυνατὸν
1297 588 1533 659 φανῆναι
1570 591 1819 660 γίνεσθαί
1847 612 1901 649 τι
1931 597 1966 648 ὲ.

2096 600 2339 657 dendum
2374 607 2689 661 necessario
2720 617 2827 677 est,
2849 610 3123 680 ejusmodi
3158 615 3358 670 artium
3378 630 3501 670 esse
3524 627 3686 673 natu-

391 672 497 728 οὐκ
535 672 741 740 ὑντων,
771 672 832 727 τὸ
868 674 965 729 καὶ
993 674 1095 740 τάς
1138 674 1329 743 οὐσίας
1364 678 1540 745 οὕτως
1585 680 1733 753 ἐχειν
1773 683 1990 740 δείκνυ-

390 781 510 821 ται.

2094 704 2250 757 ram,
2281 700 2345 747 ut
2386 693 2442 748 in
2478 694 2798 754 hominibus
2818 714 2895 754 ex
2943 714 3010 756 eo
3056 703 3207 773 quod
3255 720 3528 776 nusquam
3577 714 3684 770 est,

2095 783 2371 840 oriantur.
2404 785 2564 853 Quod
2594 790 2641 845 si
2674 806 2864 846 verum
2900 793 2955 847 in
2981 793 3301 853 hominibus
3336 813 3462 854 esse
3491 807 3683 854 osten-

389 854 600 957 dimus,
630 854 928 957 quisquam
960 869 1030 913 ne
1051 871 1223 957 porro
1244 872 1449 957 negare
1473 859 1695 930 audeat,
1723 876 1791 920 ex
1814 864 1988 922 nihilo
2023 868 2110 924 vel
2141 872 2456 941 qualitates,
2517 875 2602 931 vel
2653 877 2802 948 ipsas
2852 897 3075 957 quoque
3121 890 3461 949 substantias
3497 909 3528 949 α
3573 892 3685 950 Deo

389 950 511 1007 ﬁeri
762 950 1060 1049 Namque:
1088 955 1230 1012 ratio
1286 955 1408 1014 ﬁeri
1440 959 1671 1016 omnino
1719 960 2025 1032 quidquam
2062 980 2130 1023 ex
2194 968 2371 1026 nihilo
2410 986 2575 1042 posse
2605 950 3203 1049 demonstran-eadem
3258 987 3313 1043 in
3351 989 3683 1046 substantiis

387 1060 615 1118 quoque
639 1046 825 1102 valere
857 1045 1039 1102 debet.

461 1140 553 1195 IV.
596 1140 752 1195 Ἐπεὶ
787 1141 851 1195 δὲ
885 1141 1052 1206 πόθος
1094 1142 1214 1197 ἔστί
1252 1146 1486 1217 σοιπερὶ
1518 1146 1621 1218 τῆς
1647 1145 1760 1201 τῶν
1800 1149 1991 1205 κακῶν

2158 1148 2251 1205 Β.
2295 1154 2403 1207 θεά
2426 1155 2689 1224 quoniam
2735 1161 2806 1216 de
2844 1172 3117 1219 malorum
3152 1170 3539 1237 procreatione
3572 1174 3681 1230 alio

384 1233 660 1304 γενέσεως
682 1233 885 1305 ζητεῖν,
906 1235 1001 1289 ἐπὶ
1014 1234 1111 1290 τὸν
1133 1235 1344 1291 τούτων
1370 1236 1661 1311 ἐλεύσομαι
1681 1238 1840 1310 λόγον
1854 1242 1966 1296 ,Κα

2089 1246 2220 1316 quid
2256 1249 2447 1303 audire
2476 1251 2666 1320 gestis,
2702 1253 2758 1307 in
2802 1268 2923 1309 eam
2953 1233 3211 1330 deinceps
3245 1262 3677 1332 disputationem

386 1344 484 1381 σου
506 1325 715 1400 βραχέα
726 1327 989 1382 πυθέσθαι
1004 1328 1376 1401 βούλομαι.Τὰ
1393 1331 1541 1385 κακά
1556 1333 1786 1404 πότερον
1809 1334 1966 1388 οὐσία

2091 1337 2389 1409 ingrediar.
2416 1340 2495 1396 Ac
2526 1341 2768 1411 primum
2798 1360 2973 1415 pauca
3016 1365 3085 1403 ex
3114 1325 3168 1405 te
3212 1325 3483 1410 sciscitari
3518 1357 3674 1414 libet.

385 1436 475 1474 σοι
499 1418 750 1473 δοκοῦσιν
768 1415 929 1489 εἶναι,
958 1420 1291 1493 ἦποιότητες
1309 1423 1538 1491 obsum;
1575 1425 1877 1498 Ποιότητας
1897 1427 1993 1480 οὑ-

2091 1428 2287 1487 Utrum
2325 1447 2456 1505 ergo
2490 1436 2634 1490 mala
2659 1477 2675 1503 ,
2725 1437 3069 1498 substantias
3117 1458 3187 1498 an
3235 1448 3677 1508 substantiarum

383 1512 520 1568 σιῶν
547 1507 608 1566 εὖ
630 1511 775 1584 ἔχειν
789 1512 968 1583 λέγειν
1002 1532 1091 1587 μοι
1109 1515 1274 1570 δοκεῖ.
1308 1517 1375 1571 Ἦ
1397 1517 1455 1571 δὲ
1470 1516 1569 1589 ὕλη
1594 1518 1783 1584 ἄποιος
1806 1515 1874 1591 ἦν
1895 1536 1966 1574 κα

2081 1523 2387 1593 qualitates
2428 1540 2553 1581 esse
2596 1528 2794 1597 putas?
2840 1526 3292 1592 Substantiarum
3341 1539 3674 1611 qualitates,

382 1604 815 1676 ἀσχημάτιστος·
846 1604 992 1661 οὕτω
1017 1606 1305 1679 προλαϐὼν
1333 1606 1448 1680 (22)
1471 1607 1687 1675 ἐξεῖπον
1705 1610 1785 1682 τῷ
1816 1610 1961 1683 λόγῳ

2089 1613 2294 1682 inquis.
2323 1615 2491 1686 Atqui
2526 1618 2758 1672 materia
2781 1627 2844 1673 ut
2876 1620 3164 1691 qualitate,
3197 1625 3279 1680 sic
3313 1604 3487 1697 ﬁgura
3519 1604 3676 1686 omni

382 1696 598 1752 Οὐκοῦν
616 1699 664 1753 εί
682 1698 751 1752 τὰ
766 1698 914 1752 κακὰ
935 1700 1224 1772 ποιότητες
1249 1700 1591 1773 ὑπάρχουσιν
1618 1702 1835 1770 οὐσιῶν,
1872 1702 1980 1773 ἡδὲ

382 1785 490 1861 ὕλη
514 1791 704 1853 ἄποιος
713 1785 804 1863 ἦν,
819 1791 929 1844 τῶν
941 1791 999 1845 δὲ
1011 1792 1310 1864 ποιοτήτων
1323 1792 1556 1865 ποιητὴν
1567 1787 1730 1856 εἴπας
1741 1793 1834 1847 τὸν
1845 1792 1979 1850 Θεὸν

382 1877 547 1949 εῖναι,
568 1882 721 1938 ἔσται
750 1890 845 1939 καί¹
870 1884 980 1938 τῶν
1006 1885 1194 1939 κακῶν
1228 1883 1564 1957 δημιουργὸς
1606 1888 1636 1940 ὁ
1660 1885 1812 1950 Θεός.
1846 1880 1978 1941 Ὀτε

380 1979 566 2031 τοίνυν
593 1977 703 2032 οὐδ’
730 1977 904 2041 οὕτως
930 1978 1173 2032 ἀναίτιον
1197 1976 1310 2033 τῶν
1343 1979 1531 2033 κακῶν
1558 1980 1731 2033 εἰπεῖν
1754 1979 1978 2035 δυνατὸν

378 2069 475 2123 τὸν
502 2069 657 2135 Θεὸν,
703 2069 838 2140 ὕλην
867 2069 1017 2142 αὑτῷ
1047 2071 1384 2143 προσάπτειν
1428 2072 1684 2143 περιττὸν
1710 2067 1850 2125 εἷναί
1886 2089 1976 2143 μοι

378 2162 546 2218 δοκεῖ.
570 2164 633 2217 Εἰ
647 2164 704 2217 δέ
718 2181 772 2217 τι
795 2162 933 2235 πρὸς
946 2162 1121 2218 ταῦτα
1132 2162 1312 2233 λέγειν
1323 2163 1486 2234 ἔχεις,
1499 2163 1668 2236 ἄρχου
1681 2162 1777 2217 τοῦ
1789 2163 1970 2233 λόγου.

380 2252 447 2308 Et
471 2255 571 2326 μὲν
598 2254 1019 2325 ὲκ.φιλονεικίας
1044 2256 1177 2327 ἡμῖν
1193 2257 1227 2328 ἠ
1244 2254 1471 2327 ζήτησις.
1494 2256 1706 2325 ἐγίνετο
1725 2298 1740 2323 ,
1768 2258 1869 2311 οὑκ
1908 2257 1975 2312 ἂν

374 2346 633 2420 δεύτερον
660 2348 791 2419 περὶ
820 2349 932 2402 τῶν
961 2348 1150 2402 κακῶν
1181 2346 1369 2418 ἠξίουν
1403 2346 1702 2420 ὁρίζεσθαι.
1736 2348 1889 2403 Ἐπεὶ
1915 2348 1975 2403 δὲ

374 2438 562 2507 φιλίας
590 2439 755 2494 ἓνεκα
782 2440 1003 2510 μᾶλλον,
1039 2440 1257 2513 καὶτῆς
1278 2440 1419 2513 πρὸς
1449 2440 1540 2494 τὸν
1570 2439 1798 2513 πλησίον
1825 2440 1970 2512 ὠφε-

374 2529 528 2595 λείας
561 2531 659 2603 τὴν
708 2532 956 2597 ἐξέτασιν
1003 2532 1309 2588 ποιούμεθα
1353 2532 1464 2586 τῶν
1506 2531 1717 2601 λόγων,
1762 2532 1973 2589 ἄνωθεν

372 2622 508 2694 περὶ
552 2623 759 2679 τούτων
802 2622 1081 2696 ὁρίζεσθαι
1125 2623 1263 2691 ἀξιῶ
1325 2627 1648 2695 συγχωρεῖν.
1705 2622 1820 2696 Τὴν
1870 2624 1971 2695 μὲν

370 2714 698 2786 προαίρεσιν
725 2716 826 2788 τὴν
856 2717 1028 2788 ἐμὴν,
1072 2717 1138 2771 ὲκ
1169 2715 1370 2771 πολλοῦ
1418 2733 1501 2771 σοι
1547 2716 1788 2789 φανερὰν
1831 2713 1973 2772 εἶναι

370 2806 536 2873 δοκῶ,
566 2808 662 2861 καὶ
686 2808 789 2880 τὴν
816 2809 875 2862 ὲν
904 2811 1016 2873 τοῖς
1039 2808 1221 2879 λόγοις
1252 2809 1509 2881 σπουδὴν,
1530 2811 1613 2865 ὅτι
1642 2812 1704 2865 οὑ
1728 2810 1973 2877 πιθανῶς

2081 1706 2317 1775 spoliata
2342 1717 2497 1776 erat;
2532 1708 2638 1766 hoc
2663 1711 2809 1765 enim
2831 1711 2944 1782 jam
2974 1723 3101 1771 ante
3132 1717 3337 1786 posito,
3364 1719 3673 1779 institutam

2078 1799 2510 1871 disputationem
2560 1815 2885 1873 persecutus
2920 1818 3065 1863 sum.
3111 1809 3320 1880 Igitur,
3363 1814 3410 1869 si
3448 1827 3503 1871 et
3544 1818 3678 1873 sub-

2077 1893 2409 1949 stantiarum
2440 1895 2737 1965 qualitates
2774 1898 2919 1954 mala
2950 1908 3103 1966 sunt,
3140 1910 3195 1956 et
3238 1906 3467 1981 materia
3493 1909 3675 1978 quali—

2077 1994 2189 2042 tate
2209 1986 2361 2041 omni
2386 1989 2629 2055 carebat,
2646 1987 2817 2045 Deum
2846 2005 3013 2062 porro
3037 1993 3364 2063 qualitatum
3389 2011 3668 2058 auctorem

2076 2090 2200 2132 esse
2234 2076 2564 2148 confessus;
2605 2080 2713 2152 erit
2759 2081 2904 2136 idem
2948 2083 3221 2140 malorum
3276 2088 3441 2144 etiam
3488 2093 3674 2148 archi—

2078 2178 2274 2226 tectus.
2327 2169 2517 2242 Itaque
2552 2171 2665 2229 Deo
2709 2175 2998 2232 materiam
3044 2177 3346 2251 adiungere
3402 2198 3671 2254 superva-

2077 2276 2311 2318 caneum
2344 2272 2452 2331 est,
2483 2279 2610 2321 cum
2640 2280 2709 2320 ne
2731 2266 2814 2323 sic
2841 2270 3065 2339 quidem
3104 2273 3377 2329 malorum
3410 2290 3670 2345 procrea-

2076 2353 2227 2409 tione
2263 2355 2502 2411 solutum
2545 2365 2600 2411 et
2634 2357 2938 2415 immunem
2992 2359 3165 2418 Deum
3214 2364 3418 2421 habere
3466 2368 3669 2435 possis.

2074 2443 2181 2511 Tu,
2216 2446 2262 2501 si
2293 2446 2425 2517 quid
2469 2448 2643 2505 habes
2665 2490 2682 2517 ,
2710 2451 2858 2520 quod
2905 2452 3035 2509 huic
3081 2466 3408 2526 argumento
3434 2472 3670 2527 respon~

2074 2536 2241 2605 deas,
2286 2537 2467 2608 incipe
2507 2553 2663 2595 vero.
2710 2539 2780 2596 Et
2824 2542 3048 2613 quidem
3097 2545 3144 2599 si
3189 2546 3561 2603 contentionis
3614 2555 3672 2603 et

2075 2639 2273 2698 pugna:
2318 2627 2549 2696 studio,
2593 2630 2711 2685 haec
2765 2645 2795 2685 a
2846 2630 3006 2688 nobis
3055 2644 3311 2704 suscepta
3365 2636 3670 2706 disputatio

2073 2716 2251 2783 foret,
2291 2718 2567 2774 malorum
2622 2721 2894 2777 rationem
2948 2722 3004 2777 in
3046 2725 3410 2794 quaestionem
3465 2726 3667 2783 iterum

2072 2810 2262 2865 vocari
2307 2824 2421 2865 non
2455 2820 2692 2881 paterer.
2729 2810 2834 2868 Sed
2864 2813 3130 2884 quoniam
3164 2816 3405 2872 amicitia
3449 2819 3660 2887 potius,

369 2897 543 2951 εἰπὼν
576 2897 773 2968 ψεῦδος
800 2900 1019 2970 νικῆσαι
1050 2899 1210 2963 θέλω,
1240 2899 1377 2953 ἀλλὰ
1404 2901 1680 2974 δειχθῆναι
1706 2903 1807 2975 τὴν
1834 2901 1966 2976 ἁλή-

2074 2909 2130 2958 et
2166 2903 2409 2973 proximi
2462 2903 2678 2961 utilitas
2730 2904 2787 2960 in
2839 2906 3161 2976 huiusmodi
3211 2924 3314 2965 nos
3355 2924 3668 2966 sermonem

370 2989 526 3043 θειαν
572 2989 710 3059 μετὰ
760 2991 1027 3063 ἀκριϐοῦς
1070 2990 1393 3057 ἐξετάσεως.
1443 2992 1556 3048 Καί
1611 3010 1672 3047 σε
1716 2992 1775 3048 δὲ
1826 2994 1966 3049 οὕτω

2076 2993 2324 3059 adduxit,
2342 3010 2465 3066 age,
2485 2996 2627 3052 hanc
2648 2997 2715 3053 de
2731 2997 2945 3071 integro
2968 3000 3335 3070 quaestionem
3364 3002 3671 3074 disceptare

367 3081 672 3137 διακεῖσθαι
702 3084 889 3152 σαφῶς
916 3082 1244 3156 ἐπίσταμαι.
1273 3083 1438 3138 Ὅθεν
1475 3084 1572 3157 οῖῳ
1614 3084 1796 3161 τρόπῳ
1821 3085 1966 3158 χρώ-

2074 3085 2258 3142 li‘ceat.
2301 3085 2571 3159 Equidem
2600 3103 2829 3145 sensum
2856 3090 2959 3146 tibi
2999 3107 3207 3159 meum,
3241 3094 3447 3164 quidve
3476 3095 3581 3152 liae
3611 3096 3666 3151 in

372 3190 535 3245 μενος
581 3175 824 3247 νομίζεις
871 3175 1130 3230 δύνασθαι
1184 3176 1248 3230 τὸ
1294 3175 1496 3248 ἀληθὲς
1541 3177 1760 3250 εὑρεῖν,
1793 3177 1966 3251 τούτῳ

2074 3179 2453 3251 disputatione
2501 3195 2727 3252 sequar,
2756 3190 2946 3238 notum
2976 3182 3196 3240 abunde
3244 3186 3344 3241 tibi
3376 3194 3431 3242 et
3472 3187 3667 3259 explo-

366 3266 571 3336 χρῆσαι
607 3267 774 3339 μηδὲν
807 3267 1247 3340 δυσωπούμενος.
1284 3267 1377 3339 υὺ
1403 3267 1515 3341 γὰρ
1556 3269 1783 3323 σεαυτὸν
1818 3269 1966 3339 ὠφε-

2071 3280 2252 3329 ratum
2289 3286 2415 3329 esse
2469 3287 2582 3327 non
2612 3272 2808 3329 dubito
2839 3291 2853 3328 :
2895 3274 3004 3330 hoc
3042 3292 3133 3332 me
3172 3277 3436 3333 nimirum
3481 3294 3668 3350 agere,

367 3357 557 3431 λήσεις
579 3359 759 3431 μόνον,
792 3360 1143 3433 χρησάμενος
1163 3359 1243 3434 τῷ
1271 3360 1564 3434 κρείττονι,
1581 3360 1717 3417 ἀλλὰ
1743 3361 1966 3428 πάντως

2068 3375 2181 3416 non
2239 3368 2302 3416 ut
2362 3361 2763 3420 verisimilibus
2820 3365 3165 3434 argumentis
3225 3365 3426 3422 falsum
3480 3377 3667 3423 extor-

366 3452 516 3524 κάμὲ
548 3451 673 3524 περὶ
706 3446 787 3508 ὧν
812 3451 1015 3522 άγνοῶ.

364 3556 425 3602 et
446 3546 831 3604 conﬁrmatum
860 3563 1048 3604 verum
1077 3547 1402 3605 habeamus.
1438 3546 1573 3606 ‘Ncc
1632 3547 1741 3605 alio
1764 3558 1817 3605 te
1876 3546 2063 3604 animo
2093 3561 2238 3613 esse,
2275 3561 2506 3618 prorsus
2534 3548 2799 3620 intelligo.
2840 3548 2959 3615 Qua
2984 3558 3037 3605 te
3070 3566 3202 3622 ergo
3228 3552 3441 3608 ratione
3469 3569 3663 3610 verum

365 3638 587 3709 assequi
617 3654 779 3711 posse
805 3640 1113 3708 arbitraris,
1146 3655 1211 3696 ea
1240 3641 1337 3696 tibi
1381 3640 1551 3697 libere
1579 3650 1744 3710 atque
1792 3641 2029 3711 ingenue
2094 3637 2358 3694 utendum
2394 3647 2593 3694 statue.
2652 3635 2791 3694 Nam
2831 3640 2962 3695 dum
3000 3656 3068 3697 eo
3096 3642 3242 3713 quod
3296 3644 3493 3700 melius
3550 3654 3660 3703 est.

364 3733 648 3801 abuteris,
685 3749 799 3789 rem
836 3736 1025 3807 utique
1076 3750 1184 3791 non
1224 3735 1321 3790 tibi
1373 3736 1578 3804 modo,
1625 3736 1720 3792 sed
1766 3736 1933 3791 ctiam
1989 3731 2125 3790 mihi
2166 3749 2329 3805 quem
2389 3733 2701 3806 ignorantia
2749 3734 3043 3805 liberabis,
3096 3739 3385 3809 perutilem
3441 3739 3660 3798 feceris.

438 3827 504 3883 V.
537 3830 731 3901 Σαφῶς
759 3832 1106 3906 παραστῆναί
1136 3850 1227 3905 μοι
1252 3833 1364 3905 (9.3)
1396 3833 1573 3897 δοκεῖς
1599 3832 1695 3887 καὶ
1721 3832 1791 3887 τὰ
1823 3832 1966 3887 κακά

2144 3829 2207 3885 V.
2256 3828 2415 3887 Nunc
2466 3831 2634 3902 igitur
2675 3832 3012 3889 substantias
3058 3835 3368 3905 quasdam,
3421 3838 3656 3908 opinor,

362 3921 555 3988 οὐσίας
580 3923 848 3997 ὑπάρχειν
889 3924 1074 3989 τινάςο
1109 3926 1229 3981 οὐδὲ
1259 3925 1370 3999 γὰρ
1408 3926 1565 3990 ἐκτὸς
1600 3925 1797 3981 οὐσιῶν
1828 3927 1966 3981 αὐτὰ

2068 3923 2214 3979 mala
2242 3938 2367 3979 esse
2398 3924 2586 3992 voles;
2619 3924 2766 3995 quod
2793 3938 2879 3991 ea,
2911 3932 3280 3996 praeterquam
3315 3926 3371 3981 in
3396 3927 3659 3983 substan-

2062 3466 2263 3524 queam
2292 3491 2310 3518 ,
2344 3452 2440 3507 sed
2474 3461 2535 3507 ut
2571 3462 2832 3508 accurata
2879 3454 3271 3524 disquisitione
3317 3457 3661 3514 illustratum
3764 3468 3765 3471 ‘

362 4014 494 4068 ὄντα
524 4015 728 4085 βλέπω.
772 4017 925 4073 Ἐπεὶ
950 4017 1166 4085 τοίνυν,
1212 4012 1258 4072 ὧ
1302 4012 1499 4085 οὗτος,
1554 4020 1649 4072 καὶ
1696 4019 1764 4073 τὰ
1819 4018 1970 4074 κακὰ

362 4106 555 4171 οὐσίας
582 4102 723 4163 εἶναι
752 4108 953 4179 λέγεις,
981 4110 1198 4183 ἀνάγκη
1224 4110 1318 4165 τὸν
1346 4111 1446 4182 τῆς
1473 4110 1661 4175 οὐσίας
1688 4110 1964 4177 ἐξετάζειν

363 4200 540 4269 λόγον.
570 4204 727 4255 Δοκεῖ
756 4218 837 4255 σοι
868 4202 968 4275 τὴν
987 4202 1174 4256 οὐσίαν
1205 4202 1523 4274 σωματικήν
1545 4219 1668 4256 τινα
1699 4201 1959 4256 σύστασιν

363 4288 534 4361 εἴναι;
577 4296 755 4350 Δοκεῖ.
808 4294 874 4349 Ἦ
931 4294 989 4349 δὲ
1044 4294 1334 4368 σωματικὴ
1377 4294 1637 4359 σύστασις
1688 4294 1827 4367 αὑτὴ
1870 4294 1957 4365 ἐφ’

364 4386 566 4459 ἑαυτῆς
600 4383 867 4459 ὑπάρχει,
915 4388 978 4442 οὑ
1006 4387 1236 4461 δεομένη
1268 4388 1448 4453 τινος,
1482 4380 1544 4443 οὕ
1575 4389 1868 4460 γενομένου
1896 4389 1958 4444 τὸ

2062 4016 2181 4083 tiis,
2217 4030 2492 4086 nusquam
2544 4016 2773 4071 omnino
2803 4015 3113 4073 videantur.
3155 4016 3336 4090 Ergo,
3371 4019 3514 4075 bone
3546 4019 3653 4086 vir,

2061 4122 2188 4164 cum
2227 4107 2567 4164 substantias
2609 4107 2753 4164 mala
2802 4123 2927 4165 esse
2975 4118 3173 4180 putes,
3223 4112 3477 4182 sequitur
3521 4127 3655 4183 pro-

2063 4198 2230 4267 fecto,
2265 4208 2325 4255 ut
2354 4200 2685 4257 excutienda
2732 4200 2894 4258 nobis
2941 4202 3267 4259 substantiae
3318 4213 3519 4259 natura
3558 4205 3652 4261 sit.

2062 4292 2147 4346 An
2170 4301 2226 4347 tu
2255 4292 2617 4348 substantiam
2637 4308 2915 4364 corporeae
2931 4295 3095 4351 molis
3121 4295 3653 4367 coagmentationem

2064 4386 2306 4458 aliquam
2337 4401 2461 4442 esse
2498 4386 2829 4443 arbitraris?
2865 4383 3123 4442 Arbitror
3152 4402 3303 4443 vero.
3336 4385 3446 4443 Ista
3485 4403 3655 4459 porro

364 4473 505 4533 εἶναι
542 4476 814 4552 λήψεταις
859 4479 1046 4545 Οὕτως
1091 4480 1224 4552 ἔχει.
1270 4483 1433 4535 Δοκεῖ
1474 4481 1532 4536 δέ
1577 4498 1659 4536 σοι
1699 4481 1770 4536 τὰ
1809 4481 1959 4538 κακὰ

2068 4492 2329 4549 corporea
2397 4478 2573 4534 moles
2630 4493 2763 4533 num
2813 4478 2888 4533 ita
2916 4478 3135 4535 exsistit
3178 4478 3295 4550 ipsa
3348 4494 3445 4551 per
3492 4492 3653 4547 sese,

363 4572 647 4644 ἐνεργείας
698 4568 838 4626 εἷναί
884 4590 1064 4639 τινος;
1109 4574 1265 4630 Οὕτω
1322 4592 1414 4646 μοι
1462 4574 1731 4644 φαίνεται.
1780 4576 1846 4629 Δί
1897 4576 1956 4630 δὲ

363 4664 638 4737 ἐνέργειαι
688 4666 810 4720 τότε
859 4666 921 4721 τὺ
982 4661 1121 4721 εἶναι
1176 4666 1547 4739 λαμϐάνουσιν
1569 4709 1584 4734 ,
1633 4667 1782 4721 ὁπότ’
1830 4667 1896 4721 ἂν
1927 4667 1957 4722 ὑ

364 4758 603 4832 ἐνεργῶν
634 4760 818 4831 παρῇς
841 4758 1029 4823 Οὕτως
1057 4758 1191 4830 ἔχει.
1231 4760 1347 4814 Οὑκ
1383 4759 1537 4823 ὄντος
1571 4758 1628 4812 δὲ
1664 4757 1760 4813 τοῦ
1797 4758 1955 4831 ὲνερ-

364 4850 618 4920 γοῦντος,
651 4850 759 4905 οὐδ’
796 4851 935 4922 ὅπερ
975 4852 1189 4923 ἐνεργεῖ
1234 4850 1389 4906 ἔσται
1422 4851 1585 4915 ποτὲς
1629 4850 1744 4905 Οὑκ
1780 4849 1952 4905 ἔσται.

363 4943 578 4998 Οὑκοῦν
610 4946 659 4998 εί
686 4945 719 5017 ἡ
752 4944 911 4998 οὐσία
940 4945 1226 5016 σωματική
1251 4944 1339 5008 τίς
1356 4945 1472 4997 ἐστι
1505 4943 1785 5007 σύστασις,
1816 4942 1953 5016 αὕτη

362 5036 423 5091 δὲ
448 5038 510 5091 οὑ
538 5037 709 5093 δεῖταί
736 5054 911 5101 τινος,
945 5037 1004 5090 ὲν
1044 5029 1090 5104 ᾧ
1111 5036 1380 5108 γενομένη
1419 5035 1480 5089 τὸ
1525 5031 1665 5091 εἶναι
1693 5035 1952 5108 λήψεται·

363 5129 435 5184 τὰ
463 5129 523 5184 δὲ
554 5128 702 5183 κακὰ
729 5128 1002 5201 ἐνέργειαι
1041 5126 1346 5199 ὑπάρχουσί
1380 5143 1557 5193 τινος,
1587 5126 1646 5181 al
1688 5126 1758 5207 ¹δὲ
1800 5125 1955 5199 ἐνέρ-

364 5237 512 5291 γειαι
556 5220 769 5275 δέονταί
805 5236 979 5287 τινος,
1038 5217 1097 5272 ὲν
1126 5210 1173 5289 ᾧ
1201 5218 1489 5289 γενόμεναι
1533 5218 1596 5272 τὸ
1638 5213 1776 5271 εἶναι
1814 5216 1956 5287 λαμ-

366 5312 664 5367 δάνουσινσ
744 5312 845 5367 οὑκ
912 5310 1125 5365 ἔσονται
1199 5309 1377 5364 οὐσίαι
1438 5308 1509 5363 τὰ
1564 5309 1731 5363 κακά.
1787 5309 1851 5362 Ei
1897 5308 1955 5362 δὲ

365 5405 544 5459 οὐσίαι
587 5405 658 5459 τὰ
697 5404 843 5459 κακὰ
888 5401 1042 5475 (24),
1091 5401 1265 5457 κακοῦ
1302 5402 1359 5456 δὲ
1406 5404 1435 5456 ό
1467 5399 1659 5471 φόνος,
1706 5400 1956 5471 ὲνέργτια

366 5496 601 5569 ὑπάρχει
624 5495 801 5563 τινὸς,
836 5497 935 5551 οὑκ
989 5494 1134 5549 ἔστιν
1183 5496 1291 5567 ἀρα
1326 5492 1485 5547 οὐσία
1525 5493 1554 5545 ὁ
1586 5492 1764 5561 φόνος.
1794 5492 1859 5545 Εί
1895 5490 1955 5545 δὲ

428 5619 553 5716 (39.2
586 5629 748 5716 ρῦτω
778 5631 1027 5716 eam
1056 5626 1777 5716 Claris'esssstzeiram
1817 5642 1954 5697 προ·

364 5691 489 5754 λαό.
512 5691 783 5755 Caeterum
808 5691 914 5755 hoc
942 5706 1323 5755 argumentum
1350 5691 1562 5754 firmius
1590 5691 1694 5751 est.

441 5770 554 5842 (23)
584 5769 991 5841 Παραστῆναι.
1010 5766 1293 5828 Ἠείιιιιίυε
1322 5768 1519 5836 fuerit,
1573 5766 1945 5839 quaestoriam.

2060 4570 2268 4627 nullius
2300 4578 2359 4626 ut
2386 4585 2546 4642 opem
2580 4570 2810 4626 omnino
2832 4570 3128 4636 desideret,
3161 4586 3247 4638 ac,
3268 4587 3337 4628 eo
3359 4582 3650 4643 praesente,

2057 4669 2175 4716 tum
2209 4675 2336 4717 esse
2371 4659 2636 4731 incipiat?
2686 4658 2941 4716 Prorsus.
2972 4658 3152 4727 Quid?
3192 4660 3334 4717 Num
3360 4662 3461 4716 tibi
3504 4663 3652 4718 mala

2059 4750 2115 4806 in
2149 4751 2364 4807 actione
2400 4752 2637 4822 quadam
2684 4750 2941 4807 videntur
2968 4766 3094 4807 esse
3141 4752 3359 4822 posita?
3386 4751 3654 4808 Videntur

2059 4856 2211 4900 sane.
2249 4842 2512 4898 Actiones
2544 4851 2732 4897 autem
2757 4857 2889 4897 num
2917 4857 3041 4899 esse
3074 4851 3207 4898 tunc
3241 4843 3481 4914 primum
3511 4844 3650 4900 inci-

2056 4936 2239 5008 piunt,
2271 4951 2397 4991 cum
2426 4935 2475 4991 is
2503 4934 2600 5005 qui
2637 4934 2784 5006 agit,
2812 4950 3057 5005 praesens
3098 4934 3379 4992 adfuerit?
3425 4934 3646 5008 Utique.

2040 5028 2157 5085 .Sin
2181 5031 2276 5102 qui
2318 5038 2462 5103 aget,
2501 5029 2689 5084 nullus
2719 5028 2857 5094 erit,
2889 5043 2960 5085 ne
3006 5027 3060 5084 id
3089 5029 3310 5101 quidem
3335 5030 3484 5100 quod
3531 5031 3651 5101 ipse

2058 5131 2227 5195 agat,
2263 5135 2390 5179 esse
2432 5121 2676 5193 poterit?
2706 5118 2829 5178 Non
2858 5122 3080 5192 poterit.
3138 5120 3284 5195 Ergo
3316 5123 3365 5179 si
3404 5131 3460 5178 et
3508 5124 3646 5179 sub-

2058 5214 2260 5272 stantia
2298 5229 2580 5284 corporeae
2612 5214 2773 5269 molis
2812 5213 3220 5284 coagmentatio
3256 5214 3508 5285 quaedam
3535 5223 3641 5279 est,

2058 5322 2160 5362 nec
2181 5306 2345 5362 ullius
2366 5308 2713 5377 praesentiam
2731 5306 2983 5377 requirit,
3002 5307 3057 5361 in
3080 5318 3322 5377 quosata
3343 5308 3644 5363 exsistendi

2056 5400 2168 5453 vim
2207 5398 2477 5468 accipiat;
2520 5408 2715 5453 contra
2753 5412 2885 5454 vero
2913 5397 3060 5453 mala
3085 5398 3313 5454 alterius
3354 5398 3643 5468 cujusdam

2056 5488 2302 5545 actiones
2348 5496 2498 5553 sunt,
2539 5488 2788 5546 actiones
2831 5489 2954 5545 istae
3002 5502 3170 5560 porro
3221 5490 3458 5560 alicujus
3504 5504 3646 5561 pra:-

2133 5624 2243 5696 (24)
2272 5625 2339 5678 Et
2363 5623 2433 5696 6s
2462 5624 2663 5696 οὐσίαι
2694 5623 2768 5678 τὰ
2799 5623 2975 5696 κακὰ,
3001 5641 3054 5679 κ.
3083 5638 3133 5678 τ.
3162 5624 3211 5696 λ.
3236 5622 3496 5696 Mendosa
3529 5624 3645 5696 haec

2056 5706 2185 5750 sunt
2207 5694 2379 5767 {qua}
2408 5694 2567 5767 faeile
2604 5694 2687 5767 sic
2731 5695 2988 5754 emendes
3026 5696 3129 5751 :El
3164 5695 3224 5750 δὲ
3257 5694 3334 5767 μὴ
3363 5694 3542 5751 οὐσίαι
3574 5695 3642 5749 τὰ

2058 5767 2223 5833 κακὰ,
2257 5766 2428 5821 κακὺν
2460 5765 2517 5819 δὲ
2539 5768 2567 5819 ό
2599 5765 2781 5836 φόνος,
2804 5776 2912 5822 etc.
