4148 6382
619 268 757 327 1547
1615 252 1846 312 ΑΔΧΙΜΙ
1884 247 2529 308 HIEROSOLYMORUM
2568 247 2880 305 EPISCOPI
3744 254 3867 313 1313

620 395 853 451 sentiam
877 391 1177 466 postulant,
1211 390 1267 445 in
1302 400 1413 459 quo
1436 384 1565 439 dum
1602 382 1760 446 ﬁunt,
1785 387 1899 432 tum
1932 376 2197 466 exsistere
2224 376 2258 434 Α

2224 376 2273 434 Α
2298 370 2367 424 τὰ
2389 369 2717 442 ἐνεργοῦντα
2754 371 2941 424 οὐσίαν
2984 366 3125 425 εῖναι
3151 370 3356 434 θέλεις,
3392 368 3644 442 σύμφημι
3693 373 3860 443 κάγώ·

616 489 860 557 primum
880 460 1211 553 vincipiunt;
1251 487 1421 535 restat
1451 472 1696 546 profecto
1721 512 1737 536 ,
1783 479 1844 523 ut
1874 465 2196 523 substantia

2297 460 2408 518 οἷον
2438 463 2724 535 ἄνθρωπος
2750 466 2781 517 6
2808 465 3026 533 φονεὺς,
3056 462 3179 517 καθ’
3204 464 3264 515 ὃν
3300 463 3399 534 μὲν
3420 460 3573 531 λόγον
3596 464 3858 534 ἄνθρωπός

618 554 763 630 mala
793 588 914 628 esse
940 587 1047 625 non
1074 570 1309 641 possint.
1342 564 1501 632 Quod
1532 563 1578 618 si
1606 575 1794 617 verum
1818 568 1924 621 est,
1957 557 2199 624 itemque

2296 558 2466 622 ἐστιν,
2499 556 2734 626 ὑπάρχει
2778 554 2966 611 οὐσία·
3018 558 3049 610 6
3089 556 3169 620 δὲ,
3202 556 3261 609 ὃν
3294 558 3472 619 ποιεῖ,
3528 555 3718 624 φόνος,
3768 559 3860 614 οὐκ

619 666 666 721 si
718 664 921 718 malum
955 660 1131 716 cades
1183 668 1286 721 est,
1342 672 1407 710 ac
1438 651 1668 725 proinde
1724 647 1957 715 alicujus
2018 644 2195 708 actio;

2297 649 2446 701 ἐστιν
2470 648 2647 714 οὐσία,
2679 648 2791 702 ἀλλ’
2818 648 2979 720 ἔργον
3028 649 3129 720 τῆς
3158 649 3366 712 οὐσίας.
3402 648 3643 719 Δέγομεν
3682 649 3739 703 δὲ
3776 649 3859 703 τὸν

619 758 793 812 cades
823 756 989 826 igitur
1009 750 1311 808 substantia
1336 762 1458 803 esse
1480 759 1588 799 non
1621 752 1817 812 potest.
1845 738 1963 795 Jam
2006 738 2052 792 si
2077 750 2198 807 qua

2296 740 2615 810 ἄνθρωπον,
2655 740 2789 794 ποτὲ
2826 741 2924 810 μὲν
2974 740 3173 805 κακὸν,
3205 739 3297 794 διὰ
3322 740 3383 794 τὸ
3423 736 3693 809 φονεύειψ
3740 742 3859 797 ποτὶ

619 847 811 917 agendi
842 845 952 898 vim
987 843 1209 907 habent,
1247 856 1310 895 ea
1350 834 1690 895 substantias
1727 846 1849 886 esse
1878 831 1984 896 vis,
2024 827 2198 881 fateor

2294 830 2340 883 δ’
2378 827 2448 885 αὖ
2481 831 2643 884 πάλιν
2688 830 2779 884 διὰ
2820 830 2881 884 τὸ
2913 831 3251 902 εὐεργετεῖν,
3292 831 3524 900 ἀγαθόν’
3568 833 3663 886 καί⁵
3708 849 3859 904 προσ-

619 938 674 993 id
723 936 983 1007 quidem;
1036 935 1201 988 homo
1256 931 1401 985 enim
1456 928 1621 984 cadis
1672 924 1906 993 alicujus
1963 928 2196 985 auctor,

2296 923 2557 977 πλέκεται
2601 922 2775 977 ταῦτα
2805 922 2877 977 τὰ
2907 924 3149 995 ὀνόματα
3190 926 3257 994 τῇ
3286 924 3445 994 οὐσίᾳ
3479 925 3544 977 ὲκ
3585 925 3692 978 τῶν
3732 942 3858 996 σύμ-ο

620 1038 889 1099 quatenus
942 1027 1106 1081 homo
1150 1032 1271 1088 est,
1307 1018 1614 1076 substantia
1644 1015 1889 1086 quadam
1931 1020 2048 1077 est;
2076 1022 2197 1080 qua

2297 1013 2606 1086 ϐεϐηκότων
2646 1015 2814 1086 αὐτῇ,
2856 1014 3017 1069 ἅτινα
3053 1015 3155 1068 οὐκ
3199 1014 3346 1067 ἐστιν
3378 1014 3538 1086 αὕτη.
3583 1014 3717 1069 Οὔτε
3760 1017 3858 1088 γὰρ

621 1133 798 1176 tamen
838 1118 1014 1173 cades
1073 1117 1143 1170 ab
1173 1128 1242 1169 eo
1277 1112 1376 1175 ﬁt,
1437 1125 1498 1165 ea
1546 1123 1654 1162 non
1711 1104 2053 1167 substantia,
2101 1100 2196 1156 sed

2295 1105 2455 1174 φόνος
2474 1106 2619 1159 ἐστὶν
2646 1107 2680 1177 ἡ
2712 1106 2889 1169 οὐσία,
2911 1105 3023 1159 οὔτ’
3052 1102 3119 1159 αὖ
3150 1105 3311 1159 πάλιν
3340 1107 3374 1177 ἡ
3408 1106 3642 1176 μοιχεία,
3668 1106 3785 1159 οὕτε
3810 1124 3857 1159 τι

618 1212 937 1267 substantia
970 1224 1108 1279 opus
1154 1216 1258 1262 est.
1290 1207 1559 1259 Caterum
1591 1199 1869 1253 hominem
1900 1192 2195 1263 aliquando

2293 1195 2405 1249 τῶν
2438 1197 2639 1267 όμοίων
2679 1197 2886 1251 κακῶν.
2932 1197 3070 1250 Ἀλλ’
3111 1196 3301 1269 ὥσπερ
3337 1198 3446 1251 ἀπὸ
3486 1200 3585 1270 τῆς
3615 1216 3855 1270 79:19.94-

619 1304 860 1367 malum,
914 1302 986 1356 ob
1026 1300 1225 1355 cadem
1277 1298 1345 1350 ab
1396 1294 1491 1347 illo
1534 1301 1841 1362 patratam;
1897 1285 2196 1356 aliquando

2293 1287 2453 1357 τικῆς
2478 1289 2507 1340 ό
2536 1288 2920 1359 γραμματικὸς
2948 1288 3185 1357 λέγεται,
3205 1290 3300 1342 καὶ
3326 1289 3435 1343 ἀπὸ
3459 1290 3561 1359 τῆς
3585 1290 3857 1361 ῥητορικῆς

616 1394 821 1447 bonum
882 1398 1107 1460 propter
1154 1384 1479 1442 beneﬁcium
1522 1383 1593 1437 ab
1646 1381 1836 1436 eodem
1886 1377 2191 1449 profectum

2293 1378 2321 1429 6
2351 1379 2554 1449 ῥήτωρ,
2584 1379 2680 1431 καὶ
2713 1380 2821 1432 ἀπὸ
2853 1380 2952 1450 τῆς
2991 1381 3240 1451 ἰατρικῆς
3269 1382 3298 1434 ὁ
3327 1382 3532 1449 ἰατρὸς,
3564 1382 3661 1451 τῆς
3685 1382 3856 1444 οὐσίας

618 1483 991 1552 appellamus;
1027 1493 1149 1550 qua
1181 1476 1427 1538 nomina,
1455 1481 1673 1544 propter
1698 1486 1760 1525 ea
1785 1484 1907 1540 qua
1934 1470 2194 1524 substan-

2292 1468 2403 1522 οὔτ’
2434 1470 2684 1540 ἰατρικῆς
2709 1469 2894 1541 οὔσης,
2924 1470 3048 1524 οὒτε
3082 1472 3187 1543 μὴν
3219 1474 3536 1544 ῥητορικῆς,
3558 1474 3680 1526 οὔτε
3695 1490 3859 1545 γραμ-

618 1576 708 1629 tia
740 1574 1087 1643 contigerint,
1114 1570 1181 1625 ad
1218 1570 1391 1639 ipsam
1420 1567 1804 1621 adharescunt
1833 1563 1923 1617 illa
1947 1561 2191 1632 quidem,

2297 1562 2565 1632 ματικῆς,
2612 1561 2730 1615 ἀλλ’
2793 1562 2901 1616 ἀπὸ
2948 1562 3059 1615 τῶν
3105 1564 3535 1635 συμϐεϐηκότων
3585 1564 3722 1635 αὐτῇ
3770 1564 3858 1635 τὴν

618 1665 930 1721 substantia
980 1673 1159 1717 tamen
1201 1661 1321 1730 ipsa
1372 1672 1480 1712 non
1541 1663 1690 1710 sunt.
1748 1652 1860 1709 Nec
1898 1655 2042 1708 enim
2099 1658 2195 1706 aut
2224 1711 2256 1767 Β

715 1758 728 1767 .
978 1763 989 1767 -
1269 1752 1280 1764 .
1364 1766 1369 1767 ,
1631 1746 1774 1767 _.,__.
1833 1746 2191 1767 -__-.-_____--

2224 1711 2265 1767 Β
2294 1654 2668 1725 προσηγορίαι)
2712 1654 3127 1725 λαμϐανούσης,
3184 1655 3277 1723 ἀφ’
3335 1649 3412 1709 ὧν
3450 1653 3624 1718 οὕτως
3678 1654 3860 1725 ὀνομά-

617 1758 830 1821 cades,
899 1763 996 1810 aut
1050 1752 1381 1808 adulterium
1410 1790 1427 1815 ,
1483 1756 1580 1804 aut
1628 1746 1778 1801 aliud
1828 1746 2193 1816 quodcunque
2224 1742 2255 1767 “

2298 1747 2480 1811 ζεσθαι
2512 1748 2678 1814 δοκεῖ,
2706 1747 2814 1800 οὐδ’
2843 1746 3101 1818 ὁπότερον
3131 1746 3311 1800 αὐτῶν
3355 1742 3523 1801 οὗσα’
3555 1746 3750 1817 ὁμοίως
3778 1762 3862 1817 μοι
3932 1806 3936 1811 ,

620 1851 845 1915 malum,
870 1846 1176 1903 substantia
1200 1852 1307 1899 est.
1338 1842 1445 1897 Sed
1467 1840 1929 1911 quemadmodum
1959 1854 1988 1893 a
2011 1853 2194 1909 gram-

2294 1840 2541 1909 φαίνεται
2585 1840 2679 1892 καὶ
2707 1837 2817 1892 ἀπὸ
2868 1837 2977 1890 τῶν
3021 1838 3318 1891 δοκούντων
3365 1834 3508 1892 εἶναι
3553 1838 3731 1892 κακῶν
3772 1839 3862 1910 τὴν

620 1943 817 1996 matica
861 1937 1318 2010 grammaticum,
1392 1934 1670 1989 rhetorem
1716 1948 1745 1988 a
1802 1932 2108 1997 rhetorica,
2160 1945 2193 1985 a

2291 1930 2479 1985 οὐσίαν
2516 1930 2686 2001 ὄνομα
2739 1928 3209 2000 προσλαμϐάνειν,
3253 1930 3359 1983 οὐδ’
3414 1930 3673 2003 ὁπότερον
3712 1926 3862 1985 οὖσαν

619 2030 887 2086 medicina
919 2027 1188 2082 medicum
1234 2024 1616 2090 nominamus,
1647 2038 1771 2076 cum
1807 2031 1986 2077 tamen
2019 2033 2195 2090 neque

2294 2022 2491 2076 αὐτῶν.
2541 2022 2651 2075 Καί
2709 2040 2799 2092 μοι
2843 2022 3046 2092 ὁμοίως
3100 2022 3406 2093 ἐπινόησον,
3441 2024 3497 2076 εἴ
3522 2041 3645 2077 τινα
3693 2024 3863 2094 ἕτερον

618 2121 886 2176 medicina
921 2157 936 2181 ,
993 2131 1171 2187 neque
1222 2116 1496 2171 rhetorica
1522 2153 1538 2179 ,
1605 2129 1783 2183 neque
1837 2112 2195 2183 grammatica

2293 2112 2652 2176 ἀναπλάττεις
2701 2114 2760 2165 ὲν
2813 2112 2891 2183 τῷ
2938 2111 3015 2183 νῷ
3043 2112 3151 2165 τῶν
3184 2112 3370 2166 κακῶν
3421 2117 3538 2177 τοῖς
3573 2113 3865 2187 ἀνθρώποις

618 2212 928 2268 substantia
967 2211 1087 2277 sit;
1141 2208 1236 2264 sed
1288 2216 1501 2262 tantum
1542 2207 1707 2261 exiis
1750 2221 1872 2275 qua
1903 2204 2007 2260 sibi
2070 2216 2196 2259 eve-

2294 2207 2466 2261 αἴτιον
2489 2244 2505 2270 ,
2540 2206 2615 2269 ὼς
2663 2206 2912 2267 κάκεῖνος
2935 2243 2951 2268 ,
2990 2205 3126 2259 καθὸ
3168 2206 3226 2258 ὲν
3280 2206 3495 2270 τούτοις
3529 2208 3739 2278 ἐνεργεῖ
3781 2207 3865 2260 καὶ

616 2307 811 2370 niunt,
864 2304 1006 2358 hanc
1060 2301 1344 2356 nominum
1378 2314 1616 2369 quorum
1666 2299 1783 2367 ipsa
1829 2298 2041 2352 nullutn
2088 2305 2194 2362 εει,

2295 2298 2588 2352 ὐποὸάλλει
2619 2300 2792 2351 ποιεῖν
2828 2298 2897 2351 τά
2929 2296 3108 2361 κακὰ,
3140 2296 3255 2351 ἐστι
3287 2299 3380 2351 καὶ
3423 2299 3589 2362 αὐτὸς
3632 2298 3790 2361 κακὸς
3813 2297 3867 2362 ἐξ

616 2397 935 2452 varietatem
995 2394 1297 2459 sortiatur;
1335 2393 1417 2446 sic
1457 2392 1528 2445 ab
1568 2391 1638 2444 iis
1676 2404 1798 2459 qua
1836 2390 2000 2459 vulgo
2052 2389 2194 2444 mala

2295 2384 2372 2445 ὧν
2394 2392 2556 2444 ποιεῖ.
2580 2388 2679 2443 Διὰ
2707 2388 2865 2442 τοῦτο
2881 2388 2991 2460 γὰρ
3013 2389 3261 2452 κάκεῖνος
3290 2390 3463 2454 κακὸς
3488 2387 3623 2444 εἶναι
3644 2391 3864 2459 λέγεται,

617 2492 935 2550 censentur,
966 2483 1292 2539 substantia
1326 2496 1528 2536 nomen
1572 2480 1777 2549 imponi
1807 2487 2019 2542 statuo,
2053 2494 2195 2547 quo-

2294 2483 2377 2537 ὅτι
2403 2482 2513 2536 τῶν
2576 2481 2764 2535 κακῶν
2811 2483 2929 2534 ἐστι
2980 2484 3239 2554 ποιητής’
3272 2482 3309 2537 ἃ.
3334 2482 3393 2536 δέ
3444 2501 3531 2548 τις
3580 2482 3868 2547 ποιεῖ,ούκ

615 2593 741 2633 rum
776 2585 960 2631 tamen
996 2575 1113 2645 ipsa
1149 2572 1360 2628 nullum
1392 2580 1499 2627 est.
1527 2570 1762 2625 Perinde
1808 2579 1990 2625 autem
2019 2569 2198 2639 philo-

2296 2576 2443 2629 ἐστιν
2471 2574 2663 2639 αὐτὸς,
2696 2574 2811 2628 ἀλλ’
2863 2575 2920 2627 αἰ
2977 2575 3249 2646 ἐνέργειαι
3280 2575 3472 2639 αὐτοῦ,
3505 2576 3600 2645 ἀφ’
3656 2568 3732 2629 ὧν
3780 2572 3869 2644 τὴν

616 2667 839 2739 sophari
876 2665 1064 2728 debes,
1096 2672 1156 2719 ut
1183 2663 1356 2718 alium
1386 2663 1631 2732 aliquem
1668 2662 1986 2717 hominibus
2021 2660 2197 2715 malo-

2296 2666 2669 2738 προσηγορίαν
2719 2664 2815 2719 τοῦ
2859 2666 3029 2729 κακὸς
3060 2665 3314 2735 λέγεσθαι
3344 2667 3637 2738 λαμϐάνει.
3678 2667 3740 2719 Εἰ
3771 2666 3871 2737 γὰρ

616 2777 741 2817 rum
758 2767 1040 2814 auctorem
1066 2757 1253 2810 animo
1275 2764 1331 2811 et
1361 2754 1693 2824 cogitatione
1722 2756 1919 2824 ﬁngas,
1960 2767 2199 2822 eumque

2306 2758 2459 2813 αὑτὸν
2485 2758 2751 2829 ὑπάρχειν
2785 2758 3068 2827 εἴποιμεν,
3098 2756 3135 2811 ἃ
3169 2760 3346 2822 ποιεῖ,
3396 2761 3545 2811 ποιεῖ
3578 2758 3636 2812 δὲ
3671 2757 3871 2826 φόνους,
3942 2786 3944 2791 ι

617 2852 890 2916 similiter,
923 2857 1195 2920 quatenus
1220 2847 1275 2901 in
1307 2846 1440 2916 ipsis
1470 2844 1615 2900 male
1650 2844 1842 2914 agendi
1871 2843 2197 2913 principium

2299 2850 2395 2904 καὶ
2428 2849 2700 2921 μοιχείας,
2728 2850 2822 2902 καὶ
2853 2848 3060 2911 κλοπὰς
3084 2889 3101 2915 ,
3145 2850 3240 2902 καὶ
3277 2850 3380 2902 ὅσα
3426 2850 3641 2914 τούτοις
3685 2850 3869 2919 ὃμοια,

617 2953 673 2998 ει
704 2957 874 2997 causa
903 2938 1151 3010 quadam
1175 2947 1279 3001 est,
1313 2938 1385 2992 ob
1412 2937 1503 2991 illa
1538 2936 1655 3006 ipsa
1683 2950 1807 3006 qua
1835 2936 1968 3007 agit,
1992 2936 2195 2989 malum

2299 2940 2465 3004 αὐτὸς
2506 2939 2661 2994 («at
2683 2938 2874 2993 ταῦτα.
2903 2940 2967 2992 Εἰ
2998 2940 3057 2992 δὲ
3084 2938 3238 2992 ταῦτ’
3284 2939 3436 2993 ἐστὶν
3473 2939 3669 3003 αὐτὸς,
3714 2937 3874 2991 ταῦτα

619 3048 765 3089 εεεε.
796 3030 937 3085 Nam
973 3030 1155 3085 malus
1185 3029 1373 3098 utique
1390 3028 1591 3082 dicitur
1624 3028 1743 3095 ipse
1777 3041 2017 3097 quoque,
2052 3027 2199 3096 quod
2226 3038 2257 3097 ε

2236 3038 2268 3097 [ζ
2299 3032 2345 3086 δ’
2370 3032 2460 3086 ὅτε
2488 3031 2695 3099 γίνεται
2727 3031 2827 3101 τὴν
2860 3030 3119 3083 σύστασιν
3144 3030 3278 3101 ἔχει,
3315 3030 3376 3083 ού
3409 3031 3672 3102 γινόμενα
3705 3029 3759 3083 δὲ
3790 3029 3874 3081 καὶ

619 3128 893 3184 malorum
928 3133 1124 3179 auctor
1159 3123 1275 3193 ipse
1316 3120 1421 3185 sit;
1458 3134 1580 3190 qua
1606 3131 1770 3189 porro
1802 3118 1928 3187 quis
1973 3118 2105 3188 agit,
2130 3133 2194 3173 ea

2290 3121 2386 3177 τοῦ
2413 3119 2553 3175 εἶναι
2582 3120 2836 3186 παύεται,
2868 3120 3080 3189 γίνεται
3104 3120 3162 3174 δὲ
3190 3121 3361 3176 ταῦτα
3390 3121 3531 3195 πρὸς
3558 3119 3868 3193 ἀνθρώπιον,

619 3233 733 3273 non
808 3216 923 3287 jam
999 3216 1146 3284 ipse,
1226 3210 1323 3267 sed
1407 3211 1582 3281 ipsius
1661 3218 1872 3264 tantum
1951 3208 2196 3264 actiones

2296 3216 2511 3269 ἔσονται
2560 3214 2765 3268 τούτων
2790 3212 2903 3283 (25)
2936 3214 2985 3266 οἰ
3040 3212 3318 3284 ἄνθρωποι
3364 3215 3621 3285 ποιηταὶ,
3656 3214 3748 3267 καὶ
3789 3212 3874 3264 τοῦ

618 3308 870 3380 quadam
902 3315 1053 3370 sunt,
1080 3304 1225 3360 unde
1253 3303 1383 3360 mali
1418 3317 1619 3357 nomen
1660 3302 1865 3357 haurit.
1901 3299 2196 3356 Enimvero

2295 3300 2437 3358 εἶναι
2451 3303 2547 3357 καὶ
2564 3303 2660 3356 τοῦ
2684 3303 2872 3374 μηκέτ’
2895 3297 3036 3356 εἶναι
3052 3302 3233 3357 αῖτιοι.
3247 3303 3311 3356 Εἰ
3335 3302 3393 3356 δὲ
3411 3303 3590 3358 ταῦτα
3616 3300 3876 3373 ἐνεργείας

620 3401 668 3456 si
688 3414 811 3470 qua
832 3414 863 3453 a
886 3411 1106 3468 quoque
1125 3394 1283 3460 ﬁunt,
1301 3392 1490 3449 eadem
1515 3392 1692 3461 ipsum
1717 3405 1841 3445 esse
1860 3390 2194 3456 diceremus;

2296 3392 2463 3448 αὑτοῦ
2484 3434 2499 3459 ,
2525 3394 2663 3464 φής’
2698 3391 2759 3458 ἐξ
2788 3386 2862 3446 ὧν
2892 3393 3063 3459 ποιεῖ,
3108 3392 3168 3446 τὸ
3207 3393 3378 3456 κακὸς
3424 3390 3565 3448 εἶναι
3597 3395 3743 3465 ἔχει,
3786 3392 3878 3445 οὐκ

622 3509 749 3549 cum
773 3492 949 3547 cades
966 3529 981 3553 .
1006 3487 1297 3554 adulteria,
1326 3485 1474 3541 furta
1491 3525 1506 3551 ,
1538 3484 1755 3553 aliaque
1792 3480 1848 3537 id
1875 3496 2048 3553 genus
2072 3495 2194 3537 sce-

2297 3485 2360 3553 ὲξ
2384 3479 2459 3542 ὧν
2484 3488 2631 3540 ἐστιν
2661 3487 2694 3557 ἡ
2724 3485 2903 3541 οὐσία.
2935 3485 3121 3539 Κακὺν
3145 3486 3205 3540 δὲ
3232 3485 3465 3557 εἴπομεν
3502 3487 3754 3556 λέγεσθαι
3778 3483 3876 3539 ἀπὸ

619 3585 733 3640 lera
761 3583 831 3637 ab
864 3582 1050 3651 aliquo
1074 3584 1451 3650 patrarentur,
1490 3576 1607 3630 hac
1639 3573 1823 3629 omnia
1858 3573 2025 3628 simul
2053 3586 2198 3626 unus

2297 3578 2407 3634 τῶν
2461 3576 2887 3649 συμϐεόηκότων
2936 3580 3003 3649 τῇ
3050 3577 3248 3648 οὐσίᾳ,
3293 3578 3455 3633 ἅτινα
3498 3579 3603 3632 οὐκ
3649 3579 3791 3631 ἐστιν
3844 3577 3874 3645 ή

622 3674 876 3743 idemque
899 3671 1060 3726 foret.
1085 3668 1370 3739 Ejusmodi
1409 3682 1575 3737 porro
1608 3665 1657 3720 si
1686 3665 1826 3729 erit;
1848 3679 1974 3719 cum
2009 3663 2200 3718 isthae

2298 3671 2487 3737 οὐσία,
2519 3670 2595 3733 ὡς
2627 3668 2737 3723 ἀπὸ
2770 3670 2870 3741 τῆς
2915 3669 3203 3741 ἰατρικῆς,
3264 3670 3470 3739 ἰατρόν.
3517 3672 3581 3724 Εἰ
3617 3670 3676 3723 δὲ
3727 3668 3783 3734 ἐξ
3810 3660 3876 3721 ὧν

622 3766 807 3822 omnia
826 3773 940 3819 tum
968 3764 1236 3819 exsistant
1267 3759 1431 3814 modo
1459 3774 1584 3815 cum
1618 3758 1776 3823 ﬁunt,
1795 3772 1860 3811 ac
1883 3756 2047 3812 simul
2079 3770 2202 3811 esse

2298 3763 2533 3833 ὶνεργεῖ,
2565 3758 2740 3833 ἀρχὴν
2767 3760 2863 3814 τοῦ
2894 3755 3035 3813 εἶναι
3064 3759 3332 3831 λαμϐάνει
3353 3802 3368 3828 ,
3403 3760 3613 3831 ἤρξατο
3644 3761 3881 3819 κάκεῖνος

623 3858 880 3914 desinant
918 3870 1043 3910 cum
1081 3852 1195 3908 ﬁeri
1226 3852 1508 3917 desinunt,
1538 3850 1673 3903 ﬁant
1710 3857 1892 3903 autem
1924 3847 1991 3901 ab
2024 3846 2202 3900 homi-

2302 3848 2443 3906 εῖναι
2481 3850 2685 3915 κακὸς,
2730 3850 2932 3922 ῆρξατο
2959 3851 3017 3904 δὲ
3067 3851 3163 3904 καὶ
3198 3851 3356 3905 ταυτί
3385 3850 3460 3905 τὰ
3513 3851 3682 3905 κακά.
3729 3852 3791 3904 Εἰ
3832 3848 3884 3902 δὲ

624 3950 825 4015 nibus;
867 3946 1118 4001 homines
1153 3955 1301 3999 certe
1336 3942 1579 4012 quidem,
1610 3950 1671 3995 ut
1702 3955 1894 3994 eorum
1937 3937 2196 4002 artiﬁces,

2304 3943 2476 4005 οὕτως
2506 3941 2641 4014 ἔχει,
2668 3940 2770 3995 οὐκ
2794 3941 2943 3995 ἔσται
2976 3941 3227 4013 άνάρχως
3256 3942 3448 4007 κακὸς,
3475 3944 3600 3996 οὐδὲ
3626 3941 3886 4011 άγέννητα

623 4041 704 4095 sic
725 4048 780 4093 et
818 4036 1177 4107 quamobrem
1221 4033 1311 4087 illa
1353 4031 1517 4086 modo
1565 4030 1695 4095 sint,
1732 4031 1895 4085 modo
1926 4043 2036 4083 non
2065 4029 2197 4094 sint,

2075 4029 2197 4094 Ξὶιιι,
2306 4035 2377 4090 τὰ
2406 4034 2573 4101 κακὰ,
2606 4033 2685 4105 τῷ
2720 4033 2958 4105 γεννητὰ
2988 4031 3126 4105 πρὸς
3157 4033 3321 4087 αὐτοῦ
3350 4028 3497 4090 εἶναι
3528 4034 3713 4105 φάναι.

622 4144 804 4186 causa
837 4130 1059 4199 ipsimet
1094 4134 1275 4181 erunt.
1334 4122 1489 4191 Quod
1529 4121 1575 4176 si
1616 4121 1861 4191 ejusdem
1911 4120 2156 4177 actiones
2183 4160 2199 4185 ,

624 4225 731 4283 ista
761 4237 886 4278 esse
921 4220 1218 4284 concedis;
1254 4234 1321 4273 ex
1358 4218 1427 4272 iis
1457 4224 1667 4271 tantum
1694 4231 1817 4286 qua
1844 4216 2057 4282 fecerit,
2094 4232 2204 4272 non
2240 4229 2309 4275 ex
2347 4233 2417 4274 tts
2445 4219 2647 4289 quibus
2678 4218 2984 4275 substantia
3013 4225 3249 4285 constat,
3290 4218 3339 4274 is
3379 4219 3571 4287 habet,
3615 4228 3680 4277 ut
3716 4219 3887 4276 malus

626 4319 720 4373 sit.
755 4316 882 4372 Mali
901 4317 1048 4370 enim
1113 4314 1552 4385 appellationem,
1600 4327 1668 4367 ex
1700 4312 1767 4366 iis
1790 4327 1912 4382 qua
1952 4314 2276 4370 substantia
2315 4316 2662 4387 contingunt,
2694 4330 2925 4387 quaque
2964 4316 3276 4372 substantia
3302 4316 3418 4387 ipsa
3454 4332 3570 4372 non
3618 4328 3769 4381 sunt,
3798 4332 3883 4387 ρει

628 4412 852 4469 tendum
884 4427 1006 4467 esse
1052 4411 1330 4474 diximus,
1383 4408 1847 4478 quemadmodum
1886 4424 1915 4463 a
1958 4410 2227 4467 medicina
2284 4412 2556 4468 medicum
2605 4412 2979 4468 nominamus.
3024 4410 3182 4467 Nunc
3245 4426 3417 4477 vero,
3466 4412 3515 4467 si
3561 4427 3663 4483 pro
3708 4422 3881 4467 rerum

626 4525 752 4580 qua
816 4509 887 4564 ab
930 4524 998 4563 eo
1028 4508 1200 4573 ﬁunt,
1266 4505 1603 4569 conditione,
1640 4504 1972 4560 cuicuimodi
2016 4520 2139 4561 esse
2195 4506 2431 4576 primum
2507 4508 2769 4577 incipiat:
2816 4507 2961 4562 idem
3018 4521 3237 4577 quoque
3294 4507 3474 4563 malus
3524 4522 3650 4563 esse
3704 4506 3881 4575 capit.

627 4606 855 4674 ipsaque
880 4602 1017 4657 adeo
1057 4602 1202 4656 mala
1253 4600 1419 4657 simul
1461 4614 1585 4654 esse
1650 4608 1957 4669 caperunt.
1992 4598 2053 4654 Id
2086 4601 2259 4670 quod,
2296 4601 2343 4656 si
2377 4617 2566 4656 verum
2595 4610 2699 4668 est,
2735 4614 2913 4671 neque
2956 4601 3134 4655 malus
3169 4601 3392 4655 malitia
3427 4614 3546 4655 sua
3592 4598 3880 4671 principio,

626 4713 805 4767 neque
836 4697 980 4751 mala
1010 4698 1130 4767 ipsa
1164 4706 1286 4751 ortu
1326 4696 1630 4759 carebunt,
1674 4710 1798 4749 cum
1834 4695 1903 4749 ab
1944 4694 2040 4749 illo
2066 4695 2310 4765 profecta
2340 4712 2465 4753 esse
2496 4697 2773 4753 dicantur.

698 4790 787 4846 Vl.
815 4792 1080 4847 Praelare
1106 4800 1162 4846 tu
1188 4792 1406 4862 quidem
1435 4802 1490 4846 et
1512 4790 1729 4845 abunde
1762 4792 2065 4859 superioris
2087 4790 2202 4861 opi-
2231 4798 2277 4852 D

2246 4798 2277 4852 ἰ)
2374 4793 2467 4848 Vl.
2500 4794 2603 4847 Τὸν
2631 4793 2732 4864 μὲν
2764 4793 2901 4865 πρὸς
2934 4792 3025 4846 τὸν
3059 4791 3277 4864 ἕτερον,
3318 4785 3364 4846 ὦ
3395 4792 3519 4862 φίλε
3541 4830 3556 4859 ,
3589 4793 3749 4861 λόγον
3774 4787 3884 4843 ἰκαι

625 4884 809 4939 nionis
843 4898 1080 4938 errorem
1105 4924 1121 4949 ,
1167 4900 1201 4938 ο
1231 4884 1404 4937 amice
1427 4923 1443 4949 ,
1478 4890 1585 4936 tam
1635 4882 1912 4937 luculenta
1952 4882 2204 4952 disputa-

2300 4884 2406 4947 νῶς
2452 4900 2542 4955 μοι
2590 4883 2919 4953 πεποιῆσθαι
2968 4883 3165 4945 δοκεῖς·
3216 4882 3276 4947 ἐξ
3316 4876 3391 4936 ὧν
3435 4885 3549 4955 γὰρ
3583 4880 3882 4956 προύλαὸες

626 4976 778 5030 tione
818 4974 1151 5040 confutasti;
1189 4988 1256 5027 ex
1302 4973 1371 5028 iis
1410 4973 1557 5029 enim
1596 4988 1720 5042 qua
1763 4980 1889 5028 ante
1920 4988 2203 5042 posueras,

2298 4974 2376 5045 τῷ
2408 4974 2571 5044 λόγῳ,
2594 4976 2659 5027 ὲκ
2689 4973 2893 5028 τούτων
2920 4973 3170 5040 συνάγειν
3202 4972 3386 5037 ἔδοξας
3418 4974 3627 5039 καλῶς.
3646 4975 3734 5039 Ὠς
3759 4972 3882 5042 ἁλη·

628 5066 845 5135 egregic
887 5063 1132 5119 confecta
1176 5079 1265 5118 res
1312 5071 1419 5119 est.
1473 5062 1803 5128 Enimvero,
1856 5062 1905 5118 si
1944 5065 2207 5133 qualitate

2301 5064 2411 5129 θῶς
2434 5064 2563 5135 γὰρ,
2594 5066 2644 5117 εί
2676 5063 2866 5127 ἄποιος
2903 5060 3201 5133 ἐτύγχανεν
3239 5064 3275 5134 ὴ
3322 5062 3445 5133 ὕλη,
3481 5064 3596 5118 τῶν
3649 5064 3707 5118 δὲ
3739 5078 3880 5116 ποιο-

629 5158 781 5212 omni
814 5157 1065 5227 Spoliata,
1105 5157 1331 5210 materia
1363 5163 1512 5220 erat;
1547 5154 1885 5224 proindeque
1908 5155 1954 5209 si
1984 5164 2040 5209 et
2068 5170 2207 5225 qua-

2300 5157 2477 5227 τήτων
2505 5154 2832 5226 δημιουργὸς
2862 5154 3096 5224 ὑπάρχει
3143 5155 3172 5205 6
3206 5152 3340 5217 Θεὸς
3360 5193 3375 5217 ,
3410 5155 3700 5225 ποιότητες
3736 5153 3791 5206 δὲ
3820 5150 3884 5204 τὰ

628 5250 842 5303 litatum
892 5257 1085 5303 auctor
1133 5246 1277 5302 Deus
1320 5254 1438 5311 est,
1484 5255 1538 5300 et
1580 5245 1873 5314 qualitates
1917 5246 2034 5299 ista
2062 5246 2206 5299 mala

2301 5245 2468 5310 κακὰ,
2500 5244 2609 5299 τῶν
2637 5244 2823 5299 κακῶν
2865 5245 2982 5296 ὲστι
3022 5243 3251 5315 ποιητὴς
3300 5244 3331 5298 6
3379 5244 3536 5307 Θεός.
3575 5236 3746 5308 Οὗτος
3791 5243 3883 5313 μὲν

630 5350 782 5402 sunt,
813 5338 980 5391 Deum
1026 5337 1187 5406 plane
1231 5337 1501 5390 malorum
1546 5344 1826 5389 auctorem
1859 5349 1982 5389 esse
2008 5350 2205 5390 conse-

2304 5332 2396 5390 οὖν
2428 5340 2457 5390 6
2485 5336 2641 5404 λόγος
2682 5335 2817 5407 πρὸς
2859 5336 3064 5388 ἐκεῖνον
3101 5335 3340 5407 εἰρήσθω
3384 5335 3585 5400 καλῶς.
3635 5334 3789 5407 Ἐμοὶ
3830 5330 3884 5385 δὲ

630 5429 836 5499 quitur.
868 5428 1048 5493 Quare
1084 5425 1231 5496 quod
1267 5426 1507 5496 priorem
1543 5425 1690 5479 illam
1728 5425 2053 5480 sententiam
2083 5425 2212 5479 atti-

2300 5428 2493 5498 ψεῦδος
2524 5428 2670 5481 δοκεῖ
2702 5427 2800 5498 τὴν
2838 5427 2967 5497 ὕλην
2998 5428 3184 5482 ἄποιον
3207 5421 3346 5480 εἶναι
3378 5424 3582 5493 λέγειν.
3619 5424 3754 5479 Οὐδὲ
3784 5423 3880 5491 γὰρ

705 5564 815 5635 (25)
866 5566 1149 5635 Ἔσονται
1186 5564 1453 5635 τούτων.
1516 5561 1933 5635 ’Δσυλλόγιστοςμ
1992 5562 2209 5635 videtur
2303 5580 2343 5620 at

2303 5565 2579 5620 actionum
2612 5564 2912 5619 mutatione
2935 5564 3156 5628 mutari,
3188 5579 3311 5632 qua
3343 5563 3757 5635 suigtantopere
3777 5558 3879 5616 diae

635 5633 739 5715 ista
755 5632 1069 5716 conclusio.
1097 5633 1464 5716 Referendum
1487 5634 1629 5716 enim
1658 5632 1837 5701 potius
1860 5632 2073 5716 fuisset,
2108 5634 2206 5687 lto-
2304 5636 2522 5703 similis,
2553 5649 2677 5692 esse
2700 5635 2859 5691 toties
2886 5642 2939 5690 et
2962 5634 3227 5705 inciperet
3257 5642 3312 5689 et
3338 5632 3639 5690 desineret.

637 5710 800 5759 minis
827 5719 1045 5776 qquue
1078 5712 1353 5771 naturam,
1379 5719 1478 5775 pro
1508 5710 1655 5758 tanta
1688 5717 1870 5759 rerum
1896 5710 2123 5760 istarum
2152 5713 2207 5759 et
