4148 6404
400 272 541 327 154)

1426 262 1609 323 LIBRI
1640 266 1728 323 DE
1761 262 2073 323 MATERIA
2114 262 2615 324 FRAGMENTUM.

3522 271 3661 329 I550

398 392 608 445 ἔνεστιν
632 390 808 442 είπεῐν
840 386 968 458 περὶ
1000 385 1317 458 ἡστινοσοῦν
1349 388 1530 451 αἰτίας
1561 386 1693 459 (26),
1724 388 1800 452 ὡς
1834 387 1981 441 ἔστιν

2087 395 2206 451 net,
2255 386 2325 440 ab
2357 400 2420 441 ea
2469 401 2592 440 sum
2628 394 2719 440 tua
2770 384 2874 441 hac
2918 386 3129 441 ratione
3177 387 3463 446 deductus.
3507 389 3658 447 Esto.

397 485 609 546 ἄποιος.
637 483 748 536 Καὶ
780 482 890 553 γὰρ
928 484 986 534 ἐν
1023 474 1070 549 ᾧ
1093 480 1280 535 ἄποιον
1312 476 1449 534 εἶναι
1480 480 1626 549 λέγει
1647 520 1661 545 ,
1695 480 1794 552 τὴν
1827 481 1979 534 ποιό-

400 593 542 646 τητα
556 574 728 645 αὐτῆς
748 573 960 645 μηνύει,
984 573 1143 627 ὁποία
1174 573 1321 626 ἐστὶν
1343 575 1376 643 ή
1404 572 1503 644 ὐλη
1524 572 1978 644 διαγραφόμενος,

399 669 540 739 ὅπερ
569 667 718 721 ἐστὶν
747 667 1032 737 ποιότητος
1074 661 1229 729 εἶδος.
1265 665 1425 718 Ὅθεν
1456 664 1510 716 εἴ
1547 681 1629 718 σοι
1659 664 1811 733 φίλον
1843 665 1979 728 ἐστὶ,

372 758 608 813 νᾶνωθεν
651 759 774 830 έχου
816 758 953 830 πρὸς
995 758 1096 828 ἐμὲ
1146 757 1239 811 τοῦ
1283 757 1461 826 λόγου·
1510 757 1632 827 ἐμοὶ
1664 757 1771 827 γάρ
1802 756 1979 828 ή·ὔλη

402 851 655 922 ἀνάρχως
686 850 979 921 ποιότητας
1014 850 1163 921 ἔχειν
1203 849 1369 903 δοκεῖ.
1418 848 1603 912 Οὕτως
1650 849 1758 917 γάρ
1790 849 1887 903 καὶ
1916 849 1984 903 τὰ

402 942 550 995 κακὰ
586 942 653 994 ἐκ
688 940 790 1011 τῆς
826 942 1127 1013 ἀπορροίας
1163 940 1336 1010 αὐτῆς
1378 936 1517 992 εἶναι
1548 938 1711 1007 λέγω,
1754 940 1841 994 ἵνα
1874 939 1982 991 τῶν

401 1029 589 1083 κακῶν
621 1032 650 1083 ό
681 1031 780 1101 μὲν
800 1030 932 1094 Θεὸς
959 1031 1198 1094 ἀναίτιος
1230 1028 1286 1104 ᾖ,
1325 1030 1531 1084 τούτων
1568 1030 1624 1083 δὲ
1663 1030 1918 1084 ἁπάντων
1945 1033 1981 1102 ή

405 1121 506 1191 ὕλη
536 1122 704 1175 αἰτία.
733 1122 842 1192 Τὴν
884 1122 981 1193 μὲν
1010 1122 1321 1194 προθυμίαν
1352 1123 1451 1195 τὴν
1483 1123 1583 1195 σὴν
1620 1123 1980 1194 ἀποδέχομαι,

403 1206 450 1266 ὦ
483 1213 624 1281 φίλε,
661 1214 754 1267 καί
788 1232 880 1268 σου
911 1216 1010 1285 τὴν
1044 1217 1101 1268 ὲν
1142 1219 1253 1279 τοῖς
1278 1215 1454 1283 λόγοις
1485 1215 1720 1286 σπουδὴν
1752 1216 1979 1271 ἐπαινῶ.

404 1308 657 1377 Προσῆκε
689 1306 799 1378 γὰρ
842 1306 918 1370 ὡς
960 1306 1176 1377 ἀληθῶς
1215 1308 1446 1361 ἕκαστον
1484 1306 1595 1362 τῶν
1642 1306 1980 1378 φιλομαθῶν,

406 1400 483 1470 μὴ
516 1398 722 1461 ἁπλῶς,
756 1398 849 1451 καὶ
873 1399 949 1462 ὡς
972 1399 1129 1470 ἔτυχε
1164 1396 1657 1469 συγκατατίθεσθαι
1689 1404 1800 1464 τοῖς
1830 1401 1984 1470 λεγο-

408 1488 611 1560 μένοις,
649 1488 762 1541 ἀλλ’
795 1490 997 1561 ἀκριϐῆ
1032 1491 1301 1545 ποιεῖσθαι
1334 1491 1432 1562 τὴν
1464 1491 1708 1556 ἐξέτασιν
1749 1492 1858 1546 τῶν
1898 1492 1985 1546 λό-

403 1597 535 1649 γων.
573 1580 708 1635 Οὐδὲ
740 1582 848 1653 γὰρ
896 1582 945 1634 εί
987 1583 1015 1635 ό
1062 1583 1408 1654 προσζητῶν,
1449 1583 1758 1655 παράλογον
1795 1582 1983 1657 ὁρισά-

407 1689 568 1743 μενος
601 1674 854 1745 άφορμὴν
895 1674 1039 1746 (27),
1081 1676 1321 1748 παρέσχε
1352 1674 1430 1745 τῷ
1476 1677 1984 1748 προσδιαλεγομένῳ

405 1765 662 1834 συνάγειν
694 1767 770 1830 ὡς
803 1765 999 1830 ἐθέλει,
1033 1766 1190 1820 τοῦτο
1223 1768 1318 1821 καὶ
1349 1767 1440 1822 τὸν
1476 1769 1751 1841 ἀκροατὴν
1783 1769 1982 1822 πείσει’

402 1854 520 1907 ἀλλ’
554 1855 610 1907 εί
636 1873 688 1909 τι
724 1854 833 1925 (28)
874 1858 1022 1910 δοκεῖ
1060 1857 1285 1911 δυνατὸν
1316 1855 1455 1912 εἶναι
1497 1859 1748 1928 λέγεσθαι
1779 1860 1982 1925 καλῶς,

404 1945 563 1999 τοῦτο
586 1945 751 2011 λέξει.
776 1948 914 2019 Παρ’
935 1940 1009 2002 ὧν
1032 1948 1177 2001 δυοῖν
1205 1948 1431 2021 θάτερον
1453 1949 1625 2003 ἔσται·
1653 1951 1685 2022 ἢ
1715 1951 1824 2023 γὰρ
1848 1952 1984 2024 πρὸς

402 2038 433 2090 ὂ
475 2038 742 2093 κινεῖσθαι
786 2038 935 2092 δοκεῖ
972 2038 1210 2102 ἀκούσας
1250 2039 1430 2093 τέλεον
1470 2041 1913 2114 ὠφεληθήσεται,
1947 2043 1980 2114 ἢ

402 2129 495 2183 τὸν
544 2128 1069 2201 προσδιαλεγόμενον
1106 2130 1313 2199 ἐλέγξει
1370 2133 1432 2184 οὐ
1474 2132 1683 2204 τάληθῆ
1731 2134 1977 2202 λέγοντα.

400 2222 478 2275 υύ
507 2222 684 2285 δοκεῖς
711 2223 767 2276 δέ
800 2240 891 2293 μοι
914 2222 1144 2286 δεόντως
1173 2225 1453 2296 εἰρηκέναι
1476 2226 1576 2296 τὴν
1611 2224 1744 2297 ὓλην
1772 2225 1980 2280 άνωθεν

401 2313 698 2382 ποιότητας
718 2311 880 2382 ἔχειν.
902 2313 964 2365 El
991 2313 1099 2384 γὰρ
1132 2312 1274 2366 τοῦθ’
1297 2314 1471 2378 οὕτως
1497 2316 1630 2385 ἔχει,
1655 2316 1799 2379 τίνος
1828 2316 1981 2369 ἔσται

401 2403 634 2475 ποιητὴς
662 2406 692 2458 ό
721 2404 887 2468 Θεός;
917 2404 1043 2458 Εἴτε
1070 2405 1181 2476 γὰρ
1224 2405 1412 2469 οὐσίας
1443 2407 1675 2479 ἐροῦμεν
1694 2448 1708 2473 ,
1734 2412 1984 2479 προεῖναι

399 2494 605 2559 ταύτας
636 2495 838 2566 φαμέν.
866 2496 981 2549 Εἶτ’
1012 2492 1079 2551 αὖ
1120 2498 1283 2552 πάλιν
1323 2499 1633 2571 ποιότηταςο
1660 2500 1755 2553 καὶ
1779 2500 1984 2565 ταύτας

400 2585 672 2658 ὑπάρχειν
726 2587 979 2659 λέγομεν.
1041 2589 1250 2643 Οὐκοῦν
1305 2591 1493 2655 οὐσίας
1547 2608 1606 2644 τε
1663 2591 1830 2661 οὔσης
1887 2594 1985 2648 καὶ

398 2682 723 2749 ποιοτήτων,
786 2679 1042 2751 περιττὸν
1105 2677 1245 2735 εἶναί
1304 2700 1394 2748 μοι
1450 2683 1597 2737 δοκεῖ
1651 2684 1983 2758 δημιουργὸν

398 2767 577 2836 λέγειν
609 2769 702 2822 τὸν
738 2769 889 2824 Θεόν.

2083 475 2244 531 Nunc
2270 485 2454 531 autem
2502 475 2702 531 falsum
2748 476 2883 531 illud
2926 477 3061 531 mihi
3109 477 3347 543 videtur,
3379 482 3663 537 materiam

2083 565 2441 635 qualitatibus
2471 580 2702 621 vacuam
2738 565 2930 622 fuisse.
2969 566 3108 623 Nam
3153 569 3465 625 substantia
3510 572 3660 628 nulla

2082 656 2348 726 qualitate
2370 657 2519 711 omni
2553 672 2742 713 carere
2768 659 2873 713 dici
2904 668 3255 728 potest:cum
3284 677 3352 717 eo
3378 663 3520 733 ipso,
3552 679 3666 735 quo

2085 748 2370 804 materiam
2400 748 2528 819 quis
2549 750 2701 803 omni
2732 751 2995 819 qualitate
3032 753 3325 822 spoliatam
3366 770 3488 811 esse
3517 756 3664 811 dice-

2056 870 2059 873 -
2086 850 2188 905 ret,
2223 842 2501 911 propriam
2528 842 2651 913 ejus
2678 842 2999 912 qualitatem
3029 844 3316 913 indicaret,
3341 845 3497 914 dum,
3526 862 3667 918 qua-

2086 932 2154 988 lis
2198 933 2428 999 materia
2458 934 2550 1000 sit,
2580 934 2899 1004 explicaret.
2932 935 3081 1005 quod
3119 937 3298 1005 ipsum
3330 938 3518 1007 utique
3548 938 3665 993 sin-

2084 1024 2286 1095 gularis
2313 1025 2564 1095 quaedam
2605 1025 2746 1081 ratio
2776 1026 3055 1096 qualitatis
3083 1036 3185 1083 est.
3216 1028 3481 1099 Deinceps
3510 1046 3665 1103 ergo,

2085 1116 2193 1171 nisi
2234 1118 2522 1173 molestum
2555 1127 2660 1185 est,
2697 1118 2839 1172 hanc
2880 1118 3015 1173 mihi
3052 1135 3243 1175 rursus
3282 1122 3513 1192 acapite
3549 1124 3666 1179 dis-

2086 1210 2419 1278 putationem
2487 1224 2727 1265 arcesse.
2766 1208 2887 1264 Jam
2931 1211 3077 1265 enim
3107 1214 3395 1269 materiam
3431 1217 3667 1285 qualita-

2085 1300 2233 1355 tibus
2266 1316 2333 1356 ex
2364 1302 2515 1355 omni
2551 1302 2857 1356 aeternitate
2884 1302 3189 1371 praeditam,
3219 1306 3475 1376 malaque
3500 1308 3666 1363 simul

2086 1390 2271 1446 omnia
2294 1408 2361 1447 ex
2393 1393 2631 1462 quodam
2677 1393 2799 1463 ejus
2837 1393 3060 1449 deﬂuxu
3105 1404 3229 1450 nata
3258 1412 3381 1454 esse
3405 1398 3663 1465 defendo,

2085 1498 2155 1538 ne
2185 1483 2298 1539 Deo
2328 1500 2496 1540 causa
2541 1486 2813 1542 malorum
2860 1487 3193 1557 assignetur,
3224 1504 3347 1559 quae
3386 1491 3559 1545 solam
3608 1492 3667 1547 in

2086 1577 2373 1635 materiam
2419 1578 2750 1635 conferenda
2796 1581 2887 1636 sit.
2932 1579 3060 1634 Mihi
3106 1598 3236 1637 vero
3264 1592 3392 1639 tuus
3423 1586 3512 1639 hic
3538 1585 3663 1640 ani-

2087 1683 2233 1734 mus,
2265 1684 2300 1723 o
2343 1670 2538 1735 amice,
2565 1671 2859 1727 admodum
2903 1673 3199 1741 probatur;
3246 1674 3422 1743 placet
3466 1677 3570 1733 hoc
3609 1678 3668 1732 in

2088 1761 2518 1817 concertationis
2547 1776 2745 1831 genere
2765 1772 2874 1817 tam
2900 1763 3145 1820 studiosa
3175 1767 3471 1821 contentio.
3491 1768 3670 1839 Atque

2089 1850 2233 1905 idem
2266 1851 2510 1921 profecto
2533 1868 2725 1909 eorum
2762 1854 3007 1909 omnium
3034 1855 3128 1925 qui
3153 1871 3212 1910 se
3236 1857 3481 1913 discendi
3510 1860 3670 1929 cupi-

2088 1944 2190 1999 dos
2232 1946 2577 2013 profitentur,
2608 1947 2898 2002 consilium
2947 1962 3068 2004 esse
3104 1958 3405 2018 oporteret,
3453 1959 3514 2005 ut
3558 1968 3668 2006 non

2088 2036 2412 2105 simpliciter
2442 2052 2506 2091 ac
2533 2048 2758 2105 temere,
2791 2039 3058 2109 quidquid
3087 2041 3157 2095 ab
3177 2042 3302 2096 aliis
3327 2041 3551 2107 dicitur,
3579 2059 3670 2097 ar-

2087 2128 2349 2198 riperent,
2373 2129 2466 2183 sed
2497 2129 2772 2184 rationum
2799 2131 2909 2184 vim
2934 2139 3101 2200 atque
3126 2131 3341 2201 pondus
3367 2134 3483 2187 suis
3504 2148 3670 2188 accu-

2086 2230 2202 2275 rate
2231 2234 2297 2275 ac
2321 2220 2606 2292 diligenter
2634 2222 2931 2277 momentis
2960 2221 3318 2277 aestimarent.
3348 2221 3458 2278 Nec
3487 2224 3661 2287 enim,

2085 2311 2133 2365 si
2171 2311 2265 2380 qui
2301 2327 2427 2366 cum
2475 2312 2648 2366 altero
2697 2313 2918 2368 disserit
2941 2352 2957 2376 ,
2998 2313 3386 2369 concinnatum
3418 2315 3516 2369 abs
3548 2328 3671 2369 sese

2087 2401 2253 2458 fallax
2295 2403 2516 2474 aliquod
2560 2412 2615 2459 et
2656 2405 2963 2475 captiosum
2992 2404 3304 2476 argumenti
3343 2420 3536 2476 genus,
3568 2420 3670 2460 sua

2088 2495 2169 2550 illi
2209 2510 2279 2550 ex
2330 2505 2513 2551 mente
2564 2512 2841 2567 sensuque
2892 2497 3329 2553 concludendum
3377 2498 3668 2565 obtrudet,

2089 2588 2325 2643 auditori
2360 2595 2668 2657 propterea,
2695 2589 2841 2659 quod
2870 2589 3037 2656 volet,
3075 2589 3181 2644 hac
3220 2598 3337 2644 arte
3372 2604 3669 2658 persuase-

2088 2680 2191 2744 rit;
2218 2679 2315 2736 sed
2339 2679 2548 2748 aliquid
2589 2688 2703 2734 tum
2730 2680 2953 2735 demum
3001 2680 3052 2735 is
3078 2680 3269 2750 egerit,
3304 2680 3350 2735 si
3384 2679 3530 2750 quod
3568 2682 3672 2735 abs

2092 2789 2153 2829 se
2193 2789 2322 2829 cum
2356 2774 2569 2829 ratione
2598 2774 2707 2829 dici
2736 2789 2898 2844 posse
2932 2774 3229 2840 videbitur,
3260 2773 3315 2828 id
3345 2773 3398 2827 in
3429 2773 3672 2828 medium

398 2861 659 2929 proferet.
683 2860 820 2918 Nam
868 2871 983 2919 tum
1015 2877 1045 2918 e
1073 2863 1286 2919 duobus
1313 2864 1545 2919 alterum
1567 2872 1969 2934 consequetur;
2012 2874 2109 2919 aut
2134 2865 2283 2920 enim
2335 2864 2431 2934 qui
2457 2864 2665 2928 audiet,
2697 2878 2807 2933 quo
2856 2860 3062 2931 impelli
3124 2876 3246 2917 sese
3276 2860 3517 2934 ferrique
3544 2877 3679 2919 seu-

398 2959 556 3026 serit,
579 2960 636 3014 in
665 2975 733 3016 eo
788 2962 1006 3017 tandem
1073 2974 1274 3030 magno
1297 2974 1423 3014 cum
1473 2975 1575 3016 suo
1626 2958 1811 3016 fructu
1861 2960 2195 3031 acquieseet,
2239 2969 2333 3016 aut
2375 2961 2755 3017 adversarium
2806 2960 2922 3029 ipse
2965 2973 3129 3013 suum
3179 2957 3387 3013 erroris
3435 2957 3672 3029 falsique

362 3086 365 3089 ‹
398 3056 706 3112 convincat.
742 3055 904 3128 Ergo,
938 3064 999 3112 ut
1039 3059 1105 3113 ad
1148 3072 1263 3111 rem
1314 3056 1564 3121 veniam,
1604 3058 1860 3127 equidem
1926 3058 2009 3113 sic
2045 3058 2326 3127 existimo,
2367 3058 2554 3113 minus
2609 3057 2709 3113 abs
2745 3065 2798 3111 te
2848 3069 2978 3110 vere
3015 3053 3375 3125 qualitatibus
3408 3054 3478 3108 ab
3519 3052 3671 3108 omni

396 3162 516 3203 aavo
577 3148 861 3203 materiam
915 3150 1132 3207 instrui.
1179 3151 1295 3208 Hoc
1327 3153 1495 3218 enim,
1555 3154 1602 3209 si
1635 3169 1823 3209 verum
1854 3162 1961 3222 est,
2015 3154 2173 3225 cujus
2215 3155 2433 3209 tandem
2478 3154 2559 3209 rei
2592 3152 2762 3208 Deum
2802 3159 3085 3207 auctorem
3131 3148 3492 3204 habebimus?
3524 3146 3670 3204 Sub-

397 3239 763 3297 stantiarum?
809 3249 866 3295 at
906 3256 1002 3298 eas
1040 3242 1153 3312 jam
1196 3243 1351 3312 prius
1397 3243 1673 3299 exstitisse
1722 3243 1977 3299 dicimus.
2014 3242 2392 3309 Qualitatum?
2455 3251 2511 3297 at
2569 3242 2691 3296 illas
2719 3256 2941 3311 quoque
2971 3244 3085 3313 jam
3138 3251 3267 3299 ante
3300 3242 3473 3300 fuisse
3499 3259 3672 3313 agno-

398 3336 628 3390 scimus.
659 3334 798 3390 Cum
849 3334 1014 3406 igitur
1052 3344 1108 3389 et
1149 3335 1455 3390 substantia
1483 3350 1580 3405 per
1637 3350 1759 3391 sese
1785 3337 1923 3404 jam,
1955 3343 2012 3390 et
2044 3336 2339 3406 qualitates
2363 3335 2664 3402 exsistant,
2703 3336 3059 3405 quamobrem
3124 3335 3295 3392 Deum
3325 3337 3668 3393 conditorem

398 3431 756 3500 appellemus,
789 3439 1041 3501 superest
1067 3429 1314 3501 profecto
1346 3430 1507 3484 nihil.

471 3524 581 3579 VII.
621 3526 738 3579 Ἵνα
769 3526 826 3579 δὲ
873 3526 965 3579 καὶ
1003 3526 1076 3596 μὴ
1109 3525 1543 3590 κατασκευάζειν
1572 3522 1694 3579 τινὰ
1725 3523 1861 3591 δόξω
1892 3523 1981 3578 λό-

2156 3521 2269 3576 VII.
2305 3520 2508 3576 Verum
2547 3534 2616 3575 ne
2649 3520 2827 3591 arguti
2865 3519 3145 3591 quidpiam
3179 3519 3294 3589 ipse
3317 3519 3498 3574 moliri
3528 3519 3669 3575 velle

395 3636 514 3689 γον,
567 3620 860 3691 ἀπόκριναι
910 3619 1006 3673 νῦν
1057 3616 1444 3689 ἐρωτώμενος,
1492 3617 1601 3671 τίνι
1654 3617 1843 3689 τρόπῳ
1885 3604 1981 3687 51]-I

2090 3616 2299 3680 videar,
2326 3613 2416 3668 dic
2461 3612 2690 3682 ipsemet
2715 3613 2964 3678 obsecro,
2997 3626 3106 3682 qua
3153 3621 3210 3666 tu
3243 3612 3454 3666 ratione
3476 3612 3671 3666 condi-

401 3712 661 3784 μιουργὸν
693 3709 829 3765 εἶναι
884 3712 988 3784 φής
1037 3712 1130 3766 τὸν
1161 3712 1325 3777 Θεόν;
1368 3712 1604 3783 Πότερον
1647 3711 1729 3763 ὅτι
1761 3708 1861 3772 τὰς
1892 3707 1981 3760 οὐ-

2085 3718 2257 3764 torem
2302 3705 2471 3760 Deum
2516 3720 2639 3760 esse
2680 3716 2858 3774 putes.
2900 3704 2985 3759 An
3032 3705 3181 3775 quod
3232 3704 3666 3759 substantiarum

398 3803 522 3866 σίας
554 3804 779 3875 ἔτρεψεν
811 3806 891 3868 εἰς
920 3805 983 3857 τὸ
1018 3804 1209 3875 μηκέθ’
1243 3804 1510 3875 ὑπάρχειν
1544 3801 1775 3865 ὲκείνας,
1815 3801 1980 3870 αἴπερ

2087 3809 2339 3855 naturam
2375 3796 2708 3861 immutarit,
2749 3805 2828 3860 ut,
2862 3810 3028 3865 quam
3059 3804 3234 3850 nactae
3269 3797 3422 3865 prius
3452 3794 3669 3849 fuerant

396 3889 538 3966 ἦσάν
572 3913 701 3948 ποτε
725 3936 739 3960 ,
775 3896 888 3949 ἁλλ’
922 3896 1115 3968 ἐτέρας
1149 3896 1278 3968 παρ’
1312 3894 1480 3958 αὐτὰς
1523 3893 1796 3963 γενέσθαι,
1831 3893 1865 3963 ἢ
1898 3894 1981 3946 ὄτι

2088 3901 2369 3957 exuentes,
2402 3905 2602 3945 novam
2630 3889 2763 3959 ipsae
2801 3888 3096 3958 quamdam
3122 3896 3177 3941 et
3207 3887 3440 3942 alienam
3472 3887 3666 3943 indue-

360 4010 361 4013 η
398 3990 500 4053 τὰς
541 3991 638 4060 μὲν
672 3988 860 4053 οὐσίας
909 3989 1172 4058 ἐφύλαξεν
1219 3988 1461 4051 ἐκείνας,
1498 3987 1661 4058 αἴπερ
1692 3981 1834 4057 ἦσαν
1877 3985 1981 4059 πρύ

2084 3985 2243 4041 rent?
2265 4000 2334 4038 an
2363 3981 2567 4052 potius,
2601 3980 2746 4051 quod
2771 3978 3094 4035 substantiis
3124 3978 3178 4033 in
3205 3978 3423 4048 propria
3455 3985 3668 4033 natura;

362 4106 363 4111 η
399 4082 612 4145 τούτου,
647 4081 749 4144 τὰς
783 4081 840 4133 δὲ
873 4081 1169 4152 ποιότητας
1200 4080 1427 4154 ἔτρεψεν
1458 4079 1671 4143 aut:th
1705 4077 1780 4131 Οὐ
1814 4077 1866 4131 τί
1895 4095 1981 4149 μοι

2087 4092 2201 4133 suae
2252 4074 2464 4128 ratione
2509 4070 2871 4136 conservatis,
2920 4085 3108 4125 earum
3156 4078 3337 4123 tamen
3370 4068 3666 4138 qualitates

399 4174 564 4238 δοκεῖ,
601 4175 842 4245 ἀλλαγήν
876 4174 986 4244 (29)
1019 4191 1142 4227 τινα
1175 4172 1371 4227 οὐσιῶν
1404 4172 1707 4239 γεγονέναι.
1744 4169 1854 4222 Καὶ
1876 4167 1981 4239 γὰρ

2088 4161 2352 4216 mutarit?
2383 4159 2495 4230 Ego
2516 4174 2647 4214 vero
2693 4158 2895 4213 nullam
2942 4158 2997 4212 in
3047 4158 3371 4213 substantiis
3409 4158 3668 4213 mutatio-

401 4265 603 4320 ἄτοπον
638 4266 796 4319 τοῦτο
844 4265 1023 4335 λέγειν
1074 4283 1162 4336 μοι
1212 4266 1478 4335 φαίνεται.
1512 4262 1735 4332 Τροπὴν
1778 4260 1834 4313 δέ
1865 4276 1981 4312 τινα

2088 4271 2211 4309 nem
2245 4254 2541 4324 contigisse
2572 4252 2832 4307 arbitror.
2866 4251 3178 4305 Absurdum
3209 4250 3353 4304 enim
3388 4250 3441 4304 id
3477 4250 3668 4320 utique

358 4378 361 4381 λ
398 4358 509 4411 τῶν
542 4358 844 4428 ποιοτήτων
877 4357 1155 4425 γεγονέναι
1189 4354 1363 4425 φημὶ,
1398 4353 1519 4406 καθ’
1551 4352 1618 4415 ἃς
1659 4349 1981 4421 δημιουργὸν

2091 4345 2275 4401 fuerit.
2320 4345 2624 4412 Qualitates
2669 4358 2797 4414 ergo
2845 4352 3083 4398 mutatas
3120 4342 3294 4398 fuisse
3346 4342 3471 4408 aio;
3518 4343 3665 4413 quod

400 4447 540 4503 εἶναι
571 4449 712 4518 λέγω
742 4448 836 4501 τὸν
881 4448 1034 4500 Θεόν.
1074 4446 1185 4500 Καὶ
1222 4445 1412 4515 ὥσπερ
1445 4445 1494 4497 εἰ
1525 4442 1677 4513 τύχοι
1709 4443 1888 4509 λέγειν
1918 4443 1981 4493 ἐκ

2087 4438 2408 4492 mutationis
2451 4452 2624 4507 genus
2666 4436 2966 4492 conditoris
3006 4434 3113 4489 Deo
3155 4449 3354 4489 nomen
3386 4435 3665 4489 indiderit.

399 4542 565 4595 λίθων
599 4541 777 4595 οἰκίαν
809 4540 1108 4609 γεγονέναι,
1151 4539 1239 4607 ἐφ’
1272 4530 1317 4605 ᾧ
1348 4537 1447 4589 οὐκ
1489 4536 1635 4588 ἔστιν
1668 4536 1874 4598 εἰπεῖν,
1907 4532 1981 4596 ὡς

2087 4529 2558 4596 Quemadmodum
2601 4529 2746 4583 enim
2787 4528 2833 4582 si
2866 4528 3091 4582 domum
3124 4527 3363 4597 aliquam
3394 4541 3426 4581 e
3474 4526 3668 4596 lapidi-

360 4656 363 4659 ·
399 4636 501 4687 οὐκ
543 4633 624 4687 ἔτι
670 4633 806 4685 λίθοι
852 4632 1072 4702 μένουσι
1119 4632 1185 4701 τῇ
1220 4628 1407 4700 οὐσίᾳ,
1441 4628 1589 4681 οῑκία
1620 4625 1902 4697 γενόμενοι
1934 4624 1984 4679 οἱ

403 4727 559 4781 λίθοι·
609 4728 675 4797 τῇ
726 4724 836 4798 γὰρ
881 4723 1127 4794 ποιότητι
1172 4722 1273 4793 τῆς
1318 4720 1618 4783 συνθέσεως
1663 4719 1764 4789 τὴν
1806 4718 1984 4772 οἰκίαν

401 4818 685 4889 γεγονέναι
731 4816 905 4886 φημὶ,
940 4815 1245 4887 τραπείσης
1288 4811 1527 4884 δηλονότι
1568 4811 1667 4880 τῆς
1712 4810 1985 4883 προτέρας

401 4911 513 4966 τῶν
543 4911 706 4964 λίθων
739 4909 1023 4979 ποιότητος
1045 4924 1058 4937 ·
1095 4905 1238 4960 οὕτω
1274 4921 1363 4976 μοι
1402 4904 1551 4957 δοκεῖ
1581 4901 1674 4955 καὶ
1705 4901 1796 4954 τὸν
1828 4900 1980 4963 Θεὸν,

404 5002 787 5074 ὑπομενούσης
811 5001 911 5070 τῆς
939 4999 1147 5061 οὐσίας,
1182 4998 1390 5070 τροπήν
1412 4996 1521 5066 (50)
1548 5010 1669 5047 τινα
1700 4992 1810 5044 τῶν
1837 5008 1986 5044 ποιο-

402 5098 583 5169 τήτων
636 5095 807 5166 αὐτῆς
858 5090 1237 5161 πεποιηκέναι,
1289 5088 1412 5142 καθ’
1458 5088 1525 5159 ἣν
1566 5086 1657 5139 τὸν
1701 5084 1854 5139 τοῦδε
1885 5083 1980 5137 τοῦ

475 5254 585 5323 (26)
617 5254 838 5326 Αίτὶιζς.
866 5250 995 5320 Leg.
1020 5248 1231 5326 οὐσίας·
1298 5302 1301 5307 ν
1398 5317 1411 5326 _
1597 5314 1609 5326 ,
1693 5312 1755 5326 η,

479 5312 586 5397 (27)
618 5312 969 5397 [lupi-107301;
998 5314 1672 5397 optadjwrogdgaopjtﬁr.
1693 5312 1791 5397 Hie
1819 5316 1982 5397 ἀφορ-

409 5385 517 5468 μήν
541 5385 640 5465 ρΤο
668 5385 733 5468 eo
761 5385 917 5468 sumi
949 5385 1204 5451 arbitror,
1239 5388 1383 5468 quod
1424 5385 1663 5468 inertium
1699 5386 1862 5466 vulgo
1898 5385 1981 5465 lo-

407 5461 510 5537 giei
544 5461 847 5537 nominant,
870 5464 1101 5532 ejusque
1133 5470 1241 5537 tam
1272 5461 1324 5513 in
1354 5461 1547 5525 majori
1576 5470 1740 5537 quam
1785 5461 1843 5537 in
1873 5461 1981 5507 mi-

406 5526 524 5591 nori
556 5526 1329 5603 οοιιοοοιὶοιιὲιηίπαράλογον
1367 5537 1546 5582 autem
1583 5526 1860 5603 άςρορμήν,
1896 5539 1981 5577 so-

403 5607 688 5676 phisticam
730 5614 783 5659 et
828 5595 1170 5676 ὰπατητικῆν
1221 5595 1644 5676 argumentandi.
1684 5595 1975 5676 rationem,

404 5664 510 5745 qua
539 5677 663 5746 quis
686 5676 831 5730 velut
865 5664 1085 5746 ἀφορμῇ
1119 5664 1377 5746 quadam,
1408 5667 1473 5722 ad
1493 5664 1975 5746 faciliusalterurn

407 5734 461 5802 in
488 5734 726 5803 errorem
770 5734 1152 5801 inducendum-
1177 5742 1449 5797 abutatur.
1487 5736 1683 5803 Quales
1723 5734 1976 5805 ἀφορμάς

2086 4622 2191 4679 bus
2221 4620 2421 4676 factam
2447 4634 2573 4675 esse
2598 4620 2871 4682 dicamus.
2902 4633 3009 4672 non
3048 4625 3231 4672 tamen
3261 4617 3523 4671 continuo
3568 4632 3666 4671 ve-

2084 4730 2208 4770 rum
2255 4714 2347 4779 sit,
2381 4712 2613 4783 lapides,
2639 4720 2802 4766 exuta
2844 4710 3025 4781 priore
3067 4710 3403 4773 substantia,
3437 4724 3557 4763 eam
3608 4710 3664 4765 in

2083 4806 2308 4862 domum
2358 4820 2481 4860 esse
2511 4817 2843 4865 conversos;
2872 4801 3076 4871 quippe
3122 4810 3273 4854 certo
3312 4800 3547 4869 quodam
3595 4816 3663 4857 ex

2084 4894 2507 4965 compositionis
2543 4906 2741 4963 genere
2788 4891 3012 4945 domum
3061 4890 3339 4944 exstitisse
3365 4890 3662 4958 contendo,

2084 4986 2256 5057 priori
2293 4983 2535 5054 lapidum
2578 4981 2841 5052 qualitate
2886 4988 3094 5033 mutata
3134 4994 3147 5030 :
3180 4980 3261 5034 sic
3284 4980 3500 5034 videtur
3526 4980 3663 5035 mihi

2084 5080 2250 5145 Deus,
2275 5079 2485 5147 integra
2514 5082 2770 5131 manente
2803 5073 3134 5138 substantia,
3168 5073 3460 5143 quamdam
3488 5074 3662 5143 ipsius

2085 5238 2348 5295 Socratici
2381 5243 2599 5305 captare
2626 5231 2968 5305 videbantur.

2154 5310 2262 5379 (28)
2308 5298 2463 5361 Ἁλλῖ
2489 5304 2556 5358 ετ·
2573 5320 2647 5356 τι.
2680 5302 2818 5379 Ante
2840 5300 3200 5379 alka_minori
3224 5306 3436 5354 tantum
3460 5298 3658 5355 distin—

2081 5372 2262 5437 ctibne
2284 5392 2422 5447 opus
2446 5384 2557 5447 est;
2598 5388 2695 5442 pro
2720 5372 2771 5447 εί
2796 5389 2872 5447 τε
2873 5372 3057 5447 malim
3094 5372 3157 5447 el_
3174 5372 3202 5423 ὂ
3225 5387 3297 5447 τι.

2153 5450 2265 5522 (29)
2297 5438 2482 5522 [caesi
2504 5438 2801 5522 ἀλᾷαγήν.
2838 5440 2968 5496 Post
3010 5441 3161 5521 'o‘oae‘t:
3189 5439 3420 5494 tollenda
3459 5438 3656 5522 distin-

2079 5508 2191 5575 ctio
2239 5508 2340 5575 est.
2378 5515 2639 5586 Ἀλλαγῄν
2673 5508 2854 5586 autem
2908 5512 3327 5580 rescripsimus,
3372 5524 3470 5580 pro
3519 5508 3658 5564 ἀλλὰ

2079 5592 2204 5662 γῆν,
2240 5588 2384 5660 quod
2416 5583 2701 5662 manifeste
2727 5583 2983 5662 vitiosum
3007 5590 3143 5662 erat.

2152 5649 2273 5732 (30)
2289 5655 2541 5729 Τροπήν.
2569 5654 2708 5711 Male
2735 5653 2937 5725 τρόπον
2960 5659 3086 5707 ante
3112 5649 3411 5721 legebatur.
