4148 6382
623 243 754 300 1551

1603 238 1851 297 MAXIII
1885 239 2534 301 [HEROSOLYIORUM
2573 238 2879 298 EPISCOPI

3739 257 3863 317 1352

619 362 946 431 qualitatum
991 361 1350 416 mutationem
1391 359 1666 428 eﬁ‘ecisse,
1701 378 1769 417 ex
1817 377 1926 432 qua
1970 363 2205 418 mundus

2314 363 2518 433 κόσμου
2573 362 2784 430 γένεσιν
2835 362 2972 434 πρὸς
3035 360 3132 415 τοῦ
3188 361 3324 416 Θεοῦ
3389 368 3665 434 γεγονέναι
3724 373 3868 444 λέγω.

620 464 727 507 iste
762 453 868 505 hoc
916 451 1154 516 habeat,
1191 460 1249 504 ut
1294 467 1324 504 a
1363 450 1472 504 Deo
1503 452 1757 505 conditus
1806 466 1929 506 esse
1971 452 2206 506 dicatur.

622 542 823 598 Audio.
847 542 986 597 Cum
1023 543 1189 612 igitur
1235 543 1566 612 peculiarem
1615 543 1909 612 quamdam
1935 543 2208 612 ejusmodi

621 637 950 702 qualitatum
985 636 1251 690 rationem
1279 650 1306 688 a
1339 634 1449 689 Deo
1481 634 1782 704 profectam
1819 649 1943 690 esse
1975 643 2206 699 statuas,

623 744 797 799 pauca
831 728 964 782 mihi
1014 737 1226 782 tantum
1279 727 1378 781 abs
1423 735 1477 781 ta
1530 725 1845 795 responderi
1885 726 2068 781 velim.
2113 726 2210 782 Dic

624 822 840 876 amabo.
875 819 1015 875 Num
1065 830 1121 874 tu
1168 819 1422 874 similiter
1455 818 1752 888 qualitates
1786 819 1924 874 istas
1953 819 2210 874 substan-

623 917 824 966 tiarum
895 911 1038 966 mala
1109 912 1359 980 quaedam
1419 923 1544 964 esse
1609 909 1891 979 Opinaris?
1948 908 2207 964 Omnino.

625 1001 818 1058 Utrum
865 1003 1028 1072 igitur
1053 1003 1344 1071 qualitates
1383 1002 1488 1056 illa:
1522 1002 1634 1072 jam
1666 1001 1791 1056 inde
1821 1002 1891 1056 ab
1915 1000 2067 1056 omni
2092 1014 2210 1055 aevo

623 1096 868 1150 materia:
901 1095 1144 1160 inerant;
1177 1109 1245 1147 an
1287 1093 1593 1149 exsistendi
1629 1094 1958 1164 principium
1986 1092 2209 1162 aliquod

622 1187 901 1242 habuere?
926 1185 1144 1242 Inerant
1169 1201 1296 1240 vero
1329 1187 1464 1240 citra
1498 1186 1667 1240 ullum
1701 1196 1855 1242 ortus
1894 1187 1979 1242 sui
2005 1185 2208 1256 princi-

622 1278 795 1346 pium.
847 1276 1023 1342 Quid?
1069 1274 1209 1330 Num
1259 1286 1315 1330 tu
1359 1276 1599 1346 aliquam
1643 1291 1676 1330 a
1715 1275 1824 1331 Deo
1848 1279 2206 1332 mutationem

621 1369 945 1437 qualitatum
983 1369 1211 1421 istarum
1239 1365 1487 1420 eﬂ‘ectam
1518 1380 1642 1420 esse
1668 1367 1989 1421 contendis?
2017 1365 2205 1422 Plane.

623 1455 818 1511 lltrum
847 1472 969 1511 eam
1017 1457 1069 1508 in
1106 1454 1326 1518 melius,
1355 1469 1423 1507 an
1464 1470 1594 1510 vero
1637 1455 1692 1508 in
1731 1455 1976 1510 deterius
2006 1453 2206 1509 factam

621 1548 950 1603 arbitraris?
984 1548 1040 1600 In
1081 1548 1277 1602 melius
1308 1555 1456 1602 certe
1497 1547 1740 1616 quidem.
1783 1546 1841 1601 Si
1873 1562 2005 1618 ergo
2032 1547 2210 1617 quali-

623 1649 762 1694 tates
785 1639 1029 1693 materize
1058 1639 1200 1692 mala
1225 1647 1374 1704 sunt,
1401 1638 1716 1708 eaedemque
1740 1654 1865 1694 cum
1890 1639 2208 1694 melioribus

623 1747 654 1786 a
706 1731 818 1786 Deo
863 1740 1213 1785 commutatae
1263 1729 1488 1785 fuerunt
1521 1746 1535 1784 :
1568 1731 1712 1786 unde
1743 1730 1886 1785 mala
1932 1731 2206 1800 proﬂuxe-

623 1824 755 1887 rint,
795 1822 1150 1891 quaerendum
1185 1821 1502 1877 necessario
1530 1830 1634 1877 est.
1660 1821 1765 1876 Aut
1792 1823 1940 1876 enim
1971 1821 2207 1892 qualita-

625 1925 708 1970 tes
744 1915 861 1970 istac
892 1915 1092 1984 prioris
1125 1924 1336 1968 natura:
1363 1913 1733 1969 conditionem
1760 1929 1869 1968 non
1896 1921 2196 1978 exuerunt;

623 2015 719 2060 aut
753 2007 821 2072 si,
848 2022 974 2060 cum
1008 2007 1162 2075 prius
1201 2005 1358 2060 malae
1392 2021 1502 2061 non
1532 2015 1739 2069 essent,
1781 2006 1870 2060 illa
1918 2014 2102 2060 tamen
2128 2005 2210 2060 di-

2324 457 2476 510 Ἐπεὶ
2513 455 2694 509 τοίνυν
2743 457 2954 526 τροπήν
3002 472 3122 509 τινα
3169 455 3268 526 τὴν
3302 459 3600 530 ποιοτήτων
3633 465 3760 535 πρὸς
3788 471 3873 524 τοῦ

2310 551 2445 603 Θεοῦ
2479 549 2760 617 γεγονέναι
2794 550 2920 619 φῂς,
2948 548 3240 620 ἀπόκριναί
3271 568 3360 620 μοι
3395 549 3600 622 βραχέα
3631 557 3875 614 πυθέσθαι

2311 641 2750 714 προαιρουμένῳ.
2788 641 2926 708 Λέγε
2959 640 3046 710 δή.
3084 641 3147 693 Εἰ
3178 641 3378 710 ὁμοίως
3413 643 3502 695 καί
3536 661 3616 697 σοι
3647 646 3873 704 δοκεῖτὰ

2310 731 2458 784 κακά
2505 730 2802 801 ποιότητας
2834 725 2974 783 εἶναι
3019 729 3128 784 τῶν
3164 731 3396 796 οὐσιῶν;
3442 735 3618 787 Δοκεῖ.
3651 738 3876 794 Ἀνωθεν

2309 821 2366 875 δὲ
2395 817 2534 892 ἦσαν
2565 823 2621 874 αί
2653 820 2938 890 ποιότητες
2956 814 3113 874 αὕται
3135 823 3192 873 ὲν
3220 823 3287 892 τῇ
3315 821 3434 892 ὕλῃ,
3459 822 3492 892 ἢ
3525 823 3696 896 ἀρχὴν
3727 826 3873 898 ἔσχον

2308 911 2405 966 τοῦ
2445 906 2612 973 sint;
2648 910 2888 964 Συνεῖναί
2922 928 3064 982 φημι
3097 912 3408 982 ἀγεννήτως
3441 915 3505 984 τῇ
3541 913 3639 986 ὕλῃ
3665 919 3875 970 ταυτασὶ

2308 1004 2408 1067 τὰς
2454 1003 2767 1073 ποιότητας.
2818 1003 2952 1073 Οὐχὶ
3003 1003 3059 1056 δὲ
3105 1004 3196 1056 τὸν
3227 1003 3359 1056 Θεὸν
3394 1005 3498 1075 φῂς
3529 1009 3734 1077 τροπήν
3763 1027 3875 1064 τινα

2308 1093 2417 1147 τῶν
2465 1096 2766 1164 ποιοτήτων
2804 1094 3194 1164 πεποιηκέναι;
3244 1095 3414 1148 Τοῦτό
3460 1113 3618 1166 φημι.
3655 1099 3876 1170 Πότερον

2309 1181 2403 1240 οὖν
2435 1188 2514 1249 είς
2541 1185 2604 1238 τὸ
2632 1189 2898 1257 κρεῖττον,
2935 1185 2968 1256 ἢ
3013 1188 3093 1249 είς
3142 1185 3203 1239 τὸ
3240 1188 3457 1258 χεῖρον;
3493 1188 3585 1250 Εἰς
3616 1189 3674 1241 τὸ
3710 1195 3876 1262 κρεῖτ-

2307 1297 2399 1332 τον
2431 1279 2610 1346 λέγειν
2639 1297 2728 1349 μοι
2759 1279 2954 1332 δοκεῖν.
2979 1277 3210 1343 Οὐκοῦν,
3244 1280 3293 1331 εἰ
3321 1279 3604 1349 ποιότητες
3635 1281 3731 1350 τῆς
3754 1281 3876 1352 ὕλης

2309 1372 2377 1426 τὰ
2423 1371 2602 1434 κακὰ,
2636 1370 2735 1434 τὰς
2771 1370 2828 1424 δὲ
2875 1371 3166 1440 ποιότητας
3199 1370 3369 1441 αὐτῆς
3414 1373 3494 1434 εἰς
3545 1370 3603 1423 τὸ
3646 1376 3874 1443 κρεῖττον

2309 1461 2534 1533 ἔτρεψεν
2582 1461 2611 1512 ό
2647 1458 2885 1530 Κύριος,
2923 1459 3087 1511 πόθεν
3124 1459 3192 1510 τὰ
3224 1458 3402 1519 κακὰ,
3439 1459 3622 1528 ζητεῖν
3653 1459 3871 1528 ἀνάγκη.

2311 1551 2383 1605 Ἥ
2425 1549 2534 1620 γὰρ
2580 1549 2798 1620 ἔμειναν
2837 1551 2892 1602 αί
2939 1549 3225 1619 ποιότητες
3272 1548 3454 1601 ὁποῖαί
3505 1549 3620 1600 ποτ’
3646 1545 3775 1620 ἦσαν
3812 1552 3871 1618 τῇ

2309 1640 2492 1710 φύσει,
2523 1640 2557 1711 ἦ
2591 1642 2639 1692 εί
2677 1641 2775 1710 μὲν
2810 1640 3076 1712 πρότερον
3107 1640 3208 1694 ούκ
3239 1635 3376 1710 ἦσαν
3402 1639 3589 1702 κακαὶ,
3617 1642 3678 1692 ὲκ
3704 1641 3757 1692 δὲ
3787 1640 3871 1692 τοῦ

2305 1732 2581 1802 τραπῆναι
2614 1731 2749 1802 πρὸς
2782 1731 2874 1783 τοῦ
2904 1732 3040 1785 Θεοῦ
3080 1733 3177 1796 τὰς
3212 1731 3436 1803 πρώτας
3475 1731 3724 1796 τοιαύτας
3757 1735 3873 1803 περὶ

2307 1822 2406 1892 τὴν
2441 1822 2570 1892 ὕλην
2599 1823 2880 1890 γεγονέναι
2915 1825 3206 1894 ποιότητας
3241 1825 3367 1895 φῂς,
3404 1825 3574 1888 αἴτιος
3599 1825 3744 1877 ἔσται
3775 1825 3872 1877 τῶν

2309 1913 2495 1967 κακῶν
2526 1915 2554 1966 ὁ
2574 1912 2727 1978 Θεὸς,
2761 1915 2964 1988 τρέψας
3007 1914 3106 1979 τὰς
3137 1915 3238 1968 οὑκ
3269 1914 3437 1980 οὕσας
3471 1916 3754 1986 ποιότητας
3786 1935 3872 1968 κα-

2309 2007 2433 2070 κάς,
2465 2008 2545 2070 είς
2575 2007 2638 2060 τὸ
2669 2003 2805 2060 εἶναι
2833 2008 3029 2071 κακάς.

623 2097 832 2152 vinitus
858 2097 1000 2153 facta
1024 2097 1330 2153 mutatione
1380 2114 1500 2168 quae
1558 2098 1797 2167 priorem
1823 2106 2076 2151 naturam
2137 2097 2428 2166 expulerit,
2493 2098 2760 2168 ejusmodi
2797 2113 2935 2168 quas
2978 2113 3124 2153 nunc
3161 2098 3358 2170 habet,
3398 2101 3611 2156 inustas
3653 2110 3872 2153 materne

621 2190 914 2260 qualitates
933 2204 1054 2244 esse
1094 2191 1412 2259 arbitraris;
1447 2192 1717 2247 malorum
1761 2189 2006 2262 profecto
2036 2206 2204 2247 causa
2243 2190 2386 2248 Deus
2410 2193 2535 2260 erit,
2563 2193 2656 2264 qui
2708 2208 2832 2264 qua:
2868 2193 3026 2264 mala:
3052 2209 3146 2264 per
3199 2210 3320 2254 sese
3369 2213 3478 2252 non
3511 2205 3684 2260 erant,
3711 2211 3798 2249 eas
3825 2194 3871 2246 in

622 2289 797 2343 malas
825 2288 1198 2343 eommutarit.

694 2399 828 2455 Vl-ll.
865 2401 935 2454 At
979 2400 1119 2456 forte
1170 2416 1239 2457 ne
1282 2403 1458 2458 malas
1486 2403 1706 2472 quidem
1741 2402 2031 2472 qualitates
2068 2399 2212 2457 Deus

622 2491 678 2544 in
725 2492 982 2546 meliores
1020 2494 1320 2559 convertit,
1366 2493 1458 2548 sed
1513 2495 1754 2564 reliquas
1799 2501 2011 2548 tantum
2039 2537 2053 2560 ,
2108 2495 2213 2549 hoc

619 2593 706 2638 est
734 2598 828 2638 eas
861 2584 1064 2654 quibus
1106 2585 1243 2638 nihil
1280 2593 1428 2639 esset
1457 2599 1582 2639 cum
1613 2585 1772 2639 bonis
1796 2584 2024 2639 malisve
2053 2598 2210 2638 com-

2389 2400 2518 2456 Vlll.
2555 2403 2626 2454 Ἢ
2658 2401 2756 2464 τὰς
2789 2401 2890 2472 μὲν
2920 2399 3097 2463 κακὰς
3127 2399 3421 2468 ποιότητας
3447 2400 3530 2459 είς
3555 2395 3614 2450 τὸ
3640 2396 3868 2466 κρεῖττον

2306 2494 2369 2548 οὐ
2416 2495 2564 2548 δοκεῖ
2605 2511 2687 2546 σοι
2738 2493 2935 2566 τρέψαι
2980 2493 3072 2544 τὸν
3117 2490 3285 2554 Θεὸν,
3318 2490 3418 2553 τὰς
3461 2489 3518 2542 δὲ
3567 2486 3751 2548 λοιπὰς
3789 2484 3872 2536 καὶ

2311 2589 2480 2658 μόνας
2519 2588 2642 2640 ὅσαι
2672 2585 2957 2656 ἀδιάφοροι
2993 2583 3308 2654 ἐτύγχανον,
3340 2582 3440 2651 τῆς
3486 2579 3873 2648 διακοσμήσεως

621 2691 806 2741 mune,
841 2685 900 2728 ut
946 2675 1124 2745 major
1153 2691 1218 2730 ex
1253 2691 1316 2730 ea
1374 2676 1678 2730 mutatione
1707 2685 1935 2730 ornatus
1981 2676 2205 2730 exsiste-

2307 2680 2491 2744 ἕνεκα,
2515 2679 2653 2749 πρὸς
2685 2678 2777 2730 τοῦ
2809 2677 2942 2731 Θεοῦ
2972 2676 3272 2748 τετράφθαι
3299 2675 3504 2743 λέγεις.
3539 2672 3718 2734 Οὕτως
3748 2669 3870 2723 ἀνω-

623 2776 722 2820 ret.
753 2767 832 2820 lta
863 2767 1084 2836 quidem
1111 2767 1224 2836 jam
1256 2768 1381 2822 inde
1411 2767 1481 2821 ab
1521 2768 1679 2821 initio
1709 2767 2033 2821 sentiebam.
2065 2766 2209 2832 Quo-

620 2861 790 2914 modo
824 2861 987 2931 igitur
1011 2875 1134 2930 quaa
1158 2861 1315 2915 malae
1341 2875 1438 2930 per
1461 2875 1582 2914 sese
1609 2868 1788 2920 erant,
1819 2875 1914 2914 eas
1954 2859 2072 2913 sine
2096 2859 2205 2913 ulla

620 2954 926 3008 mutatione
969 2954 1190 3008 relictas
1239 2953 1309 3007 ab
1335 2967 1404 3008 eo
1437 2953 1608 3007 fuisse
1647 2952 1771 3007 ais?
1794 2953 1875 3006 An
1906 2953 2051 3022 quod
2085 2953 2206 3006 illas

620 3051 683 3099 ut
715 3043 906 3098 tollere
943 3044 1196 3100 similiter
1234 3058 1298 3099 ac
1327 3043 1509 3098 delere
1532 3043 1820 3112 potuisset,
1855 3043 2096 3098 noluerit
2120 3053 2204 3097 ta-

619 3149 780 3200 men;
827 3149 896 3188 an
939 3135 1123 3205 potius
1155 3135 1300 3205 quod
1333 3133 1388 3188 id
1435 3133 1698 3204 perlicere
1726 3132 1877 3188 nullo
1909 3132 2072 3188 modo
2101 3148 2204 3204 po-

620 3228 826 3281 tuerit?
873 3226 929 3281 Si
967 3227 1212 3297 potuisse
1261 3226 1556 3292 concedis,
1586 3240 1755 3296 negas
1779 3224 2048 3290 voluisse;
2081 3224 2204 3278 illa-

619 3333 743 3372 rum
789 3334 1015 3374 causam
1063 3319 1117 3372 in
1166 3318 1336 3372 Deum
1384 3317 1642 3372 conferas
1696 3332 1922 3372 necesse
1969 3327 2072 3382 est,
2107 3317 2202 3386 qui

615 3428 742 3467 cum
766 3427 859 3466 eas
884 3411 1069 3465 innata
1097 3411 1304 3465 malitia
1336 3411 1570 3465 liberare
1596 3418 1801 3480 posset,
1832 3425 1990 3464 suam
2020 3419 2202 3463 tamen

617 3505 689 3559 iis
721 3504 1093 3560 conditionem
1145 3504 1456 3573 relinquere
1505 3503 1785 3566 maluerit,
1816 3517 1930 3572 quo
1978 3501 2201 3571 potissi-

619 3611 770 3652 mum
810 3607 1056 3666 tempore
1092 3596 1378 3651 materiam
1417 3594 1827 3650 elaborandam'
1850 3594 2204 3649 conforman-

616 3688 853 3757 damque
881 3688 1202 3757 susciperet.
1232 3686 1366 3740 Nam
1392 3686 1440 3742 si
1471 3686 1762 3740 materiam
1796 3701 2000 3756 susque
2025 3685 2204 3756 deque

617 3779 924 3844 habuisset,
960 3793 1070 3834 non
1093 3777 1206 3848 jam
1230 3777 1554 3847 qualitatum
1577 3792 1767 3831 earum
1795 3793 1933 3847 quas
1963 3778 2202 3848 integras

616 3887 844 3929 manere
888 3873 1138 3938 sinebat,
1170 3886 1339 3928 causa
1373 3871 1670 3926 diceretur.
1701 3871 1861 3926 Nunc
1889 3887 2042 3936 vero,
2073 3886 2200 3926 cum

615 3968 866 4038 ejusdem
897 3969 1144 4022 materia:
1188 3976 1400 4036 partem
1434 3966 1720 4036 cxpoliret,
1751 3974 1960 4034 partem
1996 3964 2203 4034 indige-

617 4069 762 4115 stam
809 4073 876 4114 ac
926 4060 1160 4125 rudem,
1195 4060 1272 4113 uti
1307 4067 1447 4124 erat,
1495 4058 1862 4127 relinqueret;
1910 4056 2004 4126 qui
2053 4056 2202 4126 quod

2314 2771 2403 2825 θεν
2437 2771 2593 2842 ἔσχον
2633 2770 2759 2839 ἐγώ.
2798 2769 2924 2832 Πῶς
2962 2769 3143 2821 τοίνυν
3183 2767 3347 2822 αὑτὸν
3385 2767 3492 2829 τὰς
3530 2764 3638 2818 τῶν
3675 2761 3872 2831 φαύλων

2311 2865 2603 2934 ποιότητας
2641 2864 2717 2926 ὼς
2749 2857 2892 2931 εἶχον
2925 2859 3376 2914 καταλελοιπέναι
3416 2858 3632 2926 λέγεις;
3659 2853 3872 2922 Πότερον

2309 2956 2604 3027 δυνάμενον
2639 2955 2737 3026 μὲν
2780 2954 3038 3016 κάκείνας
3082 2941 3312 3015 ἀνελεῖν,
3343 2951 3406 3003 οὐ
3461 2946 3773 3022 βουληθέντα
3799 2942 3868 3004 δὲ,

2307 3049 2341 3119 ἢ
2367 3049 2428 3101 τὸ
2448 3047 2707 3101 δύνασθαι
2747 3046 2821 3116 μὴ
2852 3045 3076 3116 έχοντα;
3108 3045 3170 3097 Et
3210 3044 3308 3114 μὲν
3337 3043 3451 3114 γὰρ
3482 3040 3768 3110 δυνάμενον
3795 3033 3869 3086 λέο

2305 3139 2436 3206 ξεις,
2469 3141 2530 3192 οὐ
2571 3137 2896 3209 βουληθέντα
2927 3137 2982 3191 δὲ
3031 3137 3227 3201 αὑτὸν,
3274 3135 3450 3189 αἴτιον
3482 3133 3680 3187 τούτων
3712 3127 3869 3180 εἰπεῖν

2303 3231 2540 3300 ἀνάγκη,
2565 3231 2648 3283 ὅτι
2675 3230 2972 3300 δυνάμενος
2998 3229 3219 3298 ποιῆσαι
3253 3227 3327 3298 μὴ
3360 3223 3505 3280 εἶναι
3539 3223 3700 3285 κακὰ,
3733 3235 3869 3271 συνε-

2304 3322 2554 3394 χώρησεν
2596 3322 2735 3376 αύτά
2783 3323 2965 3392 μένειν
3010 3321 3086 3384 ὼς
3131 3317 3232 3391 ἦν,
3267 3320 3362 3372 καὶ
3395 3319 3632 3390 μάλιστα
3669 3316 3752 3368 ὅτε
3781 3310 3866 3379 δη-

2305 3417 2586 3486 μιουργεῖν
2619 3414 2714 3485 τὴν
2741 3412 2873 3482 ὕλην
2902 3411 3124 3484 ἧρξατο.
3154 3411 3216 3464 Εἰ
3249 3411 3358 3482 γὰρ
3383 3411 3510 3482 μηδ’
3540 3409 3673 3469 ὅλως
3695 3403 3868 3474 ἔμελεν

2302 3506 2451 3579 αὐτῷ
2482 3507 2583 3577 τῆς
2610 3505 2763 3577 ὕλης,
2801 3506 2902 3558 οὐκ
2933 3505 3000 3559 ἂν
3029 3503 3202 3568 αἴτιος
3233 3499 3300 3574 ἦν
3343 3497 3418 3557 ῶν
3464 3497 3751 3571 συνεχώρει
3784 3495 3866 3563 μέ-

2301 3615 2434 3652 νειν.
2482 3598 2633 3651 Ἐπεὶ
2664 3597 2721 3651 δὲ
2757 3597 2923 3668 μέρος
2959 3595 3056 3665 μέν
3085 3612 3138 3648 τι
3169 3594 3343 3664 αὐτῆς
3385 3590 3752 3663 ἐδημιούργει,
3785 3583 3869 3652 μέ-

2305 3708 2397 3762 ρος
2425 3689 2482 3744 δέ
2512 3709 2566 3743 τι
2607 3688 2778 3752 οὕτως
2808 3688 2915 3750 εῐα,
2949 3687 3245 3757 δυνάμενος
3288 3686 3519 3739 κάκεῖνα
3556 3679 3767 3752 τρέπειν
3797 3673 3867 3734 εἰς

2301 3783 2364 3837 τδ
2393 3785 2660 3854 κρεῖττον,
2707 3781 2886 3834 αἰτίαν
2930 3779 3279 3850 ὀφλισκάνειν
3316 3777 3469 3844 ἄξιος
3501 3771 3636 3828 εἶναί
3682 3765 3870 3854 μοι

2302 3853 2441 3934 κεί,
2466 3868 2780 3924 καταλιπὼν
2816 3868 2980 3940 μέρος
3019 3868 3150 3938 ὕλης
3192 3862 3332 3919 εἶναι
3379 3864 3616 3936 πονηρὸν
3661 3858 3743 3912 ἐπ’
3769 3853 3870 3906 ὀλέ-

2302 3963 2446 4034 θρῳ,
2493 3955 2555 4015 οὖ
2597 3961 2996 4033 ἐδημιούργησε
3045 3960 3263 4031 μέρους.
3323 3958 3484 4011 Ἀλλὰ
3537 3955 3640 4026 μὴν
3684 3945 3868 4004 καὶτὰ

2300 4054 2540 4124 μέγιστα
2571 4054 2712 4108 κατά
2741 4053 2898 4106 τοῦτο
2931 4053 2991 4106 τὸ
3043 4054 3206 4124 μέρος
3252 4051 3547 4123 ἠδικῆσθαί
3582 4064 3670 4120 μοι
3699 4041 3863 4103 δοκεῖν

617 4151 888 4206 malorum
943 4159 1248 4219 supererat,
1285 4149 1482 4203 melius
1529 4148 1742 4202 ellicere
1797 4147 2099 4216 potuisset,
2151 4145 2201 4202 is

2306 4147 2446 4201 τοῦθ’
2471 4148 2618 4210 ὅπως
2643 4145 3011 4199 κατεσκεύασε
3047 4145 3147 4216 τῆς
3187 4144 3317 4216 ὕλης
3365 4144 3531 4215 μέρος
3556 4133 3866 4219 ἀντιλαμϐαέ

617 4242 754 4297 mihi
784 4218 1026 4312 quidem,
1055 4242 1232 4310 culpae
1264 4241 1498 4311 alicujus
1533 4239 1710 4294 θαι-ιε
1749 4237 1966 4292 videtur
2004 4237 2197 4302 fuisse,

2306 4239 2530 4308 νόμενον
2555 4236 2719 4290 τανῦν
2748 4237 2856 4289 τῶν
2894 4235 3099 4290 κακῶν.
3145 4237 3208 4288 Εἰ
3239 4235 3348 4306 γάρ
3392 4219 3478 4298 τις
3521 4225 3756 4296 ἐξετάζοι
3787 4218 3865 4274 ἐπ’

615 4334 748 4388 dum
803 4334 860 4386 in
909 4334 1076 4388 altera
1113 4332 1356 4386 materiae
1391 4340 1547 4401 parte
1595 4329 1836 4384 nativam
1875 4329 2040 4384 etiam
2083 4338 2200 4382 tum

2306 4329 2529 4400 ἀκριϐὲς
2584 4329 2652 4382 τὰ
2695 4329 3028 4400 πράγματα,
3076 4326 3462 4398 χαλεπώτερον
3515 4323 3610 4377 νῦν
3659 4317 3865 4388 εὑρήσει

616 4423 906 4489 malitiam,
941 4424 993 4478 in
1025 4425 1147 4495 ejus
1177 4441 1340 4494 quam
1375 4423 1702 4488 elaboraret,
1739 4421 1966 4476 exitium
1997 4421 2205 4476 haerere

2306 4424 2398 4494 τὴν
2441 4423 2574 4495 ὕλην
2607 4420 2940 4476 πεπονθυῖαν
2976 4421 3076 4490 τῆς
3114 4419 3388 4490 προτέρας
3417 4415 3705 4486 ἀκοσμίας.
3740 4405 3864 4476 Πρὶν

613 4524 914 4585 pateretur.
948 4519 1013 4573 Et
1053 4519 1274 4589 quidem
1304 4517 1486 4587 gravis
1511 4530 1740 4586 prorsus
1774 4515 1878 4570 hoc
1903 4515 1958 4568 in
1983 4529 2200 4585 genere,

2306 4515 2408 4587 γὰρ
2445 4514 2613 4585 αὐτὴν
2645 4513 3014 4584 διακριθῆναι,
3059 4512 3120 4565 τὸ
3167 4511 3303 4582 μηδὲ
3333 4509 3616 4566 αἰσθέσθαι
3649 4504 3752 4556 τῶν
3782 4513 3863 4589 κα-

617 4608 745 4664 huic
780 4626 945 4680 quam
997 4586 1326 4674 elaboravit,
1366 4608 1609 4663 materia:
1655 4606 1834 4676 parti,
1883 4619 1950 4660 eo
1978 4605 2202 4660 nomine

2306 4586 2412 4659 κῶν
2442 4604 2628 4675 παρῆν
2657 4603 2818 4674 αὐτῇ·
2862 4601 2981 4656 νυνὶ
3015 4602 3072 4655 δὲ
3107 4601 3337 4656 ἕκαστον
3360 4601 3471 4654 τῶν
3503 4594 3683 4670 μερῶν
3711 4586 3862 4655 αὐτῆς

616 4701 760 4754 facta
791 4701 1007 4756 videtur
1061 4701 1297 4771 injuria,
1329 4699 1474 4769 quod
1514 4706 1719 4753 tantam
1764 4697 2035 4752 malorum
2084 4697 2194 4750 vim

2306 4697 2552 4766 αἴσθησιν
2580 4695 2842 4765 λαμϐάνει
2872 4693 2979 4746 τῶν
3002 4691 3210 4747 κακῶν.

616 4793 803 4848 subire
867 4810 932 4849 ac
981 4768 1254 4850 sustinere
1284 4768 1543 4862 cogatur.
1615 4789 1880 4859 Quisquis
1934 4787 2082 4842 enim
2143 4792 2401 4841 accurate
2444 4801 2558 4841 rem
2603 4786 2876 4841 aestimare
2917 4782 3082 4847 volet,
3127 4782 3175 4841 is
3216 4783 3378 4852 longe
3401 4768 3862 4862 deterioremnhoc

616 4894 896 4956 tempore,
956 4904 1122 4957 quam
1155 4887 1399 4957 impolita
1436 4886 1565 4940 dum
1609 4892 1780 4951 esset,
1822 4883 2065 4938 materia:
2125 4881 2496 4936 conditionem
2535 4895 2658 4936 esse
2716 4880 2969 4950 reperiet.
2999 4876 3133 4932 Nam
3191 4885 3482 4945 antequam
3516 4869 3695 4924 varias
3719 4861 3859 4957 diso-

615 4988 833 5035 reretur
865 4982 918 5035 in
951 4991 1153 5050 partes,
1181 4981 1390 5036 nullum
1436 4997 1499 5036 ea
1535 4979 1801 5034 malorum
1829 4994 2054 5034 suorum
2095 4977 2328 5032 habebat
2369 4992 2615 5042 sensum,
2675 4990 2788 5046 quo
2817 4989 2963 5029 nunc
3015 4980 3198 5043 partes
3255 4969 3376 5040 ejus
3441 4963 3667 5035 singula:
3708 4953 3858 5010 vehe-

615 5081 832 5130 menter
860 5074 1136 5130 laborant.

688 5169 779 5224 IX.
828 5169 1006 5240 Atque
1058 5179 1119 5223 ut
1169 5170 1238 5224 ab
1282 5170 1508 5224 homine
1563 5177 1813 5224 sumatur
1859 5165 2190 5236 exemplum.

2373 5161 2468 5214 IX.
2503 5156 2614 5212 Καί
2662 5175 2750 5228 μοι
2781 5157 2868 5209 ἐπ’
2908 5153 3196 5225 ἀνθρώπου
3227 5152 3290 5205 τὸ
3331 5148 3674 5222 παράδειγμα
3719 5133 3854 5242 λαξέο

613 5259 942 5331 Priusquam
992 5261 1195 5314 animal
1246 5261 1457 5330 opilicis
1507 5269 1625 5314 arte
1667 5256 2068 5313 conformatum
2108 5268 2199 5308 ess

2306 5253 2441 5325 Πρὶν
2489 5251 2596 5323 γὰρ
2629 5248 2902 5318 είκονισθῇ
2951 5247 3048 5300 καὶ
3098 5244 3237 5310 ζῶον
3284 5245 3507 5314 γένηται
3545 5232 3746 5331 τῇ-τοῦ
3775 5228 3855 5331 ξτΓ

615 5364 719 5419 set,
757 5370 786 5408 a
836 5361 1030 5406 natura
1079 5353 1184 5408 hoc
1223 5353 1478 5417 habebat,
1529 5352 1666 5406 nihil
1715 5359 1776 5404 ut
1806 5349 2033 5404 omnino
2066 5345 2196 5400 mali

2306 5318 2578 5417 μὶουργοῑί
2607 5343 2803 5415 τέχνῃ,
2840 5341 2901 5395 τὸ
2936 5339 3054 5411 μεθ’
3090 5337 3206 5401 ὲνδς
3234 5337 3345 5407 (δι)
3385 5318 3854 5419 ἀντιλαμβάνεσθαι

614 5456 910 5516 pateretur.
954 5445 1026 5498 Ex
1069 5461 1175 5515 quo
1226 5454 1407 5500 autem
1454 5460 1484 5499 a
1519 5443 1631 5499 Deo
1664 5451 1984 5513 procreatus
2031 5439 2196 5493 homo

2306 5409 2410 5490 τῶν
2436 5409 2649 5497 κακῶν,
2669 5409 2834 5506 ’4τᾶρά
2856 5409 2956 5504 τῆς
2987 5431 3199 5501 φύσεως
3224 5425 3386 5500 εἶχεν.
3427 5427 3543 5495 Ἀφ’
3569 5415 3627 5475 οὕ
3659 5418 3710 5471 δὲ

613 5548 729 5602 est,
780 5538 907 5592 mali
957 5537 1122 5591 etiam
1171 5536 1506 5592 imminentis
1561 5550 1725 5590 sensu
1779 5533 2045 5600 adicitur;
2096 5530 2193 5596 ita,

2306 5528 2395 5582 τοῦ
2437 5528 2572 5583 Θεοῦ
2617 5527 2899 5598 ἅνθρωπος
2928 5526 3173 5594 γίνεται,
3207 5524 3302 5577 καὶ
3345 5522 3443 5592 τὴν
3490 5514 3737 5582 αἴσθησιν
3769 5515 3854 5556 του

687 5715 796 5786 (51)
830 5719 965 5770 Μεθ’
999 5716 1154 5782 ἑνός.
1193 5714 1504 5786 Lugendum
1535 5713 1745 5769 videtur
1773 5711 1896 5783 μήθ’
1933 5709 2070 5777 ἑνός,
2101 5706 2185 5764 vel

2307 5707 2389 5763 ico
2417 5703 2584 5762 verbo
2616 5702 2864 5774 μηθενός.
