4148 6410
377 297 511 351 1555

1385 284 1566 338 LIBRI
1604 282 1692 335 DE
1730 279 2039 335 MATERIA
2082 272 2584 329 I‘HAGMLNTUM.

3489 266 3631 318 ιδει

375 409 843 485 προσπελάζοντος
867 406 1038 462 κακοῦ
1061 403 1493 477 προσλαμ6άνει,
1530 402 1623 455 καὶ
1656 398 1798 453 τοῦθ’
1823 399 1961 467 ὅπερ

2071 392 2209 463 quod
2241 400 2297 446 tu
2336 389 2507 445 divini
2544 402 2671 457 erga
2712 385 2999 443 materiam
3028 380 3283 437 Numinis
3308 382 3636 438 beneﬁcium

375 503 527 556 ἐστὶν
560 498 846 572 εὐεργεσία
870 496 980 567 (52)
1013 495 1110 566 τῆς
1150 493 1302 563 ὕλης,
1337 492 1475 563 πρὸς
1507 490 1598 543 τοῦ
1638 487 1773 541 Θεοῦ
1804 504 1961 557 γεγο-

374 594 524 648 νέναι
549 591 747 659 λέγεις,
780 588 1095 659 εὑρίσκεται
1129 584 1328 655 μᾶλλον
1362 583 1455 634 ἐπὶ
1486 579 1563 650 τῷ
1594 578 1796 650 χείρονι
1828 593 1960 648 προ-

377 683 668 753 γενόμενω
700 681 858 750 αὐτῇ.
895 677 958 729 Εἰ
991 676 1035 728 δ’
1079 676 1143 727 ὲκ
1172 672 1265 727 τοῦ
1308 674 1382 743 μὴ
1415 668 1673 723 δύνασθαι
1705 668 1796 720 τὸν
1828 665 1959 719 Θεὸν

374 775 585 830 ἀνελεῖν
617 773 684 826 τὰ
716 772 881 835 κακὰ,
916 771 976 822 τὸ
1004 767 1078 839 μὴ
1125 764 1433 818 πεπαῦσθαι
1473 763 1670 829 λέγεις,
1698 759 1959 815 ἀδύνατον

378 870 469 922 τὸν
493 866 624 920 Θεὸν
652 868 844 938 φήσεις
875 863 1162 934 ὑπάρχειν.
1198 860 1271 913 Τὸ
1312 858 1369 911 δὲ
1406 856 1664 911 ἀδύνατον
1684 896 1698 919 ,
1730 855 1852 925 ἦτοι
1883 851 1960 922 τῷ

380 955 541 1022 φύσει
575 953 774 1023 ἀσθενῆ
811 952 1076 1024 ὑπάρχειν
1110 949 1270 1002 αὑτὸν
1310 948 1497 1009 ἔσται,
1534 946 1567 1016 ἢ
1601 945 1678 1015 τῷ
1706 942 1959 998 νικᾶσθαι

312 1088 319 1095 .
378 1047 457 1119 τῷ
499 1045 650 1116 φόϐῳ
698 1042 1094 1115 δεδουλωμένον
1151 1040 1287 1112 πρός
1334 1055 1476 1101 τινος
1520 1037 1849 1107 κρείττονος.
1895 1036 1959 1087 El

384 1140 484 1210 μὲν
515 1134 607 1192 οὖν
638 1136 729 1191 τὸν
760 1136 891 1189 Θεὸν
934 1135 1093 1204 φύσει
1135 1131 1334 1201 ἀσθενῆ
1380 1129 1511 1183 ὄντα
1554 1128 1846 1198 τολμήσεις
1886 1128 1963 1179 εί-

384 1233 540 1295 πεῖν,
578 1230 709 1302 περὶ
754 1229 851 1299 τῆς
886 1227 1159 1298 σωτηρίας
1191 1224 1361 1294 αὐτῆς
1393 1220 1722 1275 κινδυνεύειν
1756 1234 1844 1291 μοι
1876 1220 1963 1273 δο-

380 1326 520 1386 κεῖς.
560 1324 625 1375 Εἰ
668 1322 727 1375 δὲ
770 1319 847 1391 τῷ
890 1318 1142 1372 νικᾶσθαι
1174 1316 1324 1386 φόϐῳ
1374 1315 1511 1387 πρὸς
1548 1312 1642 1366 τοῦ
1695 1311 1959 1382 μείζονος,

384 1411 610 1483 μείζονα
642 1410 793 1463 ἔσται
823 1406 917 1462 τοῦ
948 1406 1083 1460 Θεοῦ
1115 1407 1184 1460 τὰ
1214 1404 1358 1458 κακὰ
1377 1401 1613 1456 νικῶντα
1641 1400 1742 1470 τῆς
1765 1416 1961 1472 προαι-

382 1507 591 1577 ρέσεως
624 1501 785 1556 αὐτοῦ
817 1501 916 1573 τὴν
952 1498 1149 1571 ὁρμήν*
1185 1498 1321 1568 ὅπερ
1352 1494 1549 1548 ἄτοπον
1581 1486 1721 1545 εἷναί
1756 1508 1845 1562 μοι
1875 1489 1963 1544 λέ-

382 1613 503 1665 γειν
530 1594 658 1667 περὶ
688 1590 820 1646 Θεοῦ
845 1593 1012 1646 δοκεῖ.
1048 1588 1148 1642 Διά
1189 1587 1242 1639 τί
1285 1586 1395 1657 γὰρ
1435 1584 1554 1654 οὐχὶ
1582 1580 1778 1653 μᾶλλον
1809 1581 1960 1635 ταῦτ’

377 1688 598 1742 ἔσονται
619 1686 752 1751 θεοὶ,
772 1684 927 1754 νικᾷν
956 1682 1097 1737 κατὰ
1120 1680 1212 1733 τὸν
1243 1679 1335 1731 σὸν
1364 1677 1521 1744 λόγον
1545 1675 1831 1746 δυνάμενοι
1848 1674 1961 1745 (55)

2062 483 2438 553 interpretaris
2458 522 2475 548 ,
2505 482 2607 535 lioc
2637 480 2739 549 ipsi
2766 479 2879 549 jam
2917 476 2973 531 in
3006 474 3249 531 deterius
3285 473 3520 530 cessisse
3551 489 3638 529 re-

2057 577 2257 647 peries.
2288 573 2407 629 Jam
2449 585 2601 639 vero,
2636 573 2681 627 si
2723 570 2870 642 quod
2906 569 3049 624 mala
3100 567 3243 623 Deus
3293 567 3485 623 tollere
3524 582 3636 621 non

2061 668 2318 739 potuerit,
2351 666 2541 721 eadem
2590 664 2896 735 perstitisse
2938 662 3119 726 voles;
3168 659 3336 716 Deum
3370 673 3499 731 ergo
3534 659 3638 714 im-

2062 766 2335 829 p0tentem
2364 757 2518 812 facis.
2549 755 2824 825 lmpotens
2853 762 3033 808 autem
3068 753 3115 807 si
3147 752 3272 818 erit,
3296 759 3393 805 aut
3417 760 3639 821 propter

2062 851 2304 905 nativam
2335 847 2769 904 imbecillitatem
2816 846 2941 909 erit,
2973 854 3070 899 aut
3118 844 3263 914 quod
3299 843 3550 899 servilem
3580 843 3637 897 iu

2063 945 2307 1010 modum,
2338 940 2663 1013 potentioris
2696 937 2930 1007 alicujus
2951 947 3161 993 terrore
3184 944 3493 1006 superetur.
3525 933 3639 990 Na-

2063 1046 2184 1093 tura
2228 1035 2585 1101 imbecillum,
2616 1036 2755 1090 citra
2796 1031 3152 1088 manifestum
3196 1029 3388 1086 salutis
3421 1029 3641 1099 pericu-

2060 1130 2199 1195 lum,
2225 1127 2496 1183 affirmare
2526 1126 2756 1181 audebis
2791 1138 3095 1195 nunquam.
3137 1122 3234 1177 Sin
3268 1122 3497 1192 majoris
3526 1119 3641 1177 for-

2062 1220 2267 1276 midine
2295 1220 2500 1275 victum
2523 1233 2648 1274 esse
2680 1216 2852 1279 dices,
2879 1216 3023 1271 mala
3060 1214 3173 1271 Deo
3213 1214 3380 1270 simul
3408 1222 3641 1284 antepo—

2063 1325 2183 1376 nes,
2233 1324 2357 1380 quae
2402 1309 2512 1362 vim
2559 1308 2678 1377 ejus
2723 1307 3097 1377 impetumque
3129 1304 3426 1361 voluntatis
3467 1306 3640 1376 impe-

2062 1401 2244 1467 diant;
2280 1400 2427 1470 quod
2471 1413 2604 1454 sane
2634 1399 2703 1453 de
2751 1406 2947 1452 natura
2977 1395 3161 1450 divina
3202 1393 3486 1464 praedicari
3530 1410 3638 1448 non

2063 1492 2172 1547 nisi
2207 1492 2442 1547 absurde
2466 1496 2666 1560 potest.
2710 1488 2911 1555 Quidni
2960 1487 3106 1541 enim
3136 1488 3280 1542 mala
3311 1487 3429 1557 ipsa
3458 1488 3642 1557 potius

2064 1584 2293 1638 deorum
2321 1583 2441 1638 loco
2472 1582 2799 1648 habeantur,
2832 1580 2882 1634 si
2921 1588 2977 1634 et
3011 1578 3205 1645 Deum,
3240 1588 3300 1633 ut
3339 1579 3443 1646 ais,
3482 1594 3647 1649 supe-

2063 1689 2189 1730 rare
2216 1682 2471 1745 possunt,
2502 1683 2558 1726 et
2584 1671 2755 1727 Deum
2788 1671 2922 1725 illud
2956 1684 3081 1726 esse
3125 1671 3346 1725 demum
3392 1671 3645 1740 agnosci-

378 1779 474 1834 τὸν
508 1780 659 1843 Θεὸν,
696 1778 854 1849 εἰπερ
886 1775 1019 1829 Θεὸν
1047 1773 1238 1845 ξὲκείνό
1283 1787 1482 1842 φαμεν,
1516 1770 1545 1823 ὃ
1576 1768 1672 1839 τὴν
1704 1769 1960 1823 ἁπάντων

2071 1780 2209 1831 mus,
2245 1764 2392 1834 quod
2432 1778 2705 1820 summam
2752 1762 2951 1817 habeat
2993 1775 3176 1817 rerum
3214 1761 3461 1815 omnium
3490 1769 3646 1831 pote-

379 1870 633 1936 ὲξουσίαν
664 1869 811 1939 ἔχεις
1918 1938 1919 1941 η

453 1963 524 2015 Χ.
551 1961 768 2033 Βραχέα
804 1959 860 2012 δέ
892 1975 987 2011 σου
1019 1956 1112 2009 καὶ
1142 1955 1273 2027 περὶ
1310 1954 1409 2025 τῆς
1443 1952 1575 2024 ὕλης
1605 1950 1774 2021 αὐτῆς
1800 1950 1964 2003 πυθέ-

382 2055 511 2109 σθαι
553 2053 831 2124 βούλομαι’
869 2050 961 2104 καί
1012 2066 1101 2120 μοι
1142 2038 1324 2120 φέρων
1366 2046 1510 2115 λέγε,
1553 2045 1781 2115 πότερον
1817 2042 1961 2112 ἁπλῆ

381 2163 468 2210 τις
494 2142 561 2215 ἦν
592 2147 625 2215 ή
656 2144 753 2214 ὕλη
774 2184 789 2207 ,
824 2142 858 2213 ἢ
893 2141 1165 2204 σύνθετος.
1211 2140 1275 2193 Ἦ
1307 2139 1415 2211 γὰρ
1459 2136 1689 2208 διαφορὰ
1720 2136 1828 2189 τῶν
1868 2152 1963 2203 γε-

378 2237 619 2305 γονότων
646 2236 728 2299 είς
760 2233 1015 2303 τοιαύτην
1056 2248 1122 2303 με
1160 2232 1506 2301 περιΐστησιν
1531 2228 1776 2296 ἐξέτασιν
1812 2227 1964 2280 τοῦδε

377 2326 480 2380 τοῦ
510 2325 693 2394 λόγου.
719 2326 783 2377 El
810 2322 918 2395 γὰρ
943 2322 1091 2392 ἁπλῆ
1111 2339 1194 2385 τις
1228 2321 1523 2391 ἐτύγχανεν
1547 2322 1580 2391 ὴ
1615 2319 1713 2391 ὕλη
1746 2319 1842 2372 καί
1874 2335 1968 2390 μο-

385 2418 611 2489 νοειδής·
652 2416 905 2479 σύνθετος
928 2415 985 2468 δὲ
1010 2416 1039 2467 6
1063 2414 1266 2485 κόσμος
1300 2414 1443 2485 (54),
1472 2413 1564 2467 καὶ
1597 2416 1661 2465 ἐκ
1691 2410 1966 2483 διαφόρων

379 2508 582 2562 οὐσιῶν
634 2524 695 2561 τε
748 2507 844 2559 καὶ
903 2504 1151 2577 κράσεων
1206 2506 1307 2576 τὴν
1361 2505 1618 2559 σύστασιν
1670 2503 1811 2575 ἔχει;
1863 2503 1967 2556 Τὸν

384 2601 495 2672 γὰρ
529 2598 638 2669 (55)
684 2596 937 2651 σύνθετον
982 2595 1171 2649 ἁπλῶν
1201 2594 1362 2649 τινων
1394 2595 1538 2666 μίξιν
1570 2596 1782 2665 μήνυει.
1816 2594 1878 2646 Ei
1921 2592 1967 2646 δ’

382 2687 456 2746 αὖ
485 2689 645 2744 πάλιν
671 2687 769 2758 τὴν
802 2686 935 2758 ὕλην
982 2686 1233 2740 σύνθετον
1276 2685 1455 2753 λέγειν
1488 2684 1713 2748 ἐθέλοις,
1750 2683 1968 2745 πάντως

384 2780 448 2847 ἐξ
474 2778 661 2834 ἁπλῶν
693 2795 853 2832 τινων
882 2776 1250 2831 συντεθεῖσθαι
1284 2777 1495 2847 φήσεις.
1521 2776 1583 2829 Εἰ
1610 2776 1667 2830 δὲ
1701 2775 1759 2841 ἐξ
1784 2773 1971 2830 ἁπλῶν

384 2870 668 2940 συνετέθη,
691 2865 759 2940 ἦν
785 2886 914 2922 ποτε
948 2868 1066 2922 καθ’
1107 2867 1274 2921 ἑαυτὰ
1304 2866 1413 2937 (56)
1439 2868 1506 2921 τὰ
1537 2868 1706 2933 ἁπλᾶ,
1745 2859 1821 2921 ὧν
1849 2883 1974 2921 συν-

381 2963 671 3025 τεθέντων,
714 2960 1004 3030 γέγονενὴ
1054 2958 1173 3029 ὕλησ
1220 2958 1280 3025 ἐξ
1327 2952 1387 3012 οὕ
1440 2977 1544 3030 περ
1594 2959 1689 3013 καὶ
1739 2958 1972 3031 γεννητὴ

385 3051 523 3109 οὖσα
544 3054 840 3107 δείκνυται.
887 3053 951 3104 El
990 3051 1101 3125 γὰρ
1136 3050 1389 3115 σύνθετος
1424 3053 1456 3122 ἡ
1492 3052 1615 3123 ὕλη,
1650 3051 1719 3106 τὰ
1760 3052 1817 3105 δὲ
1849 3051 1973 3106 σύν-

2065 1857 2296 1913 statem?

2137 1947 2202 2003 Χ.
2234 1946 2340 2001 Sed
2368 1946 2524 2015 juvat
2547 1954 2833 2014 praeterea,
2863 1942 3129 1997 nonnulla
3152 1957 3220 1996 ex
3245 1950 3298 1996 te
3319 1941 3387 1996 de
3419 1942 3646 1995 materia

2065 2051 2330 2108 quaerere.
2360 2036 2459 2091 Dic
2486 2035 2671 2107 igitur,
2699 2035 2896 2089 amabo
2939 2042 3010 2101 te,
3064 2033 3439 2103 simplicemne
3476 2044 3648 2087 mate-

2068 2134 2229 2197 riam,
2279 2145 2347 2185 an
2392 2130 2757 2199 compositam
2812 2128 2984 2183 Fuisse
3032 2126 3229 2196 putes?
3262 2124 3409 2179 Nam
3460 2141 3644 2180 rerum

2065 2232 2219 2279 tanta
2253 2222 2543 2277 diversitas
2571 2222 2638 2275 ad
2684 2219 2853 2288 hujus
2881 2233 2970 2273 me
3014 2216 3463 2286 disceptationem
3497 2230 3649 2284 qua:-

2068 2310 2261 2367 stionis
2309 2308 2550 2365 adducit.
2602 2307 2661 2365 Si
2697 2309 2843 2363 enim
2888 2308 3155 2377 simplex,
3193 2307 3469 2376 uniusque
3503 2305 3649 2360 duu-

2067 2414 2220 2460 taxat
2246 2403 2439 2459 formte
2469 2417 2536 2458 ac
2564 2401 2753 2473 ﬁgurae
2794 2400 3021 2456 materia
3050 2398 3187 2466 fuit;
3222 2400 3497 2471 quomodo
3529 2408 3651 2452 tau—-

2067 2497 2191 2552 dem
2226 2495 2563 2566 compositus
2590 2510 2660 2548 ex
2690 2509 2755 2549 ea
2792 2492 3052 2556 mundus,
3087 2508 3151 2547 ex
3190 2499 3341 2546 tanta
3386 2491 3648 2545 substan-

2070 2591 2272 2644 tiarum
2304 2604 2370 2644 ac
2399 2588 2860 2659 temperationum
2887 2586 3154 2640 varietate
3178 2583 3464 2639 consistit?
3493 2581 3651 2648 Quod

2069 2682 2217 2736 enim
2247 2681 2613 2751 compositum
2644 2679 2869 2744 dicitur,
2909 2678 2963 2733 id
3000 2692 3133 2732 sane
3164 2676 3403 2746 plurium
3441 2674 3653 2743 simpli-

2071 2774 2218 2830 cium
2254 2772 2569 2830 mistionem
2602 2771 2849 2827 involvit.
2887 2769 2983 2826 Sin
3012 2770 3260 2825 eamdem
3292 2768 3652 2838 compositam

2074 2865 2248 2921 fuisse
2293 2864 2413 2932 vis,
2462 2878 2529 2917 ex
2586 2861 2928 2931 simplicibus
2980 2861 3143 2932 igitur
3189 2860 3493 2929 composita
3529 2859 3652 2913 fuit.

2072 2958 2231 3026 Quod
2258 2959 2307 3014 si
2339 2972 2528 3013 verum
2560 2964 2663 3021 est,
2698 2953 2916 3011 fuerant
2948 2955 3062 3025 jam
3098 2952 3229 3009 olim
3262 2952 3534 3024 simplicia
3562 2952 3653 3006 illa

2076 3067 2172 3120 per
2197 3065 2338 3113 sese,
2380 3064 2617 3119 quorum
2645 3062 2712 3102 ex
2740 3047 3136 3117 compositione
3161 3047 3390 3102 materia
3423 3045 3655 3100 conﬂata

380 3147 520 3201 θετα
548 3146 606 3213 ἐξ
648 3144 836 3199 ἁπλῶν
864 3142 964 3214 τὴν
1000 3142 1259 3197 σύστασιν
1297 3143 1411 3214 ἔχει
1432 3182 1447 3207 ,
1477 3138 1544 3215 ἦν
1579 3162 1709 3197 ποτε
1757 3143 1965 3215 καιρὸς,

2072 3153 2176 3195 est.
2206 3139 2345 3197 Hinc
2380 3156 2546 3211 porro
2566 3137 2806 3210 genitam
2845 3152 2966 3192 esse
3000 3138 3285 3194 materiam
3324 3138 3654 3193 ostenditur.

385 3239 478 3293 ὅτε
524 3237 623 3307 ὕλη
671 3237 773 3290 οὐκ
809 3232 898 3306 ἦν,
938 3235 1186 3290 τουτέστι
1232 3236 1361 3307 πρὶν
1402 3236 1470 3290 τὰ
1495 3237 1644 3290 ἁπλᾶ
1677 3237 1968 3290 συνελθεῖν,

390 3330 451 3383 Ei
505 3328 561 3383 δὲ
610 3325 679 3399 ἦν
727 3343 861 3381 ποτε
910 3326 1120 3397 καιρὸς,
1166 3327 1255 3379 ὅτε
1306 3325 1404 3396 ὕλη
1437 3328 1537 3379 οὐκ
1566 3322 1654 3396 ἦν·
1691 3327 1791 3379 οὐκ
1818 3323 1884 3396 ἦν
1916 3326 1973 3379 δέ

389 3437 521 3473 ποτε
566 3418 774 3491 καιρὸς,
808 3419 898 3472 ὅτε
945 3418 1006 3470 τὸ
1051 3417 1343 3487 ἀγέννητον
1394 3418 1493 3470 οὐκ
1547 3413 1636 3488 ἦν,
1674 3418 1774 3470 οὐκ
1823 3416 1975 3472 ἔσται

390 3508 682 3579 ἀγέννητὸς
733 3510 766 3577 ἡ
817 3506 937 3579 ὕλη.
986 3506 1059 3559 Τὸ
1120 3506 1164 3560 δ’
1210 3506 1463 3560 ἐντεῦθεν
1506 3506 1659 3560 ἕσται
1693 3506 1860 3560 πολλά
1903 3507 1974 3560 τὰ

391 3600 683 3669 ἁγέννητα.
739 3599 801 3651 Εἰ
847 3598 957 3670 γὰρ
1012 3592 1081 3667 ἦν
1133 3595 1428 3667 ἀγέννητος
1477 3597 1505 3649 6
1553 3595 1706 3660 Θεὸς,
1761 3596 1855 3648 καὶ
1906 3596 1972 3648 τὰ

390 3690 541 3744 ἁπλᾶ
570 3689 629 3756 ἐξ
666 3682 740 3742 ὧν
775 3690 808 3760 ἡ
840 3688 938 3759 ὕλη
976 3687 1232 3758 συνετέθη
1252 3728 1266 3752 ,
1290 3688 1390 3740 οὐκ
1430 3687 1581 3741 ἔσται
1611 3686 1703 3741 δύο
1745 3687 1881 3758 μόνα
1904 3688 1973 3741 τὰ

391 3778 697 3849 ἀγέννητα,
721 3779 809 3833 ἵνα
830 3779 1063 3851 παρήσω
1106 3778 1167 3830 τὸ
1208 3778 1536 3850 ἐπιζητῆσαι
1577 3777 1628 3830 τί
1659 3778 1787 3831 ὄντα
1828 3781 1974 3833 ἐστιν

396 3870 561 3924 ἁπλᾶ·
610 3869 707 3941 ὕλη
744 3869 777 3940 ἢ
820 3866 979 3933 εἶδος.
1020 3870 1177 3923 Δοκεῖ
1220 3870 1276 3922 δέ
1322 3886 1404 3923 σοι
1443 3869 1608 3940 μηδὲν
1651 3869 1757 3923 τῶν
1806 3870 1974 3924 ὅντων

392 3960 527 4015 αὐτὸ
577 3961 756 4031 έαυτῷ
806 3960 1173 4025 ἁντικείσθαι;
1214 3962 1390 4015 Δοκεῖ.
1445 3960 1767 4025 Ἀντίκειται
1804 3961 1860 4014 δὲ
1896 3961 1974 4033 τῷ

396 4052 528 4124 πυρὶ
571 4053 633 4105 τὸ
680 4051 859 4124 ὕδωρ;
906 4051 1262 4106 Ἀντικεῖσθαί
1301 4070 1391 4123 μοι
1431 4052 1695 4122 φαίνεται.
1746 4054 1976 4124 Ὁμοίως

395 4145 453 4197 δὲ
481 4144 574 4198 καὶ
607 4143 684 4215 τῷ
716 4144 856 4212 φωτὶ
888 4141 946 4197 τὸ
980 4144 1189 4209 σκότος,
1215 4143 1308 4197 καὶ
1337 4142 1414 4213 τῷ
1441 4142 1633 4215 ψυχρῷ
1657 4143 1717 4196 τὸ
1754 4144 1973 4217 θερμὸν,

399 4237 536 4309 πρὸς
568 4237 631 4307 δὴ
662 4236 870 4299 τούτοις
902 4235 1096 4306 καὶτῷ
1126 4235 1274 4308 ξηρῷ
1302 4235 1362 4289 τὸ
1395 4236 1593 4308 ύγρόν;
1618 4234 1807 4301 Οὕτως
1833 4237 1977 4308 ἔχειν

401 4346 491 4401 μοι
542 4328 708 4382 δοκεῖ.
761 4328 970 4381 Οὐκοῦν
1005 4328 1114 4399 (57)
1149 4330 1197 4379 εί
1250 4328 1414 4399 μηδὲν
1461 4327 1570 4381 τῶν
1625 4328 1793 4382 ὄντων
1844 4330 1978 4383 αὐτὸ

401 4419 579 4490 ἑαυτῷ
607 4419 927 4485 ἀντίκειται,
960 4418 1205 4491 ἀλλήλοις
1231 4419 1286 4472 δὲ
1320 4419 1493 4472 ταῦτα
1526 4420 1850 4486 ἀντίκειται,
1878 4422 1976 4474 οὐκ

400 4479 611 4564 ἔσονται
645 4508 745 4581 ὕλη
774 4510 891 4581 μία,
916 4479 1045 4562 ὀὐδὲ
1228 4508 1287 4576 ἐξ
1318 4509 1449 4581 ὕλης
1482 4511 1630 4580 μιᾶς.
1669 4479 1889 4581 Ὅμοιον
1919 4512 1976 4565 δέ
2011 4479 2054 4533 D

399 4614 519 4654 τινα
577 4599 751 4671 τούτῳ
799 4600 953 4670 λόγον
1006 4600 1166 4654 πάλιν
1221 4599 1486 4653 πυθέσθαι
1545 4618 1639 4653 σου
1698 4600 1972 4672 βούλομαι.

401 4695 558 4745 Δοκεῖ
587 4709 666 4743 σοι
698 4691 768 4745 τὰ
810 4692 951 4764 μέρη
990 4692 1064 4764 μὴ
1111 4690 1432 4763 ἀναιρετικά
1478 4691 1762 4763 τυγχάνειν
1812 4692 1977 4763 ἀλλή-

402 4784 544 4846 λων;
571 4784 744 4836 Δοκεῖ.
782 4778 934 4836 Εἶναι
960 4782 1018 4835 δὲ
1064 4782 1163 4852 τῆς
1196 4781 1329 4854 ὕλης
1364 4782 1526 4856 μέρη,
1568 4783 1628 4836 τό
1656 4801 1714 4836 τε
1747 4782 1857 4855 πῦρ
1887 4784 1979 4837 καὶ

404 4873 567 4945 ὕδωρ,
600 4873 860 4936 ὡσαύτως
889 4873 944 4926 δὲ
970 4872 1063 4925 καὶ
1096 4873 1163 4926 τά
1190 4873 1386 4939 λοιπά;
1423 4872 1608 4937 Οὕτως
1641 4872 1772 4945 ἔχει.
1809 4876 1874 4927 Τί
1903 4876 1977 4939 δὲ,

402 4965 463 5018 οὐ
502 4965 647 5018 δοκεῖ
691 4982 773 5017 σοι
813 4965 1211 5036 ἀνατρεπτικὸν
1261 4965 1359 5035 μὲν
1402 4962 1540 5019 εἶναι
1573 4965 1667 5019 τοῦ
1719 4967 1888 5038 πυρὸς
1921 4968 1981 5020 τὸ

405 5054 568 5127 ὕδωρ,
597 5054 688 5108 τοῦ
718 5053 774 5107 δὲ
803 5054 1029 5116 σκότους
1061 5053 1121 5105 τὸ
1156 5054 1290 5123 φῶς,
1327 5055 1419 5107 καὶ
1450 5055 1618 5108 τᾶλλα
1646 5055 1745 5107 ὅσα
1775 5057 1983 5119 τούτοις

406 5147 797 5218 παραπλήσια;
848 5148 1025 5198 Δοκεῖ.
1073 5144 1279 5199 Οὐκοῦν
1334 5147 1380 5197 εἰ
1412 5147 1479 5201 τὰ
1528 5147 1668 5224 μέρη
1706 5148 1805 5200 οὐκ
1838 5149 1982 5201 ἔστιν

479 5319 589 5394 (ᾆῖ)
636 5319 832 5394 Ἐσεὶν
860 5320 1189 5388 εὐεργεσία.
1221 5317 1425 5394 Sensus
1448 5320 1686 5394 postulat
1714 5322 1799 5374 ἐπ’
1836 5324 1984 5394 εὐερ-

406 5389 582 5461 γεσίᾳ,
619 5392 855 5461 maxime
889 5397 1293 5461 cumsequatur
1318 5390 1411 5441 ἐπὶ
1442 5390 1661 5461 χείρονι.

475 5407 582 5513 aug,
619 5407 855 5445 maxime
889 5407 1013 5444 cum
1035 5407 1293 5458 sequatur
1318 5407 1411 5441 επι
1442 5407 1661 5461 χειρονι.

472 5453 533 5580 ἕὸ
572 5461 591 5530 )
624 5458 966 5528 Ammius-rat.
1022 5459 1254 5513 Praestat
1296 5462 1521 5514 omnino
1563 5461 1838 5533 δυνάμενα
1862 5503 1876 5528 ,
1922 5471 1978 5518 ut

493 5539 678 5580 eratur
707 5532 772 5580 ad
799 5530 990 5580 ταῦτα.
1024 5546 1130 5580 non
1159 5530 1225 5580 ad
1266 5528 1397 5580 θεοί.

409 5528 678 5584 referatur
707 5532 772 5584 ad
799 5530 990 5590 ταῦτα,
1024 5546 1130 5584 non
1159 5530 1225 5583 ad
1266 5528 1397 5583 θεοί.

483 5599 591 5670 (34)
621 5600 914 5665 Σύνθετος
957 5598 1025 5652 δὲ
1070 5603 1101 5653 ό
1151 5599 1396 5670 κόσμος.
1448 5599 1633 5654 Mutila
1686 5601 1787 5656 ista
1833 5612 1979 5656 sunt.

411 5669 707 5741 commode
754 5670 834 5724 sic
874 5670 1092 5740 expleas
1130 5686 1141 5719 :
1179 5669 1302 5733 Πῶς
1345 5669 1409 5741 δὴ
1460 5671 1710 5735 σύνθετός
1758 5675 1907 5725 ἐστιν
1954 5675 1983 5726 6

412 5739 633 5810 κόσμος,
666 5749 769 5793 etc.

734 5830 1007 5891 PATROL.
1041 5831 1159 5892 Gn.
1201 5834 1274 5891 ν.

2073 3230 2209 3286 Nam
2257 3232 2303 3287 si
2338 3231 2645 3299 composita
2678 3229 2910 3285 materia
2950 3239 3063 3297 est;
3095 3227 3399 3297 composita
3430 3242 3557 3283 vero
3586 3242 3654 3283 ex

2076 3324 2419 3394 simplicibus
2452 3330 2837 3392 coagmentata
2887 3328 3048 3387 sunt;
3082 3330 3298 3390 tempus
3346 3320 3481 3375 illud
3510 3327 3657 3375 certe

2075 3416 2199 3482 fuit,
2229 3431 2340 3485 quo
2385 3416 2534 3471 nulla
2582 3414 2715 3469 dum
2754 3412 2983 3467 materia
3018 3421 3184 3477 esset,
3218 3411 3323 3468 hoc
3371 3421 3456 3468 est
3503 3422 3656 3467 antc-

2073 3517 2239 3573 quam
2290 3521 2355 3560 ea
2391 3505 2724 3575 simplicium
2774 3505 2917 3559 inter
2965 3519 3090 3558 sese
3138 3504 3452 3573 conjunctio
3484 3503 3654 3559 ﬁeret.

2075 3596 2254 3663 Quod,
2293 3596 2339 3652 si
2390 3604 2603 3667 tempus
2652 3594 2925 3666 ejusmodi
2958 3596 3181 3665 aliquod
3228 3594 3356 3662 fuit,
3390 3612 3503 3666 quo
3547 3611 3656 3651 ma-

2076 3688 2215 3744 teria
2258 3688 2491 3743 necdum
2538 3696 2723 3756 esset;
2757 3689 2971 3743 nullum
3022 3698 3205 3744 autem
3256 3703 3496 3758 unquam
3529 3687 3654 3753 fuit,

2075 3796 2186 3850 quo
2215 3794 2302 3835 res
2334 3788 2455 3832 ortu
2487 3778 2868 3849 principioque
2896 3794 3113 3845 carens,
3144 3781 3392 3834 nondum
3427 3779 3657 3834 exsiste-

2075 3882 2196 3933 ret;
2229 3880 2350 3927 ortu
2392 3870 2624 3925 materia
2669 3870 2915 3927 caruisse
2961 3886 3071 3925 non
3119 3870 3340 3940 poterit.
3384 3869 3655 3925 Caeterum

2078 3962 2235 4032 plura
2264 3960 2519 4031 deinceps
2543 3971 2665 4015 ortu
2695 3961 2938 4015 carentia
2964 3970 3295 4017 statuemus.
3331 3962 3389 4015 Si
3422 3963 3566 4016 enim
3604 3974 3659 4015 et

2077 4054 2242 4121 Deus,
2279 4063 2332 4109 et
2358 4053 2627 4121 simplicia
2666 4054 2768 4109 ista
2803 4068 2870 4107 ex
2899 4055 3101 4125 quibus
3143 4064 3399 4109 concreta
3428 4055 3658 4108 materia

2077 4155 2181 4213 est,
2219 4154 2343 4200 ortu
2374 4145 2674 4211 carebunt,
2718 4159 2829 4199 non
2855 4145 2972 4214 jam
3005 4146 3116 4199 duo
3160 4156 3372 4200 tantum
3407 4155 3531 4200 ortu
3569 4161 3659 4199 ca-

2077 4238 2255 4294 rentia
2290 4236 2681 4305 censebuntur,
2722 4246 2783 4292 ut
2834 4237 3245 4307 praetermittam
3292 4236 3347 4291 id
3394 4252 3659 4308 quaerere,

2079 4330 2208 4397 quid
2240 4328 2449 4383 fuerint
2485 4328 2604 4398 ipsa
2630 4328 2924 4398 simplicia,
2956 4330 3186 4383 materia
3219 4344 3291 4383 an
3323 4327 3522 4384 forma.
3555 4328 3661 4384 Po-

2078 4428 2304 4484 stremo,
2332 4434 2463 4473 num
2492 4428 2549 4473 tu
2583 4434 2697 4474 rem
2728 4420 2889 4489 plane
2918 4420 3150 4485 nullam,
3178 4435 3301 4488 quae
3331 4434 3518 4475 secum
3543 4420 3661 4491 ipsa

2080 4520 2297 4580 pugnet,
2328 4525 2450 4566 esse
2477 4511 2764 4567 concedis?
2791 4511 3028 4566 Nullam.
3055 4509 3193 4571 Cum
3222 4513 3346 4583 igne
3375 4528 3503 4567 vero
3528 4529 3659 4567 num

2081 4616 2222 4671 aqua
2251 4601 2493 4672 pugnat?
2520 4600 2733 4671 Pugnat
2766 4617 2916 4657 sane.
2966 4601 3233 4655 Similiter
3267 4610 3319 4655 et
3368 4601 3476 4655 luci
3510 4611 3659 4655 tene-

2081 4692 2212 4757 ὶιιθει,
2244 4702 2298 4745 et
2318 4692 2515 4763 frigido
2543 4694 2806 4760 ca'oidum,
2834 4702 2889 4747 et
2916 4693 3063 4747 sicco
3091 4691 3379 4746 humidum
3405 4692 3661 4748 adversa-

2082 4781 2208 4835 tur?
2232 4780 2449 4851 Utique.
2485 4783 2653 4853 Igitur
2678 4784 2723 4836 si
2750 4797 2838 4837 res
2875 4783 3019 4836 nulla
3053 4798 3238 4837 secum
3276 4784 3392 4851 ipsa
3432 4794 3658 4854 pugnat,

2082 4873 2198 4928 haec
2237 4884 2418 4928 autem
2471 4890 2655 4928 secum
2686 4885 2962 4944 pugnant,
2997 4874 3243 4943 sequitur
3276 4876 3523 4940 omnino,
3558 4891 3659 4930 nec

2083 4967 2299 5021 unicam
2333 4981 2455 5020 esse
2504 4967 2810 5031 materiam,
2852 4981 2951 5020 nec
3000 4966 3160 5020 unica
3213 4975 3422 5021 tantum
3452 4983 3518 5023 ex
3547 4985 3659 5021 ma-

2083 5058 2217 5111 teria
2279 5058 2536 5112 universa
2576 5068 2850 5112 constare.
2911 5057 3012 5113 Cui
3054 5059 3332 5128 persimile
3380 5075 3444 5113 ac
3487 5040 3658 5129 gemi-

2084 5164 2213 5203 num
2246 5148 2377 5203 illud
2417 5159 2520 5212 est,
2571 5150 2719 5219 quod
2761 5150 3027 5220 sequitur.
3066 5148 3261 5206 Nonne
3296 5151 3390 5205 tibi
3420 5152 3655 5216 videtur,

2156 5325 2265 5400 (ἒξ)
2294 5325 2417 5400 ,Τεδην
2444 5326 2569 5395 γάρ·
2613 5325 2867 5400 Rescribe
2892 5327 2952 5400 τὸ
2985 5327 3110 5400 γᾴρ-

2156 5393 2266 5465 (56)
2294 5393 2401 5469 Ἦν
2431 5393 2730 5469 ,ποτεκαίν
2769 5398 2973 5451 ἑαυτά.
2997 5393 3215 5469 ’Νεεριῆ
3254 5397 3411 5454 facile
3450 5407 3657 5468 posset,

2085 5468 2229 5534 quod
2270 5468 2355 5519 hic
2385 5468 2706 5520 assumitur.

2156 5536 2267 5607 ('57)
2293 5537 2546 5608 Ορξιοῦν.
2594 5537 2659 5590 Et
2700 5539 2813 5592 lucc
2846 5544 3231 5607 consequentia
3262 5540 3461 5608 oppido
3489 5554 3655 5608 quam

2087 5603 2321 5679 infirma.
2354 5605 2487 5679 Tota
2512 5609 2658 5662 enim
2692 5608 2805 5663 haec
2833 5603 3197 5679 ἀντιμέῐχησις
3229 5603 3313 5664 est
3336 5603 3462 5662 κατ’
3496 5603 3659 5679 ἐίδος,

2087 5694 2192 5729 non
2229 5677 2349 5728 καθ’
2376 5676 2527 5743 ὕλην.
2961 5676 2971 5679 ’
3040 5676 3071 5679 ’⁷
3097 5676 3105 5678 ἡ
3596 5710 3599 5711 ν

3305 5832 3333 5885 .i
3344 5831 3379 5888 3
