4148 6386
568 260 735 331 ,ιδεδ

1737 263 2213 325 POLYCRATES.
2249 301 2319 312 -—
2348 268 2650 328 NOTITIA.

3705 292 3834 345 1556

587 390 775 452 partes
824 396 935 439 non
981 397 1042 441 se
1088 383 1323 440 invicem
1366 384 1695 442 destruere?
1726 384 2016 458 Equidem.
2042 389 2155 446 ’Μο-

2270 392 2519 465 ἀλλήλων
2549 395 2888 467 ἀναιρετικά,
2920 397 2991 453 τὰ
3036 398 3093 452 δὲ
3136 398 3237 470 τῆς
3272 399 3403 472 ὕλης
3454 403 3592 479 μέρη
3630 408 3833 485 ἀναιρε-

587 475 739 530 terize
779 488 908 530 vero
952 483 1158 546 partes,
1198 476 1401 546 ignem,
1455 492 1677 548 aquam,
1712 488 1765 533 et
1808 480 2019 551 reliqua
2049 497 2172 537 esse

584 567 877 623 concedis?
923 566 992 622 Et
1052 567 1305 623 libenter.
1372 567 1555 638 Ignem
1623 584 1790 640 porro
1848 587 2026 642 aqua;
2077 574 2170 629 lux

586 660 843 716 tenebras
868 702 885 727 ,
944 668 1109 730 atque
1171 660 1445 731 ejusmodi
1511 672 1743 728 caetera,
1826 680 1934 719 non
1982 668 2171 723 tollere

585 770 708 811 sese
736 764 927 810 mutuo
972 769 1037 810 ac
1079 755 1350 824 perimere
1391 754 1679 810 videntur?
1724 755 1911 812 Plane.
1943 758 1999 813 Si
2037 774 2169 830 ergo

584 854 768 917 partes
813 846 975 902 nulla:
1028 855 1282 903 mutuum
1331 848 1436 904 sibi
1481 848 1712 904 exitium
1744 848 2009 914 alterunt,
2044 865 2170 920 par-

586 947 669 992 tes
698 950 883 993 autem
934 940 1180 995 materiae
1215 949 1469 995 mutuum
1504 940 1610 995 sibi
1637 941 1871 995 exitium
1912 942 2166 1009 afferunt,

585 1044 687 1084 nec
714 1037 1029 1085 mutuarum
1066 1030 1171 1087 ista
1197 1031 1434 1101 partium
1474 1031 1741 1086 rationem
1766 1032 2035 1099 obtinere,
2064 1050 2166 1089 nec

585 1119 815 1189 proinde
858 1121 1026 1177 unius
1074 1130 1287 1177 tantum
1332 1122 1596 1190 materiae,
1631 1130 1726 1177 aut
1768 1138 1902 1177 vero
1935 1125 2164 1179 materia

583 1225 811 1280 prorsus
836 1226 957 1267 esse
980 1222 1268 1282 poterunt;
1301 1227 1426 1267 cum
1457 1228 1544 1267 res
1576 1213 1725 1266 nulla
1751 1213 2029 1268 interitum
2055 1214 2162 1270 sibi

583 1309 907 1373 pestemque
954 1311 1141 1369 creet,
1188 1303 1268 1357 uti
1312 1304 1603 1359 contrariis
1646 1306 1921 1360 contraria
1966 1306 2163 1362 solent.

581 1391 692 1449 Nec
723 1396 867 1450 enim
900 1396 1041 1451 idem
1068 1398 1408 1452 contrarium
1448 1406 1532 1451 est
1563 1398 1667 1467 ipsi
1717 1398 1852 1465 sibi;
1887 1400 2163 1456 contraria

581 1484 888 1556 siquidem,
916 1486 1040 1541 aliis
1082 1487 1347 1542 duntaxat
1391 1488 1666 1541 contraria
1698 1496 1858 1552 sunt;
1902 1488 2161 1557 quemad-

581 1579 808 1635 modum
859 1580 1191 1634 nec-a'lbum
1234 1580 1381 1647 albo,
1427 1579 1523 1635 sed
1573 1580 1731 1650 nigro
1781 1588 2028 1647 tantum;
2063 1597 2161 1635 nec

2271 486 2399 541 τικά
2438 486 2685 557 ἀλλήλων
2709 489 2877 553 ἐστὶν,
2910 490 3011 543 οὐκ
3048 489 3200 543 ἔσται
3237 491 3479 563 ἀλλήλων
3515 496 3671 571 μέρη·
3707 505 3752 555 εί
3782 505 3837 559 δὲ

2271 577 2372 630 οὐκ
2424 577 2571 632 ἐστιν
2617 577 2866 649 ἀλλήλων
2916 580 3077 652 μέρη,
3131 581 3229 633 οὐκ
3276 582 3488 638 ἔσονται
3528 588 3653 661 ὕλης
3692 596 3831 662 μιᾶςο

2272 666 2408 721 ἀλλά
2444 668 2570 740 μὴν,
2607 669 2714 722 οὐδ’
2747 669 2886 723 αὐτά
2920 670 3135 724 ἔσονται
3170 671 3291 744 ὕλη,
3332 674 3408 745 τῷ
3456 679 3618 748 μηδέν
3648 698 3698 734 τι
3731 685 3836 738 τῶν

2269 756 2439 811 ὄντων
2472 758 2602 812 αὐτὸ
2648 760 2843 814 ἑαυτοῦ
2878 761 3222 834 ἀναιρετικὸν
3259 764 3544 837 ὑπάρχειν,
3580 772 3715 826 κατά
3750 774 3835 828 τὸν

2268 848 2361 902 τοῦ
2394 851 2773 922 ἀντικειμένου
2811 852 2987 920 λόγον.
3022 855 3155 908 Οὐδὲ
3191 856 3299 929 γάρ
3342 859 3458 911 ὲστί
3489 879 3539 915 τι
3579 864 3720 935 αὑτῷ
3749 868 3835 920 ἁν-

2268 940 2592 1011 τικείμενον·
2630 942 2696 994 τὰ
2725 942 2832 1014 γὰρ
2862 944 3241 1014 ἀντικείμενα,
3278 949 3483 1020 ἑτέροις
3514 953 3835 1011 ἀντικεῖσθαι

2268 1032 2532 1101 πέφυκεν·
2562 1027 2671 1085 οἷον
2700 1034 2761 1086 τὸ
2794 1034 3004 1101 λευκὸν,
3039 1040 3173 1092 αὐτὸ
3205 1040 3381 1112 ἐαυτῷ
3400 1042 3498 1095 οὐκ
3522 1045 3833 1116 ἀντίκειται,

2268 1124 2407 1196 πρὸς
2438 1125 2496 1178 δὲ
2526 1125 2587 1178 τὸ
2623 1126 2788 1197 μέλαν
2828 1128 3205 1201 ἀντικείμενον
3243 1132 3480 1201 λέγεται·
3517 1135 3696 1190 καὶτὸ
3724 1138 3834 1207 φῶς

2267 1218 2487 1288 ὁμοίως,
2523 1218 2699 1290 ἑαυτῷ
2732 1218 2806 1290 μὴ
2842 1222 3177 1276 ἀντικεῖσθαι
3206 1225 3498 1291 δείκνυται,
3532 1228 3665 1299 πρὸς
3695 1229 3751 1283 δὲ
3776 1232 3834 1284 τδ

2271 1308 2462 1373 σκότος
2506 1308 2679 1375 οὕτως
2724 1310 2845 1382 ἔχον
2896 1316 3165 1383 φαίνεταυ
3202 1318 3294 1370 καὶ
3330 1318 3464 1372 ἄλλα
3484 1320 3613 1388 γοῦν
3642 1322 3834 1393 ὁμοίως

2268 1401 2494 1454 πλεῖστα
2539 1402 2659 1455 ὅσα.
2705 1403 2768 1455 Εί
2801 1404 2980 1459 τοίνυν
3012 1412 3106 1459 καὶ
3139 1406 3238 1479 ὕλη
3284 1409 3380 1479 μία
3412 1428 3494 1474 τις
3524 1406 3612 1481 ἦν,
3648 1413 3743 1465 οὐκ
3771 1414 3834 1467 ἂν

2267 1491 2404 1561 αὐτὴ
2455 1493 2590 1563 αὐτῇ
2641 1493 2935 1548 ἀντὲκειτο.
2997 1496 3153 1550 Οὕτω
3196 1499 3253 1553 δὲ
3298 1501 3405 1553 τῶν
3454 1503 3832 1574 ἀντικειμένων

2267 1583 2518 1652 ἐχόντων,
2541 1583 2602 1636 τὸ
2640 1583 2713 1655 μὴ
2737 1580 2875 1639 εἶναι
2909 1586 3008 1659 τὴν
3038 1587 3171 1660 ὓλην
3200 1590 3491 1645 δείκνυται.

580 1675 712 1743 luci,
749 1674 846 1731 sed
880 1677 1117 1732 tenebris
1142 1676 1417 1732 contraria
1447 1676 1539 1730 lux
1565 1684 1685 1741 est;
1719 1676 2078 1747 similiterque
2104 1678 2171 1732 de
2204 1679 2325 1733 aliis
2349 1679 2623 1750 plerisque
2676 1682 3049 1753 philosophari
3096 1696 3266 1755 potes.
3313 1687 3514 1757 Quare,
3547 1690 3592 1745 si
3618 1689 3833 1746 materia

581 1786 805 1842 quoque
852 1786 961 1826 una
998 1770 1245 1841 quaadam
1294 1779 1349 1826 et
1394 1770 1623 1841 simplex
1676 1779 1841 1837 esset,
1898 1787 2180 1842 nunquam
2242 1787 2427 1829 secum
2458 1774 2574 1843 ipsa
2605 1787 2890 1847 pugnaret.
2924 1775 3003 1833 Ex
3032 1794 3139 1850 qua
3178 1781 3394 1837 tandem
3439 1783 3656 1853 propria
3711 1798 3835 1837 con-

580 1866 879 1921 trariorum
927 1866 1142 1923 ratione
1184 1867 1562 1933 concluditur,
1589 1865 1772 1920 locum
1802 1867 2027 1923 omnino
2066 1868 2156 1924 isti
2193 1869 2435 1924 materia:
2464 1869 2675 1925 nullum
2706 1887 3013 1943 superesse.

589 2050 3832 2104 Im

1576 2188 2841 2418 POLYGRATES

1310 2481 2233 2602 EPHESIORUM
2319 2484 3093 2604 EPISCOPUS

1949 2804 2464 2901 NOTITIA

1447 3000 1801 3065 (ϐιιιλιιοην
1807 3006 1868 3051 et.
1904 3001 2113 3050 Patrum
2136 2998 2384 3063 Biblioth.,
2411 2999 2478 3064 ll,
2511 3003 2734 3069 Proleg..
2756 3019 2807 3069 p.
2842 3007 2970 3067 xu.)

644 3150 686 3209 l.
728 3150 1037 3222 Polycrates
1053 3145 1346 3204 Ecclesium
1372 3145 1694 3222 Ephesinam
1722 3146 1916 3222 sgculo
1937 3160 1977 3199 ιι
2002 3145 2731 3222 desinenteadministrabat.
2763 3148 2975 3222 Annum
2997 3165 3171 3222 agens
3191 3148 3286 3222 65,
3316 3152 3598 3220 epistolam
3629 3151 3832 3216 scripsit

572 3224 643 3293 ad
677 3215 920 3277 sanctum
963 3220 1222 3276 Victorem
1264 3215 1480 3293 papam,
1521 3219 1577 3293 in
1614 3233 1719 3293 qua
1751 3215 2375 3293 Pascﬁdcetebrandum
2413 3219 2499 3293 die
2532 3220 2599 3273 M
2634 3221 2797 3288 primi
2839 3221 3033 3293 mensis
3048 3215 3211 3293 :more
3253 3215 3487 3293 Iudaico
3536 3215 3829 3293 proﬁtetur.

576 3292 708 3363 Ejus
738 3296 814 3347 rei
842 3308 1007 3346 causa
1035 3293 1207 3363 ipsum
1235 3290 1299 3343 ab

572 3359 813 3417 dentales
856 3364 994 3416 inter
1036 3359 1415 3425 etOrientales,
1459 3374 1583 3411 mox
1619 3359 1866 3411 restituta
1903 3368 2001 3411 est.

1380 3288 1585 3342 cclesiw
1616 3285 1819 3360 unitate
1848 3285 2155 3341 abscindere
2184 3299 2411 3341 conatur
2433 3285 2702 3343 Romanus
2739 3291 3000 3359 pontifex.
3037 3289 3141 3345 Sed
3164 3297 3272 3360 p'aa;
3300 3285 3657 3347 interturbata
3684 3289 3832 3346 Occi-

640 3431 703 3486 l-l.
749 3434 825 3486 De
848 3432 946 3486 hac
970 3431 1293 3485 dissensione
1318 3438 1550 3483 veterum
1582 3428 1903 3481 testimonia.
1935 3425 2223 3497 Epiphanii
2261 3437 2434 3483 textus
2458 3431 2756 3488 mendosus.
2794 3429 2935 3495 Quid
2958 3431 3022 3485 de
3045 3427 3337 3485 Sozomeno
3360 3434 3596 3487 sentiant
3618 3430 3830 3487 eruditi.

572 3502 882 3573 Polycratis
920 3502 1155 3573 episton
1180 3501 1479 3571 fragmenta
1500 3514 1565 3552 ea:
1590 3497 1814 3552 Eusebio
1834 3498 2066 3567 prolata.

640 3622 1002 3695 LPolycrates
1038 3618 1369 3690 Ephesinam
1400 3615 1701 3673 Eeclesiam
1734 3616 1959 3686 regebat
2000 3628 2146 3671 anno
2176 3626 2219 3680 Β
2249 3632 2351 3687 pus
2386 3614 2745 3674 Laodicensis
2777 3617 2854 3689 (5)
2883 3633 2896 3669 :
2932 3636 2951 3670 ι
2979 3616 3272 3673 Contentio
3303 3618 3580 3687 quaedam,
3625 3615 3822 3686 inquit,

568 3714 695 3779 196,
728 3723 1044 3783 septemque
1092 3711 1177 3765 sui
1220 3709 1436 3781 generis
1479 3708 1755 3779 episcopis
1806 3716 2062 3762 octavum
2095 3722 2154 3764 se

568 3806 872 3863 accessisse
902 3812 1130 3859 testatur
1163 3800 1238 3871 (l)
1272 3821 1285 3857 :
1343 3800 1515 3854 Ἐπτά
1565 3801 1664 3871 μὲν
1694 3793 1837 3870 ἦσαν
1869 3801 2153 3868 συγγενεῖς

569 3917 675 3970 μου
701 3897 1008 3961 ἐπίσκοποι,
1043 3895 1154 3963 ἐγὼ
1182 3893 1239 3947 δὲ
1270 3892 1471 3961 ὄγδοος.
1534 3888 1728 3945 Utrum
1762 3906 1893 3945 vero
1924 3892 2153 3962 propin-

565 3990 661 4058 qui
691 3990 777 4044 sui
824 4002 1060 4058 quorum
1107 3983 1392 4051 meminit,
1444 3998 1637 4038 omnes
1664 3982 1953 4053 Ephesinae
1997 3983 2151 4038 urbis

565 4082 774 4138 fuerint
812 4078 1076 4150 episcopi,
1108 4093 1178 4132 an
1203 4090 1356 4141 vero,
1393 4074 1540 4144 quod
1572 4075 1755 4144 potius
1799 4075 2148 4142 crediderim,

565 4172 626 4228 in
663 4169 894 4225 diversis
919 4170 1064 4223 Asiae
1096 4166 1328 4221 urbibus
1374 4165 1741 4220 sacerdotium
1790 4165 2147 4232 obtinuerint,

565 4279 677 4320 non
699 4264 890 4332 liquet.
930 4260 1149 4314 Annum
1190 4271 1356 4328 agens
1386 4257 1476 4320 65,
1509 4258 1795 4327 epistolam
1828 4259 2049 4327 scripsit
2081 4260 2148 4313 ad

565 4363 820 4411 sanctum
850 4350 1126 4406 Victorem
1170 4364 1388 4419 papam,
1437 4348 1491 4402 in
1531 4364 1641 4419 qua
1684 4349 1750 4403 de
1775 4348 2027 4405 Paschali
2060 4366 2149 4405 so-

566 4446 851 4502 lemnitate
898 4444 1056 4513 juxta
1106 4431 1683 4496 Judaeorum'morem
1728 4440 1816 4496 die
1868 4441 1935 4497 14
1982 4443 2146 4513 primi

565 4537 775 4594 mensis
834 4533 1155 4591 celebranda
1223 4531 1570 4586 traditionem
1630 4531 1688 4585 in
1734 4531 1864 4586 Asia
1929 4534 1997 4588 ad
2046 4549 2143 4589 sua

567 4643 745 4699 usque
778 4634 1026 4696 tempora
1055 4630 1410 4694 propagatam
1436 4620 1685 4692 exponit.
1721 4622 1896 4694 Cujus
1924 4624 2144 4694 quidem

564 4720 879 4778 traditionis
912 4734 1038 4774 cum
1076 4733 1135 4773 se
1164 4716 1495 4771 tenaciorem
1527 4730 1692 4785 quam
1727 4731 1826 4786 par
1856 4726 1974 4771 erat
2004 4732 2144 4788 prat-

562 4812 744 4868 buerit
766 4809 1110 4883 Polycrates,
1151 4808 1335 4878 ipsum
1370 4815 1633 4875 tanquam
1681 4821 1713 4860 a
1745 4807 2017 4862 catholica
2048 4807 2147 4861 do-

563 4904 742 4959 ctrina
769 4901 1146 4965 dissidentem,
1180 4899 1249 4954 ab
1277 4897 1535 4955 Ecclesiae
1573 4898 1780 4952 unitate
1824 4898 2145 4954 abscindere

563 5002 798 5051 conatur
823 4992 1107 5048 Romanus
1139 4990 1419 5062 pontifex,
1463 4987 1699 5045 Eusebio
1738 4998 1876 5044 teste
1902 4989 2010 5060 (2);
2044 4989 2142 5045 da-
2168 5014 2210 5072 ο

562 5085 743 5154 tisque
789 5082 987 5138 litteris
1038 5080 1352 5147 denuntiat,
1390 5077 1678 5134 universos
1698 5077 1792 5147 qui
1841 5077 1951 5133 illic
1982 5088 2141 5132 erant

561 5174 783 5239 fratres,
833 5189 865 5227 a
901 5170 1294 5228 communione
1340 5183 1464 5225 esse
1506 5169 1735 5224 alienos.
1787 5165 1989 5223 Verum
2030 5184 2136 5238 pax

560 5262 957 5328 interturbata,
986 5261 1151 5333 paulo
1180 5270 1304 5332 post
1349 5260 1407 5315 in
1440 5260 1713 5329 integrum
1755 5260 2004 5313 restituta
2033 5267 2138 5325 est,

558 5366 847 5432 sequestre
884 5354 1121 5420 Irenaeo,
1147 5366 1208 5410 ut
1237 5364 1431 5409 auctor
1471 5361 1554 5408 est
1584 5352 1875 5407 Anatolius
1920 5351 2135 5422 episeo-

630 5516 711 5589 (ι)
749 5510 1200 5589 Polycrat.__apud
1483 5508 1648 5563 infra.

746 5577 947 5639 Euseb.
989 5577 1133 5637 Hist.
1159 5582 1286 5635 θεοί.
1325 5581 1419 5636 lib.
1449 5595 1501 5644 v,
1536 5594 1660 5649 cap.
1686 5577 1778 5634 24.

645 5586 709 5655 ’2)
746 5586 947 5639 Euseb.
989 5586 1133 5637 Hist.
1159 5586 1286 5635 ecct.
1325 5586 1419 5636 lib.
1449 5595 1501 5644 v,
1536 5594 1660 5649 cap.
1686 5586 1778 5634 24.

561 5592 967 5782 Ηζῖῒζέιιιαιοι.
1023 5653 1165 5723 apud
1196 5650 1431 5707 Bucher.
1465 5650 1544 5706 De
1570 5650 1743 5705 doctr.
1790 5660 1972 5719 temp.,
2001 5663 2126 5721 pag.

671 5765 685 5791 ι
712 5740 831 5794 θαι.

2253 3719 2442 3764 exorta
2474 3719 2559 3764 est
2588 3712 2731 3765 inter
2755 3725 2947 3764 eorum
2979 3708 3145 3779 (Petri
3175 3718 3229 3764 et
3250 3708 3432 3780 Pauli)
3464 3722 3829 3773 successores,

2255 3799 2532 3857 Victorem
2583 3804 2793 3859 scilicet
2816 3801 3080 3857 Romana:
3122 3802 3276 3857 urbis
3323 3817 3390 3857 eo
3425 3812 3671 3872 tempore
3719 3799 3830 3869 epi-

2253 3909 2503 3964 scopum,
2538 3904 2593 3949 et
2613 3894 2956 3965 Polycratem
2999 3892 3091 3961 qui
3126 3900 3259 3946 tunc
3300 3891 3356 3945 in
3386 3891 3663 3961 episcopis
3691 3888 3831 3942 Asia:

2252 3986 2548 4055 primatum
2576 4000 2763 4055 gerere
2792 3983 3109 4049 videbatur;
3144 3998 3267 4054 quae
3293 3981 3502 4037 lrenzeo
3542 3991 3672 4037 tunc
3702 3978 3828 4033 Gal-

2252 4076 2338 4131 lia:
2384 4076 2562 4147 partis
2595 4074 2826 4146 praesule
2871 4076 3178 4130 reetissime
3219 4082 3409 4143 pacata
3440 4082 3549 4133 est.
3584 4073 3830 4140 utrisque

2250 4168 2499 4237 partibus
2532 4168 2587 4221 in
2615 4182 2713 4221 sua
2744 4166 2929 4236 regula
2979 4164 3485 4236 perseverantibus,
3526 4179 3629 4219 nec
3664 4179 3695 4218 a
3720 4177 3828 4217 coe-

2250 4270 2344 4330 pto
2375 4259 2721 4328 antiquitatis
2750 4272 2903 4313 more
2928 4256 3353 4312 declinantibus.
3380 4274 3400 4307 ι

2322 4349 2388 4407 ll.
2429 4349 2754 4420 Huiusmodi
2785 4348 3059 4404 Victorem
3108 4348 3251 4402 inter
3297 4356 3352 4401 et
3377 4346 3619 4402 Asianos
3662 4342 3824 4400 dissi-

2247 4442 2323 4498 dii
2358 4441 2607 4496 meminit
2636 4441 2801 4495 etiam
2832 4439 3173 4509 Epiphanius
3200 4438 3288 4493 his
3313 4439 3498 4493 verbis
3528 4437 3605 4509 (4)
3632 4453 3646 4489 :
3694 4454 3714 4488 ‹
3753 4434 3826 4488 De

2247 4532 2395 4587 illius
2420 4530 2543 4585 festi
2570 4528 2896 4601 (Paschalis)
2928 4529 3245 4584 celebritate
3274 4528 3405 4582 varii
3440 4526 3825 4583 ecclesiasticas

2246 4623 2549 4693 disciplinae
2586 4621 2857 4676 tumultus
2896 4636 2960 4675 ac
2986 4620 3370 4675 contentiones
3412 4620 3625 4674 obortae
3662 4624 3819 4681 sunt;

2246 4713 2544 4783 praesertim
2588 4710 2871 4783 Polycarpi
2906 4726 2971 4765 ac
2993 4708 3228 4765 Victoris
3278 4718 3471 4776 aetate,
3524 4712 3584 4764 ὲν
3616 4708 3823 4780 χρόνοις

2246 4806 2607 4877 Πολυκάρπου
2638 4807 2734 4859 καὶ
2773 4804 3071 4875 Βίκτωρος,
3105 4817 3236 4858 eum
3273 4800 3583 4857 Orientales
3613 4801 3682 4855 ab
3721 4796 3822 4854 Oc-

2244 4898 2607 4954 cidentalibus
2635 4899 2858 4964 divulsi,
2892 4899 3151 4969 paciﬁcas
3182 4914 3214 4954 a
3246 4914 3305 4956 se
3333 4899 3575 4954 invicem
3617 4898 3820 4952 litteras

2244 4989 2425 5045 nullas
2476 4990 2805 5061 acciperent.
2852 5010 2871 5044 ι
2940 4988 3042 5045 Ubi
3099 4999 3284 5045 tamen
3340 5005 3441 5061 pro
3494 4986 3818 5058 Polycratis,

2243 5096 2529 5151 perperam
2566 5080 2858 5152 Polycarpi
2919 5096 3119 5136 nomen
3175 5081 3465 5151 irrepsisse
3516 5093 3681 5134 nemo
3710 5091 3817 5131 non

2244 5175 2410 5229 videt.
2441 5172 2698 5228 Eamdem
2719 5172 3158 5228 emendationem
3187 5171 3415 5227 tentavit
3437 5171 3494 5224 in
3512 5169 3817 5225 Sozomeno

2243 5263 2598 5320 doctissimus
2629 5262 2824 5319 Petrus
2856 5262 2924 5317 de
2950 5262 3130 5317 Marca
3163 5262 3262 5333 (5).
3304 5260 3412 5316 Sed
3444 5260 3680 5326 frustra,
3726 5257 3814 5326 ju-

2243 5357 2365 5413 dice
2404 5357 2473 5413 cl.
2505 5355 2702 5412 abbate
2741 5354 2808 5410 de
2832 5353 3159 5425 Longuerue
3188 5352 3298 5424 (6);
3351 5365 3477 5407 cum
3502 5349 3816 5422 Polycrates

2427 5505 2794 5586 _F_3piph.mhzer.
2829 5506 2918 5574 '70,
2954 5505 2982 5577 §
3015 5506 3380 5586 9,-pag._8H.
3428 5576 3463 5586 __

2427 5571 2608 5649 nan-'9.
2624 5575 2709 5649 pe
2732 5594 2877 5632 conc.
2901 5571 3119 5630 sacerd:
3139 5571 3201 5631 εἴ
3216 5578 3402 5646 imper.
3428 5574 3530 5631 lib.
3564 5589 3649 5640 ιιι,
3682 5586 3730 5628 c.
3759 5571 3810 5635 9,

2241 5648 2271 5719 ᾗ
2301 5646 2511 5717 Lpag.
2544 5646 2671 5702 268.

2311 5720 2389 5790 (ϐ)
2428 5717 2698 5788 Longuer.
2738 5717 2815 5772 De
2851 5734 2961 5773 var.
2995 5718 3172 5787 epoch.
3207 5726 3316 5783 vet.
3344 5714 3549 5771 Orient.
3577 5728 3701 5785 pag.
3722 5708 3809 5764 39.
