4148 6384
379 390 518 447 1565

1531 384 1588 440 S.
1628 382 2088 440 THEOPHILUS.
2116 417 2182 427 —
2209 383 2512 440 NOTITIA.

3499 379 3637 437 1566

377 512 448 567 ab
484 509 566 565 eis
612 508 756 564 dicta
820 514 950 562 sunt
1004 506 1060 560 in
1108 507 1362 577 capitulis
1418 506 1601 561 divina
1660 505 1950 560 miracula.
1981 519 2029 574 Α
2059 505 2112 557 ἱη
2141 503 2381 557 medium
2415 502 2664 572 porticus
2708 502 2846 572 (40),
2884 501 3208 556 hortabatur
3241 500 3363 556 illos
3407 500 3634 557 dicens:

379 597 535 654 Unde
567 597 660 652 tali
687 596 984 651 constituto
1021 597 1228 652 nullius
1257 597 1497 652 hominis
1533 596 1956 667 cogitationibus

375 701 506 746 ante
543 690 775 756 adorso,
812 703 970 743 sacro
1013 689 1223 744 scilicet
1259 687 1554 760 Evangelio
1607 687 1959 758 superposuit

376 798 578 838 nomen
613 797 774 838 suum
787 825 799 838 .

449 872 504 928 5.
566 871 828 942 Sequenti
873 871 1107 942 denique
1152 881 1396 942 tempore
1431 871 1742 928 Domitiano
1785 872 1961 942 impe-

379 973 535 1018 rante
560 963 820 1018 Romanae
853 964 1058 1018 civitati
1098 974 1221 1033 post
1245 965 1535 1030 Neronem,
1569 974 1624 1019 et
1654 965 1746 1034 qui
1780 965 1960 1019 medio

378 1065 626 1123 tempore
667 1055 1003 1123 imperarunt
1038 1055 1186 1126 (55),
1224 1055 1562 1110 irruentibus
1615 1056 1670 1110 in
1707 1063 1958 1110 sanctum

378 1147 903 1213 obtrectationibus,
948 1148 1176 1218 proinde
1216 1149 1496 1205 multoties
1536 1149 1716 1205 dictus
1752 1149 1963 1204 theolo-

378 1254 483 1310 gus
516 1239 798 1308 apostolus
831 1238 1102 1304 Joannes,
1157 1241 1224 1296 de
1256 1240 1621 1313 Ephesiorum
1679 1240 1960 1310 splendida

378 1332 518 1386 urbe
551 1331 620 1385 ab
652 1331 771 1400 ipso
804 1331 960 1386 exsul
993 1331 1170 1388 factus
1201 1341 1318 1399 est,
1353 1341 1408 1388 et
1439 1333 1495 1387 in
1529 1331 1750 1387 Patmos
1783 1331 1963 1386 insula

379 1421 527 1492 (qua:
557 1437 668 1476 una
701 1421 999 1493 Cycladum
1047 1432 1132 1478 est
1166 1422 1494 1494 insularum)
1538 1423 1786 1478 habitare
1819 1439 1962 1493 prae-

377 1522 591 1582 ceptus.
659 1511 769 1569 Isto
803 1524 984 1570 autem
1020 1515 1077 1569 in
1112 1516 1196 1572 his
1229 1516 1562 1583 exsistente,
1598 1524 1652 1570 et
1683 1516 1966 1585 episcopa-

379 1615 498 1659 tum
543 1603 904 1675 Ephesiorum
956 1608 1275 1678 metropolis
1322 1617 1513 1665 sancto
1546 1616 1600 1663 et
1634 1624 1777 1679 saepe
1817 1610 1964 1665 dicto

379 1699 737 1754 sanctissimo
769 1699 1061 1756 Timotheo
1094 1700 1465 1771 dispensante,
1503 1703 1748 1772 reliquiae
1778 1702 1967 1772 prima:

380 1791 703 1848 idololatriae
766 1794 822 1847 in
858 1793 944 1848 his
979 1792 1075 1862 qui
1141 1801 1273 1848 tunc
1331 1794 1506 1864 ipsam
1574 1793 1967 1850 inhabitabant

2065 594 2174 648 Viri
2202 593 2443 664 Ephesii,
2477 594 2643 650 nolite
2677 592 3000 648 idololatriae
3026 592 3299 659 insanire;
3337 593 3430 646 sed
3464 608 3640 664 agno-

2059 685 2194 741 scite
2239 686 2392 738 illum
2439 685 2600 755 plane
2653 684 2748 753 qui
2800 693 2884 738 est
2930 682 3096 738 Deus.
3163 683 3408 752 Operarii
3454 694 3638 740 autem

2060 781 2261 836 diaboli
2311 779 2665 849 indignantes
2715 778 2769 832 in
2807 777 3058 832 doctrina
3106 776 3258 845 ejus,
3297 777 3462 846 ipsis,
3497 788 3642 845 quos

2060 870 2447 942 praediximus,
2498 865 2902 938 superportatis
2936 864 3078 934 palis
3113 863 3224 935 (M)
3277 873 3332 918 et
3366 862 3640 933 lapidibus

2061 963 2169 1025 usi,
2212 961 2422 1031 justum
2467 959 2879 1013 interfecerunt.
2935 956 3091 1010 Servi
3158 970 3288 1010 vero
3323 954 3417 1008 Dei
3460 955 3642 1009 adhuc

2062 1051 2358 1121 spirantem
2396 1064 2521 1106 eum
2556 1054 2989 1117 repausaverunt
3021 1044 3076 1098 in
3105 1053 3292 1099 monte
3325 1044 3429 1115 ipsi
3459 1044 3643 1113 splen-

2061 1144 2200 1199 didae
2263 1141 2470 1198 civitati
2540 1141 2865 1209 adjacente,
2940 1137 2997 1192 in
3045 1137 3398 1192 interioribus
3465 1138 3641 1207 parti-

2063 1232 2166 1288 bus
2200 1231 2336 1304 (42),
2383 1240 2438 1286 et
2483 1230 2560 1285 ibi
2595 1245 2722 1286 cum
2768 1244 2904 1299 pace
2946 1236 3197 1284 sanctum
3245 1228 3499 1297 spiritum
3530 1226 3643 1283 Deo

2063 1325 2321 1380 reddidit.
2360 1323 2704 1393 Accipientes
2742 1337 2873 1377 vero
2897 1321 3018 1390 ejus
3050 1323 3485 1377 sacratissimum
3519 1337 3645 1378 cor-

2064 1431 2201 1487 pus,
2238 1424 2610 1486 reposuerunt
2647 1415 2781 1469 illud
2822 1414 2876 1467 in
2918 1415 3040 1469 loco
3071 1421 3265 1470 vocato
3302 1413 3458 1470 Pioni
3492 1416 3641 1486 (45):

2065 1509 2122 1564 in
2150 1525 2259 1579 quo
2291 1524 2435 1564 nunc
2467 1508 2681 1564 exsistit
2705 1508 3116 1563 sanctissimum
3147 1509 3268 1578 ejus
3296 1509 3642 1579 martyrium.

2145 1600 2196 1655 7.
2236 1600 2550 1656 Domitiano
2599 1600 2804 1654 etenim
2855 1599 3190 1669 imperatore
3237 1601 3404 1654 vitam
3453 1601 3648 1657 demo-

2068 1693 2255 1759 liente,
2303 1693 2595 1763 imperium
2633 1691 2810 1748 Nerva
2844 1694 3073 1763 accepit,
3108 1693 3199 1764 qui
3233 1692 3478 1748 divinum
3513 1708 3646 1765 apo-

2068 1785 2273 1839 stolum
2305 1794 2360 1840 et
2389 1784 2784 1854 evangelistam
2825 1783 3096 1840 Joannem
3143 1783 3440 1840 revocavit.
3487 1783 3648 1855 Isque

380 1892 792 1950 remanserant;
829 1885 1080 1955 quendam
1135 1885 1370 1940 nefanda
1435 1885 1677 1952 scilicet,
1715 1901 1838 1956 qua;
1869 1899 1964 1940 vo.
1995 1877 2040 1932 B
2067 1876 2285 1931 rediens
2335 1885 2391 1931 et
2432 1885 2754 1945 superstans
2775 1875 3141 1946 Ephesiorum
3191 1876 3308 1945 ipse
3354 1876 3650 1946 splendidae

379 1977 581 2032 cabant
628 1975 1048 2046 Catagogiorum
1079 1975 1190 2047 (56)
1227 1976 1330 2046 (sic
1358 1977 1504 2030 enim
1538 1976 1643 2046 ipsi
1675 1973 1965 2046 vocabant)

379 2067 760 2133 festivitatem,
819 2077 874 2122 et
926 2068 982 2123 in
1040 2068 1234 2123 diebus
1280 2069 1608 2138 quibusdam
1665 2083 1787 2123 eam
1840 2082 1968 2138 per-

379 2158 682 2227 ﬂciebant;
737 2168 1001 2233 praetexta
1057 2159 1169 2229 (57)
1217 2168 1400 2213 autem
1457 2158 1668 2229 seipsos
1730 2157 1970 2213 circum-

379 2262 686 2320 ponentes,
755 2263 809 2306 et
869 2263 931 2307 ut
982 2251 1242 2324 cognosci
1307 2249 1600 2321 nequirent
1652 2248 1970 2306 fascialibus

379 2342 629 2397 velantes
700 2340 914 2408 facies,
978 2348 1034 2396 et
1090 2341 1321 2410 rhopala
1387 2339 1530 2411 (58)
1589 2347 1645 2394 et
1705 2339 1969 2410 imagines

379 2430 806 2486 simulacrorum
866 2438 1184 2500 portantes,
1237 2444 1302 2484 ac
1346 2429 1567 2485 cantica
1603 2428 1815 2483 ludicra
1857 2428 1968 2498 (59)

381 2521 638 2590 quaedam
712 2521 1020 2576 clamantes
1051 2560 1067 2585 ,
1135 2519 1624 2590 superinsiliebant
1686 2518 1968 2573 inordina-

382 2612 567 2668 biliter
597 2612 800 2666 liberas
862 2621 918 2668 et
977 2611 1319 2667 venerabiles
1376 2610 1672 2676 mulieres,
1738 2609 1968 2664 homici-

381 2706 474 2760 dia
508 2706 672 2760 etiam
707 2713 761 2760 et
794 2705 901 2760 alia
937 2704 1096 2774 plura
1146 2704 1335 2759 illicita
1369 2711 1425 2759 et
1456 2701 1695 2759 nefanda
1727 2717 1970 2772 operan-

383 2805 495 2858 tes,
530 2804 584 2850 et
617 2795 852 2849 multum
890 2795 1217 2865 sanguinem
1250 2792 1594 2849 ellundentes
1627 2792 1684 2846 in
1717 2791 1974 2862 designa-

383 2887 458 2942 tis
490 2887 627 2942 locis
659 2887 916 2941 civitatis.
955 2885 1024 2940 Et
1055 2887 1173 2941 hate
1205 2884 1362 2955 quasi
1396 2883 1709 2940 necessaria
1744 2883 1813 2938 ad
1845 2897 1975 2952 pro-

384 2980 591 3034 fectum
627 2979 825 3034 anima:
856 2988 1116 3050 agentes,
1146 2993 1258 3032 non
1274 2976 1976 3046 desinebant,frequentis-

384 3072 526 3127 sime
555 3071 707 3140 ipsos
731 3071 1032 3125 devocante
1063 3069 1417 3126 sanctissimo
1441 3077 1574 3124 tunc
1606 3067 1976 3138 archiepisco-

386 3169 552 3231 pante
580 3150 894 3216 Timotheo.

458 3255 513 3310 6.
563 3252 682 3308 Non
731 3253 1062 3324 pravalente
1116 3259 1302 3307 autem
1353 3251 1448 3306 illo
1489 3249 1758 3307 doctrinis
1803 3251 1970 3306 talem

386 3362 580 3402 eorum
608 3346 880 3400 insaniam
917 3345 1228 3415 prohibere,
1263 3345 1319 3398 in
1351 3343 1440 3398 die
1465 3342 1848 3412 hujuscemodi
1879 3358 1973 3399 eo-

391 3457 512 3495 rum
548 3439 935 3495 abominabilis
981 3437 1292 3493 festivitatis
1326 3445 1713 3492 transcurrens
1746 3442 1971 3491 sanctus

463 3555 577 3624 (55)
618 3552 719 3609 Ms.
757 3553 816 3608 S.
855 3551 1024 3624 Max.“
1051 3567 1144 3620 per
1193 3553 1540 3606 mediatorem
1589 3551 1973 3624 imperatoriis.

393 3620 493 3680 Ms.
521 3620 657 3679 Belf.
693 3633 743 3677 et
770 3640 862 3692 per
888 3621 1117 3677 medium
1142 3625 1520 3692 imperantium
1554 3639 1584 3676 a
1611 3620 1755 3676 caede
1805 3620 1978 3692 Nero-

393 3700 477 3751 nis
508 3711 600 3750 an.
631 3691 834 3749 Christi
869 3693 960 3758 68,
982 3692 1048 3745 ‘10
1070 3691 1304 3749 Jun.iad
1331 3693 1622 3746 Domitiani
1656 3691 1973 3760 imperium,

393 3785 487 3822 an.
517 3766 649 3835 Chr.
682 3765 771 3830 81,
801 3765 870 3817 15
904 3763 1055 3835 Sept.
1099 3765 1439 3835 imperarunt
1480 3761 1669 3828 Galba,
1707 3760 1970 3830 Vitellius,

395 3837 553 3900 Otho,
596 3833 968 3903 Vespasianus,
996 3831 1167 3890 Titus.

466 3907 579 3977 (56)
617 3902 811 3960 Latina
843 3904 1089 3977 quaedam
1142 3920 1277 3977 mss.
1325 3902 1971 3977 habent_Cithagiarun_t,

394 3973 502 4032 alia
531 3976 901 4045 Catagiarum.
951 3973 1126 4043 Hujus
1163 3975 1285 4030 festi
1330 3973 1752 4045 solemnitatem
1775 3989 1841 4028 ex
1891 3974 1976 4045 his

397 4049 547 4102 Artis
577 4043 836 4102 describit
863 4044 1090 4101 Photius
1117 4047 1239 4102 loco
1272 4046 1366 4100 cit.
1394 4044 1561 4116 Multa
1593 4043 1976 4116 Martyrologia

399 4118 607 4172 habent
634 4116 821 4170 Dianae
859 4115 1230 4170 celebritatem
1263 4132 1383 4170 eam
1416 4115 1609 4177 fuisse.

473 4187 586 4258 (57)
610 4186 710 4242 Ms.
731 4187 790 4242 S.
811 4186 952 4239 Max.
985 4196 1261 4255 prwterea.
1286 4185 1388 4242 Ms.
1412 4185 1586 4240 Graec.
1615 4184 1981 4256 προσχήματα

2069 1968 2392 2038 metrOpoli,
2447 1969 2731 2023 inveniens
2775 1968 2938 2023 etiam
2985 1967 3286 2023 secundum
3328 1967 3647 2037 prmdictuui

2071 2063 2292 2118 modum
2339 2060 2583 2114 ﬁnivisse
2614 2059 2784 2114 vitam
2831 2059 3242 2115 sanctissimum
3275 2057 3646 2124 Timotheum,

2070 2170 2166 2225 per
2198 2168 2390 2208 eorum
2421 2151 2887 2222 postulationem,
2939 2152 3033 2220 qui
3081 2160 3211 2205 tunc
3265 2150 3471 2203 inventi
3520 2157 3651 2204 sunt

2072 2260 2361 2302 sacrorum
2412 2244 2714 2314 principes,
2746 2242 3100 2312 praesulatum
3136 2241 3422 2311 apostolici
3467 2240 3648 2295 throni

2071 2337 2311 2406 suscepit
2347 2351 2359 2385 :
2401 2336 2496 2405 qui
2524 2342 2580 2390 et
2614 2333 2858 2400 suffecit,
2894 2334 3190 2390 moderans
3226 2332 3402 2403 ipsam
3436 2346 3650 2399 magnae

2019 2493 2023 2497 τ
2072 2426 2391 2497 metropolis
2425 2425 2856 2482 sacratissimam
2892 2425 3100 2492 sedem,
3127 2438 3302 2495 usque
3331 2424 3400 2479 ad
3426 2421 3650 2494 Trajani

2072 2533 2387 2588 imperium.

2143 2610 2199 2665 8.
2243 2609 2448 2664 Finivit
2478 2617 2661 2664 autem
2706 2614 2934 2664 sanctus
2965 2614 3020 2663 et
3057 2607 3331 2675 gloriosus
3371 2606 3653 2677 apostolus

2072 2709 2129 2757 et
2163 2701 2475 2770 patriarcha
2504 2709 2712 2772 martyr
2735 2701 2942 2756 Christi
2970 2700 3296 2758 Timotheus
3328 2702 3384 2755 in
3417 2699 3654 2756 nefanda

2073 2793 2373 2850 festivitate
2423 2809 2637 2860 eorum,
2685 2810 2854 2865 quam
2896 2793 3174 2849 vocabant
3205 2793 3652 2864 Catagegiorum,

2075 2901 2200 2958 quae
2239 2897 2324 2942 est
2363 2886 2667 2942 secundum
2697 2886 2935 2941 Asianos
2967 2886 3187 2956 quidem
3237 2885 3443 2940 mensis
3471 2885 3654 2955 quarti

2076 2978 2166 3034 die
2197 2977 2500 3042 tricesima,
2555 2977 2858 3032 secundum
2904 2987 3086 3031 autem
3120 2973 3399 3031 Romanos
3448 2977 3656 3032 mensis

2076 3066 2348 3136 Januarii,
2395 3068 2655 3124 vicesima
2710 3067 2953 3124 secunda
2986 3067 3107 3134 die;
3149 3075 3411 3139 regnante
3455 3068 3511 3122 in
3541 3067 3656 3122 Bo-

2079 3177 2374 3217 manorum
2406 3162 2626 3217 civitate
2668 3161 2932 3232 praedicto
2957 3158 3154 3226 Nerva,
3185 3170 3517 3231 procurante
3558 3176 3659 3216 au-

2081 3263 2189 3310 tem
2223 3255 2409 3310 Asiam
2442 3253 2760 3324 Peregrino,
2792 3252 2936 3323 apud
2967 3267 3068 3309 nos
3101 3269 3229 3308 vero
3262 3261 3521 3325 regnante
3546 3253 3656 3307 Do-

2079 3346 2230 3400 mino
2262 3356 2454 3401 nostro
2486 3344 2616 3401 Jesu
2647 3345 2892 3410 Christo,
2926 3345 3016 3399 cui
3060 3353 3147 3400 est
3189 3347 3365 3400 honor
3395 3353 3451 3400 et
3483 3344 3657 3415 gloria

2079 3438 2138 3490 in
2166 3438 2366 3492 saecula
2403 3438 2751 3493 saeculorum.
2797 3437 2992 3491 Amen.

2079 3553 2328 3625 ἀπρεπῆ,
2367 3556 2618 3610 indecora
2647 3556 3026 3625 integumenta,
3058 3554 3311 3625 insignia.

2110 3573 2328 3625 ιπρεπη,
2367 3573 2618 3610 indecora
2647 3573 2756 3608 iure
2793 3573 3026 3620 umenta,
3058 3573 3311 3620 instqma.

2110 3625 2400 3748 ὴὲῗῗζαεει
2436 3626 2693 3699 ῥόπαλον,
2726 3573 2896 3692 clqava,
2924 3626 3103 3696 fustis.
3134 3611 3236 3680 Ms.
3269 3624 3404 3681 Bell.
3439 3623 3657 3690 vitioso,

2081 3706 2326 3762 rnopota.

2173 3767 2263 3822 59)
2305 3765 2406 3820 Ms.
2441 3766 2498 3822 S.
2518 3765 2665 3822 Max.
2692 3766 2894 3820 lurida.

2173 3833 2262 3906 40)
2306 3837 2477 3892 Grzec.
2513 3838 2570 3890 in
2593 3837 2816 3890 mediam
2840 3838 3004 3900 viam,
3036 3852 3154 3906 qua:
3176 3837 3410 3905 porticus
3435 3833 3656 3889 dicitur.

2176 3906 2265 3975 41)
2307 3906 2468 3961 Forte
2501 3906 2759 3975 rhopalis,
2798 3917 2857 3960 ut
2892 3916 3037 3961 ante.

2175 3975 2266 4045 42)
2308 3976 2407 4031 Ms.
2443 3977 2576 4031 Bell.
2606 3977 2916 4046 ultraporti‘s
2942 3978 3205 4046 partibus.
3247 3976 3420 4034 Graec.
3453 3975 3510 4029 in
3530 3989 3662 4045 par-

2083 4047 2223 4102 tibus
2238 4047 2403 4115 juxta
2428 4057 2637 4116 portum
2669 4048 2812 4100 sitis.

2156 4118 2270 4190 (45)
2309 4117 2412 4172 Ms.
2455 4116 2592 4172 Bell.
2633 4117 2848 4172 Pionio.

418 4319 3660 4381 Erum

487 4373 552 4382 ω.

1305 4478 1465 4634 S.
1572 4467 2796 4629 THEOPHILUS

974 4747 1568 4844 C/ESAREIE
1641 4741 2388 4835 PALESTINE
2462 4731 3138 4829 EPISCOPUS.

1784 4980 2306 5128 NOTITIA

1335 5228 1625 5291 (GALLAND.,
1671 5225 1896 5277 Bibliolh.
1921 5229 2013 5276 vel.
2037 5224 2198 5283 Palr.,
2224 5226 2263 5271 t.
2289 5220 2326 5282 l,
2353 5221 2578 5282 Proleg.,
2602 5231 2652 5281 p.
2675 5215 2784 5276 xx.)

479 5365 518 5418 1.
562 5365 681 5431 Qua
714 5368 869 5418 (etate
903 5360 1154 5414 claruerit
1201 5357 1538 5426 Theophilus.
1576 5354 1872 5426 Epistolam
1901 5353 2212 5424 synodicam
2255 5348 2472 5418 scripsit.
2510 5347 2764 5402 adversus
2799 5360 2884 5399 eos
2918 5345 3008 5414 qui
3046 5343 3172 5396 luna
3199 5340 3266 5394 14
3298 5338 3513 5392 Pascha
3547 5351 3665 5388 cum

405 5436 615 5491 Judwis
647 5431 998 5488 celebrabant.

482 5472 1242 5570 ἥιῗιὶῐαζξξῖιῖιΐέῖἓίῖᾳυωάαιη
1275 5497 1461 5570 synodi
1488 5495 1833 5570 Caesariensis
1873 5512 1905 5549 a
1931 5490 2216 5565 Theophila
2241 5489 2542 5545 celebratae.
2579 5485 2740 5540 Varia
2772 5487 3006 5540 virorum
3030 5483 3306 5537 doctorum
3336 5479 3399 5531 dc
3421 5477 3500 5528 his
3520 5472 3666 5528 Actis

410 5579 692 5633 sententia.
720 5569 1032 5628 Recitantur
1053 5586 1117 5625 ea:
1137 5571 1280 5625 edito
1304 5569 1657 5623 Bucheriano.

484 5695 520 5746 I.
564 5690 923 5760 Theophilus,
975 5686 1174 5743 Victori
1222 5694 1278 5739 et
1301 5682 1574 5754 Polycrati
1603 5680 1850 5752 aequalis,
1885 5678 1986 5734 Ec-

413 5781 635 5836 clesiam
679 5779 941 5834 Ctesareae
985 5777 1291 5832 Palastinaa
1337 5775 1441 5830 sub
1491 5773 1694 5830 Severo
1740 5771 1986 5843 principe

488 5893 566 5955 (l)
605 5891 826 5949 Hieron.
865 5891 937 5948 De
962 5893 1055 5948 vir.
1092 5890 1316 5954 illustr.,
1349 5901 1462 5958 cap.
1497 5887 1587 5944 15.

2094 5673 2530 5729 administrabat.
2573 5690 2592 5721 ι
2623 5670 2927 5725 Adversum
2951 5681 3045 5722 eos
3065 5663 3162 5735 qui
3191 5661 3398 5716 “luna
3427 5670 3553 5712 cum
3574 5653 3673 5709 «lu-

2094 5768 2226 5825 dacis
2242 5765 2442 5837 pascha
2466 5763 2756 5828 faciebant,
2775 5760 2937 5816 verba
2957 5765 3084 5815 sunt
3100 5751 3412 5823 Hieronymi
3430 5749 3474 5822 (l
3486 5750 3527 5821 ),
3546 5762 3671 5804 cum
