4148 6390
593 366 722 420 1517

1365 368 1421 424 S.
1469 367 1836 422 THEOI‘HILI
1877 366 2248 423 CESAREJZ
2284 367 2723 424 PALJESTI‘NIE
2765 365 3074 424 EPISCOPI

3693 375 3817 434 i368

586 486 796 540 caeteris
826 488 1099 557 episcopis
1148 490 1462 558 synodieam
1500 492 1657 547 valde
1699 494 1887 547 utilem
1932 508 2151 562 compo.
2184 498 2227 553 Α
2262 489 2364 546 Ubi
2396 506 2522 547 cum
2557 492 2646 546 illa
2679 491 2977 547 multitudo
3008 490 3359 546 sacerdotum
3393 495 3663 562 convenit,
3694 508 3817 555 tunc

584 576 695 630 suit
738 576 1047 645 epistolam.
1085 597 1103 629 ι
1159 578 1276 644 Qua
1323 581 1391 635 de
1437 598 1496 636 re
1541 583 1719 639 fusius
1742 584 2149 657 Ensebins(2);

2256 580 2592 649 Theophilus
2641 581 2934 650 episcopus
2967 580 3198 650 protulit
3246 582 3622 638 auctoritatem
3666 589 3729 640 ad
3761 604 3815 644 se

581 668 675 735 qui
721 674 777 720 et
812 668 978 736 paulo
1026 679 1147 737 post
1194 670 1293 740 (5),
1345 673 1513 727 verba
1548 675 1751 743 quibus
1803 677 2155 732 claudebatur
2255 672 2482 727 missam
2515 687 2667 742 papae
2701 670 2961 737 Victoris,
2996 681 3051 729 et
3092 672 3224 742 quid
3268 672 3376 728 sibi
3420 674 3600 743 operis
3632 674 3817 733 fuisset

576 756 766 811 eadem
798 758 1054 827 epistola,
1082 761 1294 828 recitat,
1329 763 1489 818 nobis
1515 780 1618 819 suo
1656 766 1778 821 loco
1813 768 2009 824 relata.

647 846 711 902 ll.
757 846 960 918 Synodi
986 849 1343 906 Caesariensis
1378 853 1481 907 sub
1506 852 1808 924 Theophilo
1842 856 2149 923 celebratae,

574 944 705 993 Acta
744 940 994 1008 quaedam
1028 952 1246 997 exstant
1289 945 1434 1015 apud
1463 944 1664 1000 Bedam
1691 948 1765 1018 (4)
1805 965 1818 999 :
1861 963 1982 1018 quae
2022 950 2151 1005 licet

576 1028 850 1086 Dodtvello
875 1032 972 1103 (5),
999 1032 1040 1085 Τ
1047 1034 1351 1089 illemontio
1368 1036 1464 1110 (6),
1491 1038 1785 1095 Coutantio
1809 1040 1884 1115 (7)
1918 1043 2150 1114 aliisque

572 1123 848 1177 nonnullis
886 1134 1139 1195 suspecta
1180 1137 1236 1181 et
1274 1128 1556 1200 illegitima
1609 1130 1932 1201 videantur;
1967 1151 2029 1191 ea
2062 1146 2148 1191 ta-

570 1228 695 1267 men
726 1224 989 1285 tanquam
1034 1220 1271 1288 genuina
1307 1223 1582 1292 recipiunt
1610 1223 1881 1281 Baronius
1906 1227 2006 1299 (8),
2038 1228 2145 1282 Bu-

568 1305 786 1360 cherius
820 1307 897 1378 (9)
934 1318 1099 1379 atque
1125 1311 1218 1365 alii
1247 1315 1579 1383 complures,
1608 1332 1785 1387 neque
1810 1319 2144 1377 dissentiunt

568 1394 817 1452 Valesius
862 1397 988 1469 (10)
1038 1410 1093 1455 et
1122 1400 1335 1458 Caveus
1384 1404 1552 1475 (ll);
1615 1417 1674 1462 ut
1725 1411 1952 1478 proinde
1998 1412 2142 1469 haud

562 1487 803 1542 otiosum
856 1490 1023 1545 fuerit
1066 1493 1198 1547 Acta
1258 1494 1348 1549 illa
1397 1496 1490 1551 hic
1542 1499 1735 1555 saltem
1790 1502 1846 1556 in
1897 1505 2139 1560 medium

562 1577 807 1645 proferre
846 1596 914 1635 ex
949 1584 1098 1639 edito
1124 1584 1491 1654 Bueheriano,
1525 1592 1671 1659 quod
1708 1593 1890 1650 minus
1917 1595 2138 1651 obvium

562 1669 865 1739 habeatur;
904 1674 1032 1730 licet
1072 1678 1371 1736 sinceriora
1404 1682 1678 1738 existimet
1706 1684 1986 1753 Baluzius,
2016 1705 2139 1759 quae

561 1761 793 1829 ipsemet
825 1780 894 1819 ex
923 1769 1169 1838 antiquis
1210 1772 1368 1829 libris
1410 1775 1649 1845 vulgavit
1674 1778 1807 1849 (12).
1854 1778 1911 1833 1η
1949 1795 2127 1836 exem-

2255 762 2569 831 injunctnm
2600 762 2859 820 ostendit.
2919 760 3076 818 Tunc
3117 761 3322 833 pariter
3353 777 3543 821 omnes
3574 767 3816 825 dixerunt

2252 854 2491 923 episcOpi
2522 870 2536 905 :
2572 851 2689 908 Nisi
2727 853 2883 922 prius
2916 867 3303 924 agnoscamus,
3339 858 3614 923 quomodo
3658 875 3813 915 mun-

2250 944 2354 999 dus
2394 958 2425 998 a
2452 944 2724 1014 principio
2772 944 2939 999 fuerit
2978 947 3321 1011 instructus,
3368 946 3505 1003 nihil
3534 952 3726 1018 poterit
3752 952 3815 1008 de

2248 1035 2596 1091 observantia
2636 1034 2863 1092 Pascha
2914 1036 3206 1091 salubriter
3244 1038 3508 1094 ordinari.
3560 1039 3815 1100 Dixerunt

2247 1140 2378 1197 ergo
2401 1127 2644 1198 episcopi
2671 1146 2685 1183 :
2712 1126 2886 1194 Quem
2914 1126 3062 1183 diem
3097 1129 3374 1185 credimus
3415 1129 3616 1187 factum
3651 1134 3814 1191 fuisse

2246 1219 2301 1274 in
2335 1222 2541 1277 mundo
2572 1222 2811 1291 primum
2832 1260 2849 1287 ,
2904 1222 3013 1280 nisi
3067 1222 3408 1279 Dominicum
3441 1224 3621 1292 diem}?
3643 1226 3814 1285 Theo-

2245 1312 2427 1379 philus
2457 1314 2750 1385 episcopus
2779 1316 2920 1370 dixit
2969 1331 2985 1370 :
3031 1315 3265 1372 Probate
3298 1333 3421 1387 quae
3462 1318 3665 1375 dicitis.
3712 1319 3813 1375 Re-

2244 1405 2589 1474 sponderunt
2618 1407 2860 1477 episcopi
2888 1423 2901 1461 :
2952 1409 3266 1464 Secundum
3300 1408 3595 1479 Scriptura:
3623 1411 3811 1467 divinae

2242 1502 2669 1558 auctoritatem:
2718 1502 2950 1559 Factum
2992 1514 3071 1559 est
3116 1522 3353 1576 vespere,
3401 1515 3453 1561 et
3501 1506 3702 1575 factum
3734 1517 3810 1562 est

2241 1609 2395 1647 mane
2437 1594 2552 1650 dies
2590 1595 2793 1664 primus
2838 1598 2894 1662 ‘;
2957 1596 3153 1652 deinde
3215 1598 3531 1665 secundus,
3598 1599 3805 1665 tertius,

2239 1692 2491 1752 quartus,
2524 1684 2785 1754 quintus,
2821 1693 3011 1741 sextus
3044 1694 3099 1741 et
3133 1687 3424 1757 septimus.
3475 1685 3536 1740 In
3573 1701 3682 1756 quo
3726 1702 3808 1742 se-

2238 1774 2411 1843 ptimo
2471 1776 2743 1845 requievit
2788 1775 3058 1832 Dominus
3115 1777 3186 1833 ab
3234 1778 3498 1834 omnibus
3560 1779 3806 1848 operibus

556 1854 695 1919 plari
729 1857 947 1924 quidem
975 1858 1227 1915 Bucherii
1266 1841 1536 1933 ejusmodi
1566 1841 1700 1924 Acta
1727 1841 1977 1942 Philippo
2012 1874 2131 1929 cui-
2162 1841 2204 1897 Β
2234 1841 2351 1918 έυίε
2384 1841 2580 1933 ique“-I
2614 1864 2779 1928 άίθων
2817 1862 3113 1920 Sabbatum
3151 1867 3464 1937 θΡΡθΠείνίι·
3514 1866 3657 1939 Ετκο
3687 1884 3803 1924 cum

555 1946 680 2000 dam
715 1949 1115 2007 tribuebantur.
1144 1953 1413 2012 Nimirum
1440 1958 1711 2031 Theophili
1742 1980 1937 2021 nomen
1967 1967 2130 2024 fuerit

553 2035 912 2109 inscriptum;
948 2048 1042 2099 sed
1074 2047 1256 2102 exesis
1301 2049 1517 2107 duabus
1558 2054 1830 2122 prioribus
1878 2059 2123 2130 syllabis,

551 2126 819 2199 interpres
881 2135 968 2189 vel
1034 2136 1291 2196 librarius
1359 2140 1597 2214 Philippi
1657 2126 1943 2216 legendum
2004 2168 2127 2209 esse

549 2222 845 2277 censuerit.
883 2219 1175 2296 Utcunque
1215 2229 1308 2296 sit,
1352 2228 1552 2287 Bedam
1601 2238 1886 2305 sequimur
1933 2242 2027 2310 qui
2060 2258 2123 2297 ea

548 2308 852 2383 Theophilo
876 2327 1068 2374 nostro
1094 2322 1345 2387 ascribit,
1379 2339 1557 2395 neque
1587 2328 1746 2383 aliter
1775 2308 2123 2390 codex—Oxo—

546 2404 754 2461 niensis
778 2410 922 2476 apud
944 2409 1211 2469 Caveum.
1238 2412 1332 2470 Sic
1359 2425 1540 2472 autem
1570 2434 1628 2474 se
1664 2422 1853 2478 habet:

876 2520 1124 2591 Epistola
1164 2524 1441 2596 Theophili
1471 2530 1536 2585 de
1562 2530 1793 2590 Pascha.

603 2628 647 2687 1.
672 2651 691 2684 σ
721 2629 852 2692 Post
874 2638 1332 2697 resurrectionem
1358 2642 1443 2696 vel
1490 2648 1867 2703 ascensionem
1900 2649 2117 2707 Domini

542 2719 864 2789 Salvatoris,
906 2730 1140 2797 apostoli
1169 2734 1447 2799 quomodo
1476 2735 1686 2793 Pascha
1724 2741 1982 2796 deberent
2022 2745 2118 2799 ob-

537 2827 785 2878 servare,
832 2816 968 2871 nihil
1015 2821 1269 2877 ordinare
1316 2836 1645 2897 potuerunt,
1700 2834 1829 2901 quia
1884 2836 2113 2906 dispersi

538 2918 635 2971 per
664 2905 983 2961 universum
1021 2911 1312 2982 mundum,
1349 2916 1417 2969 ad
1451 2921 1858 2987 praedicandum
1893 2905 2115 2983 fuerunt

534 2996 809 3064 occupati.
850 2995 954 3053 Sed
983 3016 1314 3074 quacunque
1344 3007 1451 3073 die,
1481 3009 1549 3063 M
1582 3010 1713 3067 luna
1747 3030 1934 3071 mense
1967 3016 2111 3073 Mar-

537 3086 613 3141 tio
667 3086 882 3152 fuisset,
931 3088 1141 3147 Pascha
1204 3097 1573 3156 celebrabant.
1627 3101 1757 3159 Post
1819 3110 2105 3165 transitum

533 3194 665 3247 ergo
694 3180 761 3235 de
794 3181 898 3236 hoc
929 3185 1135 3240 mundo
1164 3188 1411 3244 omnium
1438 3194 1837 3266 apostolorum,
1868 3215 1964 3270 per
1993 3204 2107 3258 sin-
2138 3184 2179 3240 (ἶ

532 3270 689 3339 gnlas
734 3274 1046 3342 provincias
1100 3278 1314 3335 diversa
1368 3283 1627 3340 tenebant
1682 3286 1911 3359 jejunia.
1971 3293 2109 3352 Nam

535 3360 675 3414 Galli
708 3376 1040 3434 quacunque
1089 3367 1198 3434 die,
1232 3384 1324 3422 vni
1358 3367 1631 3429 Kalendas
1652 3375 1856 3445 Aprilis
1889 3378 2107 3451 fuisset,

531 3452 753 3520 quando
805 3454 1014 3512 Christi
1089 3461 1424 3516 resurrectio
1496 3465 1833 3537 tradebatur,
1892 3487 2108 3544 semper

530 3542 743 3600 Pascha
776 3548 1145 3606 celebrabant.
1194 3551 1252 3606 lu
1293 3554 1445 3610 Italia
1476 3572 1605 3612 vero
1642 3560 1734 3614 alii
1765 3563 1958 3633 viginti
1988 3542 2106 3624 dies

528 3644 655 3690 ante
681 3635 1025 3706 jejunabant,
1056 3641 1148 3695 alii
1182 3652 1412 3712 septem.
1440 3644 1746 3705 Orientales
1776 3668 1927 3717 vero,
1960 3656 2105 3712 sicut

527 3728 805 3795 apostolos
848 3727 1027 3785 facere
1064 3732 1330 3801 viderant,
1362 3746 1421 3791 ut
1460 3754 1627 3808 supra
1657 3740 1865 3797 dictum
1901 3757 2007 3811 est,
2037 3749 2103 3802 14

527 3815 681 3883 luna,
726 3832 914 3877 mense
942 3820 1161 3889 Martio,
1209 3822 1421 3882 Pascha
1457 3831 1734 3887 tenebant.
1785 3835 1923 3891 Cum
1973 3853 2104 3909 ergo

525 3904 610 3960 hac
642 3907 779 3963 tales
807 3909 1219 3969 observationes
1248 3930 1344 3986 per
1374 3918 1622 3990 singulas
1673 3925 1988 3991 provincias
2019 3904 2100 3982 te-

524 4009 788 4055 nerentur
821 4001 988 4073 (unde
1022 4021 1225 4062 maeror
1263 4019 1384 4065 erat
1427 4014 1825 4086 sacerdotibus,
1857 4035 1922 4075 eo
1954 4024 2101 4091 quod

522 4092 725 4160 quibus
752 4110 864 4151 una
897 4096 1030 4153 ﬁdes
1062 4110 1212 4156 recta
1252 4104 1563 4173 tenebatur,
1603 4123 1797 4165 eorum
1834 4113 2098 4171 dissenti-

519 4190 642 4236 rent
660 4183 916 4258 jejunia),
953 4198 1084 4245 tunc
1109 4207 1246 4263 papa
1274 4192 1461 4250 Victor
1493 4197 1755 4255 Romanae
1783 4203 1937 4260 urbis
1978 4209 2095 4278 epi-

520 4289 720 4344 seopus
772 4278 973 4336 direxit
1004 4286 1387 4342 auctoritatem
1421 4290 1488 4345 ad
1544 4289 1906 4365 Theophilum
1928 4340 1943 4365 ,
1970 4299 2095 4356 Cae-

519 4366 820 4422 sariensem
872 4368 1291 4445 Palaestinaaque
1345 4380 1664 4448 antistitem,
1711 4395 1771 4440 ut
1816 4395 2093 4459 quomodo

516 4456 731 4514 Pascha
762 4471 910 4516 recto
945 4464 1069 4534 jure
1104 4481 1135 4521 a
1165 4470 1384 4524 cunctis
1414 4472 1698 4531 catholicis
1726 4456 2094 4540 celebraretur

515 4550 789 4617 ecclesiis,
848 4554 981 4610 inibi
1033 4557 1184 4613 fieret
1231 4560 1526 4631 ordinatio,
1581 4566 1672 4621 ubi
1719 4567 1985 4629 Dominus
2039 4585 2093 4632 et

516 4643 767 4700 Salvator
794 4650 984 4704 mundi
1012 4648 1195 4706 fuerat
1227 4653 1280 4707 in
1308 4669 1473 4711 carne
1500 4670 1766 4718 versatus.

584 4736 650 4791 lI.
697 4757 717 4790 ι
761 4738 1022 4811 Percepta
1070 4745 1252 4816 itaque
1281 4752 1610 4807 auctoritate
1640 4758 1933 4824 praedictus
1974 4762 2091 4830 epi-

512 4844 746 4898 scopus,
799 4848 908 4886 non
958 4835 1134 4891 solum
1179 4838 1245 4892 de
1290 4856 1388 4893 sua
1434 4845 1745 4911 provincia,
1794 4850 1887 4904 sed
1920 4855 2083 4907 etiam

510 4922 576 4977 de
608 4923 841 4980 diversis
886 4928 1200 4997 regionibus
1254 4948 1445 4989 omnes
1478 4937 1762 5008 episcopos
1813 4946 2081 5003 evocavit.

2232 1951 2533 2008 novissimo
2563 1954 2650 2007 die
2683 1954 2863 2024 signet
2894 1953 3195 2011 Sabbatum
3219 1997 3235 2024 ,
3285 1957 3413 2027 quis
3459 1968 3641 2029 potest
3686 1973 3804 2016 esse

2226 2040 2459 2111 primus,
2494 2044 2599 2098 nisi
2628 2043 2950 2101 Dominicus
2982 2046 3142 2102 dies?

2296 2132 2386 2189 ιιι.
2433 2153 2453 2185 ς
2495 2134 2831 2205 Theophilus
2874 2138 3149 2208 episcopis
3191 2139 3329 2194 dixit
3372 2156 3387 2191 :
3432 2138 3574 2197 Ecce
3603 2140 3669 2196 de
3700 2139 3801 2196 Do-

2227 2224 2431 2281 minico
2460 2226 2569 2294 die,
2587 2229 2716 2297 quia
2748 2229 2959 2298 primus
2991 2229 3092 2294 sit,
3128 2231 3440 2299 probastis;
3474 2233 3541 2287 de
3570 2241 3800 2303 tempore

2225 2316 2353 2385 quid
2387 2317 2618 2373 dicitis?
2648 2328 2886 2389 quatuor
2931 2320 3078 2375 enim
3111 2330 3358 2392 tempora
3393 2323 3449 2377 in
3484 2339 3628 2378 anno
3657 2324 3797 2379 acci-

2223 2408 2469 2475 piuntur,
2508 2425 2626 2477 ver,
2677 2420 2861 2479 aestas,
2915 2421 3250 2480 autumnus,
3305 2414 3391 2468 vel
3442 2414 3563 2485 (15)
3607 2416 3794 2470 hiems.

2222 2498 2377 2565 Quod
2391 2515 2522 2570 ergo
2548 2510 2762 2572 tempus
2777 2502 3015 2571 primum
3028 2504 3253 2560 creditis
3273 2503 3478 2559 factum
3497 2507 3552 2561 in
3570 2505 3797 2561 mundo?

2221 2588 2471 2660 Episcopi
2488 2593 2917 2662 responderunt:
2942 2593 3207 2650 Vernum.
3234 2594 3574 2666 Theophilus
3595 2598 3798 2667 episco-

2218 2696 2319 2749 pus
2341 2682 2512 2737 dixit:
2534 2682 2766 2740 Probate
2781 2686 2928 2755 quod
2967 2686 3173 2743 dicitis.
3192 2686 3257 2742 Et
3272 2688 3351 2743 illi
3364 2691 3791 2758 responderunt:

2221 2772 2495 2844 Scriptum
2529 2786 2613 2832 est
2637 2793 2651 2829 :
2681 2776 2946 2833 Germinet
2977 2790 3115 2833 terra
3138 2780 3353 2835 herbam
3381 2782 3496 2851 feni
3524 2784 3794 2837 secundum

2216 2881 2377 2932 genus
2398 2882 2575 2930 suum,
2608 2876 2659 2921 et
2684 2868 2888 2937 lignum
2910 2869 3248 2939 fructiferunt
3293 2871 3470 2940 ferens
3504 2874 3730 2942 fructum
3750 2875 3789 2927 '.

2216 2954 2343 3009 Haec
2382 2957 2529 3011 enim
2563 2958 2708 3013 veris
2753 2962 3093 3029 temporibus
3145 2962 3413 3031 accipitur
3452 2964 3587 3036 (ll).
3622 2964 3793 3020 Theo4

2213 3045 2398 3113 philus
2439 3047 2713 3117 episcopis
2741 3050 2880 3104 dixit
2917 3068 2929 3104 :
2986 3049 3045 3105 In
3086 3066 3197 3121 quo
3228 3062 3393 3122 caput
3441 3055 3631 3110 mundi
3675 3070 3790 3111 esse

2216 3138 2479 3192 creditis?
2513 3139 2566 3192 in
2595 3141 2865 3211 principio
2906 3146 3188 3213 temporis,
3223 3161 3291 3200 an
3335 3145 3395 3201 in
3443 3147 3624 3204 medio
3654 3158 3785 3205 tem-

2214 3227 2385 3295 poris,
2440 3238 2535 3284 aut
2589 3231 2646 3284 in
2699 3231 2857 3287 ﬁne?
2914 3233 3168 3305 EpiscOpi
3220 3240 3628 3307 responderunt
3673 3258 3685 3295 :
3731 3240 3786 3293 ln

2209 3316 2560 3385 aequinoctio,
2595 3334 2692 3374 vm
2746 3319 3019 3377 Kalendas
3048 3323 3271 3393 Aprilis.
3309 3324 3651 3397 Theophilus
3676 3329 3786 3398 epi-

2210 3408 2389 3477 scopis
2414 3408 2590 3463 dixit:
2620 3410 2854 3468 Probate
2887 3429 3009 3483 qua:
3043 3415 3245 3471 dicitis.
3284 3416 3349 3472 Et
3382 3418 3465 3473 illi
3497 3421 3783 3491 responde-

2209 3506 2376 3551 runt:
2407 3497 2682 3571 Scriptum
2710 3512 2830 3558 est:
2862 3503 3004 3568 Quia
3048 3506 3171 3574 fecit
3204 3506 3347 3562 Deus
3378 3509 3573 3577 lucem,
3614 3520 3663 3564 et
3699 3526 3781 3565 vo-

2206 3589 2343 3642 cavit
2376 3588 2518 3645 Deus
2556 3592 2757 3659 lucem,
2790 3594 2930 3648 diem
2964 3610 2982 3648 .'
3018 3605 3070 3649 et
3104 3597 3226 3657 fecit
3260 3596 3397 3653 Deus
3450 3602 3706 3665 tenebras,
3732 3610 3779 3655 et

2206 3680 2442 3734 tenebras
2472 3684 2675 3736 vocavit
2707 3693 2912 3738 noctem
2937 3700 2955 3737 :
2978 3697 3029 3739 et
3054 3687 3238 3741 divisit
3268 3688 3405 3742 inter
3438 3691 3605 3745 lucem
3632 3700 3680 3744 et
3706 3700 3780 3745 tc-

2204 3770 2393 3824 nebras
2435 3788 2615 3842 aquas
2651 3785 2830 3843 partes
2854 3774 2895 3829 ³.
2937 3774 3275 3847 Theophilus
3305 3781 3582 3850 episcopis
3610 3782 3773 3837 dixit:

2202 3859 2341 3915 Ecce
2378 3861 2446 3917 de
2489 3863 2576 3918 die
2603 3864 2689 3918 vel
2723 3872 2963 3935 tempore
3001 3867 3081 3922 vel
3113 3868 3180 3923 de
3223 3868 3343 3924 loco
3375 3872 3681 3939 probastis;
3712 3872 3777 3927 de

2203 3946 2334 4002 luna
2388 3950 2518 4020 quid
2563 3953 2720 4008 vobis
2764 3954 3025 4009 videtur?
3057 3966 3240 4013 utrum
3276 3970 3637 4029 crescentem,
3685 3972 3775 4017 aut

2197 4036 2309 4104 jam
2352 4040 2567 4108 plenam
2603 4058 2673 4097 an
2707 4044 3053 4100 imminutam
3092 4047 3261 4105 fuisse
3293 4049 3454 4107 aDeo
3486 4055 3773 4109 consecra-

2200 4135 2311 4181 tam
2348 4129 2502 4200 (l5)?
2533 4132 2787 4204 Episcopi
2820 4137 3220 4205 responderunt
3255 4159 3271 4195 :
3310 4140 3554 4199 Plenam.
3590 4143 3658 4198 Et
3684 4144 3771 4199 ille

2198 4218 2337 4274 dixit
2368 4240 2379 4274 :
2406 4221 2639 4279 Probate
2662 4228 2806 4295 quod
2839 4228 3040 4285 dicitis.
3069 4230 3323 4303 Episcopi
3357 4237 3767 4305 responderunt:

2199 4308 2342 4367 Dicit
2368 4312 2650 4385 Scriptura
2682 4318 2866 4373 divina
2895 4336 2908 4371 :
2942 4320 3012 4373 Et
3040 4322 3163 4387 fecit
3184 4321 3324 4376 Deus
3352 4324 3459 4378 duo
3485 4326 3770 4379 luminaria

2200 4421 2414 4477 magna,
2464 4419 2515 4462 et
2557 4413 2732 4479 posuit
2784 4414 2841 4467 in
2886 4414 3220 4484 ﬁrmamento
3268 4418 3406 4485 caeli,
3463 4428 3520 4472 ut
3564 4419 3769 4473 luceant

2198 4514 2355 4567 super
2382 4515 2580 4555 terram
2611 4520 2628 4555 :
2668 4506 2934 4560 luminare
2971 4508 3147 4578 majus
3188 4510 3244 4562 in
3270 4510 3605 4564 inchoatione
3639 4510 3762 4575 dici,

2198 4601 2246 4643 et
2273 4591 2537 4648 inurinare
2578 4597 2753 4649 minus
2790 4598 2848 4650 in
2878 4599 3213 4654 inchoatione
3245 4604 3413 4657 noctis
3439 4603 3481 4658 ⁸.
3518 4601 3635 4659 Non
3668 4616 3763 4674 po-

2198 4693 2337 4739 terat
2373 4687 2555 4752 aliter,
2589 4690 2693 4746 nisi
2736 4688 2930 4747 fuisset
2973 4694 3153 4762 plena.
3187 4693 3344 4751 Nunc
3376 4712 3508 4767 ergo
3546 4696 3763 4751 investi-

2195 4776 2465 4846 gavimus,
2496 4783 2773 4849 quomodo
2804 4783 2857 4836 in
2893 4785 3161 4855 principio
3193 4786 3370 4843 factus
3408 4788 3573 4843 fuerit
3604 4804 3761 4842 mun-

2194 4869 2319 4934 dus,
2356 4870 2407 4924 id
2438 4879 2523 4925 est
2545 4872 2632 4926 die
2657 4872 2963 4940 Dominica,
2999 4892 3167 4933 verno
3202 4890 3462 4949 tempore,
3512 4882 3566 4934 in
3592 4880 3761 4950 aequi-

2192 4960 2399 5026 noctio,
2434 4963 2579 5030 quod
2610 4974 2695 5018 est
2728 4980 2825 5019 vm
2854 4965 3123 5025 Kalendas
3154 4971 3377 5040 Aprilis,
3420 4972 3548 5027 luna
3583 4973 3755 5043 plena.

587 5064 604 5095 ί
633 5062 771 5119 Gen.
800 5081 839 5133 ι,
874 5068 927 5120 5.
1000 5073 1020 5101 ²
1047 5071 1184 5129 Gen.
1213 5092 1253 5142 ι,
1286 5077 1372 5131 11.
1443 5078 1616 5136 ’Gen.
1651 5100 1690 5149 ι,
1724 5084 1894 5152 4,18.
1967 5090 2144 5145 ‘Gen.
2177 5110 2215 5159 ι,
2243 5096 2329 5149 16.

699 5218 1081 5303 βμεᾳρ-ηηὶδι.
1118 5229 1246 5303 earl.
1279 5229 1373 5283 lib.
1400 5246 1454 5297 v,
1489 5248 1608 5303 cap.
1633 5237 1725 5292 25.

580 5286 658 5423 (ὅ)
701 5288 780 5343 id.
813 5292 971 5359 ibid.,
1004 5312 1124 5366 cap.
1157 5300 1245 5354 25.

580 5359 633 5423 (4
695 5358 822 5413 Bed.
855 5362 930 5415 De
956 5363 1177 5423 rEauin.
1208 5387 1245 5422 Ut

695 5358 833 5451 ﬁed;-
855 5358 1348 5451 DegrxiEquinkvem.
1377 5385 1504 5442 opp.
1537 5382 1670 5451 tom.
1696 5376 1759 5443 Il,
1801 5396 1921 5451 pag.
1952 5382 2079 5437 252.

581 5427 887 5552 (5)9godw.
927 5436 993 5489 ad
1026 5427 1151 5507 opp.
1181 5427 1469 5508 Pearsoni,
1519 5427 1921 5521 dissertsing’.‘

545 5514 628 5565 ag.
656 5514 746 5552 vi).

941 5573 1101 5630 Mem.
1132 5579 1260 5631 eccl.
1296 5590 1427 5638 tom.
1454 5582 1542 5652 Ill,
1567 5602 1690 5659 pag.
1720 5589 1845 5657 652,
1879 5604 1992 5650 not.
2024 5596 2077 5663 Ξ,

506 5649 603 5688 sur
638 5636 693 5691 S.
719 5639 922 5697 Victor.

693 5709 950 5797 Eoutant.
982 5714 1157 5797 βρὶδι.
1186 5719 1339 5797 liam.
1363 5733 1535 5797 gout”
1569 5741 1693 5797 pag.
1724 5731 1817 5785 93.

578 5776 656 5834 l8)
696 5776 894 5835 Baron.
934 5786 1000 5839 ad
1030 5776 1170 5841 'auu.
1206 5790 1326 5858 197,
1363 5776 1474 5860 ’δὴ

2383 5251 2615 5331 Bttcher.
2642 5256 2917 5331 Derioclr.
2944 5269 3126 5331 temp.,
3149 5277 3270 5331 pag.
3292 5262 3416 5316 469.

2415 5322 2689 5400 Yales.__ad
2721 5329 2918 5383 Euseb.
2956 5320 3058 5384 lib:
3086 5320 3283 5400 v','ca‘p.
3309 5332 3400 5385 ‘25.

2413 5395 2545 5479 (lay.
2585 5396 2725 5477 "ist.
2750 5400 2887 5479 lim,
2916 5410 3047 5479 tom.
3075 5392 3274 5470 l,'pag.
3300 5401 3388 5455 96.
3513 5469 3570 5479 __
3670 5467 3681 5479 ο

2259 5462 2372 5539 (12)
2413 5463 2600 5539 Daluz.
2653 5470 2706 5539 in
2736 5468 2873 5539 Non.
2909 5462 3315 5535 collect..'coitc.
3359 5485 3480 5539 pag.
3508 5469 3595 5534 15,
3640 5467 3748 5523 sive

2188 5531 2372 5611 turam!
2408 5534 2751 5611 (ὢνιον-Μὴ.
2789 5538 2979 5594 Venet.
3022 5531 3216 5606 Labb.,
3254 5531 3377 5611 pag:
3403 5531 3527 5593 606.

2410 5604 2563 5691 apud
2596 5606 2793 5691 Regum
2827 5612 2979 5664 deest
3016 5602 3519 5691 veinAput'II’Baluz.
3548 5618 3618 5662 et.

2255 5672 2379 5740 (14).
2408 5672 2603 5729 Baron.
2652 5676 2765 5730 Hoc
2808 5691 3007 5736 autem.
3038 5672 3226 5736 Balui.
3267 5680 3398 5736 Haec
3429 5681 3567 5734 enim
3596 5688 3743 5732 verno

2185 5749 2412 5814 tempore
2437 5745 2667 5799 videmus
2691 5749 2830 5814 ﬁeri.

2253 5812 2364 5883 (15)
2404 5814 2558 5882 Apud
2587 5812 2786 5873 Barba.
2823 5819 2893 5875 al.
2930 5831 3286 5876 concreatam.
