  <div class='ocr_page' id='page_1' title='image "/cluster/home/n/w/nwhite01/storage/ocr_20150623/5/coo.31924054872845/692.png"; bbox 0 0 4148 6410; ppageno 0'>
   <div class='ocr_carea' id='block_1_1' title="bbox 420 392 554 450">
    <p class='ocr_par' dir='ltr' id='par_1_1' title="bbox 420 392 554 450">
     <span class='ocr_line' id='line_1_1' title="bbox 420 392 554 450; baseline -0.015 -1"><span class='ocrx_word' id='word_1_1' title='bbox 420 392 554 450; x_wconf 73' lang='grc'><strong>1569</strong></span> 
     </span>
    </p>
   </div>
   <div class='ocr_carea' id='block_1_2' title="bbox 1789 395 2285 453">
    <p class='ocr_par' dir='ltr' id='par_1_2' title="bbox 1789 395 2285 453">
     <span class='ocr_line' id='line_1_2' title="bbox 1789 395 2285 453; baseline 0.002 -4"><span class='ocrx_word' id='word_1_2' title='bbox 1789 395 2285 453; x_wconf 83' lang='lat' dir='ltr'><strong>FRAGMENTUM.</strong></span> 
     </span>
    </p>
   </div>
   <div class='ocr_carea' id='block_1_3' title="bbox 3531 408 3670 456">
    <p class='ocr_par' dir='ltr' id='par_1_3' title="bbox 3531 408 3670 456">
     <span class='ocr_line' id='line_1_3' title="bbox 3531 408 3670 456; baseline 0.007 -2"><span class='ocrx_word' id='word_1_3' title='bbox 3531 408 3670 456; x_wconf 73' lang='grc' dir='ltr'><strong>12)Ἶο</strong></span> 
     </span>
    </p>
   </div>
   <div class='ocr_carea' id='block_1_4' title="bbox 416 515 3672 592">
    <p class='ocr_par' dir='ltr' id='par_1_4' title="bbox 416 515 3672 592">
     <span class='ocr_line' id='line_1_4' title="bbox 416 515 3672 592; baseline 0.002 -24"><span class='ocrx_word' id='word_1_4' title='bbox 416 515 520 570; x_wconf 90' lang='lat' dir='ltr'><strong>Per</strong></span> <span class='ocrx_word' id='word_1_5' title='bbox 551 515 729 584; x_wconf 89' lang='lat' dir='ltr'><strong>ipsum</strong></span> <span class='ocrx_word' id='word_1_6' title='bbox 765 516 1144 573; x_wconf 89' lang='lat' dir='ltr'><strong>tantummodo</strong></span> <span class='ocrx_word' id='word_1_7' title='bbox 1178 524 1391 587; x_wconf 81' lang='lat' dir='ltr'><strong>tempus</strong></span> <span class='ocrx_word' id='word_1_8' title='bbox 1424 526 1479 573; x_wconf 91' lang='lat' dir='ltr'><strong>et</strong></span> <span class='ocrx_word' id='word_1_9' title='bbox 1503 518 1775 575; x_wconf 87' lang='lat' dir='ltr'><strong>elementa</strong></span> <span class='ocrx_word' id='word_1_10' title='bbox 1810 537 1994 576; x_wconf 84' lang='lat' dir='ltr'><strong>resur-</strong></span> <span class='ocrx_word' id='word_1_11' title='bbox 2023 530 2069 585; x_wconf 83' lang='grc' dir='ltr'>Α</span> <span class='ocrx_word' id='word_1_12' title='bbox 2098 522 2245 591; x_wconf 80' lang='lat' dir='ltr'><strong>ginta</strong></span> <span class='ocrx_word' id='word_1_13' title='bbox 2278 521 2395 576; x_wconf 84' lang='lat' dir='ltr'><strong>dies</strong></span> <span class='ocrx_word' id='word_1_14' title='bbox 2428 537 2458 575; x_wconf 88' lang='lat' dir='ltr'><strong>a</strong></span> <span class='ocrx_word' id='word_1_15' title='bbox 2489 520 2722 577; x_wconf 86' lang='lat' dir='ltr'><strong>Domino</strong></span> <span class='ocrx_word' id='word_1_16' title='bbox 2756 520 3063 576; x_wconf 85' lang='lat' dir='ltr'><strong>consecrati</strong></span> <span class='ocrx_word' id='word_1_17' title='bbox 3109 530 3258 577; x_wconf 91' lang='lat' dir='ltr'><strong>sunt.</strong></span> <span class='ocrx_word' id='word_1_18' title='bbox 3294 520 3546 592; x_wconf 87' lang='lat' dir='ltr'><strong>Episcopi</strong></span> <span class='ocrx_word' id='word_1_19' title='bbox 3585 522 3672 575; x_wconf 86' lang='lat' dir='ltr'><strong>di—</strong></span> 
     </span>
    </p>
   </div>
   <div class='ocr_carea' id='block_1_5' title="bbox 414 617 573 679">
    <p class='ocr_par' dir='ltr' id='par_1_5' title="bbox 414 617 573 679">
     <span class='ocr_line' id='line_1_5' title="bbox 414 617 573 679; baseline 0.006 -16"><span class='ocrx_word' id='word_1_20' title='bbox 414 617 573 679; x_wconf 78' lang='lat' dir='ltr'><strong>guut.</strong></span> 
     </span>
    </p>
   </div>
   <div class='ocr_carea' id='block_1_6' title="bbox 492 697 1991 775">
    <p class='ocr_par' dir='ltr' id='par_1_6' title="bbox 492 697 1991 775">
     <span class='ocr_line' id='line_1_6' title="bbox 492 697 1991 775; baseline 0.004 -22"><span class='ocrx_word' id='word_1_21' title='bbox 492 697 584 754; x_wconf 85' lang='lat' dir='ltr'><strong>IV.</strong></span> <span class='ocrx_word' id='word_1_22' title='bbox 628 718 645 751; x_wconf 84' lang='grc'><strong>‹</strong></span> <span class='ocrx_word' id='word_1_23' title='bbox 685 698 1020 769; x_wconf 82' lang='lat' dir='ltr'><strong>Theophilus</strong></span> <span class='ocrx_word' id='word_1_24' title='bbox 1066 702 1338 769; x_wconf 87' lang='lat' dir='ltr'><strong>episcopis</strong></span> <span class='ocrx_word' id='word_1_25' title='bbox 1390 702 1573 759; x_wconf 88' lang='lat' dir='ltr'><strong>dixit:</strong></span> <span class='ocrx_word' id='word_1_26' title='bbox 1617 702 1772 759; x_wconf 87' lang='lat' dir='ltr'><strong>Nunc</strong></span> <span class='ocrx_word' id='word_1_27' title='bbox 1824 705 1991 775; x_wconf 77' lang='lat' dir='ltr'><strong>igitur</strong></span> 
     </span>
    </p>
   </div>
   <div class='ocr_carea' id='block_1_7' title="bbox 414 792 1988 864">
    <p class='ocr_par' dir='ltr' id='par_1_7' title="bbox 414 792 1988 864">
     <span class='ocr_line' id='line_1_7' title="bbox 414 792 1988 864; baseline 0.004 -19"><span class='ocrx_word' id='word_1_28' title='bbox 414 792 683 861; x_wconf 85' lang='lat' dir='ltr'><strong>agendum</strong></span> <span class='ocrx_word' id='word_1_29' title='bbox 715 799 800 847; x_wconf 91' lang='lat' dir='ltr'><strong>est</strong></span> <span class='ocrx_word' id='word_1_30' title='bbox 834 792 901 845; x_wconf 91' lang='lat' dir='ltr'><strong>de</strong></span> <span class='ocrx_word' id='word_1_31' title='bbox 945 792 1313 859; x_wconf 81' lang='lat' dir='ltr'><strong>ordinatione,</strong></span> <span class='ocrx_word' id='word_1_32' title='bbox 1365 796 1644 864; x_wconf 90' lang='lat' dir='ltr'><strong>quomodo</strong></span> <span class='ocrx_word' id='word_1_33' title='bbox 1692 796 1988 853; x_wconf 84' lang='lat' dir='ltr'><strong>debeamus</strong></span> 
     </span>
    </p>
   </div>
   <div class='ocr_carea' id='block_1_8' title="bbox 412 882 1990 958">
    <p class='ocr_par' dir='ltr' id='par_1_8' title="bbox 412 882 1990 958">
     <span class='ocr_line' id='line_1_8' title="bbox 412 882 1990 958; baseline 0.004 -21"><span class='ocrx_word' id='word_1_34' title='bbox 412 883 624 937; x_wconf 85' lang='lat' dir='ltr'><strong>Pascha</strong></span> <span class='ocrx_word' id='word_1_35' title='bbox 665 892 867 937; x_wconf 87' lang='lat' dir='ltr'><strong>tenere.</strong></span> <span class='ocrx_word' id='word_1_36' title='bbox 904 882 1162 953; x_wconf 86' lang='lat' dir='ltr'><strong>Episcopi</strong></span> <span class='ocrx_word' id='word_1_37' title='bbox 1196 886 1451 940; x_wconf 80' lang='lat' dir='ltr'><strong>dixerunt</strong></span> <span class='ocrx_word' id='word_1_38' title='bbox 1483 906 1494 941; x_wconf 95' lang='lat'>:</span> <span class='ocrx_word' id='word_1_39' title='bbox 1527 886 1783 957; x_wconf 88' lang='lat' dir='ltr'><strong>Nunquid</strong></span> <span class='ocrx_word' id='word_1_40' title='bbox 1810 898 1990 958; x_wconf 83' lang='lat' dir='ltr'><strong>potest</strong></span> 
     </span>
    </p>
   </div>
   <div class='ocr_carea' id='block_1_9' title="bbox 412 976 1990 1045">
    <p class='ocr_par' dir='ltr' id='par_1_9' title="bbox 412 976 1990 1045">
     <span class='ocr_line' id='line_1_9' title="bbox 412 976 1990 1045; baseline 0.004 -14"><span class='ocrx_word' id='word_1_41' title='bbox 412 978 530 1031; x_wconf 89' lang='lat' dir='ltr'><strong>dies</strong></span> <span class='ocrx_word' id='word_1_42' title='bbox 562 976 885 1031; x_wconf 89' lang='lat' dir='ltr'><strong>Dominicus</strong></span> <span class='ocrx_word' id='word_1_43' title='bbox 916 978 1206 1045; x_wconf 79' lang='lat' dir='ltr'><strong>praeteriri,</strong></span> <span class='ocrx_word' id='word_1_44' title='bbox 1246 987 1306 1033; x_wconf 88' lang='lat' dir='ltr'><strong>ut</strong></span> <span class='ocrx_word' id='word_1_45' title='bbox 1339 978 1391 1032; x_wconf 93' lang='lat' dir='ltr'><strong>in</strong></span> <span class='ocrx_word' id='word_1_46' title='bbox 1426 994 1491 1034; x_wconf 90' lang='lat' dir='ltr'><strong>eo</strong></span> <span class='ocrx_word' id='word_1_47' title='bbox 1524 978 1734 1035; x_wconf 86' lang='lat' dir='ltr'><strong>Pascha</strong></span> <span class='ocrx_word' id='word_1_48' title='bbox 1764 981 1990 1037; x_wconf 87' lang='lat' dir='ltr'><strong>minime</strong></span> 
     </span>
    </p>
   </div>
   <div class='ocr_carea' id='block_1_10' title="bbox 410 1067 1989 1136">
    <p class='ocr_par' dir='ltr' id='par_1_10' title="bbox 410 1067 1989 1136">
     <span class='ocr_line' id='line_1_10' title="bbox 410 1067 1989 1136; baseline 0.002 -14"><span class='ocrx_word' id='word_1_49' title='bbox 410 1067 737 1127; x_wconf 85' lang='lat' dir='ltr'><strong>celebretur,</strong></span> <span class='ocrx_word' id='word_1_50' title='bbox 775 1068 868 1136; x_wconf 91' lang='lat' dir='ltr'><strong>qui</strong></span> <span class='ocrx_word' id='word_1_51' title='bbox 903 1077 982 1121; x_wconf 91' lang='lat' dir='ltr'><strong>tot</strong></span> <span class='ocrx_word' id='word_1_52' title='bbox 1014 1077 1068 1122; x_wconf 92' lang='lat' dir='ltr'><strong>et</strong></span> <span class='ocrx_word' id='word_1_53' title='bbox 1104 1069 1307 1124; x_wconf 84' lang='lat' dir='ltr'><strong>talibus</strong></span> <span class='ocrx_word' id='word_1_54' title='bbox 1342 1070 1817 1126; x_wconf 86' lang='lat' dir='ltr'><strong>benedictionibus</strong></span> <span class='ocrx_word' id='word_1_55' title='bbox 1860 1088 1989 1127; x_wconf 90' lang='lat' dir='ltr'><strong>san-</strong></span> 
     </span>
    </p>
   </div>
   <div class='ocr_carea' id='block_1_11' title="bbox 410 1160 1987 1233">
    <p class='ocr_par' dir='ltr' id='par_1_11' title="bbox 410 1160 1987 1233">
     <span class='ocr_line' id='line_1_11' title="bbox 410 1160 1987 1233; baseline 0.002 -17"><span class='ocrx_word' id='word_1_56' title='bbox 410 1161 682 1216; x_wconf 85' lang='lat' dir='ltr'><strong>ctiﬁcatus</strong></span> <span class='ocrx_word' id='word_1_57' title='bbox 715 1161 833 1215; x_wconf 85' lang='lat' dir='ltr'><strong>est?</strong></span> <span class='ocrx_word' id='word_1_58' title='bbox 865 1160 1201 1230; x_wconf 86' lang='lat' dir='ltr'><strong>Theophilus</strong></span> <span class='ocrx_word' id='word_1_59' title='bbox 1229 1162 1367 1216; x_wconf 81' lang='lat' dir='ltr'><strong>dixit</strong></span> <span class='ocrx_word' id='word_1_60' title='bbox 1392 1181 1404 1216; x_wconf 90' lang='lat'>:</span> <span class='ocrx_word' id='word_1_61' title='bbox 1434 1162 1603 1217; x_wconf 86' lang='lat' dir='ltr'><strong>Dicite</strong></span> <span class='ocrx_word' id='word_1_62' title='bbox 1632 1178 1763 1233; x_wconf 80' lang='lat' dir='ltr'><strong>ergo</strong></span> <span class='ocrx_word' id='word_1_63' title='bbox 1788 1164 1987 1233; x_wconf 90' lang='lat' dir='ltr'><strong>quibus</strong></span> 
     </span>
    </p>
   </div>
   <div class='ocr_carea' id='block_1_12' title="bbox 408 1253 1988 1323">
    <p class='ocr_par' dir='ltr' id='par_1_12' title="bbox 408 1253 1988 1323">
     <span class='ocr_line' id='line_1_12' title="bbox 408 1253 1988 1323; baseline 0.001 -15"><span class='ocrx_word' id='word_1_64' title='bbox 408 1267 465 1309; x_wconf 89' lang='lat' dir='ltr'><strong>et</strong></span> <span class='ocrx_word' id='word_1_65' title='bbox 494 1254 752 1323; x_wconf 91' lang='lat' dir='ltr'><strong>qualibus</strong></span> <span class='ocrx_word' id='word_1_66' title='bbox 786 1254 1258 1309; x_wconf 84' lang='lat' dir='ltr'><strong>benedictionibus</strong></span> <span class='ocrx_word' id='word_1_67' title='bbox 1289 1269 1413 1308; x_wconf 91' lang='lat' dir='ltr'><strong>eum</strong></span> <span class='ocrx_word' id='word_1_68' title='bbox 1461 1253 1632 1309; x_wconf 83' lang='lat' dir='ltr'><strong>fuisse</strong></span> <span class='ocrx_word' id='word_1_69' title='bbox 1679 1256 1988 1310; x_wconf 75' lang='lat' dir='ltr'><strong>sanctiﬁca-</strong></span> 
     </span>
    </p>
   </div>
   <div class='ocr_carea' id='block_1_13' title="bbox 408 1345 1983 1417">
    <p class='ocr_par' dir='ltr' id='par_1_13' title="bbox 408 1345 1983 1417">
     <span class='ocr_line' id='line_1_13' title="bbox 408 1345 1983 1417; baseline 0 -16"><span class='ocrx_word' id='word_1_70' title='bbox 408 1356 527 1401; x_wconf 87' lang='lat' dir='ltr'><strong>tum</strong></span> <span class='ocrx_word' id='word_1_71' title='bbox 563 1345 835 1410; x_wconf 85' lang='lat' dir='ltr'><strong>asseritis,</strong></span> <span class='ocrx_word' id='word_1_72' title='bbox 865 1353 927 1399; x_wconf 88' lang='lat' dir='ltr'><strong>ut</strong></span> <span class='ocrx_word' id='word_1_73' title='bbox 956 1345 1196 1401; x_wconf 83' lang='lat' dir='ltr'><strong>scribere</strong></span> <span class='ocrx_word' id='word_1_74' title='bbox 1240 1346 1516 1415; x_wconf 87' lang='lat' dir='ltr'><strong>possimus</strong></span> <span class='ocrx_word' id='word_1_75' title='bbox 1542 1345 1676 1417; x_wconf 79' lang='grc'><strong>(16).</strong></span> <span class='ocrx_word' id='word_1_76' title='bbox 1728 1345 1983 1415; x_wconf 91' lang='lat' dir='ltr'><strong>Episcopi</strong></span> 
     </span>
    </p>
   </div>
   <div class='ocr_carea' id='block_1_14' title="bbox 409 1436 1984 1510">
    <p class='ocr_par' dir='ltr' id='par_1_14' title="bbox 409 1436 1984 1510">
     <span class='ocr_line' id='line_1_14' title="bbox 409 1436 1984 1510; baseline 0.001 -18"><span class='ocrx_word' id='word_1_77' title='bbox 409 1439 673 1493; x_wconf 87' lang='lat' dir='ltr'><strong>dixerunt</strong></span> <span class='ocrx_word' id='word_1_78' title='bbox 703 1456 715 1490; x_wconf 89' lang='lat'>:</span> <span class='ocrx_word' id='word_1_79' title='bbox 746 1436 931 1491; x_wconf 89' lang='lat' dir='ltr'><strong>Prima</strong></span> <span class='ocrx_word' id='word_1_80' title='bbox 968 1437 1044 1491; x_wconf 88' lang='lat' dir='ltr'><strong>illi</strong></span> <span class='ocrx_word' id='word_1_81' title='bbox 1080 1437 1387 1491; x_wconf 87' lang='lat' dir='ltr'><strong>benedictio</strong></span> <span class='ocrx_word' id='word_1_82' title='bbox 1431 1447 1537 1500; x_wconf 91' lang='lat' dir='ltr'><strong>est,</strong></span> <span class='ocrx_word' id='word_1_83' title='bbox 1579 1439 1726 1508; x_wconf 90' lang='lat' dir='ltr'><strong>quod</strong></span> <span class='ocrx_word' id='word_1_84' title='bbox 1774 1441 1827 1493; x_wconf 91' lang='lat' dir='ltr'><strong>in</strong></span> <span class='ocrx_word' id='word_1_85' title='bbox 1866 1442 1984 1510; x_wconf 87' lang='lat' dir='ltr'><strong>ipso</strong></span> 
     </span>
    </p>
   </div>
   <div class='ocr_carea' id='block_1_15' title="bbox 408 1527 1986 1597">
    <p class='ocr_par' dir='ltr' id='par_1_15' title="bbox 408 1527 1986 1597">
     <span class='ocr_line' id='line_1_15' title="bbox 408 1527 1986 1597; baseline 0 -15"><span class='ocrx_word' id='word_1_86' title='bbox 408 1528 646 1582; x_wconf 77' lang='lat' dir='ltr'><strong>tenebrae</strong></span> <span class='ocrx_word' id='word_1_87' title='bbox 679 1528 789 1582; x_wconf 94' lang='lat' dir='ltr'><strong>sint</strong></span> <span class='ocrx_word' id='word_1_88' title='bbox 820 1536 1064 1591; x_wconf 69' lang='lat' dir='ltr'><strong>remotae,</strong></span> <span class='ocrx_word' id='word_1_89' title='bbox 1089 1535 1143 1581; x_wconf 90' lang='lat' dir='ltr'><strong>et</strong></span> <span class='ocrx_word' id='word_1_90' title='bbox 1164 1528 1256 1581; x_wconf 85' lang='lat' dir='ltr'><strong>lux</strong></span> <span class='ocrx_word' id='word_1_91' title='bbox 1273 1527 1605 1597; x_wconf 85' lang='lat' dir='ltr'><strong>apparuerit.</strong></span> <span class='ocrx_word' id='word_1_92' title='bbox 1634 1528 1884 1581; x_wconf 88' lang='lat' dir='ltr'><strong>Secunda</strong></span> <span class='ocrx_word' id='word_1_93' title='bbox 1902 1537 1986 1582; x_wconf 90' lang='lat' dir='ltr'><strong>cst</strong></span> 
     </span>
    </p>
   </div>
   <div class='ocr_carea' id='block_1_16' title="bbox 407 1617 1981 1689">
    <p class='ocr_par' dir='ltr' id='par_1_16' title="bbox 407 1617 1981 1689">
     <span class='ocr_line' id='line_1_16' title="bbox 407 1617 1981 1689; baseline -0.001 -14"><span class='ocrx_word' id='word_1_94' title='bbox 407 1620 486 1675; x_wconf 84' lang='lat' dir='ltr'><strong>illi</strong></span> <span class='ocrx_word' id='word_1_95' title='bbox 515 1620 844 1685; x_wconf 89' lang='lat' dir='ltr'><strong>benedictio,</strong></span> <span class='ocrx_word' id='word_1_96' title='bbox 877 1620 1022 1689; x_wconf 91' lang='lat' dir='ltr'><strong>quod</strong></span> <span class='ocrx_word' id='word_1_97' title='bbox 1054 1618 1122 1673; x_wconf 89' lang='lat' dir='ltr'><strong>de</strong></span> <span class='ocrx_word' id='word_1_98' title='bbox 1153 1627 1296 1674; x_wconf 88' lang='lat' dir='ltr'><strong>terra</strong></span> <span class='ocrx_word' id='word_1_99' title='bbox 1324 1617 1574 1689; x_wconf 72' lang='lat' dir='ltr'><strong>.IEgypti,</strong></span> <span class='ocrx_word' id='word_1_100' title='bbox 1605 1618 1756 1673; x_wconf 82' lang='lat' dir='ltr'><strong>velut</strong></span> <span class='ocrx_word' id='word_1_101' title='bbox 1793 1620 1861 1673; x_wconf 91' lang='lat' dir='ltr'><strong>de</strong></span> <span class='ocrx_word' id='word_1_102' title='bbox 1901 1629 1981 1674; x_wconf 90' lang='lat' dir='ltr'><strong>te-</strong></span> 
     </span>
    </p>
   </div>
   <div class='ocr_carea' id='block_1_17' title="bbox 407 1710 1984 1781">
    <p class='ocr_par' dir='ltr' id='par_1_17' title="bbox 407 1710 1984 1781">
     <span class='ocr_line' id='line_1_17' title="bbox 407 1710 1984 1781; baseline -0.002 -15"><span class='ocrx_word' id='word_1_103' title='bbox 407 1712 593 1766; x_wconf 89' lang='lat' dir='ltr'><strong>nebris</strong></span> <span class='ocrx_word' id='word_1_104' title='bbox 634 1719 1006 1780; x_wconf 88' lang='lat' dir='ltr'><strong>peccatorum,</strong></span> <span class='ocrx_word' id='word_1_105' title='bbox 1036 1711 1194 1780; x_wconf 88' lang='lat' dir='ltr'><strong>quasi</strong></span> <span class='ocrx_word' id='word_1_106' title='bbox 1226 1726 1320 1781; x_wconf 88' lang='lat' dir='ltr'><strong>per</strong></span> <span class='ocrx_word' id='word_1_107' title='bbox 1349 1710 1551 1764; x_wconf 78' lang='lat' dir='ltr'><strong>fontem</strong></span> <span class='ocrx_word' id='word_1_108' title='bbox 1582 1711 1858 1779; x_wconf 88' lang='lat' dir='ltr'><strong>baptismi,</strong></span> <span class='ocrx_word' id='word_1_109' title='bbox 1888 1726 1984 1780; x_wconf 87' lang='lat' dir='ltr'><strong>per</strong></span> 
     </span>
    </p>
   </div>
   <div class='ocr_carea' id='block_1_18' title="bbox 406 1802 1981 1873">
    <p class='ocr_par' dir='ltr' id='par_1_18' title="bbox 406 1802 1981 1873">
     <span class='ocr_line' id='line_1_18' title="bbox 406 1802 1981 1873; baseline -0.003 -15"><span class='ocrx_word' id='word_1_110' title='bbox 406 1819 560 1858; x_wconf 86' lang='lat' dir='ltr'><strong>mare</strong></span> <span class='ocrx_word' id='word_1_111' title='bbox 585 1803 832 1857; x_wconf 82' lang='lat' dir='ltr'><strong>Rubrum</strong></span> <span class='ocrx_word' id='word_1_112' title='bbox 867 1804 1104 1873; x_wconf 86' lang='lat' dir='ltr'><strong>populus</strong></span> <span class='ocrx_word' id='word_1_113' title='bbox 1137 1803 1301 1858; x_wconf 80' lang='lat' dir='ltr'><strong>fuerit</strong></span> <span class='ocrx_word' id='word_1_114' title='bbox 1345 1802 1630 1857; x_wconf 90' lang='lat' dir='ltr'><strong>liberatus.</strong></span> <span class='ocrx_word' id='word_1_115' title='bbox 1662 1802 1844 1857; x_wconf 90' lang='lat' dir='ltr'><strong>Tertia</strong></span> <span class='ocrx_word' id='word_1_116' title='bbox 1870 1802 1981 1873; x_wconf 79' lang='grc' dir='ltr'><strong>(Π)</strong></span> 
     </span>
    </p>
   </div>
   <div class='ocr_carea' id='block_1_19' title="bbox 2096 612 3673 685">
    <p class='ocr_par' dir='ltr' id='par_1_19' title="bbox 2096 612 3673 685">
     <span class='ocr_line' id='line_1_19' title="bbox 2096 612 3673 685; baseline 0.003 -18"><span class='ocrx_word' id='word_1_117' title='bbox 2096 623 2332 668; x_wconf 86' lang='lat' dir='ltr'><strong>xerunt:</strong></span> <span class='ocrx_word' id='word_1_118' title='bbox 2359 612 2481 668; x_wconf 84' lang='lat' dir='ltr'><strong>Jam</strong></span> <span class='ocrx_word' id='word_1_119' title='bbox 2515 614 2767 683; x_wconf 88' lang='lat' dir='ltr'><strong>superius</strong></span> <span class='ocrx_word' id='word_1_120' title='bbox 2799 614 3051 671; x_wconf 83' lang='lat' dir='ltr'><strong>dedimus</strong></span> <span class='ocrx_word' id='word_1_121' title='bbox 3083 631 3430 684; x_wconf 87' lang='lat' dir='ltr'><strong>responsum,</strong></span> <span class='ocrx_word' id='word_1_122' title='bbox 3467 616 3673 685; x_wconf 86' lang='lat' dir='ltr'><strong>princi-</strong></span> 
     </span>
    </p>
   </div>
   <div class='ocr_carea' id='block_1_20' title="bbox 2092 705 3668 775">
    <p class='ocr_par' dir='ltr' id='par_1_20' title="bbox 2092 705 3668 775">
     <span class='ocr_line' id='line_1_20' title="bbox 2092 705 3668 775; baseline 0.002 -16"><span class='ocrx_word' id='word_1_123' title='bbox 2092 707 2242 775; x_wconf 89' lang='lat' dir='ltr'><strong>pium</strong></span> <span class='ocrx_word' id='word_1_124' title='bbox 2280 705 2469 761; x_wconf 90' lang='lat' dir='ltr'><strong>mundi</strong></span> <span class='ocrx_word' id='word_1_125' title='bbox 2516 720 2640 761; x_wconf 89' lang='lat' dir='ltr'><strong>esse</strong></span> <span class='ocrx_word' id='word_1_126' title='bbox 2672 707 3101 775; x_wconf 70' lang='lat' dir='ltr'><strong>aequinoctium,</strong></span> <span class='ocrx_word' id='word_1_127' title='bbox 3150 724 3249 761; x_wconf 83' lang='lat' dir='ltr'><strong>vm</strong></span> <span class='ocrx_word' id='word_1_128' title='bbox 3299 706 3668 763; x_wconf 83' lang='lat' dir='ltr'><strong>Kalendarum</strong></span> 
     </span>
    </p>
   </div>
   <div class='ocr_carea' id='block_1_21' title="bbox 2092 796 3672 868">
    <p class='ocr_par' dir='ltr' id='par_1_21' title="bbox 2092 796 3672 868">
     <span class='ocr_line' id='line_1_21' title="bbox 2092 796 3672 868; baseline 0.001 -17"><span class='ocrx_word' id='word_1_129' title='bbox 2092 798 2387 868; x_wconf 83' lang='lat' dir='ltr'><strong>Aprilium.</strong></span> <span class='ocrx_word' id='word_1_130' title='bbox 2422 796 2489 851; x_wconf 89' lang='lat' dir='ltr'><strong>Et</strong></span> <span class='ocrx_word' id='word_1_131' title='bbox 2521 798 2589 851; x_wconf 90' lang='lat' dir='ltr'><strong>ab</strong></span> <span class='ocrx_word' id='word_1_132' title='bbox 2624 814 2721 852; x_wconf 85' lang='lat' dir='ltr'><strong>vm</strong></span> <span class='ocrx_word' id='word_1_133' title='bbox 2756 796 3121 852; x_wconf 90' lang='lat' dir='ltr'><strong>Kalendarum</strong></span> <span class='ocrx_word' id='word_1_134' title='bbox 3154 798 3422 868; x_wconf 84' lang='lat' dir='ltr'><strong>Aprilium</strong></span> <span class='ocrx_word' id='word_1_135' title='bbox 3444 838 3458 862; x_wconf 91' lang='lat'><strong>,</strong></span> <span class='ocrx_word' id='word_1_136' title='bbox 3496 815 3672 868; x_wconf 83' lang='lat' dir='ltr'><strong>usque</strong></span> 
     </span>
    </p>
   </div>
   <div class='ocr_carea' id='block_1_22' title="bbox 2092 887 3670 958">
    <p class='ocr_par' dir='ltr' id='par_1_22' title="bbox 2092 887 3670 958">
     <span class='ocr_line' id='line_1_22' title="bbox 2092 887 3670 958; baseline -0.001 -13"><span class='ocrx_word' id='word_1_137' title='bbox 2092 891 2147 945; x_wconf 90' lang='lat' dir='ltr'><strong>in</strong></span> <span class='ocrx_word' id='word_1_138' title='bbox 2183 898 2436 945; x_wconf 85' lang='lat' dir='ltr'><strong>octavum</strong></span> <span class='ocrx_word' id='word_1_139' title='bbox 2476 887 2750 944; x_wconf 88' lang='lat' dir='ltr'><strong>Kalendas</strong></span> <span class='ocrx_word' id='word_1_140' title='bbox 2783 888 2987 956; x_wconf 86' lang='lat' dir='ltr'><strong>Maias,</strong></span> <span class='ocrx_word' id='word_1_141' title='bbox 3032 890 3263 958; x_wconf 82' lang='lat' dir='ltr'><strong>legimus</strong></span> <span class='ocrx_word' id='word_1_142' title='bbox 3307 905 3427 944; x_wconf 85' lang='lat' dir='ltr'><strong>esse</strong></span> <span class='ocrx_word' id='word_1_143' title='bbox 3472 906 3670 945; x_wconf 90' lang='lat' dir='ltr'><strong>conse-</strong></span> 
     </span>
    </p>
   </div>
   <div class='ocr_carea' id='block_1_23' title="bbox 2090 977 3670 1049">
    <p class='ocr_par' dir='ltr' id='par_1_23' title="bbox 2090 977 3670 1049">
     <span class='ocr_line' id='line_1_23' title="bbox 2090 977 3670 1049; baseline -0.002 -13"><span class='ocrx_word' id='word_1_144' title='bbox 2090 992 2271 1037; x_wconf 91' lang='lat' dir='ltr'><strong>cratas</strong></span> <span class='ocrx_word' id='word_1_145' title='bbox 2297 981 2431 1049; x_wconf 70' lang='lat'><strong>(20).</strong></span> <span class='ocrx_word' id='word_1_146' title='bbox 2469 979 2804 1048; x_wconf 89' lang='lat' dir='ltr'><strong>Theophilus</strong></span> <span class='ocrx_word' id='word_1_147' title='bbox 2830 979 3099 1047; x_wconf 83' lang='lat' dir='ltr'><strong>episcopis</strong></span> <span class='ocrx_word' id='word_1_148' title='bbox 3130 978 3267 1032; x_wconf 84' lang='lat' dir='ltr'><strong>dixit</strong></span> <span class='ocrx_word' id='word_1_149' title='bbox 3302 999 3313 1033; x_wconf 91' lang='lat'>:</span> <span class='ocrx_word' id='word_1_150' title='bbox 3341 977 3408 1031; x_wconf 87' lang='lat' dir='ltr'><strong>Et</strong></span> <span class='ocrx_word' id='word_1_151' title='bbox 3441 978 3670 1047; x_wconf 85' lang='lat' dir='ltr'><strong>impium</strong></span> 
     </span>
    </p>
   </div>
   <div class='ocr_carea' id='block_1_24' title="bbox 2090 1070 3669 1140">
    <p class='ocr_par' dir='ltr' id='par_1_24' title="bbox 2090 1070 3669 1140">
     <span class='ocr_line' id='line_1_24' title="bbox 2090 1070 3669 1140; baseline -0.001 -14"><span class='ocrx_word' id='word_1_152' title='bbox 2090 1088 2198 1126; x_wconf 90' lang='lat' dir='ltr'><strong>non</strong></span> <span class='ocrx_word' id='word_1_153' title='bbox 2233 1080 2349 1138; x_wconf 91' lang='lat' dir='ltr'><strong>est,</strong></span> <span class='ocrx_word' id='word_1_154' title='bbox 2384 1080 2445 1126; x_wconf 88' lang='lat' dir='ltr'><strong>ut</strong></span> <span class='ocrx_word' id='word_1_155' title='bbox 2492 1071 2679 1140; x_wconf 89' lang='lat' dir='ltr'><strong>passio</strong></span> <span class='ocrx_word' id='word_1_156' title='bbox 2704 1070 3010 1136; x_wconf 87' lang='lat' dir='ltr'><strong>Dominica,</strong></span> <span class='ocrx_word' id='word_1_157' title='bbox 3069 1078 3280 1125; x_wconf 90' lang='lat' dir='ltr'><strong>tantum</strong></span> <span class='ocrx_word' id='word_1_158' title='bbox 3336 1070 3669 1125; x_wconf 83' lang='lat' dir='ltr'><strong>sacramenti</strong></span> 
     </span>
    </p>
   </div>
   <div class='ocr_carea' id='block_1_25' title="bbox 2089 1161 3669 1236">
    <p class='ocr_par' dir='ltr' id='par_1_25' title="bbox 2089 1161 3669 1236">
     <span class='ocr_line' id='line_1_25' title="bbox 2089 1161 3669 1236; baseline -0.003 -17"><span class='ocrx_word' id='word_1_159' title='bbox 2089 1165 2453 1236; x_wconf 87' lang='lat' dir='ltr'><strong>mysterium,</strong></span> <span class='ocrx_word' id='word_1_160' title='bbox 2508 1173 2661 1217; x_wconf 83' lang='lat' dir='ltr'><strong>extra</strong></span> <span class='ocrx_word' id='word_1_161' title='bbox 2719 1164 2946 1217; x_wconf 89' lang='lat' dir='ltr'><strong>limitem</strong></span> <span class='ocrx_word' id='word_1_162' title='bbox 3004 1163 3387 1216; x_wconf 74' lang='lat' dir='ltr'><strong>excludatur?</strong></span> <span class='ocrx_word' id='word_1_163' title='bbox 3470 1161 3669 1216; x_wconf 89' lang='lat' dir='ltr'><strong>Passus</strong></span> 
     </span>
    </p>
   </div>
   <div class='ocr_carea' id='block_1_26' title="bbox 2087 1254 3666 1327">
    <p class='ocr_par' dir='ltr' id='par_1_26' title="bbox 2087 1254 3666 1327">
     <span class='ocr_line' id='line_1_26' title="bbox 2087 1254 3666 1327; baseline -0.001 -19"><span class='ocrx_word' id='word_1_164' title='bbox 2087 1272 2310 1327; x_wconf 80' lang='lat' dir='ltr'><strong>namque</strong></span> <span class='ocrx_word' id='word_1_165' title='bbox 2341 1265 2417 1309; x_wconf 84' lang='lat' dir='ltr'><strong>est</strong></span> <span class='ocrx_word' id='word_1_166' title='bbox 2463 1254 2723 1309; x_wconf 79' lang='lat' dir='ltr'><strong>Dominus</strong></span> <span class='ocrx_word' id='word_1_167' title='bbox 2753 1255 2818 1308; x_wconf 92' lang='lat' dir='ltr'><strong>ab</strong></span> <span class='ocrx_word' id='word_1_168' title='bbox 2847 1254 3122 1309; x_wconf 85' lang='lat' dir='ltr'><strong>undecimo</strong></span> <span class='ocrx_word' id='word_1_169' title='bbox 3146 1254 3419 1309; x_wconf 87' lang='lat' dir='ltr'><strong>Kalendas</strong></span> <span class='ocrx_word' id='word_1_170' title='bbox 3442 1254 3666 1324; x_wconf 75' lang='lat' dir='ltr'><strong>Aprilis,</strong></span> 
     </span>
    </p>
   </div>
   <div class='ocr_carea' id='block_1_27' title="bbox 2085 1344 3672 1416">
    <p class='ocr_par' dir='ltr' id='par_1_27' title="bbox 2085 1344 3672 1416">
     <span class='ocr_line' id='line_1_27' title="bbox 2085 1344 3672 1416; baseline 0.001 -18"><span class='ocrx_word' id='word_1_171' title='bbox 2085 1362 2189 1416; x_wconf 89' lang='lat' dir='ltr'><strong>qua</strong></span> <span class='ocrx_word' id='word_1_172' title='bbox 2218 1355 2369 1400; x_wconf 86' lang='lat' dir='ltr'><strong>nocte</strong></span> <span class='ocrx_word' id='word_1_173' title='bbox 2407 1364 2438 1398; x_wconf 94' lang='lat' dir='ltr'><strong>a</strong></span> <span class='ocrx_word' id='word_1_174' title='bbox 2458 1344 2493 1398; x_wconf 86' lang='lat' dir='ltr'><strong><em>J</em></strong></span> <span class='ocrx_word' id='word_1_175' title='bbox 2501 1346 2603 1399; x_wconf 88' lang='lat' dir='ltr'><strong>uda</strong></span> <span class='ocrx_word' id='word_1_176' title='bbox 2633 1356 2710 1399; x_wconf 83' lang='lat' dir='ltr'><strong>est</strong></span> <span class='ocrx_word' id='word_1_177' title='bbox 2754 1346 3008 1409; x_wconf 88' lang='lat' dir='ltr'><strong>traditus,</strong></span> <span class='ocrx_word' id='word_1_178' title='bbox 3035 1355 3085 1398; x_wconf 87' lang='lat' dir='ltr'><strong>et</strong></span> <span class='ocrx_word' id='word_1_179' title='bbox 3108 1346 3177 1398; x_wconf 92' lang='lat' dir='ltr'><strong>ad</strong></span> <span class='ocrx_word' id='word_1_180' title='bbox 3201 1356 3443 1399; x_wconf 86' lang='lat' dir='ltr'><strong>octavum</strong></span> <span class='ocrx_word' id='word_1_181' title='bbox 3465 1344 3672 1399; x_wconf 85' lang='lat' dir='ltr'><strong>Kalen-</strong></span> 
     </span>
    </p>
   </div>
   <div class='ocr_carea' id='block_1_28' title="bbox 2086 1436 3669 1507">
    <p class='ocr_par' dir='ltr' id='par_1_28' title="bbox 2086 1436 3669 1507">
     <span class='ocr_line' id='line_1_28' title="bbox 2086 1436 3669 1507; baseline 0.001 -18"><span class='ocrx_word' id='word_1_182' title='bbox 2086 1437 2185 1491; x_wconf 90' lang='lat' dir='ltr'><strong>das</strong></span> <span class='ocrx_word' id='word_1_183' title='bbox 2230 1437 2432 1507; x_wconf 82' lang='lat' dir='ltr'><strong>Aprilis</strong></span> <span class='ocrx_word' id='word_1_184' title='bbox 2480 1438 2794 1492; x_wconf 79' lang='lat' dir='ltr'><strong>resurrexit.</strong></span> <span class='ocrx_word' id='word_1_185' title='bbox 2853 1436 3139 1503; x_wconf 83' lang='lat' dir='ltr'><strong>Quomodo</strong></span> <span class='ocrx_word' id='word_1_186' title='bbox 3194 1453 3323 1507; x_wconf 81' lang='lat' dir='ltr'><strong>ergo</strong></span> <span class='ocrx_word' id='word_1_187' title='bbox 3387 1446 3497 1491; x_wconf 89' lang='lat' dir='ltr'><strong>tres</strong></span> <span class='ocrx_word' id='word_1_188' title='bbox 3547 1438 3669 1492; x_wconf 87' lang='lat' dir='ltr'><strong>dies</strong></span> 
     </span>
    </p>
   </div>
   <div class='ocr_carea' id='block_1_29' title="bbox 2085 1529 3671 1599">
    <p class='ocr_par' dir='ltr' id='par_1_29' title="bbox 2085 1529 3671 1599">
     <span class='ocr_line' id='line_1_29' title="bbox 2085 1529 3671 1599; baseline 0 -14"><span class='ocrx_word' id='word_1_189' title='bbox 2085 1540 2237 1585; x_wconf 80' lang='lat' dir='ltr'><strong>extra</strong></span> <span class='ocrx_word' id='word_1_190' title='bbox 2300 1531 2594 1585; x_wconf 87' lang='lat' dir='ltr'><strong>terminum</strong></span> <span class='ocrx_word' id='word_1_191' title='bbox 2662 1530 3080 1585; x_wconf 87' lang='lat' dir='ltr'><strong>excluduntur?</strong></span> <span class='ocrx_word' id='word_1_192' title='bbox 3153 1529 3357 1585; x_wconf 88' lang='lat' dir='ltr'><strong>Omnes</strong></span> <span class='ocrx_word' id='word_1_193' title='bbox 3428 1529 3671 1599; x_wconf 84' lang='lat' dir='ltr'><strong>episcopi</strong></span> 
     </span>
    </p>
   </div>
   <div class='ocr_carea' id='block_1_30' title="bbox 2085 1620 3667 1688">
    <p class='ocr_par' dir='ltr' id='par_1_30' title="bbox 2085 1620 3667 1688">
     <span class='ocr_line' id='line_1_30' title="bbox 2085 1620 3667 1688; baseline -0.003 -10"><span class='ocrx_word' id='word_1_194' title='bbox 2085 1624 2342 1678; x_wconf 82' lang='lat' dir='ltr'><strong>dixerunt</strong></span> <span class='ocrx_word' id='word_1_195' title='bbox 2382 1641 2397 1679; x_wconf 88' lang='lat'><strong>:</strong></span> <span class='ocrx_word' id='word_1_196' title='bbox 2442 1621 2601 1677; x_wconf 87' lang='lat' dir='ltr'><strong>Nulla</strong></span> <span class='ocrx_word' id='word_1_197' title='bbox 2666 1624 2882 1677; x_wconf 86' lang='lat' dir='ltr'><strong>ratione</strong></span> <span class='ocrx_word' id='word_1_198' title='bbox 2940 1621 3058 1676; x_wconf 82' lang='lat' dir='ltr'><strong>ﬁeri</strong></span> <span class='ocrx_word' id='word_1_199' title='bbox 3113 1620 3294 1688; x_wconf 90' lang='lat' dir='ltr'><strong>debet,</strong></span> <span class='ocrx_word' id='word_1_200' title='bbox 3342 1629 3401 1674; x_wconf 93' lang='lat' dir='ltr'><strong>ut</strong></span> <span class='ocrx_word' id='word_1_201' title='bbox 3454 1630 3667 1674; x_wconf 88' lang='lat' dir='ltr'><strong>tantum</strong></span> 
     </span>
    </p>
   </div>
   <div class='ocr_carea' id='block_1_31' title="bbox 2085 1712 3669 1779">
    <p class='ocr_par' dir='ltr' id='par_1_31' title="bbox 2085 1712 3669 1779">
     <span class='ocr_line' id='line_1_31' title="bbox 2085 1712 3669 1779; baseline -0.002 -9"><span class='ocrx_word' id='word_1_202' title='bbox 2085 1726 2490 1770; x_wconf 88' lang='lat' dir='ltr'><strong>sacramentum</strong></span> <span class='ocrx_word' id='word_1_203' title='bbox 2518 1724 2672 1770; x_wconf 83' lang='lat' dir='ltr'><strong>extra</strong></span> <span class='ocrx_word' id='word_1_204' title='bbox 2700 1715 2927 1769; x_wconf 89' lang='lat' dir='ltr'><strong>limitem</strong></span> <span class='ocrx_word' id='word_1_205' title='bbox 2960 1714 3315 1779; x_wconf 82' lang='lat' dir='ltr'><strong>excludatur;</strong></span> <span class='ocrx_word' id='word_1_206' title='bbox 3351 1714 3446 1767; x_wconf 89' lang='lat' dir='ltr'><strong>sed</strong></span> <span class='ocrx_word' id='word_1_207' title='bbox 3473 1712 3527 1766; x_wconf 89' lang='lat' dir='ltr'><strong>hi</strong></span> <span class='ocrx_word' id='word_1_208' title='bbox 3557 1723 3669 1767; x_wconf 87' lang='lat' dir='ltr'><strong>tres</strong></span> 
     </span>
    </p>
   </div>
   <div class='ocr_carea' id='block_1_32' title="bbox 2083 1805 3669 1869">
    <p class='ocr_par' dir='ltr' id='par_1_32' title="bbox 2083 1805 3669 1869">
     <span class='ocr_line' id='line_1_32' title="bbox 2083 1805 3669 1869; baseline -0.003 -8"><span class='ocrx_word' id='word_1_209' title='bbox 2083 1807 2201 1862; x_wconf 90' lang='lat' dir='ltr'><strong>dies</strong></span> <span class='ocrx_word' id='word_1_210' title='bbox 2256 1808 2397 1863; x_wconf 83' lang='lat' dir='ltr'><strong>intra</strong></span> <span class='ocrx_word' id='word_1_211' title='bbox 2451 1809 2744 1863; x_wconf 90' lang='lat' dir='ltr'><strong>terminum</strong></span> <span class='ocrx_word' id='word_1_212' title='bbox 2805 1806 3174 1869; x_wconf 89' lang='lat' dir='ltr'><strong>inducantur,</strong></span> <span class='ocrx_word' id='word_1_213' title='bbox 3227 1815 3281 1860; x_wconf 91' lang='lat' dir='ltr'><strong>et</strong></span> <span class='ocrx_word' id='word_1_214' title='bbox 3325 1805 3525 1859; x_wconf 89' lang='lat' dir='ltr'><strong>deinde</strong></span> <span class='ocrx_word' id='word_1_215' title='bbox 3576 1820 3669 1858; x_wconf 83' lang='lat' dir='ltr'><strong>us-</strong></span> 
     </span>
    </p>
   </div>
   <div class='ocr_carea' id='block_1_33' title="bbox 405 1894 3668 1969">
    <p class='ocr_par' dir='ltr' id='par_1_33' title="bbox 405 1894 3668 1969">
     <span class='ocr_line' id='line_1_33' title="bbox 405 1894 3668 1969; baseline -0.001 -20"><span class='ocrx_word' id='word_1_216' title='bbox 405 1896 484 1949; x_wconf 92' lang='lat' dir='ltr'><strong>illi</strong></span> <span class='ocrx_word' id='word_1_217' title='bbox 531 1894 839 1950; x_wconf 87' lang='lat' dir='ltr'><strong>benedictio</strong></span> <span class='ocrx_word' id='word_1_218' title='bbox 880 1904 981 1960; x_wconf 87' lang='lat' dir='ltr'><strong>est,</strong></span> <span class='ocrx_word' id='word_1_219' title='bbox 1030 1895 1159 1964; x_wconf 91' lang='lat' dir='ltr'><strong>quia</strong></span> <span class='ocrx_word' id='word_1_220' title='bbox 1224 1896 1279 1948; x_wconf 93' lang='lat' dir='ltr'><strong>in</strong></span> <span class='ocrx_word' id='word_1_221' title='bbox 1327 1896 1519 1949; x_wconf 89' lang='lat' dir='ltr'><strong>eodem</strong></span> <span class='ocrx_word' id='word_1_222' title='bbox 1585 1895 1675 1948; x_wconf 88' lang='lat' dir='ltr'><strong>die</strong></span> <span class='ocrx_word' id='word_1_223' title='bbox 1741 1895 1981 1948; x_wconf 72' lang='lat' dir='ltr'><strong>cmlestis</strong></span> <span class='ocrx_word' id='word_1_224' title='bbox 2017 1894 2056 1947; x_wconf 86' lang='grc' dir='ltr'>Β</span> <span class='ocrx_word' id='word_1_225' title='bbox 2086 1915 2193 1969; x_wconf 78' lang='lat' dir='ltr'><strong>que</strong></span> <span class='ocrx_word' id='word_1_226' title='bbox 2236 1902 2290 1955; x_wconf 81' lang='lat' dir='ltr'><strong>in</strong></span> <span class='ocrx_word' id='word_1_227' title='bbox 2329 1900 2678 1955; x_wconf 78' lang='lat' dir='ltr'><strong>undecimum</strong></span> <span class='ocrx_word' id='word_1_228' title='bbox 2741 1898 3013 1954; x_wconf 78' lang='lat' dir='ltr'><strong>Kalendas</strong></span> <span class='ocrx_word' id='word_1_229' title='bbox 3066 1898 3193 1952; x_wconf 85' lang='lat' dir='ltr'><strong>Maii</strong></span> <span class='ocrx_word' id='word_1_230' title='bbox 3244 1897 3433 1952; x_wconf 83' lang='lat' dir='ltr'><strong>subter</strong></span> <span class='ocrx_word' id='word_1_231' title='bbox 3492 1905 3668 1951; x_wconf 86' lang='lat' dir='ltr'><strong>retra-</strong></span> 
     </span>
    </p>
   </div>
   <div class='ocr_carea' id='block_1_34' title="bbox 405 1986 1983 2052">
    <p class='ocr_par' dir='ltr' id='par_1_34' title="bbox 405 1986 1983 2052">
     <span class='ocr_line' id='line_1_34' title="bbox 405 1986 1983 2052; baseline -0.001 -9"><span class='ocrx_word' id='word_1_232' title='bbox 405 1988 581 2052; x_wconf 89' lang='lat' dir='ltr'><strong>cibus,</strong></span> <span class='ocrx_word' id='word_1_233' title='bbox 620 1986 818 2041; x_wconf 83' lang='lat' dir='ltr'><strong>Manna</strong></span> <span class='ocrx_word' id='word_1_234' title='bbox 848 1987 1165 2041; x_wconf 89' lang='lat' dir='ltr'><strong>hominibus</strong></span> <span class='ocrx_word' id='word_1_235' title='bbox 1198 1987 1383 2041; x_wconf 88' lang='lat' dir='ltr'><strong>datum</strong></span> <span class='ocrx_word' id='word_1_236' title='bbox 1413 1995 1515 2042; x_wconf 91' lang='lat' dir='ltr'><strong>est.</strong></span> <span class='ocrx_word' id='word_1_237' title='bbox 1542 1986 1747 2052; x_wconf 88' lang='lat' dir='ltr'><strong>Quarta</strong></span> <span class='ocrx_word' id='word_1_238' title='bbox 1775 1988 1851 2040; x_wconf 90' lang='lat' dir='ltr'><strong>illi</strong></span> <span class='ocrx_word' id='word_1_239' title='bbox 1883 1987 1983 2041; x_wconf 88' lang='lat' dir='ltr'><strong>be-</strong></span> 
     </span>
    </p>
   </div>
   <div class='ocr_carea' id='block_1_35' title="bbox 403 2077 1984 2149">
    <p class='ocr_par' dir='ltr' id='par_1_35' title="bbox 403 2077 1984 2149">
     <span class='ocr_line' id='line_1_35' title="bbox 403 2077 1984 2149; baseline -0.001 -17"><span class='ocrx_word' id='word_1_240' title='bbox 403 2078 647 2133; x_wconf 88' lang='lat' dir='ltr'><strong>nedictio</strong></span> <span class='ocrx_word' id='word_1_241' title='bbox 672 2088 777 2143; x_wconf 91' lang='lat' dir='ltr'><strong>cst,</strong></span> <span class='ocrx_word' id='word_1_242' title='bbox 809 2078 934 2146; x_wconf 89' lang='lat' dir='ltr'><strong>quia</strong></span> <span class='ocrx_word' id='word_1_243' title='bbox 964 2078 1176 2149; x_wconf 82' lang='lat' dir='ltr'><strong>Moyses</strong></span> <span class='ocrx_word' id='word_1_244' title='bbox 1212 2079 1437 2133; x_wconf 87' lang='lat' dir='ltr'><strong>mandat</strong></span> <span class='ocrx_word' id='word_1_245' title='bbox 1466 2078 1533 2132; x_wconf 91' lang='lat' dir='ltr'><strong>ad</strong></span> <span class='ocrx_word' id='word_1_246' title='bbox 1566 2079 1824 2147; x_wconf 92' lang='lat' dir='ltr'><strong>populum</strong></span> <span class='ocrx_word' id='word_1_247' title='bbox 1860 2098 1872 2133; x_wconf 91' lang='lat'><strong>:</strong></span> <span class='ocrx_word' id='word_1_248' title='bbox 1902 2077 1984 2133; x_wconf 88' lang='lat' dir='ltr'><strong>Sit</strong></span> 
     </span>
    </p>
   </div>
   <div class='ocr_carea' id='block_1_36' title="bbox 406 2171 1983 2241">
    <p class='ocr_par' dir='ltr' id='par_1_36' title="bbox 406 2171 1983 2241">
     <span class='ocr_line' id='line_1_36' title="bbox 406 2171 1983 2241; baseline 0.001 -16"><span class='ocrx_word' id='word_1_249' title='bbox 406 2172 551 2227; x_wconf 90' lang='lat' dir='ltr'><strong>vobis</strong></span> <span class='ocrx_word' id='word_1_250' title='bbox 587 2172 891 2226; x_wconf 76' lang='lat' dir='ltr'><strong>observatas</strong></span> <span class='ocrx_word' id='word_1_251' title='bbox 926 2172 1037 2224; x_wconf 90' lang='lat' dir='ltr'><strong>dies</strong></span> <span class='ocrx_word' id='word_1_252' title='bbox 1064 2173 1266 2241; x_wconf 88' lang='lat' dir='ltr'><strong>primus</strong></span> <span class='ocrx_word' id='word_1_253' title='bbox 1295 2183 1341 2225; x_wconf 91' lang='lat' dir='ltr'><strong>et</strong></span> <span class='ocrx_word' id='word_1_254' title='bbox 1369 2173 1681 2226; x_wconf 86' lang='lat' dir='ltr'><strong>novissimus</strong></span> <span class='ocrx_word' id='word_1_255' title='bbox 1708 2174 1749 2225; x_wconf 79' lang='grc'><strong>⁸.</strong></span> <span class='ocrx_word' id='word_1_256' title='bbox 1782 2171 1983 2238; x_wconf 85' lang='lat' dir='ltr'><strong>Quinta</strong></span> 
     </span>
    </p>
   </div>
   <div class='ocr_carea' id='block_1_37' title="bbox 403 2264 1983 2334">
    <p class='ocr_par' dir='ltr' id='par_1_37' title="bbox 403 2264 1983 2334">
     <span class='ocr_line' id='line_1_37' title="bbox 403 2264 1983 2334; baseline -0.001 -16"><span class='ocrx_word' id='word_1_257' title='bbox 403 2265 481 2318; x_wconf 89' lang='lat' dir='ltr'><strong>illi</strong></span> <span class='ocrx_word' id='word_1_258' title='bbox 518 2264 822 2318; x_wconf 87' lang='lat' dir='ltr'><strong>benedictio</strong></span> <span class='ocrx_word' id='word_1_259' title='bbox 875 2275 989 2328; x_wconf 88' lang='lat' dir='ltr'><strong>est,</strong></span> <span class='ocrx_word' id='word_1_260' title='bbox 1036 2272 1095 2318; x_wconf 90' lang='lat' dir='ltr'><strong>ut</strong></span> <span class='ocrx_word' id='word_1_261' title='bbox 1159 2264 1272 2334; x_wconf 83' lang='lat' dir='ltr'><strong>(l8)</strong></span> <span class='ocrx_word' id='word_1_262' title='bbox 1324 2265 1380 2317; x_wconf 93' lang='lat' dir='ltr'><strong>in</strong></span> <span class='ocrx_word' id='word_1_263' title='bbox 1421 2266 1721 2319; x_wconf 89' lang='lat' dir='ltr'><strong>centesimo</strong></span> <span class='ocrx_word' id='word_1_264' title='bbox 1770 2264 1983 2319; x_wconf 91' lang='lat' dir='ltr'><strong>decimo</strong></span> 
     </span>
    </p>
   </div>
   <div class='ocr_carea' id='block_1_38' title="bbox 402 2354 1983 2425">
    <p class='ocr_par' dir='ltr' id='par_1_38' title="bbox 402 2354 1983 2425">
     <span class='ocr_line' id='line_1_38' title="bbox 402 2354 1983 2425; baseline -0.001 -13"><span class='ocrx_word' id='word_1_265' title='bbox 402 2356 638 2425; x_wconf 86' lang='lat' dir='ltr'><strong>septimo</strong></span> <span class='ocrx_word' id='word_1_266' title='bbox 678 2355 891 2424; x_wconf 89' lang='lat' dir='ltr'><strong>psalmo</strong></span> <span class='ocrx_word' id='word_1_267' title='bbox 933 2355 1132 2409; x_wconf 89' lang='lat' dir='ltr'><strong>dicitur</strong></span> <span class='ocrx_word' id='word_1_268' title='bbox 1167 2372 1180 2407; x_wconf 76' lang='grc' dir='ltr'>ε</span> <span class='ocrx_word' id='word_1_269' title='bbox 1216 2354 1692 2411; x_wconf 87' lang='lat' dir='ltr'><strong>Circumdederunt</strong></span> <span class='ocrx_word' id='word_1_270' title='bbox 1730 2373 1810 2410; x_wconf 89' lang='lat' dir='ltr'><strong>me</strong></span> <span class='ocrx_word' id='word_1_271' title='bbox 1843 2358 1983 2410; x_wconf 84' lang='lat' dir='ltr'><strong>sicut</strong></span> 
     </span>
    </p>
   </div>
   <div class='ocr_carea' id='block_1_39' title="bbox 402 2446 1983 2517">
    <p class='ocr_par' dir='ltr' id='par_1_39' title="bbox 402 2446 1983 2517">
     <span class='ocr_line' id='line_1_39' title="bbox 402 2446 1983 2517; baseline 0.003 -18"><span class='ocrx_word' id='word_1_272' title='bbox 402 2462 525 2513; x_wconf 88' lang='lat' dir='ltr'><strong>apes</strong></span> <span class='ocrx_word' id='word_1_273' title='bbox 562 2446 771 2515; x_wconf 86' lang='lat' dir='ltr'><strong>favum,</strong></span> <span class='ocrx_word' id='word_1_274' title='bbox 809 2455 859 2499; x_wconf 90' lang='lat' dir='ltr'><strong>et</strong></span> <span class='ocrx_word' id='word_1_275' title='bbox 894 2456 1204 2499; x_wconf 77' lang='lat' dir='ltr'><strong>exarserunt</strong></span> <span class='ocrx_word' id='word_1_276' title='bbox 1240 2449 1376 2500; x_wconf 88' lang='lat' dir='ltr'><strong>sicut</strong></span> <span class='ocrx_word' id='word_1_277' title='bbox 1400 2448 1535 2517; x_wconf 83' lang='lat' dir='ltr'><strong>ignis</strong></span> <span class='ocrx_word' id='word_1_278' title='bbox 1558 2450 1613 2500; x_wconf 90' lang='lat' dir='ltr'><strong>in</strong></span> <span class='ocrx_word' id='word_1_279' title='bbox 1640 2450 1805 2516; x_wconf 84' lang='lat' dir='ltr'><strong>spinis</strong></span> <span class='ocrx_word' id='word_1_280' title='bbox 1828 2450 1868 2503; x_wconf 74' lang='grc'><strong>⁸.</strong></span> <span class='ocrx_word' id='word_1_281' title='bbox 1909 2448 1983 2503; x_wconf 84' lang='lat' dir='ltr'><strong>De</strong></span> 
     </span>
    </p>
   </div>
   <div class='ocr_carea' id='block_1_40' title="bbox 402 2537 1981 2599">
    <p class='ocr_par' dir='ltr' id='par_1_40' title="bbox 402 2537 1981 2599">
     <span class='ocr_line' id='line_1_40' title="bbox 402 2537 1981 2599; baseline 0.002 -7"><span class='ocrx_word' id='word_1_282' title='bbox 402 2538 809 2592; x_wconf 84' lang='lat' dir='ltr'><strong>resurrectione</strong></span> <span class='ocrx_word' id='word_1_283' title='bbox 855 2547 1035 2592; x_wconf 87' lang='lat' dir='ltr'><strong>autem</strong></span> <span class='ocrx_word' id='word_1_284' title='bbox 1095 2537 1314 2593; x_wconf 90' lang='lat' dir='ltr'><strong>Domini</strong></span> <span class='ocrx_word' id='word_1_285' title='bbox 1360 2539 1493 2594; x_wconf 91' lang='lat' dir='ltr'><strong>dicit</strong></span> <span class='ocrx_word' id='word_1_286' title='bbox 1530 2558 1545 2594; x_wconf 87' lang='lat'><strong>:</strong></span> <span class='ocrx_word' id='word_1_287' title='bbox 1591 2540 1721 2594; x_wconf 78' lang='lat' dir='ltr'><strong>Ha&#39;c</strong></span> <span class='ocrx_word' id='word_1_288' title='bbox 1756 2551 1832 2599; x_wconf 85' lang='lat' dir='ltr'><strong>est</strong></span> <span class='ocrx_word' id='word_1_289' title='bbox 1869 2540 1981 2595; x_wconf 88' lang='lat' dir='ltr'><strong>dies</strong></span> 
     </span>
    </p>
   </div>
   <div class='ocr_carea' id='block_1_41' title="bbox 400 2632 1982 2702">
    <p class='ocr_par' dir='ltr' id='par_1_41' title="bbox 400 2632 1982 2702">
     <span class='ocr_line' id='line_1_41' title="bbox 400 2632 1982 2702; baseline 0.003 -17"><span class='ocrx_word' id='word_1_290' title='bbox 400 2649 561 2701; x_wconf 90' lang='lat' dir='ltr'><strong>quam</strong></span> <span class='ocrx_word' id='word_1_291' title='bbox 610 2633 735 2702; x_wconf 82' lang='lat' dir='ltr'><strong>fecit</strong></span> <span class='ocrx_word' id='word_1_292' title='bbox 785 2632 1044 2687; x_wconf 78' lang='lat' dir='ltr'><strong>Dominus</strong></span> <span class='ocrx_word' id='word_1_293' title='bbox 1096 2650 1114 2687; x_wconf 91' lang='lat'><strong><em>:</em></strong></span> <span class='ocrx_word' id='word_1_294' title='bbox 1166 2635 1487 2688; x_wconf 71' lang='lat' dir='ltr'><strong>exsultemus</strong></span> <span class='ocrx_word' id='word_1_295' title='bbox 1540 2646 1589 2690; x_wconf 90' lang='lat' dir='ltr'><strong>et</strong></span> <span class='ocrx_word' id='word_1_296' title='bbox 1641 2636 1883 2690; x_wconf 63' lang='lat' dir='ltr'><strong>laetemur</strong></span> <span class='ocrx_word' id='word_1_297' title='bbox 1925 2638 1982 2689; x_wconf 86' lang='lat' dir='ltr'><strong>in</strong></span> 
     </span>
    </p>
   </div>
   <div class='ocr_carea' id='block_1_42' title="bbox 400 2722 1981 2793">
    <p class='ocr_par' dir='ltr' id='par_1_42' title="bbox 400 2722 1981 2793">
     <span class='ocr_line' id='line_1_42' title="bbox 400 2722 1981 2793; baseline 0.003 -17"><span class='ocrx_word' id='word_1_298' title='bbox 400 2738 461 2776; x_wconf 87' lang='lat' dir='ltr'><strong>ea</strong></span> <span class='ocrx_word' id='word_1_299' title='bbox 487 2722 621 2793; x_wconf 77' lang='grc'><strong>(19),</strong></span> <span class='ocrx_word' id='word_1_300' title='bbox 658 2739 822 2793; x_wconf 87' lang='lat' dir='ltr'><strong>usque</strong></span> <span class='ocrx_word' id='word_1_301' title='bbox 854 2725 924 2776; x_wconf 89' lang='lat' dir='ltr'><strong>ad</strong></span> <span class='ocrx_word' id='word_1_302' title='bbox 957 2740 1121 2777; x_wconf 88' lang='lat' dir='ltr'><strong>cornu</strong></span> <span class='ocrx_word' id='word_1_303' title='bbox 1162 2724 1355 2779; x_wconf 87' lang='lat' dir='ltr'><strong>altaris</strong></span> <span class='ocrx_word' id='word_1_304' title='bbox 1382 2726 1424 2780; x_wconf 82' lang='lat'><strong>’.</strong></span> <span class='ocrx_word' id='word_1_305' title='bbox 1458 2724 1621 2781; x_wconf 87' lang='lat' dir='ltr'><strong>Sexta</strong></span> <span class='ocrx_word' id='word_1_306' title='bbox 1654 2728 1731 2780; x_wconf 90' lang='lat' dir='ltr'><strong>illi</strong></span> <span class='ocrx_word' id='word_1_307' title='bbox 1759 2727 1981 2782; x_wconf 87' lang='lat' dir='ltr'><strong>benedi-</strong></span> 
     </span>
    </p>
   </div>
   <div class='ocr_carea' id='block_1_43' title="bbox 401 2814 1589 2884">
    <p class='ocr_par' dir='ltr' id='par_1_43' title="bbox 401 2814 1589 2884">
     <span class='ocr_line' id='line_1_43' title="bbox 401 2814 1589 2884; baseline 0.005 -16"><span class='ocrx_word' id='word_1_308' title='bbox 401 2814 533 2880; x_wconf 89' lang='lat' dir='ltr'><strong>ctio,</strong></span> <span class='ocrx_word' id='word_1_309' title='bbox 558 2814 687 2883; x_wconf 89' lang='lat' dir='ltr'><strong>quia</strong></span> <span class='ocrx_word' id='word_1_310' title='bbox 720 2815 772 2867; x_wconf 91' lang='lat' dir='ltr'><strong>in</strong></span> <span class='ocrx_word' id='word_1_311' title='bbox 807 2815 921 2884; x_wconf 90' lang='lat' dir='ltr'><strong>ipsa</strong></span> <span class='ocrx_word' id='word_1_312' title='bbox 957 2815 1218 2872; x_wconf 91' lang='lat' dir='ltr'><strong>Dominus</strong></span> <span class='ocrx_word' id='word_1_313' title='bbox 1263 2819 1589 2874; x_wconf 82' lang='lat' dir='ltr'><strong>resurrexit.</strong></span> 
     </span>
    </p>
   </div>
   <div class='ocr_carea' id='block_1_44' title="bbox 477 2903 1982 2978">
    <p class='ocr_par' dir='ltr' id='par_1_44' title="bbox 477 2903 1982 2978">
     <span class='ocr_line' id='line_1_44' title="bbox 477 2903 1982 2978; baseline 0.006 -21"><span class='ocrx_word' id='word_1_314' title='bbox 477 2903 539 2959; x_wconf 83' lang='lat' dir='ltr'><strong>V.</strong></span> <span class='ocrx_word' id='word_1_315' title='bbox 581 2926 599 2959; x_wconf 86' lang='grc'>‹</span> <span class='ocrx_word' id='word_1_316' title='bbox 646 2906 810 2961; x_wconf 69' lang='lat' dir='ltr'><strong>Vides</strong></span> <span class='ocrx_word' id='word_1_317' title='bbox 857 2907 1043 2975; x_wconf 77' lang='lat' dir='ltr'><strong>igitur,</strong></span> <span class='ocrx_word' id='word_1_318' title='bbox 1084 2910 1210 2978; x_wconf 91' lang='lat' dir='ltr'><strong>quia</strong></span> <span class='ocrx_word' id='word_1_319' title='bbox 1260 2909 1377 2964; x_wconf 90' lang='lat' dir='ltr'><strong>dies</strong></span> <span class='ocrx_word' id='word_1_320' title='bbox 1425 2912 1845 2966; x_wconf 84' lang='lat' dir='ltr'><strong>resurrectionis</strong></span> <span class='ocrx_word' id='word_1_321' title='bbox 1874 2912 1982 2967; x_wconf 93' lang='lat' dir='ltr'><strong>Do-</strong></span> 
     </span>
    </p>
   </div>
   <div class='ocr_carea' id='block_1_45' title="bbox 400 3000 1977 3073">
    <p class='ocr_par' dir='ltr' id='par_1_45' title="bbox 400 3000 1977 3073">
     <span class='ocr_line' id='line_1_45' title="bbox 400 3000 1977 3073; baseline 0.004 -19"><span class='ocrx_word' id='word_1_322' title='bbox 400 3000 641 3054; x_wconf 84' lang='lat' dir='ltr'><strong>minicus</strong></span> <span class='ocrx_word' id='word_1_323' title='bbox 687 3000 1036 3071; x_wconf 81' lang='lat' dir='ltr'><strong>singulariter</strong></span> <span class='ocrx_word' id='word_1_324' title='bbox 1081 3000 1136 3054; x_wconf 92' lang='lat' dir='ltr'><strong>in</strong></span> <span class='ocrx_word' id='word_1_325' title='bbox 1170 3000 1380 3057; x_wconf 88' lang='lat' dir='ltr'><strong>Pascha</strong></span> <span class='ocrx_word' id='word_1_326' title='bbox 1426 3003 1743 3073; x_wconf 68' lang='lat' dir='ltr'><strong>praecipitur</strong></span> <span class='ocrx_word' id='word_1_327' title='bbox 1782 3005 1977 3061; x_wconf 89' lang='lat' dir='ltr'><strong>teneri.</strong></span> 
     </span>
    </p>
   </div>
   <div class='ocr_carea' id='block_1_46' title="bbox 398 3090 1981 3165">
    <p class='ocr_par' dir='ltr' id='par_1_46' title="bbox 398 3090 1981 3165">
     <span class='ocr_line' id='line_1_46' title="bbox 398 3090 1981 3165; baseline 0.001 -19"><span class='ocrx_word' id='word_1_328' title='bbox 398 3091 736 3160; x_wconf 86' lang='lat' dir='ltr'><strong>Theophilus</strong></span> <span class='ocrx_word' id='word_1_329' title='bbox 769 3092 952 3148; x_wconf 83' lang='lat' dir='ltr'><strong>dixit:</strong></span> <span class='ocrx_word' id='word_1_330' title='bbox 1008 3090 1082 3147; x_wconf 89' lang='lat' dir='ltr'><strong>De</strong></span> <span class='ocrx_word' id='word_1_331' title='bbox 1114 3100 1359 3162; x_wconf 85' lang='lat' dir='ltr'><strong>tempore</strong></span> <span class='ocrx_word' id='word_1_332' title='bbox 1393 3100 1597 3159; x_wconf 90' lang='lat' dir='ltr'><strong>autem,</strong></span> <span class='ocrx_word' id='word_1_333' title='bbox 1634 3093 1702 3147; x_wconf 92' lang='lat' dir='ltr'><strong>ad</strong></span> <span class='ocrx_word' id='word_1_334' title='bbox 1736 3092 1981 3165; x_wconf 85' lang='lat' dir='ltr'><strong>Moysem</strong></span> 
     </span>
    </p>
   </div>
   <div class='ocr_carea' id='block_1_47' title="bbox 398 3182 1980 3239">
    <p class='ocr_par' dir='ltr' id='par_1_47' title="bbox 398 3182 1980 3239">
     <span class='ocr_line' id='line_1_47' title="bbox 398 3182 1980 3239; baseline 0.003 -4"><span class='ocrx_word' id='word_1_335' title='bbox 398 3183 716 3237; x_wconf 89' lang='lat' dir='ltr'><strong>mandatum</strong></span> <span class='ocrx_word' id='word_1_336' title='bbox 752 3191 835 3237; x_wconf 88' lang='lat' dir='ltr'><strong>est</strong></span> <span class='ocrx_word' id='word_1_337' title='bbox 867 3198 895 3237; x_wconf 90' lang='lat' dir='ltr'><strong>a</strong></span> <span class='ocrx_word' id='word_1_338' title='bbox 928 3182 1039 3238; x_wconf 89' lang='lat' dir='ltr'><strong>Deo</strong></span> <span class='ocrx_word' id='word_1_339' title='bbox 1066 3202 1079 3239; x_wconf 92' lang='lat'><strong>:</strong></span> <span class='ocrx_word' id='word_1_340' title='bbox 1112 3182 1215 3237; x_wconf 83' lang='lat' dir='ltr'><strong>Hic</strong></span> <span class='ocrx_word' id='word_1_341' title='bbox 1248 3186 1442 3238; x_wconf 87' lang='lat' dir='ltr'><strong>mensis</strong></span> <span class='ocrx_word' id='word_1_342' title='bbox 1465 3185 1565 3237; x_wconf 89' lang='lat' dir='ltr'><strong>erit</strong></span> <span class='ocrx_word' id='word_1_343' title='bbox 1590 3185 1733 3239; x_wconf 83' lang='lat' dir='ltr'><strong>vobis</strong></span> <span class='ocrx_word' id='word_1_344' title='bbox 1763 3185 1980 3239; x_wconf 88' lang='lat' dir='ltr'><strong>initium</strong></span> 
     </span>
    </p>
   </div>
   <div class='ocr_carea' id='block_1_48' title="bbox 2089 1992 2381 2064">
    <p class='ocr_par' dir='ltr' id='par_1_48' title="bbox 2089 1992 2381 2064">
     <span class='ocr_line' id='line_1_48' title="bbox 2089 1992 2381 2064; baseline 0.007 -19"><span class='ocrx_word' id='word_1_345' title='bbox 2089 1992 2219 2046; x_wconf 87' lang='lat' dir='ltr'><strong>here</strong></span> <span class='ocrx_word' id='word_1_346' title='bbox 2248 1992 2381 2064; x_wconf 74' lang='grc'><strong>(21).</strong></span> 
     </span>
    </p>
   </div>
   <div class='ocr_carea' id='block_1_49' title="bbox 2158 2077 3669 2150">
    <p class='ocr_par' dir='ltr' id='par_1_49' title="bbox 2158 2077 3669 2150">
     <span class='ocr_line' id='line_1_49' title="bbox 2158 2077 3669 2150; baseline -0.003 -15"><span class='ocrx_word' id='word_1_347' title='bbox 2158 2084 2245 2140; x_wconf 85' lang='lat' dir='ltr'><strong>Vl.</strong></span> <span class='ocrx_word' id='word_1_348' title='bbox 2283 2105 2301 2137; x_wconf 84' lang='grc'><strong>‹</strong></span> <span class='ocrx_word' id='word_1_349' title='bbox 2347 2082 2720 2138; x_wconf 88' lang='lat' dir='ltr'><strong>Constitutnm</strong></span> <span class='ocrx_word' id='word_1_350' title='bbox 2754 2090 2837 2137; x_wconf 91' lang='lat' dir='ltr'><strong>est</strong></span> <span class='ocrx_word' id='word_1_351' title='bbox 2867 2095 2998 2150; x_wconf 81' lang='lat' dir='ltr'><strong>ergo</strong></span> <span class='ocrx_word' id='word_1_352' title='bbox 3033 2081 3087 2133; x_wconf 91' lang='lat' dir='ltr'><strong>in</strong></span> <span class='ocrx_word' id='word_1_353' title='bbox 3123 2080 3213 2134; x_wconf 90' lang='lat' dir='ltr'><strong>illa</strong></span> <span class='ocrx_word' id='word_1_354' title='bbox 3248 2079 3476 2149; x_wconf 88' lang='lat' dir='ltr'><strong>synodo,</strong></span> <span class='ocrx_word' id='word_1_355' title='bbox 3511 2087 3571 2132; x_wconf 94' lang='lat' dir='ltr'><strong>ut</strong></span> <span class='ocrx_word' id='word_1_356' title='bbox 3599 2077 3669 2132; x_wconf 88' lang='lat' dir='ltr'><strong>ab</strong></span> 
     </span>
    </p>
   </div>
   <div class='ocr_carea' id='block_1_50' title="bbox 2086 2170 3668 2242">
    <p class='ocr_par' dir='ltr' id='par_1_50' title="bbox 2086 2170 3668 2242">
     <span class='ocr_line' id='line_1_50' title="bbox 2086 2170 3668 2242; baseline -0.001 -17"><span class='ocrx_word' id='word_1_357' title='bbox 2086 2172 2377 2226; x_wconf 88' lang='lat' dir='ltr'><strong>undecimo</strong></span> <span class='ocrx_word' id='word_1_358' title='bbox 2431 2171 2703 2226; x_wconf 89' lang='lat' dir='ltr'><strong>Kalendas</strong></span> <span class='ocrx_word' id='word_1_359' title='bbox 2735 2170 2941 2242; x_wconf 84' lang='lat' dir='ltr'><strong>Aprilis</strong></span> <span class='ocrx_word' id='word_1_360' title='bbox 2995 2186 3172 2240; x_wconf 90' lang='lat' dir='ltr'><strong>usque</strong></span> <span class='ocrx_word' id='word_1_361' title='bbox 3224 2171 3281 2223; x_wconf 92' lang='lat' dir='ltr'><strong>in</strong></span> <span class='ocrx_word' id='word_1_362' title='bbox 3317 2170 3668 2225; x_wconf 88' lang='lat' dir='ltr'><strong>undecimum</strong></span> 
     </span>
    </p>
   </div>
   <div class='ocr_carea' id='block_1_51' title="bbox 2084 2261 3671 2327">
    <p class='ocr_par' dir='ltr' id='par_1_51' title="bbox 2084 2261 3671 2327">
     <span class='ocr_line' id='line_1_51' title="bbox 2084 2261 3671 2327; baseline 0 -11"><span class='ocrx_word' id='word_1_363' title='bbox 2084 2262 2357 2318; x_wconf 89' lang='lat' dir='ltr'><strong>Kalendas</strong></span> <span class='ocrx_word' id='word_1_364' title='bbox 2410 2263 2538 2317; x_wconf 85' lang='lat' dir='ltr'><strong>Maii</strong></span> <span class='ocrx_word' id='word_1_365' title='bbox 2585 2262 2798 2318; x_wconf 88' lang='lat' dir='ltr'><strong>Pascha</strong></span> <span class='ocrx_word' id='word_1_366' title='bbox 2844 2264 3040 2318; x_wconf 90' lang='lat' dir='ltr'><strong>debeat</strong></span> <span class='ocrx_word' id='word_1_367' title='bbox 3093 2261 3407 2327; x_wconf 85' lang='lat' dir='ltr'><strong>observari;</strong></span> <span class='ocrx_word' id='word_1_368' title='bbox 3463 2271 3518 2316; x_wconf 89' lang='lat' dir='ltr'><strong>et</strong></span> <span class='ocrx_word' id='word_1_369' title='bbox 3567 2276 3671 2317; x_wconf 88' lang='lat' dir='ltr'><strong>nec</strong></span> 
     </span>
    </p>
   </div>
   <div class='ocr_carea' id='block_1_52' title="bbox 2084 2355 3666 2426">
    <p class='ocr_par' dir='ltr' id='par_1_52' title="bbox 2084 2355 3666 2426">
     <span class='ocr_line' id='line_1_52' title="bbox 2084 2355 3666 2426; baseline -0.002 -14"><span class='ocrx_word' id='word_1_370' title='bbox 2084 2368 2211 2413; x_wconf 92' lang='lat' dir='ltr'><strong>ante</strong></span> <span class='ocrx_word' id='word_1_371' title='bbox 2265 2373 2365 2413; x_wconf 90' lang='lat' dir='ltr'><strong>nec</strong></span> <span class='ocrx_word' id='word_1_372' title='bbox 2413 2365 2603 2426; x_wconf 90' lang='lat' dir='ltr'><strong>postea</strong></span> <span class='ocrx_word' id='word_1_373' title='bbox 2662 2358 2972 2425; x_wconf 90' lang='lat' dir='ltr'><strong>cuicunque</strong></span> <span class='ocrx_word' id='word_1_374' title='bbox 3026 2356 3385 2411; x_wconf 83' lang='lat' dir='ltr'><strong>constitutum</strong></span> <span class='ocrx_word' id='word_1_375' title='bbox 3438 2355 3666 2410; x_wconf 89' lang='lat' dir='ltr'><strong>limitem</strong></span> 
     </span>
    </p>
   </div>
   <div class='ocr_carea' id='block_1_53' title="bbox 2086 2448 3668 2519">
    <p class='ocr_par' dir='ltr' id='par_1_53' title="bbox 2086 2448 3668 2519">
     <span class='ocr_line' id='line_1_53' title="bbox 2086 2448 3668 2519; baseline -0.002 -16"><span class='ocrx_word' id='word_1_376' title='bbox 2086 2448 2389 2519; x_wconf 84' lang='lat' dir='ltr'><strong>transgredi</strong></span> <span class='ocrx_word' id='word_1_377' title='bbox 2407 2449 2479 2503; x_wconf 91' lang='lat' dir='ltr'><strong>sit</strong></span> <span class='ocrx_word' id='word_1_378' title='bbox 2494 2448 3020 2503; x_wconf 85' lang='lat' dir='ltr'><strong>facultas.Similiter</strong></span> <span class='ocrx_word' id='word_1_379' title='bbox 3036 2456 3090 2503; x_wconf 91' lang='lat' dir='ltr'><strong>et</strong></span> <span class='ocrx_word' id='word_1_380' title='bbox 3103 2448 3170 2503; x_wconf 91' lang='lat' dir='ltr'><strong>de</strong></span> <span class='ocrx_word' id='word_1_381' title='bbox 3187 2448 3316 2501; x_wconf 89' lang='lat' dir='ltr'><strong>luna</strong></span> <span class='ocrx_word' id='word_1_382' title='bbox 3334 2456 3668 2517; x_wconf 63' lang='lat' dir='ltr'><strong>praeceptum</strong></span> 
     </span>
    </p>
   </div>
   <div class='ocr_carea' id='block_1_54' title="bbox 2084 2537 3665 2611">
    <p class='ocr_par' dir='ltr' id='par_1_54' title="bbox 2084 2537 3665 2611">
     <span class='ocr_line' id='line_1_54' title="bbox 2084 2537 3665 2611; baseline -0.001 -18"><span class='ocrx_word' id='word_1_383' title='bbox 2084 2541 2428 2595; x_wconf 87' lang='lat' dir='ltr'><strong>Dominicum</strong></span> <span class='ocrx_word' id='word_1_384' title='bbox 2459 2550 2728 2604; x_wconf 88' lang='lat' dir='ltr'><strong>teneatur,</strong></span> <span class='ocrx_word' id='word_1_385' title='bbox 2756 2540 2902 2611; x_wconf 89' lang='lat' dir='ltr'><strong>quod</strong></span> <span class='ocrx_word' id='word_1_386' title='bbox 2934 2540 3254 2594; x_wconf 90' lang='lat' dir='ltr'><strong>mandatum</strong></span> <span class='ocrx_word' id='word_1_387' title='bbox 3283 2550 3367 2593; x_wconf 90' lang='lat' dir='ltr'><strong>est</strong></span> <span class='ocrx_word' id='word_1_388' title='bbox 3398 2554 3495 2607; x_wconf 85' lang='lat' dir='ltr'><strong>per</strong></span> <span class='ocrx_word' id='word_1_389' title='bbox 3519 2537 3665 2609; x_wconf 81' lang='lat' dir='ltr'><strong>Moy-</strong></span> 
     </span>
    </p>
   </div>
   <div class='ocr_carea' id='block_1_55' title="bbox 2082 2630 3669 2701">
    <p class='ocr_par' dir='ltr' id='par_1_55' title="bbox 2082 2630 3669 2701">
     <span class='ocr_line' id='line_1_55' title="bbox 2082 2630 3669 2701; baseline -0.003 -14"><span class='ocrx_word' id='word_1_390' title='bbox 2082 2648 2196 2687; x_wconf 91' lang='lat' dir='ltr'><strong>sem</strong></span> <span class='ocrx_word' id='word_1_391' title='bbox 2223 2649 2235 2685; x_wconf 89' lang='lat'><strong>:</strong></span> <span class='ocrx_word' id='word_1_392' title='bbox 2269 2630 2351 2686; x_wconf 89' lang='lat' dir='ltr'><strong>Sit</strong></span> <span class='ocrx_word' id='word_1_393' title='bbox 2378 2632 2518 2686; x_wconf 88' lang='lat' dir='ltr'><strong>vobis</strong></span> <span class='ocrx_word' id='word_1_394' title='bbox 2543 2632 2817 2686; x_wconf 88' lang='lat' dir='ltr'><strong>observata</strong></span> <span class='ocrx_word' id='word_1_395' title='bbox 2848 2650 2879 2684; x_wconf 93' lang='lat' dir='ltr'><strong>a</strong></span> <span class='ocrx_word' id='word_1_396' title='bbox 2904 2631 3303 2701; x_wconf 87' lang='lat' dir='ltr'><strong>quartadecima</strong></span> <span class='ocrx_word' id='word_1_397' title='bbox 3327 2630 3478 2694; x_wconf 90' lang='lat' dir='ltr'><strong>luna,</strong></span> <span class='ocrx_word' id='word_1_398' title='bbox 3506 2646 3669 2700; x_wconf 82' lang='lat' dir='ltr'><strong>usque</strong></span> 
     </span>
    </p>
   </div>
   <div class='ocr_carea' id='block_1_56' title="bbox 2082 2720 3670 2794">
    <p class='ocr_par' dir='ltr' id='par_1_56' title="bbox 2082 2720 3670 2794">
     <span class='ocr_line' id='line_1_56' title="bbox 2082 2720 3670 2794; baseline -0.003 -16"><span class='ocrx_word' id='word_1_399' title='bbox 2082 2726 2383 2789; x_wconf 84' lang='lat' dir='ltr'><strong>vicesimam</strong></span> <span class='ocrx_word' id='word_1_400' title='bbox 2412 2725 2642 2794; x_wconf 88' lang='lat' dir='ltr'><strong>primam</strong></span> <span class='ocrx_word' id='word_1_401' title='bbox 2664 2723 2707 2775; x_wconf 74' lang='grc'><strong>⁸.</strong></span> <span class='ocrx_word' id='word_1_402' title='bbox 2744 2721 2854 2778; x_wconf 83' lang='lat' dir='ltr'><strong>Has</strong></span> <span class='ocrx_word' id='word_1_403' title='bbox 2881 2738 3012 2793; x_wconf 88' lang='lat' dir='ltr'><strong>ergo</strong></span> <span class='ocrx_word' id='word_1_404' title='bbox 3052 2731 3174 2777; x_wconf 91' lang='lat' dir='ltr'><strong>octo</strong></span> <span class='ocrx_word' id='word_1_405' title='bbox 3219 2722 3380 2775; x_wconf 91' lang='lat' dir='ltr'><strong>lunas</strong></span> <span class='ocrx_word' id='word_1_406' title='bbox 3413 2720 3670 2774; x_wconf 85' lang='lat' dir='ltr'><strong>similiter</strong></span> 
     </span>
    </p>
   </div>
   <div class='ocr_carea' id='block_1_57' title="bbox 2083 2813 3667 2871">
    <p class='ocr_par' dir='ltr' id='par_1_57' title="bbox 2083 2813 3667 2871">
     <span class='ocr_line' id='line_1_57' title="bbox 2083 2813 3667 2871; baseline -0.004 -1"><span class='ocrx_word' id='word_1_407' title='bbox 2083 2817 2139 2871; x_wconf 91' lang='lat' dir='ltr'><strong>in</strong></span> <span class='ocrx_word' id='word_1_408' title='bbox 2179 2815 2450 2870; x_wconf 90' lang='lat' dir='ltr'><strong>Paschate</strong></span> <span class='ocrx_word' id='word_1_409' title='bbox 2501 2815 2737 2869; x_wconf 90' lang='lat' dir='ltr'><strong>tenendo</strong></span> <span class='ocrx_word' id='word_1_410' title='bbox 2793 2822 3009 2869; x_wconf 89' lang='lat' dir='ltr'><strong>constat</strong></span> <span class='ocrx_word' id='word_1_411' title='bbox 3064 2813 3235 2868; x_wconf 83' lang='lat' dir='ltr'><strong>fuisse</strong></span> <span class='ocrx_word' id='word_1_412' title='bbox 3290 2821 3667 2866; x_wconf 65' lang='lat' dir='ltr'><strong>consecratae.</strong></span> 
     </span>
    </p>
   </div>
   <div class='ocr_carea' id='block_1_58' title="bbox 2083 2903 3669 2979">
    <p class='ocr_par' dir='ltr' id='par_1_58' title="bbox 2083 2903 3669 2979">
     <span class='ocr_line' id='line_1_58' title="bbox 2083 2903 3669 2979; baseline -0.005 -15"><span class='ocrx_word' id='word_1_413' title='bbox 2083 2910 2316 2977; x_wconf 85' lang='lat' dir='ltr'><strong>Quando</strong></span> <span class='ocrx_word' id='word_1_414' title='bbox 2349 2924 2480 2979; x_wconf 80' lang='lat' dir='ltr'><strong>ergo</strong></span> <span class='ocrx_word' id='word_1_415' title='bbox 2512 2908 2575 2963; x_wconf 85' lang='lat' dir='ltr'><strong>ﬁt</strong></span> <span class='ocrx_word' id='word_1_416' title='bbox 2606 2908 2752 2962; x_wconf 90' lang='lat' dir='ltr'><strong>intra</strong></span> <span class='ocrx_word' id='word_1_417' title='bbox 2786 2907 2941 2962; x_wconf 93' lang='lat' dir='ltr'><strong>illum</strong></span> <span class='ocrx_word' id='word_1_418' title='bbox 2977 2907 3232 2972; x_wconf 89' lang='lat' dir='ltr'><strong>limitem,</strong></span> <span class='ocrx_word' id='word_1_419' title='bbox 3268 2906 3338 2960; x_wconf 89' lang='lat' dir='ltr'><strong>ab</strong></span> <span class='ocrx_word' id='word_1_420' title='bbox 3375 2903 3669 2959; x_wconf 90' lang='lat' dir='ltr'><strong>undecimo</strong></span> 
     </span>
    </p>
   </div>
   <div class='ocr_carea' id='block_1_59' title="bbox 2083 2995 3669 3065">
    <p class='ocr_par' dir='ltr' id='par_1_59' title="bbox 2083 2995 3669 3065">
     <span class='ocr_line' id='line_1_59' title="bbox 2083 2995 3669 3065; baseline -0.004 -8"><span class='ocrx_word' id='word_1_421' title='bbox 2083 3002 2357 3058; x_wconf 84' lang='lat' dir='ltr'><strong>Kalendas</strong></span> <span class='ocrx_word' id='word_1_422' title='bbox 2403 3001 2554 3065; x_wconf 88' lang='lat' dir='ltr'><strong>Maii,</strong></span> <span class='ocrx_word' id='word_1_423' title='bbox 2606 3000 2725 3054; x_wconf 89' lang='lat' dir='ltr'><strong>dies</strong></span> <span class='ocrx_word' id='word_1_424' title='bbox 2771 2998 3108 3063; x_wconf 89' lang='lat' dir='ltr'><strong>Dominicus,</strong></span> <span class='ocrx_word' id='word_1_425' title='bbox 3166 3007 3222 3052; x_wconf 89' lang='lat' dir='ltr'><strong>et</strong></span> <span class='ocrx_word' id='word_1_426' title='bbox 3265 2997 3394 3051; x_wconf 89' lang='lat' dir='ltr'><strong>luna</strong></span> <span class='ocrx_word' id='word_1_427' title='bbox 3440 3011 3509 3050; x_wconf 82' lang='lat' dir='ltr'><strong>ex</strong></span> <span class='ocrx_word' id='word_1_428' title='bbox 3562 2995 3669 3050; x_wconf 90' lang='lat' dir='ltr'><strong>illis</strong></span> 
     </span>
    </p>
   </div>
   <div class='ocr_carea' id='block_1_60' title="bbox 2082 3088 3669 3161">
    <p class='ocr_par' dir='ltr' id='par_1_60' title="bbox 2082 3088 3669 3161">
     <span class='ocr_line' id='line_1_60' title="bbox 2082 3088 3669 3161; baseline -0.005 -10"><span class='ocrx_word' id='word_1_429' title='bbox 2082 3105 2208 3151; x_wconf 90' lang='lat' dir='ltr'><strong>octo</strong></span> <span class='ocrx_word' id='word_1_430' title='bbox 2232 3093 2570 3151; x_wconf 82' lang='lat' dir='ltr'><strong>sanctiﬁcata</strong></span> <span class='ocrx_word' id='word_1_431' title='bbox 2595 3099 2697 3158; x_wconf 91' lang='lat' dir='ltr'><strong>est,</strong></span> <span class='ocrx_word' id='word_1_432' title='bbox 2724 3089 2936 3145; x_wconf 83' lang='lat' dir='ltr'><strong>Pascha</strong></span> <span class='ocrx_word' id='word_1_433' title='bbox 2970 3092 3128 3147; x_wconf 89' lang='lat' dir='ltr'><strong>nobis</strong></span> <span class='ocrx_word' id='word_1_434' title='bbox 3157 3092 3373 3161; x_wconf 85' lang='lat' dir='ltr'><strong>jussum</strong></span> <span class='ocrx_word' id='word_1_435' title='bbox 3418 3098 3501 3144; x_wconf 92' lang='lat' dir='ltr'><strong>est</strong></span> <span class='ocrx_word' id='word_1_436' title='bbox 3526 3088 3669 3143; x_wconf 91' lang='lat' dir='ltr'><strong>cele-</strong></span> 
     </span>
    </p>
   </div>
   <div class='ocr_carea' id='block_1_61' title="bbox 2083 3178 3670 3252">
    <p class='ocr_par' dir='ltr' id='par_1_61' title="bbox 2083 3178 3670 3252">
     <span class='ocr_line' id='line_1_61' title="bbox 2083 3178 3670 3252; baseline -0.006 -12"><span class='ocrx_word' id='word_1_437' title='bbox 2083 3185 2264 3241; x_wconf 85' lang='lat' dir='ltr'><strong>brare.</strong></span> <span class='ocrx_word' id='word_1_438' title='bbox 2293 3203 2311 3235; x_wconf 80' lang='grc' dir='ltr'><strong>ι</strong></span> <span class='ocrx_word' id='word_1_439' title='bbox 2346 3182 2465 3238; x_wconf 85' lang='lat' dir='ltr'><strong>Huc</strong></span> <span class='ocrx_word' id='word_1_440' title='bbox 2497 3197 2674 3251; x_wconf 91' lang='lat' dir='ltr'><strong>usque</strong></span> <span class='ocrx_word' id='word_1_441' title='bbox 2694 3178 2980 3250; x_wconf 91' lang='lat' dir='ltr'><strong>The0phili</strong></span> <span class='ocrx_word' id='word_1_442' title='bbox 3014 3182 3263 3252; x_wconf 91' lang='lat' dir='ltr'><strong>epistola,</strong></span> <span class='ocrx_word' id='word_1_443' title='bbox 3295 3191 3460 3251; x_wconf 86' lang='lat' dir='ltr'><strong>prout</strong></span> <span class='ocrx_word' id='word_1_444' title='bbox 3488 3185 3670 3235; x_wconf 72' lang='lat' dir='ltr'><strong>exstat</strong></span> 
     </span>
    </p>
   </div>
   <div class='ocr_carea' id='block_1_62' title="bbox 397 3269 2613 3347">
    <p class='ocr_par' dir='ltr' id='par_1_62' title="bbox 397 3269 2613 3347">
     <span class='ocr_line' id='line_1_62' title="bbox 397 3269 2613 3347; baseline 0 -19"><span class='ocrx_word' id='word_1_445' title='bbox 397 3274 656 3328; x_wconf 84' lang='lat' dir='ltr'><strong>mensium</strong></span> <span class='ocrx_word' id='word_1_446' title='bbox 684 3291 701 3327; x_wconf 90' lang='lat'><strong><em>:</em></strong></span> <span class='ocrx_word' id='word_1_447' title='bbox 736 3272 948 3328; x_wconf 83' lang='lat' dir='ltr'><strong>Pascha</strong></span> <span class='ocrx_word' id='word_1_448' title='bbox 995 3275 1157 3344; x_wconf 82' lang='lat' dir='ltr'><strong>facite</strong></span> <span class='ocrx_word' id='word_1_449' title='bbox 1191 3276 1247 3329; x_wconf 87' lang='lat' dir='ltr'><strong>in</strong></span> <span class='ocrx_word' id='word_1_450' title='bbox 1287 3292 1345 3331; x_wconf 86' lang='lat' dir='ltr'><strong>eo</strong></span> <span class='ocrx_word' id='word_1_451' title='bbox 1366 3276 1408 3330; x_wconf 83' lang='grc'><strong>⁸.</strong></span> <span class='ocrx_word' id='word_1_452' title='bbox 1445 3276 1650 3332; x_wconf 90' lang='lat' dir='ltr'><strong>Omnes</strong></span> <span class='ocrx_word' id='word_1_453' title='bbox 1699 3291 1830 3346; x_wconf 76' lang='lat' dir='ltr'><strong>ergo</strong></span> <span class='ocrx_word' id='word_1_454' title='bbox 1877 3278 1978 3331; x_wconf 84' lang='lat' dir='ltr'><strong>tri-</strong></span> <span class='ocrx_word' id='word_1_455' title='bbox 2009 3269 2056 3329; x_wconf 91' lang='lat' dir='ltr'><strong><em>C</em></strong></span> <span class='ocrx_word' id='word_1_456' title='bbox 2088 3276 2232 3347; x_wconf 86' lang='lat' dir='ltr'><strong>apud</strong></span> <span class='ocrx_word' id='word_1_457' title='bbox 2261 3274 2613 3331; x_wconf 80' lang='lat' dir='ltr'><strong>Eucherium.</strong></span> 
     </span>
    </p>
   </div>
   <div class='ocr_carea' id='block_1_63' title="bbox 464 3432 472 3477">
    <p class='ocr_par' dir='ltr' id='par_1_63' title="bbox 464 3432 472 3477">
     <span class='ocr_line' id='line_1_63' title="bbox 464 3432 472 3477; baseline 0 0"><span class='ocrx_word' id='word_1_458' title='bbox 464 3432 472 3477; x_wconf 77' lang='lat' dir='ltr'><strong>l</strong></span> 
     </span>
    </p>
   </div>
   <div class='ocr_carea' id='block_1_64' title="bbox 402 3505 3609 3537">
    <p class='ocr_par' dir='ltr' id='par_1_64' title="bbox 402 3505 3609 3537">
     <span class='ocr_line' id='line_1_64' title="bbox 402 3505 3609 3537; baseline 0 -6"><span class='ocrx_word' id='word_1_459' title='bbox 402 3505 3609 3537; x_wconf 55' lang='lat' dir='ltr'><strong>—\~—————————_————u————-——_——_——_</strong></span> 
     </span>
    </p>
   </div>
   <div class='ocr_carea' id='block_1_65' title="bbox 1513 3709 2605 3838">
    <p class='ocr_par' dir='ltr' id='par_1_65' title="bbox 1513 3709 2605 3838">
     <span class='ocr_line' id='line_1_65' title="bbox 1513 3709 2605 3838; baseline -0.005 0"><span class='ocrx_word' id='word_1_460' title='bbox 1513 3712 1641 3838; x_wconf 88' lang='lat' dir='ltr'><strong>S.</strong></span> <span class='ocrx_word' id='word_1_461' title='bbox 1730 3709 2605 3836; x_wconf 90' lang='lat' dir='ltr'><strong>THEOPHILI</strong></span> 
     </span>
    </p>
   </div>
   <div class='ocr_carea' id='block_1_66' title="bbox 1664 3959 2496 4054">
    <p class='ocr_par' dir='ltr' id='par_1_66' title="bbox 1664 3959 2496 4054">
     <span class='ocr_line' id='line_1_66' title="bbox 1664 3959 2496 4054; baseline -0.002 -3"><span class='ocrx_word' id='word_1_462' title='bbox 1664 3959 2496 4054; x_wconf 80' lang='lat' dir='ltr'><strong>FRAGMEN&#39;I‘UM</strong></span> 
     </span>
    </p>
   </div>
   <div class='ocr_carea' id='block_1_67' title="bbox 478 4146 3570 4221">
    <p class='ocr_par' dir='ltr' id='par_1_67' title="bbox 478 4146 3570 4221">
     <span class='ocr_line' id='line_1_67' title="bbox 478 4146 3570 4221; baseline -0.001 -12"><span class='ocrx_word' id='word_1_463' title='bbox 478 4151 570 4209; x_wconf 77' lang='lat' dir='ltr'><strong>EX</strong></span> <span class='ocrx_word' id='word_1_464' title='bbox 608 4153 947 4209; x_wconf 82' lang='lat' dir='ltr'><strong>EPISTOLA</strong></span> <span class='ocrx_word' id='word_1_465' title='bbox 990 4153 1215 4210; x_wconf 85' lang='lat' dir='ltr'><strong>SUPER</strong></span> <span class='ocrx_word' id='word_1_466' title='bbox 1255 4153 1682 4221; x_wconf 63' lang='lat' dir='ltr'><strong>QUA&#39;SSTIONE</strong></span> <span class='ocrx_word' id='word_1_467' title='bbox 1721 4152 2089 4220; x_wconf 81' lang='lat' dir='ltr'><strong>PASCHALI,</strong></span> <span class='ocrx_word' id='word_1_468' title='bbox 2136 4150 2387 4207; x_wconf 85' lang='lat' dir='ltr'><strong>SYNODI</strong></span> <span class='ocrx_word' id='word_1_469' title='bbox 2427 4148 2916 4208; x_wconf 64' lang='lat' dir='ltr'><strong>CAESARIENSIS</strong></span> <span class='ocrx_word' id='word_1_470' title='bbox 2951 4146 3217 4205; x_wconf 81' lang='lat' dir='ltr'><strong>NOMINE</strong></span> <span class='ocrx_word' id='word_1_471' title='bbox 3255 4148 3570 4205; x_wconf 82' lang='lat' dir='ltr'><strong>SCRIPTA.</strong></span> 
     </span>
    </p>
   </div>
   <div class='ocr_carea' id='block_1_68' title="bbox 1414 4304 2648 4373">
    <p class='ocr_par' dir='ltr' id='par_1_68' title="bbox 1414 4304 2648 4373">
     <span class='ocr_line' id='line_1_68' title="bbox 1414 4304 2648 4373; baseline -0.002 -15"><span class='ocrx_word' id='word_1_472' title='bbox 1414 4308 1580 4373; x_wconf 80' lang='lat' dir='ltr'><strong>(Apud</strong></span> <span class='ocrx_word' id='word_1_473' title='bbox 1613 4308 1859 4357; x_wconf 73' lang='grc' dir='ltr'>Ευεειιιυιι</span> <span class='ocrx_word' id='word_1_474' title='bbox 1891 4305 2017 4358; x_wconf 85' lang='lat' dir='ltr'><strong>Hist.</strong></span> <span class='ocrx_word' id='word_1_475' title='bbox 2058 4305 2177 4358; x_wconf 88' lang='lat' dir='ltr'><strong>eccl.</strong></span> <span class='ocrx_word' id='word_1_476' title='bbox 2216 4306 2303 4358; x_wconf 90' lang='lat' dir='ltr'><strong>lib.</strong></span> <span class='ocrx_word' id='word_1_477' title='bbox 2330 4319 2379 4367; x_wconf 73' lang='grc' dir='ltr'><strong>ν,</strong></span> <span class='ocrx_word' id='word_1_478' title='bbox 2404 4319 2511 4369; x_wconf 89' lang='lat' dir='ltr'><strong>cap.</strong></span> <span class='ocrx_word' id='word_1_479' title='bbox 2543 4304 2648 4370; x_wconf 74' lang='grc'><strong>25.)</strong></span> 
     </span>
    </p>
   </div>
   <div class='ocr_carea' id='block_1_69' title="bbox 467 4453 1981 4528">
    <p class='ocr_par' dir='ltr' id='par_1_69' title="bbox 467 4453 1981 4528">
     <span class='ocr_line' id='line_1_69' title="bbox 467 4453 1981 4528; baseline -0.001 -19"><span class='ocrx_word' id='word_1_480' title='bbox 467 4456 579 4527; x_wconf 80' lang='grc' dir='ltr'><strong>Τῆς</strong></span> <span class='ocrx_word' id='word_1_481' title='bbox 597 4457 641 4509; x_wconf 88' lang='grc' dir='ltr'><strong>δ’</strong></span> <span class='ocrx_word' id='word_1_482' title='bbox 668 4456 956 4526; x_wconf 77' lang='grc' dir='ltr'><strong>ἐπιστολῆς</strong></span> <span class='ocrx_word' id='word_1_483' title='bbox 972 4454 1128 4527; x_wconf 81' lang='grc' dir='ltr'><strong>ἡμῶν</strong></span> <span class='ocrx_word' id='word_1_484' title='bbox 1145 4455 1445 4528; x_wconf 83' lang='grc' dir='ltr'><strong>πειράθητε</strong></span> <span class='ocrx_word' id='word_1_485' title='bbox 1470 4453 1616 4509; x_wconf 84' lang='grc' dir='ltr'><strong>κατὰ</strong></span> <span class='ocrx_word' id='word_1_486' title='bbox 1645 4456 1829 4509; x_wconf 84' lang='grc' dir='ltr'>πᾶσαν</span> <span class='ocrx_word' id='word_1_487' title='bbox 1857 4455 1981 4508; x_wconf 86' lang='grc' dir='ltr'><strong>Ἐκ-</strong></span> 
     </span>
    </p>
   </div>
   <div class='ocr_carea' id='block_1_70' title="bbox 2084 4453 3668 4528">
    <p class='ocr_par' dir='ltr' id='par_1_70' title="bbox 2157 4453 3668 4524">
     <span class='ocr_line' id='line_1_70' title="bbox 2157 4453 3668 4524; baseline -0.001 -16"><span class='ocrx_word' id='word_1_488' title='bbox 2157 4453 2292 4508; x_wconf 89' lang='lat' dir='ltr'><strong>Date</strong></span> <span class='ocrx_word' id='word_1_489' title='bbox 2314 4468 2561 4524; x_wconf 85' lang='lat' dir='ltr'><strong>Operam,</strong></span> <span class='ocrx_word' id='word_1_490' title='bbox 2592 4461 2654 4508; x_wconf 90' lang='lat' dir='ltr'><strong>ut</strong></span> <span class='ocrx_word' id='word_1_491' title='bbox 2686 4453 2935 4524; x_wconf 70' lang='lat' dir='ltr'><strong>epistolae</strong></span> <span class='ocrx_word' id='word_1_492' title='bbox 2965 4462 3171 4509; x_wconf 69' lang='lat' dir='ltr'><strong>nostrae</strong></span> <span class='ocrx_word' id='word_1_493' title='bbox 3202 4453 3535 4524; x_wconf 86' lang='lat' dir='ltr'><strong>exemplaria</strong></span> <span class='ocrx_word' id='word_1_494' title='bbox 3572 4469 3668 4524; x_wconf 84' lang='lat' dir='ltr'><strong>per</strong></span> 
     </span>
    </p>
   </div>
   <div class='ocr_carea' id='block_1_71' title="bbox 396 4544 1977 4617">
    <p class='ocr_par' dir='ltr' id='par_1_71' title="bbox 396 4544 1977 4617">
     <span class='ocr_line' id='line_1_71' title="bbox 396 4544 1977 4617; baseline -0.003 -16"><span class='ocrx_word' id='word_1_495' title='bbox 396 4546 625 4617; x_wconf 77' lang='grc' dir='ltr'>κλησξαν</span> <span class='ocrx_word' id='word_1_496' title='bbox 660 4547 969 4617; x_wconf 79' lang='grc' dir='ltr'><strong>ἀντίγραφα</strong></span> <span class='ocrx_word' id='word_1_497' title='bbox 999 4544 1439 4616; x_wconf 71' lang='grc' dir='ltr'><strong>διαπέμψασθαι,</strong></span> <span class='ocrx_word' id='word_1_498' title='bbox 1484 4546 1632 4609; x_wconf 85' lang='grc' dir='ltr'><strong>ὅπως</strong></span> <span class='ocrx_word' id='word_1_499' title='bbox 1680 4544 1754 4616; x_wconf 86' lang='grc' dir='ltr'><strong>μὴ</strong></span> <span class='ocrx_word' id='word_1_500' title='bbox 1800 4544 1977 4615; x_wconf 77' lang='grc' dir='ltr'><strong>ἔνοχοι</strong></span> 
     </span>
    </p>
   </div>
   <div class='ocr_carea' id='block_1_72' title="bbox 396 4635 1978 4713">
    <p class='ocr_par' dir='ltr' id='par_1_72' title="bbox 396 4635 1978 4713">
     <span class='ocr_line' id='line_1_72' title="bbox 396 4635 1978 4713; baseline -0.003 -19"><span class='ocrx_word' id='word_1_501' title='bbox 396 4635 546 4711; x_wconf 81' lang='grc' dir='ltr'><strong>ὦμεν</strong></span> <span class='ocrx_word' id='word_1_502' title='bbox 581 4644 691 4705; x_wconf 86' lang='grc' dir='ltr'><strong>τοῖς</strong></span> <span class='ocrx_word' id='word_1_503' title='bbox 728 4641 926 4713; x_wconf 78' lang='grc' dir='ltr'><strong>ῥᾳδίως</strong></span> <span class='ocrx_word' id='word_1_504' title='bbox 958 4639 1231 4694; x_wconf 82' lang='grc' dir='ltr'><strong>πλανῶσιν</strong></span> <span class='ocrx_word' id='word_1_505' title='bbox 1261 4636 1470 4693; x_wconf 80' lang='grc' dir='ltr'><strong>ἑαυτῶν</strong></span> <span class='ocrx_word' id='word_1_506' title='bbox 1496 4638 1596 4702; x_wconf 87' lang='grc' dir='ltr'><strong>τὰς</strong></span> <span class='ocrx_word' id='word_1_507' title='bbox 1637 4638 1836 4708; x_wconf 81' lang='grc' dir='ltr'><strong>ψυχάς.</strong></span> <span class='ocrx_word' id='word_1_508' title='bbox 1870 4639 1978 4709; x_wconf 89' lang='grc' dir='ltr'><strong>Δη-</strong></span> 
     </span>
    </p>
   </div>
   <div class='ocr_carea' id='block_1_73' title="bbox 396 4730 1980 4805">
    <p class='ocr_par' dir='ltr' id='par_1_73' title="bbox 396 4730 1980 4805">
     <span class='ocr_line' id='line_1_73' title="bbox 396 4730 1980 4805; baseline -0.002 -18"><span class='ocrx_word' id='word_1_509' title='bbox 396 4732 597 4804; x_wconf 83' lang='grc' dir='ltr'>λοῦμεν</span> <span class='ocrx_word' id='word_1_510' title='bbox 628 4734 684 4786; x_wconf 83' lang='grc' dir='ltr'><strong>δὲ</strong></span> <span class='ocrx_word' id='word_1_511' title='bbox 719 4735 847 4804; x_wconf 79' lang='grc' dir='ltr'>ὑμῖν</span> <span class='ocrx_word' id='word_1_512' title='bbox 884 4735 967 4786; x_wconf 80' lang='grc' dir='ltr'>ὅτι</span> <span class='ocrx_word' id='word_1_513' title='bbox 1005 4736 1072 4805; x_wconf 83' lang='grc' dir='ltr'><strong>τῇ</strong></span> <span class='ocrx_word' id='word_1_514' title='bbox 1104 4734 1241 4805; x_wconf 80' lang='grc' dir='ltr'><strong>αὐτῇ</strong></span> <span class='ocrx_word' id='word_1_515' title='bbox 1281 4731 1465 4804; x_wconf 78' lang='grc' dir='ltr'>ἡμέρᾳ</span> <span class='ocrx_word' id='word_1_516' title='bbox 1496 4734 1592 4786; x_wconf 72' lang='grc' dir='ltr'><strong>καὶ</strong></span> <span class='ocrx_word' id='word_1_517' title='bbox 1621 4734 1680 4785; x_wconf 76' lang='grc' dir='ltr'><strong>ἐν</strong></span> <span class='ocrx_word' id='word_1_518' title='bbox 1728 4730 1980 4797; x_wconf 83' lang='grc' dir='ltr'><strong>Ἀλεξαν-</strong></span> 
     </span>
    </p>
   </div>
   <div class='ocr_carea' id='block_1_74' title="bbox 393 4820 1977 4897">
    <p class='ocr_par' dir='ltr' id='par_1_74' title="bbox 393 4820 1977 4897">
     <span class='ocr_line' id='line_1_74' title="bbox 393 4820 1977 4897; baseline -0.003 -17"><span class='ocrx_word' id='word_1_519' title='bbox 393 4824 552 4897; x_wconf 80' lang='grc' dir='ltr'>δρείᾳ</span> <span class='ocrx_word' id='word_1_520' title='bbox 584 4826 808 4895; x_wconf 80' lang='grc' dir='ltr'>ἄγουσιν</span> <span class='ocrx_word' id='word_1_521' title='bbox 831 4866 846 4891; x_wconf 90' lang='grc'><em>,</em></span> <span class='ocrx_word' id='word_1_522' title='bbox 880 4820 1025 4897; x_wconf 82' lang='grc' dir='ltr'>ᾗπερ</span> <span class='ocrx_word' id='word_1_523' title='bbox 1063 4827 1158 4879; x_wconf 73' lang='grc' dir='ltr'>καὶ</span> <span class='ocrx_word' id='word_1_524' title='bbox 1184 4827 1361 4896; x_wconf 79' lang='grc' dir='ltr'><strong>ἡμεῖς.</strong></span> <span class='ocrx_word' id='word_1_525' title='bbox 1400 4826 1538 4895; x_wconf 78' lang='grc' dir='ltr'><strong>Παρ⁹</strong></span> <span class='ocrx_word' id='word_1_526' title='bbox 1572 4823 1729 4895; x_wconf 80' lang='grc' dir='ltr'><strong>ἡμῶν</strong></span> <span class='ocrx_word' id='word_1_527' title='bbox 1765 4823 1877 4895; x_wconf 85' lang='grc' dir='ltr'><strong>γὰρ</strong></span> <span class='ocrx_word' id='word_1_528' title='bbox 1908 4822 1977 4876; x_wconf 78' lang='grc' dir='ltr'><strong>τὰ</strong></span> 
     </span>
    </p>
   </div>
   <div class='ocr_carea' id='block_1_75' title="bbox 2084 4542 3671 4613">
    <p class='ocr_par' dir='ltr' id='par_1_75' title="bbox 2084 4542 3671 4613">
     <span class='ocr_line' id='line_1_75' title="bbox 2084 4542 3671 4613; baseline 0 -14"><span class='ocrx_word' id='word_1_529' title='bbox 2084 4559 2274 4600; x_wconf 85' lang='lat' dir='ltr'><strong>omnes</strong></span> <span class='ocrx_word' id='word_1_530' title='bbox 2306 4543 2582 4599; x_wconf 88' lang='lat' dir='ltr'><strong>Ecclesias</strong></span> <span class='ocrx_word' id='word_1_531' title='bbox 2625 4544 2936 4607; x_wconf 86' lang='lat' dir='ltr'><strong>mittantur,</strong></span> <span class='ocrx_word' id='word_1_532' title='bbox 2979 4558 3048 4597; x_wconf 90' lang='lat' dir='ltr'><strong>ne</strong></span> <span class='ocrx_word' id='word_1_533' title='bbox 3072 4544 3234 4599; x_wconf 89' lang='lat' dir='ltr'><strong>nobis</strong></span> <span class='ocrx_word' id='word_1_534' title='bbox 3258 4544 3465 4599; x_wconf 86' lang='lat' dir='ltr'><strong>crimen</strong></span> <span class='ocrx_word' id='word_1_535' title='bbox 3489 4542 3671 4613; x_wconf 83' lang='lat' dir='ltr'><strong>impu-</strong></span> 
     </span>
    </p>
   </div>
   <div class='ocr_carea' id='block_1_76' title="bbox 2084 4634 3672 4706">
    <p class='ocr_par' dir='ltr' id='par_1_76' title="bbox 2084 4634 3672 4706">
     <span class='ocr_line' id='line_1_76' title="bbox 2084 4634 3672 4706; baseline -0.001 -14"><span class='ocrx_word' id='word_1_536' title='bbox 2084 4645 2219 4703; x_wconf 90' lang='lat' dir='ltr'><strong>tcnt,</strong></span> <span class='ocrx_word' id='word_1_537' title='bbox 2247 4636 2341 4706; x_wconf 87' lang='lat' dir='ltr'><strong>qui</strong></span> <span class='ocrx_word' id='word_1_538' title='bbox 2370 4637 2584 4691; x_wconf 89' lang='lat' dir='ltr'><strong>animas</strong></span> <span class='ocrx_word' id='word_1_539' title='bbox 2614 4650 2746 4691; x_wconf 88' lang='lat' dir='ltr'><strong>suas</strong></span> <span class='ocrx_word' id='word_1_540' title='bbox 2783 4651 2814 4689; x_wconf 91' lang='lat' dir='ltr'><strong>a</strong></span> <span class='ocrx_word' id='word_1_541' title='bbox 2854 4643 3006 4690; x_wconf 89' lang='lat' dir='ltr'><strong>recto</strong></span> <span class='ocrx_word' id='word_1_542' title='bbox 3038 4635 3286 4690; x_wconf 86' lang='lat' dir='ltr'><strong>veritatis</strong></span> <span class='ocrx_word' id='word_1_543' title='bbox 3318 4634 3538 4690; x_wconf 91' lang='lat' dir='ltr'><strong>tramite</strong></span> <span class='ocrx_word' id='word_1_544' title='bbox 3581 4634 3672 4690; x_wconf 82' lang='lat' dir='ltr'><strong>fa-</strong></span> 
     </span>
    </p>
   </div>
   <div class='ocr_carea' id='block_1_77' title="bbox 2084 4727 3667 4798">
    <p class='ocr_par' dir='ltr' id='par_1_77' title="bbox 2084 4727 3667 4798">
     <span class='ocr_line' id='line_1_77' title="bbox 2084 4727 3667 4798; baseline -0.001 -14"><span class='ocrx_word' id='word_1_545' title='bbox 2084 4731 2189 4785; x_wconf 90' lang='lat' dir='ltr'><strong>cile</strong></span> <span class='ocrx_word' id='word_1_546' title='bbox 2214 4730 2513 4784; x_wconf 85' lang='lat' dir='ltr'><strong>abducunt.</strong></span> <span class='ocrx_word' id='word_1_547' title='bbox 2540 4728 2680 4782; x_wconf 90' lang='lat' dir='ltr'><strong>lllud</strong></span> <span class='ocrx_word' id='word_1_548' title='bbox 2699 4728 2862 4782; x_wconf 92' lang='lat' dir='ltr'><strong>etiam</strong></span> <span class='ocrx_word' id='word_1_549' title='bbox 2878 4728 3037 4782; x_wconf 84' lang='lat' dir='ltr'><strong>vobis</strong></span> <span class='ocrx_word' id='word_1_550' title='bbox 3060 4727 3458 4798; x_wconf 79' lang='lat' dir='ltr'><strong>signiﬁcamus,</strong></span> <span class='ocrx_word' id='word_1_551' title='bbox 3473 4728 3667 4783; x_wconf 88' lang='lat' dir='ltr'><strong>eodem</strong></span> 
     </span>
    </p>
   </div>
   <div class='ocr_carea' id='block_1_78' title="bbox 2084 4819 3673 4893">
    <p class='ocr_par' dir='ltr' id='par_1_78' title="bbox 2084 4819 3673 4893">
     <span class='ocr_line' id='line_1_78' title="bbox 2084 4819 3673 4893; baseline -0.003 -16"><span class='ocrx_word' id='word_1_552' title='bbox 2084 4839 2195 4893; x_wconf 85' lang='lat' dir='ltr'><strong>quo</strong></span> <span class='ocrx_word' id='word_1_553' title='bbox 2224 4821 2367 4892; x_wconf 87' lang='lat' dir='ltr'><strong>apud</strong></span> <span class='ocrx_word' id='word_1_554' title='bbox 2400 4836 2524 4889; x_wconf 91' lang='lat' dir='ltr'><strong>nos,</strong></span> <span class='ocrx_word' id='word_1_555' title='bbox 2551 4821 2641 4875; x_wconf 91' lang='lat' dir='ltr'><strong>die</strong></span> <span class='ocrx_word' id='word_1_556' title='bbox 2669 4819 2881 4875; x_wconf 90' lang='lat' dir='ltr'><strong>Pascha</strong></span> <span class='ocrx_word' id='word_1_557' title='bbox 2910 4819 3260 4875; x_wconf 76' lang='lat' dir='ltr'><strong>Alexandria:</strong></span> <span class='ocrx_word' id='word_1_558' title='bbox 3296 4820 3580 4875; x_wconf 89' lang='lat' dir='ltr'><strong>celebrari.</strong></span> <span class='ocrx_word' id='word_1_559' title='bbox 3618 4820 3673 4873; x_wconf 68' lang='grc' dir='ltr'>Α</span> 
     </span>
    </p>
   </div>
   <div class='ocr_carea' id='block_1_79' title="bbox 489 4972 1981 5063">
    <p class='ocr_par' dir='ltr' id='par_1_79' title="bbox 489 4977 1981 5046">
     <span class='ocr_line' id='line_1_79' title="bbox 489 4977 1981 5046; baseline -0.004 -9"><span class='ocrx_word' id='word_1_560' title='bbox 489 4984 510 5016; x_wconf 78' lang='grc'><strong><em>⁵</em></strong></span> <span class='ocrx_word' id='word_1_561' title='bbox 536 4981 707 5037; x_wconf 83' lang='lat' dir='ltr'><strong>Exod.</strong></span> <span class='ocrx_word' id='word_1_562' title='bbox 743 4998 844 5045; x_wconf 84' lang='lat' dir='ltr'><strong>xu,</strong></span> <span class='ocrx_word' id='word_1_563' title='bbox 882 4981 964 5035; x_wconf 84' lang='grc'><strong>16.</strong></span> <span class='ocrx_word' id='word_1_564' title='bbox 1041 4982 1060 5013; x_wconf 79' lang='grc'><strong><em>⁸</em></strong></span> <span class='ocrx_word' id='word_1_565' title='bbox 1083 4980 1289 5035; x_wconf 90' lang='lat' dir='ltr'><strong>Psalm.</strong></span> <span class='ocrx_word' id='word_1_566' title='bbox 1322 4995 1489 5046; x_wconf 81' lang='lat' dir='ltr'><strong>cxvu,</strong></span> <span class='ocrx_word' id='word_1_567' title='bbox 1523 4979 1611 5034; x_wconf 74' lang='grc'><strong>12.</strong></span> <span class='ocrx_word' id='word_1_568' title='bbox 1674 4977 1880 5040; x_wconf 71' lang='lat' dir='ltr'><strong>71bid..</strong></span> <span class='ocrx_word' id='word_1_569' title='bbox 1913 4978 1981 5032; x_wconf 65' lang='grc'><strong>24</strong></span> 
     </span>
    </p>
   </div>
   <div class='ocr_carea' id='block_1_80' title="bbox 2084 4972 3010 5063">
    <p class='ocr_par' dir='ltr' id='par_1_80' title="bbox 2084 4972 3010 5041">
     <span class='ocr_line' id='line_1_80' title="bbox 2084 4972 3010 5041; baseline 0.001 -12"><span class='ocrx_word' id='word_1_570' title='bbox 2084 4978 2121 5031; x_wconf 83' lang='lat' dir='ltr'><strong>i.</strong></span> <span class='ocrx_word' id='word_1_571' title='bbox 2164 4978 2185 5009; x_wconf 87' lang='grc'>⁸</span> <span class='ocrx_word' id='word_1_572' title='bbox 2212 4975 2386 5031; x_wconf 86' lang='lat' dir='ltr'><strong>Exod.</strong></span> <span class='ocrx_word' id='word_1_573' title='bbox 2424 4990 2527 5041; x_wconf 83' lang='lat' dir='ltr'><strong>xu,</strong></span> <span class='ocrx_word' id='word_1_574' title='bbox 2558 4974 2612 5028; x_wconf 75' lang='lat'><strong>2.</strong></span> <span class='ocrx_word' id='word_1_575' title='bbox 2687 4975 2708 5007; x_wconf 83' lang='grc'><strong>⁹</strong></span> <span class='ocrx_word' id='word_1_576' title='bbox 2732 4972 2895 5039; x_wconf 90' lang='lat' dir='ltr'><strong>lbid.,</strong></span> <span class='ocrx_word' id='word_1_577' title='bbox 2924 4974 3010 5030; x_wconf 80' lang='lat'><strong>18.</strong></span> 
     </span>
    </p>
   </div>
   <div class='ocr_carea' id='block_1_81' title="bbox 470 5134 1970 5207">
    <p class='ocr_par' dir='ltr' id='par_1_81' title="bbox 470 5134 1970 5207">
     <span class='ocr_line' id='line_1_81' title="bbox 470 5134 1970 5207; baseline -0.003 -18"><span class='ocrx_word' id='word_1_578' title='bbox 470 5136 581 5207; x_wconf 85' lang='lat' dir='ltr'><strong>(-lG)</strong></span> <span class='ocrx_word' id='word_1_579' title='bbox 620 5136 774 5204; x_wconf 84' lang='lat' dir='ltr'><strong>Apud</strong></span> <span class='ocrx_word' id='word_1_580' title='bbox 803 5136 1024 5190; x_wconf 81' lang='lat' dir='ltr'><strong>Baluz.:</strong></span> <span class='ocrx_word' id='word_1_581' title='bbox 1056 5135 1283 5203; x_wconf 77' lang='lat' dir='ltr'><strong>Tlteopli.</strong></span> <span class='ocrx_word' id='word_1_582' title='bbox 1319 5152 1401 5204; x_wconf 90' lang='lat' dir='ltr'><strong>ep.</strong></span> <span class='ocrx_word' id='word_1_583' title='bbox 1436 5135 1614 5189; x_wconf 69' lang='lat' dir='ltr'><strong>dixit:</strong></span> <span class='ocrx_word' id='word_1_584' title='bbox 1642 5134 1843 5198; x_wconf 85' lang='lat' dir='ltr'><strong>Quibus</strong></span> <span class='ocrx_word' id='word_1_585' title='bbox 1878 5142 1970 5186; x_wconf 86' lang='lat' dir='ltr'><strong>aut</strong></span> 
     </span>
    </p>
   </div>
   <div class='ocr_carea' id='block_1_82' title="bbox 396 5207 1973 5277">
    <p class='ocr_par' dir='ltr' id='par_1_82' title="bbox 396 5207 1973 5277">
     <span class='ocr_line' id='line_1_82' title="bbox 396 5207 1973 5277; baseline -0.003 -18"><span class='ocrx_word' id='word_1_586' title='bbox 396 5210 609 5277; x_wconf 81' lang='lat' dir='ltr'><strong>quantis</strong></span> <span class='ocrx_word' id='word_1_587' title='bbox 638 5207 1107 5272; x_wconf 80' lang='lat' dir='ltr'><strong>benedictionibus,</strong></span> <span class='ocrx_word' id='word_1_588' title='bbox 1129 5207 1361 5273; x_wconf 86' lang='lat' dir='ltr'><strong>apertius</strong></span> <span class='ocrx_word' id='word_1_589' title='bbox 1387 5207 1580 5267; x_wconf 85' lang='lat' dir='ltr'><strong>dicite;</strong></span> <span class='ocrx_word' id='word_1_590' title='bbox 1614 5216 1669 5258; x_wconf 89' lang='lat' dir='ltr'><strong>ut</strong></span> <span class='ocrx_word' id='word_1_591' title='bbox 1696 5207 1829 5257; x_wconf 81' lang='lat' dir='ltr'><strong>scire</strong></span> <span class='ocrx_word' id='word_1_592' title='bbox 1844 5219 1973 5277; x_wconf 79' lang='lat' dir='ltr'><strong>pos-</strong></span> 
     </span>
    </p>
   </div>
   <div class='ocr_carea' id='block_1_83' title="bbox 397 5275 1973 5347">
    <p class='ocr_par' dir='ltr' id='par_1_83' title="bbox 397 5275 1973 5347">
     <span class='ocr_line' id='line_1_83' title="bbox 397 5275 1973 5347; baseline -0.003 -16"><span class='ocrx_word' id='word_1_593' title='bbox 397 5275 561 5331; x_wconf 77' lang='lat' dir='ltr'><strong>simus</strong></span> <span class='ocrx_word' id='word_1_594' title='bbox 586 5294 717 5347; x_wconf 79' lang='lat' dir='ltr'><strong>quas</strong></span> <span class='ocrx_word' id='word_1_595' title='bbox 747 5277 1191 5344; x_wconf 83' lang='lat' dir='ltr'><strong>sanctiﬁcationes</strong></span> <span class='ocrx_word' id='word_1_596' title='bbox 1217 5279 1274 5328; x_wconf 87' lang='lat' dir='ltr'><strong>in</strong></span> <span class='ocrx_word' id='word_1_597' title='bbox 1297 5292 1354 5329; x_wconf 87' lang='lat' dir='ltr'><strong>eo</strong></span> <span class='ocrx_word' id='word_1_598' title='bbox 1378 5276 1723 5347; x_wconf 34' lang='lat' dir='ltr'><strong>asseritislut</strong></span> <span class='ocrx_word' id='word_1_599' title='bbox 1747 5275 1973 5347; x_wconf 82' lang='lat' dir='ltr'><strong>scribere</strong></span> 
     </span>
    </p>
   </div>
   <div class='ocr_carea' id='block_1_84' title="bbox 395 5345 1862 5417">
    <p class='ocr_par' dir='ltr' id='par_1_84' title="bbox 395 5345 1862 5417">
     <span class='ocr_line' id='line_1_84' title="bbox 395 5345 1862 5417; baseline -0.003 -16"><span class='ocrx_word' id='word_1_600' title='bbox 395 5345 678 5417; x_wconf 79' lang='lat' dir='ltr'><strong>possimus.</strong></span> <span class='ocrx_word' id='word_1_601' title='bbox 719 5348 876 5416; x_wconf 86' lang='lat' dir='ltr'><strong>Apud</strong></span> <span class='ocrx_word' id='word_1_602' title='bbox 903 5346 1101 5400; x_wconf 72' lang='lat' dir='ltr'><strong>Bednm</strong></span> <span class='ocrx_word' id='word_1_603' title='bbox 1126 5355 1339 5417; x_wconf 79' lang='lat' dir='ltr'><strong>tamen,</strong></span> <span class='ocrx_word' id='word_1_604' title='bbox 1372 5355 1433 5400; x_wconf 90' lang='lat' dir='ltr'><strong>ut.</strong></span> <span class='ocrx_word' id='word_1_605' title='bbox 1464 5345 1593 5401; x_wconf 86' lang='lat' dir='ltr'><strong>edit.</strong></span> <span class='ocrx_word' id='word_1_606' title='bbox 1628 5345 1862 5400; x_wconf 90' lang='lat' dir='ltr'><strong>Bucher.</strong></span> 
     </span>
    </p>
   </div>
   <div class='ocr_carea' id='block_1_85' title="bbox 496 5416 1356 5488">
    <p class='ocr_par' dir='ltr' id='par_1_85' title="bbox 496 5416 1356 5488">
     <span class='ocr_line' id='line_1_85' title="bbox 496 5416 1356 5488; baseline 0.002 -18"><span class='ocrx_word' id='word_1_607' title='bbox 496 5417 582 5488; x_wconf 84' lang='lat' dir='ltr'><strong>l7)</strong></span> <span class='ocrx_word' id='word_1_608' title='bbox 624 5418 747 5473; x_wconf 63' lang='lat' dir='ltr'><strong>Haec</strong></span> <span class='ocrx_word' id='word_1_609' title='bbox 770 5418 967 5488; x_wconf 89' lang='lat' dir='ltr'><strong>desunt</strong></span> <span class='ocrx_word' id='word_1_610' title='bbox 996 5416 1138 5488; x_wconf 82' lang='lat' dir='ltr'><strong>apud</strong></span> <span class='ocrx_word' id='word_1_611' title='bbox 1168 5416 1356 5472; x_wconf 89' lang='lat' dir='ltr'><strong>Baluz.</strong></span> 
     </span>
    </p>
   </div>
   <div class='ocr_carea' id='block_1_86' title="bbox 495 5485 1978 5558">
    <p class='ocr_par' dir='ltr' id='par_1_86' title="bbox 495 5485 1978 5558">
     <span class='ocr_line' id='line_1_86' title="bbox 495 5485 1978 5558; baseline 0.001 -17"><span class='ocrx_word' id='word_1_612' title='bbox 495 5485 582 5555; x_wconf 80' lang='grc'><strong>18)</strong></span> <span class='ocrx_word' id='word_1_613' title='bbox 619 5490 773 5557; x_wconf 82' lang='lat' dir='ltr'><strong>Apud</strong></span> <span class='ocrx_word' id='word_1_614' title='bbox 799 5487 985 5541; x_wconf 85' lang='lat' dir='ltr'><strong>Baluz.</strong></span> <span class='ocrx_word' id='word_1_615' title='bbox 1014 5485 1195 5558; x_wconf 54' lang='lat' dir='ltr'><strong>{Quia</strong></span> <span class='ocrx_word' id='word_1_616' title='bbox 1221 5487 1536 5540; x_wconf 86' lang='lat' dir='ltr'><strong>centesimus</strong></span> <span class='ocrx_word' id='word_1_617' title='bbox 1559 5486 1792 5539; x_wconf 88' lang='lat' dir='ltr'><strong>decimus</strong></span> <span class='ocrx_word' id='word_1_618' title='bbox 1818 5490 1978 5558; x_wconf 86' lang='lat' dir='ltr'><strong>septi-</strong></span> 
     </span>
    </p>
   </div>
   <div class='ocr_carea' id='block_1_87' title="bbox 396 5556 1973 5627">
    <p class='ocr_par' dir='ltr' id='par_1_87' title="bbox 396 5556 1973 5627">
     <span class='ocr_line' id='line_1_87' title="bbox 396 5556 1973 5627; baseline -0.002 -16"><span class='ocrx_word' id='word_1_619' title='bbox 396 5573 513 5611; x_wconf 85' lang='lat' dir='ltr'><strong>mus</strong></span> <span class='ocrx_word' id='word_1_620' title='bbox 548 5559 784 5627; x_wconf 88' lang='lat' dir='ltr'><strong>psalmus</strong></span> <span class='ocrx_word' id='word_1_621' title='bbox 816 5568 955 5611; x_wconf 86' lang='lat' dir='ltr'><strong>totus</strong></span> <span class='ocrx_word' id='word_1_622' title='bbox 989 5556 1053 5610; x_wconf 88' lang='lat' dir='ltr'><strong>de</strong></span> <span class='ocrx_word' id='word_1_623' title='bbox 1083 5559 1324 5624; x_wconf 85' lang='lat' dir='ltr'><strong>passione</strong></span> <span class='ocrx_word' id='word_1_624' title='bbox 1348 5565 1398 5610; x_wconf 88' lang='lat' dir='ltr'><strong>et</strong></span> <span class='ocrx_word' id='word_1_625' title='bbox 1426 5558 1806 5610; x_wconf 84' lang='lat' dir='ltr'><strong>resurrectione</strong></span> <span class='ocrx_word' id='word_1_626' title='bbox 1841 5556 1973 5613; x_wconf 78' lang='lat' dir='ltr'><strong>can-</strong></span> 
     </span>
    </p>
   </div>
   <div class='ocr_carea' id='block_1_88' title="bbox 398 5627 1979 5698">
    <p class='ocr_par' dir='ltr' id='par_1_88' title="bbox 398 5627 1979 5698">
     <span class='ocr_line' id='line_1_88' title="bbox 398 5627 1979 5698; baseline 0.001 -17"><span class='ocrx_word' id='word_1_627' title='bbox 398 5636 565 5681; x_wconf 85' lang='lat' dir='ltr'><strong>tatur.</strong></span> <span class='ocrx_word' id='word_1_628' title='bbox 597 5628 671 5682; x_wconf 86' lang='lat' dir='ltr'><strong>De</strong></span> <span class='ocrx_word' id='word_1_629' title='bbox 695 5631 935 5698; x_wconf 85' lang='lat' dir='ltr'><strong>passione</strong></span> <span class='ocrx_word' id='word_1_630' title='bbox 963 5644 1027 5698; x_wconf 52' lang='lat'><strong>:3</strong></span> <span class='ocrx_word' id='word_1_631' title='bbox 1055 5628 1470 5682; x_wconf 77' lang='lat' dir='ltr'><strong>Circumdautes</strong></span> <span class='ocrx_word' id='word_1_632' title='bbox 1501 5627 1979 5698; x_wconf 78' lang='lat' dir='ltr'><strong>circumdederunt</strong></span> 
     </span>
    </p>
   </div>
   <div class='ocr_carea' id='block_1_89' title="bbox 398 5696 1976 5761">
    <p class='ocr_par' dir='ltr' id='par_1_89' title="bbox 398 5696 1976 5761">
     <span class='ocr_line' id='line_1_89' title="bbox 398 5696 1976 5761; baseline 0 -10"><span class='ocrx_word' id='word_1_633' title='bbox 398 5713 507 5761; x_wconf 80' lang='lat' dir='ltr'><strong>tne,</strong></span> <span class='ocrx_word' id='word_1_634' title='bbox 544 5707 598 5751; x_wconf 90' lang='lat' dir='ltr'><strong>et</strong></span> <span class='ocrx_word' id='word_1_635' title='bbox 636 5696 944 5753; x_wconf 40' lang='lat' dir='ltr'><strong>in&#39;nomine</strong></span> <span class='ocrx_word' id='word_1_636' title='bbox 995 5697 1208 5752; x_wconf 91' lang='lat' dir='ltr'><strong>Domini</strong></span> <span class='ocrx_word' id='word_1_637' title='bbox 1250 5698 1571 5753; x_wconf 85' lang='lat' dir='ltr'><strong>vimlicabor</strong></span> <span class='ocrx_word' id='word_1_638' title='bbox 1613 5699 1666 5751; x_wconf 90' lang='lat' dir='ltr'><strong>in</strong></span> <span class='ocrx_word' id='word_1_639' title='bbox 1710 5696 1809 5751; x_wconf 92' lang='lat' dir='ltr'><strong>eis.</strong></span> <span class='ocrx_word' id='word_1_640' title='bbox 1853 5698 1976 5753; x_wconf 87' lang='lat' dir='ltr'><strong>Cir-</strong></span> 
     </span>
    </p>
   </div>
   <div class='ocr_carea' id='block_1_90' title="bbox 396 5768 1978 5837">
    <p class='ocr_par' dir='ltr' id='par_1_90' title="bbox 396 5768 1978 5837">
     <span class='ocr_line' id='line_1_90' title="bbox 396 5768 1978 5837; baseline 0.001 -16"><span class='ocrx_word' id='word_1_641' title='bbox 396 5770 796 5823; x_wconf 87' lang='lat' dir='ltr'><strong>cumdederuut</strong></span> <span class='ocrx_word' id='word_1_642' title='bbox 828 5783 917 5823; x_wconf 90' lang='lat' dir='ltr'><strong>me</strong></span> <span class='ocrx_word' id='word_1_643' title='bbox 966 5769 1277 5837; x_wconf 84' lang='lat' dir='ltr'><strong>sicutapes</strong></span> <span class='ocrx_word' id='word_1_644' title='bbox 1328 5768 1535 5833; x_wconf 79' lang='lat' dir='ltr'><strong>favum,</strong></span> <span class='ocrx_word' id='word_1_645' title='bbox 1559 5777 1614 5821; x_wconf 88' lang='lat' dir='ltr'><strong>et</strong></span> <span class='ocrx_word' id='word_1_646' title='bbox 1653 5776 1978 5823; x_wconf 81' lang='lat' dir='ltr'><strong>exarserunt</strong></span> 
     </span>
    </p>
   </div>
   <div class='ocr_carea' id='block_1_91' title="bbox 400 5836 1975 5909">
    <p class='ocr_par' dir='ltr' id='par_1_91' title="bbox 400 5836 1975 5909">
     <span class='ocr_line' id='line_1_91' title="bbox 400 5836 1975 5909; baseline 0 -17"><span class='ocrx_word' id='word_1_647' title='bbox 400 5839 542 5893; x_wconf 86' lang='lat' dir='ltr'><strong>sicut</strong></span> <span class='ocrx_word' id='word_1_648' title='bbox 572 5839 712 5909; x_wconf 82' lang='lat' dir='ltr'><strong>ignis</strong></span> <span class='ocrx_word' id='word_1_649' title='bbox 744 5838 796 5893; x_wconf 89' lang='lat' dir='ltr'><strong>in</strong></span> <span class='ocrx_word' id='word_1_650' title='bbox 829 5838 1021 5909; x_wconf 88' lang='lat' dir='ltr'><strong>spinis.</strong></span> <span class='ocrx_word' id='word_1_651' title='bbox 1056 5858 1074 5891; x_wconf 76' lang='grc' dir='ltr'><strong>ι</strong></span> <span class='ocrx_word' id='word_1_652' title='bbox 1113 5836 1499 5907; x_wconf 28' lang='grc' dir='ltr'><strong>Εείὶηιενίεειὶε</strong></span> <span class='ocrx_word' id='word_1_653' title='bbox 1525 5839 1756 5892; x_wconf 79' lang='lat' dir='ltr'><strong>versibus</strong></span> <span class='ocrx_word' id='word_1_654' title='bbox 1777 5853 1792 5889; x_wconf 89' lang='lat'><em>:</em></span> <span class='ocrx_word' id='word_1_655' title='bbox 1823 5860 1839 5891; x_wconf 73' lang='grc' dir='ltr'>ε</span> <span class='ocrx_word' id='word_1_656' title='bbox 1872 5839 1975 5892; x_wconf 80' lang='lat' dir='ltr'><strong>La-</strong></span> 
     </span>
    </p>
   </div>
   <div class='ocr_carea' id='block_1_92' title="bbox 2079 5131 3667 5201">
    <p class='ocr_par' dir='ltr' id='par_1_92' title="bbox 2079 5131 3667 5201">
     <span class='ocr_line' id='line_1_92' title="bbox 2079 5131 3667 5201; baseline 0.003 -17"><span class='ocrx_word' id='word_1_657' title='bbox 2079 5133 2259 5201; x_wconf 77' lang='lat' dir='ltr'><strong>pidem</strong></span> <span class='ocrx_word' id='word_1_658' title='bbox 2301 5149 2464 5201; x_wconf 88' lang='lat' dir='ltr'><strong>quem</strong></span> <span class='ocrx_word' id='word_1_659' title='bbox 2508 5132 2938 5201; x_wconf 80' lang='lat' dir='ltr'><strong>reprobaveruut</strong></span> <span class='ocrx_word' id='word_1_660' title='bbox 2967 5132 3320 5197; x_wconf 62' lang='lat' dir='ltr'><strong>aediﬁcantes,</strong></span> <span class='ocrx_word' id='word_1_661' title='bbox 3365 5133 3452 5188; x_wconf 90' lang='lat' dir='ltr'><strong>hic</strong></span> <span class='ocrx_word' id='word_1_662' title='bbox 3487 5131 3667 5189; x_wconf 82' lang='lat' dir='ltr'><strong>factus</strong></span> 
     </span>
    </p>
   </div>
   <div class='ocr_carea' id='block_1_93' title="bbox 2079 5200 3665 5272">
    <p class='ocr_par' dir='ltr' id='par_1_93' title="bbox 2079 5200 3665 5272">
     <span class='ocr_line' id='line_1_93' title="bbox 2079 5200 3665 5272; baseline 0.001 -15"><span class='ocrx_word' id='word_1_663' title='bbox 2079 5200 2159 5257; x_wconf 78' lang='lat' dir='ltr'><strong>est</strong></span> <span class='ocrx_word' id='word_1_664' title='bbox 2193 5205 2243 5255; x_wconf 92' lang='lat' dir='ltr'><strong>in</strong></span> <span class='ocrx_word' id='word_1_665' title='bbox 2272 5200 2437 5271; x_wconf 85' lang='lat' dir='ltr'><strong>caput</strong></span> <span class='ocrx_word' id='word_1_666' title='bbox 2470 5200 2677 5270; x_wconf 83' lang='lat' dir='ltr'><strong>anguli.</strong></span> <span class='ocrx_word' id='word_1_667' title='bbox 2710 5222 2728 5255; x_wconf 80' lang='grc' dir='ltr'><strong>ι</strong></span> <span class='ocrx_word' id='word_1_668' title='bbox 2778 5200 2908 5257; x_wconf 76' lang='grc' dir='ltr'><strong>Ιιωσ</strong></span> <span class='ocrx_word' id='word_1_669' title='bbox 2933 5203 2997 5256; x_wconf 90' lang='lat' dir='ltr'><strong>de</strong></span> <span class='ocrx_word' id='word_1_670' title='bbox 3020 5204 3286 5272; x_wconf 85' lang='lat' dir='ltr'><strong>passione.</strong></span> <span class='ocrx_word' id='word_1_671' title='bbox 3316 5202 3393 5256; x_wconf 85' lang='lat' dir='ltr'><strong>De</strong></span> <span class='ocrx_word' id='word_1_672' title='bbox 3429 5221 3665 5259; x_wconf 86' lang='lat' dir='ltr'><strong>resurre-</strong></span> 
     </span>
    </p>
   </div>
   <div class='ocr_carea' id='block_1_94' title="bbox 2080 5274 2845 5327">
    <p class='ocr_par' dir='ltr' id='par_1_94' title="bbox 2080 5274 2845 5327">
     <span class='ocr_line' id='line_1_94' title="bbox 2080 5274 2845 5327; baseline 0.001 -1"><span class='ocrx_word' id='word_1_673' title='bbox 2080 5275 2248 5326; x_wconf 84' lang='lat' dir='ltr'><strong>ctione</strong></span> <span class='ocrx_word' id='word_1_674' title='bbox 2273 5284 2447 5326; x_wconf 85' lang='lat' dir='ltr'><strong>autem</strong></span> <span class='ocrx_word' id='word_1_675' title='bbox 2481 5274 2677 5326; x_wconf 84' lang='lat' dir='ltr'><strong>dicit...</strong></span> <span class='ocrx_word' id='word_1_676' title='bbox 2695 5292 2713 5324; x_wconf 75' lang='grc' dir='ltr'><strong>ι</strong></span> <span class='ocrx_word' id='word_1_677' title='bbox 2740 5283 2845 5327; x_wconf 88' lang='lat' dir='ltr'><strong>etc.</strong></span> 
     </span>
    </p>
   </div>
   <div class='ocr_carea' id='block_1_95' title="bbox 2152 5342 3663 5412">
    <p class='ocr_par' dir='ltr' id='par_1_95' title="bbox 2152 5342 3663 5412">
     <span class='ocr_line' id='line_1_95' title="bbox 2152 5342 3663 5412; baseline 0.002 -16"><span class='ocrx_word' id='word_1_678' title='bbox 2152 5344 2264 5411; x_wconf 86' lang='lat' dir='ltr'><strong>(l9)</strong></span> <span class='ocrx_word' id='word_1_679' title='bbox 2302 5344 2458 5412; x_wconf 89' lang='lat' dir='ltr'><strong>Apud</strong></span> <span class='ocrx_word' id='word_1_680' title='bbox 2496 5342 2681 5397; x_wconf 86' lang='lat' dir='ltr'><strong>Baluz.</strong></span> <span class='ocrx_word' id='word_1_681' title='bbox 2714 5362 2731 5394; x_wconf 77' lang='grc' dir='ltr'><strong>ι</strong></span> <span class='ocrx_word' id='word_1_682' title='bbox 2762 5344 3007 5398; x_wconf 62' lang='lat' dir='ltr'><strong>laetemur</strong></span> <span class='ocrx_word' id='word_1_683' title='bbox 3036 5344 3091 5399; x_wconf 91' lang='lat' dir='ltr'><strong>in</strong></span> <span class='ocrx_word' id='word_1_684' title='bbox 3115 5360 3199 5399; x_wconf 88' lang='lat' dir='ltr'><strong>ea.</strong></span> <span class='ocrx_word' id='word_1_685' title='bbox 3231 5363 3249 5396; x_wconf 80' lang='grc' dir='ltr'><strong>ι</strong></span> <span class='ocrx_word' id='word_1_686' title='bbox 3282 5343 3350 5397; x_wconf 82' lang='lat' dir='ltr'><strong>Et</strong></span> <span class='ocrx_word' id='word_1_687' title='bbox 3375 5344 3663 5412; x_wconf 84' lang='lat' dir='ltr'><strong>interjectis</strong></span> 
     </span>
    </p>
   </div>
   <div class='ocr_carea' id='block_1_96' title="bbox 2079 5413 3663 5471">
    <p class='ocr_par' dir='ltr' id='par_1_96' title="bbox 2079 5413 3663 5471">
     <span class='ocr_line' id='line_1_96' title="bbox 2079 5413 3663 5471; baseline 0.003 -4"><span class='ocrx_word' id='word_1_688' title='bbox 2079 5414 2355 5467; x_wconf 85' lang='lat' dir='ltr'><strong>versibus:</strong></span> <span class='ocrx_word' id='word_1_689' title='bbox 2388 5433 2405 5464; x_wconf 76' lang='grc' dir='ltr'><strong>ι</strong></span> <span class='ocrx_word' id='word_1_690' title='bbox 2433 5413 2760 5470; x_wconf 72' lang='lat' dir='ltr'><strong>Coustituite</strong></span> <span class='ocrx_word' id='word_1_691' title='bbox 2778 5413 2921 5467; x_wconf 90' lang='lat' dir='ltr'><strong>diem</strong></span> <span class='ocrx_word' id='word_1_692' title='bbox 2954 5415 3252 5469; x_wconf 88' lang='lat' dir='ltr'><strong>solemnem</strong></span> <span class='ocrx_word' id='word_1_693' title='bbox 3279 5415 3334 5468; x_wconf 91' lang='lat' dir='ltr'><strong>in</strong></span> <span class='ocrx_word' id='word_1_694' title='bbox 3368 5415 3663 5471; x_wconf 89' lang='lat' dir='ltr'><strong>condensis</strong></span> 
     </span>
    </p>
   </div>
   <div class='ocr_carea' id='block_1_97' title="bbox 2080 5483 3667 5556">
    <p class='ocr_par' dir='ltr' id='par_1_97' title="bbox 2080 5483 3667 5556">
     <span class='ocr_line' id='line_1_97' title="bbox 2080 5483 3667 5556; baseline 0.002 -20"><span class='ocrx_word' id='word_1_695' title='bbox 2080 5483 2556 5556; x_wconf 8' lang='lat' dir='ltr'><strong>fug-equcntantibus</strong></span> <span class='ocrx_word' id='word_1_696' title='bbox 2599 5484 2653 5537; x_wconf 90' lang='lat' dir='ltr'><strong>in</strong></span> <span class='ocrx_word' id='word_1_697' title='bbox 2693 5500 2865 5556; x_wconf 87' lang='lat' dir='ltr'><strong>cornu</strong></span> <span class='ocrx_word' id='word_1_698' title='bbox 2914 5484 3122 5556; x_wconf 81' lang='lat' dir='ltr'><strong>altaris.</strong></span> <span class='ocrx_word' id='word_1_699' title='bbox 3158 5505 3176 5536; x_wconf 80' lang='grc' dir='ltr'><strong>ι</strong></span> <span class='ocrx_word' id='word_1_700' title='bbox 3219 5483 3514 5556; x_wconf 84' lang='lat' dir='ltr'><strong>Sequentia</strong></span> <span class='ocrx_word' id='word_1_701' title='bbox 3548 5486 3667 5553; x_wconf 85' lang='lat' dir='ltr'><strong>plu-</strong></span> 
     </span>
    </p>
   </div>
   <div class='ocr_carea' id='block_1_98' title="bbox 2079 5554 3284 5610">
    <p class='ocr_par' dir='ltr' id='par_1_98' title="bbox 2079 5554 3284 5610">
     <span class='ocr_line' id='line_1_98' title="bbox 2079 5554 3284 5610; baseline 0.003 -4"><span class='ocrx_word' id='word_1_702' title='bbox 2079 5554 2280 5607; x_wconf 86' lang='lat' dir='ltr'><strong>rimum</strong></span> <span class='ocrx_word' id='word_1_703' title='bbox 2310 5555 2624 5610; x_wconf 78' lang='lat' dir='ltr'><strong>discrepant</strong></span> <span class='ocrx_word' id='word_1_704' title='bbox 2655 5555 2725 5609; x_wconf 90' lang='lat' dir='ltr'><strong>ab</strong></span> <span class='ocrx_word' id='word_1_705' title='bbox 2749 5554 2897 5609; x_wconf 90' lang='lat' dir='ltr'><strong>edito</strong></span> <span class='ocrx_word' id='word_1_706' title='bbox 2922 5554 3284 5610; x_wconf 86' lang='lat' dir='ltr'><strong>Buchcriauo.</strong></span> 
     </span>
    </p>
   </div>
   <div class='ocr_carea' id='block_1_99' title="bbox 2152 5624 3663 5697">
    <p class='ocr_par' dir='ltr' id='par_1_99' title="bbox 2152 5624 3663 5697">
     <span class='ocr_line' id='line_1_99' title="bbox 2152 5624 3663 5697; baseline 0.003 -21"><span class='ocrx_word' id='word_1_707' title='bbox 2152 5624 2265 5695; x_wconf 70' lang='lat'><strong>(20)</strong></span> <span class='ocrx_word' id='word_1_708' title='bbox 2291 5624 2444 5692; x_wconf 86' lang='lat' dir='ltr'><strong>Apud</strong></span> <span class='ocrx_word' id='word_1_709' title='bbox 2474 5624 2673 5697; x_wconf 79' lang='lat' dir='ltr'><strong>Baron.</strong></span> <span class='ocrx_word' id='word_1_710' title='bbox 2712 5634 3046 5697; x_wconf 71' lang='lat' dir='ltr'><strong>consecratos</strong></span> <span class='ocrx_word' id='word_1_711' title='bbox 3073 5626 3255 5697; x_wconf 86' lang='lat' dir='ltr'><strong>(dies).</strong></span> <span class='ocrx_word' id='word_1_712' title='bbox 3284 5624 3473 5679; x_wconf 83' lang='lat' dir='ltr'><strong>Baluz.</strong></span> <span class='ocrx_word' id='word_1_713' title='bbox 3499 5642 3663 5695; x_wconf 75' lang='lat' dir='ltr'><strong>usque</strong></span> 
     </span>
    </p>
   </div>
   <div class='ocr_carea' id='block_1_100' title="bbox 2080 5694 3660 5767">
    <p class='ocr_par' dir='ltr' id='par_1_100' title="bbox 2080 5694 3660 5767">
     <span class='ocr_line' id='line_1_100' title="bbox 2080 5694 3660 5767; baseline 0.003 -21"><span class='ocrx_word' id='word_1_714' title='bbox 2080 5696 2150 5767; x_wconf 66' lang='lat' dir='ltr'><strong>ad</strong></span> <span class='ocrx_word' id='word_1_715' title='bbox 2178 5694 2419 5767; x_wconf 84' lang='lat' dir='ltr'><strong>octavum</strong></span> <span class='ocrx_word' id='word_1_716' title='bbox 2452 5694 2723 5767; x_wconf 86' lang='lat' dir='ltr'><strong>Kalendas</strong></span> <span class='ocrx_word' id='word_1_717' title='bbox 2758 5694 2914 5761; x_wconf 76' lang='lat' dir='ltr'><strong>Maii,</strong></span> <span class='ocrx_word' id='word_1_718' title='bbox 2958 5695 3011 5748; x_wconf 82' lang='lat' dir='ltr'><strong>hi</strong></span> <span class='ocrx_word' id='word_1_719' title='bbox 3047 5694 3169 5750; x_wconf 77' lang='lat' dir='ltr'><strong>sunt</strong></span> <span class='ocrx_word' id='word_1_720' title='bbox 3208 5694 3428 5767; x_wconf 85' lang='lat' dir='ltr'><strong>triginta</strong></span> <span class='ocrx_word' id='word_1_721' title='bbox 3462 5694 3583 5751; x_wconf 46' lang='lat' dir='ltr'><strong>dics</strong></span> <span class='ocrx_word' id='word_1_722' title='bbox 3607 5697 3660 5750; x_wconf 74' lang='lat' dir='ltr'><strong>in</strong></span> 
     </span>
    </p>
   </div>
   <div class='ocr_carea' id='block_1_101' title="bbox 2080 5764 2637 5818">
    <p class='ocr_par' dir='ltr' id='par_1_101' title="bbox 2080 5764 2637 5818">
     <span class='ocr_line' id='line_1_101' title="bbox 2080 5764 2637 5818; baseline 0.002 -1"><span class='ocrx_word' id='word_1_723' title='bbox 2080 5764 2291 5817; x_wconf 87' lang='lat' dir='ltr'><strong>Pascha</strong></span> <span class='ocrx_word' id='word_1_724' title='bbox 2326 5766 2637 5818; x_wconf 85' lang='lat' dir='ltr'><strong>consecrati.</strong></span> 
     </span>
    </p>
   </div>
   <div class='ocr_carea' id='block_1_102' title="bbox 2152 5832 3409 5903">
    <p class='ocr_par' dir='ltr' id='par_1_102' title="bbox 2152 5832 3409 5903">
     <span class='ocr_line' id='line_1_102' title="bbox 2152 5832 3409 5903; baseline 0.003 -16"><span class='ocrx_word' id='word_1_725' title='bbox 2152 5834 2263 5903; x_wconf 56' lang='grc' dir='ltr'><strong>(ἐι)</strong></span> <span class='ocrx_word' id='word_1_726' title='bbox 2306 5832 2528 5889; x_wconf 80' lang='lat' dir='ltr'><strong>Baluz.:</strong></span> <span class='ocrx_word' id='word_1_727' title='bbox 2570 5834 2637 5889; x_wconf 86' lang='lat' dir='ltr'><strong>Et</strong></span> <span class='ocrx_word' id='word_1_728' title='bbox 2666 5836 2729 5890; x_wconf 89' lang='lat' dir='ltr'><strong>de</strong></span> <span class='ocrx_word' id='word_1_729' title='bbox 2760 5836 3044 5891; x_wconf 85' lang='lat' dir='ltr'><strong>novissimo</strong></span> <span class='ocrx_word' id='word_1_730' title='bbox 3068 5837 3409 5892; x_wconf 84' lang='lat' dir='ltr'><strong>reducantur.</strong></span> 
     </span>
    </p>
   </div>
  </div>
