  <div class='ocr_page' id='page_1' title='image "/cluster/home/n/w/nwhite01/storage/ocr_20150623/5/coo.31924054872845/693.png"; bbox 0 0 4148 6396; ppageno 0'>
   <div class='ocr_carea' id='block_1_1' title="bbox 531 378 658 465">
    <p class='ocr_par' dir='ltr' id='par_1_1' title="bbox 531 378 658 465">
     <span class='ocr_line' id='line_1_1' title="bbox 531 378 658 465; baseline -0.008 -32"><span class='ocrx_word' id='word_1_1' title='bbox 531 378 658 465; x_wconf 77' lang='lat' dir='ltr'><strong>l3&#39;il</strong></span> 
     </span>
    </p>
   </div>
   <div class='ocr_carea' id='block_1_2' title="bbox 1478 380 2796 445">
    <p class='ocr_par' dir='ltr' id='par_1_2' title="bbox 1478 380 2796 445">
     <span class='ocr_line' id='line_1_2' title="bbox 1478 380 2796 445; baseline 0.007 -9"><span class='ocrx_word' id='word_1_2' title='bbox 1478 380 1537 436; x_wconf 89' lang='lat' dir='ltr'><strong>S.</strong></span> <span class='ocrx_word' id='word_1_3' title='bbox 1580 382 1990 441; x_wconf 80' lang='lat' dir='ltr'><strong>SERAPIONIS</strong></span> <span class='ocrx_word' id='word_1_4' title='bbox 2030 383 2335 442; x_wconf 84' lang='lat' dir='ltr'><strong>EPlSCOPI</strong></span> <span class='ocrx_word' id='word_1_5' title='bbox 2376 386 2796 445; x_wconf 80' lang='lat' dir='ltr'><strong>ANTIOCHENI</strong></span> 
     </span>
    </p>
   </div>
   <div class='ocr_carea' id='block_1_3' title="bbox 3655 400 3795 455">
    <p class='ocr_par' dir='ltr' id='par_1_3' title="bbox 3655 400 3795 455">
     <span class='ocr_line' id='line_1_3' title="bbox 3655 400 3795 455; baseline 0.007 -1"><span class='ocrx_word' id='word_1_6' title='bbox 3655 400 3795 455; x_wconf 53' lang='lat'><strong>{37%</strong></span> 
     </span>
    </p>
   </div>
   <div class='ocr_carea' id='block_1_4' title="bbox 530 494 2105 587">
    <p class='ocr_par' dir='ltr' id='par_1_4' title="bbox 530 494 2103 560">
     <span class='ocr_line' id='line_1_4' title="bbox 530 494 2103 560; baseline 0.006 -11"><span class='ocrx_word' id='word_1_7' title='bbox 530 494 695 550; x_wconf 90' lang='lat' dir='ltr'><strong>nobis</strong></span> <span class='ocrx_word' id='word_1_8' title='bbox 726 495 872 550; x_wconf 87' lang='lat' dir='ltr'><strong>enim</strong></span> <span class='ocrx_word' id='word_1_9' title='bbox 901 496 967 550; x_wconf 84' lang='lat' dir='ltr'><strong>ad</strong></span> <span class='ocrx_word' id='word_1_10' title='bbox 998 497 1139 560; x_wconf 83' lang='lat' dir='ltr'><strong>illos,</strong></span> <span class='ocrx_word' id='word_1_11' title='bbox 1171 507 1228 553; x_wconf 90' lang='lat' dir='ltr'><strong>et</strong></span> <span class='ocrx_word' id='word_1_12' title='bbox 1254 497 1495 553; x_wconf 77' lang='lat' dir='ltr'><strong>vicissim</strong></span> <span class='ocrx_word' id='word_1_13' title='bbox 1526 501 1596 555; x_wconf 89' lang='lat' dir='ltr'><strong>ab</strong></span> <span class='ocrx_word' id='word_1_14' title='bbox 1621 501 1730 558; x_wconf 87' lang='lat' dir='ltr'><strong>illis</strong></span> <span class='ocrx_word' id='word_1_15' title='bbox 1765 504 1831 557; x_wconf 91' lang='lat' dir='ltr'><strong>ad</strong></span> <span class='ocrx_word' id='word_1_16' title='bbox 1878 520 1982 559; x_wconf 88' lang='lat' dir='ltr'><strong>nos</strong></span> <span class='ocrx_word' id='word_1_17' title='bbox 2012 505 2103 559; x_wconf 87' lang='lat' dir='ltr'><strong>lit-</strong></span> 
     </span>
    </p>
   </div>
   <div class='ocr_carea' id='block_1_5' title="bbox 2207 494 3786 587">
    <p class='ocr_par' dir='ltr' id='par_1_5' title="bbox 2207 506 3786 587">
     <span class='ocr_line' id='line_1_5' title="bbox 2207 506 3786 587; baseline 0.008 -28"><span class='ocrx_word' id='word_1_18' title='bbox 2207 506 2509 577; x_wconf 79' lang='grc' dir='ltr'><strong>γράμματα</strong></span> <span class='ocrx_word' id='word_1_19' title='bbox 2536 507 2647 579; x_wconf 71' lang='grc'>(22)</span> <span class='ocrx_word' id='word_1_20' title='bbox 2667 509 2955 580; x_wconf 78' lang='grc' dir='ltr'><strong>κομίζεται</strong></span> <span class='ocrx_word' id='word_1_21' title='bbox 2979 511 3163 576; x_wconf 79' lang='grc' dir='ltr'><strong>αὐτοῖς</strong></span> <span class='ocrx_word' id='word_1_22' title='bbox 3181 530 3193 543; x_wconf 77' lang='grc'><strong><em>⁸</em></strong></span> <span class='ocrx_word' id='word_1_23' title='bbox 3230 514 3325 568; x_wconf 76' lang='grc' dir='ltr'><strong>καὶ</strong></span> <span class='ocrx_word' id='word_1_24' title='bbox 3354 517 3486 585; x_wconf 75' lang='grc' dir='ltr'>ἡμῖν</span> <span class='ocrx_word' id='word_1_25' title='bbox 3534 517 3664 587; x_wconf 81' lang='grc' dir='ltr'><strong>παρ’</strong></span> <span class='ocrx_word' id='word_1_26' title='bbox 3688 520 3786 572; x_wconf 80' lang='grc' dir='ltr'><strong>αὐ-</strong></span> 
     </span>
    </p>
   </div>
   <div class='ocr_carea' id='block_1_6' title="bbox 528 587 2107 656">
    <p class='ocr_par' dir='ltr' id='par_1_6' title="bbox 528 587 2107 656">
     <span class='ocr_line' id='line_1_6' title="bbox 528 587 2107 656; baseline 0.008 -15"><span class='ocrx_word' id='word_1_27' title='bbox 528 596 658 641; x_wconf 69' lang='lat' dir='ltr'><strong>teraa</strong></span> <span class='ocrx_word' id='word_1_28' title='bbox 681 587 1025 656; x_wconf 83' lang='lat' dir='ltr'><strong>perferuntur</strong></span> <span class='ocrx_word' id='word_1_29' title='bbox 1052 606 1067 655; x_wconf 89' lang='lat'><strong>;</strong></span> <span class='ocrx_word' id='word_1_30' title='bbox 1101 590 1173 644; x_wconf 88' lang='lat' dir='ltr'><strong>ita</strong></span> <span class='ocrx_word' id='word_1_31' title='bbox 1204 600 1265 645; x_wconf 85' lang='grc' dir='ltr'><strong>ιιι</strong></span> <span class='ocrx_word' id='word_1_32' title='bbox 1291 607 1401 647; x_wconf 92' lang='lat' dir='ltr'><strong>una</strong></span> <span class='ocrx_word' id='word_1_33' title='bbox 1426 606 1701 649; x_wconf 88' lang='lat' dir='ltr'><strong>consensu</strong></span> <span class='ocrx_word' id='word_1_34' title='bbox 1728 602 1785 650; x_wconf 92' lang='lat' dir='ltr'><strong>et</strong></span> <span class='ocrx_word' id='word_1_35' title='bbox 1821 596 1986 651; x_wconf 88' lang='lat' dir='ltr'><strong>simul</strong></span> <span class='ocrx_word' id='word_1_36' title='bbox 2016 612 2107 653; x_wconf 86' lang='lat' dir='ltr'><strong>sa-</strong></span> 
     </span>
    </p>
   </div>
   <div class='ocr_carea' id='block_1_7' title="bbox 532 681 1423 748">
    <p class='ocr_par' dir='ltr' id='par_1_7' title="bbox 532 681 1423 748">
     <span class='ocr_line' id='line_1_7' title="bbox 532 681 1423 748; baseline 0.007 -18"><span class='ocrx_word' id='word_1_37' title='bbox 532 685 879 733; x_wconf 87' lang='lat' dir='ltr'><strong>crosanctum</strong></span> <span class='ocrx_word' id='word_1_38' title='bbox 911 694 1236 748; x_wconf 83' lang='lat' dir='ltr'><strong>peragamus</strong></span> <span class='ocrx_word' id='word_1_39' title='bbox 1259 681 1423 736; x_wconf 89' lang='lat' dir='ltr'><strong>diem.</strong></span> 
     </span>
    </p>
   </div>
   <div class='ocr_carea' id='block_1_8' title="bbox 604 813 2109 886">
    <p class='ocr_par' dir='ltr' id='par_1_8' title="bbox 604 813 2109 886">
     <span class='ocr_line' id='line_1_8' title="bbox 604 813 2109 886; baseline 0.005 -19"><span class='ocrx_word' id='word_1_40' title='bbox 604 813 719 885; x_wconf 73' lang='lat'><strong>(9.9.)</strong></span> <span class='ocrx_word' id='word_1_41' title='bbox 740 813 881 881; x_wconf 74' lang='lat' dir='ltr'><strong>Hap’</strong></span> <span class='ocrx_word' id='word_1_42' title='bbox 918 813 1085 886; x_wconf 72' lang='grc' dir='ltr'><strong>ᾐμῶν</strong></span> <span class='ocrx_word' id='word_1_43' title='bbox 1115 815 1181 867; x_wconf 79' lang='grc' dir='ltr'><strong>δὲ</strong></span> <span class='ocrx_word' id='word_1_44' title='bbox 1212 818 1283 870; x_wconf 80' lang='grc' dir='ltr'><em>τὰ</em></span> <span class='ocrx_word' id='word_1_45' title='bbox 1317 817 1641 886; x_wconf 68' lang='grc' dir='ltr'><strong>γράμματα.</strong></span> <span class='ocrx_word' id='word_1_46' title='bbox 1691 817 1782 873; x_wconf 87' lang='lat' dir='ltr'><strong>Sic</strong></span> <span class='ocrx_word' id='word_1_47' title='bbox 1820 834 1886 873; x_wconf 90' lang='lat' dir='ltr'><strong>ex</strong></span> <span class='ocrx_word' id='word_1_48' title='bbox 1921 820 2109 875; x_wconf 87' lang='lat' dir='ltr'><strong>codice</strong></span> 
     </span>
    </p>
   </div>
   <div class='ocr_carea' id='block_1_9' title="bbox 532 883 2106 955">
    <p class='ocr_par' dir='ltr' id='par_1_9' title="bbox 532 883 2106 955">
     <span class='ocr_line' id='line_1_9' title="bbox 532 883 2106 955; baseline 0.004 -18"><span class='ocrx_word' id='word_1_49' title='bbox 532 883 705 953; x_wconf 80' lang='lat' dir='ltr'><strong>Regio</strong></span> <span class='ocrx_word' id='word_1_50' title='bbox 731 886 897 938; x_wconf 88' lang='lat' dir='ltr'><strong>edidit</strong></span> <span class='ocrx_word' id='word_1_51' title='bbox 922 883 1195 939; x_wconf 81' lang='lat' dir='ltr'><strong>Robertus</strong></span> <span class='ocrx_word' id='word_1_52' title='bbox 1228 883 1559 955; x_wconf 79' lang='lat' dir='ltr'><strong>Stephanus.</strong></span> <span class='ocrx_word' id='word_1_53' title='bbox 1595 888 1652 941; x_wconf 91' lang='lat' dir='ltr'><strong>In</strong></span> <span class='ocrx_word' id='word_1_54' title='bbox 1700 889 1890 943; x_wconf 88' lang='lat' dir='ltr'><strong>codice</strong></span> <span class='ocrx_word' id='word_1_55' title='bbox 1934 889 2106 943; x_wconf 84' lang='lat' dir='ltr'><strong>Medi-</strong></span> 
     </span>
    </p>
   </div>
   <div class='ocr_carea' id='block_1_10' title="bbox 532 955 2107 1029">
    <p class='ocr_par' dir='ltr' id='par_1_10' title="bbox 532 955 2107 1029">
     <span class='ocr_line' id='line_1_10' title="bbox 532 955 2107 1029; baseline 0.004 -22"><span class='ocrx_word' id='word_1_56' title='bbox 532 970 643 1008; x_wconf 60' lang='lat' dir='ltr'><strong>caeo</strong></span> <span class='ocrx_word' id='word_1_57' title='bbox 676 955 904 1029; x_wconf 79' lang='lat' dir='ltr'><strong>legitur:</strong></span> <span class='ocrx_word' id='word_1_58' title='bbox 932 955 1067 1029; x_wconf 71' lang='lat' dir='ltr'><strong>Hap‘</strong></span> <span class='ocrx_word' id='word_1_59' title='bbox 1099 956 1254 1029; x_wconf 63' lang='grc' dir='ltr'><strong>ῄμῷν</strong></span> <span class='ocrx_word' id='word_1_60' title='bbox 1279 974 1337 1029; x_wconf 59' lang='grc' dir='ltr'><strong>τε</strong></span> <span class='ocrx_word' id='word_1_61' title='bbox 1368 959 1436 1029; x_wconf 70' lang='grc' dir='ltr'><strong>τὰ</strong></span> <span class='ocrx_word' id='word_1_62' title='bbox 1457 957 1781 1028; x_wconf 82' lang='grc' dir='ltr'><strong>γράμματα.</strong></span> <span class='ocrx_word' id='word_1_63' title='bbox 1832 958 2107 1029; x_wconf 85' lang='lat' dir='ltr'><strong>Nicepho-</strong></span> 
     </span>
    </p>
   </div>
   <div class='ocr_carea' id='block_1_11' title="bbox 531 988 2105 1101">
    <p class='ocr_par' dir='ltr' id='par_1_11' title="bbox 531 988 2105 1101">
     <span class='ocr_line' id='line_1_11' title="bbox 532 988 2105 1029; baseline 0.004 -22"><span class='ocrx_word' id='word_1_64' title='bbox 532 988 643 1008; x_wconf 50' lang='grc' dir='ltr'><strong>κων</strong></span> <span class='ocrx_word' id='word_1_65' title='bbox 676 988 861 1024; x_wconf 66' lang='grc' dir='ltr'>ιῡδιιυι</span> <span class='ocrx_word' id='word_1_66' title='bbox 893 996 904 1007; x_wconf 77' lang='grc' dir='ltr'>ι</span> <span class='ocrx_word' id='word_1_67' title='bbox 932 988 1051 1026; x_wconf 66' lang='grc' dir='ltr'><strong>ιιιιγ</strong></span> <span class='ocrx_word' id='word_1_68' title='bbox 1107 988 1117 1007; x_wconf 79' lang='grc' dir='ltr'><strong>Ι</strong></span> <span class='ocrx_word' id='word_1_69' title='bbox 1141 988 1254 1026; x_wconf 68' lang='grc' dir='ltr'><strong>μων</strong></span> <span class='ocrx_word' id='word_1_70' title='bbox 1279 988 1337 1009; x_wconf 69' lang='grc' dir='ltr'><strong>ἰιι</strong></span> <span class='ocrx_word' id='word_1_71' title='bbox 1368 988 1436 1011; x_wconf 51' lang='grc' dir='ltr'>Ἕω</span> <span class='ocrx_word' id='word_1_72' title='bbox 1468 988 1781 1028; x_wconf 56' lang='lat' dir='ltr'><strong>“lay-luxum.</strong></span> <span class='ocrx_word' id='word_1_73' title='bbox 1832 988 2105 1029; x_wconf 67' lang='grc' dir='ltr'><strong>ηιυιςμιιυ-</strong></span> 
     </span>
     <span class='ocr_line' id='line_1_12' title="bbox 531 988 2105 1101; baseline 0.003 -24"><span class='ocrx_word' id='word_1_74' title='bbox 531 1040 629 1101; x_wconf 81' lang='lat' dir='ltr'><strong>rus</strong></span> <span class='ocrx_word' id='word_1_75' title='bbox 654 1040 783 1101; x_wconf 77' lang='lat' dir='ltr'><strong>vero</strong></span> <span class='ocrx_word' id='word_1_76' title='bbox 815 1025 867 1077; x_wconf 89' lang='lat' dir='ltr'><strong>in</strong></span> <span class='ocrx_word' id='word_1_77' title='bbox 898 1027 1071 1093; x_wconf 91' lang='lat' dir='ltr'><strong>capite</strong></span> <span class='ocrx_word' id='word_1_78' title='bbox 1098 988 1164 1079; x_wconf 58' lang='lat' dir='ltr'><strong>dli</strong></span> <span class='ocrx_word' id='word_1_79' title='bbox 1191 1027 1313 1101; x_wconf 84' lang='lat' dir='ltr'><strong>libri</strong></span> <span class='ocrx_word' id='word_1_80' title='bbox 1335 1042 1388 1101; x_wconf 66' lang='grc' dir='ltr'>ιν</span> <span class='ocrx_word' id='word_1_81' title='bbox 1415 1028 1606 1101; x_wconf 66' lang='lat' dir='ltr'><strong>habet:</strong></span> <span class='ocrx_word' id='word_1_82' title='bbox 1640 1029 1781 1101; x_wconf 57' lang='grc' dir='ltr'><strong>ΗΞρῖ</strong></span> <span class='ocrx_word' id='word_1_83' title='bbox 1810 1030 1967 1101; x_wconf 67' lang='grc' dir='ltr'><strong>ἡμῶν</strong></span> <span class='ocrx_word' id='word_1_84' title='bbox 1997 1030 2105 1101; x_wconf 77' lang='grc' dir='ltr'>γὰρ</span> 
     </span>
    </p>
   </div>
   <div class='ocr_carea' id='block_1_12' title="bbox 529 1093 2104 1164">
    <p class='ocr_par' dir='ltr' id='par_1_12' title="bbox 529 1093 2104 1164">
     <span class='ocr_line' id='line_1_13' title="bbox 529 1093 2104 1164; baseline 0.006 -19"><span class='ocrx_word' id='word_1_85' title='bbox 529 1094 599 1145; x_wconf 72' lang='grc' dir='ltr'>τὰ</span> <span class='ocrx_word' id='word_1_86' title='bbox 631 1093 950 1164; x_wconf 74' lang='grc' dir='ltr'><strong>γράμματα,</strong></span> <span class='ocrx_word' id='word_1_87' title='bbox 998 1106 1157 1163; x_wconf 85' lang='lat' dir='ltr'><strong>atque</strong></span> <span class='ocrx_word' id='word_1_88' title='bbox 1190 1097 1263 1150; x_wconf 91' lang='lat' dir='ltr'><strong>ita</strong></span> <span class='ocrx_word' id='word_1_89' title='bbox 1291 1098 1459 1150; x_wconf 84' lang='lat' dir='ltr'><strong>codex</strong></span> <span class='ocrx_word' id='word_1_90' title='bbox 1494 1096 1655 1161; x_wconf 84' lang='lat' dir='ltr'><strong>Maz.,</strong></span> <span class='ocrx_word' id='word_1_91' title='bbox 1688 1093 1905 1153; x_wconf 58' lang='lat' dir='ltr'><strong>Fuk.&#39;et</strong></span> <span class='ocrx_word' id='word_1_92' title='bbox 1935 1093 2104 1154; x_wconf 59' lang='lat' dir='ltr'><strong>Savil&#39;.</strong></span> 
     </span>
    </p>
   </div>
   <div class='ocr_carea' id='block_1_13' title="bbox 532 1111 2102 1240">
    <p class='ocr_par' dir='ltr' id='par_1_13' title="bbox 532 1111 2102 1240">
     <span class='ocr_line' id='line_1_14' title="bbox 532 1111 2102 1216; baseline 0.006 -71"><span class='ocrx_word' id='word_1_93' title='bbox 532 1111 599 1145; x_wconf 69' lang='grc' dir='ltr'><strong>τι</strong></span> <span class='ocrx_word' id='word_1_94' title='bbox 631 1111 950 1216; x_wconf 54' lang='grc' dir='ltr'><strong>γβαμματα,</strong></span> <span class='ocrx_word' id='word_1_95' title='bbox 998 1111 1157 1163; x_wconf 85' lang='lat' dir='ltr'><strong>atque</strong></span> <span class='ocrx_word' id='word_1_96' title='bbox 1185 1111 1459 1176; x_wconf 63' lang='lat' dir='ltr'><strong>itaeouex</strong></span> <span class='ocrx_word' id='word_1_97' title='bbox 1494 1111 1655 1161; x_wconf 80' lang='lat' dir='ltr'><strong>Maz.,</strong></span> <span class='ocrx_word' id='word_1_98' title='bbox 1688 1111 1823 1153; x_wconf 75' lang='lat' dir='ltr'><strong>r&#39;uk.</strong></span> <span class='ocrx_word' id='word_1_99' title='bbox 1852 1111 1905 1152; x_wconf 90' lang='lat' dir='ltr'><strong>et</strong></span> <span class='ocrx_word' id='word_1_100' title='bbox 1935 1111 2102 1154; x_wconf 77' lang='lat' dir='ltr'><strong>Savu.</strong></span> 
     </span>
     <span class='ocr_line' id='line_1_15' title="bbox 532 1164 2102 1240; baseline 0.001 -20"><span class='ocrx_word' id='word_1_101' title='bbox 532 1164 666 1220; x_wconf 86' lang='lat' dir='ltr'><strong>Iutel</strong></span> <span class='ocrx_word' id='word_1_102' title='bbox 690 1174 910 1235; x_wconf 82' lang='lat' dir='ltr'><strong>tguntur</strong></span> <span class='ocrx_word' id='word_1_103' title='bbox 938 1174 1119 1219; x_wconf 86' lang='lat' dir='ltr'><strong>autem</strong></span> <span class='ocrx_word' id='word_1_104' title='bbox 1145 1167 1233 1220; x_wconf 80' lang='lat' dir='ltr'><strong>hic</strong></span> <span class='ocrx_word' id='word_1_105' title='bbox 1256 1167 1446 1221; x_wconf 68' lang='lat' dir='ltr'><strong>litteras</strong></span> <span class='ocrx_word' id='word_1_106' title='bbox 1474 1166 1785 1233; x_wconf 83' lang='lat' dir='ltr'><strong>Paschalcs,</strong></span> <span class='ocrx_word' id='word_1_107' title='bbox 1818 1185 1955 1239; x_wconf 88' lang='lat' dir='ltr'><strong>quas</strong></span> <span class='ocrx_word' id='word_1_108' title='bbox 1978 1171 2102 1240; x_wconf 75' lang='grc' dir='ltr'>ἑορ-</span> 
     </span>
    </p>
   </div>
   <div class='ocr_carea' id='block_1_14' title="bbox 2212 600 3798 681">
    <p class='ocr_par' dir='ltr' id='par_1_14' title="bbox 2212 600 3798 681">
     <span class='ocr_line' id='line_1_16' title="bbox 2212 600 3798 681; baseline 0.006 -27"><span class='ocrx_word' id='word_1_109' title='bbox 2212 601 2320 654; x_wconf 80' lang='grc' dir='ltr'><strong>τῶν</strong></span> <span class='ocrx_word' id='word_1_110' title='bbox 2342 618 2355 632; x_wconf 88' lang='grc'>·</span> <span class='ocrx_word' id='word_1_111' title='bbox 2393 600 2534 654; x_wconf 80' lang='grc' dir='ltr'>ὥστε</span> <span class='ocrx_word' id='word_1_112' title='bbox 2553 601 2859 673; x_wconf 77' lang='grc' dir='ltr'><strong>συμφώνως</strong></span> <span class='ocrx_word' id='word_1_113' title='bbox 2892 603 2984 657; x_wconf 79' lang='grc' dir='ltr'><strong>καὶ</strong></span> <span class='ocrx_word' id='word_1_114' title='bbox 3004 604 3139 675; x_wconf 79' lang='grc' dir='ltr'><strong>ὁμοῦ</strong></span> <span class='ocrx_word' id='word_1_115' title='bbox 3154 605 3311 674; x_wconf 76' lang='grc' dir='ltr'>ἄγειν</span> <span class='ocrx_word' id='word_1_116' title='bbox 3327 609 3475 679; x_wconf 78' lang='grc' dir='ltr'><strong>ἡμᾶς</strong></span> <span class='ocrx_word' id='word_1_117' title='bbox 3501 608 3600 681; x_wconf 80' lang='grc' dir='ltr'><strong>τὴν</strong></span> <span class='ocrx_word' id='word_1_118' title='bbox 3631 610 3798 678; x_wconf 66' lang='grc' dir='ltr'>ἁγίαν</span> 
     </span>
    </p>
   </div>
   <div class='ocr_carea' id='block_1_15' title="bbox 2217 690 2453 762">
    <p class='ocr_par' dir='ltr' id='par_1_15' title="bbox 2217 690 2453 762">
     <span class='ocr_line' id='line_1_17' title="bbox 2217 690 2453 762; baseline 0.004 -1"><span class='ocrx_word' id='word_1_119' title='bbox 2217 690 2453 762; x_wconf 74' lang='grc' dir='ltr'><strong>ἡμέρανο</strong></span> 
     </span>
    </p>
   </div>
   <div class='ocr_carea' id='block_1_16' title="bbox 2215 823 3791 897">
    <p class='ocr_par' dir='ltr' id='par_1_16' title="bbox 2215 823 3791 897">
     <span class='ocr_line' id='line_1_18' title="bbox 2215 823 3791 897; baseline 0.008 -23"><span class='ocrx_word' id='word_1_120' title='bbox 2215 823 2478 897; x_wconf 21' lang='grc' dir='ltr'><strong>τᾳστιλκᾶς</strong></span> <span class='ocrx_word' id='word_1_121' title='bbox 2524 823 2807 897; x_wconf 80' lang='lat' dir='ltr'><strong>vocabant.</strong></span> <span class='ocrx_word' id='word_1_122' title='bbox 2852 824 3120 881; x_wconf 70' lang='lat' dir='ltr'><strong>Cmterum</strong></span> <span class='ocrx_word' id='word_1_123' title='bbox 3167 828 3339 897; x_wconf 84' lang='lat' dir='ltr'><strong>hujus</strong></span> <span class='ocrx_word' id='word_1_124' title='bbox 3381 827 3575 897; x_wconf 84' lang='lat' dir='ltr'><strong>synodi</strong></span> <span class='ocrx_word' id='word_1_125' title='bbox 3607 828 3791 885; x_wconf 67' lang='lat' dir='ltr'><strong>Caesa-</strong></span> 
     </span>
    </p>
   </div>
   <div class='ocr_carea' id='block_1_17' title="bbox 2214 894 3787 971">
    <p class='ocr_par' dir='ltr' id='par_1_17' title="bbox 2214 894 3787 971">
     <span class='ocr_line' id='line_1_19' title="bbox 2214 894 3787 971; baseline 0.006 -26"><span class='ocrx_word' id='word_1_126' title='bbox 2214 894 2414 971; x_wconf 57' lang='lat' dir='ltr'><strong>riensis</strong></span> <span class='ocrx_word' id='word_1_127' title='bbox 2456 903 2575 971; x_wconf 72' lang='lat' dir='ltr'><strong>aeta</strong></span> <span class='ocrx_word' id='word_1_128' title='bbox 2604 895 2849 971; x_wconf 56' lang='lat' dir='ltr'><strong>quaedam</strong></span> <span class='ocrx_word' id='word_1_129' title='bbox 2891 906 3113 971; x_wconf 68' lang='lat' dir='ltr'><strong>exstant</strong></span> <span class='ocrx_word' id='word_1_130' title='bbox 3139 894 3279 967; x_wconf 78' lang='lat' dir='ltr'><strong>apud</strong></span> <span class='ocrx_word' id='word_1_131' title='bbox 3319 894 3539 971; x_wconf 15' lang='lat' dir='ltr'><strong>Bedamr</strong></span> <span class='ocrx_word' id='word_1_132' title='bbox 3566 899 3787 971; x_wconf 74' lang='lat' dir='ltr'><strong>inlibro</strong></span> 
     </span>
    </p>
   </div>
   <div class='ocr_carea' id='block_1_18' title="bbox 2216 962 3787 1040">
    <p class='ocr_par' dir='ltr' id='par_1_18' title="bbox 2216 962 3787 1040">
     <span class='ocr_line' id='line_1_20' title="bbox 2216 962 3787 1040; baseline 0.006 -26"><span class='ocrx_word' id='word_1_133' title='bbox 2216 962 2293 1040; x_wconf 78' lang='lat' dir='ltr'><strong>l_}e</strong></span> <span class='ocrx_word' id='word_1_134' title='bbox 2314 965 2516 1040; x_wconf 72' lang='lat' dir='ltr'><strong>vernali</strong></span> <span class='ocrx_word' id='word_1_135' title='bbox 2550 966 2896 1033; x_wconf 71' lang='lat' dir='ltr'><strong>mquinoctio;</strong></span> <span class='ocrx_word' id='word_1_136' title='bbox 2920 982 3045 1040; x_wconf 79' lang='lat' dir='ltr'><strong>quae</strong></span> <span class='ocrx_word' id='word_1_137' title='bbox 3081 962 3207 1040; x_wconf 72' lang='lat' dir='ltr'><strong>licet</strong></span> <span class='ocrx_word' id='word_1_138' title='bbox 3235 982 3265 1021; x_wconf 85' lang='lat' dir='ltr'><strong>a</strong></span> <span class='ocrx_word' id='word_1_139' title='bbox 3295 969 3577 1023; x_wconf 84' lang='lat' dir='ltr'><strong>nonnullis</strong></span> <span class='ocrx_word' id='word_1_140' title='bbox 3613 962 3787 1040; x_wconf 72' lang='lat' dir='ltr'><strong>illegi-</strong></span> 
     </span>
    </p>
   </div>
   <div class='ocr_carea' id='block_1_19' title="bbox 2213 1033 3788 1107">
    <p class='ocr_par' dir='ltr' id='par_1_19' title="bbox 2213 1033 3788 1107">
     <span class='ocr_line' id='line_1_21' title="bbox 2213 1033 3788 1107; baseline 0.006 -22"><span class='ocrx_word' id='word_1_141' title='bbox 2213 1033 2345 1107; x_wconf 81' lang='lat' dir='ltr'><strong>tima</strong></span> <span class='ocrx_word' id='word_1_142' title='bbox 2366 1033 2759 1107; x_wconf 77' lang='lat' dir='ltr'><strong>habeantur_ac</strong></span> <span class='ocrx_word' id='word_1_143' title='bbox 2782 1033 2990 1105; x_wconf 82' lang='lat' dir='ltr'><strong>spuria,</strong></span> <span class='ocrx_word' id='word_1_144' title='bbox 3027 1036 3451 1106; x_wconf 82' lang='lat' dir='ltr'><strong>haudquaquam</strong></span> <span class='ocrx_word' id='word_1_145' title='bbox 3482 1033 3788 1107; x_wconf 71' lang='lat' dir='ltr'><strong>spernenda</strong></span> 
     </span>
    </p>
   </div>
   <div class='ocr_carea' id='block_1_20' title="bbox 2214 1102 3786 1178">
    <p class='ocr_par' dir='ltr' id='par_1_20' title="bbox 2214 1102 3786 1178">
     <span class='ocr_line' id='line_1_22' title="bbox 2214 1102 3786 1178; baseline 0.006 -23"><span class='ocrx_word' id='word_1_146' title='bbox 2214 1103 2349 1155; x_wconf 89' lang='lat' dir='ltr'><strong>mihi</strong></span> <span class='ocrx_word' id='word_1_147' title='bbox 2377 1102 2649 1157; x_wconf 88' lang='lat' dir='ltr'><strong>videntur.</strong></span> <span class='ocrx_word' id='word_1_148' title='bbox 2668 1102 2936 1161; x_wconf 79' lang='lat' dir='ltr'><strong>Baraiiius</strong></span> <span class='ocrx_word' id='word_1_149' title='bbox 2959 1116 3105 1162; x_wconf 88' lang='lat' dir='ltr'><strong>certe</strong></span> <span class='ocrx_word' id='word_1_150' title='bbox 3127 1102 3318 1176; x_wconf 44' lang='lat' dir='ltr'><strong>ea&#39;pro&#39;</strong></span> <span class='ocrx_word' id='word_1_151' title='bbox 3335 1109 3479 1163; x_wconf 85' lang='lat' dir='ltr'><strong>veris</strong></span> <span class='ocrx_word' id='word_1_152' title='bbox 3507 1102 3786 1178; x_wconf 81' lang='lat' dir='ltr'><strong>amplexus</strong></span> 
     </span>
    </p>
   </div>
   <div class='ocr_carea' id='block_1_21' title="bbox 2212 1182 2319 1226">
    <p class='ocr_par' dir='ltr' id='par_1_21' title="bbox 2212 1182 2319 1226">
     <span class='ocr_line' id='line_1_23' title="bbox 2212 1182 2319 1226; baseline -0.009 -1"><span class='ocrx_word' id='word_1_153' title='bbox 2212 1182 2319 1226; x_wconf 90' lang='lat' dir='ltr'><strong>est.</strong></span> 
     </span>
    </p>
   </div>
   <div class='ocr_carea' id='block_1_22' title="bbox 536 1341 3773 1389">
    <p class='ocr_par' dir='ltr' id='par_1_22' title="bbox 536 1341 3773 1389">
     <span class='ocr_line' id='line_1_24' title="bbox 536 1341 3773 1389; baseline 0.002 -6"><span class='ocrx_word' id='word_1_154' title='bbox 536 1341 3773 1389; x_wconf 57' lang='grc' dir='ltr'>Μ</span> 
     </span>
    </p>
   </div>
   <div class='ocr_carea' id='block_1_23' title="bbox 1544 1522 2791 1681">
    <p class='ocr_par' dir='ltr' id='par_1_23' title="bbox 1544 1522 2791 1681">
     <span class='ocr_line' id='line_1_25' title="bbox 1544 1522 2791 1681; baseline 0.002 -1"><span class='ocrx_word' id='word_1_155' title='bbox 1544 1524 1703 1680; x_wconf 88' lang='lat' dir='ltr'><strong>S.</strong></span> <span class='ocrx_word' id='word_1_156' title='bbox 1840 1522 2791 1681; x_wconf 80' lang='lat' dir='ltr'><strong>SERAPION</strong></span> 
     </span>
    </p>
   </div>
   <div class='ocr_carea' id='block_1_24' title="bbox 1166 1812 3041 1933">
    <p class='ocr_par' dir='ltr' id='par_1_24' title="bbox 1166 1812 3041 1933">
     <span class='ocr_line' id='line_1_26' title="bbox 1166 1812 3041 1933; baseline -0.002 -2"><span class='ocrx_word' id='word_1_157' title='bbox 1166 1814 1935 1933; x_wconf 86' lang='lat' dir='ltr'><strong>EPISCOPUS</strong></span> <span class='ocrx_word' id='word_1_158' title='bbox 2014 1812 2550 1929; x_wconf 88' lang='lat' dir='ltr'><strong>ANTIOC</strong></span> <span class='ocrx_word' id='word_1_159' title='bbox 2571 1815 3041 1931; x_wconf 89' lang='lat' dir='ltr'><strong>HENUS</strong></span> 
     </span>
    </p>
   </div>
   <div class='ocr_carea' id='block_1_25' title="bbox 2113 2062 2187 2075">
    <p class='ocr_par' dir='ltr' id='par_1_25' title="bbox 2113 2062 2187 2075">
     <span class='ocr_line' id='line_1_27' title="bbox 2113 2062 2187 2075; baseline -0.014 0"><span class='ocrx_word' id='word_1_160' title='bbox 2113 2062 2187 2075; x_wconf 73' lang='lat'><strong>.—</strong></span> 
     </span>
    </p>
   </div>
   <div class='ocr_carea' id='block_1_26' title="bbox 1921 2201 2437 2296">
    <p class='ocr_par' dir='ltr' id='par_1_26' title="bbox 1921 2201 2437 2296">
     <span class='ocr_line' id='line_1_28' title="bbox 1921 2201 2437 2296; baseline -0.004 -4"><span class='ocrx_word' id='word_1_161' title='bbox 1921 2201 2437 2296; x_wconf 81' lang='lat' dir='ltr'><strong>NOTITIA</strong></span> 
     </span>
    </p>
   </div>
   <div class='ocr_carea' id='block_1_27' title="bbox 1419 2394 2902 2464">
    <p class='ocr_par' dir='ltr' id='par_1_27' title="bbox 1419 2394 2902 2464">
     <span class='ocr_line' id='line_1_29' title="bbox 1419 2394 2902 2464; baseline 0.002 -19"><span class='ocrx_word' id='word_1_162' title='bbox 1419 2395 1713 2460; x_wconf 63' lang='lat' dir='ltr'><strong>(Cinnam,</strong></span> <span class='ocrx_word' id='word_1_163' title='bbox 1742 2394 2038 2449; x_wconf 75' lang='lat' dir='ltr'><strong>Bibliotheca</strong></span> <span class='ocrx_word' id='word_1_164' title='bbox 2060 2403 2153 2449; x_wconf 82' lang='lat' dir='ltr'><strong>vet.</strong></span> <span class='ocrx_word' id='word_1_165' title='bbox 2176 2400 2340 2461; x_wconf 86' lang='lat' dir='ltr'><strong>Patr.,</strong></span> <span class='ocrx_word' id='word_1_166' title='bbox 2368 2399 2407 2459; x_wconf 85' lang='lat' dir='ltr'><strong>l,</strong></span> <span class='ocrx_word' id='word_1_167' title='bbox 2434 2399 2657 2464; x_wconf 89' lang='lat' dir='ltr'><strong>Proleg.,</strong></span> <span class='ocrx_word' id='word_1_168' title='bbox 2676 2412 2726 2462; x_wconf 88' lang='lat' dir='ltr'><strong>p.</strong></span> <span class='ocrx_word' id='word_1_169' title='bbox 2754 2401 2902 2461; x_wconf 87' lang='lat' dir='ltr'><strong>xxn.)</strong></span> 
     </span>
    </p>
   </div>
   <div class='ocr_carea' id='block_1_28' title="bbox 600 2535 3787 2617">
    <p class='ocr_par' dir='ltr' id='par_1_28' title="bbox 600 2535 3787 2617">
     <span class='ocr_line' id='line_1_30' title="bbox 600 2535 3787 2617; baseline 0.002 -25"><span class='ocrx_word' id='word_1_170' title='bbox 600 2535 643 2594; x_wconf 89' lang='grc'><strong>1.</strong></span> <span class='ocrx_word' id='word_1_171' title='bbox 686 2537 801 2604; x_wconf 83' lang='lat' dir='ltr'><strong>Quo</strong></span> <span class='ocrx_word' id='word_1_172' title='bbox 836 2538 1484 2617; x_wconf 52' lang='lat' dir='ltr'><strong>temporeAntioahenam</strong></span> <span class='ocrx_word' id='word_1_173' title='bbox 1520 2538 1815 2617; x_wconf 76' lang='lat' dir='ltr'><strong>Ecclesium</strong></span> <span class='ocrx_word' id='word_1_174' title='bbox 1856 2546 2143 2613; x_wconf 77' lang='lat' dir='ltr'><strong>susceperit</strong></span> <span class='ocrx_word' id='word_1_175' title='bbox 2185 2546 2584 2617; x_wconf 79' lang='lat' dir='ltr'><strong>gubernandum</strong></span> <span class='ocrx_word' id='word_1_176' title='bbox 2621 2543 2897 2614; x_wconf 80' lang='lat' dir='ltr'><strong>Serapion.</strong></span> <span class='ocrx_word' id='word_1_177' title='bbox 2943 2543 3385 2599; x_wconf 81' lang='lat' dir='ltr'><strong>Antiochenorum</strong></span> <span class='ocrx_word' id='word_1_178' title='bbox 3430 2547 3787 2617; x_wconf 74' lang='lat' dir='ltr'><strong>episcoporum</strong></span> 
     </span>
    </p>
   </div>
   <div class='ocr_carea' id='block_1_29' title="bbox 531 2608 1587 2677">
    <p class='ocr_par' dir='ltr' id='par_1_29' title="bbox 531 2608 1587 2677">
     <span class='ocr_line' id='line_1_31' title="bbox 531 2608 1587 2677; baseline 0 -12"><span class='ocrx_word' id='word_1_179' title='bbox 531 2608 874 2677; x_wconf 70' lang='lat' dir='ltr'><strong>chrouataxis</strong></span> <span class='ocrx_word' id='word_1_180' title='bbox 898 2608 1198 2663; x_wconf 85' lang='lat' dir='ltr'><strong>Eusebiana</strong></span> <span class='ocrx_word' id='word_1_181' title='bbox 1222 2610 1587 2677; x_wconf 76' lang='lat' dir='ltr'><strong>reformando.</strong></span> 
     </span>
    </p>
   </div>
   <div class='ocr_carea' id='block_1_30' title="bbox 608 2675 3785 2802">
    <p class='ocr_par' dir='ltr' id='par_1_30' title="bbox 608 2675 3785 2802">
     <span class='ocr_line' id='line_1_32' title="bbox 608 2675 3785 2802; baseline 0.001 -72"><span class='ocrx_word' id='word_1_182' title='bbox 608 2675 671 2733; x_wconf 92' lang='lat' dir='ltr'><strong>ll.</strong></span> <span class='ocrx_word' id='word_1_183' title='bbox 705 2678 1008 2749; x_wconf 74' lang='lat' dir='ltr'><strong>Serapionis</strong></span> <span class='ocrx_word' id='word_1_184' title='bbox 1055 2681 1257 2749; x_wconf 84' lang='lat' dir='ltr'><strong>scripta</strong></span> <span class='ocrx_word' id='word_1_185' title='bbox 1282 2675 1580 2745; x_wconf 65' lang='lat' dir='ltr'><strong>recensita,</strong></span> <span class='ocrx_word' id='word_1_186' title='bbox 1623 2682 1989 2763; x_wconf 47' lang='lat' dir='ltr'><strong>quarumnam</strong></span> <span class='ocrx_word' id='word_1_187' title='bbox 2037 2691 2245 2737; x_wconf 82' lang='lat' dir='ltr'><strong>tantum</strong></span> <span class='ocrx_word' id='word_1_188' title='bbox 2288 2687 2539 2762; x_wconf 78' lang='lat' dir='ltr'><strong>superant</strong></span> <span class='ocrx_word' id='word_1_189' title='bbox 2570 2679 2900 2802; x_wconf 52' lang='lat' dir='ltr'><strong>frgqmenta;</strong></span> <span class='ocrx_word' id='word_1_190' title='bbox 2934 2676 3164 2760; x_wconf 64' lang='lat' dir='ltr'><strong>alterum</strong></span> <span class='ocrx_word' id='word_1_191' title='bbox 3202 2691 3269 2731; x_wconf 75' lang='lat' dir='ltr'><strong>ea;</strong></span> <span class='ocrx_word' id='word_1_192' title='bbox 3314 2676 3430 2745; x_wconf 78' lang='lat' dir='ltr'><strong>ejus</strong></span> <span class='ocrx_word' id='word_1_193' title='bbox 3475 2676 3694 2747; x_wconf 83' lang='lat' dir='ltr'><strong>epistola</strong></span> <span class='ocrx_word' id='word_1_194' title='bbox 3720 2677 3785 2732; x_wconf 76' lang='lat' dir='ltr'><strong>de</strong></span> 
     </span>
     <span class='ocr_line' id='line_1_33' title="bbox 608 2744 3105 2802; baseline 0 -3"><span class='ocrx_word' id='word_1_195' title='bbox 608 2751 991 2802; x_wconf 73' lang='lat' dir='ltr'><strong>ztaphruaarum</strong></span> <span class='ocrx_word' id='word_1_196' title='bbox 1016 2749 1223 2802; x_wconf 70' lang='lat' dir='ltr'><strong>hmresi.</strong></span> <span class='ocrx_word' id='word_1_197' title='bbox 1254 2751 1323 2802; x_wconf 85' lang='lat' dir='ltr'><strong>ad</strong></span> <span class='ocrx_word' id='word_1_198' title='bbox 1354 2750 1601 2802; x_wconf 87' lang='lat' dir='ltr'><strong>Caricum</strong></span> <span class='ocrx_word' id='word_1_199' title='bbox 1629 2760 1677 2802; x_wconf 81' lang='lat' dir='ltr'><strong>el</strong></span> <span class='ocrx_word' id='word_1_200' title='bbox 1714 2751 1962 2802; x_wconf 77' lang='lat' dir='ltr'><strong>Pontium</strong></span> <span class='ocrx_word' id='word_1_201' title='bbox 1982 2769 1999 2802; x_wconf 89' lang='lat'><em>:</em></span> <span class='ocrx_word' id='word_1_202' title='bbox 2026 2753 2248 2802; x_wconf 83' lang='lat' dir='ltr'><strong>alterum</strong></span> <span class='ocrx_word' id='word_1_203' title='bbox 2274 2768 2338 2802; x_wconf 73' lang='lat' dir='ltr'><strong>ex</strong></span> <span class='ocrx_word' id='word_1_204' title='bbox 2370 2751 2503 2802; x_wconf 76' lang='lat' dir='ltr'><strong>libra</strong></span> <span class='ocrx_word' id='word_1_205' title='bbox 2532 2749 2594 2802; x_wconf 83' lang='lat' dir='ltr'><strong>de</strong></span> <span class='ocrx_word' id='word_1_206' title='bbox 2666 2750 2905 2802; x_wconf 76' lang='lat' dir='ltr'><strong>vanaelia</strong></span> <span class='ocrx_word' id='word_1_207' title='bbox 2938 2744 3105 2800; x_wconf 78' lang='lat' dir='ltr'><strong>Petri.</strong></span> 
     </span>
    </p>
   </div>
   <div class='ocr_carea' id='block_1_31' title="bbox 535 2744 2594 2820">
    <p class='ocr_par' dir='ltr' id='par_1_31' title="bbox 535 2744 2594 2820">
     <span class='ocr_line' id='line_1_34' title="bbox 535 2744 2594 2820; baseline 0 -17"><span class='ocrx_word' id='word_1_208' title='bbox 535 2744 991 2820; x_wconf 73' lang='lat' dir='ltr'><strong>Cataphrygarum</strong></span> <span class='ocrx_word' id='word_1_209' title='bbox 1016 2744 1223 2817; x_wconf 74' lang='lat' dir='ltr'><strong>Izwresi,</strong></span> <span class='ocrx_word' id='word_1_210' title='bbox 1254 2751 1323 2804; x_wconf 86' lang='lat' dir='ltr'><strong>ad</strong></span> <span class='ocrx_word' id='word_1_211' title='bbox 1354 2744 1601 2807; x_wconf 82' lang='lat' dir='ltr'><strong>Caricurn</strong></span> <span class='ocrx_word' id='word_1_212' title='bbox 1714 2751 1999 2816; x_wconf 80' lang='lat' dir='ltr'><strong>Pontium;</strong></span> <span class='ocrx_word' id='word_1_213' title='bbox 2026 2753 2248 2807; x_wconf 86' lang='lat' dir='ltr'><strong>alterum</strong></span> <span class='ocrx_word' id='word_1_214' title='bbox 2274 2744 2503 2820; x_wconf 58' lang='lat' dir='ltr'><strong>eat&#39;librp</strong></span> <span class='ocrx_word' id='word_1_215' title='bbox 2532 2744 2594 2804; x_wconf 75' lang='lat' dir='ltr'><strong>de</strong></span> 
     </span>
    </p>
   </div>
   <div class='ocr_carea' id='block_1_32' title="bbox 2666 2744 3105 2817">
    <p class='ocr_par' dir='ltr' id='par_1_32' title="bbox 2666 2744 3105 2817">
     <span class='ocr_line' id='line_1_35' title="bbox 2666 2744 3105 2817; baseline -0.007 -15"><span class='ocrx_word' id='word_1_216' title='bbox 2666 2744 2905 2817; x_wconf 75' lang='lat' dir='ltr'><strong>rvangelia</strong></span> <span class='ocrx_word' id='word_1_217' title='bbox 2938 2744 3105 2800; x_wconf 86' lang='lat' dir='ltr'><strong>Petri.</strong></span> 
     </span>
    </p>
   </div>
   <div class='ocr_carea' id='block_1_33' title="bbox 601 2818 3781 2897">
    <p class='ocr_par' dir='ltr' id='par_1_33' title="bbox 601 2818 3781 2897">
     <span class='ocr_line' id='line_1_36' title="bbox 601 2818 3781 2897; baseline -0.001 -20"><span class='ocrx_word' id='word_1_218' title='bbox 601 2824 687 2897; x_wconf 86' lang='lat' dir='ltr'><strong>Ill.</strong></span> <span class='ocrx_word' id='word_1_219' title='bbox 724 2818 966 2897; x_wconf 66' lang='lat' dir='ltr'><strong>Socratis</strong></span> <span class='ocrx_word' id='word_1_220' title='bbox 1007 2826 1387 2897; x_wconf 69' lang='lat' dir='ltr'><strong>testiinonium.</strong></span> <span class='ocrx_word' id='word_1_221' title='bbox 1427 2825 1569 2879; x_wconf 86' lang='lat' dir='ltr'><strong>unde</strong></span> <span class='ocrx_word' id='word_1_222' title='bbox 1604 2818 1789 2897; x_wconf 82' lang='lat' dir='ltr'><strong>liquet,</strong></span> <span class='ocrx_word' id='word_1_223' title='bbox 1830 2828 2104 2897; x_wconf 76' lang='lat' dir='ltr'><strong>scripsisse</strong></span> <span class='ocrx_word' id='word_1_224' title='bbox 2141 2843 2341 2897; x_wconf 84' lang='lat' dir='ltr'><strong>quoque</strong></span> <span class='ocrx_word' id='word_1_225' title='bbox 2364 2818 2706 2895; x_wconf 74' lang='lat' dir='ltr'><strong>Serapionem</strong></span> <span class='ocrx_word' id='word_1_226' title='bbox 2742 2832 2929 2877; x_wconf 85' lang='lat' dir='ltr'><strong>contra</strong></span> <span class='ocrx_word' id='word_1_227' title='bbox 2967 2823 3211 2877; x_wconf 71' lang='lat' dir='ltr'><strong>hteresim</strong></span> <span class='ocrx_word' id='word_1_228' title='bbox 3236 2823 3585 2894; x_wconf 79' lang='lat' dir='ltr'><strong>Apollinaris.</strong></span> <span class='ocrx_word' id='word_1_229' title='bbox 3634 2826 3781 2877; x_wconf 79' lang='lat' dir='ltr'><strong>Anno</strong></span> 
     </span>
    </p>
   </div>
   <div class='ocr_carea' id='block_1_34' title="bbox 528 2892 1868 2951">
    <p class='ocr_par' dir='ltr' id='par_1_34' title="bbox 528 2892 1868 2951">
     <span class='ocr_line' id='line_1_37' title="bbox 528 2892 1868 2951; baseline 0.001 -3"><span class='ocrx_word' id='word_1_230' title='bbox 528 2892 733 2948; x_wconf 83' lang='lat' dir='ltr'><strong>Christi</strong></span> <span class='ocrx_word' id='word_1_231' title='bbox 766 2895 867 2947; x_wconf 75' lang='lat'><strong>‘2“</strong></span> <span class='ocrx_word' id='word_1_232' title='bbox 899 2904 1113 2948; x_wconf 85' lang='lat' dir='ltr'><strong>sanctus</strong></span> <span class='ocrx_word' id='word_1_233' title='bbox 1138 2894 1303 2949; x_wconf 84' lang='lat' dir='ltr'><strong>Pater</strong></span> <span class='ocrx_word' id='word_1_234' title='bbox 1334 2897 1620 2951; x_wconf 80' lang='lat' dir='ltr'><strong>decessisse</strong></span> <span class='ocrx_word' id='word_1_235' title='bbox 1643 2892 1868 2951; x_wconf 69' lang='lat' dir='ltr'><strong>uidetur.</strong></span> 
     </span>
    </p>
   </div>
   <div class='ocr_carea' id='block_1_35' title="bbox 601 3043 3783 3120">
    <p class='ocr_par' dir='ltr' id='par_1_35' title="bbox 601 3043 3783 3120">
     <span class='ocr_line' id='line_1_38' title="bbox 601 3043 3783 3120; baseline 0.002 -24"><span class='ocrx_word' id='word_1_236' title='bbox 601 3043 642 3100; x_wconf 94' lang='grc'><strong>1.</strong></span> <span class='ocrx_word' id='word_1_237' title='bbox 689 3062 709 3095; x_wconf 75' lang='grc' dir='ltr'>ι</span> <span class='ocrx_word' id='word_1_238' title='bbox 754 3043 1017 3114; x_wconf 86' lang='lat' dir='ltr'><strong>Serapion</strong></span> <span class='ocrx_word' id='word_1_239' title='bbox 1043 3056 1272 3103; x_wconf 91' lang='lat' dir='ltr'><strong>octavus</strong></span> <span class='ocrx_word' id='word_1_240' title='bbox 1305 3048 1611 3103; x_wconf 73' lang='lat' dir='ltr'><strong>Antiochia:</strong></span> <span class='ocrx_word' id='word_1_241' title='bbox 1632 3049 1922 3119; x_wconf 84' lang='lat' dir='ltr'><strong>episcopus</strong></span> <span class='ocrx_word' id='word_1_242' title='bbox 1954 3048 2106 3104; x_wconf 85' lang='lat' dir='ltr'><strong>ordi—</strong></span> <span class='ocrx_word' id='word_1_243' title='bbox 2137 3056 2181 3112; x_wconf 86' lang='grc' dir='ltr'><strong>Β</strong></span> <span class='ocrx_word' id='word_1_244' title='bbox 2210 3046 2394 3103; x_wconf 88' lang='lat' dir='ltr'><strong>sebius</strong></span> <span class='ocrx_word' id='word_1_245' title='bbox 2433 3062 2608 3104; x_wconf 90' lang='lat' dir='ltr'><strong>annos</strong></span> <span class='ocrx_word' id='word_1_246' title='bbox 2637 3047 2839 3118; x_wconf 86' lang='lat' dir='ltr'><strong>quibus</strong></span> <span class='ocrx_word' id='word_1_247' title='bbox 2890 3048 3134 3104; x_wconf 90' lang='lat' dir='ltr'><strong>sederint</strong></span> <span class='ocrx_word' id='word_1_248' title='bbox 3164 3047 3407 3120; x_wconf 85' lang='lat' dir='ltr'><strong>episcopi</strong></span> <span class='ocrx_word' id='word_1_249' title='bbox 3433 3047 3783 3113; x_wconf 84' lang='lat' dir='ltr'><strong>Antiacheni,</strong></span> 
     </span>
    </p>
   </div>
   <div class='ocr_carea' id='block_1_36' title="bbox 525 3134 2103 3211">
    <p class='ocr_par' dir='ltr' id='par_1_36' title="bbox 525 3134 2103 3211">
     <span class='ocr_line' id='line_1_39' title="bbox 525 3134 2103 3211; baseline 0.004 -21"><span class='ocrx_word' id='word_1_250' title='bbox 525 3145 709 3201; x_wconf 84' lang='lat' dir='ltr'><strong>natur,</strong></span> <span class='ocrx_word' id='word_1_251' title='bbox 735 3156 753 3188; x_wconf 75' lang='grc' dir='ltr'>ι</span> <span class='ocrx_word' id='word_1_252' title='bbox 792 3137 972 3207; x_wconf 89' lang='lat' dir='ltr'><strong>inquit</strong></span> <span class='ocrx_word' id='word_1_253' title='bbox 999 3137 1273 3195; x_wconf 84' lang='lat' dir='ltr'><strong>Eusebius</strong></span> <span class='ocrx_word' id='word_1_254' title='bbox 1306 3140 1361 3194; x_wconf 91' lang='lat' dir='ltr'><strong>in</strong></span> <span class='ocrx_word' id='word_1_255' title='bbox 1397 3134 1656 3193; x_wconf 81' lang='lat' dir='ltr'><strong>Chronico</strong></span> <span class='ocrx_word' id='word_1_256' title='bbox 1701 3139 1815 3210; x_wconf 89' lang='lat' dir='ltr'><strong>(l);</strong></span> <span class='ocrx_word' id='word_1_257' title='bbox 1868 3141 2103 3211; x_wconf 86' lang='lat' dir='ltr'><strong>ejusque</strong></span> 
     </span>
    </p>
   </div>
   <div class='ocr_carea' id='block_1_37' title="bbox 525 3228 2103 3303">
    <p class='ocr_par' dir='ltr' id='par_1_37' title="bbox 525 3228 2103 3303">
     <span class='ocr_line' id='line_1_40' title="bbox 525 3228 2103 3303; baseline 0.004 -23"><span class='ocrx_word' id='word_1_258' title='bbox 525 3228 927 3284; x_wconf 88' lang='lat' dir='ltr'><strong>ordinationem</strong></span> <span class='ocrx_word' id='word_1_259' title='bbox 958 3244 1105 3286; x_wconf 90' lang='lat' dir='ltr'><strong>anno</strong></span> <span class='ocrx_word' id='word_1_260' title='bbox 1125 3230 1331 3287; x_wconf 86' lang='lat' dir='ltr'><strong>Christi</strong></span> <span class='ocrx_word' id='word_1_261' title='bbox 1352 3230 1473 3297; x_wconf 88' lang='lat' dir='ltr'><strong>l90,</strong></span> <span class='ocrx_word' id='word_1_262' title='bbox 1488 3230 1772 3286; x_wconf 89' lang='lat' dir='ltr'><strong>Commodi</strong></span> <span class='ocrx_word' id='word_1_263' title='bbox 1794 3230 1882 3297; x_wconf 87' lang='grc'><strong>10,</strong></span> <span class='ocrx_word' id='word_1_264' title='bbox 1910 3232 2103 3303; x_wconf 88' lang='lat' dir='ltr'><strong>illigat.</strong></span> 
     </span>
    </p>
   </div>
   <div class='ocr_carea' id='block_1_38' title="bbox 524 3318 2101 3395">
    <p class='ocr_par' dir='ltr' id='par_1_38' title="bbox 524 3318 2101 3395">
     <span class='ocr_line' id='line_1_41' title="bbox 524 3318 2101 3395; baseline 0.004 -21"><span class='ocrx_word' id='word_1_265' title='bbox 524 3318 697 3376; x_wconf 84' lang='lat' dir='ltr'><strong>Paulo</strong></span> <span class='ocrx_word' id='word_1_266' title='bbox 753 3322 912 3377; x_wconf 86' lang='lat' dir='ltr'><strong>aliter</strong></span> <span class='ocrx_word' id='word_1_267' title='bbox 954 3321 1350 3395; x_wconf 79' lang='lat' dir='ltr'><strong>Hieronymus,</strong></span> <span class='ocrx_word' id='word_1_268' title='bbox 1415 3322 1710 3380; x_wconf 89' lang='lat' dir='ltr'><strong>Eusebium</strong></span> <span class='ocrx_word' id='word_1_269' title='bbox 1764 3334 2101 3391; x_wconf 87' lang='lat' dir='ltr'><strong>assectatus;</strong></span> 
     </span>
    </p>
   </div>
   <div class='ocr_carea' id='block_1_39' title="bbox 524 3412 2105 3486">
    <p class='ocr_par' dir='ltr' id='par_1_39' title="bbox 524 3412 2105 3486">
     <span class='ocr_line' id='line_1_42' title="bbox 524 3412 2105 3486; baseline 0.004 -20"><span class='ocrx_word' id='word_1_270' title='bbox 524 3412 619 3481; x_wconf 90' lang='lat' dir='ltr'><strong>qui</strong></span> <span class='ocrx_word' id='word_1_271' title='bbox 661 3430 680 3463; x_wconf 78' lang='grc' dir='ltr'>ι</span> <span class='ocrx_word' id='word_1_272' title='bbox 706 3412 998 3469; x_wconf 90' lang='lat' dir='ltr'><strong>undecima</strong></span> <span class='ocrx_word' id='word_1_273' title='bbox 1030 3414 1321 3469; x_wconf 86' lang='lat' dir='ltr'><strong>Commodi</strong></span> <span class='ocrx_word' id='word_1_274' title='bbox 1352 3415 1701 3486; x_wconf 86' lang='lat' dir='ltr'><strong>imperatoris</strong></span> <span class='ocrx_word' id='word_1_275' title='bbox 1721 3431 1894 3471; x_wconf 64' lang='lat' dir='ltr'><strong>anno»</strong></span> <span class='ocrx_word' id='word_1_276' title='bbox 1915 3415 2105 3472; x_wconf 89' lang='lat' dir='ltr'><strong>Eccle-</strong></span> 
     </span>
    </p>
   </div>
   <div class='ocr_carea' id='block_1_40' title="bbox 525 3502 2107 3576">
    <p class='ocr_par' dir='ltr' id='par_1_40' title="bbox 525 3502 2107 3576">
     <span class='ocr_line' id='line_1_43' title="bbox 525 3502 2107 3576; baseline 0.003 -20"><span class='ocrx_word' id='word_1_277' title='bbox 525 3502 665 3556; x_wconf 89' lang='lat' dir='ltr'><strong>siam</strong></span> <span class='ocrx_word' id='word_1_278' title='bbox 692 3502 1090 3558; x_wconf 85' lang='lat' dir='ltr'><strong>Antiochenam</strong></span> <span class='ocrx_word' id='word_1_279' title='bbox 1143 3504 1437 3575; x_wconf 85' lang='lat' dir='ltr'><strong>regendam</strong></span> <span class='ocrx_word' id='word_1_280' title='bbox 1498 3506 1806 3575; x_wconf 69' lang='lat' dir='ltr'><strong>suscepisse</strong></span> <span class='ocrx_word' id='word_1_281' title='bbox 1850 3505 2107 3576; x_wconf 87' lang='lat' dir='ltr'><strong>Serapio-</strong></span> 
     </span>
    </p>
   </div>
   <div class='ocr_carea' id='block_1_41' title="bbox 525 3593 2108 3665">
    <p class='ocr_par' dir='ltr' id='par_1_41' title="bbox 525 3593 2108 3665">
     <span class='ocr_line' id='line_1_44' title="bbox 525 3593 2108 3665; baseline 0.003 -17"><span class='ocrx_word' id='word_1_282' title='bbox 525 3608 651 3648; x_wconf 86' lang='lat' dir='ltr'><strong>nem</strong></span> <span class='ocrx_word' id='word_1_283' title='bbox 688 3595 880 3650; x_wconf 82' lang='lat' dir='ltr'><strong>scribit</strong></span> <span class='ocrx_word' id='word_1_284' title='bbox 916 3593 1017 3665; x_wconf 74' lang='grc'><strong>(2).</strong></span> <span class='ocrx_word' id='word_1_285' title='bbox 1067 3596 1172 3651; x_wconf 86' lang='lat' dir='ltr'><strong>Sed</strong></span> <span class='ocrx_word' id='word_1_286' title='bbox 1203 3595 1502 3651; x_wconf 88' lang='lat' dir='ltr'><strong>Eusebium</strong></span> <span class='ocrx_word' id='word_1_287' title='bbox 1552 3612 1769 3653; x_wconf 87' lang='lat' dir='ltr'><strong>errasse</strong></span> <span class='ocrx_word' id='word_1_288' title='bbox 1813 3597 1975 3653; x_wconf 85' lang='lat' dir='ltr'><strong>docet</strong></span> <span class='ocrx_word' id='word_1_289' title='bbox 2003 3596 2108 3652; x_wconf 89' lang='lat' dir='ltr'><strong>Le-</strong></span> 
     </span>
    </p>
   </div>
   <div class='ocr_carea' id='block_1_42' title="bbox 525 3685 2106 3759">
    <p class='ocr_par' dir='ltr' id='par_1_42' title="bbox 525 3685 2106 3759">
     <span class='ocr_line' id='line_1_45' title="bbox 525 3685 2106 3759; baseline 0.003 -19"><span class='ocrx_word' id='word_1_290' title='bbox 525 3686 780 3757; x_wconf 86' lang='lat' dir='ltr'><strong>quienius</strong></span> <span class='ocrx_word' id='word_1_291' title='bbox 816 3685 915 3759; x_wconf 79' lang='lat'><strong>(5).</strong></span> <span class='ocrx_word' id='word_1_292' title='bbox 952 3685 1233 3757; x_wconf 88' lang='lat' dir='ltr'><strong>Siquidem</strong></span> <span class='ocrx_word' id='word_1_293' title='bbox 1269 3686 1625 3743; x_wconf 79' lang='lat' dir='ltr'><strong>Maximinum</strong></span> <span class='ocrx_word' id='word_1_294' title='bbox 1660 3686 1976 3759; x_wconf 87' lang='lat' dir='ltr'><strong>Serapionis</strong></span> <span class='ocrx_word' id='word_1_295' title='bbox 2009 3690 2106 3744; x_wconf 86' lang='lat' dir='ltr'><strong>de-</strong></span> 
     </span>
    </p>
   </div>
   <div class='ocr_carea' id='block_1_43' title="bbox 524 3777 2108 3847">
    <p class='ocr_par' dir='ltr' id='par_1_43' title="bbox 524 3777 2108 3847">
     <span class='ocr_line' id='line_1_46' title="bbox 524 3777 2108 3847; baseline 0.003 -15"><span class='ocrx_word' id='word_1_296' title='bbox 524 3791 826 3843; x_wconf 88' lang='lat' dir='ltr'><strong>cessorem,</strong></span> <span class='ocrx_word' id='word_1_297' title='bbox 862 3777 1170 3847; x_wconf 91' lang='lat' dir='ltr'><strong>Theophila</strong></span> <span class='ocrx_word' id='word_1_298' title='bbox 1224 3779 1281 3833; x_wconf 88' lang='lat' dir='ltr'><strong>in</strong></span> <span class='ocrx_word' id='word_1_299' title='bbox 1328 3779 1458 3835; x_wconf 88' lang='lat' dir='ltr'><strong>sede</strong></span> <span class='ocrx_word' id='word_1_300' title='bbox 1494 3781 1837 3836; x_wconf 88' lang='lat' dir='ltr'><strong>Antiachena</strong></span> <span class='ocrx_word' id='word_1_301' title='bbox 1886 3796 2108 3836; x_wconf 82' lang='lat' dir='ltr'><strong>succes-</strong></span> 
     </span>
    </p>
   </div>
   <div class='ocr_carea' id='block_1_44' title="bbox 524 3868 2107 3942">
    <p class='ocr_par' dir='ltr' id='par_1_44' title="bbox 524 3868 2107 3942">
     <span class='ocr_line' id='line_1_47' title="bbox 524 3868 2107 3942; baseline 0.001 -17"><span class='ocrx_word' id='word_1_302' title='bbox 524 3869 669 3925; x_wconf 85' lang='lat' dir='ltr'><strong>sisse</strong></span> <span class='ocrx_word' id='word_1_303' title='bbox 703 3884 849 3925; x_wconf 85' lang='lat' dir='ltr'><strong>anno</strong></span> <span class='ocrx_word' id='word_1_304' title='bbox 883 3868 961 3931; x_wconf 80' lang='grc' dir='ltr'><strong>Μ.</strong></span> <span class='ocrx_word' id='word_1_305' title='bbox 983 3870 1190 3925; x_wconf 86' lang='lat' dir='ltr'><strong>Aurelii</strong></span> <span class='ocrx_word' id='word_1_306' title='bbox 1223 3870 1312 3935; x_wconf 83' lang='lat' dir='ltr'><strong>l7,</strong></span> <span class='ocrx_word' id='word_1_307' title='bbox 1342 3886 1630 3942; x_wconf 87' lang='lat' dir='ltr'><strong>perperam</strong></span> <span class='ocrx_word' id='word_1_308' title='bbox 1664 3872 1872 3939; x_wconf 88' lang='lat' dir='ltr'><strong>tradit;</strong></span> <span class='ocrx_word' id='word_1_309' title='bbox 1927 3870 2107 3928; x_wconf 85' lang='lat' dir='ltr'><strong>Thea-</strong></span> 
     </span>
    </p>
   </div>
   <div class='ocr_carea' id='block_1_45' title="bbox 524 3960 2107 4035">
    <p class='ocr_par' dir='ltr' id='par_1_45' title="bbox 524 3960 2107 4035">
     <span class='ocr_line' id='line_1_48' title="bbox 524 3960 2107 4035; baseline 0.002 -21"><span class='ocrx_word' id='word_1_310' title='bbox 524 3960 709 4031; x_wconf 89' lang='lat' dir='ltr'><strong>philus</strong></span> <span class='ocrx_word' id='word_1_311' title='bbox 771 3962 917 4017; x_wconf 89' lang='lat' dir='ltr'><strong>enim</strong></span> <span class='ocrx_word' id='word_1_312' title='bbox 958 3970 1070 4018; x_wconf 91' lang='lat' dir='ltr'><strong>tres</strong></span> <span class='ocrx_word' id='word_1_313' title='bbox 1120 3962 1296 4019; x_wconf 89' lang='lat' dir='ltr'><strong>libros</strong></span> <span class='ocrx_word' id='word_1_314' title='bbox 1332 3963 1402 4018; x_wconf 90' lang='lat' dir='ltr'><strong>ad</strong></span> <span class='ocrx_word' id='word_1_315' title='bbox 1439 3964 1763 4035; x_wconf 84' lang='lat' dir='ltr'><strong>Autolycum</strong></span> <span class='ocrx_word' id='word_1_316' title='bbox 1803 3963 2107 4019; x_wconf 84' lang='lat' dir='ltr'><strong>confecisse</strong></span> 
     </span>
    </p>
   </div>
   <div class='ocr_carea' id='block_1_46' title="bbox 525 4051 2107 4120">
    <p class='ocr_par' dir='ltr' id='par_1_46' title="bbox 525 4051 2107 4120">
     <span class='ocr_line' id='line_1_49' title="bbox 525 4051 2107 4120; baseline 0.002 -14"><span class='ocrx_word' id='word_1_317' title='bbox 525 4051 861 4120; x_wconf 83' lang='lat' dir='ltr'><strong>comperitur</strong></span> <span class='ocrx_word' id='word_1_318' title='bbox 906 4053 1008 4107; x_wconf 91' lang='lat' dir='ltr'><strong>sub</strong></span> <span class='ocrx_word' id='word_1_319' title='bbox 1045 4052 1349 4107; x_wconf 88' lang='lat' dir='ltr'><strong>Commodo</strong></span> <span class='ocrx_word' id='word_1_320' title='bbox 1373 4093 1389 4120; x_wconf 89' lang='lat'><strong>,</strong></span> <span class='ocrx_word' id='word_1_321' title='bbox 1436 4064 1499 4108; x_wconf 87' lang='lat' dir='ltr'><strong>ut</strong></span> <span class='ocrx_word' id='word_1_322' title='bbox 1533 4068 1603 4108; x_wconf 86' lang='lat' dir='ltr'><strong>ex</strong></span> <span class='ocrx_word' id='word_1_323' title='bbox 1638 4053 1788 4109; x_wconf 82' lang='lat' dir='ltr'><strong>brevi</strong></span> <span class='ocrx_word' id='word_1_324' title='bbox 1845 4054 2107 4109; x_wconf 90' lang='lat' dir='ltr'><strong>chronica</strong></span> 
     </span>
    </p>
   </div>
   <div class='ocr_carea' id='block_1_47' title="bbox 525 4143 2103 4214">
    <p class='ocr_par' dir='ltr' id='par_1_47' title="bbox 525 4143 2103 4214">
     <span class='ocr_line' id='line_1_50' title="bbox 525 4143 2103 4214; baseline 0.002 -17"><span class='ocrx_word' id='word_1_325' title='bbox 525 4143 718 4212; x_wconf 87' lang='lat' dir='ltr'><strong>liquet,</strong></span> <span class='ocrx_word' id='word_1_326' title='bbox 775 4144 923 4214; x_wconf 93' lang='lat' dir='ltr'><strong>quod</strong></span> <span class='ocrx_word' id='word_1_327' title='bbox 978 4144 1172 4198; x_wconf 92' lang='lat' dir='ltr'><strong>iisdem</strong></span> <span class='ocrx_word' id='word_1_328' title='bbox 1217 4144 1371 4198; x_wconf 88' lang='lat' dir='ltr'><strong>libris</strong></span> <span class='ocrx_word' id='word_1_329' title='bbox 1418 4144 1671 4214; x_wconf 86' lang='lat' dir='ltr'><strong>subjecit.</strong></span> <span class='ocrx_word' id='word_1_330' title='bbox 1718 4144 1796 4200; x_wconf 92' lang='lat' dir='ltr'><strong>lbi</strong></span> <span class='ocrx_word' id='word_1_331' title='bbox 1843 4147 1988 4200; x_wconf 90' lang='lat' dir='ltr'><strong>enim</strong></span> <span class='ocrx_word' id='word_1_332' title='bbox 2029 4144 2103 4201; x_wconf 80' lang='grc' dir='ltr'><strong>Μ.</strong></span> 
     </span>
    </p>
   </div>
   <div class='ocr_carea' id='block_1_48' title="bbox 528 4236 2108 4306">
    <p class='ocr_par' dir='ltr' id='par_1_48' title="bbox 528 4236 2108 4306">
     <span class='ocr_line' id='line_1_51' title="bbox 528 4236 2108 4306; baseline 0.003 -18"><span class='ocrx_word' id='word_1_333' title='bbox 528 4236 736 4290; x_wconf 90' lang='lat' dir='ltr'><strong>Aurelii</strong></span> <span class='ocrx_word' id='word_1_334' title='bbox 771 4247 1006 4291; x_wconf 90' lang='lat' dir='ltr'><strong>mortem</strong></span> <span class='ocrx_word' id='word_1_335' title='bbox 1054 4236 1303 4306; x_wconf 74' lang='lat' dir='ltr'><strong>designat</strong></span> <span class='ocrx_word' id='word_1_336' title='bbox 1336 4236 1423 4292; x_wconf 91' lang='lat' dir='ltr'><strong>his</strong></span> <span class='ocrx_word' id='word_1_337' title='bbox 1459 4237 1642 4293; x_wconf 77' lang='lat' dir='ltr'><strong>verbis</strong></span> <span class='ocrx_word' id='word_1_338' title='bbox 1672 4253 1687 4292; x_wconf 91' lang='lat'><strong>:</strong></span> <span class='ocrx_word' id='word_1_339' title='bbox 1728 4256 1748 4289; x_wconf 69' lang='lat' dir='ltr'><strong>i</strong></span> <span class='ocrx_word' id='word_1_340' title='bbox 1782 4236 1953 4295; x_wconf 84' lang='lat' dir='ltr'><strong>Verus</strong></span> <span class='ocrx_word' id='word_1_341' title='bbox 2003 4240 2108 4293; x_wconf 80' lang='lat' dir='ltr'><strong>im-</strong></span> 
     </span>
    </p>
   </div>
   <div class='ocr_carea' id='block_1_49' title="bbox 527 4327 2107 4399">
    <p class='ocr_par' dir='ltr' id='par_1_49' title="bbox 527 4327 2107 4399">
     <span class='ocr_line' id='line_1_52' title="bbox 527 4327 2107 4399; baseline 0.001 -18"><span class='ocrx_word' id='word_1_342' title='bbox 527 4328 743 4397; x_wconf 82' lang='lat' dir='ltr'><strong>paravit</strong></span> <span class='ocrx_word' id='word_1_343' title='bbox 778 4328 939 4382; x_wconf 87' lang='lat' dir='ltr'><strong>annis</strong></span> <span class='ocrx_word' id='word_1_344' title='bbox 964 4327 1051 4391; x_wconf 87' lang='grc'><strong>19,</strong></span> <span class='ocrx_word' id='word_1_345' title='bbox 1086 4342 1306 4383; x_wconf 87' lang='lat' dir='ltr'><strong>menses</strong></span> <span class='ocrx_word' id='word_1_346' title='bbox 1334 4327 1423 4392; x_wconf 86' lang='grc'><strong>10,</strong></span> <span class='ocrx_word' id='word_1_347' title='bbox 1456 4346 1476 4379; x_wconf 71' lang='grc' dir='ltr'><strong><em>ι</em></strong></span> <span class='ocrx_word' id='word_1_348' title='bbox 1532 4328 1776 4399; x_wconf 90' lang='lat' dir='ltr'><strong>adeoque</strong></span> <span class='ocrx_word' id='word_1_349' title='bbox 1804 4328 2107 4384; x_wconf 90' lang='lat' dir='ltr'><strong>Commodo</strong></span> 
     </span>
    </p>
   </div>
   <div class='ocr_carea' id='block_1_50' title="bbox 524 4405 2177 4485">
    <p class='ocr_par' dir='ltr' id='par_1_50' title="bbox 524 4405 2177 4485">
     <span class='ocr_line' id='line_1_53' title="bbox 524 4405 2177 4485; baseline -0.002 -17"><span class='ocrx_word' id='word_1_350' title='bbox 524 4415 647 4485; x_wconf 87' lang='lat' dir='ltr'><strong>ejus</strong></span> <span class='ocrx_word' id='word_1_351' title='bbox 675 4415 789 4469; x_wconf 86' lang='lat' dir='ltr'><strong>ﬁlia</strong></span> <span class='ocrx_word' id='word_1_352' title='bbox 825 4415 1124 4485; x_wconf 88' lang='lat' dir='ltr'><strong>imperante</strong></span> <span class='ocrx_word' id='word_1_353' title='bbox 1152 4414 1487 4484; x_wconf 87' lang='lat' dir='ltr'><strong>Theophilus</strong></span> <span class='ocrx_word' id='word_1_354' title='bbox 1518 4415 1697 4471; x_wconf 90' lang='lat' dir='ltr'><strong>adhuc</strong></span> <span class='ocrx_word' id='word_1_355' title='bbox 1729 4414 1956 4471; x_wconf 89' lang='lat' dir='ltr'><strong>sedebat</strong></span> <span class='ocrx_word' id='word_1_356' title='bbox 1988 4414 2106 4484; x_wconf 88' lang='lat' dir='ltr'><strong>epi-</strong></span> <span class='ocrx_word' id='word_1_357' title='bbox 2133 4405 2177 4464; x_wconf 86' lang='lat' dir='ltr'><strong>C</strong></span> 
     </span>
    </p>
   </div>
   <div class='ocr_carea' id='block_1_51' title="bbox 527 4504 2104 4578">
    <p class='ocr_par' dir='ltr' id='par_1_51' title="bbox 527 4504 2104 4578">
     <span class='ocr_line' id='line_1_54' title="bbox 527 4504 2104 4578; baseline 0 -17"><span class='ocrx_word' id='word_1_358' title='bbox 527 4522 746 4576; x_wconf 85' lang='lat' dir='ltr'><strong>scapus.</strong></span> <span class='ocrx_word' id='word_1_359' title='bbox 775 4505 867 4562; x_wconf 88' lang='lat' dir='ltr'><strong>Sic</strong></span> <span class='ocrx_word' id='word_1_360' title='bbox 894 4506 1057 4578; x_wconf 81' lang='lat' dir='ltr'><strong>igitur</strong></span> <span class='ocrx_word' id='word_1_361' title='bbox 1075 4504 1214 4562; x_wconf 88' lang='lat' dir='ltr'><strong>V.C.</strong></span> <span class='ocrx_word' id='word_1_362' title='bbox 1230 4505 1612 4576; x_wconf 91' lang='lat' dir='ltr'><strong>episcoporum</strong></span> <span class='ocrx_word' id='word_1_363' title='bbox 1635 4507 2104 4562; x_wconf 83' lang='lat' dir='ltr'><strong>Antiochenarum</strong></span> 
     </span>
    </p>
   </div>
   <div class='ocr_carea' id='block_1_52' title="bbox 526 4595 2101 4653">
    <p class='ocr_par' dir='ltr' id='par_1_52' title="bbox 526 4595 2101 4653">
     <span class='ocr_line' id='line_1_55' title="bbox 526 4595 2101 4653; baseline 0.002 -4"><span class='ocrx_word' id='word_1_364' title='bbox 526 4596 902 4651; x_wconf 82' lang='lat' dir='ltr'><strong>chronotaxim</strong></span> <span class='ocrx_word' id='word_1_365' title='bbox 938 4595 1304 4652; x_wconf 85' lang='lat' dir='ltr'><strong>Eusebianam</strong></span> <span class='ocrx_word' id='word_1_366' title='bbox 1356 4597 1765 4652; x_wconf 81' lang='lat' dir='ltr'><strong>reformandam</strong></span> <span class='ocrx_word' id='word_1_367' title='bbox 1798 4596 2101 4653; x_wconf 79' lang='lat' dir='ltr'><strong>existimat.</strong></span> 
     </span>
    </p>
   </div>
   <div class='ocr_carea' id='block_1_53' title="bbox 527 4685 2101 4760">
    <p class='ocr_par' dir='ltr' id='par_1_53' title="bbox 527 4685 2101 4760">
     <span class='ocr_line' id='line_1_56' title="bbox 527 4685 2101 4760; baseline 0.002 -19"><span class='ocrx_word' id='word_1_368' title='bbox 527 4685 863 4757; x_wconf 89' lang='lat' dir='ltr'><strong>Theophilus</strong></span> <span class='ocrx_word' id='word_1_369' title='bbox 938 4695 1123 4745; x_wconf 85' lang='lat' dir='ltr'><strong>sextus</strong></span> <span class='ocrx_word' id='word_1_370' title='bbox 1175 4689 1245 4744; x_wconf 88' lang='lat' dir='ltr'><strong>ab</strong></span> <span class='ocrx_word' id='word_1_371' title='bbox 1290 4690 1551 4760; x_wconf 88' lang='lat' dir='ltr'><strong>apostolis</strong></span> <span class='ocrx_word' id='word_1_372' title='bbox 1596 4687 1854 4745; x_wconf 64' lang='lat' dir='ltr'><strong>Ecclesiae</strong></span> <span class='ocrx_word' id='word_1_373' title='bbox 1899 4689 2101 4744; x_wconf 76' lang='lat' dir='ltr'><strong>Antio-</strong></span> 
     </span>
    </p>
   </div>
   <div class='ocr_carea' id='block_1_54' title="bbox 524 4778 2097 4848">
    <p class='ocr_par' dir='ltr' id='par_1_54' title="bbox 524 4778 2097 4848">
     <span class='ocr_line' id='line_1_57' title="bbox 524 4778 2097 4848; baseline 0.002 -16"><span class='ocrx_word' id='word_1_374' title='bbox 524 4778 712 4834; x_wconf 74' lang='lat' dir='ltr'><strong>chense</strong></span> <span class='ocrx_word' id='word_1_375' title='bbox 757 4781 986 4839; x_wconf 87' lang='lat' dir='ltr'><strong>antistes</strong></span> <span class='ocrx_word' id='word_1_376' title='bbox 1012 4822 1028 4848; x_wconf 94' lang='lat'><strong>,</strong></span> <span class='ocrx_word' id='word_1_377' title='bbox 1088 4796 1201 4836; x_wconf 88' lang='lat' dir='ltr'><strong>non</strong></span> <span class='ocrx_word' id='word_1_378' title='bbox 1242 4781 1351 4837; x_wconf 91' lang='lat' dir='ltr'><strong>nisi</strong></span> <span class='ocrx_word' id='word_1_379' title='bbox 1409 4796 1557 4837; x_wconf 92' lang='lat' dir='ltr'><strong>anno</strong></span> <span class='ocrx_word' id='word_1_380' title='bbox 1609 4779 1814 4837; x_wconf 84' lang='lat' dir='ltr'><strong>Christi</strong></span> <span class='ocrx_word' id='word_1_381' title='bbox 1842 4781 1966 4847; x_wconf 87' lang='lat' dir='ltr'><strong>l77,</strong></span> <span class='ocrx_word' id='word_1_382' title='bbox 1994 4781 2097 4836; x_wconf 91' lang='lat' dir='ltr'><strong>sub</strong></span> 
     </span>
    </p>
   </div>
   <div class='ocr_carea' id='block_1_55' title="bbox 526 4869 2096 4944">
    <p class='ocr_par' dir='ltr' id='par_1_55' title="bbox 526 4869 2096 4944">
     <span class='ocr_line' id='line_1_58' title="bbox 526 4869 2096 4944; baseline 0.002 -21"><span class='ocrx_word' id='word_1_383' title='bbox 526 4869 597 4924; x_wconf 83' lang='lat' dir='ltr'><strong>M.</strong></span> <span class='ocrx_word' id='word_1_384' title='bbox 625 4870 849 4927; x_wconf 87' lang='lat' dir='ltr'><strong>Aurelia</strong></span> <span class='ocrx_word' id='word_1_385' title='bbox 898 4874 1089 4929; x_wconf 88' lang='lat' dir='ltr'><strong>sedere</strong></span> <span class='ocrx_word' id='word_1_386' title='bbox 1132 4872 1358 4944; x_wconf 88' lang='lat' dir='ltr'><strong>incepit,</strong></span> <span class='ocrx_word' id='word_1_387' title='bbox 1410 4888 1588 4943; x_wconf 90' lang='lat' dir='ltr'><strong>usque</strong></span> <span class='ocrx_word' id='word_1_388' title='bbox 1625 4872 1693 4928; x_wconf 88' lang='lat' dir='ltr'><strong>ad</strong></span> <span class='ocrx_word' id='word_1_389' title='bbox 1732 4888 1940 4928; x_wconf 88' lang='lat' dir='ltr'><strong>annum</strong></span> <span class='ocrx_word' id='word_1_390' title='bbox 1972 4872 2096 4940; x_wconf 86' lang='grc'><strong>186,</strong></span> 
     </span>
    </p>
   </div>
   <div class='ocr_carea' id='block_1_56' title="bbox 525 4962 2094 5034">
    <p class='ocr_par' dir='ltr' id='par_1_56' title="bbox 525 4962 2094 5034">
     <span class='ocr_line' id='line_1_59' title="bbox 525 4962 2094 5034; baseline 0.001 -16"><span class='ocrx_word' id='word_1_391' title='bbox 525 4962 813 5019; x_wconf 88' lang='lat' dir='ltr'><strong>Commodi</strong></span> <span class='ocrx_word' id='word_1_392' title='bbox 843 4963 899 5031; x_wconf 90' lang='lat'><strong>6,</strong></span> <span class='ocrx_word' id='word_1_393' title='bbox 938 4978 1050 5034; x_wconf 91' lang='lat' dir='ltr'><strong>qua</strong></span> <span class='ocrx_word' id='word_1_394' title='bbox 1082 4963 1261 5034; x_wconf 85' lang='lat' dir='ltr'><strong>ipsum</strong></span> <span class='ocrx_word' id='word_1_395' title='bbox 1312 4965 1527 5034; x_wconf 83' lang='lat' dir='ltr'><strong>excepit</strong></span> <span class='ocrx_word' id='word_1_396' title='bbox 1556 4963 1907 5020; x_wconf 84' lang='lat' dir='ltr'><strong>Maximinus.</strong></span> <span class='ocrx_word' id='word_1_397' title='bbox 1956 4962 2094 5019; x_wconf 89' lang='lat' dir='ltr'><strong>Cum</strong></span> 
     </span>
    </p>
   </div>
   <div class='ocr_carea' id='block_1_57' title="bbox 524 5056 2098 5128">
    <p class='ocr_par' dir='ltr' id='par_1_57' title="bbox 524 5056 2098 5128">
     <span class='ocr_line' id='line_1_60' title="bbox 524 5056 2098 5128; baseline 0.002 -17"><span class='ocrx_word' id='word_1_398' title='bbox 524 5064 709 5111; x_wconf 89' lang='lat' dir='ltr'><strong>autem</strong></span> <span class='ocrx_word' id='word_1_399' title='bbox 749 5056 839 5112; x_wconf 92' lang='lat' dir='ltr'><strong>hic</strong></span> <span class='ocrx_word' id='word_1_400' title='bbox 880 5072 949 5112; x_wconf 87' lang='lat' dir='ltr'><strong>ex</strong></span> <span class='ocrx_word' id='word_1_401' title='bbox 980 5057 1174 5112; x_wconf 87' lang='lat' dir='ltr'><strong>eadem</strong></span> <span class='ocrx_word' id='word_1_402' title='bbox 1237 5057 1478 5113; x_wconf 82' lang='lat' dir='ltr'><strong>Eusebio</strong></span> <span class='ocrx_word' id='word_1_403' title='bbox 1504 5057 1571 5111; x_wconf 80' lang='grc'><strong>15</strong></span> <span class='ocrx_word' id='word_1_404' title='bbox 1599 5072 1873 5113; x_wconf 89' lang='lat' dir='ltr'><strong>annorum</strong></span> <span class='ocrx_word' id='word_1_405' title='bbox 1918 5058 2098 5128; x_wconf 89' lang='lat' dir='ltr'><strong>spatia</strong></span> 
     </span>
    </p>
   </div>
   <div class='ocr_carea' id='block_1_58' title="bbox 525 5145 2099 5217">
    <p class='ocr_par' dir='ltr' id='par_1_58' title="bbox 525 5145 2099 5217">
     <span class='ocr_line' id='line_1_61' title="bbox 525 5145 2099 5217; baseline 0.001 -16"><span class='ocrx_word' id='word_1_406' title='bbox 525 5145 784 5204; x_wconf 66' lang='lat' dir='ltr'><strong>Ecclesiae</strong></span> <span class='ocrx_word' id='word_1_407' title='bbox 829 5148 1183 5202; x_wconf 70' lang='lat' dir='ltr'><strong>Antiochense</strong></span> <span class='ocrx_word' id='word_1_408' title='bbox 1229 5147 1540 5217; x_wconf 70' lang='lat' dir='ltr'><strong>praefuerit,</strong></span> <span class='ocrx_word' id='word_1_409' title='bbox 1577 5148 1722 5203; x_wconf 91' lang='lat' dir='ltr'><strong>diem</strong></span> <span class='ocrx_word' id='word_1_410' title='bbox 1756 5148 1956 5203; x_wconf 90' lang='lat' dir='ltr'><strong>abierit</strong></span> <span class='ocrx_word' id='word_1_411' title='bbox 1994 5163 2099 5217; x_wconf 89' lang='lat' dir='ltr'><strong>po-</strong></span> 
     </span>
    </p>
   </div>
   <div class='ocr_carea' id='block_1_59' title="bbox 524 5237 2099 5308">
    <p class='ocr_par' dir='ltr' id='par_1_59' title="bbox 524 5237 2099 5308">
     <span class='ocr_line' id='line_1_62' title="bbox 524 5237 2099 5308; baseline -0.001 -14"><span class='ocrx_word' id='word_1_412' title='bbox 524 5247 789 5294; x_wconf 91' lang='lat' dir='ltr'><strong>stremum</strong></span> <span class='ocrx_word' id='word_1_413' title='bbox 874 5240 1119 5308; x_wconf 87' lang='lat' dir='ltr'><strong>oportuit</strong></span> <span class='ocrx_word' id='word_1_414' title='bbox 1164 5254 1310 5293; x_wconf 89' lang='lat' dir='ltr'><strong>anno</strong></span> <span class='ocrx_word' id='word_1_415' title='bbox 1351 5239 1484 5306; x_wconf 88' lang='grc'><strong>199,</strong></span> <span class='ocrx_word' id='word_1_416' title='bbox 1543 5247 1605 5294; x_wconf 80' lang='grc' dir='ltr'><strong>ιιι</strong></span> <span class='ocrx_word' id='word_1_417' title='bbox 1654 5240 1884 5308; x_wconf 89' lang='lat' dir='ltr'><strong>proinde</strong></span> <span class='ocrx_word' id='word_1_418' title='bbox 1932 5237 2099 5293; x_wconf 91' lang='lat' dir='ltr'><strong>Sera-</strong></span> 
     </span>
    </p>
   </div>
   <div class='ocr_carea' id='block_1_60' title="bbox 526 5328 2097 5399">
    <p class='ocr_par' dir='ltr' id='par_1_60' title="bbox 526 5328 2097 5399">
     <span class='ocr_line' id='line_1_63' title="bbox 526 5328 2097 5399; baseline 0 -15"><span class='ocrx_word' id='word_1_419' title='bbox 526 5331 709 5399; x_wconf 88' lang='lat' dir='ltr'><strong>pionis</strong></span> <span class='ocrx_word' id='word_1_420' title='bbox 738 5329 1087 5399; x_wconf 86' lang='lat' dir='ltr'><strong>episcopatus</strong></span> <span class='ocrx_word' id='word_1_421' title='bbox 1134 5328 1290 5384; x_wconf 87' lang='lat' dir='ltr'><strong>initia</strong></span> <span class='ocrx_word' id='word_1_422' title='bbox 1338 5330 1396 5384; x_wconf 90' lang='lat' dir='ltr'><strong>in</strong></span> <span class='ocrx_word' id='word_1_423' title='bbox 1422 5330 1453 5382; x_wconf 89' lang='lat'><strong>7</strong></span> <span class='ocrx_word' id='word_1_424' title='bbox 1486 5330 1568 5385; x_wconf 88' lang='lat' dir='ltr'><strong>vel</strong></span> <span class='ocrx_word' id='word_1_425' title='bbox 1590 5330 1624 5384; x_wconf 88' lang='lat'><strong>8</strong></span> <span class='ocrx_word' id='word_1_426' title='bbox 1652 5329 1837 5386; x_wconf 87' lang='lat' dir='ltr'><strong>Severi</strong></span> <span class='ocrx_word' id='word_1_427' title='bbox 1891 5346 2097 5385; x_wconf 90' lang='lat' dir='ltr'><strong>annum</strong></span> 
     </span>
    </p>
   </div>
   <div class='ocr_carea' id='block_1_61' title="bbox 2207 3136 3173 3213">
    <p class='ocr_par' dir='ltr' id='par_1_61' title="bbox 2207 3136 3173 3213">
     <span class='ocr_line' id='line_1_64' title="bbox 2207 3136 3173 3213; baseline 0.006 -24"><span class='ocrx_word' id='word_1_428' title='bbox 2207 3136 2387 3191; x_wconf 90' lang='lat' dir='ltr'><strong>nullos</strong></span> <span class='ocrx_word' id='word_1_429' title='bbox 2415 3136 2676 3192; x_wconf 89' lang='lat' dir='ltr'><strong>habuisse</strong></span> <span class='ocrx_word' id='word_1_430' title='bbox 2705 3148 3016 3207; x_wconf 91' lang='lat' dir='ltr'><strong>compertas</strong></span> <span class='ocrx_word' id='word_1_431' title='bbox 3042 3139 3142 3213; x_wconf 72' lang='grc'><strong>(4).</strong></span> <span class='ocrx_word' id='word_1_432' title='bbox 3168 3167 3173 3172; x_wconf 92' lang='grc'><strong>-</strong></span> 
     </span>
    </p>
   </div>
   <div class='ocr_carea' id='block_1_62' title="bbox 2276 3226 3776 3301">
    <p class='ocr_par' dir='ltr' id='par_1_62' title="bbox 2276 3226 3776 3301">
     <span class='ocr_line' id='line_1_65' title="bbox 2276 3226 3776 3301; baseline 0 -20"><span class='ocrx_word' id='word_1_433' title='bbox 2276 3226 2342 3283; x_wconf 92' lang='lat' dir='ltr'><strong>ll.</strong></span> <span class='ocrx_word' id='word_1_434' title='bbox 2383 3227 2684 3298; x_wconf 82' lang='lat' dir='ltr'><strong>Epistolam</strong></span> <span class='ocrx_word' id='word_1_435' title='bbox 2728 3228 2947 3299; x_wconf 90' lang='lat' dir='ltr'><strong>scripsit</strong></span> <span class='ocrx_word' id='word_1_436' title='bbox 2987 3230 3256 3301; x_wconf 86' lang='lat' dir='ltr'><strong>Serapion</strong></span> <span class='ocrx_word' id='word_1_437' title='bbox 3297 3228 3363 3284; x_wconf 90' lang='lat' dir='ltr'><strong>de</strong></span> <span class='ocrx_word' id='word_1_438' title='bbox 3402 3227 3776 3299; x_wconf 82' lang='lat' dir='ltr'><strong>Cataphrygs—</strong></span> 
     </span>
    </p>
   </div>
   <div class='ocr_carea' id='block_1_63' title="bbox 2206 3317 3776 3387">
    <p class='ocr_par' dir='ltr' id='par_1_63' title="bbox 2206 3317 3776 3387">
     <span class='ocr_line' id='line_1_66' title="bbox 2206 3317 3776 3387; baseline -0.001 -15"><span class='ocrx_word' id='word_1_439' title='bbox 2206 3333 2331 3373; x_wconf 91' lang='lat' dir='ltr'><strong>rum</strong></span> <span class='ocrx_word' id='word_1_440' title='bbox 2361 3319 2554 3374; x_wconf 70' lang='lat' dir='ltr'><strong>baaresi</strong></span> <span class='ocrx_word' id='word_1_441' title='bbox 2583 3319 2649 3373; x_wconf 92' lang='lat' dir='ltr'><strong>ad</strong></span> <span class='ocrx_word' id='word_1_442' title='bbox 2673 3317 2926 3375; x_wconf 86' lang='lat' dir='ltr'><strong>Caricum</strong></span> <span class='ocrx_word' id='word_1_443' title='bbox 2952 3330 3007 3377; x_wconf 91' lang='lat' dir='ltr'><strong>et</strong></span> <span class='ocrx_word' id='word_1_444' title='bbox 3027 3319 3340 3387; x_wconf 90' lang='lat' dir='ltr'><strong>Ponticum,</strong></span> <span class='ocrx_word' id='word_1_445' title='bbox 3369 3320 3486 3377; x_wconf 88' lang='lat' dir='ltr'><strong>sive</strong></span> <span class='ocrx_word' id='word_1_446' title='bbox 3507 3318 3776 3380; x_wconf 87' lang='lat' dir='ltr'><strong>Pontium;</strong></span> 
     </span>
    </p>
   </div>
   <div class='ocr_carea' id='block_1_64' title="bbox 2208 3410 3781 3482">
    <p class='ocr_par' dir='ltr' id='par_1_64' title="bbox 2208 3410 3781 3482">
     <span class='ocr_line' id='line_1_67' title="bbox 2208 3410 3781 3482; baseline -0.003 -18"><span class='ocrx_word' id='word_1_447' title='bbox 2208 3420 2440 3481; x_wconf 91' lang='lat' dir='ltr'><strong>utraque</strong></span> <span class='ocrx_word' id='word_1_448' title='bbox 2472 3410 2619 3465; x_wconf 91' lang='lat' dir='ltr'><strong>enim</strong></span> <span class='ocrx_word' id='word_1_449' title='bbox 2651 3413 2865 3467; x_wconf 88' lang='lat' dir='ltr'><strong>ratione</strong></span> <span class='ocrx_word' id='word_1_450' title='bbox 2897 3428 3097 3468; x_wconf 88' lang='lat' dir='ltr'><strong>nomen</strong></span> <span class='ocrx_word' id='word_1_451' title='bbox 3131 3412 3279 3468; x_wconf 88' lang='lat' dir='ltr'><strong>istud</strong></span> <span class='ocrx_word' id='word_1_452' title='bbox 3320 3415 3463 3482; x_wconf 89' lang='lat' dir='ltr'><strong>apud</strong></span> <span class='ocrx_word' id='word_1_453' title='bbox 3490 3410 3781 3466; x_wconf 74' lang='lat' dir='ltr'><strong>Eusebium</strong></span> 
     </span>
    </p>
   </div>
   <div class='ocr_carea' id='block_1_65' title="bbox 2212 3500 3777 3575">
    <p class='ocr_par' dir='ltr' id='par_1_65' title="bbox 2212 3500 3777 3575">
     <span class='ocr_line' id='line_1_68' title="bbox 2212 3500 3777 3575; baseline -0.002 -19"><span class='ocrx_word' id='word_1_454' title='bbox 2212 3500 2561 3558; x_wconf 79' lang='lat' dir='ltr'><strong>Valesianum</strong></span> <span class='ocrx_word' id='word_1_455' title='bbox 2611 3503 2856 3571; x_wconf 83' lang='lat' dir='ltr'><strong>ell‘ertur,</strong></span> <span class='ocrx_word' id='word_1_456' title='bbox 2927 3504 3058 3559; x_wconf 90' lang='lat' dir='ltr'><strong>licet</strong></span> <span class='ocrx_word' id='word_1_457' title='bbox 3123 3502 3493 3575; x_wconf 82' lang='lat' dir='ltr'><strong>Hieronymus</strong></span> <span class='ocrx_word' id='word_1_458' title='bbox 3529 3502 3777 3558; x_wconf 87' lang='lat' dir='ltr'><strong>Pontium</strong></span> 
     </span>
    </p>
   </div>
   <div class='ocr_carea' id='block_1_66' title="bbox 2207 3592 3779 3666">
    <p class='ocr_par' dir='ltr' id='par_1_66' title="bbox 2207 3592 3779 3666">
     <span class='ocr_line' id='line_1_69' title="bbox 2207 3592 3779 3666; baseline 0 -19"><span class='ocrx_word' id='word_1_459' title='bbox 2207 3592 2460 3662; x_wconf 88' lang='lat' dir='ltr'><strong>appellet.</strong></span> <span class='ocrx_word' id='word_1_460' title='bbox 2517 3592 2651 3660; x_wconf 87' lang='lat' dir='ltr'><strong>Ejus</strong></span> <span class='ocrx_word' id='word_1_461' title='bbox 2687 3594 3057 3666; x_wconf 81' lang='lat' dir='ltr'><strong>fragmentum</strong></span> <span class='ocrx_word' id='word_1_462' title='bbox 3101 3597 3293 3652; x_wconf 87' lang='lat' dir='ltr'><strong>recitat</strong></span> <span class='ocrx_word' id='word_1_463' title='bbox 3342 3596 3487 3651; x_wconf 90' lang='lat' dir='ltr'><strong>idem</strong></span> <span class='ocrx_word' id='word_1_464' title='bbox 3521 3592 3779 3663; x_wconf 82' lang='lat' dir='ltr'><strong>Hierony-</strong></span> 
     </span>
    </p>
   </div>
   <div class='ocr_carea' id='block_1_67' title="bbox 2206 3685 3777 3759">
    <p class='ocr_par' dir='ltr' id='par_1_67' title="bbox 2206 3685 3777 3759">
     <span class='ocr_line' id='line_1_70' title="bbox 2206 3685 3777 3759; baseline -0.001 -19"><span class='ocrx_word' id='word_1_465' title='bbox 2206 3702 2331 3741; x_wconf 83' lang='lat' dir='ltr'><strong>mus</strong></span> <span class='ocrx_word' id='word_1_466' title='bbox 2364 3686 2437 3757; x_wconf 84' lang='lat'><strong>(5)</strong></span> <span class='ocrx_word' id='word_1_467' title='bbox 2484 3701 2547 3742; x_wconf 86' lang='lat' dir='ltr'><strong>ex</strong></span> <span class='ocrx_word' id='word_1_468' title='bbox 2577 3685 2815 3742; x_wconf 89' lang='lat' dir='ltr'><strong>Eusebio</strong></span> <span class='ocrx_word' id='word_1_469' title='bbox 2847 3686 2962 3759; x_wconf 87' lang='lat'><strong>(6);</strong></span> <span class='ocrx_word' id='word_1_470' title='bbox 2992 3687 3086 3758; x_wconf 92' lang='lat' dir='ltr'><strong>qui</strong></span> <span class='ocrx_word' id='word_1_471' title='bbox 3123 3687 3287 3742; x_wconf 90' lang='lat' dir='ltr'><strong>etiam</strong></span> <span class='ocrx_word' id='word_1_472' title='bbox 3325 3688 3610 3743; x_wconf 86' lang='lat' dir='ltr'><strong>variorum</strong></span> <span class='ocrx_word' id='word_1_473' title='bbox 3667 3685 3777 3754; x_wconf 87' lang='lat' dir='ltr'><strong>epi-</strong></span> 
     </span>
    </p>
   </div>
   <div class='ocr_carea' id='block_1_68' title="bbox 2207 3776 3781 3848">
    <p class='ocr_par' dir='ltr' id='par_1_68' title="bbox 2207 3776 3781 3848">
     <span class='ocr_line' id='line_1_71' title="bbox 2207 3776 3781 3848; baseline -0.003 -15"><span class='ocrx_word' id='word_1_474' title='bbox 2207 3792 2504 3847; x_wconf 90' lang='lat' dir='ltr'><strong>scoporum</strong></span> <span class='ocrx_word' id='word_1_475' title='bbox 2548 3778 2985 3848; x_wconf 87' lang='lat' dir='ltr'><strong>subscriptiones</strong></span> <span class='ocrx_word' id='word_1_476' title='bbox 3031 3778 3209 3833; x_wconf 91' lang='lat' dir='ltr'><strong>eidem</strong></span> <span class='ocrx_word' id='word_1_477' title='bbox 3251 3776 3497 3847; x_wconf 64' lang='lat' dir='ltr'><strong>epistolae</strong></span> <span class='ocrx_word' id='word_1_478' title='bbox 3549 3777 3781 3831; x_wconf 78' lang='lat' dir='ltr'><strong>intextas</strong></span> 
     </span>
    </p>
   </div>
   <div class='ocr_carea' id='block_1_69' title="bbox 2207 3868 3781 3940">
    <p class='ocr_par' dir='ltr' id='par_1_69' title="bbox 2207 3868 3781 3940">
     <span class='ocr_line' id='line_1_72' title="bbox 2207 3868 3781 3940; baseline -0.003 -17"><span class='ocrx_word' id='word_1_479' title='bbox 2207 3868 2418 3925; x_wconf 80' lang='lat' dir='ltr'><strong>refert:</strong></span> <span class='ocrx_word' id='word_1_480' title='bbox 2462 3870 2609 3926; x_wconf 88' lang='lat' dir='ltr'><strong>unde</strong></span> <span class='ocrx_word' id='word_1_481' title='bbox 2646 3871 2832 3940; x_wconf 90' lang='lat' dir='ltr'><strong>aliqua</strong></span> <span class='ocrx_word' id='word_1_482' title='bbox 2874 3870 2932 3925; x_wconf 92' lang='lat' dir='ltr'><strong>in</strong></span> <span class='ocrx_word' id='word_1_483' title='bbox 2975 3871 3209 3926; x_wconf 86' lang='lat' dir='ltr'><strong>concilia</strong></span> <span class='ocrx_word' id='word_1_484' title='bbox 3254 3870 3429 3926; x_wconf 79' lang='lat' dir='ltr'><strong>fuisse</strong></span> <span class='ocrx_word' id='word_1_485' title='bbox 3479 3871 3626 3925; x_wconf 88' lang='lat' dir='ltr'><strong>illam</strong></span> <span class='ocrx_word' id='word_1_486' title='bbox 3655 3882 3781 3923; x_wconf 78' lang='lat' dir='ltr'><strong>exa-</strong></span> 
     </span>
    </p>
   </div>
   <div class='ocr_carea' id='block_1_70' title="bbox 2207 3961 3779 4034">
    <p class='ocr_par' dir='ltr' id='par_1_70' title="bbox 2207 3961 3779 4034">
     <span class='ocr_line' id='line_1_73' title="bbox 2207 3961 3779 4034; baseline -0.001 -17"><span class='ocrx_word' id='word_1_487' title='bbox 2207 3972 2385 4017; x_wconf 88' lang='lat' dir='ltr'><strong>ratam</strong></span> <span class='ocrx_word' id='word_1_488' title='bbox 2440 3962 2623 4033; x_wconf 85' lang='lat' dir='ltr'><strong>arguit</strong></span> <span class='ocrx_word' id='word_1_489' title='bbox 2672 3961 3056 4018; x_wconf 89' lang='lat' dir='ltr'><strong>Tillemontius</strong></span> <span class='ocrx_word' id='word_1_490' title='bbox 3099 3964 3195 4034; x_wconf 87' lang='lat'><strong>(7).</strong></span> <span class='ocrx_word' id='word_1_491' title='bbox 3280 3981 3299 4016; x_wconf 84' lang='grc'><strong>‹</strong></span> <span class='ocrx_word' id='word_1_492' title='bbox 3335 3964 3507 4019; x_wconf 80' lang='lat' dir='ltr'><strong>Multa</strong></span> <span class='ocrx_word' id='word_1_493' title='bbox 3566 3963 3779 4034; x_wconf 86' lang='lat' dir='ltr'><strong>quidem</strong></span> 
     </span>
    </p>
   </div>
   <div class='ocr_carea' id='block_1_71' title="bbox 2207 4051 3778 4126">
    <p class='ocr_par' dir='ltr' id='par_1_71' title="bbox 2207 4051 3778 4126">
     <span class='ocr_line' id='line_1_74' title="bbox 2207 4051 3778 4126; baseline -0.001 -18"><span class='ocrx_word' id='word_1_494' title='bbox 2207 4054 2352 4118; x_wconf 89' lang='lat' dir='ltr'><strong>alia,</strong></span> <span class='ocrx_word' id='word_1_495' title='bbox 2411 4052 2598 4109; x_wconf 90' lang='lat' dir='ltr'><strong>subdit</strong></span> <span class='ocrx_word' id='word_1_496' title='bbox 2651 4051 2918 4110; x_wconf 87' lang='lat' dir='ltr'><strong>Eusebius</strong></span> <span class='ocrx_word' id='word_1_497' title='bbox 2962 4056 3077 4126; x_wconf 90' lang='lat'><strong>(8),</strong></span> <span class='ocrx_word' id='word_1_498' title='bbox 3135 4054 3452 4125; x_wconf 89' lang='lat' dir='ltr'><strong>Serapionis</strong></span> <span class='ocrx_word' id='word_1_499' title='bbox 3518 4055 3778 4111; x_wconf 74' lang='lat' dir='ltr'><strong>doctrina:</strong></span> 
     </span>
    </p>
   </div>
   <div class='ocr_carea' id='block_1_72' title="bbox 2207 4138 3772 4214">
    <p class='ocr_par' dir='ltr' id='par_1_72' title="bbox 2207 4138 3772 4214">
     <span class='ocr_line' id='line_1_75' title="bbox 2207 4138 3772 4214; baseline -0.007 -12"><span class='ocrx_word' id='word_1_500' title='bbox 2207 4153 2563 4201; x_wconf 85' lang='lat' dir='ltr'><strong>monumenta</strong></span> <span class='ocrx_word' id='word_1_501' title='bbox 2602 4159 2771 4214; x_wconf 89' lang='lat' dir='ltr'><strong>penes</strong></span> <span class='ocrx_word' id='word_1_502' title='bbox 2824 4145 2965 4201; x_wconf 87' lang='lat' dir='ltr'><strong>alios</strong></span> <span class='ocrx_word' id='word_1_503' title='bbox 3020 4155 3237 4201; x_wconf 84' lang='lat' dir='ltr'><strong>exstare</strong></span> <span class='ocrx_word' id='word_1_504' title='bbox 3282 4144 3543 4201; x_wconf 89' lang='lat' dir='ltr'><strong>credibile</strong></span> <span class='ocrx_word' id='word_1_505' title='bbox 3577 4152 3678 4197; x_wconf 88' lang='lat' dir='ltr'><strong>est.</strong></span> <span class='ocrx_word' id='word_1_506' title='bbox 3699 4138 3772 4192; x_wconf 85' lang='lat' dir='ltr'><strong>Ea</strong></span> 
     </span>
    </p>
   </div>
   <div class='ocr_carea' id='block_1_73' title="bbox 2207 4235 3777 4310">
    <p class='ocr_par' dir='ltr' id='par_1_73' title="bbox 2207 4235 3777 4310">
     <span class='ocr_line' id='line_1_76' title="bbox 2207 4235 3777 4310; baseline -0.004 -18"><span class='ocrx_word' id='word_1_507' title='bbox 2207 4247 2389 4293; x_wconf 88' lang='lat' dir='ltr'><strong>tamen</strong></span> <span class='ocrx_word' id='word_1_508' title='bbox 2414 4235 2482 4292; x_wconf 90' lang='lat' dir='ltr'><strong>ad</strong></span> <span class='ocrx_word' id='word_1_509' title='bbox 2504 4249 2606 4291; x_wconf 87' lang='lat' dir='ltr'><strong>nos</strong></span> <span class='ocrx_word' id='word_1_510' title='bbox 2625 4244 3135 4309; x_wconf 79' lang='lat' dir='ltr'><strong>pervenerunt,un</strong></span> <span class='ocrx_word' id='word_1_511' title='bbox 3145 4237 3440 4310; x_wconf 88' lang='lat' dir='ltr'><strong>scripsitad</strong></span> <span class='ocrx_word' id='word_1_512' title='bbox 3455 4235 3777 4293; x_wconf 87' lang='lat' dir='ltr'><strong>Domninum</strong></span> 
     </span>
    </p>
   </div>
   <div class='ocr_carea' id='block_1_74' title="bbox 2208 4320 3774 4399">
    <p class='ocr_par' dir='ltr' id='par_1_74' title="bbox 2208 4320 3774 4399">
     <span class='ocr_line' id='line_1_77' title="bbox 2208 4320 3774 4399; baseline -0.008 -14"><span class='ocrx_word' id='word_1_513' title='bbox 2208 4327 2524 4399; x_wconf 86' lang='lat' dir='ltr'><strong>quemdam,</strong></span> <span class='ocrx_word' id='word_1_514' title='bbox 2555 4328 2649 4397; x_wconf 91' lang='lat' dir='ltr'><strong>qui</strong></span> <span class='ocrx_word' id='word_1_515' title='bbox 2682 4326 3082 4396; x_wconf 87' lang='lat' dir='ltr'><strong>persecutionis</strong></span> <span class='ocrx_word' id='word_1_516' title='bbox 3116 4337 3359 4396; x_wconf 86' lang='lat' dir='ltr'><strong>tempore</strong></span> <span class='ocrx_word' id='word_1_517' title='bbox 3387 4341 3419 4379; x_wconf 90' lang='lat' dir='ltr'><strong>a</strong></span> <span class='ocrx_word' id='word_1_518' title='bbox 3448 4325 3550 4379; x_wconf 81' lang='lat' dir='ltr'><strong>dde</strong></span> <span class='ocrx_word' id='word_1_519' title='bbox 3580 4320 3774 4378; x_wconf 86' lang='lat' dir='ltr'><strong>Christi</strong></span> 
     </span>
    </p>
   </div>
   <div class='ocr_carea' id='block_1_75' title="bbox 2207 4413 3773 4488">
    <p class='ocr_par' dir='ltr' id='par_1_75' title="bbox 2207 4413 3773 4488">
     <span class='ocr_line' id='line_1_78' title="bbox 2207 4413 3773 4488; baseline -0.008 -12"><span class='ocrx_word' id='word_1_520' title='bbox 2207 4421 2277 4476; x_wconf 90' lang='lat' dir='ltr'><strong>ad</strong></span> <span class='ocrx_word' id='word_1_521' title='bbox 2314 4419 2626 4476; x_wconf 59' lang='lat' dir='ltr'><strong>Iudaeorum</strong></span> <span class='ocrx_word' id='word_1_522' title='bbox 2657 4417 3108 4488; x_wconf 87' lang='lat' dir='ltr'><strong>superstitionem</strong></span> <span class='ocrx_word' id='word_1_523' title='bbox 3155 4417 3479 4473; x_wconf 86' lang='lat' dir='ltr'><strong>desciverat.</strong></span> <span class='ocrx_word' id='word_1_524' title='bbox 3514 4413 3773 4469; x_wconf 67' lang='lat' dir='ltr'><strong>Praeterea</strong></span> 
     </span>
    </p>
   </div>
   <div class='ocr_carea' id='block_1_76' title="bbox 2207 4507 3775 4582">
    <p class='ocr_par' dir='ltr' id='par_1_76' title="bbox 2207 4507 3775 4582">
     <span class='ocr_line' id='line_1_79' title="bbox 2207 4507 3775 4582; baseline -0.009 -14"><span class='ocrx_word' id='word_1_525' title='bbox 2207 4514 2346 4570; x_wconf 89' lang='lat' dir='ltr'><strong>liber</strong></span> <span class='ocrx_word' id='word_1_526' title='bbox 2390 4513 2459 4569; x_wconf 92' lang='lat' dir='ltr'><strong>de</strong></span> <span class='ocrx_word' id='word_1_527' title='bbox 2506 4510 2804 4582; x_wconf 81' lang='lat' dir='ltr'><strong>Evangelia</strong></span> <span class='ocrx_word' id='word_1_528' title='bbox 2858 4509 3029 4577; x_wconf 90' lang='lat' dir='ltr'><strong>Petri,</strong></span> <span class='ocrx_word' id='word_1_529' title='bbox 3072 4523 3194 4579; x_wconf 67' lang='lat' dir='ltr'><strong>qua:</strong></span> <span class='ocrx_word' id='word_1_530' title='bbox 3234 4508 3291 4562; x_wconf 91' lang='lat' dir='ltr'><strong>in</strong></span> <span class='ocrx_word' id='word_1_531' title='bbox 3334 4523 3400 4563; x_wconf 91' lang='lat' dir='ltr'><strong>eo</strong></span> <span class='ocrx_word' id='word_1_532' title='bbox 3442 4507 3579 4563; x_wconf 81' lang='lat' dir='ltr'><strong>falsa</strong></span> <span class='ocrx_word' id='word_1_533' title='bbox 3628 4510 3775 4559; x_wconf 87' lang='lat' dir='ltr'><strong>erant</strong></span> 
     </span>
    </p>
   </div>
   <div class='ocr_carea' id='block_1_77' title="bbox 2205 4599 3775 4676">
    <p class='ocr_par' dir='ltr' id='par_1_77' title="bbox 2205 4599 3775 4676">
     <span class='ocr_line' id='line_1_80' title="bbox 2205 4599 3775 4676; baseline -0.009 -14"><span class='ocrx_word' id='word_1_534' title='bbox 2205 4620 2527 4676; x_wconf 89' lang='lat' dir='ltr'><strong>caarguens.</strong></span> <span class='ocrx_word' id='word_1_535' title='bbox 2544 4603 2717 4671; x_wconf 85' lang='lat' dir='ltr'><strong>Quem</strong></span> <span class='ocrx_word' id='word_1_536' title='bbox 2745 4602 2969 4674; x_wconf 90' lang='lat' dir='ltr'><strong>quidem</strong></span> <span class='ocrx_word' id='word_1_537' title='bbox 2993 4602 3197 4656; x_wconf 90' lang='lat' dir='ltr'><strong>librum</strong></span> <span class='ocrx_word' id='word_1_538' title='bbox 3224 4602 3540 4670; x_wconf 89' lang='lat' dir='ltr'><strong>composuit</strong></span> <span class='ocrx_word' id='word_1_539' title='bbox 3569 4599 3622 4652; x_wconf 88' lang='lat' dir='ltr'><strong>in</strong></span> <span class='ocrx_word' id='word_1_540' title='bbox 3653 4609 3775 4664; x_wconf 42' lang='lat' dir='ltr'><strong>gra‘</strong></span> 
     </span>
    </p>
   </div>
   <div class='ocr_carea' id='block_1_78' title="bbox 2206 4690 3775 4769">
    <p class='ocr_par' dir='ltr' id='par_1_78' title="bbox 2206 4690 3775 4769">
     <span class='ocr_line' id='line_1_81' title="bbox 2206 4690 3775 4769; baseline -0.009 -14"><span class='ocrx_word' id='word_1_541' title='bbox 2206 4699 2338 4755; x_wconf 89' lang='lat' dir='ltr'><strong>tiam</strong></span> <span class='ocrx_word' id='word_1_542' title='bbox 2370 4696 2735 4769; x_wconf 88' lang='lat' dir='ltr'><strong>quarumdam</strong></span> <span class='ocrx_word' id='word_1_543' title='bbox 2772 4711 2841 4751; x_wconf 84' lang='lat' dir='ltr'><strong>ex</strong></span> <span class='ocrx_word' id='word_1_544' title='bbox 2872 4692 3173 4750; x_wconf 83' lang='lat' dir='ltr'><strong>Rhassensi</strong></span> <span class='ocrx_word' id='word_1_545' title='bbox 3202 4694 3446 4762; x_wconf 73' lang='lat' dir='ltr'><strong>parmcia</strong></span> <span class='ocrx_word' id='word_1_546' title='bbox 3490 4690 3587 4761; x_wconf 92' lang='lat' dir='ltr'><strong>qui</strong></span> <span class='ocrx_word' id='word_1_547' title='bbox 3623 4701 3775 4743; x_wconf 85' lang='lat' dir='ltr'><strong>occa-</strong></span> 
     </span>
    </p>
   </div>
   <div class='ocr_carea' id='block_1_79' title="bbox 2203 4776 3778 4857">
    <p class='ocr_par' dir='ltr' id='par_1_79' title="bbox 2203 4776 3778 4857">
     <span class='ocr_line' id='line_1_82' title="bbox 2203 4776 3778 4857; baseline -0.01 -11"><span class='ocrx_word' id='word_1_548' title='bbox 2203 4792 2357 4846; x_wconf 85' lang='lat' dir='ltr'><strong>sione</strong></span> <span class='ocrx_word' id='word_1_549' title='bbox 2401 4788 2552 4844; x_wconf 87' lang='lat' dir='ltr'><strong>illius</strong></span> <span class='ocrx_word' id='word_1_550' title='bbox 2596 4785 2875 4857; x_wconf 80' lang='lat' dir='ltr'><strong>Evangelii</strong></span> <span class='ocrx_word' id='word_1_551' title='bbox 2926 4786 2996 4841; x_wconf 87' lang='lat' dir='ltr'><strong>ad</strong></span> <span class='ocrx_word' id='word_1_552' title='bbox 3050 4784 3357 4840; x_wconf 88' lang='lat' dir='ltr'><strong>doctrinam</strong></span> <span class='ocrx_word' id='word_1_553' title='bbox 3408 4799 3440 4837; x_wconf 88' lang='lat' dir='ltr'><strong>a</strong></span> <span class='ocrx_word' id='word_1_554' title='bbox 3482 4790 3631 4837; x_wconf 85' lang='lat' dir='ltr'><strong>recta</strong></span> <span class='ocrx_word' id='word_1_555' title='bbox 3678 4776 3778 4831; x_wconf 85' lang='lat' dir='ltr'><strong>tide</strong></span> 
     </span>
    </p>
   </div>
   <div class='ocr_carea' id='block_1_80' title="bbox 2202 4873 3774 4944">
    <p class='ocr_par' dir='ltr' id='par_1_80' title="bbox 2202 4873 3774 4944">
     <span class='ocr_line' id='line_1_83' title="bbox 2202 4873 3774 4944; baseline -0.011 -5"><span class='ocrx_word' id='word_1_556' title='bbox 2202 4884 2437 4939; x_wconf 90' lang='lat' dir='ltr'><strong>alienam</strong></span> <span class='ocrx_word' id='word_1_557' title='bbox 2465 4880 2891 4937; x_wconf 86' lang='lat' dir='ltr'><strong>declinaverant.</strong></span> <span class='ocrx_word' id='word_1_558' title='bbox 2928 4896 2949 4931; x_wconf 77' lang='grc' dir='ltr'><strong><em>ι</em></strong></span> <span class='ocrx_word' id='word_1_559' title='bbox 2991 4876 3117 4932; x_wconf 72' lang='lat' dir='ltr'><strong>Haec</strong></span> <span class='ocrx_word' id='word_1_560' title='bbox 3147 4874 3420 4932; x_wconf 88' lang='lat' dir='ltr'><strong>Eusebius</strong></span> <span class='ocrx_word' id='word_1_561' title='bbox 3448 4916 3463 4942; x_wconf 94' lang='lat'><strong>,</strong></span> <span class='ocrx_word' id='word_1_562' title='bbox 3491 4873 3585 4944; x_wconf 89' lang='lat' dir='ltr'><strong>qui</strong></span> <span class='ocrx_word' id='word_1_563' title='bbox 3624 4878 3678 4926; x_wconf 92' lang='lat' dir='ltr'><strong>et</strong></span> <span class='ocrx_word' id='word_1_564' title='bbox 3710 4884 3774 4923; x_wconf 83' lang='lat' dir='ltr'><strong>ex</strong></span> 
     </span>
    </p>
   </div>
   <div class='ocr_carea' id='block_1_81' title="bbox 2180 4962 3770 5043">
    <p class='ocr_par' dir='ltr' id='par_1_81' title="bbox 2180 4962 3770 5043">
     <span class='ocr_line' id='line_1_84' title="bbox 2180 4962 3770 5043; baseline -0.009 -16"><span class='ocrx_word' id='word_1_565' title='bbox 2180 4972 2311 5043; x_wconf 51' lang='lat' dir='ltr'><strong>,hoc</strong></span> <span class='ocrx_word' id='word_1_566' title='bbox 2354 4978 2633 5040; x_wconf 83' lang='lat' dir='ltr'><strong>postrema</strong></span> <span class='ocrx_word' id='word_1_567' title='bbox 2682 4967 3001 5038; x_wconf 88' lang='lat' dir='ltr'><strong>Serapionis</strong></span> <span class='ocrx_word' id='word_1_568' title='bbox 3053 4967 3196 5021; x_wconf 90' lang='lat' dir='ltr'><strong>libra</strong></span> <span class='ocrx_word' id='word_1_569' title='bbox 3235 4976 3491 5037; x_wconf 87' lang='lat' dir='ltr'><strong>excerpta</strong></span> <span class='ocrx_word' id='word_1_570' title='bbox 3533 4962 3770 5035; x_wconf 68' lang='lat' dir='ltr'><strong>quazdam</strong></span> 
     </span>
    </p>
   </div>
   <div class='ocr_carea' id='block_1_82' title="bbox 2204 5054 3770 5128">
    <p class='ocr_par' dir='ltr' id='par_1_82' title="bbox 2204 5054 3770 5128">
     <span class='ocr_line' id='line_1_85' title="bbox 2204 5054 3770 5128; baseline -0.006 -14"><span class='ocrx_word' id='word_1_571' title='bbox 2204 5074 2316 5114; x_wconf 62' lang='lat' dir='ltr'><strong>suae</strong></span> <span class='ocrx_word' id='word_1_572' title='bbox 2345 5059 2605 5115; x_wconf 71' lang='lat' dir='ltr'><strong>Historia:</strong></span> <span class='ocrx_word' id='word_1_573' title='bbox 2642 5059 2897 5115; x_wconf 87' lang='lat' dir='ltr'><strong>intexuit.</strong></span> <span class='ocrx_word' id='word_1_574' title='bbox 2950 5056 3108 5113; x_wconf 87' lang='lat' dir='ltr'><strong>Unde</strong></span> <span class='ocrx_word' id='word_1_575' title='bbox 3151 5073 3255 5113; x_wconf 88' lang='lat' dir='ltr'><strong>nos</strong></span> <span class='ocrx_word' id='word_1_576' title='bbox 3284 5072 3507 5128; x_wconf 89' lang='lat' dir='ltr'><strong>quoque</strong></span> <span class='ocrx_word' id='word_1_577' title='bbox 3548 5056 3638 5109; x_wconf 89' lang='lat' dir='ltr'><strong>illa</strong></span> <span class='ocrx_word' id='word_1_578' title='bbox 3677 5054 3770 5106; x_wconf 85' lang='lat' dir='ltr'><strong>de-</strong></span> 
     </span>
    </p>
   </div>
   <div class='ocr_carea' id='block_1_83' title="bbox 2205 5140 3771 5220">
    <p class='ocr_par' dir='ltr' id='par_1_83' title="bbox 2205 5140 3771 5220">
     <span class='ocr_line' id='line_1_86' title="bbox 2205 5140 3771 5220; baseline -0.008 -15"><span class='ocrx_word' id='word_1_579' title='bbox 2205 5149 2569 5219; x_wconf 90' lang='lat' dir='ltr'><strong>scripsimus,</strong></span> <span class='ocrx_word' id='word_1_580' title='bbox 2629 5159 2793 5220; x_wconf 88' lang='lat' dir='ltr'><strong>atque</strong></span> <span class='ocrx_word' id='word_1_581' title='bbox 2847 5148 3005 5204; x_wconf 90' lang='lat' dir='ltr'><strong>alteri</strong></span> <span class='ocrx_word' id='word_1_582' title='bbox 3064 5147 3375 5217; x_wconf 81' lang='lat' dir='ltr'><strong>fragmento</strong></span> <span class='ocrx_word' id='word_1_583' title='bbox 3423 5162 3492 5202; x_wconf 90' lang='lat' dir='ltr'><strong>ex</strong></span> <span class='ocrx_word' id='word_1_584' title='bbox 3548 5140 3771 5215; x_wconf 87' lang='lat' dir='ltr'><strong>epistola</strong></span> 
     </span>
    </p>
   </div>
   <div class='ocr_carea' id='block_1_84' title="bbox 2206 5239 3305 5311">
    <p class='ocr_par' dir='ltr' id='par_1_84' title="bbox 2206 5239 3305 5311">
     <span class='ocr_line' id='line_1_87' title="bbox 2206 5239 3305 5311; baseline 0 -15"><span class='ocrx_word' id='word_1_585' title='bbox 2206 5240 2371 5297; x_wconf 90' lang='lat' dir='ltr'><strong>modo</strong></span> <span class='ocrx_word' id='word_1_586' title='bbox 2403 5241 2619 5296; x_wconf 88' lang='lat' dir='ltr'><strong>laudata</strong></span> <span class='ocrx_word' id='word_1_587' title='bbox 2655 5241 2948 5310; x_wconf 89' lang='lat' dir='ltr'><strong>desumpta</strong></span> <span class='ocrx_word' id='word_1_588' title='bbox 2979 5239 3305 5311; x_wconf 88' lang='lat' dir='ltr'><strong>adjecimus.</strong></span> 
     </span>
    </p>
   </div>
   <div class='ocr_carea' id='block_1_85' title="bbox 2275 5323 3768 5401">
    <p class='ocr_par' dir='ltr' id='par_1_85' title="bbox 2275 5323 3768 5401">
     <span class='ocr_line' id='line_1_88' title="bbox 2275 5323 3768 5401; baseline -0.007 -14"><span class='ocrx_word' id='word_1_589' title='bbox 2275 5331 2364 5389; x_wconf 90' lang='grc'><strong>111.</strong></span> <span class='ocrx_word' id='word_1_590' title='bbox 2402 5332 2539 5388; x_wconf 85' lang='lat' dir='ltr'><strong>illud</strong></span> <span class='ocrx_word' id='word_1_591' title='bbox 2578 5342 2765 5387; x_wconf 89' lang='lat' dir='ltr'><strong>autem</strong></span> <span class='ocrx_word' id='word_1_592' title='bbox 2805 5331 2952 5386; x_wconf 85' lang='lat' dir='ltr'><strong>haud</strong></span> <span class='ocrx_word' id='word_1_593' title='bbox 2992 5332 3274 5401; x_wconf 68' lang='lat' dir='ltr'><strong>praeterire</strong></span> <span class='ocrx_word' id='word_1_594' title='bbox 3321 5331 3473 5398; x_wconf 90' lang='lat' dir='ltr'><strong>licet,</strong></span> <span class='ocrx_word' id='word_1_595' title='bbox 3517 5327 3660 5400; x_wconf 89' lang='lat' dir='ltr'><strong>quod</strong></span> <span class='ocrx_word' id='word_1_596' title='bbox 3704 5323 3768 5377; x_wconf 90' lang='lat' dir='ltr'><strong>de</strong></span> 
     </span>
    </p>
   </div>
   <div class='ocr_carea' id='block_1_86' title="bbox 526 5416 3761 5494">
    <p class='ocr_par' dir='ltr' id='par_1_86' title="bbox 526 5416 3761 5494">
     <span class='ocr_line' id='line_1_89' title="bbox 526 5416 3761 5494; baseline -0.003 -17"><span class='ocrx_word' id='word_1_597' title='bbox 526 5423 753 5477; x_wconf 85' lang='lat' dir='ltr'><strong>omnino</strong></span> <span class='ocrx_word' id='word_1_598' title='bbox 786 5423 1047 5478; x_wconf 89' lang='lat' dir='ltr'><strong>incidant.</strong></span> <span class='ocrx_word' id='word_1_599' title='bbox 1087 5420 1227 5477; x_wconf 81' lang='lat' dir='ltr'><strong>Hinc</strong></span> <span class='ocrx_word' id='word_1_600' title='bbox 1254 5422 1379 5491; x_wconf 90' lang='lat' dir='ltr'><strong>jure</strong></span> <span class='ocrx_word' id='word_1_601' title='bbox 1410 5420 1687 5477; x_wconf 82' lang='lat' dir='ltr'><strong>Dadwello</strong></span> <span class='ocrx_word' id='word_1_602' title='bbox 1722 5423 1937 5479; x_wconf 86' lang='lat' dir='ltr'><strong>videtur</strong></span> <span class='ocrx_word' id='word_1_603' title='bbox 1981 5423 2093 5479; x_wconf 87' lang='lat' dir='ltr'><strong>Eu-</strong></span> <span class='ocrx_word' id='word_1_604' title='bbox 2126 5418 2171 5474; x_wconf 88' lang='lat' dir='ltr'><strong>D</strong></span> <span class='ocrx_word' id='word_1_605' title='bbox 2199 5433 2389 5480; x_wconf 89' lang='lat' dir='ltr'><strong>nostra</strong></span> <span class='ocrx_word' id='word_1_606' title='bbox 2421 5423 2720 5494; x_wconf 87' lang='lat' dir='ltr'><strong>Serapione</strong></span> <span class='ocrx_word' id='word_1_607' title='bbox 2750 5420 2918 5476; x_wconf 90' lang='lat' dir='ltr'><strong>tradit</strong></span> <span class='ocrx_word' id='word_1_608' title='bbox 2950 5420 3204 5478; x_wconf 87' lang='lat' dir='ltr'><strong>Socrates</strong></span> <span class='ocrx_word' id='word_1_609' title='bbox 3229 5420 3307 5493; x_wconf 86' lang='lat'><strong>(9)</strong></span> <span class='ocrx_word' id='word_1_610' title='bbox 3332 5440 3347 5476; x_wconf 90' lang='lat'><strong>:</strong></span> <span class='ocrx_word' id='word_1_611' title='bbox 3372 5421 3491 5492; x_wconf 87' lang='lat' dir='ltr'><strong>ejus</strong></span> <span class='ocrx_word' id='word_1_612' title='bbox 3517 5416 3761 5473; x_wconf 82' lang='lat' dir='ltr'><strong>nimirum</strong></span> 
     </span>
    </p>
   </div>
   <div class='ocr_carea' id='block_1_87' title="bbox 622 5554 1480 5627">
    <p class='ocr_par' dir='ltr' id='par_1_87' title="bbox 622 5554 1480 5627">
     <span class='ocr_line' id='line_1_90' title="bbox 622 5554 1480 5627; baseline 0.001 -17"><span class='ocrx_word' id='word_1_613' title='bbox 622 5554 676 5627; x_wconf 75' lang='grc'><strong>1)</strong></span> <span class='ocrx_word' id='word_1_614' title='bbox 715 5554 917 5627; x_wconf 78' lang='lat' dir='ltr'><strong>Euseb.</strong></span> <span class='ocrx_word' id='word_1_615' title='bbox 948 5554 1169 5627; x_wconf 65' lang='lat' dir='ltr'><strong>Cﬁron.,</strong></span> <span class='ocrx_word' id='word_1_616' title='bbox 1203 5572 1326 5627; x_wconf 86' lang='lat' dir='ltr'><strong>pag.</strong></span> <span class='ocrx_word' id='word_1_617' title='bbox 1358 5557 1480 5612; x_wconf 75' lang='grc'><strong>172.</strong></span> 
     </span>
    </p>
   </div>
   <div class='ocr_carea' id='block_1_88' title="bbox 621 5624 1708 5699">
    <p class='ocr_par' dir='ltr' id='par_1_88' title="bbox 621 5624 1708 5699">
     <span class='ocr_line' id='line_1_91' title="bbox 621 5624 1708 5699; baseline 0.006 -21"><span class='ocrx_word' id='word_1_618' title='bbox 621 5625 677 5699; x_wconf 59' lang='lat'><strong>2)</strong></span> <span class='ocrx_word' id='word_1_619' title='bbox 716 5624 938 5699; x_wconf 67' lang='lat' dir='ltr'><strong>iiieran.</strong></span> <span class='ocrx_word' id='word_1_620' title='bbox 971 5625 1048 5681; x_wconf 86' lang='lat' dir='ltr'><strong>De</strong></span> <span class='ocrx_word' id='word_1_621' title='bbox 1077 5624 1434 5699; x_wconf 8' lang='lat' dir='ltr'><strong>vir_.gillustr..</strong></span> <span class='ocrx_word' id='word_1_622' title='bbox 1468 5644 1588 5699; x_wconf 88' lang='lat' dir='ltr'><strong>cap.</strong></span> <span class='ocrx_word' id='word_1_623' title='bbox 1615 5630 1708 5685; x_wconf 70' lang='grc'><strong>41.</strong></span> 
     </span>
    </p>
   </div>
   <div class='ocr_carea' id='block_1_89' title="bbox 620 5694 1919 5771">
    <p class='ocr_par' dir='ltr' id='par_1_89' title="bbox 620 5694 1919 5771">
     <span class='ocr_line' id='line_1_92' title="bbox 620 5694 1919 5771; baseline 0.002 -22"><span class='ocrx_word' id='word_1_624' title='bbox 620 5694 675 5771; x_wconf 59' lang='lat'><strong>73)</strong></span> <span class='ocrx_word' id='word_1_625' title='bbox 716 5695 976 5771; x_wconf 58' lang='lat' dir='ltr'><strong>[.equien.</strong></span> <span class='ocrx_word' id='word_1_626' title='bbox 1007 5702 1100 5771; x_wconf 70' lang='lat' dir='ltr'><strong>qr.</strong></span> <span class='ocrx_word' id='word_1_627' title='bbox 1129 5696 1353 5771; x_wconf 38' lang='lat' dir='ltr'><strong>Christi,</strong></span> <span class='ocrx_word' id='word_1_628' title='bbox 1378 5694 1607 5771; x_wconf 58' lang='lat' dir='ltr'><strong>tom._&#39;ll,</strong></span> <span class='ocrx_word' id='word_1_629' title='bbox 1640 5716 1763 5771; x_wconf 90' lang='lat' dir='ltr'><strong>pag.</strong></span> <span class='ocrx_word' id='word_1_630' title='bbox 1797 5696 1919 5771; x_wconf 57' lang='grc' dir='ltr'><strong>τρῖ).</strong></span> 
     </span>
    </p>
   </div>
   <div class='ocr_carea' id='block_1_90' title="bbox 624 5764 1952 5841">
    <p class='ocr_par' dir='ltr' id='par_1_90' title="bbox 624 5764 1952 5841">
     <span class='ocr_line' id='line_1_93' title="bbox 624 5764 1952 5841; baseline 0 -19"><span class='ocrx_word' id='word_1_631' title='bbox 624 5764 678 5841; x_wconf 60' lang='grc' dir='ltr'>ξ)</span> <span class='ocrx_word' id='word_1_632' title='bbox 718 5764 978 5841; x_wconf 63' lang='lat' dir='ltr'><strong>Qadwell.</strong></span> <span class='ocrx_word' id='word_1_633' title='bbox 1007 5767 1227 5825; x_wconf 87' lang='lat' dir='ltr'><strong>dissert.</strong></span> <span class='ocrx_word' id='word_1_634' title='bbox 1255 5768 1290 5824; x_wconf 68' lang='grc'><strong>4</strong></span> <span class='ocrx_word' id='word_1_635' title='bbox 1319 5769 1533 5841; x_wconf 76' lang='lat' dir='ltr'><strong>lren.,§</strong></span> <span class='ocrx_word' id='word_1_636' title='bbox 1566 5764 1656 5841; x_wconf 70' lang='lat'><strong>36;</strong></span> <span class='ocrx_word' id='word_1_637' title='bbox 1686 5764 1809 5841; x_wconf 67' lang='lat' dir='ltr'><strong>pag.</strong></span> <span class='ocrx_word' id='word_1_638' title='bbox 1828 5768 1952 5826; x_wconf 76' lang='grc'><strong>565.</strong></span> 
     </span>
    </p>
   </div>
   <div class='ocr_carea' id='block_1_91' title="bbox 601 5832 1079 5902">
    <p class='ocr_par' dir='ltr' id='par_1_91' title="bbox 601 5832 1079 5902">
     <span class='ocr_line' id='line_1_94' title="bbox 601 5832 1079 5902; baseline 0.013 -18"><span class='ocrx_word' id='word_1_639' title='bbox 601 5832 678 5902; x_wconf 75' lang='lat'><strong>(5)</strong></span> <span class='ocrx_word' id='word_1_640' title='bbox 718 5833 940 5889; x_wconf 86' lang='lat' dir='ltr'><strong>Hieron.</strong></span> <span class='ocrx_word' id='word_1_641' title='bbox 965 5835 1003 5890; x_wconf 96' lang='grc'><strong>1.</strong></span> <span class='ocrx_word' id='word_1_642' title='bbox 1030 5851 1079 5891; x_wconf 91' lang='lat' dir='ltr'><strong>c.</strong></span> 
     </span>
    </p>
   </div>
   <div class='ocr_carea' id='block_1_92' title="bbox 2306 5560 3425 5630">
    <p class='ocr_par' dir='ltr' id='par_1_92' title="bbox 2306 5560 3425 5630">
     <span class='ocr_line' id='line_1_95' title="bbox 2306 5560 3425 5630; baseline -0.001 -15"><span class='ocrx_word' id='word_1_643' title='bbox 2306 5562 2361 5630; x_wconf 87' lang='lat'><strong>6)</strong></span> <span class='ocrx_word' id='word_1_644' title='bbox 2399 5560 2599 5617; x_wconf 88' lang='lat' dir='ltr'><strong>Euseb.</strong></span> <span class='ocrx_word' id='word_1_645' title='bbox 2637 5561 2783 5615; x_wconf 84' lang='lat' dir='ltr'><strong>Hist.</strong></span> <span class='ocrx_word' id='word_1_646' title='bbox 2816 5561 2945 5614; x_wconf 84' lang='lat' dir='ltr'><strong>eccl.</strong></span> <span class='ocrx_word' id='word_1_647' title='bbox 2977 5560 3074 5615; x_wconf 88' lang='lat' dir='ltr'><strong>lib.</strong></span> <span class='ocrx_word' id='word_1_648' title='bbox 3103 5575 3306 5630; x_wconf 77' lang='lat' dir='ltr'><strong>v,_cap.</strong></span> <span class='ocrx_word' id='word_1_649' title='bbox 3340 5560 3425 5615; x_wconf 85' lang='grc'><strong>19.</strong></span> 
     </span>
    </p>
   </div>
   <div class='ocr_carea' id='block_1_93' title="bbox 2282 5564 3564 5703">
    <p class='ocr_par' dir='ltr' id='par_1_93' title="bbox 2282 5564 3564 5703">
     <span class='ocr_line' id='line_1_96' title="bbox 2306 5564 3425 5630; baseline -0.001 -15"><span class='ocrx_word' id='word_1_650' title='bbox 2306 5564 2338 5615; x_wconf 86' lang='lat'>6</span> <span class='ocrx_word' id='word_1_651' title='bbox 2399 5564 2599 5617; x_wconf 88' lang='lat' dir='ltr'><strong>Euseb.</strong></span> <span class='ocrx_word' id='word_1_652' title='bbox 2637 5564 2783 5615; x_wconf 87' lang='lat' dir='ltr'><strong>Hist.</strong></span> <span class='ocrx_word' id='word_1_653' title='bbox 2816 5564 2945 5614; x_wconf 88' lang='lat' dir='ltr'><strong>eccl.</strong></span> <span class='ocrx_word' id='word_1_654' title='bbox 2977 5564 3074 5615; x_wconf 90' lang='lat' dir='ltr'><strong>lib.</strong></span> <span class='ocrx_word' id='word_1_655' title='bbox 3103 5576 3159 5627; x_wconf 78' lang='grc' dir='ltr'>ν,</span> <span class='ocrx_word' id='word_1_656' title='bbox 3190 5575 3306 5630; x_wconf 88' lang='lat' dir='ltr'><strong>cap.</strong></span> <span class='ocrx_word' id='word_1_657' title='bbox 3340 5564 3425 5615; x_wconf 87' lang='grc'><strong>19.</strong></span> 
     </span>
     <span class='ocr_line' id='line_1_97' title="bbox 2282 5564 3564 5703; baseline -0.001 -18"><span class='ocrx_word' id='word_1_658' title='bbox 2282 5564 2361 5703; x_wconf 48' lang='lat' dir='ltr'><strong>i7;</strong></span> <span class='ocrx_word' id='word_1_659' title='bbox 2399 5630 2615 5703; x_wconf 68' lang='lat' dir='ltr'><strong>Tillem.</strong></span> <span class='ocrx_word' id='word_1_660' title='bbox 2640 5631 2809 5703; x_wconf 50' lang='lat' dir='ltr'><strong>glém.</strong></span> <span class='ocrx_word' id='word_1_661' title='bbox 2830 5631 2965 5703; x_wconf 74' lang='lat' dir='ltr'><strong>eccl.</strong></span> <span class='ocrx_word' id='word_1_662' title='bbox 2997 5640 3129 5685; x_wconf 92' lang='lat' dir='ltr'><strong>tam.</strong></span> <span class='ocrx_word' id='word_1_663' title='bbox 3165 5628 3253 5703; x_wconf 70' lang='lat' dir='ltr'><strong>Ill,</strong></span> <span class='ocrx_word' id='word_1_664' title='bbox 3286 5645 3410 5700; x_wconf 87' lang='lat' dir='ltr'><strong>pag.</strong></span> <span class='ocrx_word' id='word_1_665' title='bbox 3443 5628 3564 5684; x_wconf 83' lang='lat' dir='ltr'><strong>l68.</strong></span> 
     </span>
    </p>
   </div>
   <div class='ocr_carea' id='block_1_94' title="bbox 2281 5700 3281 5774">
    <p class='ocr_par' dir='ltr' id='par_1_94' title="bbox 2281 5700 3281 5774">
     <span class='ocr_line' id='line_1_98' title="bbox 2281 5700 3281 5774; baseline -0.003 -18"><span class='ocrx_word' id='word_1_666' title='bbox 2281 5700 2358 5774; x_wconf 86' lang='lat'><strong>(8)</strong></span> <span class='ocrx_word' id='word_1_667' title='bbox 2402 5701 2598 5774; x_wconf 77' lang='lat' dir='ltr'><strong>Euseb.</strong></span> <span class='ocrx_word' id='word_1_668' title='bbox 2631 5700 2799 5774; x_wconf 53' lang='lat' dir='ltr'><strong>Est,</strong></span> <span class='ocrx_word' id='word_1_669' title='bbox 2830 5700 3281 5774; x_wconf 71' lang='lat' dir='ltr'><strong>lib._rv,__cap.12.</strong></span> 
     </span>
    </p>
   </div>
   <div class='ocr_carea' id='block_1_95' title="bbox 2280 5768 3442 5845">
    <p class='ocr_par' dir='ltr' id='par_1_95' title="bbox 2280 5768 3442 5845">
     <span class='ocr_line' id='line_1_99' title="bbox 2280 5768 3442 5845; baseline -0.003 -16"><span class='ocrx_word' id='word_1_670' title='bbox 2280 5768 2359 5845; x_wconf 81' lang='grc'><strong>(9)</strong></span> <span class='ocrx_word' id='word_1_671' title='bbox 2400 5772 2612 5830; x_wconf 88' lang='lat' dir='ltr'><strong>Socrat.</strong></span> <span class='ocrx_word' id='word_1_672' title='bbox 2641 5768 2783 5827; x_wconf 78' lang='lat' dir='ltr'><strong>Hist.</strong></span> <span class='ocrx_word' id='word_1_673' title='bbox 2824 5772 2979 5838; x_wconf 83' lang='lat' dir='ltr'><strong>eccl.,</strong></span> <span class='ocrx_word' id='word_1_674' title='bbox 3008 5770 3103 5827; x_wconf 86' lang='lat' dir='ltr'><strong>lib.</strong></span> <span class='ocrx_word' id='word_1_675' title='bbox 3121 5768 3215 5839; x_wconf 81' lang='grc' dir='ltr'><strong>ἰιι,</strong></span> <span class='ocrx_word' id='word_1_676' title='bbox 3243 5784 3364 5841; x_wconf 90' lang='lat' dir='ltr'><strong>cap.</strong></span> <span class='ocrx_word' id='word_1_677' title='bbox 3392 5769 3442 5825; x_wconf 88' lang='lat'><strong>7.</strong></span> 
     </span>
    </p>
   </div>
  </div>
