4148 6430
439 426 574 482 15ῖὸ

1824 423 2269 483 FRAGMENTA.

3549 424 3689 479 1374

433 545 775 609 testimonio,
804 544 947 601 sicut
981 556 1037 601 et
1068 548 1441 617 antiquiorum
1480 548 1863 620 theologorum
1896 548 2008 603 lre-
2040 554 2087 609 Α
2116 547 2391 613 Socrates,
2441 565 2462 599 ι
2493 546 2548 601 1ιί
2573 545 2764 601 Patres
2816 544 3099 601 communi
3138 547 3385 600 omnium
3415 561 3685 603 consensu

432 638 559 701 tiaei,
597 635 895 692 Clementis
922 646 976 691 et
1000 638 1332 707 Apollinaris
1359 638 1772 709 llierapolitani,
1809 640 2012 696 conﬁr-

432 736 635 782 matam
667 727 841 783 fuisse
864 727 921 780 in
961 728 1197 784 concilio
1237 730 1629 795 Alexandrino,
1668 730 1772 785 sub
1822 738 2012 785 sancto

431 820 754 887 Athanasio,
786 830 976 876 contra
1007 822 1257 877 haeresim
1280 822 1634 892 Apollinaris,
1680 822 2009 878 catholicam

432 905 594 961 ﬁdem
663 922 773 976 qua
812 908 1088 965 credimus
1144 906 1383 964 Verbum
1428 909 1524 965 Dei
1556 925 1760 980 corpus
1794 910 2007 965 anima-

2115 647 2383 709 receptam
2410 638 2528 693 suis
2564 637 2618 691 in
2647 637 2800 692 libris
2830 646 3106 692 asserunt.
3130 655 3149 688 ι
3184 635 3509 706 Supremum
3540 638 3687 693 diem

2115 731 2381 787 clausisse
2432 729 2607 783 fertur
2639 724 2904 799 Serapion
2961 743 3105 783 anno
3137 728 3266 791 ΞΗ,
3292 728 3553 782 Antonini
3580 727 3688 783 Ca.-

2117 822 2332 876 racallze
2371 820 2424 887 1,
2469 820 2595 874 licet
2645 834 2819 874 annos
2861 820 2932 874 25
2990 819 3281 889 regiminis
3326 818 3686 875 ecclesiastici

2102 913 2290 966 eidem
2323 911 2564 966 tribuant
2593 908 2935 981 Nicephorus
2962 910 3069 966 CP.
3092 920 3146 965 et
3176 909 3485 982 Syncellus,
3513 910 3689 968 Euse-

431 1006 551 1054 tum
597 1000 931 1069 sumpsisse;
982 1015 1149 1070 quam
1196 1001 1418 1070 quidem
1471 1003 1782 1068 veritatem,
1835 1001 2015 1071 inquit
2116 1002 2265 1055 bium
2303 1000 2445 1055 forte
2474 1003 2670 1056 secuti.

1483 1366 1614 1495 s.
1702 1363 2631 1510 SERAPIONIS

1687 1619 2414 1711 FRAGMENTA

776 1925 861 1981 Ex
892 1925 1132 1993 Epistola
1158 1927 1227 1981 ad
1253 1926 1501 1982 Caricum
1537 1936 1585 1981 et
1617 1926 1917 1982 Ponticum.
1944 1958 2017 1970 --
2042 1930 2200 2001 Apud
2231 1929 2515 1985 Eusebium
2546 1930 2685 1987 Hist.
2720 1933 2854 1988 eccl.
2886 1932 2980 1986 lib.
3006 1948 3059 1997 ν,
3094 1948 3209 2003 cap.
3248 1932 3334 1987 19.

497 2038 687 2103 Ὅπως
717 2040 773 2093 δὲ
805 2041 898 2094 καὶ
926 2040 1082 2093 τοῦτο
1121 2039 1265 2111 ἴδητε
1297 2041 1378 2093 ὅτι
1407 2040 1508 2111 τῆς
1539 2039 1767 2110 ψευδοῦς
1798 2040 1996 2113 ταύτης

2173 2045 2349 2113 Atque
2396 2053 2458 2098 ut
2494 2045 2679 2102 sciatis
2710 2046 2943 2115 qualiter
2972 2045 3226 2101 universa
3269 2060 3390 2115 quae
3427 2045 3481 2099 in
3524 2044 3687 2102 terris

417 2131 625 2199 τάξεως
672 2132 773 2202 τῆς
828 2132 1263 2203 ἐπικαλουμένης
1306 2133 1431 2195 νέας
1477 2132 1808 2204 προφητείας
1862 2132 1995 2204 (10),

418 2223 732 2278 ἐὸδέλυκται
760 2226 793 2295 ἡ
826 2224 1073 2295 ἐνέργεια
1104 2224 1254 2295 παρὰ
1279 2224 1426 2295 πάσῃ
1455 2226 1519 2295 τῇ
1545 2225 1603 2276 ἐν
1634 2224 1822 2295 κόσμῳ
1845 2225 2001 2278 ἁδελ-

418 2315 609 2387 φότητι
641 2315 774 2387 (11),
809 2316 1070 2386 πέπομφα
1104 2317 1229 2387 ὑμῖν
1262 2317 1354 2369 καὶ
1386 2315 1649 2369 Κλαυδίου
1688 2316 1998 2371 Ἀπολλινα-

419 2407 537 2477 ρίου
575 2406 666 2460 τοῦ
696 2408 1115 2479 μακαριωτάτου
1146 2408 1435 2478 γενομένου
1470 2410 1528 2461 ἐν
1570 2408 1864 2479 Ἱεραπόλει
1900 2408 2001 2480 τῆς

430 2496 614 2560 Ἀσίας
644 2498 943 2551 ἐπισκόπου
977 2497 1303 2568 γράμματα.

2103 2146 2184 2191 eSI
2211 2134 2540 2200 fraternitas,
2571 2137 2940 2207 Operationem
2970 2137 3119 2190 illam
3144 2136 3410 2192 simulata:
3436 2135 3688 2193 factionis

2103 2242 2224 2297 qua:
2252 2243 2389 2281 nova
2414 2227 2698 2298 prophetia
2726 2227 3064 2294 nominatur,
3091 2236 3338 2283 aversata
3362 2235 3524 2296 atque
3549 2226 3685 2281 abo—

2103 2317 2309 2371 minata
2339 2329 2439 2381 est,
2473 2316 2767 2371 beatissimi
2797 2314 2969 2372 Patris
2998 2316 3208 2371 Claudii
3239 2317 3566 2386 Apollinaris
3591 2318 3685 2386 qui

2103 2404 2519 2475 Hierapolitanae
2548 2404 2700 2460 urbis
2731 2403 2787 2460 in
2817 2403 2945 2459 Asia
2994 2404 3285 2475 episcopus
3318 2401 3439 2468 fuit,
3478 2402 3687 2457 litteras

2106 2499 2174 2554 ad
2206 2513 2303 2553 vos
2332 2497 2480 2552 misi.

842 2721 928 2777 Ea:
951 2722 1087 2777 libro
1115 2723 1181 2777 de
1215 2721 1498 2793 Evangelia
1530 2723 1696 2777 Petri.
1727 2752 1798 2763 —
1822 2724 1977 2792 Apud
2005 2724 2245 2778 eumdem
2291 2723 2762 2789 Eusebium,ibid.,
2788 2724 2882 2778 lib.
2913 2740 2990 2789 vr,
3018 2740 3135 2794 cap.
3170 2722 3262 2776 12.

495 2836 686 2907 Ἡμεῖς
717 2838 845 2910 γὰρ,
874 2836 1110 2905 ἀδελφοὶ,
1144 2836 1238 2890 καὶ
1272 2837 1476 2908 Πέτρον
1509 2837 1604 2891 καὶ
1640 2838 1766 2902 τοὺς
1810 2837 2001 2902 ἄλλους

414 2928 741 2991 ἀποστόλους
774 2926 1166 2997 ἀποδεχόμεθα,
1192 2927 1267 2991 ὡς
1292 2926 1557 2999 Χριστόν’
1605 2928 1673 2981 τὰ
1706 2928 1764 2981 δὲ
1805 2927 2002 2998 ὀνόμα-

411 3036 480 3073 τα
503 3018 613 3090 (12)
641 3019 819 3072 αὐτῶν
850 3018 1286 3089 ψευδεπίγραφα,
1318 3018 1394 3081 ὡς
1425 3018 1676 3091 ἔμπειροι
1708 3017 2007 3091 παραιτού-

414 3110 584 3181 μεθα·
618 3109 978 3180 γινώσκοντες
1008 3111 1091 3164 ὅτι
1131 3109 1199 3163 τὰ
1226 3110 1450 3164 τοιαῦτα
1497 3110 1557 3163 οὐ
1602 3110 2005 3183 παρελάϐομεν.

421 3200 562 3270 Ἐγὼ
586 3201 695 3272 γὰρ
732 3201 1023 3272 γενόμενος
1060 3202 1190 3273 παρ’
1233 3201 1381 3272 ὑμῖν,
1416 3201 1677 3255 ὑπενόουν
1707 3202 1832 3265 τοὺς
1871 3202 2007 3256 πάν-

2166 2837 2277 2895 Nos
2300 2839 2466 2903 enim,
2492 2838 2709 2902 fratres,
2742 2845 2797 2892 et
2825 2836 3048 2892 Petrum
3093 2844 3145 2891 et
3189 2833 3430 2903 reliquos
3467 2839 3685 2900 aposto-

2098 2928 2203 2996 los,
2250 2928 2475 2999 perinde
2505 2944 2572 2984 ae
2613 2927 2896 2983 Christum
2948 2928 3129 2997 ipsum
3173 2921 3545 2993 suscipimus.-
3578 2920 3686 2976 Sed

2098 3033 2221 3088 qua:
2251 3033 2448 3073 nomen
2490 3018 2709 3073 illorum
2749 3017 2886 3073 falso
2921 3017 3244 3085 inscriptum
3270 3012 3587 3084 praeferunt,
3623 3026 3687 3066 ea

2099 3126 2202 3167 nos
2234 3118 2422 3181 utpote
2444 3110 2600 3182 gnari
2636 3125 2700 3165 ac
2729 3108 2890 3180 periti
2920 3108 3312 3179 repudiamus;
3361 3106 3562 3176 quippe
3592 3102 3687 3175 qui

2098 3211 2439 3272 compertum
2471 3201 2793 3269 habeamus,
2829 3216 2893 3256 ea
2927 3214 3029 3256 nos
3057 3215 3087 3254 a
3115 3198 3421 3269 majoribus
3464 3195 3688 3251 minime

304 5114 309 5119 ο
403 5094 719 5163 prophetias
745 5105 1011 5163 usurpare
1033 5101 1322 5163 conantur.
1358 5109 1377 5163 ι

407 3310 507 3356 τας
537 3293 669 3365 ὀρθῇ
704 3293 884 3346 πίστει
931 3291 1355 3363 προσφέρεσθαι.
1397 3292 1508 3345 Καὶ
1563 3293 1636 3363 μὴ
1685 3291 1907 3345 διελθὼν
1940 3291 1996 3344 τὸ

2102 3294 2400 3365 accepisse.
2439 3293 2555 3363 Ego
2582 3293 2825 3365 quidem,
2858 3306 2983 3348 cum
3015 3292 3085 3347 ad
3120 3304 3216 3347 vos
3244 3290 3538 3355 venissem,
3571 3287 3682 3342 exi-

408 3384 500 3437 ὑπ’
525 3384 703 3439 αὐτῶν
729 3386 1136 3457 προφερόμενον
1161 3386 1383 3455 ὀνόματι
1412 3386 1619 3456 Πέτρου
1647 3384 1996 3453 Εὑαγγέλιον,

2102 3386 2414 3451 stimabam,
2446 3399 2637 3440 omnes
2666 3393 2826 3441 rectm
2851 3384 2974 3440 ﬁdei
3001 3383 3191 3439 callem
3222 3391 3427 3436 tenere.
3457 3378 3523 3435 Et
3560 3394 3686 3434 cum

406 3474 560 3533 εἷπον
579 3497 592 3510 ·
631 3479 753 3533 ’Ότι
784 3481 831 3531 εἰ
863 3476 1019 3532 τοῦτό
1051 3480 1167 3532 ἐστι
1202 3480 1360 3549 μόνον
1395 3478 1448 3531 τὸ
1486 3476 1676 3531 δοκοῦν
1706 3477 1835 3548 ὑμῖν
1860 3495 1996 3549 παρ-

2103 3473 2456 3544 Evangelium
2488 3474 2622 3531 illud
2647 3475 2793 3545 quod
2826 3473 2970 3529 Petri
3011 3474 3235 3529 nomine
3270 3472 3591 3541 inscriptum
3617 3471 3686 3525 ah

406 3569 553 3640 ἐχειν
606 3568 987 3640 μικροψυχίαν,
1036 3567 1507 3635 άναγινωσκέσθω.
1552 3566 1665 3619 Νῦν
1710 3567 1767 3620 δὲ
1814 3566 1996 3637 μαθὼν

2102 3565 2171 3621 iis
2202 3565 2551 3633 offerebatur,
2602 3580 2711 3620 non
2746 3565 3096 3635 perlegissem
3117 3607 3133 3631 ,
3187 3563 3300 3618 dixi
3330 3581 3344 3618 :
3381 3560 3439 3617 Si
3466 3562 3685 3632 quidem

405 3660 488 3713 ὅτι
537 3659 746 3731 αἱρέσει
787 3660 894 3711 τινὶ
936 3659 966 3711 6
1010 3658 1135 3722 νοῦς
1184 3658 1364 3712 αὐτῶν
1415 3656 1748 3727 ἐνεφώλευεν
1788 3660 1852 3710 ἐκ
1893 3657 1996 3712 τῶν

2105 3655 2211 3711 hoc
2242 3656 2418 3712 solum
2448 3665 2549 3723 est,
2579 3656 2723 3727 quod
2760 3656 3089 3711 simultatem
3128 3654 3271 3725 parit
3302 3653 3443 3708 inter
3468 3668 3582 3719 vos,
3614 3652 3684 3708 le-

406 3749 705 3821 λεχθέντων
731 3767 841 3821 μοι,
874 3748 1162 3802 σπουδάσω
1193 3749 1353 3803 πάλιν
1378 3748 1631 3818 γενέσθαι
1661 3749 1800 3820 πρὸς
1822 3750 1996 3820 ὑμᾶς·

2107 3757 2284 3819 gatur.
2329 3746 2487 3804 Nunc
2529 3764 2659 3804 vero
2688 3763 2812 3804 cum
2844 3764 2909 3804 ex
2938 3748 3007 3804 iis
3037 3764 3159 3819 qua:
3194 3748 3328 3804 mihi
3364 3746 3509 3802 dicta
3533 3753 3684 3812 sunt,

406 3841 484 3905 ὥς
501 3859 580 3905 τε,
603 3840 843 3910 ἀδελφοὶ,
864 3840 1197 3912 προσδοκᾶτέ
1224 3857 1290 3911 με
1310 3842 1367 3894 ἐν
1391 3842 1563 3910 τάχει.
1583 3841 1841 3911 Ἡμεῖςδέ
1868 3839 1996 3911 (15),

2107 3842 2266 3911 plane
2312 3842 2709 3911 perspexerim,
2766 3840 2914 3911 quod
2960 3856 3117 3896 mens
3165 3839 3384 3894 illorum
3434 3838 3684 3894 haeresim

412 3933 653 4003 ἀδελφοὶ,
681 3931 955 3987 καταλαὸό
962 3949 1111 4003 μενοι
1134 3932 1325 3996 ὁποίας
1353 3929 1419 4003 ἦν
1438 3934 1702 4003 αἱρέσεως
1722 3933 1996 4003 ὀΜαρκια-

2110 3940 2241 3986 tunc
2268 3930 2535 3987 occultam
2568 3930 2800 4001 tegebat,
2817 3930 3013 3984 iterum
3046 3929 3115 3984 ad
3139 3943 3233 3985 vos
3258 3928 3444 3984 venire
3480 3942 3683 3997 prope-

407 4025 519 4091 νὸς,
561 4026 655 4079 καὶ
691 4025 799 4097 (14)
830 4025 1003 4096 ἐαυτῷ
1040 4025 1356 4095 ἠναντιοῦτο
1392 4023 1465 4096 μὴ
1495 4024 1630 4077 νοῶν
1662 4023 1699 4078 ἃ
1740 4023 1939 4091 ἐλάλει,
1973 4023 1996 4079 ὃ

2112 4024 2266 4079 rabo.
2317 4021 2575 4090 Proinde,
2614 4020 2833 4089 fratres,
2868 4020 3016 4077 brevi
3059 4034 3148 4076 me
3187 4027 3512 4091 exspectate.
3543 4018 3681 4073 Cum

2093 4179 2350 4249 scriptam
2386 4192 2507 4233 esse
2540 4192 2648 4232 non
2672 4176 2883 4249 dubito.
2912 4174 3049 4249 Nam
3084 4184 3139 4231 et
3174 4174 3547 4249 superiora‘id
3580 4173 3683 4230 do-

2093 4242 2235 4313 cent,
2272 4249 2363 4303 ubi
2397 4249 2529 4302 dicit
2559 4266 2575 4302 :
2618 4266 2637 4297 «
2676 4246 2780 4301 Sed
2804 4248 3071 4313 viderint,
3110 4246 3205 4316 qui
3231 4242 3392 4316 tinam
3424 4242 3681 4299 virtutem

2096 4318 2331 4389 Spiritus
2357 4320 2519 4372 unius
2553 4317 2725 4389 sancti
2759 4332 2857 4386 pro
2898 4315 3150 4389 aetatibus
3191 4315 3433 4389 judicent
3463 4323 3680 4382 tempo-

2093 4386 2249 4455 rum;
2288 4405 2411 4443 cum
2460 4388 2669 4456 majora
2722 4387 3020 4455 reputanda
3066 4387 3174 4441 sint
3220 4386 3491 4439 novitiora
3533 4398 3683 4453 quaa-

479 4181 591 4249 (10)
632 4178 1137 4249 Ἐπικαλουμένης
1176 4180 1731 4249 νέαςγπροφητεὶας.
1782 4178 1996 4233 Tertul-

404 4254 587 4310 lianus
626 4250 699 4304 De
735 4248 993 4319 jejuniis,
1043 4250 1236 4304 initio:
1272 4270 1290 4302 ‹
1334 4248 1390 4303 In
1442 4249 1724 4304 Paracleto
1774 4259 1996 4304 contro-

402 4323 642 4378 versiam
674 4320 881 4375 faciunt
909 4339 922 4374 :
954 4330 1172 4389 propter
1208 4321 1313 4373 hoc
1344 4335 1496 4373 nova:
1521 4320 1817 4387 prophetiae
1848 4336 1998 4374 recu-

404 4403 656 4450 santura
697 4389 759 4443 Et
800 4392 854 4444 in
896 4391 993 4443 lib.
1028 4406 1087 4443 ιιι
1139 4399 1324 4443 contra
1349 4389 1673 4442 Marcionem
1702 4390 1810 4444 sub
1833 4389 2011 4444 ﬂuem'

404 4466 472 4519 de
499 4461 707 4517 rmlesti
744 4460 1044 4529 Jerusalem
1088 4461 1359 4529 loquens:
1402 4477 1422 4510 ι
1460 4459 1609 4513 Hanc
1651 4468 1705 4513 et
1744 4458 1996 4514 Ezechiel
2095 4475 2224 4529 que,
2262 4479 2280 4510 ι
2305 4468 2411 4529 etc.
2440 4457 2908 4529 Psychicosenim
2945 4457 3259 4529 alloquitur.

403 4533 576 4595 novit,
607 4540 661 4585 et
690 4531 971 4600 apostolus
1007 4522 1247 4585 Joannes
1277 4528 1431 4595 vidit,
1459 4539 1513 4583 et
1541 4529 1632 4597 qui
1667 4530 1805 4598 apud
1839 4530 1993 4584 fidem

2113 4522 2129 4529 ’
2175 4528 2473 4600 (11)]’ῇμὲν
2490 4522 2700 4600 ίὶόρνμῳ
2737 4522 3115 4600 ἀδελφότητι.
3141 4525 3230 4579 Sic
3252 4522 3436 4592 scripti
3463 4523 3681 4600 codices

406 4579 660 4658 tatis“;
685 4579 1998 4670 iturast...sum;sei-manetis}.{in
2032 4579 2071 4632 ο
2102 4579 2469 4670 magna;
2489 4579 2772 4670 ιέυιςῖίῖξιοζ
2806 4579 3033 4670 satam;
3048 4612 3181 4670 1...
3215 4579 3419 4670 autem,
3476 4602 3536 4670 ιιι
3575 4594 3679 4646 ali-

2098 4662 2319 4741 quando
2369 4662 2587 4741 legitur,
2632 4668 2717 4741 τῇ
2757 4668 2816 4741 ἐν
2863 4664 3084 4737 Χριστῷ
3122 4664 3307 4732 ἀδελφ.
3365 4662 3679 4718 Lectionem

2097 4736 2338 4795 nostram
2368 4736 2656 4793 confirmat
2682 4736 2933 4791 Rufinus.

2102 4826 2113 4835 ’
2166 4832 2389 4904 (mihi
2416 4829 2485 4904 δὲς
2514 4826 3376 4904 ὀνόματα.--8ειιϋειιάυηι.]ιιιιο
3429 4824 3676 4904 ὀνόματι,

2095 4895 2435 4959 ιιῐέοιῖίιιίιιιι·
2469 4901 2521 4953 in
2567 4895 2753 4954 codice
2802 4898 2965 4963 Maz.,
3015 4896 3183 4960 Med.,
3216 4895 3353 4949 Fuit.
3409 4904 3463 4948 et
3507 4895 3674 4948 Savil.

2093 4977 2271 5043 Atque
2304 4973 2377 5026 ita
2408 4971 2608 5043 legisse
2631 4968 2840 5043 videtur
2870 4966 3120 5043 Ruﬁnus.
3147 4965 3265 5043 _Sic
3306 4964 3450 5018 infra
3491 4964 3673 5043 loqui-

2095 5035 2197 5098 tur.
2229 5044 2367 5096 idem
2425 5035 2683 5107 Sérapion
2724 5056 2737 5092 :
2770 5038 2842 5091 Τὸ
2894 5039 2991 5107 ὐπῖ
3031 5037 3214 5091 αὐτῶν
3269 5035 3677 5107 προφερόμενον

2092 5114 2313 5184 ὀνόματι
2352 5104 2936 5184 ΠέτρουΕὑαγγέλιον.
2974 5106 3146 5184 Hujus
3188 5104 3674 5184 portio-Evangelii

2093 5174 2391 5238 secundum
2442 5174 2662 5234 Petrum
2716 5174 3070 5233 inentionem'
3108 5174 3239 5232 facit
3294 5174 3573 5244 Origenes
3615 5174 3674 5230 in

2095 5252 2499 5307 Commentariis
2529 5251 2584 5303 in
2613 5258 2767 5316 caput
2794 5265 2893 5303 xm
2929 5247 3173 5303 Mattha'i
3202 5263 3221 5300 :
3261 5265 3280 5297 ‹
3316 5244 3535 5316 Fratres
3576 5260 3669 5298 au-

2092 5332 2199 5378 tem
2247 5321 2374 5377 Jesu
2421 5330 2611 5390 putant
2657 5312 3037 5390 nonnulli,_ex
3082 5312 3673 5390 traditionellebraao-

2094 5409 2237 5457 rum,
2266 5384 2480 5461 sumpta
2514 5390 2811 5461 occasione
2830 5384 2919 5444 ex?
2940 5387 3230 5461 Evangelia
3268 5385 3412 5461 quod
3449 5384 3669 5461 titulum

2092 5455 2255 5532 habet
2275 5455 2429 5532 juxta
2457 5461 2697 5525 Petrum,
2734 5460 2818 5513 vel
2858 5476 2922 5514 ex
2964 5455 3116 5513 libro'
3141 5456 3349 5532 Jacobi,
3376 5470 3497 5532 esse
3529 5455 3671 5510 lilios

2089 5525 2292 5602 Josepli
2329 5549 2394 5587 ex
2428 5534 2607 5602 priore
2651 5544 2841 5595 uxore,
2874 5545 2995 5599 quae
3033 5528 3349 5584 convixerat
3382 5525 3485 5594 ipsi
3523 5533 3670 5579 aute-

2090 5601 2254 5674 quam
2297 5601 2519 5660 duceret
2552 5601 2798 5656 Mariam.
2837 5618 2856 5652 ι
3684 5668 3687 5673 Ι

2086 5764 2130 5820 L
2165 5695 2278 5765 (l5)
2318 5690 2507 5764 Ἡραεῖς
2538 5692 2624 5760 δὲ,
2651 5709 2706 5746 κ.
2744 5709 2795 5745 τ.
2819 5691 2868 5743 λ.
2905 5688 3184 5745 Sententia
3207 5684 3544 5759 imperfecta.
3571 5682 3663 5739 W.

2133 5780 2313 5820 own.

2162 5857 2274 5930 (ll)
2302 5856 2656 5928 Μαρκιανὸς,
2696 5856 2812 5912 καί.
2858 5852 3213 5912 Scribendum
3258 5850 3472 5907 videtur
3503 5848 3661 5920 Μαρ-

407 4675 569 4727 etiam
618 4669 843 4753 effigiem
891 4669 1124 4753 civitatis
1171 4679 1295 4752 ante
1322 4670 1995 4753 repraesentationemnejus

406 4739 727 4821 conspectui
776 4740 1016 4821 futuram
1042 4741 1119 4821 in
1165 4742 1409 4821 signum“
1431 4739 1753 4821 praedicarit.
1789 4759 1808 4790 ι
1839 4739 1904 4792 Et
1941 4740 1994 4793 in

406 4809 562 4867 libro
592 4828 667 4874 Iv,
704 4826 824 4879 cap.
875 4810 966 4870 22.
1002 4820 1056 4865 et
1100 4811 1154 4864 in
1202 4809 1339 4864 libro
1365 4809 1440 4862 De
1472 4811 1849 4862 resurrectione
1874 4826 1995 4862 car-

406 4885 489 4935 nis
547 4884 650 4937 sub
703 4881 886 4935 ﬁnem.
943 4880 1306 4950 Hieronymus
1355 4882 1427 4950 in_
1466 4880 1743 4949 Catalogo,
1791 4880 1880 4933 ubi
1927 4880 1994 4934 de

405 4954 560 5007 Gaio.
622 4951 974 5005 Firmihanus
1029 4948 1247 5018 quoque
1294 4952 1349 5003 in
1389 4948 1629 5019 Epistola
1654 4948 1719 5003 ad
1769 4950 1994 5019 Cypria-

403 5040 581 5078 num:
622 5042 640 5073 ι
682 5022 761 5075 11ιί
797 5021 887 5088 qui
933 5020 1304 5091 Cataphryges
1350 5020 1710 5091 appellantur,
1728 5028 1793 5091 _et
1824 5035 1994 5091 novas

1461 5100 1479 5142 t
1505 5105 1695 5145 rursus
1726 5089 1778 5141 in
1803 5089 1990 5143 eadem

403 5160 632 5231 epistola
670 5181 683 5216 :
724 5181 741 5212 ι
776 5160 941 5214 Plane
984 5161 1239 5231 quoniam
1286 5160 1506 5229 quidam
1552 5160 1619 5213 de
1650 5175 1851 5231 eorum
1896 5160 1993 5231 ba-

402 5229 607 5302 ptismo
658 5232 928 5302 dubitant,
980 5229 1072 5298 qui
1129 5231 1232 5283 etsi
1283 5243 1453 5302 novos
1504 5230 1806 5302 prophetas
1854 5230 1993 5283 reci-

403 5298 584 5372 βίωη,
627 5322 646 5354 ι
675 5310 780 5355 etc.
800 5300 965 5354 Vetus
996 5307 1187 5372 auctor
1209 5298 1301 5372 qui
1328 5299 1588 5372 adversus
1619 5298 1992 5372 Cataphrysas

405 5367 734 5442 scripsit,rin
786 5372 1055 5442 prommio
1096 5367 1470 5442 adAvircium
1502 5367 1874 5442 Marcellum,
1899 5367 1993 5442 καὶ

403 5436 729 5497 καταλαϐὼν
779 5436 877 5512 τὴν
930 5438 1070 5512 κατὰ
1114 5439 1313 5512 Πόντον
1370 5436 1693 5508 Ἐκκλησίαν
1733 5439 1843 5512 -ὑπὺ
1893 5440 1991 5510 τῆς

402 5512 531 5584 νέας
560 5513 782 5584 ταύτης,
815 5507 913 5582 οὐχ
960 5510 1035 5573 ὼς
1090 5507 1244 5563 αὐτοί
1292 5525 1449 5584 φασι.
1476 5507 1831 5584 προφητείας,
1869 5507 1985 5584 _etc.

403 5581 606 5637 Eodem
651 5578 996 5636 referendum
1035 5589 1137 5642 est,
1169 5580 1313 5648 quod
1351 5578 1545 5648 legitur
1577 5578 1654 5632 in
1677 5578 1990 5648 praefatione

402 5653 678 5723 passionis
717 5652 817 5706 SS.
858 5651 1139 5723 Perpetua
1175 5657 1235 5723 et
1271 5647 1567 5723 Felicitatis
1602 5667 1615 5701 :
1654 5647 1899 5717 (Itaque
1934 5658 1989 5704 et

403 5719 527 5787 iios,
556 5724 649 5792 qui
676 5723 817 5778 sicut
849 5719 1186 5790 prophetias,
1209 5719 1293 5792 _ita
1330 5727 1384 5773 et
1414 5719 1651 5792 visiones
1681 5734 1851 5773 novas
1886 5733 1985 5786 pa-

403 5794 538 5848 riter
552 5788 915 5862 repromissas
931 5788 987 5845 et
1002 5788 1349 5862 agnoscimus
1360 5797 1421 5862 et
1434 5789 1788 5862 honoramus,
1813 5808 1832 5841 ι
1852 5797 1955 5862 etc.
1967 5828 1982 5853 ,

406 5879 570 5933 quam
616 5857 833 5933 quidem
882 5857 1250 5931 praefationem
1296 5874 1327 5913 a
1374 5857 1698 5915 Montanista
1745 5859 1982 5930 quodam
