3868 6208
241 322 2208 342 ‘_—_—"—_‘———'—-—'——-———_w-—-———_

206 322 3480 402 FW

1138 540 2579 705 PROLEGOMENA

292 1030 888 1126 VETERUM
974 1031 1740 1130 TESTIMONIA
1815 1037 1966 1126 DE
2044 1039 2139 1128 S.
2219 1039 2696 1133 IGNATII
2781 1045 3411 1143 EPISTOLIS

772 1358 1069 1423 1(Galland.,
1091 1359 1331 1410 Veterum
1352 1359 1564 1411 Patrum
1587 1359 1836 1425 Biblioth.,
1866 1370 1901 1412 t.
1935 1364 1973 1425 Ι,
1999 1363 2228 1414 Venetiis
2251 1363 2391 1427 1765,
2415 1367 2466 1415 in
2507 1367 2594 1419 fol.
2617 1383 2733 1434 pag.
2759 1371 2893 1436 215.)

1148 1621 1494 1679 Ροιῑολιιιδυε
1521 1623 1696 1694 Epist.
1731 1626 1800 1680 ad
1823 1624 2218 1695 Philippenses,
2258 1643 2376 1696 cap.
2402 1627 2492 1683 15.

461 1741 669 1800 Vsasw
709 1741 930 1799 RUFINI.
956 1779 966 1790 -

244 1899 458 1955 Mittam
495 1899 658 1955 vobis
695 1909 752 1954 et
790 1898 987 1970 lgnatii
1016 1901 1220 1970 episto-

176 1991 280 2060 las,
308 2001 365 2048 et
391 1993 529 2046 alias
573 1993 622 2046 si
655 2007 780 2062 qua:
823 2000 972 2060 sunt,
999 2008 1122 2063 quae
1151 1993 1220 2047 ad

175 2106 277 2145 nos
321 2089 669 2145 transmissa:
713 2098 873 2157 sunt;
903 2105 972 2145 ex
1015 2090 1219 2161 quibus

172 2184 464 2239 utilitatem
487 2183 784 2238 maximam
806 2183 1065 2253 capiatis:
1088 2198 1222 2239 cons

173 2283 349 2334 tinent
390 2280 540 2333 enim
591 2279 658 2334 de
700 2277 808 2333 ﬁde
858 2287 913 2334 et
954 2278 1221 2350 patientia

174 2371 594 2426 instructionem
631 2369 965 2441 perfectam,
1013 2385 1236 2427 secun»

176 2468 299 2522 dum
333 2466 552 2521 Domini
582 2474 940 2537 praeceptum.

1303 1744 1388 1798 Ea:
1451 1744 1670 1799 Eusesu
1736 1745 1876 1799 llist.
1930 1743 2078 1800 Eccl.
2125 1745 2219 1799 tib.
2269 1763 2355 1811 ιιι,

1685 1832 1804 1885 cap.
1842 1815 1931 1870 56.

1362 1910 1474 1974 Τὰς
1494 1911 1786 1975 ἐπιστολὰς
1809 1911 2067 1981 Ἱγνατιου
2093 1910 2192 1974 τὰς
2213 1925 2352 1982 πεμ-

1294 2001 1523 2073 φθείσας
1553 2005 1683 2075 ἡμῖν
1711 2005 1802 2057 ὑπ’
1828 2003 2016 2068 αὐτοῦ,
2049 2004 2143 2056 καὶ
2179 2002 2346 2068 ἄλλας

1290 2095 1424 2158 ὅσας
1455 2093 1672 2164 εἴχομεν
1696 2095 1825 2165 παρ’
1842 2095 1993 2164 ἡμῖν,
2017 2091 2342 2163 ἐπέμψαμεν

1295 2185 1445 2256 ὑμῖν,
1481 2183 1664 2246 καθὼς
1704 2182 2070 2236 ἐνετειλασθεο
2105 2182 2164 2235 αῖ
2198 2198 2344 2246 τινες

1293 2275 1730 2346 ὑποτεταγμέναι
1784 2275 1892 2327 εἰσὶ
1947 2275 2015 2344 τῇ
2085 2272 2341 2343 ἐπιστολῇ

1290 2367 1484 2440 ταύτῃ.
1522 2365 1609 2432 Ἐξ
1640 2362 1715 2420 ὧν
1749 2364 1958 2436 μεγάλα
1990 2363 2342 2436 ὠφεληθῆναι

1290 2455 1612 2526 δυνήσεσθε·
1646 2455 1962 2527 περιέχουσι
2003 2452 2114 2524 γὰρ
2159 2453 2341 2506 πίστιν

1285 2549 1381 2601 καὶ
1417 2545 1715 2619 ὑπομονὴν,
1765 2547 1861 2600 καὶ
1907 2547 2086 2600 πᾶσαν
2131 2544 2337 2598 οἰκοδο-

1289 2638 1418 2710 μὴν,
1452 2638 1552 2710 τὴν
1579 2640 1660 2703 εἰς
1678 2635 1770 2692 τδν
1790 2637 1995 2710 Κύριον
2025 2636 2182 2709 ἡμῶν
2204 2637 2339 2708 ἀνή-

1288 2748 1509 2786 κουσεν.

2645 1747 2852 1805 Vsus“)
2890 1749 2958 1806 Η.
3000 1751 3242 1808 V’ALESIz.

2495 1908 2767 1982 Epistolas
2795 1927 2987 1968 omnes
3010 1911 3204 1980 lgnatii
3237 1928 3371 1982 quas
3395 1911 3462 1967 ad

2418 2018 2506 2060 me
2523 2005 2761 2075 scripsit,
2785 2014 2839 2060 et
2859 2020 3216 2075 quascunque
3239 2005 3461 2061 demum

2415 2093 2558 2164 apud
2576 2109 2676 2149 nos
2692 2095 2931 2164 reperire
2951 2094 3251 2164 potuimus,
3265 2111 3460 2162 quem-

2415 2182 2710 2238 admodum
2730 2185 2889 2240 nobis
2909 2186 3235 2253 mandastis,
3254 2186 3321 2240 ad
3359 2202 3460 2241 vos

2415 2276 2705 2344 misimus;
2739 2293 2882 2347 quas
2913 2278 3134 2348 quidem
3179 2280 3309 2333 huic
3344 2281 3458 2349 epi-

2413 2367 2568 2423 stola:
2589 2369 2946 2438 subiecimus.
2980 2369 3058 2424 Ex
3100 2371 3170 2427 iis
3199 2388 3456 2443 magnam

2415 2454 2706 2510 utilitatem
2731 2457 3015 2526 percipere
3039 2459 3196 2514 vobis
3224 2459 3408 2514 licebit
3434 2479 3450 2527 ;

2411 2547 2694 2602 continent
2728 2547 2874 2602 enim
2907 2548 3091 2616 Iidem,
3131 2551 3453 2619 patientiam

2411 2650 2466 2697 et
2481 2651 2673 2699 caetera
2691 2658 2812 2712 qua:
2829 2643 2896 2699 ad
2910 2645 3218 2716 augendum
3234 2647 3452 2703 Domini

2415 2734 2592 2792 nostri
2615 2734 2823 2789 cultum
2849 2735 3142 2804 pertinent.

1213 2939 1455 2996 luemus
1479 2939 1572 2995 lib.
1605 2957 1640 2996 γ
1666 2941 1874 2998 Contra
1903 2942 2161 3008 haereses,
2191 2954 2310 3010 cap.
2331 2937 2424 2996 9.8.

415 3059 606 3118 Varus
641 3060 961 3120 Ismarus.

238 3219 716 3288 Quemadmodum
758 3221 980 3292 quidam
1008 3220 1076 3277 de
1105 3235 1211 3278 no-
1243 3202 1250 3206 ~

1289 3058 1374 3115 Ea:
1397 3058 1620 3118 Eussnu
1653 3059 1964 3186 HistéGEccl.
1993 3059 2088 3115 lib.
2114 3073 2335 3127 nt,cap.

1369 3223 1459 3287 Ὣς
1503 3219 1626 3278 εἶπέ
1666 3239 1750 3287 τις
1782 3222 1890 3276 τῶν
1930 3221 2214 3294 ἡμετέρων
2247 3221 2334 3275 διὰ

2625 3055 2832 3112 Vsnsw
2868 3053 2934 3110 Η.
2981 3053 3224 3110 Vanus".

2477 3219 2952 3288 Quemadmodum
3015 3219 3222 3274 dixisse
3274 3217 3446 3275 fertur

170 3311 294 3364 stris
323 3310 486 3374 dixit,
527 3320 753 3382 propter
788 3313 1113 3383 martyrium
1149 3312 1207 3368 in
1280 3315 1378 3389 τὴν
1405 3315 1541 3388 πρὸς
1559 3316 1690 3370 Θεὸν
1721 3333 1734 3387 ε

1840 3314 2022 3386 :upiav
2059 3330 2322 3384 κατακρι-
2397 3319 2619 3388 quidam
2649 3334 2679 3374 e
2700 3319 2926 3385 nostris,
2959 3319 3028 3373 ob
3051 3318 3256 3373 Christi
3283 3320 3444 3374 [idem

171 3399 336 3456 Deum
396 3403 749 3472 adjudicatus
818 3404 886 3458 ad
950 3403 1205 3459 bestias:

1282 3409 1395 3473 Os‘t;
1435 3409 1572 3481 πρὸς
1607 3407 1674 3478 θη
1681 3408 1734 3479 ρί

1840 3408 1953 3461 Ὁτι
2003 3407 2172 3473 σῖτός
2209 3407 2327 3476 ειμι
2398 3414 2691 3469 damnatus
2719 3413 2788 3468 ad
2821 3413 3062 3469 bestias:
3091 3412 3447 3468 Frumentum

169 3498 436 3563 Quoniam
457 3499 786 3567 frumentum
823 3515 940 3552 sum
982 3497 1205 3564 Christi,
1285 3504 1454 3567 Θεοῦ,
1473 3504 1571 3558 καὶ
1592 3501 1666 3555 δι’
1683 3500 1734 3554 ὀὶ

1840 3517 1944 3554 [ων
1959 3499 2330 3568 θγιρίωνὰλή-
2400 3521 2492 3575 ego
2522 3521 2640 3558 sum
2676 3503 2796 3572 Dei,
2829 3515 2878 3558 et
2909 3505 3148 3575 ferarum
3196 3508 3442 3561 dentibus

169 3603 214 3646 et
253 3609 345 3661 per
385 3593 570 3648 dentes
610 3591 898 3646 bestiarum
929 3591 1118 3658 motor,
1148 3603 1209 3645 ut
1284 3601 1484 3666 θομαι,
1544 3597 1644 3650 ἵνα
1696 3612 1734 3648 κη

1840 3593 1954 3663 ἱρὸς
1998 3593 2176 3662 ἄρτος
2228 3595 2330 3648 eti—
2402 3595 2574 3648 motor
2595 3608 2754 3667 atque
2792 3598 3141 3665 comminuor,
3184 3611 3242 3653 ut
3287 3603 3442 3668 panis

170 3687 391 3742 utendas
418 3689 577 3757 panis
607 3687 706 3743 Dei
732 3687 992 3742 inveniar.

1270 3688 1445 3757 ρεθῶ.

1764 3899 1854 3954 ΙΙΙ.

2403 3686 2631 3742 mundus
2661 3689 2875 3758 eﬂiciar.
2926 3687 3098 3759 Epist.
3145 3692 3212 3746 ad
3253 3692 3438 3761 Rom.,

2392 3797 2516 3852 cap.
2548 3783 2602 3837 4.
3451 3783 3453 3786 ⁴

174 4003 514 4059 Tneorunus
539 4000 946 4062 Aurxocumtus,
990 4003 1051 4048 ut
1085 3994 1280 4063 fertur,
1325 3991 1631 4063 Comment.
1653 3992 1729 4063 Ain
1755 4003 2082 4063 sacr._quat.
2111 3989 2369 4063 Evangel.
2419 3989 2505 4044 Ex
2540 3990 2670 4044 edit.
2705 3987 2957 4043 Bibtioth.
2988 3987 3213 4043 Patrum
3253 3991 3432 4045 Paris.

1566 4061 1728 4128 1644,
1758 4075 1886 4117 tom.
1912 4061 1954 4126 l,
1991 4079 2113 4131 pag.
2137 4061 2363 4126 450,7A.

235 4195 367 4249 Cum
397 4204 535 4247 esset
561 4195 881 4262 desponsata
902 4201 1078 4246 mater
1106 4192 1221 4259 ejus
1256 4187 1458 4242 Maria.
1493 4185 1677 4252 Quare
1706 4200 1817 4241 non
1847 4200 1914 4240 et
1951 4185 2187 4254 simplici
2224 4185 2470 4256 virgine,
2516 4183 2612 4241 sed
2644 4200 2710 4239 ex
2741 4184 3074 4254 desponsata
3123 4183 3433 4253 concipitur

171 4295 458 4352 Christus?
499 4294 709 4360 Primo,
746 4303 809 4350 ut
853 4307 950 4364 per
982 4288 1393 4362 generationem
1443 4284 1648 4356 Joseph
1693 4285 1849 4355 origo
1904 4282 2090 4341 Mariae
2134 4293 2577 4350 monstraretur;
2615 4280 2880 4344 secundo,
2915 4293 2984 4332 ne
3033 4277 3371 4347 lapidaretur
3399 4274 3464 4330 a'

175 4388 370 4444 ludatis
401 4397 465 4443 ut
492 4389 779 4455 adultera;
814 4390 1000 4456 tertio,
1032 4396 1093 4440 ut
1126 4387 1180 4440 in
1215 4382 1515 4454 Egyptum
1539 4381 1757 4450 fugiens
1782 4381 2009 4436 haberet
2034 4380 2288 4435 solatium
2332 4379 2467 4446 viri;
2498 4386 2722 4449 quarto,
2764 4383 2825 4429 ut
2854 4383 3044 4445 partus
3071 4373 3192 4443 ejus
3221 4372 3433 4426 falleret

171 4481 467 4547 diabolum,
499 4490 783 4551 putantem
813 4481 1001 4538 Jesum
1029 4482 1096 4536 de
1125 4486 1380 4546 uxorata,
1403 4491 1516 4532 non
1551 4475 1620 4531 de
1641 4473 1864 4545 Virgine
1886 4484 2096 4529 natum.
2123 4474 2300 4544 Epist.
2327 4474 2397 4528 ad
2415 4473 2609 4542 Ephes.
2635 4487 2756 4542 cap.
2787 4473 2873 4527 19.
2903 4471 3032 4526 Vide
3060 4471 3205 4540 infra
3236 4468 3428 4523 Hiero-

169 4577 305 4645 nymi
329 4576 718 4630 testimonium.

1751 4657 1841 4712 Ν.

335 4763 634 4825 Οιιῑοειεεε,
664 4757 882 4828 Prolog.
916 4757 972 4812 in
997 4755 1206 4811 Cantic.
1243 4755 1511 4811 canticor.
1544 4753 1631 4808 Ea:
1655 4770 1734 4809 uo:

1840 4792 1852 4805 .
1877 4750 1992 4806 BB.
2022 4749 2201 4802 Paris.
2232 4749 2360 4802 edit.
2395 4746 2554 4815 1740,
2589 4758 2714 4802 tom.
2742 4744 2828 4813 Ill,
2853 4761 2974 4816 pag.
3000 4741 3092 4805 30,
3117 4743 3182 4798 Ι).

227 4882 452 4938 Memini
486 4880 727 4949 aliquem
750 4883 1074 4933 sanctorum
1102 4871 1332 4938 dixisse,
1367 4869 1641 4941 lgnatium
1673 4869 1918 4933 nomine,
1958 4865 2025 4920 de
2062 4863 2282 4919 Christo
2316 4878 2328 4913 :
2368 4861 2518 4917 Meus
2562 4871 2738 4914 autem
2779 4874 2931 4910 amor
2971 4857 3259 4926 cruciﬁxus
3308 4865 3419 4920 est,

161 4991 252 5032 nec
279 4972 610 5045 reprehendi
636 4986 763 5025 eum
794 4986 894 5040 pro
917 4971 1022 5026 hoc
1045 4971 1272 5042 dignum
1296 4969 1506 5040 judico.
1541 4966 1715 5037 Epist.
1741 4967 1808 5020 ad
1844 4966 2018 5031 Rom,
2046 4981 2163 5031 cap.
2195 4960 2244 5015 7.

511 5082 667 5148 lusu,
697 5082 883 5136 homil.
910 5096 966 5134 γι
987 5080 1042 5136 in
1070 5077 1301 5145 Lucam,
1333 5078 1490 5145 ibid.,
1514 5095 1635 5148 pag.
1668 5077 1774 5132 958
1792 5121 1807 5148 ,
1842 5076 1909 5129 Α.
1945 5074 2128 5128 Grazca
2155 5089 2223 5126 ea:
2251 5073 2454 5127 schedis
2482 5072 2673 5127 Camn
2717 5071 3003 5140 descripta.

220 5202 420 5270 Καλῶς
452 5210 512 5260 ὲν
549 5207 647 5277 μιᾷ
681 5203 792 5258 τῶν
830 5203 1104 5274 μάρτυρός
1130 5219 1275 5266 τινος
1314 5200 1612 5256 ἐπιστολῶν
1649 5199 1738 5268 γέ-

169 5319 400 5370 ίραπται
428 5299 545 5372 [τὸν
585 5298 843 5365 Ἰγνάτιον
869 5294 1033 5363 λέγω,
1072 5293 1162 5348 τὸν
1193 5292 1331 5364 μετὰ
1343 5294 1437 5346 τὸν
1467 5291 1735 5363 μακάριον

161 5395 356 5465 Πέτρον
375 5393 482 5462 τῆς
511 5388 838 5461 Ἀντιοχείας
857 5387 1109 5460 δεύτερον
1130 5387 1446 5450 ἐπίσκοπον,
1469 5384 1559 5437 τὸν
1584 5383 1734 5455 ἐντῷ

156 5486 377 5558 διωγμῷ
405 5488 463 5539 ἐν
504 5482 692 5556 Ῥώμῃ
711 5481 921 5553 θηρίοις
947 5477 1356 5552 μαχησάμενον]
1377 5493 1391 5508 °
1425 5478 1533 5532 Καὶ
1553 5479 1733 5532 ἔλαθε

157 5581 257 5633 τὸν
289 5581 557 5649 ἄρχοντα
586 5576 694 5630 τοῦ
715 5573 932 5640 αἰῶνος
963 5574 1178 5628 τούτου
1223 5573 1261 5642 ἠ
1289 5571 1579 5640 παρθενία
1607 5573 1730 5626 Μει-

153 5691 297 5739 ραις.

477 5770 747 5829 Pyram“
824 5767 915 5828 Gn
978 5763 1051 5821 V.

1837 5675 1956 5729 cap.
1990 5657 2075 5714 19.

1384 5990 1927 6124 278457

1840 5211 1856 5248 ι
1913 5196 2204 5268 Eleganter
2237 5195 2292 5247 in
2323 5209 2430 5249 una
2455 5194 2811 5264 epistolarum
2844 5195 3132 5265 cujusdam
3164 5198 3422 5266 martyris

1843 5289 2133 5362 (lgnatidm
2167 5289 2313 5354 dico,
2339 5287 2640 5342 secundum
2671 5297 2794 5357 post
2813 5287 3032 5343 beatum
3063 5287 3283 5343 Petrum
3309 5289 3422 5341 An-

1842 5382 2059 5438 tiochiae
2088 5381 2429 5450 episcopum,
2454 5379 2550 5449 qui
2587 5380 2642 5433 in
2674 5381 3058 5450 persecutione
3093 5380 3280 5434 Roma:
3313 5396 3413 5448 ραι·
3507 5437 3518 5450 ,

1840 5473 2026 5547 gnavit
2045 5473 2114 5528 ad
2138 5471 2395 5542 bestias);
2431 5472 2701 5542 scriptum
2733 5481 2818 5530 est
2846 5489 2860 5526 :
2895 5473 3200 5544 Principem
3229 5473 3416 5530 δωειιέἐ

1839 5569 1998 5637 hujus
2049 5567 2208 5622 latuit
2263 5565 2454 5621 Mariae
2502 5565 2802 5634 virginitas.
2861 5565 3032 5636 Epist.
3065 5567 3135 5622 ad
3189 5565 3413 5637 Ephes.,

3066 5752 3097 5813 1
