3878 6210
482 318 545 374 Η

770 525 975 580 Vensm
1018 524 1228 579 llurm.

542 678 647 733 Sed
687 685 742 732 et
792 677 846 732 in
889 686 1075 732 nostra
1118 691 1339 747 quoque
1372 685 1507 731 tem-

1543 315 1600 371 S.
1640 314 1985 374 lGNATIUS.
2024 347 2094 359 —-
2131 318 2656 376 PROLEGOMENA.

2074 440 2118 498 ν

1582 519 1866 588 Eusesws,
1905 481 2212 648 llist._l;3;ccl.
2255 522 2345 576 lib.
2387 536 2472 587 ιιι,
2502 536 2619 590 cap.

2047 616 2081 648 ὓ
2120 636 2135 646 .

2047 616 2135 649 Oi).

1648 684 1719 737 '0
1747 701 1810 737 τε
1849 685 2000 758 παρά
2034 686 2303 748 πλείστοις
2332 685 2498 738 εἰσέτι
2527 683 2627 736 νῦν

3677 337 3747 393 12

2914 528 3117 590 νειιειο
3146 529 3215 588 Η.
3258 530 3504 589 Vnam.

2758 684 2998 756 lgnatius
3013 696 3276 758 praeterea
3293 689 3597 745 multorum
3625 705 3751 743 ser-

465 780 599 836 pora
663 763 819 819 fanne
883 764 1195 819 celebritate
1253 764 1505 832 vulgatus
1573 773 1856 847 διαϐόητος
1899 779 1996 845 Ἰγκ

2217 778 2305 848 τῆς
2336 779 2456 831 κατ’
2498 777 2619 829 'Av—
2690 775 2944 831 monibus
2973 784 3159 831 nostra
3191 777 3356 834 etiam
3401 787 3563 834 attate
3594 781 3748 834 cele-

462 857 727 927 ignatius,
778 856 921 927 apud
977 856 1322 911 Antiochiam
1381 864 1505 926 post

464 946 685 1001 Petrum
716 945 957 1001 secunda
996 944 1349 1001 successione
1380 943 1502 1014 epi-

463 1049 746 1110 scopatum
773 1039 1000 1095 sortitus
1029 1043 1132 1094 est.
1172 1035 1345 1103 Quem
1387 1051 1501 1092 ser-

460 1141 552 1185 mo
598 1130 848 1193 tradidit,
898 1129 967 1185 de
1023 1128 1195 1201 Syriae
1251 1128 1497 1199 partibus

461 1224 526 1277 ad
570 1223 760 1277 urbem
815 1221 1045 1276 Romam
1079 1220 1494 1287 transmissum,

456 1320 506 1365 et
537 1327 638 1382 pro
665 1310 930 1382 martyrio
958 1310 1163 1365 Christi
1191 1308 1260 1364 ad
1291 1309 1496 1365 bestias

454 1405 664 1458 datum.
720 1402 934 1473 Quique
985 1416 1112 1456 cum
1163 1415 1260 1471 per
1305 1399 1494 1456 Asiam

455 1495 561 1549 sub
598 1493 850 1549 custodia
893 1492 1196 1562 navigaret,
1248 1490 1493 1561 singulas

453 1604 703 1659 quasque
731 1587 1045 1660 digrediens
1080 1587 1351 1653 civitates,
1390 1585 1493 1641 Ec-

452 1684 636 1739 clesiae
659 1682 893 1753 populos
923 1681 1250 1751 evangelicis
1289 1680 1490 1736 cohor-

454 1780 754 1836 tationibus
792 1778 1055 1834 edocebat
1101 1778 1157 1832 in
1210 1775 1316 1841 lide
1361 1791 1487 1847 per-

450 1875 667 1939 sistere,
698 1881 753 1928 et
773 1872 1067 1928 observare
1089 1885 1147 1926 se
1172 1870 1242 1925 ab
1276 1870 1493 1925 hatred-

449 1982 642 2024 eorum
663 1965 953 2036 contagiis,
979 1964 1073 2035 qui
1097 1972 1228 2019 tunc
1251 1964 1488 2033 primum

448 2061 729 2131 copiosius
776 2067 1056 2129 coeperant
1102 2057 1393 2128 pullulare,
1438 2065 1494 2114 et

449 2161 510 2208 ut
535 2151 849 2223 diligentius
890 2165 955 2206 ac
982 2148 1230 2205 tenacius
1262 2156 1493 2221 aposto-

448 2245 630 2299 lorum
677 2241 1070 2306 traditionibus
1117 2240 1487 2307 inhaererent;

447 2351 589 2407 quas
614 2335 958 2399 traditiones,
978 2332 1205 2390 cautela:
1226 2332 1419 2404 gratia,
1436 2340 1492 2388 et

449 2441 518 2481 ne
555 2424 686 2496 quid
714 2424 857 2495 apud
894 2431 1145 2494 posteros
1180 2430 1490 2477 remaneret

448 2504 669 2581 incerti,
709 2515 877 2570 etiam
917 2513 1151 2583 scriptas
1190 2527 1249 2569 se
1289 2513 1487 2570 asserit

446 2609 758 2681 reliquisse.
790 2607 1034 2680 Denique
1047 2623 1173 2664 cum
1193 2609 1484 2682 Smyrnam

447 2702 689 2758 Venisset
704 2702 799 2757 ubi
820 2700 1156 2774 Polycarpus
1181 2710 1320 2769 erat,
1349 2702 1487 2757 scri-

447 2793 528 2849 bit
553 2792 678 2848 inde
703 2806 870 2847 unam
894 2791 1183 2861 epistolam
1204 2792 1273 2847 ad
1303 2789 1484 2862 Ephe—

445 2887 560 2941 sios
603 2898 906 2955 eorumque
950 2892 1245 2953 pastorem,
1288 2881 1345 2937 in
1376 2899 1484 2954 qua

446 2976 697 3033 meminit
737 2985 792 3032 et
847 2974 1096 3031 Onesimi
1144 2993 1160 3030 :
1208 2983 1264 3031 et
1318 2975 1482 3031 aliam

445 3067 740 3139 Magnesiae
767 3067 980 3123 civitati
1008 3082 1133 3138 quae
1164 3082 1330 3139 supra
1353 3065 1482 3123 Ma:-

444 3161 677 3217 audrum
702 3160 868 3231 jacet,
902 3160 959 3215 in
1003 3175 1113 3231 qua
1150 3167 1206 3215 et
1239 3159 1482 3231 episcopi

444 3253 691 3309 Dammei
721 3251 1054 3309 mentionem
1088 3250 1240 3307 facit.
1292 3250 1398 3308 Sed
1427 3261 1483 3308 et

442 3346 687 3402 ecclesiae
707 3359 831 3415 quae
853 3352 938 3401 est
958 3344 1013 3399 in
1045 3342 1243 3400 Trallis
1268 3342 1480 3411 scribit,

441 3438 600 3507 cujus
641 3436 945 3507 principem
983 3443 1119 3491 tunc
1156 3448 1280 3490 esse
1321 3432 1483 3507 Poly-

441 3532 594 3585 bium
619 3527 949 3599 designavit.
972 3524 1031 3582 In
1061 3542 1127 3583 ea
1152 3540 1285 3581 vero
1311 3540 1480 3597 quam

441 3621 507 3675 ad
564 3620 868 3675 Romanam
913 3619 1214 3678 Ecclesiam
1266 3617 1477 3684 scribit,

439 3713 765 3782 drprecatur
820 3726 919 3767 eos
970 3725 1038 3766 ne
1090 3725 1171 3777 se,
1217 3718 1478 3780 tanquam

440 3803 724 3873 suppliciis
780 3802 898 3859 suis
947 3812 1259 3872 parcentes,
1314 3801 1481 3857 velint

438 3909 536 3963 spe
577 3892 780 3962 privari
818 3891 1101 3963 martyrii;
1135 3901 1190 3947 et
1228 3891 1315 3948 his
1353 3900 1480 3962 post

436 3984 716 4054 aliquanta
767 3983 943 4038 utitur
971 3982 1150 4039 verbis
1178 4001 1192 4037 :
1216 3982 1257 4035 A
1295 3980 1478 4052 Syria,

435 4075 637 4145 inquit,
684 4073 908 4127 Romam
942 4088 1105 4144 usque
1145 4086 1265 4127 cum
1298 4071 1478 4127 bestiis

438 4178 581 4222 terra
604 4165 843 4236 marique
867 4164 1128 4234 depugno,
1148 4170 1254 4219 etc.
1270 4161 1398 4219 Haec
1423 4171 1479 4219 et

439 4257 610 4312 multa
636 4257 743 4311 alia
773 4254 863 4310 his
905 4253 1107 4309 similia
1136 4254 1205 4309 ad
1231 4253 1477 4309 diversas

431 4347 695 4418 ecclesias
735 4346 946 4402 scribit.
980 4345 1087 4400 Sed
1128 4354 1183 4400 et
1211 4344 1281 4399 ad
1308 4343 1473 4416 Poly-

433 4455 683 4511 carpnm,
720 4438 870 4493 velut
895 4436 1259 4507 apostoiicum
1291 4434 1470 4490 virum

429 4531 576 4585 datis
616 4527 832 4595 litteris,
871 4526 1269 4581 Antiochenam
1297 4525 1348 4580 ei
1364 4525 1471 4582 Ec-

428 4621 652 4676 clesiam
679 4618 951 4690 praecipue
981 4614 1348 4672 commendat.
1388 4614 1471 4669 Ad

432 4713 744 4784 Smyrmeos
797 4724 933 4764 sane
974 4706 1243 4772 scribens,
1297 4704 1472 4759 utitur

428 4801 612 4856 verbis
627 4798 980 4872 quibusdam,
1006 4798 1148 4852 unde
1172 4796 1471 4866 assumptis

428 4896 731 4963 nescimus,
769 4893 972 4965 quibus
1014 4892 1130 4947 haec
1165 4892 1232 4947 de
1275 4890 1468 4947 Salva~

428 4993 548 5038 tore
570 4981 917 5052 proloquititr
948 4998 962 5034 :
990 4978 1102 5048 Ego
1146 4988 1321 5032 autem
1353 4990 1470 5050 post

427 5073 863 5129 resurrectione»:
885 5087 1089 5143 quoque
1102 5070 1155 5124 in
1170 5087 1328 5124 carne
1349 5086 1468 5124 eum

424 5163 536 5217 scio
565 5161 750 5230 fuisse,
794 5170 845 5215 et
900 5160 1073 5213 credo.
1102 5157 1245 5212 Nam
1275 5168 1322 5213 et
1348 5175 1468 5212 cum

424 5254 645 5309 venisset
682 5251 750 5304 ad
778 5248 998 5305 Petrum
1025 5259 1360 5320 cwterosque,
1386 5251 1464 5303 ait

423 5345 535 5402 eis:
559 5343 833 5409 Accedite,
865 5352 915 5397 et
951 5344 1144 5409 videte,
1188 5344 1317 5413 quia
1356 5359 1460 5397 non

422 5457 541 5496 sum
573 5439 894 5495 daemonium
926 5440 1309 5509 incorporeum.
1354 5438 1459 5505 Qui

422 5544 471 5587 ct
508 5534 868 5605 contingentes
908 5548 1060 5599 eum,
1101 5530 1452 5588 crediderunt.

425 5626 543 5680 Scit
568 5634 748 5681 autem
778 5636 832 5681 et
861 5624 1095 5680 lrenmus
1129 5625 1454 5696 martyrium

423 5717 569 5785 ejus,
604 5732 705 5772 nec
734 5732 845 5772 non
889 5726 943 5772 et
967 5715 1298 5771 mentionem
1329 5714 1459 5772 facit

422 5811 752 5881 scriptorum
768 5811 910 5883 ejus.
928 5808 1035 5867 Sed
1057 5817 1109 5867 et
1129 5807 1460 5881 Polycarpus

565 6074 615 6112 Ε.

1571 866 1810 937 τιόχειαν
1838 868 2050 940 Πέτρου
2098 867 2346 940 διαδοχῆς
2371 867 2619 938 δεύτερος

1568 958 1664 1029 τὴν
1682 959 1984 1031 ἐπισκοπὴν
2000 960 2434 1033 κεκληρωμένος.
2448 959 2620 1028 Λόγος

1566 1049 1611 1102 δ’
1632 1047 1744 1120 ἔχει
1783 1049 1970 1105 τοῦτον
2008 1053 2116 1106 ἀπὸ
2163 1052 2361 1125 Συρίας
2394 1053 2486 1104 ἐπὶ
2516 1051 2616 1121 τὴν

1578 1140 1866 1211 Ῥωμαίων
1886 1140 2041 1194 πόλιν
2058 1140 2502 1224 ἀναπεμφθέντα,
2527 1141 2617 1212 θη-

1567 1234 1696 1304 ρίων
1729 1234 1981 1303 γενέσθαι
2006 1233 2193 1307 βορὰν,
2217 1234 2318 1305 τῆς
2355 1234 2436 1298 είς
2474 1235 2610 1306 Χρι-

1566 1324 1691 1378 στὸν
1724 1325 2028 1397 μαρτυρίας
2059 1325 2263 1379 ἕνεκεν.
2293 1324 2403 1379 Καὶ
2430 1325 2495 1396 δὴ
2515 1324 2613 1397 τήν

1560 1411 1627 1466 δι’
1673 1413 1857 1477 Ἀσίας
1888 1413 2220 1486 ἀνακομιδὴν
2264 1417 2379 1485 μετ’
2413 1415 2611 1484 ἐπιμε-

1561 1504 1828 1576 λεστάτης
1866 1505 2116 1578 φρουρῶν
2151 1505 2396 1577 φυλακῆς
2428 1505 2610 1559 ποιού-

1563 1613 1742 1667 μενος,
1773 1596 1874 1660 τὰς
1899 1596 2039 1651 κατά
2065 1596 2219 1650 πόλιν
2240 1589 2328 1661 αἷς
2346 1597 2611 1668 ἐπεδήμει

1559 1689 1881 1761 παροικίας,
1917 1692 2038 1753 ταῖς
2065 1688 2151 1742 διά
2180 1688 2352 1759 λόγων
2377 1688 2613 1760 ὁμιλίαις

1558 1799 1616 1835 τε
1654 1782 1748 1835 καὶ
1786 1784 2123 1854 προτροπαῖς
2156 1782 2514 1854 ὲπιῤῥωννὺς,
2554 1783 2612 1836 ὲν

1561 1874 1800 1948 πρώτοις
1861 1874 2096 1946 μάλιστα
2141 1874 2610 1944 προφυλάττεσθαι

1558 1967 1798 2040 αἱρέσεις
1823 1967 1946 2039 ἄρτι
1965 1967 2087 2020 τότε
2113 1966 2328 2039 πρῶτον
2355 1967 2613 2038 ἀναφυεί-

1562 2076 1661 2123 σας
1708 2060 1803 2112 καὶ
1855 2057 2293 2124 ὲπιπολαζούσας
2340 2056 2603 2130 παρῄνει“

1561 2144 1871 2217 προύτρεπέ
1922 2162 1983 2198 τε
2032 2144 2201 2217 ἀπρὶξ
2245 2145 2462 2216 ἔχεσθαι
2506 2147 2608 2218 τῆς

1556 2233 1665 2286 τῶν
1721 2232 2031 2287 ἀποστόλων
2096 2233 2478 2305 παραδόσεως,
2538 2235 2609 2307 ῆν

1557 2321 1700 2393 ὑπὲρ
1719 2320 2037 2391 ἀσφαλείας,
2054 2321 2149 2375 καὶ
2168 2320 2479 2392 ἐγγράφως,
2503 2321 2606 2394 ήδη

1559 2410 1968 2483 μαρτυρόμενος
2004 2409 2396 2464 διατυποῦσθαι
2434 2412 2604 2481 ἀναγ-

1554 2505 1709 2556 καῖον
1737 2505 1943 2574 ήγεῖτο.
1977 2501 2134 2557 Oime
2150 2502 2285 2574 δῆτα
2301 2504 2358 2557 ὲν
2383 2504 2605 2578 Σμύρνῃ

1552 2593 1860 2665 γενόμενος,
1893 2593 2021 2648 ἔνθα
2049 2597 2078 2648 ὁ
2108 2594 2462 2668 Πολύκαρπος
2502 2592 2599 2667 ἦν,

1556 2691 1688 2762 μίαν
1740 2692 1839 2763 μὲν
1880 2691 2172 2765 ἐπιστολὴν
2211 2694 2279 2764 τῇ
2318 2692 2461 2746 κατὰ
2502 2692 2600 2765 τὴν

1557 2783 1789 2853 Ἔφεσον
1825 2783 2123 2855 Ἐκκλησία
2153 2784 2379 2857 γράφει,
2410 2784 2601 2856 ποιμέ-

1551 2895 1641 2943 νος
1674 2878 1846 2949 αὐτῆς
1874 2879 2228 2950 μνημονεύων
2271 2879 2561 2952 Ὀνησίμου
2581 2895 2594 2908 ·

1550 2970 1743 3043 ἑτέραν
1759 2969 1817 3023 δὲ
1842 2973 1911 3042 τῇ
1948 2972 2006 3024 ὲν
2038 2971 2330 3042 Μαγνησίᾳ
2359 2974 2427 3043 τῇ
2462 2970 2600 3043 πρὸς

1548 3061 1865 3135 Μαιάνδρῳ,
1906 3059 2037 3116 ἔνθα
2070 3061 2232 3116 πάλιν
2299 3061 2599 3115 ἐπισκόπου

1548 3155 1707 3226 Δάμα
1751 3155 1972 3227 μνήμην
1998 3154 2311 3228 πεποίηται·
2339 3157 2434 3210 καὶ
2455 3157 2520 3226 τῇ
2541 3157 2599 3210 ὲν

1549 3238 1814 3319 Τράλλεσι
1846 3245 1903 3299 δὲ
1931 3245 2118 3318 ἄλλην,
2157 3241 2225 3318 ῆς
2255 3247 2491 3317 ἄρχοντα
2514 3246 2599 3300 τό-

1547 3351 1608 3387 τε
1633 3334 1761 3390 δντα
1778 3333 2038 3388 Πολύϐιον
2067 3335 2287 3406 ἱστορεῖ.
2313 3333 2455 3404 Πρὸς
2471 3333 2600 3385 ταύ-

1546 3443 1667 3490 ταις
1706 3426 1800 3481 καὶ
1838 3428 1907 3498 τῇ
1965 3424 2252 3498 Ῥωμαίων
2302 3425 2597 3497 Ἐκκλησία

1548 3517 1779 3591 γράφει·
1818 3513 1854 3594 ᾗ
1881 3519 1977 3573 καὶ
2008 3518 2354 3591 παράκλησιν
2380 3518 2597 3590 προτεί-

1547 3626 1657 3674 νει,
1721 3609 1797 3673 ὠς
1849 3610 1924 3681 μὴ
1979 3608 2445 3681 παραιτησάμενοι
2498 3607 2592 3661 τοῦ

1549 3699 1872 3772 μαρτυρίου,
1910 3699 2012 3771 τῆς
2052 3697 2393 3770 ποθουμένης
2431 3699 2595 3753 αὐτὸν

1545 3791 1981 3863 ἀποστερήσαιεν
2012 3789 2254 3855 ἐλπίδοςο
2292 3789 2354 3855 ἐξ
2383 3783 2461 3844 ὧν
2499 3793 2595 3845 καὶ

1547 3878 1856 3951 βραχύτατα
1889 3880 1970 3942 είς
2009 3876 2267 3943 ἐπίδειξιν
2298 3878 2409 3931 τῶν
2438 3879 2592 3951 είρη-

1548 3969 1723 4041 μένων
1744 3968 2084 4040 παραθέσθαι
2104 3967 2272 4035 ἀξιον.
2297 3969 2503 4043 Γράφει
2527 3971 2592 4042 δὴ

1543 4057 1637 4115 οὖν
1668 4057 1808 4115 κάτά
1830 4059 1973 4126 λέξιν
1989 4077 2003 4091 ο
2098 4061 2231 4115 Ἀπὸ
2252 4063 2471 4130 Συρίας
2493 4061 2594 4131 μέ-

1543 4171 1642 4224 χρι
1686 4151 1913 4221 Ῥώμης
1956 4155 2297 4226 θηριομαχῶ
2337 4156 2438 4211 διὰ
2479 4156 2592 4227 γῆς

1543 4247 1640 4301 καὶ
1654 4245 1992 4314 θαλάσσης,
2003 4246 2223 4314 νυκτὸς
2232 4249 2328 4302 καὶ
2344 4247 2591 4318 animo,

1542 4360 1596 4398 κ.
1633 4361 1685 4398 τ.
1720 4342 1770 4398 λ.
1859 4344 1972 4397 Καὶ
2000 4341 2171 4396 ταῦτα
2205 4341 2304 4413 μὲν
2342 4343 2451 4397 ἀπὺ
2486 4343 2590 4415 τῆς

1540 4440 1870 4513 δηλωθείσης
1887 4440 2093 4505 πόλεως
2107 4443 2226 4505 ταῖς
2238 4442 2585 4514 καταλεχθεί-

1541 4546 1664 4594 σαις
1690 4530 2008 4603 ἐκκλησίαις
2027 4529 2414 4589 διετυπιὶισατο.
2446 4532 2583 4605 Ἤδη

1536 4618 1581 4671 δ’
1606 4620 1859 4673 ἐπέκεινα
1877 4620 1975 4691 τῆς
2000 4620 2255 4693 Σμύρνης
2274 4623 2582 4693 γενόμενος,

1537 4711 1645 4765 άπὸ
1672 4711 1922 4785 Τρωάδος
1939 4715 2053 4778 τοῖς
2065 4730 2125 4766 τε
2149 4715 2206 4767 ὲν
2233 4712 2586 4788 Φιλαδελφείᾳ

1537 4800 1692 4868 αὖθις
1729 4803 1818 4859 διά
1848 4806 2065 4877 γραφῆς
2115 4805 2314 4878 ὁμιλεῖ,
2373 4808 2466 4861 καὶ
2516 4811 2581 4879 τῇ

1536 4900 1858 4972 Σμυρναίων
1888 4901 2205 4974 Ἐκκλησία,
2233 4901 2379 4966 ἰδίως
2421 4919 2479 4956 τε
2502 4902 2582 4968 τῷ

1533 4990 1735 5064 ταύτης
1746 5008 1986 5063 προηγου
1994 4992 2138 5064 μένῳ
2151 4992 2512 5067 Πολυκάρπῳο
2524 4994 2582 5049 ὃν

1532 5077 1621 5135 οἷα
1647 5082 1710 5155 δὴ
1746 5084 2098 5137 άποστολικὺν
2143 5083 2311 5157 ἄνδρα
2345 5079 2403 5139 εὖ
2441 5085 2583 5157 μάλα

1533 5175 1834 5246 γνωρίζων,
1856 5175 1955 5248 τήν
1981 5177 2102 5230 κατ’
2136 5176 2461 5248 Ἀντιόχειαν
2485 5179 2581 5232 αὐ-

1536 5265 1615 5336 τῷ
1643 5270 1896 5337 ποίμνην,
1914 5267 1990 5331 ὡς
2006 5267 2072 5321 ἂν
2092 5269 2312 5340 γνήσιος
2338 5268 2431 5323 καὶ
2451 5269 2580 5339 ἀγα-

1537 5356 1628 5421 θὸς
1665 5347 1868 5430 ποιμὴν
1893 5358 2269 5432 παρατίθεται,
2304 5360 2402 5432 τὴν
2450 5361 2577 5433 περὶ

1531 5447 1699 5518 αὐτῆς
1744 5448 1996 5519 φροντίδα
2040 5447 2127 5502 διά
2170 5450 2403 5521 σπουδῆς
2432 5448 2578 5521 ἔχειν

1530 5535 1691 5590 αὐτὸν
1723 5536 1908 5604 ἀξιῶν.
1936 5539 1993 5591 '0
2010 5538 2227 5603 δἀὐτὸς
2253 5539 2576 5611 Σμυρναίοις

1528 5628 1784 5700 γράφων,
1826 5628 1927 5681 οὐκ
1977 5623 2093 5681 οἶδα
2148 5627 2341 5681 ὁπόθεν
2393 5631 2575 5700 ῥητοῖς

1533 5719 1921 5792 συγκέχρηται,
1948 5718 2169 5774 τοιαῦτά
2182 5735 2299 5774 τινα
2332 5721 2571 5792 περὶτοῦ

1532 5809 1768 5884 Χριστοῦ
1785 5808 2013 5877 διεξιὼνυ
2048 5812 2191 5885 Ἐγὼ
2211 5812 2278 5868 δὲ
2310 5813 2404 5869 καί
2424 5814 2573 5887 μετὰ

2687 871 2898 937 bratus,
2924 873 3199 929 secundus
3221 883 3346 944 post
3373 874 3596 932 Petrum
3626 875 3748 930 An-

2686 961 3022 1018 tiochensem
3043 963 3348 1020 Ecclesiam
3375 967 3607 1023 sortitus
3630 976 3740 1021 est.

2687 1053 2785 1109 Hic
2834 1055 2905 1109 ob
2943 1054 3104 1111 ﬁdem
3150 1056 3356 1114 Christi
3398 1072 3431 1114 e
3461 1057 3621 1130 Syria
3667 1055 3742 1110 ad

2686 1144 2877 1201 urbem
2907 1143 3138 1201 Romam
3171 1147 3492 1216 perductus,
3536 1149 3747 1205 bestiis

2682 1235 2926 1306 objectus
2960 1251 3084 1293 esse
3106 1235 3335 1316 dicitur.
3369 1237 3437 1294 Et
3465 1255 3593 1294 cum
3610 1239 3617 1249 '
3634 1257 3740 1311 per

2681 1327 2868 1382 Asiam
2909 1328 3014 1384 sub
3059 1331 3475 1387 accuratissima
3513 1336 3730 1390 satelli-

2682 1426 2798 1474 tum
2827 1420 3079 1477 custodia
3101 1421 3444 1488 ductaretur,
3472 1426 3730 1499 singula-

2680 1527 2803 1566 rum
2836 1513 3197 1589 nihilominus
3245 1514 3530 1574 civitatum
3587 1536 3738 1591 quas

2681 1596 3061 1668 ingrederetur
3082 1601 3345 1658 ecclesias
3375 1607 3738 1662 sermonibus

2677 1697 2733 1743 et
2749 1689 3222 1748 cohortationibus
3238 1694 3735 1764 suisconﬁrmans,

2680 1777 3021 1859 monebatjn
3051 1781 3247 1850 primis
3273 1793 3336 1839 ut
3353 1785 3457 1840 sibi
3486 1801 3517 1841 a
3538 1791 3736 1858 pravis

2678 1866 3064 1924 haereticorum
3078 1871 3431 1942 opinionibus
3442 1889 3729 1946 caverent,

2676 1969 2801 2022 qua:
2828 1963 2959 2013 tunc
2983 1957 3223 2028 primum
3258 1945 3327 2017 in
3344 1963 3524 2020 lucem
3545 1945 3732 2025 emer-Q

2678 2060 2800 2116 gere
2813 2061 2938 2101 cum
2961 2050 3280 2121 coepissent,
3302 2054 3589 2124 copiosius
3602 2059 3737 2128 pul-

2672 2134 2938 2193 lulabant.
2958 2135 3325 2211 Hortatusque
3337 2152 3422 2199 est
3437 2156 3496 2200 ut
3507 2157 3724 2217 aposto-

2673 2227 2852 2283 lorum
2869 2229 3253 2290 traditionibus
3270 2236 3538 2294 tenaciter
3552 2240 3717 2297 iuliae»

2672 2331 2888 2392 rerent;
2920 2340 3060 2395 quas
3074 2328 3295 2398 quidem
3325 2332 3393 2387 ad
3426 2336 3723 2393 certiorem

2672 2415 3013 2484 posteritatis
3072 2419 3323 2476 notitiam
3397 2427 3724 2483 testimonio

2672 2522 2774 2563 suo
2805 2510 3158 2568 conﬁrmatas
3187 2514 3408 2584 scriptis
3446 2519 3720 2575 mandare

2670 2602 3042 2680 necessarium
3093 2601 3269 2659 duxit.
3331 2607 3524 2679 Itaque
3589 2627 3721 2668 cum

2671 2690 2962 2764 Smyrnam
2990 2694 3232 2752 venisset
3248 2695 3302 2752 in
3319 2714 3431 2769 qua
3456 2710 3573 2756 tum
3596 2712 3720 2759 erat

2666 2783 3025 2859 Polycarpus,
3055 2806 3224 2846 unam
3257 2794 3477 2864 quidem
3509 2796 3720 2865 episto—

2668 2879 2775 2935 lam
2794 2881 3093 2951 scripsitad
3119 2883 3423 2941 Ecclesiam
3448 2886 3719 2957 Ephesio-

2666 2983 2809 3035 rum,
2841 2968 2896 3024 in
2929 2986 3039 3041 qua
3064 2969 3309 3029 Onesimi
3335 2975 3584 3044 ipsorum
3610 2995 3710 3049 pa-

2667 3060 2833 3115 storis
2888 3062 3221 3118 mentionem
3267 3063 3418 3121 facit.
3466 3068 3715 3125 Alteram

2665 3161 2884 3218 quoque
2904 3148 3053 3205 dedit
3078 3151 3144 3206 ad
3169 3150 3470 3209 Ecclesiam
3489 3155 3716 3229 Magne-

2665 3237 2762 3293 siae
2814 3239 3052 3297 civitatis
3103 3259 3225 3313 qua:
3268 3245 3336 3300 ad
3374 3246 3714 3304 Maeandrum

2665 3328 2773 3387 sita
2814 3339 2932 3397 est,
2986 3331 3042 3386 in
3095 3348 3205 3403 qua
3255 3336 3421 3391 etiam
3475 3337 3711 3396 Damam

2663 3420 2979 3491 episcopum
3028 3424 3296 3481 nominat.
3345 3428 3524 3483 Aliam
3578 3430 3713 3485 item

2664 3508 2731 3562 ad
2758 3507 3055 3565 Ecclesiam
3084 3510 3514 3583 Trallianorum,
3550 3519 3714 3590 cujus

2664 3601 2964 3657 antistitem
3018 3612 3149 3661 tunc
3217 3606 3390 3664 fuisse
3439 3621 3714 3666 memorat

2664 3689 2970 3765 Polybium.
3010 3695 3216 3754 Praeter
3253 3700 3354 3757 has
3384 3710 3470 3757 est
3514 3711 3568 3758 et
3603 3704 3710 3760 alia

2662 3784 2783 3854 ejus
2825 3786 3054 3857 epistola
3093 3789 3162 3845 ad
3209 3792 3511 3849 Ecciesiam
3553 3796 3709 3852 urbis

2663 3871 2871 3943 Romae,
2898 3876 2952 3930 in
2975 3893 3084 3949 qua
3116 3888 3238 3935 orat
3259 3892 3425 3952 atque
3449 3883 3709 3941 hortatur

2660 3964 2963 4038 Romanos,
2994 3985 3063 4025 ne
3092 3974 3416 4046 martyrium
3447 3990 3479 4030 a
3505 3991 3566 4031 se
3602 3977 3708 4034 de-

2658 4056 2922 4122 pellentes
2973 4072 3039 4115 ac
3080 4060 3464 4131 deprecantes,
3508 4079 3606 4134 spe
3636 4081 3705 4121 ac

2658 4156 2786 4202 voto
2819 4165 2879 4205 se
2908 4149 3165 4208 fraudare
3186 4154 3375 4212 velint.
3394 4153 3498 4210 Sed
3524 4172 3707 4228 operae

2657 4240 2890 4308 pretium
2935 4240 3103 4298 fuerit
3125 4245 3194 4299 ad
3222 4246 3703 4306 conﬁrmationem

2656 4344 2847 4386 eorum
2864 4348 2987 4403 quae
3003 4334 3533 4403 diximusmonnulla
3546 4357 3613 4396 ex
3634 4342 3706 4398 iis

2654 4418 2849 4476 litteris
2875 4422 2964 4478 hic
2988 4424 3282 4480 ascribere.
3314 4425 3519 4484 Scribit
3536 4430 3706 4502 igitur

2654 4512 2710 4567 in
2740 4513 2889 4569 hunc
2906 4516 3130 4571 modum
3169 4536 3183 4571 :
3215 4515 3260 4569 A
3286 4516 3448 4589 Syria
3474 4520 3701 4578 Romam

2652 4622 2815 4678 usque
2825 4625 2944 4662 cum
2961 4608 3139 4665 bestiis
3151 4612 3565 4684 depugno,terra
3582 4635 3702 4673 ma-

2651 4702 2819 4771 rique,
2839 4713 2996 4757 noctu
3015 4714 3064 4757 et
3080 4704 3336 4772 interdiu,
3354 4714 3459 4762 etc.
3485 4709 3552 4764 Et
3582 4711 3701 4766 haec

2650 4794 2869 4865 quidem
2918 4796 3008 4851 ille
3051 4810 3121 4852 ex
3163 4799 3294 4854 Asia
3334 4801 3403 4856 ad
3434 4804 3699 4861 ecclesias

2654 4887 2908 4957 superius
2958 4900 3293 4946 memoratas
3345 4896 3693 4970 perscripsit_

2652 4978 2847 5034 Postea
2901 4995 3035 5035 vero
3090 4997 3121 5036 a
3179 4981 3413 5055 Smyrna
3462 4986 3695 5043 ulterius

2648 5086 2994 5144 progressus,
3039 5090 3165 5129 cum
3207 5074 3475 5131 Troadem
3507 5080 3695 5135 venis-

2650 5174 2755 5234 set,
2782 5167 2908 5223 inde
2936 5167 3003 5222 ad
3030 5167 3518 5239 Philadelphenses
3545 5173 3694 5229 litte-

2650 5270 2740 5311 ras
2769 5255 2919 5312 dedit
2951 5267 3006 5311 et
3031 5257 3098 5313 ad
3139 5256 3551 5330 Smyrnmorum
3591 5266 3693 5321 Ec-

2650 5347 2897 5414 elesiam,
2927 5348 3290 5419 privatimque
3333 5351 3400 5405 ad
3430 5351 3689 5423 Polycar-

2648 5451 2776 5506 pum
2804 5451 2994 5491 eorum
3011 5438 3343 5509 episcopum.
3365 5438 3536 5507 Quem
3562 5460 3688 5499 cum

2648 5528 3008 5599 apostolicum
3051 5532 3227 5584 virum
3258 5546 3379 5588 esse
3409 5534 3569 5603 plane
3596 5552 3690 5590 co-

2647 5632 2952 5695 gnosceret,
2987 5624 3090 5695 ipsi
3126 5634 3386 5697 tanquam
3416 5629 3596 5684 bonus
3622 5646 3688 5685 ac

2644 5716 2818 5772 ﬁdelis
2842 5726 3046 5786 pastor,
3077 5733 3292 5789 gregem
3327 5720 3686 5775 Antiochense

2634 5812 2887 5873 Ecclesiae
2910 5813 3332 5884 commendavit,
3368 5830 3588 5886 rogans,
3622 5826 3685 5871 ut
