3868 6208
138 335 209 390 εὖ

440 448 648 505 Vensio
689 436 905 505 Ruris).

142 544 342 597 borum
362 540 691 619 memoriam
721 541 857 598 facit
882 542 939 596 in
950 540 1192 612 Epistola

140 649 309 703 quam
352 634 421 688 ad
465 633 847 704 Pbilippenses
879 634 1071 689 scribit
1097 649 1194 704 per

138 726 297 780 hac:
337 745 356 778 ι
407 725 707 794 Deprecor,
756 726 954 797 inquit,
1000 741 1191 782 omnes

139 808 238 871 vos
286 817 629 874 obedientite
675 831 902 887 cperam
941 817 1096 882 dare,
1138 824 1192 872 et

136 913 399 968 meditari
431 915 755 984 patientiam
781 929 949 991 quam
974 910 1192 970 vidistis

134 1004 191 1059 in
211 1005 455 1077 lgnatio,
481 1016 538 1062 et
552 1005 715 1069 Rufo,
740 1014 797 1061 et
812 1004 1039 1061 Ζοςίωο
1063 1005 1194 1062 bea-

134 1101 209 1155 tis
235 1102 401 1168 viris,
431 1102 703 1172 praecipue
726 1109 909 1157 autem
939 1092 995 1155 in
1018 1094 1192 1156 Paulo

135 1202 191 1247 et
226 1193 450 1248 caeteris
498 1193 784 1263 apostolis,
825 1194 922 1263 qui
967 1192 1191 1250 fuerunt

133 1290 266 1336 ante
301 1297 437 1348 vos;
461 1282 701 1338 scientes
730 1283 879 1352 quod
907 1283 962 1337 hi
993 1298 1189 1339 omnes

134 1387 249 1425 non
283 1370 339 1425 in
377 1386 616 1425 vacuum
637 1412 651 1435 ,
686 1370 780 1426 sed
812 1387 912 1441 per
929 1370 1102 1427 ﬁdem
1134 1381 1190 1428 et

130 1461 409 1531 justitiam
457 1470 847 1528 cucurrerunt,
899 1477 1189 1533 usquequo

134 1533 497 1623 pervenirent
544 1551 614 1607 ad
655 1551 841 1608 locum
870 1551 976 1608 sibi
1015 1568 1047 1607 a
1075 1538 1187 1608 bo-

136 1642 289 1699 mino
323 1650 740 1714 praeparatum;
767 1636 1028 1713 quoniam
1063 1645 1191 1715 qui-

135 1733 255 1788 dem
282 1725 616 1802 passionum
632 1724 753 1801 ejus
776 1722 1073 1802 participes
1094 1748 1191 1786 ex-

135 1824 425 1891 stiterunt,
458 1838 564 1879 nec
606 1823 1190 1894 dilexerunt-praesens

134 1915 427 1983 saeculum,
467 1915 568 1971 sed
597 1931 727 1972 cum
759 1916 938 1972 solum
964 1918 1060 1988 qui
1086 1933 1189 1988 pro

133 2009 268 2078 ipsis
296 2019 356 2064 et
390 2024 497 2079 pro
532 2009 695 2065 nobis
724 2018 980 2065 mortuus
1020 2018 1106 2065 est
1133 2019 1188 2065 et

134 2102 465 2157 iesnrrexit.
504 2121 525 2153 ι
563 2100 630 2157 Et
676 2111 801 2174 post
845 2117 1021 2173 pauca
1057 2103 1191 2158 sub-

129 2193 312 2265 jungit
342 2212 357 2249 τ
397 2212 420 2245 ι
456 2192 774 2264 Scripsistis
816 2195 955 2249 mihi
991 2201 1049 2250 et
1089 2210 1189 2251 vos

133 2299 187 2345 et
220 2288 511 2361 lguatius,
568 2296 630 2343 ut
670 2288 716 2344 si
754 2289 881 2358 quis
923 2289 1072 2345 vadit
1121 2290 1190 2346 ad

135 2390 319 2451 partes
337 2379 518 2452 Syriae
529 2379 741 2436 delerat
753 2380 960 2435 litteras
976 2384 1043 2435 ad
1067 2395 1190 2449 vos;

139 2475 280 2545 quod
309 2473 542 2541 faciam,
568 2489 695 2530 cum
722 2484 940 2545 tempus
967 2474 1193 2530 invene-

141 2574 220 2621 ro.
239 2584 261 2619 ι
295 2564 439 2637 Lege
464 2564 736 2637 Haymon.
763 2564 857 2622 lib.
877 2570 957 2634 iv,
990 2581 1113 2638 cap.
1133 2566 1188 2623 6.

1261 394 1268 401 ,
1334 324 1671 383 versuum
1699 293 2139 381 TESTIMONIA.

1256 529 1373 598 τὴν
1403 528 1749 584 ἀνάστασιν
1788 527 1859 579 ἐν
1892 527 2073 595 σαρκὶ
2122 528 2308 580 αὐτὸν

1256 620 1408 686 οῖδα,
1446 622 1545 676 καί
1579 620 1842 673 πιστεύω
1867 618 2034 671 ὄντα.
2069 616 2179 671 Καὶ
2211 615 2309 669 ὅτε

1256 714 1407 781 πρὸς
1425 712 1570 778 τοὺς
1589 712 1722 780 περὶ
1742 709 1971 779 Πέτρον
1987 707 2306 775 ἐλήλυθεν,

1255 806 1371 875 ἔφη
1395 803 1621 870 αὐτοῖς·
1639 801 1880 867 Λάϐετε,
1902 797 2312 870 ’ψηλαφήσατέ

1251 914 1356 966 με,
1392 895 1492 950 καί
1529 895 1683 949 ἴδετε
1716 893 1805 948 ὅτι
1825 893 1937 947 οὐκ
1962 894 2078 962 εἰμι
2108 890 2310 960 δαιμό-

1256 1005 1390 1042 νιον
1417 985 1755 1057 ἀσώματον.
1779 986 1886 1039 Kal
1910 983 2093 1049 εὐθὺς
2122 982 2310 1066 αὐτοῦ

1259 1081 1523 1152 ἥψαντο,
1575 1081 1674 1135 καὶ
1725 1080 2119 1133 ἐπίστευσαν.
2189 1073 2310 1130 Οῖδε

1254 1176 1312 1229 δὲ
1343 1172 1509 1230 αὐτοῦ
1534 1171 1597 1228 τὸ
1633 1171 1932 1246 μαρτύριον
1955 1171 2049 1224 καὶ
2075 1169 2104 1222 ὁ
2136 1171 2309 1240 Εἰρη-

1254 1268 1431 1333 ναῖος,
1489 1266 1583 1320 καὶ
1625 1264 1736 1318 τῶν
1798 1259 2096 1316 ἐπιστολῶν
2143 1257 2308 1312 αὐτοῦ

1257 1358 1604 1431 μνημονεύει.
1639 1357 1751 1410 Καὶ
1799 1358 1829 1410 ὁ
1855 1353 2216 1424 Πολύκαρπος
2251 1351 2307 1404 δὲ

1251 1449 1456 1504 τούτων
1497 1446 1677 1503 αὐτῶν
1711 1449 1986 1520 μέμνηται
2019 1450 2076 1499 ὲν
2104 1447 2170 1515 τῇ
2212 1462 2308 1514 φε-

1255 1542 1460 1615 ρομένῃ
1506 1538 1674 1597 αὑτοῦ
1724 1541 1863 1611 πρὸς
1909 1534 2309 1611 Φιλιππησίους

1253 1634 1534 1708 ἐπιστολῇ,
1581 1635 1807 1703 φάσκων
1847 1634 2035 1698 αὐτοῖς
2065 1636 2302 1707 ῥήμασι·

1260 1749 1279 1781 ι
1312 1722 1626 1801 Παρακαλῶ
1656 1724 1751 1783 οὖν
1775 1729 1985 1794 πάντας
2014 1728 2160 1799 ὑμᾶς
2191 1745 2311 1781 πει-

1254 1821 1475 1893 θαρχεῖν
1513 1822 1608 1876 καὶ
1651 1821 1842 1875 ἀσκεῖν
1887 1823 2067 1876 πᾶσαν
2105 1822 2312 1893 ὑπομο-

1253 1915 1373 1987 νὴν,
1411 1914 1482 1986 ἢν
1525 1914 1697 1968 εἴδετε
1746 1915 1868 1967 κατ’
1895 1912 2210 1985 ὀφθαλμοὺς
2246 1913 2310 1967 οὐ

1257 2009 1415 2081 μόνον
1430 2012 1487 2064 ἐν
1499 2012 1612 2073 τοῖς
1637 2009 1932 2081 μακαρίοις
1955 2009 2199 2080 Ἱγνατίῳ
2216 2009 2312 2062 καὶ

1267 2099 1481 2171 Ῥούφῳ
1521 2101 1616 2154 καί
1662 2097 1916 2171 Ζωσίμῳ,
1961 2099 2096 2153 ἀλλὰ
2125 2098 2220 2153 καὶ
2252 2100 2313 2153 ἐν

1254 2191 1442 2256 ἄλλοις
1489 2194 1602 2255 τοῖς
1641 2189 1702 2254 ἐξ
1740 2189 1916 2262 ὑμῶν·
1950 2190 2045 2243 καὶ
2075 2190 2133 2243 ἐν
2161 2186 2313 2260 αὐτῷ

1255 2282 1455 2356 Παύλῳ
1484 2285 1715 2346 καὶτοῖς
1740 2281 1950 2346 λοιποῖς
1971 2281 2309 2344 ἀποστόλοις·

1258 2374 1660 2446 πεπεισμένους
1691 2375 1776 2427 ὅτι
1802 2368 1947 2429 οὗτοι
1981 2373 2183 2438 πάντες
2213 2374 2315 2427 οὐκ

1256 2471 1337 2533 είς
1383 2469 1540 2522 κενὸν
1584 2466 1842 2540 ἔδραμον,
1885 2466 2007 2521 ἀλλ’
2030 2468 2088 2520 ἐν
2133 2466 2313 2519 πίστει

1256 2565 1354 2620 καὶ
1382 2560 1718 2635 δικαιοσύνῃ·
1736 2560 1830 2616 καὶ
1844 2561 1928 2616 ὅτι
1955 2564 2035 2626 είς
2056 2562 2148 2615 τὸν
2174 2562 2317 2631 ὄφει·-

1255 2653 1482 2725 λόμενον
1535 2652 1722 2716 αὐτοῖς
1768 2651 1934 2705 τόπον
1996 2651 2104 2705 είσὶ
2162 2649 2314 2723 παρά

1258 2741 1469 2815 Κυρίῳ,
1511 2734 1558 2809 ᾧ
1590 2741 1687 2806 καὶ
1734 2738 2057 2796 συνέπαθον.
2099 2739 2174 2793 Οὺ
2206 2739 2314 2812 γὰρ

1259 2832 1350 2890 τὸν
1371 2832 1469 2890 νῦν
1494 2833 1797 2908 ἠγάπησαν
1832 2832 2030 2898 αἰῶνα,
2063 2832 2199 2887 ἀλλὰ
2220 2833 2314 2886 τὸν

1259 2926 1403 3000 ὑπὲρ
1455 2926 1615 2999 ἡμῶν
1663 2914 2042 2990 ἀποθανόντα,
2098 2923 2194 2977 καὶ
2243 2913 2314 2977 δι’

1260 3018 1409 3090 ἡμᾶς
1436 3016 1544 3071 ὑπὸ
1558 3012 1653 3069 τοῦ
1671 3013 1808 3068 Θεοῦ
1832 3013 2157 3068 ἀναστάντα,
2176 3012 2315 3067 »Καὶ

1260 3105 1390 3177 set];
1418 3104 1687 3176 ἐπιφέρευ
1720 3120 1741 3155 ι
1774 3101 2081 3175 Ἐγράψατέ
2111 3119 2199 3173 μοι
2222 3101 2316 3155 καὶ

1260 3196 1420 3270 ὖμεῖς
1466 3198 1563 3252 καὶ
1606 3195 1886 3266 Ἰγνάτιος,
1951 3195 2039 3248 ἵνα
2090 3194 2184 3248 ἐάν
2230 3212 2316 3258 τις

1259 3292 1568 3364 ἁπέρχηται
1597 3291 1680 3354 είς
1711 3289 1934 3361 Συρίαν,
1967 3288 2062 3341 καὶ
2085 3287 2154 3341 τὰ
2188 3290 2314 3360 παρ’

1262 3382 1416 3456 ὐμῶν
1445 3380 1761 3454 ἀποκομίσῃ
1790 3378 2116 3451 γράμματα.
2140 3379 2316 3450 Ὅπερ

1263 3474 1495 3547 ποιήσω,
1526 3472 1623 3525 ἐὰν
1655 3470 1806 3524 λάϐω
1846 3468 2036 3540 καιρὸν
2077 3465 2315 3532 εὔθετον,

1265 3563 1378 3618 εἴτε
1422 3561 1555 3633 ἐγὼ,
1596 3559 1707 3614 εἴτε
1728 3558 1787 3613 ὃν
1816 3557 2016 3629 πέμψω
2050 3556 2320 3629 πρεσϐεύ-

1270 3672 1435 3709 σοντα
1469 3654 1565 3708 καὶ
1583 3650 1713 3723 περῖ⁵
1740 3651 1771 3704 ὑ
1780 3647 1917 3721 μῶν.
1946 3669 1967 3701 ι
2001 3648 2136 3720 Lege
2153 3646 2319 3704 Nica-

1268 3756 1486 3802 puonuu
1514 3744 1610 3799 lib.
1648 3759 1734 3809 ιιι,
1761 3758 1881 3812 cap.
1915 3742 2004 3798 i9.

3352 340 3421 397 id

2613 445 2819 502 Vsssro
2849 445 2916 500 Η.
2951 446 3190 505 V’ALssn.

2380 544 2527 606 omni
2560 569 2692 609 cura
2733 569 2803 610 ac.
2822 556 3101 627 diligentia
3140 559 3294 614 illum
3334 562 3421 615 lo-

2379 657 2507 697 vere
2539 645 2717 699 vellet.
2767 636 2913 701 idem
2964 647 3020 701 in
3062 644 3291 718 epistola
3353 652 3420 704 azl

2382 730 2695 803 Smyrnzeos
2747 734 2816 788 de
2879 720 3167 792 Servatore
3226 747 3421 793 nostro

2380 817 2609 891 loquens
2631 823 2881 893 quaedam
2924 824 3043 895 ejus
3069 826 3233 881 verba
3274 828 3422 883 reci--

2380 918 2477 977 tat,
2523 928 2645 983 qua:
2690 915 2835 969 unde
2882 918 3157 987 acceperit
3201 898 3429 989 ignoro.

2380 1001 2493 1074 Ego
2515 1021 2653 1071 vero,
2684 1007 2882 1077 inquit,
2910 1019 3029 1078 post
3066 1013 3418 1065 resurrectio-

2378 1112 2496 1149 nem
2529 1095 2815 1152 Dominum
2840 1101 3011 1170 ipsum
3048 1103 3103 1155 in
3136 1120 3292 1157 carne
3322 1121 3419 1174 ap-

2378 1179 2619 1253 paruisse
2647 1186 2759 1239 scib
2785 1197 2833 1241 et
2856 1184 3029 1243 credo.
3060 1190 3166 1255 Qui
3186 1204 3308 1246 cum
3346 1192 3421 1247 ad

2378 1274 2600 1329 Petrum
2657 1287 2708 1331 et
2776 1290 2995 1335 crateras
3042 1283 3155 1352 ejus
3200 1286 3416 1341 comites

2378 1367 2702 1431 accessisset,
2750 1368 2891 1424 dixit
2928 1371 3039 1427 illis
3071 1388 3089 1425 :
3111 1374 3417 1444 Apprelten-

2379 1453 2510 1519 dite,
2546 1465 2863 1511 contrectate
2886 1475 2987 1526 me,
3012 1470 3062 1514 et
3093 1462 3256 1516 videte
3277 1459 3417 1530 quod

2381 1561 2483 1598 non
2513 1561 2631 1599 sum
2657 1546 2992 1618 incorporeus
3027 1554 3266 1623 spiritus.
3293 1554 3419 1609 Sta-

2383 1636 2578 1705 timque
2600 1652 2720 1691 eum
2755 1648 3137 1699 contrectantes
3179 1648 3418 1702 credide—

2381 1736 2526 1782 runt.
2574 1726 2751 1799 Hujus
2768 1746 2932 1801 porro
2960 1732 3152 1804 Ignatii
3182 1746 3238 1793 et
3268 1750 3417 1793 mar-

2381 1814 2583 1884 tyrium
2627 1825 2684 1872 et
2723 1819 2986 1888 epistolas
3022 1837 3418 1883 commemorat

2378 1904 2639 1982 Irena’us.
2669 1909 2775 1965 Sed
2801 1920 2854 1967 et
2883 1911 3288 1987 Polycarpusin
3317 1934 3417 1974 sua

2381 1998 2450 2053 ad
2469 1989 2843 2072 Philippenses
2857 2005 3083 2074 epistola
3100 2011 3417 2066 earumdem

2382 2091 2631 2147 meminit
2650 2094 3009 2163 epistolarum
3045 2098 3077 2150 ι’
3100 2118 3119 2151 ι
3149 2100 3415 2168 Obsecro,

2381 2182 2579 2252 inquit,
2593 2197 2691 2240 vos
2707 2199 2919 2256 omnes,
2945 2198 3005 2244 ut
3027 2193 3267 2261 parcatis
3287 2210 3420 2265 prse-

2377 2269 2571 2340 positis
2591 2273 2811 2339 vestris,
2844 2289 3172 2347 omnemque
3200 2281 3416 2350 patien-

2378 2360 2513 2416 tiam
2559 2365 2886 2432 exerceatis,
2929 2383 3095 2438 quam
3126 2373 3419 2440 spectastis

2380 2468 2491 2508 non
2541 2456 2718 2511 solum
2769 2457 2827 2512 in
2868 2458 3110 2529 Ignatio,
3165 2461 3306 2519 Rufo
3354 2480 3420 2520 ac

2380 2542 2599 2602 Zosimo
2612 2547 2748 2604 viris
2762 2548 3117 2617 beatissimis,
3136 2554 3231 2608 sed
3254 2555 3418 2610 etiam

2380 2636 2437 2692 in
2480 2638 2603 2695 aliis
2649 2639 2862 2697 civibus
2914 2654 3079 2713 atque
3132 2645 3420 2715 inquilinis

2379 2732 2595 2799 vestris,
2629 2741 2684 2787 et
2721 2733 2775 2788 in
2806 2735 2928 2805 ipso
2953 2738 3226 2808 praecipue
3249 2738 3421 2797 Paulo

2378 2823 2702 2893 ueterisque
2717 2827 2982 2895 apostolis
3002 2847 3014 2882 :
3040 2842 3141 2898 pro
3157 2839 3307 2887 certo
3320 2832 3423 2889 ba-

2380 2910 2589 2981 bentes,
2622 2917 2770 2987 quod
2792 2919 2847 2973 hi
2869 2934 3061 2977 omnes
3082 2937 3192 2977 non
3216 2923 3420 2982 frustra

2379 3016 2773 3073 cucurrerunt,
2788 3010 2882 3065 sed
2904 3010 2958 3064 in
2975 3009 3082 3065 ﬁde
3109 3027 3175 3067 ac
3209 3013 3423 3081 iustitia

2381 3098 2638 3171 ingressi,
2675 3100 2744 3154 ad
2777 3099 2959 3154 locum
2986 3102 3088 3157 sibi
3121 3119 3151 3156 a
3181 3102 3293 3158 Deo
3323 3106 3422 3160 de-

2379 3192 2558 3248 bitum
2575 3201 2960 3263 pervenerunt,
2979 3195 3422 3266 quandoquidem

2381 3289 2437 3336 et
2461 3280 2779 3352 passionum
2803 3279 2924 3350 ejus
2945 3281 3234 3351 participes
3255 3285 3426 3338 exsti-

2381 3383 2586 3431 terunt.
2637 3373 2827 3445 Neque
2857 3375 3004 3431 enim
3047 3392 3288 3447 praesens
3317 3394 3423 3435 sae-

2383 3466 2590 3532 culum,
2643 3463 2741 3520 sed
2799 3479 2925 3521 eum
2979 3467 3075 3538 qui
3117 3482 3219 3539 pro
3259 3468 3423 3525 nobis

2382 3574 2583 3630 passus
2598 3567 2653 3614 et
2678 3573 2710 3613 a
2732 3557 2844 3614 Deo
2866 3562 3166 3617 suscitatus
3191 3570 3298 3629 est,
3322 3560 3424 3618 ad-

2385 3653 2662 3701 amarunt.
2702 3664 2722 3699 ι
2756 3645 2825 3700 Ει
2862 3648 3027 3718 paulo
3058 3659 3183 3716 post
3221 3650 3372 3706 addit
3406 3664 3423 3702 :

2393 3761 2413 3794 ι
2451 3739 2763 3811 Scripsistis
2791 3743 2859 3798 ad
2884 3758 2971 3799 me
2989 3753 3042 3799 et
3068 3760 3168 3801 vos
3195 3756 3246 3802 et
3264 3746 3427 3819 lgna-

146 3856 274 3923 tius,
318 3863 387 3910 ut
432 3852 483 3909 si
521 3850 649 3922 quis
679 3843 821 3904 forte
868 3845 925 3900 in
974 3843 1192 3915 syriam
1228 3838 1701 3911 proﬁcisceretur,
1732 3842 1947 3890 vestras
1977 3833 2188 3890 litteras
2215 3850 2281 3891 eo
2309 3834 2569 3891 detonet.
2598 3831 2757 3900 Quod
2795 3837 3014 3905 quidem
3045 3838 3348 3907 perﬁciam,
3378 3841 3430 3898 si

150 3968 357 4024 tempus
386 3956 763 4021 opportunum
782 3950 976 3997 nactus
1006 3938 1185 4003 luero;
1201 3935 1290 3991 vel
1302 3949 1401 4006 ego
1424 3935 1541 4004 ipse
1553 3931 1639 4024 vel
1659 3945 1756 4001 per
1768 3927 1939 3984 alium
1965 3929 2302 4024 quempiam,
2450 3929 2503 3984 id
2515 3944 2720 4024 munus
2731 3938 2918 4024 vestra
2930 3945 3098 3986 causa
3112 3931 3388 4002 delegabo.
3402 3952 3422 3984 ι

150 4018 317 4120 Epist.
344 4018 560 4119 Ignotii
581 4043 649 4096 ad
668 4040 916 4102 Remum,
937 4049 1088 4104 capp.
1108 4032 1141 4085 4
1160 4028 1297 4096 et5;
1322 4027 1496 4099 Epist.
1515 4024 1584 4079 ad
1601 4022 1841 4093 Smyrn.,
1868 4038 1986 4092 cap.
2019 4022 2085 4087 5;
2111 4020 2282 4090 Epist.
2308 4018 2597 4091 Polycarpi
2629 4019 2702 4075 ad
2722 4019 2984 4090 Philipp,
3016 4037 3167 4093 capp.
3196 4026 3230 4081 9
3258 4036 3309 4080 et
3336 4028 3425 4082 15.

214 4254 423 4310 Verum
450 4237 507 4317 ζ’
538 4246 800 4318 quoniam
854 4228 1197 4311 impossibile

149 4347 299 4403 nobis
330 4352 422 4399 est
441 4339 695 4410 singulos
725 4346 1070 4395 enumerare,
1103 4325 1198 4395 qui

148 4448 272 4509 post
308 4431 700 4507 apostolorum
731 4425 939 4496 primas
969 4430 1200 4477 succes-

152 4529 334 4584 siones
361 4525 424 4578 in
448 4519 705 4578 ecclesiis
728 4530 852 4587 quin
886 4528 982 4585 per
1009 4511 1199 4565 orbem

152 4631 307 4675 teme
322 4624 481 4681 sunt,
495 4612 584 4668 vel
604 4606 904 4682 principes,
926 4603 1013 4658 vel
1034 4616 1202 4657 evan-

149 4711 356 4783 gelista:
383 4706 635 4771 fuerunt,
665 4701 754 4757 vel
776 4706 1060 4770 pastores;
1078 4692 1203 4783 illos

149 4781 545 4859 tantummodo
574 4801 1042 4853 commemorasse
1084 4781 1204 4840 suf-

149 4895 320 4960 ﬁciat,
337 4905 583 4964 quorum
602 4883 760 4941 libris
782 4882 989 4937 inserta
1011 4876 1079 4932 ad
1105 4890 1204 4930 nos

150 5002 329 5058 usque
354 4982 485 5040 ﬁdei
512 4988 569 5035 et
585 4970 994 5050 praedicationis
1026 4964 1207 5022 moui-

151 5093 339 5139 menta
393 5090 633 5141 venere;
678 5081 743 5127 ut
796 5064 1097 5125 Clementis
1152 5070 1208 5117 et

154 5174 350 5247 lgnatii
381 5176 840 5233 caeterorumque,
858 5164 1094 5229 quorum
1112 5168 1205 5210 suo

155 5268 345 5339 perius
375 5263 616 5320 fecimus
641 5254 1000 5313 mentionem.

232 5546 438 5606 lustini
498 5555 722 5616 quoque
781 5533 1082 5606 martyris,
1157 5534 1209 5581 et

158 5641 355 5710 Ignatii
389 5636 727 5692 mentionem
751 5628 885 5684 facit
901 5622 1209 5696 (Irenteus),

1380 4141 1534 4207 Inest,
1583 4139 1741 4207 ibid.,
1765 4154 1917 4210 capp.
1949 4137 2039 4201 '57,
2070 4135 2159 4192 58.

1337 4232 1629 4287 Ἀδυνάτου
1660 4232 1705 4285 δ’
1730 4231 1886 4295 ὄντος
1915 4221 2046 4302 ἡμῖν
2078 4229 2324 4293 ἅπαντας

1267 4316 1327 4390 ἐξ
1383 4325 1649 4397 ὀνόματος
1704 4319 2153 4394 ἀπαριθμεῖσθαι,
2209 4320 2322 4373 ὅσοι

1268 4420 1401 4473 ποτὲ
1423 4417 1565 4473 κατὰ
1592 4418 1693 4489 τὴν
1717 4409 1942 4488 πρώτνην
1965 4412 2073 4467 τῶν
2099 4412 2325 4466 ἀποστό-

1267 4511 1375 4565 λων
1427 4508 1678 4580 διαδοχὴν
1730 4509 1789 4561 ἐν
1836 4508 1959 4570 ταῖς
2016 4502 2160 4559 κατὰ
2221 4502 2322 4574 τὴν

1269 4601 1593 4673 οἰκουμένην
1609 4598 1927 4671 ἐκκλησίαις
1941 4594 2194 4665 γεγόνασι
2205 4610 2324 4647 ποι-

1275 4695 1435 4768 μένες
1462 4693 1497 4765 ἢ
1533 4692 1630 4746 καὶ
1667 4688 2080 4760 εὐαγγελισταὶ,
2118 4684 2323 4739 τούτων

1272 4786 1499 4848 εἰκότως
1538 4784 1598 4851 ἐξ
1632 4783 1897 4854 ὀνόματος
1926 4781 2112 4851 γραφῇ
2147 4776 2323 4848 μόνων

1272 4876 1369 4946 τὴν
1405 4877 1626 4948 μνήμην
1664 4868 2122 4942 κατατεθείμεθα,
2147 4856 2222 4920 ὧν
2242 4866 2324 4919 ἔτι

1274 4968 1367 5022 καὶ⁵
1396 4965 1491 5020 νῦν
1518 4967 1599 5028 είς
1636 4966 1788 5037 ἡμᾶς
1814 4963 1880 5016 δι’
1914 4956 2325 5032 ὑπομνημάτων

1272 5060 1374 5131 τῆς
1395 5056 1757 5125 άποστολικῆς
1784 5050 2125 5113 διδασκαλίας
2149 5050 2183 5120 ἡ
2221 5055 2327 5101 πα-

1278 5151 1494 5224 ράδοσις
1517 5148 1757 5220 φέρεται⁸
1805 5144 1994 5214 ὥσπερ
2020 5136 2113 5194 οὖν
2134 5137 2326 5209 ἀμέλει

1277 5241 1373 5297 τοῦ
1416 5240 1676 5309 Ἱγνατίου
1718 5239 1777 5290 ἐν
1825 5230 1911 5298 αἷς
1958 5230 2325 5301 κατελέξαμεν

1284 5334 1614 5395 ἐπιστολαῖς.

1412 5426 1564 5492 loss,
1592 5423 1748 5488 ibid.,
1771 5421 1864 5475 lib.
1882 5436 1937 5486 ν,
1963 5436 2077 5490 cap.
2107 5418 2157 5472 8.—

1361 5519 1484 5572 Ἔτι
1521 5516 1616 5570 καὶ
1663 5513 1952 5567 Ἱουστίνου
1987 5510 2083 5565 τοῦ
2127 5508 2329 5581 μάρτυ-

1289 5628 1380 5684 ρος
1393 5611 1487 5665 καὶ
1508 5606 1762 5676 Ἰγνατίου
1783 5605 2002 5674 μνήμην
2014 5599 2327 5671 πεποίηται,

1288 5707 1612 5782 μαρτυρίαις
1632 5697 1787 5765 αὖθις
1816 5700 1912 5754 καὶ
1938 5698 2046 5752 ἀπὸ
2071 5696 2179 5750 τῶν
2204 5697 2329 5749 τού-

1282 5819 1394 5867 τοις
1414 5797 1729 5872 γραφέντων
1763 5791 2119 5867 κεχρημένος.

2464 4230 2732 4288 Caeterum
2765 4247 2889 4286 cum
2929 4232 3049 4287 ﬁeri
3095 4235 3244 4291 nullo
3268 4236 3430 4293 modo

2390 4324 2586 4392 possit,
2616 4333 2676 4378 ut
2704 4324 2953 4396 singulos
2975 4326 3300 4382 nominatim
3335 4343 3427 4383 re-

2390 4429 2736 4484 censeamus,
2766 4426 3038 4488 quotquot
3084 4420 3276 4488 primis
3321 4421 3430 4478 illis

2390 4501 2701 4570 apostolicae
2749 4503 3118 4560 successionis
3164 4509 3431 4575 tempori-

2390 4593 2494 4649 bus
2553 4609 2653 4664 per
2699 4609 2892 4650 omnes
2951 4595 3102 4651 orbis
3161 4605 3429 4653 terrarum

2390 4679 2654 4735 ecclesias
2678 4680 2952 4736 antistites
2973 4691 3069 4736 aut
3088 4682 3434 4752 evangelista:

2392 4774 2615 4831 fuerunt
2646 4794 2660 4830 :
2695 4790 2888 4831 eorum
2919 4775 3185 4831 duntaxat
3211 4778 3430 4832 nomina

2394 4867 2483 4924 hic
2557 4882 2997 4924 commemorare
3086 4869 3381 4924 statuimus
3415 4911 3430 4933 ,

2394 4954 2632 5028 quorum
2681 4967 3038 5015 monumenta
3076 4961 3431 5031 apostolicam

2396 5047 2614 5103 illorum
2646 5048 2950 5104 doctrinam
2977 5051 3306 5105 continentia
3337 5055 3435 5104 ad-

2397 5138 2505 5194 huc
2543 5146 2858 5207 supersunt,
2883 5138 3035 5193 verbi
3061 5138 3254 5210 gratia,
3278 5140 3436 5210 lgna-

2395 5229 2482 5299 tii,
2513 5245 2654 5300 quas
2684 5229 3063 5285 recensuimus
3099 5230 3363 5299 epistolae.

2471 5503 2742 5562 Praeterea
2808 5504 3007 5560 Justini
3066 5500 3320 5573 martyris
3383 5505 3436 5554 et

2403 5595 2589 5668 lgnatii
2612 5598 2940 5653 mentionem
2971 5594 3119 5657 facit,
3149 5610 3214 5649 ex
3246 5607 3434 5646 eorum

2405 5691 2622 5762 scriptis
2654 5689 2967 5747 testimonia
2991 5684 3273 5758 proferens
