3868 6208
505 350 577 407 l5
1558 349 1615 405 s.
1657 311 2003 404 tGNATIUS.
2039 373 2077 380 —

2184 316 2673 396 ROLECOMES’A.
3692 329 3767 382 to

2047 464 2053 469 ’
2087 456 2174 509 γι.
3054 458 3059 465 '

640 588 1005 650 A'rmmsms,
1038 579 1210 651 Epist.
1234 576 1300 632 de
1330 573 1566 646 Synodis
1590 572 1825 628 Arimini
1846 582 1901 626 ct
1931 570 2077 695 ξειοι

1006 690 1011 693 ς
1842 660 1942 713 par
1972 683 1984 695 .
2030 659 2077 695 ιιι

2182 585 2217 632 3.
2436 561 2523 617 47.
2570 561 2652 615 Ea:
2684 559 2811 614 edit.
2845 556 2960 614 BB.
3006 555 3184 611 Paris.
3219 553 3379 621 1698,
3407 550 3607 618 tomzl,

2182 656 2245 709 ig.
2332 658 2335 659 ν
2394 676 2407 690 .
3258 670 3266 679 .

566 770 808 840 lgnatius
847 779 995 823 certe
1024 782 1118 837 qui
1150 773 1273 835 post
1311 769 1504 833 aposto
1527 775 1591 816 os
1626 758 1931 814 Antiochiae
1957 758 2072 829 epi-
2103 764 2149 819 Α

498 878 703 932 scopas
724 859 1061 918 constitutus
1082 864 1185 921 est,
1218 855 1445 924 ipseque
1476 861 1687 922 martyr
1719 848 1926 905 Christi
1947 846 2072 911 fuit,

497 958 564 1011 de
590 954 822 1009 Domino
845 950 1093 1007 scribens
1110 947 1279 1002 dixit:
1317 944 1464 999 Unus
1483 944 1716 998 medicus
1738 952 1813 997 est
1844 941 2078 996 carnalis

495 1056 545 1101 et
572 1042 895 1116 spiritualis,
920 1041 1094 1111 factus
1116 1049 1167 1093 et
1200 1054 1305 1092 non
1344 1036 1543 1106 factus,
1577 1035 1631 1089 in
1663 1034 1871 1088 homine
1911 1032 2077 1097 Deus,

498 1141 555 1193 in
588 1146 753 1190 morte
775 1136 880 1189 vita
904 1149 1044 1198 vera,
1071 1140 1120 1185 et
1151 1145 1216 1183 ex
1242 1127 1419 1181 Maria
1442 1136 1491 1180 et
1514 1142 1578 1180 ea:
1603 1126 1804 1179 Deo....
1838 1122 1996 1190 Quod
2027 1125 2072 1180 si

499 1227 652 1298 gnari
680 1239 871 1281 eorum
899 1222 952 1276 iu
983 1220 1206 1276 Christo
1240 1217 1387 1280 lidci,
1435 1226 1763 1286 pereuasum
1807 1216 2074 1269 habemus

500 1320 719 1374 beatum
763 1316 928 1371 etiam
953 1313 1220 1385 lgnatium
1246 1318 1391 1366 recte
1422 1308 1729 1379 scripsisse,
1761 1322 1885 1361 cum
1916 1307 2068 1361 illum

499 1412 682 1467 carnis
702 1424 868 1464 causa
897 1404 1097 1460 factum
1124 1402 1261 1457 dixit
1280 1400 1554 1473 (Chrisws
1575 1399 1721 1453 enim
1736 1412 1864 1452 caro
1897 1395 2076 1452 factus

498 1503 624 1575 est),
656 1512 843 1557 etnon
884 1500 1110 1562 factum,
1142 1495 1272 1567 quia
1307 1510 1417 1548 non
1456 1508 1523 1547 ex
1548 1490 1784 1561 opiﬁciis
1826 1498 1883 1543 et
1908 1490 2073 1544 rebus

498 1595 700 1660 lactus,
746 1592 840 1648 sed
884 1590 1059 1645 Eilius
1081 1603 1147 1642 ex
1183 1585 1364 1649 Patre,
1395 1592 1500 1638 etc.
1537 1581 1709 1652 Epist.
1755 1580 1824 1633 ad
1851 1577 2074 1646 Ephes.,

500 1704 614 1756 cap.
644 1685 695 1739 7.

2260 750 2519 821 Ἰγνάτιος
2560 745 2688 813 οὖν,
2740 750 2768 802 ὁ
2808 745 2950 819 μετά
2989 748 3116 813 τοὺς
3152 747 3484 811 ἀποστόλους
3527 748 3587 799 ἐν
3654 746 3751 799 Ἀν
3778 781 3791 788 -

2178 844 2386 915 τιοχεία
2415 839 2774 903 κατασταθεὶς
2797 840 3093 903 ἐπίσκοπος
3121 841 3216 893 καὶ
3266 839 3476 911 μάρτυς
3505 837 3603 890 τοῦ
3629 828 3746 908 Χρι
3765 860 3793 872 ο

2182 936 2308 990 στοῦ
2338 934 2649 1004 γενόμενος,
2678 931 2904 1003 γράφων
2934 931 3061 1003 περὶ
3086 930 3182 984 τοῦ
3214 930 3422 1002 Κυρίου
3442 969 3458 994 ,
3505 929 3737 1000 εἴρηκεν
3762 946 3773 957 ·

2181 1031 2285 1095 Εἷς
2326 1027 2522 1094 ἱατρός
2540 1025 2671 1078 ἐστι
2703 1022 2990 1091 σαρκικὸς
3020 1024 3115 1075 καὶ
3149 1020 3568 1091 πνευματικὸς,
3595 1037 3769 1090 γενη-

2180 1120 2282 1185 τὸς
2315 1119 2411 1172 καὶ
2444 1114 2755 1187 ἀγένητος,
2794 1115 2865 1169 ἐν
2888 1114 3176 1183 ἀνθρώπῳ
3222 1114 3386 1180 Θεὸς,
3436 1113 3507 1167 ἐν
3532 1112 3775 1175 θανάτῳ

2179 1211 2292 1279 ζωὴ
2324 1208 2612 1279 ἀληθινὴ,
2643 1209 2741 1262 καὶ
2775 1209 2844 1261 ἐκ
2874 1208 3107 1276 Μαρίας
3128 1208 3222 1260 καὶ
3244 1207 3313 1260 ἐκ
3342 1205 3587 1260 86013....
3622 1205 3690 1255 Et
3714 1202 3773 1255 δὲ

2179 1305 2277 1375 τὴν
2296 1306 2355 1356 ὲν
2369 1301 2594 1375 Χριστῷ
2614 1302 2795 1354 πίστιν
2810 1299 2988 1353 αὐτῶν
3003 1299 3379 1369 γινώσκοντες,
3398 1294 3774 1365 πεπείσμεθα,

2181 1398 2262 1452 ὅτι
2295 1398 2391 1452 καὶ
2420 1395 2741 1468 ὁμακάριος
2785 1392 3043 1462 Ἰγνάτιος
3099 1392 3276 1464 ὀρθῶς
3323 1391 3551 1463 ἔγραψε,
3597 1406 3773 1458 γενη-

2181 1490 2271 1543 τδν
2304 1488 2467 1543 αὑτὸν
2494 1487 2667 1555 λέγων
2706 1484 2792 1537 διὰ
2819 1485 2919 1554 τὴν
2953 1484 3148 1554 σάρκα·
3174 1485 3202 1535 ὁ
3236 1482 3347 1555 γὰρ
3370 1483 3606 1555 Χριστὸς
3631 1480 3784 1551 σὰρξ

2184 1582 2418 1650 ἐγένετο’
2455 1579 2718 1649 ἀγένητον
2754 1577 2831 1643 δὲ,
2856 1577 2937 1629 ὅτι
2971 1576 3044 1646 μὴ
3074 1574 3181 1627 τῶν
3204 1575 3523 1645 ποιημάτων
3550 1574 3649 1626 καὶ
3674 1590 3774 1639 γε-

2183 1673 2359 1745 νητῶν
2386 1675 2555 1738 ἐστιν,
2588 1669 2699 1724 ἀλλ’
2719 1669 2840 1733 Υἱὸς
2871 1669 2934 1721 ἐκ
2964 1666 3197 1737 Πατρδς,
3223 1683 3274 1718 κ.
3300 1683 3349 1719 τ.
3380 1665 3429 1719 λ.

2084 1798 2193 1854 νη.

994 1922 1362 1982 ιιιεκσκτιιυε,
1395 1915 1489 1970 lib.
1519 1912 1596 1969 De
1623 1912 1758 1968 viris
1784 1912 2069 1981 illustrib.,
2097 1929 2214 1983 cap.
2242 1913 2334 1978 l6,
2369 1930 2489 1968 cum
2522 1921 2689 1968 vetere
2710 1910 3051 1966 INTRRPRETE
3076 1910 3296 1967 Gazaca.

574 2071 813 2143 lgnatius
838 2067 1189 2123 Antiocheam
1203 2062 1458 2121 Ecclesiae
1491 2060 1683 2116 tertius
1708 2067 1830 2131 post
1854 2058 2075 2113 Petrum

2265 2059 2521 2130 Ἰγνάτιος
2545 2059 2649 2129 τῆς
2671 2060 2728 2111 ἐν
2775 2057 3072 2130 Ἀντιοχείᾳ
3108 2058 3432 2132 Ἐκκλησίας
3460 2060 3645 2130 τρίτος
3678 2077 3779 2129 με-

502 2164 811 2235 apostolum
857 2160 1175 2230 episcopus,
1231 2160 1611 2212 commovente
1637 2149 2075 2222 persecutionem

501 2258 1074 2327 Trajane,~damnatus
1102 2250 1169 2307 ad
1200 2245 1685 2312 bestias,'Romam
1710 2244 1931 2298 vinctus
1958 2241 2079 2297 mit-

500 2350 914 2419 tithuanue
946 2345 1211 2414 navigans
1243 2341 1533 2412 Smyrnam
1558 2337 1820 2401 venisset,
1846 2334 1937 2390 ubi
1970 2332 2049 2388 Po

500 2447 759 2515 lycarpus
815 2439 1036 2494 auditor
1054 2435 1291 2490 Joannis
1324 2430 1615 2500 episcopus
1665 2436 1802 2491 erat,
1855 2422 2077 2495 scripsit

500 2550 669 2593 unam
713 2531 1002 2603 epistolam
1035 2529 1103 2584 ad
1133 2524 1427 2596 Ephesios,
1482 2522 1711 2577 alteram
1738 2519 1810 2573 ad
1855 2516 2076 2588 Magne-

501 2632 712 2695 sianos,
735 2626 955 2682 tertiam
988 2621 1057 2677 ad
1090 2618 1428 2681 Trallenses,
1458 2621 1709 2684 quartam
1761 2610 1828 2665 ad
1881 2608 2075 2663 Roma-

499 2741 605 2782 nos
636 2743 649 2778 :
677 2731 733 2778 et
759 2721 888 2775 inde
903 2715 1188 2789 egrediens
1219 2709 1440 2780 scripsit
1478 2707 1546 2761 ad
1568 2702 1987 2773 Philadelpheos
2022 2708 2077 2757 et

499 2817 570 2872 ad
602 2813 936 2884 Smymaaos,
964 2818 1022 2863 et
1044 2804 1262 2877 proprie
1290 2802 1357 2857 ad
1381 2800 1764 2870 Polycarpum,
1796 2808 2077 2884 commeo--

500 2909 638 2964 dans
672 2883 749 2959 illi
796 2900 1218 2956 Antiochensem
1259 2892 1549 2951 Eeclesiam
1596 2906 1614 2941 :
1650 2889 1704 2943 in
1747 2902 1858 2958 qua
1902 2894 1957 2940 et
2007 2883 2076 2941 de

500 2996 796 3066 Evangelia
830 2991 977 3064 quod
1028 3003 1205 3059 nuper
1226 3001 1258 3041 a
1284 3000 1372 3041 me
1395 2982 1720 3038 translatum
1757 2987 1863 3045 est,
1909 2991 2076 3048 super

500 3104 735 3163 persona
792 3082 1003 3141 Christi
1053 3081 1211 3153 ponit
1264 3076 1660 3139 testimonium,
1724 3071 1917 3127 dicens
1982 3070 2075 3143 (ad

504 3185 724 3254 Smyrn.
754 3193 875 3249 cap.
911 3175 968 3249 '5)
999 3192 1058 3228 ιι
1094 3172 1208 3244 Ege
1228 3179 1435 3226 veroet
1463 3176 1589 3239 post
1615 3165 2073 3222 resurrectionem

501 3278 558 3331 in
597 3288 765 3328 carne
789 3284 915 3326 eum
945 3266 1078 3332 vidi,
1114 3273 1170 3321 et
1216 3262 1384 3319 credo
1419 3259 1553 3330 quia
1588 3259 1678 3315 sit.
1737 3257 1805 3312 Et
1855 3256 2078 3327 quando

500 3363 1058 3426 venitadPetrum,et
1073 3357 1142 3413 ad
1156 3372 1251 3411 eos
1278 3354 1375 3425 qui
1401 3351 1901 3416 eaanetroeraut,
1939 3351 2074 3406 dixit
2100 3396 2143 3454 ε

503 3461 585 3515 eis
612 3500 626 3514 .
658 3456 805 3511 Ecce
827 3452 1041 3525 palpate
1064 3464 1152 3504 me
1178 3455 1234 3503 et
1262 3446 1461 3512 videte,
1492 3444 1619 3513 quia
1650 3457 1759 3497 non
1803 3455 1924 3498 sum
1964 3441 2077 3496 da:-

506 3551 750 3607 mesxium
794 3542 1160 3615 incorporale.
1184 3540 1256 3594 Et
1283 3539 1469 3594 statim
1515 3536 1809 3604 tetigerunt
1835 3549 1985 3599 eum,
2022 3540 2077 3587 ct

503 3641 872 3698 crediderunt.
906 3655 927 3689 ι
955 3633 1189 3704 Dignum
1238 3638 1424 3684 autem
1474 3627 1710 3688 videtur,
1760 3624 1891 3694 quia
1942 3622 2078 3677 tanti

503 3738 608 3793 viri
634 3735 865 3792 fecimus
892 3729 1250 3787 mentionem,
1299 3732 1356 3780 et
1389 3723 1456 3778 de
1497 3720 1727 3791 epistola
1767 3718 1887 3787 ejus
1911 3730 2079 3787 quam

506 3831 575 3885 ad
605 3828 887 3883 llonnanos
914 3821 1059 3892 (cap.
1076 3820 1133 3888 5)
1161 3815 1353 3873 scribit
1381 3813 1476 3884 (at.
1511 3809 1758 3881 scripsit)
1780 3823 1960 3879 pauca
1975 3821 2077 3878 po-

506 3935 637 3976 nere
669 3937 681 3972 :
732 3915 805 3970 De
826 3913 982 3983 Syria
1012 3924 1175 3979 usque
1194 3906 1263 3961 ad
1296 3904 1516 3959 Romam
1545 3918 1717 3973 pugno
1744 3900 1814 3955 ad
1843 3900 2036 3954 bestias
2055 3938 2072 3965 ,

506 4017 563 4067 in
591 4011 727 4065 mari
753 4008 875 4062 etin
900 4014 1063 4069 terra,
1078 4011 1185 4056 etc.
1211 3996 1461 4068 Cumque
1484 3994 1599 4064 jam
1620 3993 1912 4047 damnatus
1934 3998 2079 4046 esset

506 4106 577 4161 ad
609 4103 834 4167 bestias,
887 4097 1084 4154 ardore
1105 4088 1369 4163 patiendi,
1399 4101 1525 4142 cum
1555 4085 1834 4155 rugientes
1865 4083 2080 4137 audiret

510 4199 717 4263 leones,
773 4193 889 4249 ait:
918 4187 1270 4242 Frumentum
1311 4179 1515 4236 Christi
1551 4192 1691 4239 sum,
1723 4175 1963 4229 dentibus
1995 4174 2081 4228 be-

2176 2152 2246 2206 τὰ
2283 2153 2489 2224 Πέτρον
2518 2151 2611 2206 τὸν
2644 2150 2942 2205 ἀπόστολον
2965 2152 3284 2215 ἐπίσκοπος,
3319 2153 3558 2222 διωγμὸν
3616 2154 3782 2222 κινή-

2178 2256 2368 2303 σαντος
2398 2237 2690 2310 Τραϊανοῦ,
2728 2237 3127 2310 θηριομαχῆσαι
3152 2240 3479 2305 κελευσθεὶς,
3510 2244 3591 2304 εἰς
3632 2242 3778 2293 Ῥώ-

2180 2349 2286 2404 μην
2327 2332 2599 2386 στέλλεται
2643 2331 2890 2402 δέσμιος.
2936 2333 3121 2386 Πλέων
3172 2333 3251 2397 δὲ,
3302 2332 3394 2386 καὶ
3433 2334 3667 2396 ἐπιστὰς
3706 2337 3779 2404 τῇ

2177 2422 2420 2495 Σμύρνῃ,
2469 2424 2527 2477 ἐν
2661 2422 3018 2495 Πολύκαρπος
3048 2423 3324 2495 ἀκροατὴς
3367 2424 3613 2476 Ἰωάννου
3649 2427 3779 2477 srri—

2178 2533 2377 2580 σκοπος
2404 2512 2493 2588 ἦν,
2527 2516 2733 2589 ἔγραψε
2775 2517 2913 2589 πρὸς
2947 2517 3229 2586 Ἐφεσίους
3278 2515 3570 2587 ἐπιστολὴν
3607 2518 3778 2588 μίαν,

2175 2609 2341 2680 ἄλλην
2375 2610 2510 2679 πρὸς
2527 2610 3173 2681 Μαγνησιανοὺς,τρίτην
3192 2598 3341 2679 ’πρὸς
3371 2609 3777 2678 Τραλλιανοὺς,

2174 2701 2445 2772 τετάρτην
2488 2701 2626 2773 πρὸς
2667 2699 3000 2770 Ῥωμαίους·
3046 2699 3302 2755 κάκεῖθεν
3353 2698 3511 2765 ἐξιὼν
3560 2700 3779 2769 ἔγραψε

2175 2790 2579 2859 Φιλαδελφεῦσι,
2603 2791 2698 2844 καὶ
2720 2790 3066 2861 Σμυρναίοις,
3108 2791 3202 2844 καὶ
3235 2788 3415 2853 tame;
3430 2789 3568 2859 πρὸς
3596 2789 3778 2841 Πολύ-

2175 2898 2411 2955 καρπον,
2445 2881 2880 2952 παρατιθέμενος
2912 2880 3063 2950 αὑτῷ
3095 2881 3196 2950 τὴν
3237 2882 3295 2933 ἐν
3340 2880 3639 2950 Ἀντιοχείᾳ
3659 2879 3791 2932 Ἐκ*

2176 2972 2437 3044 κλησίαν”
2487 2973 2545 3026 ἐν
2578 2966 2613 3047 ᾗ
2644 2972 2738 3026 καὶ
2770 2972 2900 3043 περὶ
2929 2972 3021 3025 τοῦ
3058 2970 3386 3040 Εὑαγγελίου
3431 2971 3526 3023 τοῦ
3572 2974 3777 3043 πρώην

2181 3065 2649 3137 μεταφρασθέντος
2663 3065 2834 3135 (deest
2856 3066 2946 3118 ὑπ’
2971 3064 3152 3135 ἐμοῦ),
3174 3066 3238 3117 ὲκ
3260 3064 3551 3135 προσώπου
3592 3065 3777 3134 Ἰησοῦ

2176 3158 2414 3232 Χριστοῦ
2438 3157 2660 3230 μνήμην
2690 3160 2941 3219 ποιεῖται,
2974 3157 3163 3225 λέγων·
3192 3176 3209 3207 ι
3246 3155 3386 3224 Ἐγὼ
3413 3156 3469 3208 δὲ
3500 3157 3596 3209 καὶ
3630 3158 3778 3227 μετὰ

2178 3251 2278 3321 τὴν
2294 3249 2590 3303 ἀνάστασιν
2612 3250 2671 3302 ἐν
2695 3248 2904 3319 σώματι
2942 3248 3102 3301 αὑτὸν
3123 3243 3282 3312 εἶδον,
3301 3246 3395 3301 καὶ
3416 3250 3660 3302 πιστεύω
3688 3250 3781 3305 ἃει

2177 3345 2315 3399 ἐστί.
2343 3344 2454 3398 Καὶ
2490 3343 2580 3397 ὅτε
2605 3339 2767 3415 ἦλθεν
2795 3344 2932 3415 πρὸς
2958 3343 3187 3414 Πέτρον,
3212 3343 3305 3395 καὶ
3331 3343 3458 3406 τοὺς
3490 3344 3586 3396 σὺν
3615 3344 3777 3415 αὐτῴ

2174 3438 2355 3505 ὄντας,
2375 3434 2528 3493 εἷπεν
2544 3438 2749 3500 αὐτοῖς·
2773 3435 3147 3508 Ψηλαφήσατέ
3177 3452 3244 3507 με
3273 3435 3448 3505 (deest
3464 3436 3560 3491 καὶ
3584 3437 3774 3502 ῐδετε),

2176 3529 2369 3584 bri.th
2382 3532 2499 3600 ειμι
2513 3528 2787 3599 δαιμόνιον
2800 3522 3109 3597 σωματικόν
3124 3528 3286 3598 (male
3298 3528 3424 3599 legit
3447 3529 3774 3600 corporale).

2168 3622 2291 3675 ’Καὶ
2324 3620 2526 3686 εὐθέως
2564 3620 2805 3689 ἅψαντες
2835 3618 3033 3683 αὐτοῦ,
3076 3620 3403 3672 ἐπίστευσαν
3438 3618 3532 3690 (al.
3561 3620 3781 3689 ἥψαντο

2181 3713 2369 3779 αὑτοῦ,
2396 3714 2538 3783 καί).
2582 3732 2599 3763 ι
2640 3711 2821 3778 Ἀξιον
2846 3711 2903 3764 δὲ
2961 3711 3230 3780 φαίνεται,
3265 3711 3496 3781 ἐπείπερ
3524 3712 3779 3765 τοιούτου

2180 3805 2375 3878 ἀνδρὸς
2406 3804 2751 3876 πεποιήμεθα
2779 3805 3018 3875 μνήμην,
3048 3805 3114 3856 ἐκ
3146 3804 3245 3875 τῆς
3281 3803 3572 3873 ἐπιστολῆς
3598 3804 3774 3856 αὑτοῦ

2180 3898 2279 3968 τῆς
2301 3898 2439 3969 πρὸς
2471 3895 2770 3968 Ῥωμαίους
2792 3896 3095 3967 γραφείσης
3139 3894 3296 3963 ὀλίγα
3326 3894 3598 3947 ἐκθέσθαι.
3629 3894 3773 3947 Ἀπὸ

2186 3990 2404 4057 Συρίας
2435 3988 2572 4058 ἄχρι
2622 3986 2845 4056 Ῥώμης
2876 3983 3213 4055 θηριομαχῶ
3249 3986 3320 4040 ἐν
3341 3986 3621 4055 θαλάσσῃ
3667 3987 3771 4039 κιεέ

2191 4081 2262 4134 ἐν
2293 4079 2390 4150 γῇ,
2444 4097 2498 4133 κ.
2532 4096 2582 4132 τ.
2617 4077 2666 4130 λ.
2699 4076 3070 4148 Κατακριθεὶς
3097 4076 3279 4129 τοίνυν
3332 4076 3769 4148 θηριομαχῆσαι,

2128 4186 2133 4189 ·
2184 4172 2277 4226 καὶ
2300 4170 2450 4241 πόθῳ
2478 4168 2573 4222 τοῦ
2592 4168 2807 4232 παθεῖν,
2837 4166 3074 4232 ἀκούσας
3092 4167 3186 4220 τοῦ
3216 4167 3460 4238 βρυγμοῦ
3483 4167 3591 4220 τῶν
3617 4167 3774 4221 λεόν-

506 4259 732 4345 stiarum
760 4284 950 4345 molar,
973 4289 1030 4335 ut
1050 4277 1204 4349 panis
1230 4274 1455 4329 mundus
1493 4269 1747 4324 inveniar.
1777 4266 1983 4322 Passus
2001 4275 2077 4322 est

2185 4280 2314 4327 των,
2349 4260 2664 4332 ἐφη·Σῖτος
2693 4260 2898 4329 Ἰησοῦ
2927 4259 3185 4327 Χριστοῦ
3217 4261 3353 4329 εἰμι.
3388 4261 3483 4313 καὶ
3516 4260 3770 4329 εὔχομαι

507 4397 653 4438 anno
688 4377 977 4436 undecimo
997 4368 1238 4442 Trajani.

2186 4354 2310 4417 τοῖς
2329 4352 2537 4406 ὀδοῦσι
2569 4353 2688 4405 τῶν
2708 4351 2925 4419 θηρίων
2947 4348 3310 4417 ἀλησθῆνιιι,
3336 4350 3437 4403 ἵνα
3458 4350 3637 4418 ἄρτος
3664 4367 3772 4403 κα-

2120 4462 2165 4516 ι)
2190 4445 2368 4515 θαρὸς
2394 4442 2631 4513 εὑρεθῶ.
2656 4441 2863 4495 Ἐπαθε
2884 4439 3095 4510 δεκάτῳ
3123 4439 3230 4492 ἔτει
3259 4440 3551 4510 Τραῑανοῦ.

617 4598 750 4668 Lege
798 4593 1158 4648 Fascuaruuu
1191 4591 1323 4636 tam.
1362 4578 1444 4645 ll,
1480 4578 1575 4632 tib.
1604 4594 1667 4642 It,
1705 4594 1822 4648 cap.
1856 4578 1944 4644 ll,
1976 4587 2026 4631 et
2072 4576 2077 4630 J

2008 4664 2070 4700 ca

2182 4592 2360 4703 Ignium
2401 4579 2977 4640 Aucusronuueuseu,
3028 4575 3104 4632 De
3134 4578 3393 4633 luminar.
3444 4576 3654 4633 Eccles.

2182 4670 2185 4699 ι
2235 4689 2249 4704 .

942 4809 1095 4874 Inest,
1126 4804 1221 4858 lib.
1254 4802 1534 4858 Adversus
1568 4800 2064 4867 llelvidium,msm.
2092 4800 2179 4855 ιτ.
2214 4799 2298 4854 Ex
2318 4800 2444 4853 edit.
2481 4761 2670 4853 Verou.
2706 4807 2833 4851 tom.
2862 4794 2927 4861 η,
2964 4803 3086 4863 pag:
3114 4786 3244 4851 225,
3268 4787 3310 4840 ο

3292 4787 3309 4803 Ἰ

579 4925 837 4997 Nunquid
880 4938 991 4978 non
1016 4935 1242 4992 possum
1280 4918 1391 4974 tibi
1419 4927 1587 4975 totam
1616 4926 1863 4972 veterum
1908 4918 2241 4988 scriptorum
2278 4916 2476 4971 seriem
2502 4925 2890 4971 commovere:
2922 4905 3213 4977 lgnatium,
3239 4899 3623 4970 Polycarpum,
3659 4895 3777 4949 ΙΓρ-

505 5036 711 5085 nasum,
741 4989 1033 5074 Justinum—
1056 5024 1375 5085 martyrem,
1409 5010 1726 5080 multosque
1778 5007 1919 5065 alios
1961 5008 2299 5080 apostolicos
2325 5016 2381 5063 et
2402 5007 2720 5076 eloquentes
2749 5003 2920 5065 viros,
2949 4998 3042 5068 qui
3094 4995 3359 5049 adversus
3404 4989 3674 5045 Ebionem
3720 5000 3777 5043 rt

506 5084 852 5169 Theodotum
882 5107 1283 5181 Byzantiumet
1303 5105 1680 5173 Valentinum,
1705 5107 1821 5161 haec
1843 5107 2032 5161 eadem
2062 5106 2361 5161 sentientes
2392 5104 2555 5176 plena
2582 5098 2865 5171 sapientiae
2897 5092 3178 5152 volumina
3203 5084 3699 5156 conscripserunt?

1510 5245 1661 5312 locis,
1699 5246 1794 5301 lib.
1834 5263 1850 5300 ι
1881 5246 2256 5303 Commentar.
2288 5249 2343 5303 in
2376 5246 2566 5302 Matth.
2602 5261 2640 5312 ι,
2668 5242 2755 5298 18.

581 5388 783 5461 Martyr
819 5386 1064 5459 Ignatius
1094 5387 1260 5441 etiam
1288 5395 1540 5456 quartam
1577 5385 1785 5440 addidit
1809 5401 2055 5452 causam,
2089 5403 2187 5441 cur
2217 5402 2247 5440 a
2275 5385 2603 5454 desponsata
2635 5388 2935 5450 conceptus
2964 5376 3036 5431 sit
3057 5366 3384 5442 (Christus)
3412 5382 3425 5418 :
3453 5372 3514 5418 ut
3546 5374 3764 5433 partus,

512 5481 787 5549 inquiens,
821 5479 945 5550 ejus
979 5476 1248 5533 celaretur
1279 5475 1534 5543 diabolo;
1564 5476 1694 5530 dum
1730 5490 1855 5530 cum
1889 5483 2066 5545 putat,
2104 5489 2212 5528 non
2254 5472 2327 5527 de
2360 5472 2607 5543 virgine,
2637 5471 2731 5525 sed
2777 5470 2845 5524 de
2879 5481 3051 5524 uxore
3083 5471 3423 5537 generatum.
3464 5462 3655 5537 Episl._
3691 5466 3765 5516 ad

520 5577 708 5646 Eplics.
744 5594 863 5647 cap.
900 5575 986 5630 l9.

586 5691 717 5747 Vide
768 5692 1013 5763 ejusdem
1060 5687 1373 5761 Hieronymi
1415 5686 1787 5743 testimonium
1834 5685 1907 5741 de
1936 5684 2196 5740 Barnabas
2242 5683 2495 5754 epistola.
2544 5683 2757 5741 Videsis
2802 5698 3017 5756 quoque
3063 5678 3429 5749 Freculphum
3475 5679 3529 5734 in
3565 5677 3759 5736 Chron.

515 5785 612 5845 lib.
647 5801 716 5856 ιι,
738 5801 859 5859 cap.
896 5785 988 5853 ll,
1015 5780 1328 5853 Hieronymi
1362 5780 1547 5847 verba,
1584 5778 1751 5837 tacito
1776 5777 1903 5852 ejus
1929 5775 2172 5844 nomine,
2207 5775 2631 5832 esseribentcm.
