3868 6208
461 316 520 370 19
1481 314 1536 368 S.
1587 310 1937 370 lGNA'I'IUS.
1977 342 2047 352 —
2090 307 2618 365 PROLEGOMENA.
3638 307 3711 362 20

455 441 574 480 rum
615 427 858 498 plerique
887 443 994 489 non
1023 429 1188 506 modo
1218 430 1359 510 inter
1387 431 1673 500 pontiﬁces
1706 431 2025 508 praelucent,

2156 447 2240 492 τος,
2275 420 2349 480 ὧν
2376 429 2423 480 οἱ
2459 425 2674 488 πλείους
2719 425 2818 478 οὐκ
2857 424 3158 497 ἀρχιερέων
3199 421 3580 494 προλάμπουσι
3619 422 3715 491 μό-

455 515 549 569 sed
588 526 888 589 martyrum
921 519 1084 574 etiam
1117 521 1349 575 chorum
1374 530 1660 577 exornant.

2139 537 2246 584 νον,
2282 518 2417 572 ἀλλὰ
2446 519 2540 573 καὶ
2567 517 2675 571 τῶν
2707 517 2997 590 μαρτύρων
3017 515 3372 586 διακοσμοῦσι
3404 513 3588 586 χορόν.

1307 629 1458 696 lusu,
1491 631 1624 685 dial.
1655 633 1945 688 Immutab.
1975 650 2010 688 ι.
2041 631 2210 698 Ibid.,
2241 640 2364 684 tom.
2398 629 2628 699 lV,pag.
2657 629 2746 695 '55,
2777 629 2841 682 A.

531 737 827 794 Ostendam
860 748 1042 794 autem
1082 741 1181 796 tibi
1211 741 1628 798 celeberrimum
1661 743 1920 800 Ecclesia:
1945 745 2038 800 do-

461 839 689 896 ctorem,
715 839 767 884 et
795 829 942 886 illius
973 831 1039 886 de
1070 831 1255 886 divina
1283 831 1663 888 lncarnatione
1685 835 2031 900 sententiam,

461 929 522 972 ut
545 934 846 988 cognoscas
875 921 942 975 de
972 930 1225 990 suscepta
1261 930 1456 976 natura
1480 923 1610 994 quid
1643 923 1895 979 senserit.
1926 924 2032 976 Au-

2224 741 2504 806 Ἐπιδείξω
2535 742 2592 795 δέ
2637 758 2716 794 σοι
2747 740 2838 794 τὸν
2881 739 3230 812 πανεύφημον
3252 739 3352 809 τῆς
3385 738 3716 818 Ἐκκλησεας

2135 835 2472 898 διδάσκαλον,
2493 835 2588 886 καὶ
2618 833 2678 886 τὸ
2699 833 2906 886 ἐκείνου
2941 831 3069 903 περὶ
3104 832 3204 903 τῆς
3236 830 3387 893 θείας
3407 830 3715 903 Ἐνανθρων
3745 849 3758 860 ·

2138 929 2354 998 πήσεως
2381 927 2652 998 φρόνημα,
2685 925 2771 978 ἵνα
2805 923 2947 994 γνῷς
2979 924 3100 977 τίνα
3133 924 3260 994 περὶ
3288 923 3387 993 τῆς
3418 920 3717 992 ληφθείσης

461 1012 646 1087 divisti
686 1013 830 1067 enim
870 1029 1098 1083 prorsus
1132 1013 1400 1086 lgnatium
1434 1017 1610 1084 illum,
1641 1018 1737 1087 qui
1781 1017 1849 1072 de
1889 1016 2034 1072 Petri

2156 1019 2354 1086 ;δόξασε
2385 1019 2619 1087 φύσεως.
2664 1017 2932 1088 Ἀκήκοας
2951 1015 3008 1068 δὲ
3037 1016 3254 1078 πάντως
3289 1013 3544 1082 Ἱγνάτιον
3566 1013 3715 1065 ἐκεῖ-

461 1106 680 1160 dextera
712 1105 1060 1174 pontiﬁcatus
1084 1109 1315 1178 gratiam
1339 1109 1598 1179 suscepit,
1626 1117 1680 1164 et
1702 1116 1826 1179 post
1855 1108 2031 1164 admi-

461 1190 744 1244 nistratam
765 1192 1056 1249 Ecclesiam
1074 1194 1472 1252 Antiochenam
1502 1198 1747 1268 martyrii
1774 1213 2031 1253 coronam

463 1282 690 1350 adeptus
717 1294 890 1339 est....
925 1286 1066 1340 Audi
1094 1303 1224 1360 ergo
1254 1290 1404 1344 viros
1442 1290 1799 1366 apostolicam
1831 1290 2033 1344 doctri-

462 1390 588 1428 nam
620 1384 902 1432 sonantes.
1183 1373 1186 1376 ’

535 1555 718 1609 Sancti
761 1555 962 1628 lgnatﬁii
992 1559 1222 1628 episcopi
1257 1559 1567 1614 Antiocheni
1588 1566 1639 1612 et
1665 1563 1915 1628 martyris
1937 1576 2003 1615 ex

901 1627 1147 1698 Epistola
1170 1627 1239 1682 ad
1269 1628 1589 1699 Smyrnwos.

535 1738 700 1794 Plane
728 1741 1108 1810 cumulateque
1140 1758 1433 1811 persuasus
1461 1744 1528 1799 de
1563 1743 1795 1799 Domino
1821 1753 2032 1811 nostro,

462 1830 557 1898 qui
585 1839 668 1886 est
686 1847 749 1884 ex
780 1847 975 1901 genere
998 1831 1166 1886 David
1189 1834 1489 1889 secundum
1517 1849 1757 1900 carnem,
1787 1845 1843 1890 et
1863 1833 2036 1890 Filius

467 1921 557 1976 Dei
584 1922 880 1977 secundum
927 1915 1266 1980 divinitatem
1307 1936 1362 1981 et
1393 1928 1692 1996 potentiam
1723 1948 1735 1981 :
1771 1929 1864 1998 qui
1910 1943 2037 1982 vere

464 2024 627 2070 natus
649 2024 821 2070 estex
844 2015 1100 2087 Virgine:
1132 2013 1438 2088 baptizatus
1463 2037 1492 2075 a
1521 2020 1751 2087 Joanne,
1775 2029 1836 2091 ut
1859 2022 2038 2076 omnis

465 2099 534 2159 ab
557 2106 673 2174 ipso
695 2107 908 2177 justitia
938 2109 1258 2178 impleretur
1292 2129 1304 2165 :
1335 2127 1460 2167 vere
1497 2112 1600 2169 sub
1629 2111 1828 2167 Pontio
1859 2111 2037 2168 Pilato

464 2209 517 2251 ct
545 2197 757 2254 Herode
781 2202 1072 2268 tetrarcha,
1099 2217 1199 2272 pro
1236 2204 1396 2258 nobis
1429 2205 1483 2258 in
1528 2199 1692 2260 carne
1721 2205 2035 2260 cruciﬁxus.

471 2287 637 2358 Epist.
668 2291 739 2344 ad
769 2291 1086 2362 Smyrmeoa,
1122 2312 1237 2365 cap.
1268 2296 1317 2349 1.

816 2426 1073 2497 Ejusdem
1111 2445 1175 2482 ea:
1200 2431 1383 2484 eadem
1414 2430 1682 2500 Epistota.

533 2543 674 2609 Quid
707 2544 852 2598 enim
895 2547 1138 2615 prodest,
1165 2547 1211 2601 si
1238 2548 1362 2616 quis
1390 2563 1477 2602 me
1510 2548 1714 2612 laudet,
1745 2548 2038 2604 Dominum

463 2644 641 2687 autem
665 2651 845 2690 meum
867 2636 1226 2707 blasphemet,
1251 2655 1359 2694 non
1383 2641 1650 2696 conﬁtens
1670 2656 1794 2696 eum
1818 2657 2038 2696 carnem

462 2728 718 2795 gestare?
744 2726 903 2794 Quod
930 2725 1024 2799 Qui
1054 2745 1164 2785 non
1193 2732 1503 2797 conﬁtetur,
1537 2734 1700 2802 plane
1732 2734 1910 2803 ipsum
1939 2749 2038 2788 ne-

462 2829 572 2889 g‘at,
601 2829 660 2881 ut
693 2821 924 2880 cadaver
951 2823 1442 2881 circumferentem.
1469 2825 1637 2892 Ibid.,
1665 2844 1784 2896 cap.
1811 2829 1863 2882 5.

817 2935 1072 3007 Ejusdem
1111 2954 1175 2992 ea:
1203 2939 1386 2994 eadem
1420 2940 1683 3010 Epistola.

2138 1130 2247 1177 νον,
2270 1113 2328 1176 ὃς
2357 1110 2445 1164 διὰ
2476 1112 2575 1182 τῆς
2595 1110 2688 1164 τοῦ
2713 1108 2948 1180 μεγάλου
2974 1108 3181 1178 Πέτρου
3209 1105 3387 1172 δεξιᾶς
3408 1104 3508 1174 τῆς
3526 1105 3718 1175 ἀρχιε-

2143 1203 2390 1274 ρωσύνης
2429 1201 2527 1272 τὴν
2577 1202 2736 1274 χάριν
2795 1198 3051 1265 ἐδέξατο,
3104 1198 3198 1252 καὶ
3249 1197 3347 1267 τὴν
3390 1194 3721 1265 Ἐκκλησίαν

2149 1294 2461 1364 Ἀντιοχέων
2500 1292 2678 1355 ἱθύνας
2718 1292 2808 1345 τὸν
2844 1291 2938 1344 τοῦ
2971 1289 3264 1362 μαρτυρίου
3295 1287 3555 1357 στέφανον
3594 1289 3722 1340 ἀνε-

2137 1384 2425 1454 δήσατο....
2473 1382 2737 1434 Ἀκουσον
2785 1379 2894 1456 τῶν
2949 1378 3158 1450 ἀνδρῶν
3202 1379 3299 1450 τὴν
3354 1377 3720 1448 άποστολικὴν

2137 1475 2520 1547 προφερόντων
2543 1472 2906 1526 διδασκαλίαν.

2143 1567 2468 1638 Τοῦ-ἁγίου
2517 1566 2808 1638 Ἰγνατ-ίου
2845 1566 3182 1638 ἐπισκόπου
3220 1563 3580 1638 Ἀντιοχείας
3619 1564 3722 1616 καὶ

2205 1633 2525 1706 μάρτυρος,
2552 1633 2620 1690 ἑκ
2651 1635 2762 1701 τῆς
2784 1635 2942 1706 πρὸς
2970 1635 3290 1703 Ῥωμαίους
3323 1633 3484 1704 [lege,
3517 1637 3720 1703 Σμυρ-

2069 1698 2112 1751 Β
2204 1698 2438 1779 ῖνιιῖουξι]
2482 1698 2862 1775 Ἐπιστολῆᾲ

2211 1799 2808 1872 Πεπληροφορημένους
2836 1797 3051 1869 ἀληθῶς
3079 1799 3159 1861 είς
3183 1798 3274 1850 τὸν
3308 1796 3509 1868 Κύριον
3536 1799 3568 1867 ἡ
3579 1795 3720 1867 μῶν,

2140 1893 2268 1946 ὄντα
2313 1894 2376 1945 ἐκ
2407 1892 2597 1960 γένους
2627 1889 2789 1943 Δαϐὶδ
2824 1888 2967 1942 κατὰ
3006 1889 3183 1960 σάρκα
3205 1929 3221 1954 ,
3245 1889 3373 1941 Υίὸν
3401 1887 3536 1943 Θεοῦ
3579 1888 3726 1942 κατὰ

2142 1983 2370 2054 θεότητα
2399 1984 2490 2037 καὶ
2521 1981 2773 2053 δύναμιν,
2802 1981 3163 2051 γεγενημένον
3185 1980 3400 2052 ἀληθῶς
3425 1982 3488 2033 ἐκ
3511 1979 3727 2050 Παρθέ⁴

2141 2092 2254 2138 νου,
2277 2073 2709 2145 βεϐαπτισμένον
2735 2071 2842 2126 ὑπὸ
2869 2071 3134 2136 Ἰωάννου,
3161 2072 3248 2131 ἵνα
3281 2069 3539 2143 πληρωθῇ
3570 2072 3726 2132 πᾶσα

2139 2165 2452 2236 δικαιοσύνη
2487 2165 2578 2218 ὑπ’
2611 2162 2797 2229 αὑτοῦ,
2831 2162 3044 2224 άληθῶς
3084 2163 3175 2215 ἐπὶ
3203 2162 3430 2214 Ποντίου
3478 2161 3724 2214 Πιλάτου

2141 2259 2237 2313 καὶ
2285 2257 2521 2331 Ἡρώδου
2568 2257 2893 2329 τετράρχου,
2945 2254 3329 2325 καθηλωμένον
3374 2254 3514 2324 ὑπὲρ
3563 2253 3725 2324 ἡμῶν

2147 2352 2327 2424 σαρκί.

2322 2444 2434 2497 Τοῦ
2475 2441 2661 2511 αὐτοῦ
2691 2441 2759 2496 ἐκ
2793 2440 2900 2510 τῆς
2929 2438 3118 2508 αὐτῆς
3158 2437 3536 2506 Ἐπιστολῆς.

2213 2554 2278 2606 Τί
2309 2553 2419 2626 γὰρ
2449 2554 2667 2623 ὠφελεῖ,
2685 2553 2844 2625 εἴπερ
2875 2570 2941 2624 με
2962 2555 3173 2608 ἐπαινεῖ
3200 2571 3304 2616 τις,
3325 2551 3415 2604 τὸν
3437 2550 3493 2603 δὲ
3513 2551 3594 2603 Κύ
3605 2551 3725 2620 ριὸν

2144 2663 2245 2715 μου
2292 2646 2634 2716 βλασφημεῖ,
2689 2644 2763 2716 μὴ
2805 2637 3083 2715 ὁμολογῶν
3131 2644 3293 2697 αὐτὸν
3340 2642 3720 2714 σαρκοφόρονς

2139 2739 2167 2788 ὁ
2199 2737 2259 2790 δέ
2289 2737 2447 2790 τοῦτο
2483 2737 2557 2808 μὴ
2589 2736 2792 2806 λέγων,
2826 2735 3046 2800 τελείως
3077 2736 3237 2790 αὑτὸν
3281 2737 3611 2808 ἀπήρνηται,
3641 2735 3724 2798 ὡς

2139 2828 2491 2899 νεκροφόρον.
2945 2819 2949 2822 ⁴

2322 2941 2433 2995 Τοῦ
2466 2942 2652 2996 αὑτοῦ
2682 2942 2751 2996 ἐκ
2783 2941 2893 3014 τῆς
2923 2941 3113 3022 αὐτῆς
3161 2941 3537 3022 Ἐπιστολῆς.

535 3048 590 3103 Si
615 3051 759 3105 enim
789 3051 1048 3121 opinione
1100 3060 1314 3107 tantum
1347 3055 1461 3125 hzec
1507 3070 1536 3108 a
1581 3053 1812 3110 Domino
1851 3066 2044 3130 nostro

2214 3057 2278 3110 Εἰ
2309 3055 2416 3128 γὰρ
2446 3056 2525 3127 τῷ
2548 3057 2724 3110 δοκεῖν
2757 3055 2930 3110 ταῦτα
2964 3055 3211 3130 ἐπράχθη
3248 3055 3354 3108 ὑπὸ
3384 3055 3477 3108 τοῦ
3511 3055 3721 3125 Κυρίου

462 3152 615 3212 gesta
645 3153 791 3210 sunt,
822 3159 926 3215 ego
959 3159 1179 3216 quoque
1202 3145 1462 3214 opinione
1505 3148 1724 3202 vinctus
1761 3163 1904 3202 sum.
1929 3148 2040 3203 Cur

461 3223 644 3289 autem
683 3244 736 3290 et
766 3219 1035 3306 meipsum
1063 3237 1225 3290 morti
1255 3237 1470 3301 tradidi,
1509 3239 1576 3291 ad
1600 3237 1802 3312 ignem,
1827 3239 1894 3294 ad
1921 3241 2037 3310 gla-

460 3327 632 3390 dium,
656 3327 722 3381 ad
750 3327 990 3382 bestias?
1018 3325 1214 3382 Verum
1243 3329 1337 3397 qui
1363 3315 1576 3384 vicinus
1600 3329 1801 3405 gladio,
1825 3330 2039 3386 vicinus

462 3415 594 3472 Deo.
624 3419 810 3473 Solum
847 3419 901 3473 in
942 3419 1164 3475 nomine
1201 3418 1329 3476 Jesu
1365 3420 1590 3501 Christi,
1626 3433 1685 3478 ut
1716 3424 2036 3495 passionum

462 3513 584 3581 ejus
613 3513 797 3568 socius
823 3513 972 3580 ﬁam,
1000 3515 1185 3568 omnia
1217 3515 1484 3582 sustineo,
1504 3516 1623 3586 ipso
1651 3533 1738 3572 me
1773 3517 2038 3572 corrobo-

462 3615 618 3659 rante
649 3605 869 3660 homine
898 3605 1169 3675 perfecto,
1197 3623 1360 3678 quem
1391 3607 1559 3678 aliqui
1589 3595 1903 3679 ignorantes
1946 3626 2040 3665 ne-

462 3691 611 3766 gant.
639 3696 805 3762 Ibid.,
831 3711 948 3768 cap.
978 3699 1032 3752 4.
1426 3690 1427 3694 ¹
1783 3691 1786 3698 ’
2035 3683 2040 3688 ’

737 3813 990 3883 Ejusdem
1015 3831 1080 3868 ex
1116 3814 1358 3884 Epistola
1389 3817 1458 3869 ad
1483 3813 1757 3886 Ephesios.

534 3929 676 3985 Deus
719 3929 864 3984 enim
900 3939 1087 3986 noster
1133 3928 1294 3986 Jesus
1319 3929 1575 3988 Christus
1609 3933 1667 3987 in
1708 3933 1892 3990 Mariae
1921 3943 2040 3990 ute-

462 4041 526 4079 ro
564 4032 808 4091 gestatus
836 4033 922 4078 est
971 4023 1272 4078 secundum
1305 4023 1402 4078 Dei
1448 4024 1942 4094 dispensationem,
1970 4042 2037 4083 ex

461 4116 670 4180 semine
701 4109 922 4185 quidem
963 4113 1152 4180 David,
1197 4115 1291 4170 sed
1332 4131 1401 4170 ex
1440 4114 1646 4186 Spiritu
1683 4127 1909 4173 sancto:
1942 4120 2039 4189 qui

463 4218 626 4288 natus
657 4217 740 4263 est
774 4216 828 4262 et
854 4207 1182 4287 baptizatus,
1209 4216 1271 4262 ut
1292 4210 1600 4291 mortalitas
1625 4219 1812 4268 nostra
1841 4227 2038 4286 purga-

463 4309 634 4374 retur.
669 4299 755 4382 Ea:
778 4299 956 4370 Epist.
987 4301 1056 4354 ad
1085 4299 1303 4373 Epltes.,
1328 4317 1446 4371 cap.
1483 4302 1570 4356 18.

831 4414 1090 4484 Ejusdem,
1111 4432 1175 4470 ea:
1203 4416 1385 4471 eadem
1411 4415 1679 4486 Epistola.

2139 3145 2317 3222 ἡμῶν,
2350 3145 2505 3215 κάγὼ
2554 3147 2632 3218 τῷ
2656 3146 2832 3226 δοκεῖν
2867 3145 3107 3216 δέδεμαι.
3153 3144 3218 3197 Τί
3267 3143 3323 3196 δὲ
3357 3145 3449 3197 καί
3483 3143 3723 3215 ἐμαυτὸν

2138 3237 2353 3292 ἔκδοτον
2384 3238 2590 3292 δέδωκα
2619 3237 2697 3309 τῷ
2741 3237 2985 3307 θανάτῳ,
3022 3235 3158 3308 πρὸς
3183 3233 3325 3305 πῦρ,
3352 3235 3486 3306 πρὸς
3518 3233 3719 3304 μάχαι-

2141 3346 2278 3400 ραν,
2331 3329 2466 3401 πρὸς
2506 3328 2704 3400 θηρία;
2749 3327 2863 3381 ἀλλ’
2902 3329 2930 3380 ὁ
2983 3328 3149 3396 ἐγγὺς
3197 3325 3505 3398 μαχαίρας,
3555 3325 3721 3392 ἐγγὺς

2139 3421 2294 3474 Θεοῦ.
2321 3422 2495 3480 Μόνον
2546 3423 2603 3474 ἐν
2634 3419 2714 3491 τῷ
2748 3420 2974 3492 ὀνόματι
3015 3418 3188 3491 Ἰησοῦ
3221 3416 3458 3489 Χριστοῦ
3485 3457 3499 3481 ,
3544 3417 3626 3480 είς
3659 3415 3722 3468 τὸ

2141 3513 2445 3584 συμπαθεῖν
2477 3512 2626 3584 αὐτῷ
2651 3512 2830 3569 πάντα
2878 3511 3153 3585 ὑπομένω,
3187 3509 3351 3565 αὐτοῦ
3393 3527 3461 3581 με
3500 3508 3713 3562 ἐνδυνα-

2143 3604 2370 3676 μοῦντος
2402 3605 2496 3658 τοῦ
2528 3604 2735 3658 τελείου
2779 3604 3096 3677 ἀνθρώπου,
3132 3605 3190 3657 ὃν
3223 3620 3365 3667 τινες
3401 3601 3721 3671 ἀγνοοῦντες

2139 3695 2449 3767 ἀρνοῦνται.

2180 3809 2290 3863 Τοῦ
2314 3809 2503 3864 αὐτοῦ
2521 3810 2591 3863 ἐκ
2623 3809 2732 3879 τῆς
2758 3809 2910 3879 πρὸς
2948 3811 3265 3881 Ἐφεσίους
3296 3807 3680 3878 Ἐπιστολῆς.

2221 3921 2278 3976 Ὀ
2311 3921 2419 3994 γὰρ
2451 3921 2583 3986 Θεὸς
2643 3922 2801 3994 ἡμῶν
2852 3923 3060 3996 Ἰησοῦς
3103 3923 3340 3996 Χριστὸς
3375 3921 3721 3993 ἐκυοφορήθη

2140 4013 2245 4066 ὑπὸ
2292 4013 2512 4085 Μαρίας
2564 4017 2684 4069 κατ’
2727 4016 3037 4088 οἰκονομίαν
3082 4016 3218 4070 Θεοῦ
3247 4055 3261 4080 ,
3309 4017 3373 4068 ἐκ
3408 4015 3720 4087 σπέρματα³

2143 4107 2240 4177 μέν
2271 4106 2469 4172 Δαϐὶδ,
2519 4109 2585 4162 ἐκ
2625 4109 2943 4181 Πνεύματος
2988 4110 3048 4164 δὲ
3091 4109 3278 4179 ἁγίουο
3328 4109 3388 4173 ὃς
3433 4107 3720 4179 ἐγεννήθη,

2140 4199 2235 4251 καὶ
2258 4197 2584 4270 ἐϐαπτίσθη,
2619 4200 2706 4253 ἵνα
2735 4200 2797 4253 τὸ
2819 4200 3013 4273 θνητὸν
3045 4202 3201 4273 ἡμῶν
3227 4200 3548 4273 καθαρισθῇ.

2354 4405 2463 4460 Τοῦ
2489 4405 2674 4460 αὐτοῦ
2707 4405 2777 4460 ἐκ
2798 4404 2908 4475 τῆς
2930 4406 3119 4476 αὐτῆς
3146 4407 3530 4474 Ἐπιστολῆς.

536 4531 818 4603 Siquidem
851 4533 1051 4602 singuli
1077 4547 1271 4588 omnes
1317 4535 1578 4590 universe
1627 4537 1683 4590 in
1722 4537 1900 4607 gratia
1935 4553 2038 4592 no-

2210 4513 2280 4570 EI
2305 4533 2358 4570 τι
2378 4519 2429 4571 οἱ
2460 4519 2578 4586 κατῗ
2612 4518 2781 4590 ἄνδρα
2810 4521 2963 4590 κοινῇ
2997 4517 3195 4582 πάντες
3227 4519 3284 4572 ἐν
3329 4521 3396 4589 τῇ
3441 4518 3622 4590 χάριτι
3657 4520 3719 4586 ἐξ

461 4625 712 4682 ιηὶηοιῖω
737 4625 1040 4682 convenitis
1066 4625 1120 4680 in
1151 4642 1261 4681 una
1292 4627 1397 4682 ﬁde
1416 4636 1472 4684 et
1496 4629 1549 4682 in
1575 4643 1685 4683 uno
1712 4628 1842 4685 Jesu
1877 4631 2040 4685 Chri-

465 4729 575 4783 sto,
637 4718 938 4776 secundum
975 4734 1196 4774 carnem
1239 4735 1306 4775 ex
1335 4736 1534 4791 genere
1575 4721 1770 4788 David,
1795 4723 1908 4778 ﬁlio
1937 4725 2038 4779 h'o-

464 4813 650 4880 minis,
687 4820 740 4866 et
767 4811 908 4866 Filio
939 4811 1054 4867 Dei.
1084 4811 1256 4877 Ibid.,
1288 4829 1405 4881 cap.
1436 4813 1526 4868 20.

789 4902 1074 4995 ἘῙιιεάεηι
1107 4900 1176 4980 ea:
1203 4925 1385 4980 cadent
1417 4925 1682 4997 Epistota.

534 5042 689 5115 Unus
722 5053 804 5098 est
856 5043 1102 5098 medicus
1142 5043 1381 5097 carnalis
1403 5053 1456 5097 et
1501 5043 1763 5113 spiritalis
1785 5085 1801 5112 ,
1825 5045 2039 5112 genitus

463 5153 528 5190 ex
557 5135 820 5206 ingenito,
847 5135 903 5189 in
951 5135 1177 5190 homine
1225 5133 1390 5201 Deus,
1443 5134 1499 5188 in
1543 5144 1720 5190 morte
1751 5135 1859 5191 vita
1886 5135 2034 5200 vera,

462 5238 516 5282 et
549 5243 619 5283 ex
668 5210 838 5284 Maria
862 5235 916 5281 et
953 5243 1020 5282 ex
1056 5226 1184 5292 Deo,
1226 5228 1468 5297 primum
1520 5228 1762 5298 patibilis
1805 5237 1861 5285 et
1904 5225 2039 5285 tunc

466 5315 804 5390 impatibilis,
839 5317 1000 5374 Jesus
1034 5320 1289 5376 (lhristris
1321 5313 1588 5377 Dominus
1611 5313 1820 5378 noster.
1866 5313 2035 5388 Ibid.,

463 5429 577 5482 cap.
607 5412 658 5466 7..

713 5551 968 5623 Ejusdem
993 5571 1057 5609 ea:
1083 5553 1327 5625 Epistola
1351 5558 1421 5611 ad
1461 5556 1786 5613 Trallianos.

535 5666 796 5724 Obturate
832 5686 992 5726 aures
1032 5680 1244 5728 vestras
1273 5714 1288 5740 ,
1323 5674 1540 5743 quando
1575 5673 1848 5744 quispiam
1877 5675 2035 5748 vobis

467 5759 708 5842 laquitur
743 5755 868 5819 sine
884 5761 1014 5844 .i‘esu~
1051 5754 1273 5847 Christo
1303 5785 1314 5834 ;
1341 5767 1431 5847 qui
1484 5776 1566 5826 cst
1610 5762 1673 5828 ex
1709 5783 1902 5842 genere
1935 5757 2036 5824 Daé

2140 4608 2402 4680 ὀνόματος
2457 4610 2780 4683 συνέρχεσθε
2837 4612 2896 4663 ἐν
2956 4611 3055 4681 μιᾷ
3078 4609 3277 4674 πίστει,
3309 4613 3402 4663 καὶ
3433 4610 3513 4666 ἐνὶ
3539 4611 3718 4681 Ἰησοῦ

2139 4703 2388 4774 Χριστῷ,
2432 4704 2577 4758 κατὰ
2629 4705 2805 4775 σάρκα
2835 4705 2902 4756 ἐκ
2943 4703 3134 4772 γένους
3167 4703 3350 4768 Δαϐὶδ,
3385 4702 3463 4774 τῷ
3495 4702 3596 4773 υἱῷ
3621 4703 3717 4757 τοῦ

2137 4797 2446 4869 ἀνθρώπου,
2476 4799 2570 4853 καὶ
2602 4797 2716 4869 Υἱῷ
2748 4795 2843 4850 τοῦ
2877 4796 3032 4851 Θεοῦ.

2318 4909 2430 4964 Τοῦ
2459 4909 2645 4964 αὐτοῦ
2675 4909 2744 4963 ἐκ
2766 4908 2877 4978 τῆς
2901 4907 3094 4978 αὐτῆς
3120 4909 3503 4977 Ἐπιστολῆς.

2203 5020 2326 5082 Ὅτι
2364 5024 2548 5096 ἰατρός
2593 5025 2711 5077 ἐστι
2743 5022 3002 5095 σαρκικὸς
3035 5023 3132 5077 καὶ
3166 5023 3550 5095 πνευματικὸς,
3588 5041 3715 5093 γεν-

2139 5118 2296 5188 νητὸς
2326 5115 2386 5181 ἐξ
2414 5117 2742 5188 άγεννήτου,
2792 5118 2849 5170 ἐν
2895 5114 3166 5187 ἀνθρώπῳ
3200 5114 3358 5178 Θεὸς,
3397 5117 3454 5168 ἐν
3499 5115 3716 5187 θανάτῳ

2139 5209 2251 5279 ζωὴ
2282 5209 2530 5281 ἀληθινὴ,
2586 5210 2680 5262 καὶ
2729 5211 2795 5262 ἐκ
2827 5209 3048 5280 Μαρίας
3078 5209 3174 5262 καὶ
3218 5209 3282 5261 ἐκ
3340 5207 3499 5271 Θεοῦ,
3567 5209 3716 5279 πρῶ-

2137 5318 2227 5354 τον
2260 5301 2625 5372 παθητὸςκαὶ
2641 5302 2769 5370 τότε,
2785 5301 3022 5373 ἀπαθὴς,
3050 5299 3260 5372 Ἰησοῦς
3279 5299 3512 5371 Χριστὸς
3544 5301 3573 5354 ὀ
3597 5299 3717 5354 Κύ-

2141 5413 2253 5467 ριος
2277 5397 2310 5467 ἡ
2320 5395 2455 5466 μῶν.

2178 5509 2289 5563 Τοῦ
2317 5508 2504 5563 αὐτοῦ
2543 5509 2612 5562 ἐκ
2640 5508 2749 5579 τῆς
2787 5510 2939 5633 πρὲς
2972 5507 3373 5577 Τραλλιανοὺς
3405 5509 3672 5564 Ἐπιστο-

2902 5599 2993 5633 no.

2902 5599 2993 5650 77c-

2207 5671 2524 5743 Κωφὼθητε
2576 5666 2688 5741 οῦν,
2723 5674 2850 5728 ὅταν
2882 5675 3051 5746 χωρὶς
3084 5672 3278 5754 Ἰησοῦ-
3298 5672 3538 5745 Χριστοῦ
3579 5673 3711 5754 ὑμῖν..

2137 5767 2271 5842 λαλῇ
2299 5785 2403 5834 τις,
2445 5769 2539 5823 τοῦ
2583 5770 2644 5824 ἐκ
2674 5769 2863 5838 γένους
2882 5767 3062 5833 Δαὸὶδ,
3108 5762 3201 5824 τοῦ
3357 5767 3604 5844 Μαρίας,
