3868 6208
154 298 217 352 21
314 336 317 337 ν
1276 304 1277 307 “
1331 294 1665 354 νετειιυιι
1699 293 1747 348 'l'

1864 291 2145 348 ιιιιυΝιΑ.
3176 266 3183 274 ’
3359 293 3429 350 ea

152 417 368 487 ἀληθῶς
398 418 689 491 ἐγεννήθη,
722 417 893 489 ἔφαγὲ
919 436 978 472 τε
1013 419 1106 473 καὶ
1130 417 1282 472 ἔπιεν
1304 419 1520 490 ἀληθῶς
1544 458 1557 481 ,
1583 415 1734 471 ἐδιώ-

1864 415 1951 481 νίίι,
1985 414 2081 483 qui
2105 429 2173 468 ex
2207 411 2398 477 Maria,
2429 427 2525 482 qut
2549 426 2677 468 vere
2711 420 2872 468 natus
2896 419 3000 477 est,
3029 426 3158 468 vere
3183 426 3303 467 cum
3318 413 3430 466 edit

151 511 253 580 χΟη
282 511 378 564 ἐπὶ
414 512 645 565 Ποντίου
679 512 933 577 Πιλάτου,
954 511 1297 584 ἐσταυρώθη,
1333 512 1427 566 καὶ
1466 510 1704 566 ἀπέθανε
1723 549 1738 571 ,

1864 514 1902 562 ξι
1928 506 2085 571 bibit,
2110 506 2202 577 qui
2226 506 2330 560 sub
2354 504 2549 560 Pontio
2568 502 2745 558 Pilato
2776 519 2970 573 passus
2996 512 3100 571 est,
3121 503 3346 559 crucin
3365 520 3430 557 us

152 601 462 669 βλεπόντων
513 604 776 672 ἐπιγείων
818 604 910 656 καὶ
955 602 1294 674 ἐπουρανίων
1337 602 1431 657 καὶ
1472 600 1739 672 καταχθο-

1864 604 1903 649 at
1927 603 2200 663 mortuus,
2226 596 2538 651 videntibus
2581 595 2933 661 coelestibus,
2970 594 3328 650 terrestribus
3373 604 3428 649 ct

149 693 297 747 νίων.
1847 688 2058 743 inferis.
2099 687 2276 759 Epist.
2313 689 2382 742 ad
2415 687 2610 755 Trall.,
2641 704 2757 758 cap.
2791 687 2843 742 9.

1144 804 1297 872 lacn,
1326 803 1462 859 dial.
1494 802 1773 860 lnconl‘us.
1804 817 1865 857 ιι.
1903 802 2211 874 Ibid.,pag.
2243 801 2334 867 86,
2367 801 2427 855 B.

156 906 492 994 Τοῦ-ἁγίου
545 917 833 994 Ἰπνιιτέου
857 916 1196 994 ἐπισκέπου
1235 914 1599 994 Ἀντιοχέας
1640 913 1742 968 καὶ

1864 915 2036 973 Sancti
2082 915 2628 994 Igrtatii_Antio_cheni
2657 917 2900 994 episcopi
2938 927 2989 971 et
3035 919 3312 994 martyris.
3362 933 3427 971 ex

212 985 561 1113 ςιξρέυρος,
602 985 673 1042 ἐκ
700 985 811 1056 τῆς
840 988 992 1056 πρὸς
1033 987 1411 1058 Σμυρναίους
1450 987 1732 1040 Ἐπιστο-

268 1076 362 1113 nc.

2118 985 2135 989 ⁷
2287 985 2532 1057 Epistola
2560 988 2628 1041 ad
2649 985 2973 1058 Singrnteos.

268 1076 362 1125 ης-

234 1167 385 1241 Ἐγὼ
418 1172 529 1245 γὰρ
561 1173 659 1226 καὶ
689 1171 826 1244 μετὰ
857 1170 959 1242 τὴν
994 1170 1288 1225 ἀνάστασιν
1317 1169 1375 1221 ὲν
1397 1170 1560 1241 σαρκὶ⁵
1586 1167 1749 1222 αὐτὸν

154 1259 278 1317 οἶδα
306 1264 406 1318 καὶ
429 1263 674 1318 πιστεύω
694 1264 845 1317 ὄντα·
880 1263 975 1316 καὶ
1010 1262 1101 1315 ὅτε
1143 1261 1280 1332 πρὸς
1320 1261 1452 1325 τοὺς
1490 1260 1619 1332 περὶ
1647 1260 1754 1314 Πέ-

151 1373 281 1427 τρον
307 1351 496 1427 ἦλθεν,
526 1356 634 1428 ἔφη
664 1357 846 1420 αὐτοῖς
865 1372 878 1385 ⁵
905 1354 1136 1423 Λάϐετε,
1159 1354 1519 1428 ψηλαφήσατέ
1541 1371 1631 1426 με,
1652 1352 1749 1408 καὶ

154 1448 291 1501 ίδετε
338 1448 423 1502 ὅτι
456 1450 559 1502 οὐκ
602 1450 720 1519 εἰμὶ
770 1448 1045 1519 δαιμόνιον
1094 1446 1416 1519 ἀσώματονο
1452 1446 1547 1501 καὶ
1586 1444 1747 1509 εὐθὺς

154 1541 320 1594 αὐτοῦ
346 1539 583 1611 ἥψαντο,
612 1542 707 1594 καὶ
735 1540 1093 1595 ἐπίστευσαν.

1919 1120 2033 1193 Ego
2082 1122 2229 1176 enim
2279 1131 2404 1193 post
2442 1124 2898 1179 resurrectionem
2931 1124 3108 1195 ipsum
3157 1126 3212 1179 in
3255 1140 3429 1181 carne

1851 1212 1967 1267 scio
1991 1220 2046 1267 et
2068 1213 2233 1268 credo
2253 1229 2375 1270 esse
2401 1231 2414 1268 :
2452 1222 2505 1269 et
2525 1214 2748 1284 quando
2776 1216 2840 1270 ad
2866 1231 2960 1272 eos
2980 1216 3075 1286 qui
3104 1231 3229 1272 cum
3257 1216 3420 1272 Petro

1850 1311 2043 1369 erant,
2070 1305 2241 1371 venit,
2297 1304 2438 1360 dixit
2489 1305 2608 1361 eis:
2664 1305 2931 1376 Accipite,
2969 1308 3191 1378 palpate
3213 1323 3335 1372 me,
3367 1320 3422 1369 et

1850 1395 2031 1452 videte
2072 1396 2203 1467 quia
2251 1411 2361 1450 non
2393 1412 2516 1451 sum
2554 1397 2882 1453 daemonium
2920 1399 3325 1470 incorporeum.
3357 1400 3422 1454 Et

1851 1487 2035 1542 statim
2065 1487 2245 1558 ipsum
2293 1488 2621 1559 tetigerunt,
2660 1501 2713 1544 et
2753 1490 3124 1547 crediderunt.
3153 1491 3326 1563 Epist.
3352 1494 3419 1546 ad
3432 1474 3437 1479 ’

1852 1577 2091 1649 Smyrn.,
2121 1596 2238 1650 cap.
2260 1579 2317 1634 ὖ.

334 1716 452 1771 Τοῦ
477 1716 669 1772 αὑτοῦ
706 1716 777 1770 ἐκ
802 1716 913 1785 τῆς
945 1713 1139 1784 αὐτῆς
1180 1710 1563 1781 Ἐπιστολῆς.

2202 1693 2460 1764 Ejusdem
2495 1712 2559 1751 ex
2582 1697 2773 1751 eadem
2802 1696 3068 1768 Epistola.

222 1832 380 1887 Μετὰ
409 1832 471 1885 δὲ
498 1831 602 1903 τὴν
630 1831 926 1884 ἀνάστασιν
946 1830 1042 1883 καὶ
1070 1827 1341 1898 συνέφαγε
1370 1827 1465 1882 καὶ
1487 1824 1736 1881 συνέπιεν

1908 1810 2040 1866 Post
2068 1810 2525 1866 resurrectionem
2558 1820 2739 1867 autem
2772 1827 2882 1867 una
2907 1828 3034 1867 cum
3062 1812 3145 1868 eis
3179 1822 3234 1868 ct
3265 1828 3419 1868 com—

152 1926 355 1988 αὐτοῖς,
389 1923 470 1987 ὡς
498 1921 781 1994 σαρκικῶς
818 1923 911 1976 καὶ
944 1918 1330 1992 πνευματικῶς
1348 1917 1627 1990 ἡνωμένος
1657 1914 1737 1986 τῷ

1864 1904 1959 1960 :dit
2010 1912 2066 1960 et
2118 1903 2278 1971 bibit,
2312 1914 2574 1974 tanquam
2633 1904 2927 1961 carnaliter
2970 1913 3026 1962 et
3069 1905 3422 1975 spiritualiter

154 2017 353 2088 Ita—.pt.
577 1992 585 1994 ἡ
1746 2024 1749 2027 ·

1864 1994 2042 2050 nnitus
2065 1992 2238 2048 Patri.
2273 1992 2417 2048 Ibid.

1114 2125 1272 2194 locis,
1305 2124 1440 2180 dial.
1471 2120 1723 2193 lmpatib.
1759 2131 1839 2172 ιιι.
1870 2109 2040 2177 Ibid.,
2065 2125 2189 2180 pag.
2224 2109 2350 2176 154,
2380 2106 2444 2161 Ι).

161 2247 273 2302 Τοῦ
313 2247 491 2316 ἁγίου
528 2243 822 2314 Ἰτνατίου
857 2241 1196 2296 ἐπισκόπου
1246 2236 1611 2306 Ἀντιοχείας
1646 2233 1745 2287 καὶ

224 2316 564 2367 ιιάοτυοοο.
599 2314 669 2367 ὲκ
714 2312 827 2367 τῆς
872 2311 1022 2367 πούς
1055 2308 1431 2367 Σμυρναίους
1476 2308 1749 2360 Ἐπιστο-

1864 2266 2036 2325 Sancti
2080 2264 2542 2367 Ignatiinepis'copi
2586 2265 2899 2367 Alnté'ocheni
2944 2273 2994 2320 et
3036 2265 3322 2336 martyris,
3357 2279 3422 2320 ea:

216 2311 669 2441 ιῖιξρὲυροςίὲκ
714 2312 827 2382 τῆς
872 2311 1022 2382 πρὸς
1055 2311 1431 2380 Σμυρναίους
1476 2311 1749 2360 Ἐπιστο-

226 2429 240 2441 .
276 2407 369 2455 ης.

2080 2311 2540 2406 """"i§§i;i.;[a'
2567 2311 3000 2406 tisanae}:

226 2449 600 2550 Ευέαριστίας
626 2477 724 2531 καὶ
764 2472 1080 2546 προσφορὰς
1115 2471 1218 2525 οὐκ
1253 2469 1627 2540 ἀποδέχονται,
1662 2464 1749 2520 διὰ

1922 2451 2305 2523 Eucharistias
2337 2457 2394 2506 et
2428 2449 2739 2506 oblationes
2770 2465 2880 2506 non
2925 2450 3251 2517 admittunt,
3277 2450 3423 2520 quod

157 2569 217 2621 τὸ
257 2541 341 2637 μῆ
366 2541 655 2637 έμολογεῖν
698 2541 818 2635 τὴν-
838 2541 1183 2633 εὐχαριστίαν
1241 2557 1422 2630 σάρκα
1482 2553 1619 2610 εἶναι
1647 2554 1744 2608 τοῦ

1864 2560 1965 2601 non
1990 2544 2356 2601 conﬁteantur
2385 2543 2775 2600 eucharistiam
2807 2558 3029 2600 carnem
3069 2558 3194 2599 esse
3232 2541 3424 2597 Salva-

446 2656 611 2729 ἡμῶν
645 2653 828 2726 Ἰησοῦ
857 2649 1117 2725 Χριστοῦ,
1138 2650 1237 2721 τὴν
1271 2649 1413 2720 ὑπὲρ
1430 2646 1539 2700 τῶν
1569 2646 1749 2717 ἁμαρ-

1864 2638 1990 2694 Loris
2017 2637 2193 2693 nostri
2224 2635 2355 2693 Jesu
2381 2636 2750 2707 Christi,qua:
2793 2652 2892 2706 pro
2932 2636 3172 2708 peccatis
3216 2636 3425 2692 nostris

159 2727 794 2822 ttﬂwtubvvmboﬁaav
814 2787 829 2811 ,
864 2746 932 2816 ἢν
965 2743 1297 2817 χρηστάτητι
1329 2742 1359 2797 ὁ
1378 2738 1569 2811 Πατὴρ
1594 2737 1747 2809 ἡγει-

1864 2745 2017 2803 passa
2051 2738 2156 2796 est,
2184 2744 2353 2800 quam
2396 2727 2559 2784 Pater
2604 2729 2939 2801 benignitate
2982 2745 3082 2787 sua
3118 2730 3419 2787 suscitavit.

162 2858 276 2912 ρεν.
336 2819 370 2822 ἡ
1774 2836 1818 2895 c
1851 2820 2026 2893 Epist.
2051 2822 2121 2878 ad
2153 2819 2390 2895 Smyrn.,
2421 2837 2539 2891 cap.
2568 2820 2618 2875 7.

1750 2941 1892 2998 Xlll’.

322 3072 602 3128 Ceusws
632 3069 675 3138 l,
703 3066 979 3124 Adversus
1006 3057 1237 3130 Eutych.
1265 3066 1321 3112 et
1352 3054 1568 3113 Nestor.
1601 3052 1690 3112 Es
1724 3053 1979 3109 Biblioth.
2009 3051 2129 3108 PP.
2161 3050 2344 3107 Paris.
2374 3062 2501 3109 tam.
2536 3051 2630 3121 lV,
2656 3063 2797 3123 part.
2831 3069 2871 3120 ι,
2910 3071 3032 3125 pag.
3060 3054 3186 3120 425,
3220 3052 3281 3106 F.

234 3181 584 3238 Testimonia
608 3188 853 3236 veterum
891 3177 959 3233 de
989 3176 1205 3232 duabus
1234 3172 1447 3229 naturis
1480 3173 1537 3228 in
1568 3171 1815 3229 Christo.
1852 3168 2057 3243 Ignatii
2105 3169 2340 3241 episcopi
2369 3178 2420 3225 et
2452 3171 2707 3243 martyris
2729 3171 3046 3225 Antiocheni
3078 3185 3142 3225 ea:
3176 3167 3427 3240 Epistola

165 3275 234 3329 ad
267 3274 555 3345 Ephesios.
583 3271 740 3328 Unus
767 3271 1016 3327 medicus
1047 3276 1152 3334 est,
1185 3266 1429 3322 carnalis
1464 3272 1521 3320 et
1556 3264 1882 3335 spiritualis,
1907 3265 2086 3321 factus
2116 3274 2171 3321 et
2205 3281 2317 3321 non
2362 3263 2563 3332 factus,
2591 3263 2647 3318 in
2679 3263 2908 3320 homine
2961 3262 3127 3330 Deus,
3170 3264 3225 3318 in
3251 3274 3429 3318 morte

166 3374 273 3427 vita
296 3381 534 3437 aeterna,
556 3387 623 3426 ex
639 3369 812 3427 Maria
828 3377 885 3426 et
906 3383 972 3423 ex
1000 3365 1134 3431 Deo,
1153 3366 1395 3436 primum
1422 3362 1700 3434 passibilis
1722 3369 1777 3417 et
1812 3369 1946 3416 tunc
1978 3350 2352 3432 impassibilis,
2371 3359 2635 3416 Dominus
2662 3367 2849 3414 noster
2877 3354 3040 3413 Jesus
3061 3355 3334 3412 Christus.
3358 3353 3428 3407 Et

166 3476 282 3534 post
308 3483 490 3537 pauca
516 3480 537 3519 :
570 3462 804 3535 Singuli,
845 3459 1039 3530 inquit,
1070 3458 1173 3512 viri
1199 3455 1564 3512 communiter
1601 3468 1815 3519 omnes,
1839 3469 1906 3509 ex
1936 3454 2109 3525 gratia
2129 3468 2198 3510 ex
2225 3453 2449 3509 nomine
2475 3453 2763 3509 convenite
2790 3452 2845 3505 in
2877 3466 3040 3504 unam
3076 3449 3259 3512 ﬁdem,
3293 3457 3348 3504 et
3370 3448 3428 3503 in

170 3571 280 3610 uno
304 3554 444 3611 Jesu
469 3554 716 3619 Christo,
750 3548 1056 3609 secundum
1083 3561 1308 3602 carnem
1341 3561 1405 3601 ex
1431 3558 1628 3616 genere
1652 3542 1842 3611 David,
1871 3542 1985 3599 [ilio
2011 3543 2249 3600 hominis
2273 3552 2326 3601 et
2348 3543 2460 3600 lilio
2488 3542 2604 3599 Dei.
2651 3541 2825 3615 Epist.
2861 3543 2931 3597 ad
2975 3542 3196 3613 Ephes.,
3222 3559 3372 3613 capp.
3395 3542 3428 3596 7

168 3662 221 3707 et
249 3651 344 3707 20.

1734 3738 1875 3797 XIV.

240 3862 579 3917 Epnnmlws
612 3861 922 3932 patriarcha
951 3860 1402 3932 Theopolitanus,
1420 3862 1477 3914 in
1507 3859 1676 3930 Epist.
1713 3860 1781 3913 ad
1815 3858 2117 3932 zenobium
2147 3856 2904 3932 scholasticumﬁtnisenum.
2936 3852 3089 3923 Apud
3116 3852 3362 3908 Ριιοτιιιιι

953 3929 1208 3987 Βὶιιιίόιιι.
1238 3931 1369 3987 Cod.
1406 3929 1665 3997 ccxxvm,
1693 3947 1816 4001 pag.
1850 3929 1973 3998 7'78,
2001 3932 2129 3985 edit.
2159 3930 2473 4000 Bothomag.
2499 3929 2658 3984 1655.

244 4043 430 4111 Ὅπερ
451 4035 548 4093 οὖν
578 4038 791 4112 εἴρηται
819 4041 958 4096 κατὰ
977 4040 1037 4094 τδ
1064 4041 1245 4112 τρίτον
1276 4039 1567 4109 κεφάλαιον
1601 4039 1665 4093 ἐκ
1700 4057 1749 4093 τε

1935 4038 2094 4107 Quod
2143 4039 2306 4109 igitur
2352 4037 2513 4093 tertio
2569 4040 2748 4110 capite
2798 4038 3004 4095 dictum
3056 4046 3141 4093 est
3195 4045 3314 4092 tum
3367 4052 3436 4091 ex

174 4133 277 4187 τῶν
326 4132 708 4201 εὖαγγελικῶν
754 4131 947 4201 φωνῶν
982 4133 1075 4186 καὶ
1115 4134 1180 4186 ὲκ
1217 4132 1327 4185 τῶν
1357 4131 1749 4197 ἀποπολικῶν,

1866 4133 2216 4205 evangelicis,
2256 4141 2372 4188 tum
2400 4147 2468 4187 ex
2496 4131 2814 4201 apostolicis
2844 4132 3049 4197 verbis,
3084 4140 3246 4201 atque
3269 4130 3436 4186 etiam

179 4228 267 4279 καὶ
288 4226 357 4298 δὴ
382 4225 481 4278 καὶ
513 4225 579 4278 ἐκ
614 4224 725 4277 τῶν
752 4226 1036 4296 μακαρίων
1073 4225 1333 4297 Πατέρων
1362 4223 1519 4296 ἡμῶν
1541 4265 1556 4290 ,
1589 4225 1749 4294 Ίγνα-

1864 4240 1932 4281 ex
1963 4224 2140 4281 beatis
2174 4223 2434 4280 Patribus
2476 4223 2700 4288 nostris,
2733 4223 2943 4294 lgnatio
2976 4221 3233 4290 Deifero;
3267 4221 3439 4285 Julio',

176 4318 287 4371 τίου
353 4316 453 4370 τοῦ
508 4316 816 4387 Θεοφόρου,
848 4316 1090 4382 Ἰουλίου,
1145 4317 1240 4371 καὶ
1259 4315 1576 4371 Ἀθανασίου
1600 4358 1616 4384 ,
1665 4317 1749 4370 καὶ

1864 4318 2185 4387 Athanasio,
2221 4316 2499 4389 Cregoriis
2530 4325 2584 4372 et
2613 4314 2838 4380 Basilio,
2872 4328 2979 4372 etc.
3272 4320 3277 4324 ’

181 4409 500 4482 Γρηγορίων
522 4409 618 4462 καὶ
650 4409 954 4476 Βασιλείου,
984 4426 1039 4463 κ.
1063 4426 1115 4463 τ.
1144 4409 1193 4462 λ.

432 4522 589 4592 luxu,
607 4524 685 4581 De
709 4526 882 4580 sacris
910 4523 1216 4580 Antiochiae
1263 4524 1474 4595 legibus
1502 4523 1596 4579 lib.
1632 4539 1718 4581 ιιι.
1750 4520 1906 4595 Apud
1935 4519 2208 4584 Pnonun,
2236 4518 2394 4586 ibid.,
2432 4518 2564 4572 Cod.
2596 4532 2814 4584 ccxxtx,
2837 4534 2962 4596 pag.
2993 4516 3116 4573 8l0.
3160 4504 3163 4507 ’

242 4638 355 4691 Καὶ
394 4637 424 4688 ὁ
454 4635 728 4707 Θεοφὸρος
769 4635 829 4689 δὲ
869 4634 1132 4704 Ἰγνάτιος
1162 4634 1258 4688 καὶ
1308 4634 1539 4706 μάρτυς,
1582 4634 1749 4706 Σμυρ-

1940 4630 2118 4686 Etiam
2150 4630 2412 4701 lgnatius,
2437 4631 2520 4684 vir
2540 4629 2760 4685 divinus
2787 4638 2842 4684 et
2885 4638 3112 4700 martyr,
3150 4628 3438 4697 epistolam

182 4728 350 4792 ναίοις
379 4725 734 4791 ἐπιστέλλων,
766 4725 968 4796 ὁμοίως
994 4724 1257 4805 κέχρηται
1288 4724 1367 4797 τῷ
1398 4724 1612 4797 άρθρῳ.

1879 4723 1946 4778 ad
1984 4721 2298 4795 Sinyrnaeos
2326 4721 2596 4787 scribens,
2634 4721 2885 4778 similiter
2903 4724 3142 4787 articulo
3159 4722 3347 4782 utitur.
3418 4756 3425 4763 -

1777 4861 1894 4917 XV.

218 4962 429 5016 UILDAS
458 4959 714 5028 SAPIENS,
743 4961 799 5015 in
820 4959 1188 5033 Castigatione
1214 4962 1362 5018 Cleri
1402 4960 1718 5028 Britanniae,
1749 4959 1843 5016 sub
1867 4960 2102 5016 initium.
2129 4958 2215 5014 Ea:
2250 4957 2394 5014 Bibl.
2422 4957 2541 5013 PP.
2574 4954 2755 5012 Paris.
2776 4967 2904 5014 tom.
2940 4953 3003 5025 ν,
3026 4972 3150 5027 pag.
3184 4953 3310 5018 409,
3344 4952 3418 5012 [ιε

252 5076 397 5145 Quis
424 5086 694 5144 vestrum,
715 5085 779 5132 ut
798 5087 1024 5134 sanctus
1045 5086 1252 5150 martyr
1279 5076 1520 5150 lgnatius
1542 5077 1850 5133 Antiochiae
1874 5076 2031 5133 urbis
2058 5077 2375 5147 episcopus,
2401 5084 2524 5147 post
2548 5073 2903 5130 admirabiles
2929 5071 2985 5126 in
3013 5069 3233 5126 Christo
3262 5078 3421 5124 actus

186 5175 255 5229 ob
276 5173 662 5229 tastimonium
690 5174 836 5245 ejus,
873 5173 1096 5228 leonum
1135 5174 1299 5230 molis
1334 5172 1524 5229 Romae
1564 5171 1883 5230 confractus
1912 5173 2035 5229 est?
2062 5172 2236 5244 Cujus
2265 5172 2454 5247 verba,
2501 5186 2625 5227 cum
2670 5169 2740 5225 ad
2773 5153 3086 5239 passionem
3128 5163 3437 5231 duceretur,

188 5265 484 5319 audientes
516 5263 599 5333 (si
631 5264 928 5334 aliquando
953 5266 1138 5322 vultus
1162 5267 1329 5323 vestri
1360 5268 1563 5323 rubore
1603 5266 1800 5323 sull‘usi
1833 5267 2090 5337 essent),
2133 5280 2243 5321 non
2297 5264 2473 5321 solum
2509 5264 2564 5317 in
2601 5261 3015 5332 comparatione
3057 5257 3177 5328 ejus
3209 5271 3307 5311 vos
3335 5271 3447 5312 non

187 5360 457 5428 putabitis
492 5360 828 5428 sacerdotes,
862 5359 956 5415 sed
984 5376 1055 5416 ne
1083 5361 1389 5417 mediocres
1409 5361 1629 5431 quidem
1652 5359 2002 5416 Christianos
2028 5374 2171 5414 esse.
2197 5357 2290 5412 Ait
2314 5357 2460 5413 enim
2490 5355 2546 5409 in
2569 5353 2837 5426 Epistola,
2861 5367 3027 5425 quam
3054 5349 3121 5406 ad
3142 5348 3448 5411 Romanam

180 5451 492 5508 Ecclesiam
537 5451 692 5507 misit
715 5468 732 5508 :
769 5453 814 5505 A
849 5452 1011 5526 Syria
1044 5476 1210 5531 usque
1232 5460 1460 5516 Romam
1488 5476 1609 5515 cum
1638 5459 1816 5515 bestiis
1840 5468 1982 5513 terra
2004 5457 2241 5527 marique
2266 5455 2527 5526 depugno,
2552 5452 2640 5507 die
2671 5468 2735 5507 ac
2761 5461 2910 5506 nocte
2936 5464 3199 5504 connexus
3219 5455 3269 5502 et
3297 5445 3450 5500 colli-

192 5553 353 5611 gatus
382 5542 564 5599 decem
593 5544 887 5615 leopardis,
910 5550 1173 5607 militibus
1201 5553 1323 5607 dico
1365 5552 1435 5607 ad
1464 5551 1762 5606 custodiam
1797 5549 1970 5616 datis,
2002 5549 2093 5620 qui
2127 5563 2193 5603 es
2226 5547 2489 5617 beneﬁciis
2528 5545 2727 5600 nostris
2756 5547 2996 5603 steviores
3022 5543 3181 5613 ﬁunt.
3225 5542 3329 5598 Sed
3355 5558 3450 5611 ego

193 5654 375 5692 eorum
398 5640 651 5711 nequitiis
675 5644 845 5715 magis
868 5642 1116 5698 erudiar:
1140 5659 1232 5698 nec
1257 5652 1431 5698 tamen
1461 5644 1516 5699 in
1538 5642 1636 5696 hoc
1648 5641 1981 5712 justiﬁcatus
2022 5655 2161 5697 sum.
2188 5636 2232 5693 Ο
2251 5636 2513 5693 salutares
2537 5637 2728 5692 bestias
2752 5655 2869 5710 qute
2888 5645 3261 5709 praeparantur
3283 5632 3452 5687 mihi!

195 5733 428 5806 Quando
460 5739 663 5799 venient
687 5740 943 5813 iquando
970 5741 1314 5817 emittantur?
1327 5741 1535 5813 quando
1559 5741 1634 5797 eis
1667 5740 1777 5812 frui
1806 5738 1978 5796 licebit
2003 5737 2247 5794 carnibus
2282 5737 2452 5793 meis?
2482 5734 2629 5822 Quas
2656 5752 2747 5810 ego
2774 5748 2962 5808 exopto
2992 5736 3231 5791 acriores
3243 5733 3457 5802 parari.
