3878 6210
419 285 491 342 23
685 251 690 255 ’
833 264 843 272 ’
1509 284 1567 340 s.
1610 283 1955 341 lGNATlUS.
1997 320 2001 328 .

2107 283 2468 341 PROLEGQM
2477 284 2631 340 ENA.
3610 283 3687 337 24

423 412 471 456 et
514 398 746 452 invitabo
778 397 847 450 ad
875 396 1262 452 devorationem
1297 395 1430 457 mei,
1455 404 1505 448 et
1551 395 1899 463 deprecabor,
1943 411 2006 448 ne
2035 395 2192 463 forte,
2229 405 2285 447 ut
2317 395 2585 450 nonnullis
2617 395 2889 464 fecerunt,
2918 397 3138 449 timeant
3176 395 3436 466 attingere
3487 411 3684 466 corpus

425 511 595 551 meum
618 511 635 557 ;
663 494 920 563 quinimo,
948 493 994 544 si
1022 489 1428 556 cunctabantur,
1451 506 1544 561 ego
1558 491 1660 544 vim
1681 491 1900 559 faciam,
1924 507 2018 560 ego
2048 505 2127 544 me
2157 491 2411 560 ingeram.
2441 489 2598 557 Date,
2626 505 2823 561 quaso,
2847 493 3072 555 veniam;
3097 507 3190 562 ego
3218 494 3338 546 novi
3365 493 3496 562 quid
3521 510 3684 561 expe-

424 589 538 641 diat
564 587 728 649 mihi;
753 600 890 638 nunc
924 585 1120 653 incipio
1152 598 1261 636 esse
1284 581 1490 636 Christi
1514 577 1831 652 discipulus.
1863 579 2118 634 Facessat
2145 581 2347 634 invidia
2377 581 2454 634 vel
2476 582 2695 636 humani
2717 583 2960 651 affectus,
2982 582 3060 639 vel
3083 585 3329 653 nequitia:
3349 587 3682 654 spiritualis,

424 689 484 732 ut
514 677 697 732 Jcsum
724 676 995 731 Christum
1025 690 1230 728 merear
1271 674 1522 742 adipisci.
1565 672 1757 743 Ignes,
1805 689 2018 738 cruces,
2051 671 2263 739 bestiaz,
2312 673 2663 742 dispersiones
2712 675 2941 742 ossium,
2982 675 3460 746 discerptionesque
3507 694 3679 730 mem-

427 774 662 834 brorum,
695 788 757 824 ac
791 771 952 823 totius
979 770 1212 837 corporis
1241 783 1426 836 paene,
1464 780 1512 822 et
1540 769 1719 821 omnia
1745 769 1802 820 in
1836 785 1916 820 me
1948 784 2110 820 unum
2139 767 2403 836 supplicia
2442 767 2644 821 diaboli
2687 778 2801 823 arte
2832 771 3055 842 quwsita
3092 771 3477 841 compleantur,
3515 773 3680 826 dum-

426 863 580 915 modo
611 861 791 915 Iesum
819 859 1088 915 Christum
1114 875 1320 913 merear
1341 859 1661 928 adipisci....
1685 859 2034 913 Christianus
2057 873 2166 912 non
2205 859 2500 914 mediocris
2528 860 2623 916 sed
2648 859 2940 930 perfectus,
2975 863 3231 919 sacerdos
3275 879 3386 917 non
3418 863 3542 918 vilis
3572 866 3670 919 sed

425 953 750 1023 praecipuus,
783 953 952 1007 dicit:
989 950 1145 1005 Nunc
1182 951 1378 1019 incipio
1406 967 1518 1006 esse
1551 949 1752 1006 Christi
1790 948 2100 1019 discipulus.
2140 947 2314 1021 Epist.
2349 950 2414 1004 ad
2439 948 2623 1017 Rom.,
2655 967 2775 1021 cap.
2802 951 2854 1005 5.
2885 950 2963 1006 Ex
3014 949 3234 1021 Ruﬁno,
3270 949 3417 1008 Hist.
3457 954 3646 1010 eccles.

409 1043 521 1117 .lib.
555 1059 640 1107 ιιι,
673 1057 793 1112 cap.
825 1042 912 1096 56.

2003 1133 2141 1188 XVI.

1191 1244 1394 1306 Auctor
1421 1243 1683 1299 (Iunonum
1714 1241 2031 1314 Psscnsus,
2061 1265 2184 1320 pag.
2212 1248 2340 1316 221,
2371 1249 2498 1304 edit.
2529 1249 2709 1305 Paris.
2744 1250 2901 1305 1688.

493 1363 647 1428 Quod
677 1370 859 1416 autem
894 1360 1184 1426 Dominus,
1216 1360 1511 1430 praedicam
1545 1375 1642 1429 per
1669 1368 1782 1415 tres
1811 1374 1988 1415 annos
2022 1374 2068 1430 Α

421 1455 737 1527 Evangelio,
762 1454 831 1510 ad
869 1453 1233 1508 voluntariam
1259 1462 1315 1507 et
1346 1451 1618 1506 viviﬁcam
1655 1467 1873 1508 crucem
1904 1467 1996 1507 ve-

421 1549 600 1611 nerit,
645 1547 805 1602 docet
850 1545 1093 1617 lgnatius
1132 1545 1224 1604 ille
1274 1542 1455 1598 Deifer
1497 1551 1551 1598 et
1599 1554 1842 1615 martyr,
1901 1547 1994 1614 qui

419 1637 646 1694 Joannis
673 1637 908 1708 theologi
932 1637 1202 1708 genuinus
1230 1634 1532 1704 discipulus
1555 1633 1680 1700 fuit,
1714 1635 1997 1690 sanctissi-

2167 1363 2288 1416 Ὅτι
2319 1363 2378 1417 δὲ
2407 1367 2552 1435 τρεῖς
2584 1364 2862 1428 ἐνιαυτοὺς
2905 1365 3153 1436 κηρύξας
3195 1367 3256 1419 τὸ
3280 1367 3614 1437 [εὐαγγέλιον
3647 1371 3681 1422 ὁ

2098 1452 2303 1527 Κύριος
2339 1457 2432 1510 ἐπὶ
2464 1456 2556 1510 τὸν
2577 1456 2822 1510 ἑκούσιον
2850 1458 2944 1511 καὶ
2973 1457 3232 1522 ζωοποιὸν
3260 1455 3388 1530 ἦλθε
3422 1462 3679 1532 σταυρὸν,

2095 1545 2332 1599 διδάσκει
2391 1549 2485 1599 καὶ
2534 1547 2794 1616 Ἰγνάτιος
2836 1550 2864 1600 6
2903 1548 3172 1620 Θεοφὸρος
3221 1551 3312 1604 καὶ
3363 1551 3611 1623 μάρτυς,
3650 1556 3683 1607 6

2098 1638 2343 1690 Ἰωάννου
2367 1638 2461 1691 τοῦ
2491 1638 2750 1706 Θεολόγου
2776 1641 2998 1710 γνήσιος
3024 1639 3270 1712 μαθητὴς
3288 1641 3545 1711 γεγονὼς,
3577 1645 3684 1714 τῆς

421 1746 631 1800 maeque
660 1729 1013 1784 Antiochense
1027 1725 1282 1790 Ecclesiae
1309 1726 1605 1797 episcopus
1639 1727 1708 1781 ab
1733 1728 1996 1797 apostolis

421 1823 772 1878 constitutus.
803 1820 865 1876 Is‘
891 1821 1094 1891 quippe
1119 1820 1174 1874 in
1209 1817 1454 1889 Epistola
1487 1819 1554 1873 ad
1583 1817 1891 1873 Trallianos
1917 1819 1997 1874 sic

418 1915 588 1969 verbo
633 1927 794 1970 tenus
844 1913 1106 1982 scripsit:
1151 1910 1278 1966 Vere
1329 1913 1520 1965 etenim
1570 1911 1768 1981 peperit
1818 1909 1995 1964 Maria

419 2023 629 2077 corpus,
667 2006 776 2060 Deo
807 2007 864 2058 in
886 2022 946 2058 ea
974 2005 1267 2068 habitante,
1300 2013 1349 2060 et
1379 2019 1494 2057 vere
1536 2013 1692 2060 natus
1735 2013 1813 2057 est
1855 2001 1995 2056 Deus

431 2096 655 2151 Verbum
681 2113 746 2150 ex
783 2095 1017 2167 Virgine,
1051 2113 1238 2165 corpus
1279 2094 1530 2150 similiter
1566 2094 1718 2148 nobis
1746 2094 1997 2163 passibile

419 2189 531 2242 sine
569 2195 780 2256 peccato
821 2187 1065 2242 induens.
1129 2185 1256 2250 Vere
1301 2194 1581 2261 conceptus
1625 2194 1700 2239 est
1729 2186 1784 2236 in
1825 2193 1995 2251 utero,

421 2281 534 2350 (qui
559 2297 734 2334 omnes
764 2279 1000 2333 homines
1035 2281 1089 2332 in
1132 2278 1284 2334 vulva
1327 2279 1533 2348 ﬁngit),
1556 2279 1792 2345 formans
1822 2285 1872 2330 et
1913 2277 1998 2346 fa-

420 2374 563 2428 ciens
594 2373 693 2427 sibi
730 2387 918 2440 corpus
955 2388 1020 2426 ea:
1055 2369 1285 2440 Virgine,
1321 2370 1432 2424 sine
1477 2370 1672 2422 semine
1705 2369 1906 2423 scilicet
1949 2377 1999 2422 et

421 2464 800 2518 consuetudine
828 2464 965 2528 viri;
995 2474 1342 2533 portatusque
1371 2463 1424 2514 in
1453 2472 1622 2527 utero,
1649 2463 1787 2515 sicut
1825 2469 1874 2515 et
1905 2477 1997 2516 nos

421 2568 656 2624 tempore
685 2556 881 2624 portati
909 2571 1094 2608 sumus
1113 2567 1131 2604 :
1155 2563 1206 2607 et
1235 2569 1348 2606 vere
1369 2552 1602 2607 Iactatus
1638 2562 1716 2606 est
1750 2561 1800 2605 et
1827 2553 2000 2606 nutri-

423 2658 508 2701 tus
535 2648 671 2701 sicut
698 2663 828 2711 nos;
861 2654 910 2700 et
941 2647 1057 2700 cibo
1084 2655 1134 2700 et
1154 2655 1281 2716 potu
1318 2645 1480 2700 sicuti
1508 2654 1558 2698 et
1590 2660 1685 2698 nos
1719 2662 1842 2699 usus
1879 2653 2000 2710 est;

421 2749 472 2792 et
503 2740 726 2818 triginta
758 2754 923 2792 annos
965 2754 1123 2808 agens
1155 2737 1458 2806 baptizatus
1485 2743 1562 2789 est
1599 2751 1632 2788 α
1671 2734 1912 2799 Joanne,
1941 2738 1998 2790 in

421 2832 642 2884 veritate
675 2839 723 2884 et
746 2847 849 2883 non
877 2832 932 2883 in
955 2829 1344 2899 phantasmate.
1383 2826 1450 2880 Et
1485 2827 1650 2886 tribus
1677 2827 1831 2881 annis
1857 2839 1996 2896 prce-

422 2924 619 3000 dica'vit
652 2921 1017 2992 Evangelium,
1043 2931 1092 2974 et
1130 2921 1253 2990 fecit
1282 2920 1436 2990 signa
1461 2930 1510 2973 et
1543 2919 1786 2989 prodigia
1815 2933 1996 2972 coram

423 3013 580 3084 falsis
610 3013 854 3079 Judteis;
883 3022 931 3068 et
955 3013 1048 3067 sub
1079 3011 1260 3066 Pilato
1273 3012 1496 3082 praeside
1509 3009 1714 3066 Iudaea:
1722 3011 1999 3080 judicatus

421 3121 546 3172 est;
583 3107 886 3178 ﬂagellatus
928 3115 1041 3171 est,
1076 3104 1311 3174 colaphis
1355 3120 1520 3159 casus
1550 3112 1662 3169 est,
1709 3111 1997 3172 consputus

421 3210 522 3264 est,
549 3201 784 3269 spineam
815 3214 1063 3252 coronam
1093 3212 1512 3267 purpureamque
1542 3203 1730 3248 vestem
1751 3194 1999 3263 portavit,

423 3292 802 3345 condemnatus
822 3297 920 3358 est,
947 3291 1234 3359 cruciﬁxus
1253 3298 1327 3344 est
1352 3303 1488 3353 vere,
1512 3303 1617 3341 non
1639 3287 2001 3356 phantastice;

423 3400 587 3453 neque
619 3384 890 3452 fallaciter
919 3391 1158 3436 mortuus
1189 3391 1288 3448 est,
1327 3381 1418 3435 sed
1457 3395 1605 3444 vere;
1637 3378 1870 3448 sepultus
1901 3386 2000 3442 est,

423 3485 472 3532 et
499 3476 786 3529 resurrexit
817 3493 848 3528 α
875 3475 1117 3528 mortuis.
1150 3471 1290 3528 Ecce
1319 3481 1505 3541 aperte
1537 3473 1762 3526 omnino
1792 3471 1914 3524 talis
1938 3486 2004 3526 ac

425 3575 609 3621 tantus
632 3565 893 3622 Ecclesiae
928 3566 1120 3621 doctor
1149 3564 1384 3620 triennio
1417 3578 1448 3617 a
1489 3561 1783 3617 Servatore
1807 3561 2002 3631 praedi-

426 3669 607 3712 catum
659 3659 1006 3729 evangelium
1068 3657 1220 3712 dicit.
1269 3655 1354 3710 Ea:
1395 3657 1547 3724 epist.
1587 3654 1656 3708 ad
1699 3651 2002 3706 Trallianos

427 3750 694 3820 interpol.,
729 3767 844 3820 cap.
879 3751 964 3805 10.

2095 1728 2152 1780 δὲ
2189 1729 2247 1781 ὲν
2272 1729 2569 1801 Ἀντιοχείᾳ
2592 1731 2898 1802 ἁγιωτάτης
2923 1732 3246 1804 Ἐκκλησίας
3267 1733 3559 1798 ἐπίσκοπος
3573 1735 3686 1789 ὑπὸ

2096 1821 2206 1874 τῶν
2235 1823 2546 1876 ἀποστόλων
2592 1825 2964 1888 κατασταθείς.
3001 1827 3090 1878 Ἐν
3130 1829 3196 1896 τῇ
3237 1827 3375 1896 πρὸς
3411 1827 3686 1898 Τραλλια-

2097 1913 2220 1976 νοὺς
2256 1911 2434 1967 τοίνυν
2463 1911 2751 1986 Ἐπιστολῇ
2793 1915 3069 1986 γέγραφεν
3113 1917 3204 1969 ἐπὶ
3239 1915 3436 1980 λέξεως
3471 1917 3684 1981 οὕτως’

2111 2003 2373 2072 Ἀληθῶς
2418 2007 2625 2058 τοίνυν
2682 2004 2973 2074 ἐγέννησε
3023 2006 3220 2074 Μαρία
3266 2004 3436 2074 σῶμα
3458 2045 3472 2069 ,
3532 2009 3688 2061 Θεὸν

2096 2096 2242 2164 ἔχον
2271 2096 2537 2159 ἕνοικον,
2571 2097 2668 2149 καὶ
2706 2095 2944 2164 ἀληθῶς
2989 2096 3278 2165 ἐγεννήθη
3307 2099 3338 2150 ό
3383 2098 3574 2166 Λόγος
3613 2098 3688 2152 ἐκ

2098 2186 2208 2255 τῆς
2262 2188 2560 2256 παρθένου
2595 2191 2860 2257 Μαρίας,
2903 2188 3074 2257 σῶμα
3121 2188 3476 2257 ὁμοιοπαθὲς
3538 2190 3688 2258 ημῖν

2095 2279 2524 2350 ἠμφιεσμένος·
2569 2279 2833 2349 Ἀληθῶς
2860 2279 3104 2351 γέγονεν
3129 2281 3198 2334 ἐν
3214 2279 3433 2350 μήτρᾳ,
3459 2284 3491 2334 ό
3528 2281 3688 2334 πάνυ

2099 2388 2206 2439 τας
2230 2371 2580 2440 ἀνθρώπους
2602 2372 2672 2424 ἐν
2692 2371 2888 2440 μήτρᾳ
2919 2370 3325 2425 διαπλάττωνο
3352 2371 3448 2424 καὶ
3477 2371 3686 2439 ἐποίη-

2098 2480 2212 2518 σεν
2243 2464 2435 2529 ἐαυτῷ
2475 2463 2648 2533 σῶμα
2683 2462 2752 2516 ἐκ
2792 2462 2909 2516 τῶν
2938 2462 3046 2532 τῆς
3075 2463 3386 2532 Παρθένου
3417 2463 3687 2532 σπερμά-

2101 2573 2238 2619 των,
2275 2555 2444 2622 πλὴν
2485 2555 2636 2610 ὅσον
2679 2556 2917 2624 ὁμιλίας
2946 2555 3166 2624 ἀνδρὸς
3203 2556 3368 2611 ἄνευ.
3421 2557 3692 2626 Ἀληθῶς

2099 2647 2508 2717 ἐκυοφορήθη,
2547 2647 2632 2713 ὡς
2684 2648 2782 2701 καὶ
2835 2648 3026 2717 ἡμεῖς,
3071 2649 3307 2719 χρόνων
3348 2650 3686 2719 περιόδοιςο
3740 2638 3742 2640 ’

2030 2726 2072 2779 Β
2101 2741 2198 2795 καὶ
2231 2739 2470 2809 ἀληθῶς
2504 2739 2737 2809 ἐτέχθη,
2763 2740 2844 2806 ὡς
2886 2741 2987 2794 καὶ
3025 2741 3227 2812 ἡμεῖς·
3267 2744 3506 2812 ἀληθῶς
3545 2744 3688 2812 ἐγα-

2099 2827 2574 2898 λακτοτρορήθη,
2610 2829 2709 2883 καὶ
2736 2828 2962 2898 τροφῆς
2985 2830 3194 2898 κοινῆς
3210 2833 3307 2885 καὶ
3333 2833 3520 2886 ποτοῦ
3542 2849 3690 2902 μετ-

2093 2920 2302 2990 έσχεν,
2331 2920 2410 2984 ὠς
2455 2919 2553 2972 καὶ
2615 2919 2818 2989 ἡμεῖς’
2887 2921 2986 2974 καὶ
3024 2922 3183 2989 τρεῖς
3227 2923 3482 2990 δεκάδας
3529 2923 3690 2979 ἐτῶν

2102 3009 2613 3080 πολιτευσάμενος
2649 3012 2980 3082 ἐϐαπτίσθη
3015 3014 3134 3069 ὑπὸ
3184 3015 3463 3070 Ἰωάννου
3487 3057 3502 3079 ,
3531 3017 3691 3084 ἀλη-

2104 3103 2220 3170 θῶς
2270 3105 2365 3157 καὶ
2406 3106 2478 3158 οὐ
2524 3103 2791 3171 δοκήσει.
2815 3105 2926 3159 Καὶ
2981 3114 3029 3176 γ
3068 3108 3380 3174 ἐνιαυτοὺς
3419 3109 3692 3176 κηρύξας

2107 3196 2171 3250 τὸ
2204 3194 2592 3266 Εὐαγγέλιον,
2641 3197 2739 3251 καὶ
2779 3196 3040 3264 ποιήσας
3081 3199 3298 3269 σημεῖα
3339 3201 3438 3254 καὶ
3470 3200 3692 3268 τέρατα

2105 3287 2224 3342 ὑπὸ
2249 3285 2367 3340 τῶν
2408 3286 2906 3357 ψευδοτουδαίων,
2951 3289 3048 3342 καὶ
3088 3289 3350 3344 Πιλάτου
3392 3293 3693 3361 ἡγεμόνος

2107 3382 2141 3432 ό
2181 3377 2389 3447 κριτὴς
2419 3381 2643 3447 ἐκρίθη,
2691 3379 3062 3450 ἐμαστιτώθη
3089 3423 3104 3446 ,
3153 3381 3271 3436 ὑπὸ
3313 3382 3551 3436 δούλων
3586 3384 3692 3436 ἐπὶ

2109 3473 2292 3539 κόρης
2312 3471 2663 3540 ἑρῤαπίσθη,
2681 3471 3019 3541 ἐνεπτύσθη
3041 3514 3055 3538 ,
3095 3474 3418 3529 ἀκάνθινον
3459 3475 3691 3545 στέφα-

2107 3575 2221 3614 νον
2261 3561 2359 3616 καὶ
2396 3561 2746 3630 πορφυροῦν
2789 3562 3020 3632 ἱμάτιον
3049 3565 3318 3633 ἐφόρεσε,
3347 3567 3691 3634 κατεκρίθη,

2110 3652 2455 3720 ἐσταυρώθη
2505 3652 2762 3720 ἀληθῶς,
2801 3655 2874 3706 οὐ
2922 3653 3206 3720 δοκήσει,
3242 3658 3314 3708 οὺ
3357 3658 3690 3724 φαντασίᾳ,

2112 3746 2223 3797 οὐκ
2254 3743 2472 3812 ἀπάτῃ·
2527 3744 3122 3812 ἀπέθανενειῌηθῶς,
3169 3747 3266 3799 καὶ
3311 3746 3534 3816 ἐτάφη,
3586 3749 3693 3801 καὶ

425 3847 646 3917 ἠγέρθη
719 3845 787 3899 ἐκ
863 3844 980 3898 τῶν
1012 3843 1258 3912 νεκρῶν.
1301 3843 1429 3894 Ἰδοὺ
1464 3843 1712 3911 φανερῶς
1757 3843 1786 3893 6
1826 3837 2065 3900 τοιοῦτος
2123 3836 2217 3890 καὶ
2259 3836 2575 3907 τηλικοῦτος
2633 3837 2733 3907 τῆς
2786 3837 3107 3905 Ἐκκλησίας
3171 3838 3487 3902 διδάσκαλος
3539 3845 3693 3910 τρεῖς

436 3940 716 4001 ἐνιαυτοὺς
763 3937 998 4009 κηρύξαι
1049 3937 1111 3989 τὸ
1160 3934 1495 4003 Εὐαγγέλιον
1535 3937 1625 3989 τὸν
1658 3937 1884 4006 Σωτῆρα
1934 3936 2099 4002 λέγει.

501 4095 581 4148 Cl.
617 4092 940 4149 Dulresnius
972 4095 1025 4148 in
1071 4092 1216 4148 notis
1253 4091 1320 4145 ad
1367 4091 1514 4145 hunc
1543 4091 1726 4144 locum
1768 4098 1956 4144 mouet
1996 4099 2232 4145 veterem
2266 4088 2602 4160 lgnatianam
2642 4089 3153 4162 interpretationem
3189 4091 3292 4147 sibi
3321 4100 3642 4160 usurpatam
3672 4111 3688 4161 ;

433 4200 596 4260 quam
629 4197 810 4239 tamen
843 4183 1092 4239 nonnihil
1123 4183 1423 4253 pleniorem
1451 4192 1504 4236 et
1535 4180 1739 4235 alicubi
1765 4179 1974 4234 variam
2001 4180 2132 4234 editi
2157 4182 2434 4236 exhibent.

1968 4339 2126 4393 XVII.

529 4459 713 4515 tomus
763 4459 1052 4513 monachus
1079 4501 1093 4525 ,
1124 4462 1199 4518 De
1238 4462 1574 4518 OEconomia
1641 4463 1942 4536 seuj‘erho
1989 4464 2294 4529 incarnato,
2325 4465 2419 4536 lib.
2451 4481 2559 4532 vn,
2593 4484 2712 4536 cap.
2743 4466 2831 4520 5|.
2868 4463 3022 4534 Apud
3051 4463 3298 4518 Ριιοτιωι
3328 4460 3584 4516 Biblioth.

1721 4532 1852 4588 Cod.
1890 4549 2094 4601 ccxx",
2125 4551 2248 4606 pag.
2281 4535 2407 4589 692.

504 4644 639 4701 Nam
666 4648 770 4702 tria
792 4647 1011 4701 divinus
1038 4644 1278 4718 lgnatius
1302 4649 1485 4703 saeculi
1516 4649 1677 4719 hujus
1701 4649 2001 4718 principem

2190 4652 2328 4724 Φησὶ
2357 4651 2470 4722 γὰρ
2495 4654 2523 4704 6
2551 4651 2806 4722 Θεοφ-όρος
2825 4648 3086 4718 Ἰγνάτιος
3108 4646 3233 4717 τρία
3252 4645 3434 4698 λαϐεῖν
3464 4643 3558 4696 τὸν
3589 4642 3662 4713 ἄρ
3681 4670 3694 4682 -

433 4739 661 4793 latuisse
722 4748 1157 4806 commemorat;
1202 4741 1569 4812 virginitatem
1613 4741 1823 4806 Marize,
1874 4757 2006 4797 con-

434 4833 740 4901 ceptionem
794 4832 1052 4900 Domini,
1108 4842 1163 4889 et
1219 4835 1651 4889 crucilixionem.
1705 4833 1875 4904 Epist.
1935 4835 2004 4886 ad

438 4923 656 4995 Ephes.,
693 4942 811 4995 cap.
847 4926 934 4981 19.

2119 4759 2280 4815 χοντα
2322 4743 2418 4796 τοῦ
2451 4743 2645 4806 αἰῶνος
2693 4741 2912 4796 τούτου·
2947 4739 3048 4809 τὴν
3104 4735 3400 4808 παρθενίαν
3439 4733 3692 4805 Μαρίας,

2115 4836 2216 4907 τὴν
2255 4835 2517 4905 σύλληψιν
2549 4834 2643 4888 τοῦ
2672 4833 2900 4905 Κυρίου,
2941 4830 3036 4884 καὶ
3060 4830 3158 4898 τὴν
3191 4827 3492 4899 σταύρωσιν

1941 5104 2125 5160 XVII].

710 5228 980 5286 LEONTIUS
1007 5231 1371 5298 Byzm'rmus,
1403 5230 1494 5284 lib.
1529 5229 1601 5284 De
1626 5231 1814 5298 sectis,
1842 5234 1962 5285 Act.
1992 5247 2076 5297 ιιι,
2114 5231 2197 5286 Ea:
2225 5231 2353 5286 bibl.
2396 5229 2516 5284 PP.
2554 5229 2734 5284 Paris.
2767 5238 2894 5282 tom.
2927 5223 3022 5291 XI,
3050 5240 3172 5295 pag.
3214 5221 3339 5288 505,
3376 5220 3440 5274 C.

509 5343 777 5400 Caeterum
821 5347 1159 5415 temporibus
1197 5347 1327 5413 illis,
1349 5361 1471 5416 qua:
1499 5361 1530 5400 a
1557 5345 1763 5402 Christi
1818 5349 2013 5402 nativi-

447 5445 548 5493 .ate
579 5451 753 5506 usque
788 5437 856 5492 ad
896 5438 1184 5508 imperium
1227 5437 1571 5494 Constantini
1626 5449 2001 5506 numerantur,

2120 5440 2218 5494 τοῦ
2249 5438 2485 5511 Χριστοῦ
2517 5439 2678 5512 μέχρι
2697 5440 2795 5510 τῆς
2829 5435 3101 5509 βασιλείας
3122 5429 3529 5486 Κωνσταντίνου
3559 5428 3698 5482 διδά-

439 5528 497 5582 hi
540 5528 792 5584 doctores
811 5537 866 5584 et
896 5528 1083 5586 Patres
1127 5531 1452 5587 exstiterunt
1489 5547 1503 5582 :
1546 5527 1792 5600 lgnatius
1833 5530 2001 5586 Theo-

2126 5531 2313 5586 σκαλοι
2352 5531 2446 5584 καὶ
2478 5530 2712 5602 πατέρες
2740 5530 2874 5584 οἶδε’
2890 5526 3152 5596 Ἰγνάτιος
3170 5526 3199 5576 6
3220 5522 3507 5592 Θεοφόρος,
3526 5521 3694 5591 Εἰρη-

439 5621 669 5684 phorus,
710 5619 966 5690 lrenmus,
1005 5621 1271 5690 Justinus,
1291 5631 1395 5680 etc.
1440 5620 1550 5679 llos
1577 5637 1769 5682 omnes
1812 5634 2001 5684 secula

2124 5625 2292 5687 ναῖος,
2326 5624 2638 5688 Ἰουστῖνος,
2669 5641 2721 5676 κ.
2751 5639 2802 5674 τ.
2835 5620 2884 5674 λ.
2925 5617 3159 5680 Τούτους
3206 5616 3450 5677 ἅπαντας
3480 5612 3536 5666 αἱ
3575 5611 3693 5681 μετ’

440 5714 691 5786 ιιοίηςρρς
723 5715 958 5773 haereses
989 5717 1282 5792 excipiunt.

2130 5716 2322 5781 αὐτοὺς
2379 5715 2665 5789 γενόμεναι
2712 5712 2948 5788 αἱρέσεις
2992 5709 3258 5791 δέχονται.

2196 5347 2469 5417 Ἐγένοντο
2483 5347 2540 5400 δὲ
2567 5347 2625 5399 ὲν
2650 5347 2762 5408 τοῖς
2775 5344 2986 5417 χρόνοις
3008 5344 3120 5404 τοῖς
3139 5339 3246 5394 ἀπὸ
3269 5339 3368 5409 τῆς
3391 5336 3552 5407 γεννή
3562 5353 3695 5398 sum,
