3868 6208
430 274 499 328 e7
1519 286 1577 342 s.
1620 288 1969 349 IGNATIUS.
2012 324 2080 335 —
2118 293 2653 355 rnowconem.
3418 287 3423 291 '
3629 294 3702 349 28

2025 408 2187 466 XXV.

786 507 1036 568 Asnaus
1062 510 1388 578 CBETENSIS,
1422 517 1612 601 hami}.
1641 537 1711 608 ἐξ,
1743 522 1796 608 ιιι
1827 521 2053 608 Nativit.
2082 525 2143 578 Β.
2183 527 2444 599 Virginis.
2482 529 2568 608 Ea:
2597 548 2694 587 ms.
2736 533 2910 590 Oxon.
2946 540 3087 608 apud
3110 539 3371 599 Pnsnsou.

1557 591 1612 645 in
1641 591 1855 647 Vindic.
1890 594 2060 665 lgnat.
2099 608 2241 667 part.
2282 591 2323 667 Ῑ,
2347 617 2466 671 cap.
2496 603 2551 656 2.

501 687 572 745 Ut
606 693 684 746 ait
709 703 935 751 sanctus
978 697 1083 765 vir,
1114 699 1203 757 cui
1246 717 1444 757 nomen
1474 706 1720 774 lgnatius
1750 725 1765 762 :
1800 709 2013 765 Princi-
2040 721 2085 777 Α

2189 716 2287 780 Ὦς
2314 719 2445 789 φησί
2472 736 2572 773 που
2627 720 2780 790 ἅγιος
2811 725 2970 796 ἀνὴρ,
3009 726 3269 793 Ἰγνάτιος
3307 727 3473 800 ὄνομα
3508 732 3657 791 aliti.“-

426 797 540 849 pem
585 783 744 853 hujus
794 787 980 841 διεσαίί
1006 788 1167 843 latuit
1198 792 1475 862 uirginitas
1503 795 1715 863 Mariae,
1742 809 1792 853 et
1820 811 2007 869 partus

2114 808 2219 861 Kal
2254 783 2434 864 ἔλαθε
2459 810 2567 866 τόν
2592 783 2857 884 ἄρχοκτα
3024 783 3665 894 αἰῶνοςττούέουήπαρ
3690 852 3705 865 -

425 873 558 942 ejus,
586 876 835 931 similiter
854 889 902 932 et
942 897 1082 935 mars
1119 882 1318 938 Christi
1342 901 1360 938 :
1390 888 1496 940 tria
1523 892 1794 945 tremenda
1817 904 2012 964 myste-

426 966 531 1031 ria,
561 983 678 1036 qua:
697 968 749 1023 in
778 971 990 1027 silentio
1012 973 1109 1029 Dei
1136 975 1283 1045 facta
1310 989 1456 1034 sunt.
1484 978 1660 1052 Epist.
1684 984 1752 1039 ad
1779 984 2008 1056 Ephes.,

424 1073 545 1130 cap.
587 1061 674 1117 19.

2109 900 2279 954 aeria
2318 904 2570 971 Μαρίας,
2602 907 2700 959 καί
2738 910 2771 961 ό
2822 909 2999 975 τόκος
3043 910 3253 979 αὐτῆς,
3277 915 3488 984 ὁμοίως
3529 918 3625 970 καὶ
3656 920 3698 971 ὁ

2110 990 2365 1061 θάνατος
2387 997 2492 1050 τοῦ
2507 999 2785 1066 Χριστοῦ
2804 1001 2938 1068 τρία
2954 1002 3257 1072 μυστήρια
3276 1007 3507 1075 φρικτὰ,
3517 1008 3693 1064 ἅτινα

2110 1083 2182 1138 ἐν
2212 1086 2441 1157 ἠσυχίᾳ
2470 1088 2619 1144 Θεοῦ
2643 1090 2932 1162 ἐπράχθη.

1983 1196 2173 1255 XXVI.

1283 1282 1563 1355 Amemus
1594 1285 1850 1358 Msussa,
1892 1289 2023 1348 Loc.
2068 1310 2293 1364 comm.,
2325 1297 2419 1354 lib.
2453 1314 2514 1367 ιι,
2544 1316 2661 1371 cap.
2700 1301 2790 1357 48.

490 1383 691 1443 Omnes
742 1387 900 1456 ferto,
932 1401 993 1447 ut
1037 1401 1090 1449 te
1135 1393 1435 1462 Dominus;
1466 1415 1657 1457 omnes
1691 1404 1902 1460 sustine
1946 1405 1999 1459 in

421 1477 716 1548 charitate;
743 1483 956 1551 pustula
974 1486 1320 1555 prudentiam
1343 1492 1607 1562 majorem
1624 1510 1689 1550 ea
1720 1512 1885 1567 quam
1904 1498 2001 1551 ha-

422 1568 538 1624 bes.
567 1572 823 1628 Omnium
853 1578 1078 1634 morbos
1100 1590 1292 1649 porta;
1321 1584 1411 1637 ubi
1443 1585 1590 1640 enim
1620 1585 1742 1656 plus
1772 1587 2005 1653 laboris,

420 1662 496 1718 ibi
524 1662 663 1720 lucri
699 1667 952 1725 multum.
982 1668 1154 1741 Epist.
1181 1674 1251 1728 ad
1283 1674 1594 1749 Polycarp.,
1618 1696 1735 1750 cap.
1769 1682 1820 1736 1.

2182 1410 2399 1476 Πάντας
2432 1411 2669 1483 βάσταζε
2720 1415 2797 1480 ὥς
2841 1435 2898 1470 σε
2929 1419 2958 1471 6
2993 1420 3227 1491 Κύριοςο
3253 1422 3468 1477 πάντων
3496 1424 3694 1496 ἀνέχου

2111 1500 2168 1555 ὲν
2205 1503 2428 1578 ἀγάπῃο
2463 1506 2614 1559 αἰτοῦ
2656 1508 2868 1562 σύνεσιν
2904 1511 3123 1566 πλείονα
3155 1509 3222 1585 ἦς
3270 1513 3432 1585 ἔχεις.
3468 1517 3695 1570 Πάντων

2110 1593 2209 1659 τὰς
2240 1596 2428 1663 νόσους
2462 1599 2695 1670 βάσταζε
2713 1618 2725 1631 ’
2762 1603 2894 1656 ὅπου
2919 1603 3028 1676 γὰρ
3049 1605 3246 1662 πλείων
3268 1608 3456 1674 κόπος,
3476 1609 3609 1665 πολὺ
3631 1610 3695 1663 τὺ

2109 1686 2328 1759 κέρδος.

1647 1799 1801 1866 lusu,
1846 1801 2003 1870 ibid.,
2028 1803 2125 1858 lib.
2157 1819 2218 1869 ιι,
2243 1820 2362 1874 cap.
2394 1802 2479 1860 89.

492 1898 648 1957 Stato
691 1906 852 1974 quasi
898 1906 1077 1975 incus,
1115 1910 1247 1965 dum
1297 1914 1558 1982 caaderis;
1619 1920 1872 1987 generosi
1917 1931 2003 1977 est

418 1994 655 2063 athletae,
690 1998 826 2053 caedi
871 2009 926 2055 et
980 2002 1233 2071 vincere;
1267 2007 1509 2063 maxime
1562 2019 1782 2079 propter
1826 2011 1999 2067 Deum

416 2087 600 2142 omnia
633 2091 954 2148 sustinenda
985 2103 1134 2161 sunt,
1172 2105 1232 2151 ut
1277 2098 1395 2168 ipse
1435 2115 1658 2172 quoque
1694 2117 1796 2158 nos
1834 2103 2002 2160 susti-

420 2185 563 2232 neat.
596 2180 677 2234 Ad
708 2181 1019 2255 Polycarp.,
1055 2202 1172 2257 cap.
1198 2188 1252 2242 5.

2176 1922 2353 1993 Στῆκε
2392 1924 2469 1989 ὡς
2511 1925 2723 1996 ἄκμων,
2759 1930 3092 2001 τυπτόμενος
3112 1948 3124 1959 ·
3165 1930 3402 2001 μεγάλου
3453 1931 3695 2003 ἀθλητοῦ

2104 2014 2221 2068 ἐστι
2269 2015 2520 2087 δέρεσθαι
2566 2019 2662 2073 καὶ
2710 2022 2903 2092 νικᾷν-
2941 2022 3176 2093 μάλιστα
3219 2023 3277 2076 δὲ
3318 2025 3500 2077 ἕνεκεν
3549 2023 3695 2078 Θεοῦ

2107 2106 2285 2161 πάντα
2313 2109 2462 2180 ἡμᾶς
2494 2110 2786 2183 ὑπομένειν
2817 2112 2921 2178 δεῖ,
2948 2114 3037 2168 ἵνα
3068 2116 3162 2169 καὶ
3188 2116 3349 2179 αὐτὸς
3374 2117 3520 2187 ἡμᾶς
3553 2117 3693 2171 ὑπο-

2110 2199 2267 2272 μένῃ.

1616 2305 1771 2374 ῐοειι,
1801 2307 1961 2376 ibid.,
1990 2310 2084 2365 tib.
2129 2327 2191 2380 ιι,
2227 2330 2345 2384 cap.
2379 2315 2471 2372 25.

490 2403 644 2462 Servi
676 2424 785 2464 non
832 2406 1143 2471 desiderent
1169 2432 1198 2471 a
1225 2419 1507 2474 communi
1529 2420 1688 2477 liberi
1713 2422 1865 2488 ﬁeri;
1895 2425 1991 2480 sed

2172 2429 2236 2481 Οἰ
2265 2428 2442 2484 δοῦλοι
2473 2437 2548 2503 μὴ
2585 2433 2868 2504 ὲράτωσαν
2901 2435 3009 2489 ἀπὸ
3041 2435 3222 2489 κοινοῦ
3252 2436 3693 2509 ἐλευθεροῦσθαί,

418 2495 473 2550 in
520 2498 745 2568 gloriam
801 2501 895 2558 Dei
934 2506 1055 2575 plus
1092 2511 1357 2578 serviant,
1385 2520 1446 2567 ut
1482 2514 1695 2569 meliori
1744 2516 1995 2574 libertate

416 2602 448 2642 α
476 2587 586 2645 Deo
609 2592 907 2661 potiantur.
948 2599 1032 2653 Ad
1057 2599 1367 2674 Polycarp.,
1392 2621 1506 2674 cap.
1539 2605 1593 2659 4.

2099 2517 2212 2571 ἀλλ’
2232 2521 2321 2583 εἰς
2340 2520 2497 2587 δόξαν
2522 2522 2660 2577 Θεοῦ
2689 2524 2850 2578 πλέον
2881 2526 3301 2593 δουλευέτωσαν,
3332 2530 3418 2583 ἵνα
3438 2530 3691 2601 κρείττο-

2099 2627 2189 2675 νος
2219 2611 2534 2686 ἐλευθερίας
2561 2614 2669 2669 ἀπὸ
2696 2615 2831 2670 Θεοῦ
2860 2617 3113 2689 τύχωσιν.

1634 2721 1789 2787 IDEM,
1832 2721 1988 2786 ibid.,
2020 2722 2115 2777 lib.
2150 2740 2191 2791 ι,
2213 2742 2331 2796 cap.
2374 2725 2461 2783 14.

488 2800 546 2855 Si
576 2803 700 2872 quis
729 2804 780 2858 in
817 2807 1067 2863 castitate
1119 2826 1340 2867 manere
1380 2822 1560 2884 potest
1603 2817 1670 2871 ad
1724 2818 1992 2874 honorem

411 2896 598 2951 carnis
629 2895 863 2965 Domini,
893 2899 1298 2971 sinejactantia
1338 2918 1584 2976 maneat;
1627 2919 1684 2964 et
1730 2911 1777 2966 si
1817 2913 1990 2968 videri

412 2985 530 3040 vult
557 2987 679 3056 plus
709 2990 990 3061 episcopo,
1028 3006 1321 3066 corruptus
1346 3009 1447 3053 est.
1484 2998 1652 3057 Decet
1677 3012 1859 3058 autem
1887 3005 1991 3060 du-

410 3087 599 3135 centes
652 3089 707 3135 et
750 3082 943 3140 ductas
972 3101 1113 3163 cum
1148 3090 1419 3146 sententia
1453 3092 1695 3163 episcopi
1726 3095 1986 3152 unionem

410 3167 612 3239 facere,
662 3182 724 3227 ut
772 3162 978 3246 nuptiae
1031 3178 1165 3241 ﬁant
1212 3182 1523 3237 secundum
1568 3162 1760 3255 Deum,
1791 3198 1846 3245 et
1882 3205 1991 3245 non

409 3265 709 3329 secundum
739 3269 1114 3339 cupiditatem.
1143 3271 1228 3329 Ad
1248 3272 1578 3345 [Polycarpn
1599 3293 1716 3347 cap.
1757 3278 1810 3333 5.

2164 2821 2234 2875 Εἴ
2256 2838 2341 2886 τις
2359 2822 2581 2878 δύναται
2609 2826 2668 2879 ὲν
2696 2825 2890 2898 ἁγνείᾳ
2923 2827 3104 2899 μένειν
3126 2832 3208 2894 εἰς
3238 2833 3401 2903 τιμὴν
3431 2834 3529 2905 τῆς
3555 2853 3693 2907 σαρ-

2094 2912 2189 2978 κὸς
2221 2914 2319 2969 τοῦ
2352 2917 2658 2988 Κυρίου,ὲν
2688 2918 3004 2993 ἀκαυχησίᾳ
3037 2923 3247 2992 μενέτω
3269 2941 3283 2954 ·
3318 2926 3412 2979 καὶ
3435 2926 3528 2979 ἐὰν
3547 2944 3691 2994 γνω-

2104 3004 2206 3077 σθῇ
2242 3005 2406 3060 πλέον
2434 3008 2528 3061 τοῦ
2563 3011 2888 3078 ἐπισκόπου,
2920 3012 3209 3087 ἔφθαρται.
3245 3018 3453 3089 Πρέπει
3488 3020 3545 3074 δὲ
3571 3024 3691 3085 τοῖς

2097 3098 2338 3170 γαμοῦσι
2392 3103 2487 3155 καὶ
2536 3106 2656 3167 ταῖς
2709 3106 3109 3177 γαμουμέναις,
3142 3110 3285 3181 μετὰ
3325 3111 3549 3185 γνώμης
3586 3112 3688 3168 τοῦ

2099 3191 2400 3248 ἐπισκόπου
2428 3194 2528 3265 τὴν
2560 3195 2756 3251 ἕνωσιν
2789 3200 3082 3269 ποιεῖσθαι,
3117 3204 3206 3258 ἵνα
3229 3205 3260 3258 6
3287 3206 3461 3277 γάμος
3541 3208 3686 3262 κατὰ

2101 3280 2257 3348 Θεὸν,
2288 3285 2383 3339 καὶ
2427 3286 2502 3360 μὴ
2550 3290 2669 3342 κατ’
2704 3290 3020 3363 ἐπιθυμίαν.

1658 3394 1816 3463 Ιυειι,
1844 3396 1999 3463 ibid.,
2031 3397 2124 3453 lib.
2153 3414 2216 3466 ιι,
2250 3418 2366 3472 cap.
2404 3402 2491 3457 84.

484 3494 763 3554 Patienter
805 3500 894 3554 alii
937 3501 1076 3559 alios
1098 3519 1222 3559 cum
1258 3510 1679 3566 mansuetudine
1711 3513 1985 3582 patimini,

414 3596 473 3642 ut
496 3604 595 3644 nos
620 3605 836 3662 semper
860 3590 1024 3650 Deus.
1051 3596 1133 3650 Ad
1161 3596 1473 3671 Polycarp.,
1500 3620 1618 3673 cap.
1649 3603 1703 3659 6.

2163 3516 2587 3589 Μακροθυμεῖτε
2637 3522 2754 3590 μετ’
2787 3521 3031 3593 ἀλλήλων
3089 3521 3147 3575 ὲν
3200 3522 3492 3593 πραΰτητι,
3534 3523 3610 3585 ὡς
3654 3525 3684 3575 6

2097 3607 2230 3672 Θεὸς
2262 3609 2379 3680 μεθ’
2407 3610 2563 3682 ἡμῶν
2594 3611 2685 3665 διὰ
2713 3613 2930 3678 παντός.

1663 3719 1820 3785 lusu,
1852 3717 2008 3787 ibid.,
2034 3718 2132 3775 lib.
2161 3737 2222 3786 ιι,
2251 3738 2367 3792 cap.
2401 3722 2453 3777 5.

486 3823 618 3879 Date
645 3840 870 3896 operam
908 3844 977 3885 ne
1005 3831 1284 3890 resistatis
1309 3834 1589 3907 episcopo,
1612 3846 1673 3892 ut
1716 3839 1837 3894 sitis
1882 3838 1994 3896 Deo

2170 3843 2516 3898 Σπουδάσατε
2570 3846 2645 3917 μὴ
2688 3844 3102 3903 ἀντιτάσσεσθαι
3142 3846 3220 3918 τῷ
3258 3846 3559 3916 ὲπισκόπῳ,
3590 3847 3679 3901 ἵνα

414 3911 677 3981 subjecti;
722 3924 778 3969 et
819 3931 931 3999 quo
983 3920 1159 3991 magis
1208 3924 1434 3979 tacitum
1485 3926 1732 3984 videritis
1776 3930 1991 3999 episco-

334 4064 340 4070 θ
414 4016 567 4070 pum,
608 4018 675 4059 eo
730 4008 905 4078 magis
952 4009 1109 4066 illum
1150 4015 1396 4070 metuite.
1425 4016 1821 4090 Quemcunque
1846 4021 1992 4077 enim

414 4094 582 4149 mittit
635 4098 1028 4166 paterfamilias
1082 4112 1143 4159 ut
1191 4106 1266 4161 rei
1322 4108 1638 4165 domestica;
1666 4112 1871 4180 praesit,
1913 4112 1993 4169 sic

413 4187 571 4242 decet
597 4206 700 4246 nos
738 4192 989 4264 excipere
1016 4197 1165 4253 velut
1198 4198 1378 4268 ipsum
1421 4200 1517 4270 qui
1545 4203 1730 4259 mittit.
1764 4203 1993 4273 Episco-

413 4294 543 4347 pum
595 4281 758 4353 igitur
804 4292 1066 4357 tanquam
1119 4287 1412 4346 Dominum
1469 4293 1650 4363 ipsum
1705 4299 1990 4366 suspicere

411 4382 645 4443 oportet.
676 4374 761 4429 Ad
784 4375 1001 4449 Ephes.,
1029 4396 1181 4451 capp.
1207 4382 1241 4438 5
1279 4392 1333 4438 et
1367 4381 1422 4438 6.

2098 3931 2196 4008 ἦτε
2240 3935 2360 4007 Θεῷ
2393 3938 2857 4009 ὑποτασσόμενοι·
2890 3939 2985 3994 καὶ
3026 3940 3150 3993 ὅσον
3185 3938 3408 4009 βλέπετε
3443 3938 3677 4006 σιγῶντα

2095 4028 2186 4081 τὸν
2215 4029 2531 4094 ἐπίσκοπον,
2563 4031 2724 4085 πλέον
2757 4033 2918 4086 αὐτὸν
2962 4032 3236 4102 φοϐεῖσθε.
3271 4032 3455 4085 Πάντα
3483 4031 3590 4104 γὰρ
3617 4032 3677 4084 ὃν

2099 4117 2306 4188 πέμπει
2331 4121 2360 4172 6
2384 4119 2765 4191 οἰκοδεσπότης
2787 4124 2866 4185 εἰς
2895 4122 3030 4177 ἰδίαν
3058 4121 3388 4193 οἰκονομίαν,
3404 4119 3576 4185 οὕτως
3594 4120 3678 4174 δεῖ

2097 4210 2246 4280 ἡμᾶς
2288 4210 2451 4265 αὐτὸν
2494 4212 2743 4284 δέχεσθαι
2780 4215 2857 4278 ὡς
2905 4214 3067 4267 αὐτὸν
3097 4213 3188 4267 τὸν
3232 4213 3536 4284 πέμποντα.
3571 4214 3675 4267 Τὸν

2094 4296 2188 4356 οὖν
2244 4303 2541 4361 ἐπίσκοπον
2590 4306 2667 4371 ὡς
2722 4306 2884 4361 αὑτὸν
2934 4306 3026 4362 τὸν
3073 4308 3276 4379 Κύριον
3317 4306 3397 4360 δεῖ
3443 4306 3673 4378 προϐλέ-

2099 4410 2243 4448 πειν.

1622 4501 1779 4571 lusu,
1813 4502 1966 4572 ibid.,
1997 4504 2091 4562 lib.
2131 4524 2192 4569 ιι,
2220 4525 2340 4579 cap.
2373 4508 2462 4565 G7.

480 4608 626 4667 Nihil
647 4621 731 4667 est
747 4630 881 4684 pace
905 4617 1134 4684 melius,
1176 4635 1288 4690 qua
1327 4634 1490 4677 omne
1521 4621 1723 4677 bellum
1755 4610 1981 4678 dirimi-

414 4711 521 4758 tur.
550 4704 633 4759 Ad
664 4704 879 4777 Eplies.,
912 4726 1030 4780 cap.
1059 4711 1144 4766 15.

2167 4628 2333 4685 Οὐδέν
2380 4630 2526 4682 ἐστιν
2561 4628 2783 4701 ἄμεινον
2806 4628 3031 4700 εἰρήνης
3050 4665 3066 4691 ,
3089 4627 3148 4680 ὲν
3257 4626 3364 4690 πᾶς
3389 4627 3418 4679 6
3441 4623 3672 4694 πόλεμος

2096 4718 2438 4772 καταλύεται.

1623 4831 1776 4900 Ιοιῑιι,
1810 4831 1969 4897 ibid.,
2000 4831 2094 4886 lib.
2130 4847 2193 4893 ιι,
2218 4849 2335 4902 cap.
2373 4832 2461 4888 19.

482 4919 703 4978 Samuel
750 4937 875 4978 cum
919 4922 1102 4979 adhuc
1145 4938 1349 4994 parvus
1392 4941 1529 4997 puer
1569 4935 1747 4993 esset,
1789 4926 1989 4983 Videns
2019 4951 2064 5007 ι)

410 5022 496 5069 est
517 5026 766 5083 vocatus,
800 5030 864 5071 ac
896 5015 950 5069 in
986 5017 1377 5097 prophetarum
1403 5033 1632 5074 numero
1649 5028 1733 5075 est
1766 5028 1988 5090 coopta-

410 5116 518 5162 tus.
544 5106 731 5162 Daniel
760 5107 939 5163 adhuc
956 5107 1176 5178 juvenis
1200 5123 1468 5166 consenes
1487 5111 1754 5181 quosdam
1775 5111 1986 5182 judicio

408 5197 711 5262 damnavit,
733 5212 941 5267 eosque
974 5213 1085 5253 non
1117 5200 1385 5266 seniores,
1430 5202 1523 5256 sed
1548 5202 1760 5271 perdite
1802 5202 1988 5258 libidi-

410 5305 576 5345 nosas
601 5304 727 5346 esse
758 5290 1175 5347 demonstravit.
1208 5292 1479 5350 Jcremias
1525 5309 1650 5349 cum
1680 5294 1987 5365 juventutis

410 5398 578 5437 causa
610 5423 625 5447 ,
659 5398 779 5438 eam
828 5399 994 5454 quam
1035 5382 1179 5440 Deus
1228 5384 1281 5441 ei
1332 5387 1583 5442 tradebat
1624 5389 1989 5458 prophetandi

410 5476 747 5546 provinciam
766 5485 1068 5544 recusaret,
1090 5494 1121 5532 a
1141 5477 1253 5535 Deo
1277 5480 1368 5535 illa
1397 5480 1584 5535 audit:
1621 5479 1696 5536 Te
1711 5481 1986 5551 juniorem

410 5581 536 5623 esse
555 5582 624 5630 ne
642 5568 813 5624 dicito
839 5587 853 5624 ;
878 5568 948 5623 ad
978 5584 1336 5641 quoscunque
1355 5570 1500 5627 enim
1529 5580 1580 5629 te
1606 5572 1831 5639 misero,
1859 5588 1988 5644 pro-

411 5657 697 5713 ﬁcisceris.
735 5657 994 5716 Salomon
1034 5669 1218 5718 autem
1268 5663 1359 5718 ille
1400 5664 1653 5734 sapiens,
1687 5680 1812 5721 cum
1846 5665 1983 5731 duo;

411 5749 587 5816 decim
615 5751 835 5808 haberet
856 5768 1050 5821 annos,
1078 5769 1332 5827 magnam
1368 5757 1725 5829 qumSIionem
1751 5756 1816 5815 de
1838 5757 1985 5828 igno-

2178 4926 2236 4979 Ὀ
2264 4925 2515 4998 Σαμουὴλ
2552 4926 2838 4998 παιδάριον
2872 4924 2970 4991 ῶν,
3003 4926 3033 4979 6
3056 4923 3277 4978 Βλέπων
3306 4923 3539 4995 ἐκλήθη,
3578 4924 3669 4975 καὶ

2091 5018 2170 5089 τῷ
2213 5016 2360 5089 χορῷ
2399 5017 2509 5071 τῶν
2548 5016 2844 5089 προφητῶν
2882 5016 3267 5087 ὲγκατελέχθη.
3320 5015 3515 5087 Δανιὴλ
3551 5014 3667 5079 νέος

2092 5110 2189 5177 ὣν,
2206 5111 2417 5183 ἔκρινεν
2439 5110 2605 5182 δμογέ
2614 5110 2804 5182 ροντάς
2820 5127 2992 5176 τινας,
3014 5109 3193 5174 δείξας
3212 5108 3428 5174 ἐξώλεις
3448 5108 3663 5171 αὐτοὺς,

2090 5204 2153 5257 οὺ
2181 5202 2584 5275 πρεσϐυτέρους
2614 5198 2773 5256 εἶναι.
2809 5201 3078 5273 Ἱερεμίας
3104 5200 3195 5255 διὰ
3216 5200 3278 5254 τὸ
3314 5200 3432 5255 νέον
3459 5216 3665 5271 παραι-

2089 5294 2350 5367 τούμενος
2384 5294 2484 5366 τὴν
2527 5292 2972 5365 ὲγχειριζομένην
3025 5293 3175 5364 αὐτῷ
3210 5292 3363 5365 παρὰ
3398 5291 3492 5346 τοῦ
3528 5290 3664 5344 Θεοῦ

2091 5388 2448 5461 προφητείαν,
2473 5387 2690 5441 ἀκούει·
2721 5387 2815 5460 Μὴ
2841 5388 2995 5458 λέγε,
3035 5385 3300 5471 νεώτερος
3347 5385 3492 5457 εἰμί·
3526 5384 3661 5438 διότι

2089 5481 2226 5552 πρὸς
2262 5480 2467 5543 πάντας
2508 5480 2604 5545 οὓς
2636 5480 2734 5535 ἐὰν
2767 5479 3112 5548 ἐξαποστελῶ
3142 5497 3224 5543 σε,
3258 5479 3520 5552 πορεύσῃ.
3553 5478 3659 5530 Σα-

2087 5572 2271 5644 λομῶν
2301 5572 2358 5627 δὲ
2381 5574 2409 5626 6
2440 5573 2602 5644 σοφὸς
2620 5613 2635 5638 ,
2677 5573 2999 5639 δυοκαίδεκα
3029 5571 3311 5643 τυγχάνων
3337 5570 3501 5635 ἐτῶν,
3531 5585 3661 5623 συν-

2086 5666 2188 5738 ἧκε
2230 5666 2293 5720 τὸ
2338 5667 2478 5737 μέγα
2527 5668 2625 5738 τῆς
2652 5667 2925 5736 ἀγνωσίας
2952 5666 3062 5719 τῶν
3101 5664 3378 5736 γυναικῶν
3414 5663 3508 5718 ἐπὶ
3531 5663 3660 5761 ’τοῖς

2088 5758 2367 5835 σφετέροις
2416 5759 2624 5824 τέκνοις
2664 5758 2899 5831 ζήτημα.
2937 5756 3100 5815 Δαϐὶδ
3130 5757 3159 5811 6
3203 5757 3485 5838 προφήτης
3521 5754 3659 5824 ὁμοῆ
