  <div class='ocr_page' id='page_1' title='image "/cluster/home/n/w/nwhite01/storage/ocr_20150623/5/nnc1.0046978607/023.png"; bbox 0 0 3878 6210; ppageno 0'>
   <div class='ocr_carea' id='block_1_1' title="bbox 374 281 3647 351">
    <p class='ocr_par' dir='ltr' id='par_1_1' title="bbox 374 281 3647 351">
     <span class='ocr_line' id='line_1_1' title="bbox 374 281 3647 351; baseline 0.004 -14"><span class='ocrx_word' id='word_1_1' title='bbox 374 281 438 337; x_wconf 70' lang='lat' dir='ltr'><strong><em>Si</em></strong></span> <span class='ocrx_word' id='word_1_2' title='bbox 1453 289 1512 344; x_wconf 68' lang='grc' dir='ltr'><strong><em>Β.</em></strong></span> <span class='ocrx_word' id='word_1_3' title='bbox 1554 287 1905 346; x_wconf 80' lang='lat' dir='ltr'><strong><em>IGNATIUS.</em></strong></span> <span class='ocrx_word' id='word_1_4' title='bbox 1944 322 2013 331; x_wconf 90' lang='lat'><strong><em>-—</em></strong></span> <span class='ocrx_word' id='word_1_5' title='bbox 2047 290 2583 347; x_wconf 73' lang='lat' dir='ltr'><strong><em>PROLECOMENA.</em></strong></span> <span class='ocrx_word' id='word_1_6' title='bbox 3573 294 3647 351; x_wconf 65' lang='lat'><strong>33</strong></span> 
     </span>
    </p>
   </div>
   <div class='ocr_carea' id='block_1_2' title="bbox 1832 418 2167 487">
    <p class='ocr_par' dir='ltr' id='par_1_2' title="bbox 1832 418 2167 487">
     <span class='ocr_line' id='line_1_2' title="bbox 1832 418 2167 487; baseline 0.003 -14"><span class='ocrx_word' id='word_1_7' title='bbox 1832 418 1985 487; x_wconf 77' lang='grc' dir='ltr'><strong><em>Ιυειί,</em></strong></span> <span class='ocrx_word' id='word_1_8' title='bbox 2038 421 2167 475; x_wconf 90' lang='lat' dir='ltr'><strong><em>ibid.</em></strong></span> 
     </span>
    </p>
   </div>
   <div class='ocr_carea' id='block_1_3' title="bbox 446 528 3639 606">
    <p class='ocr_par' dir='ltr' id='par_1_3' title="bbox 446 528 3639 606">
     <span class='ocr_line' id='line_1_3' title="bbox 446 528 3639 606; baseline 0.004 -24"><span class='ocrx_word' id='word_1_9' title='bbox 446 528 511 584; x_wconf 92' lang='lat' dir='ltr'><strong><em>Et</em></strong></span> <span class='ocrx_word' id='word_1_10' title='bbox 543 531 676 587; x_wconf 86' lang='lat' dir='ltr'><strong><em>dicit</em></strong></span> <span class='ocrx_word' id='word_1_11' title='bbox 701 533 866 589; x_wconf 89' lang='lat' dir='ltr'><strong><em>etiam</em></strong></span> <span class='ocrx_word' id='word_1_12' title='bbox 901 534 1188 606; x_wconf 82' lang='lat' dir='ltr'><strong><em>(Ignatius)</em></strong></span> <span class='ocrx_word' id='word_1_13' title='bbox 1217 535 1268 588; x_wconf 90' lang='lat' dir='ltr'><strong><em>in</em></strong></span> <span class='ocrx_word' id='word_1_14' title='bbox 1300 533 1539 605; x_wconf 81' lang='lat' dir='ltr'><strong><em>Epistola</em></strong></span> <span class='ocrx_word' id='word_1_15' title='bbox 1571 552 1668 591; x_wconf 92' lang='lat' dir='ltr'><strong><em>sua</em></strong></span> <span class='ocrx_word' id='word_1_16' title='bbox 1706 537 1771 591; x_wconf 88' lang='lat' dir='ltr'><strong><em>ad</em></strong></span> <span class='ocrx_word' id='word_1_17' title='bbox 1798 536 2203 595; x_wconf 82' lang='lat' dir='ltr'><strong><em>Antiochenses</em></strong></span> <span class='ocrx_word' id='word_1_18' title='bbox 2230 558 2242 593; x_wconf 94' lang='lat'>:</span> <span class='ocrx_word' id='word_1_19' title='bbox 2276 538 2380 604; x_wconf 83' lang='lat' dir='ltr'><strong><em>Qui</em></strong></span> <span class='ocrx_word' id='word_1_20' title='bbox 2412 540 2580 593; x_wconf 86' lang='lat' dir='ltr'><strong><em>credit</em></strong></span> <span class='ocrx_word' id='word_1_21' title='bbox 2608 556 2747 592; x_wconf 83' lang='lat' dir='ltr'><strong><em>nunc</em></strong></span> <span class='ocrx_word' id='word_1_22' title='bbox 2779 540 2834 593; x_wconf 87' lang='lat' dir='ltr'><strong><em>in</em></strong></span> <span class='ocrx_word' id='word_1_23' title='bbox 2865 538 3111 605; x_wconf 75' lang='lat' dir='ltr'><strong><em>Christo,</em></strong></span> <span class='ocrx_word' id='word_1_24' title='bbox 3147 550 3197 595; x_wconf 88' lang='lat' dir='ltr'><strong><em>et</em></strong></span> <span class='ocrx_word' id='word_1_25' title='bbox 3242 558 3345 595; x_wconf 86' lang='lat' dir='ltr'><strong><em>non</em></strong></span> <span class='ocrx_word' id='word_1_26' title='bbox 3395 543 3451 595; x_wconf 79' lang='lat' dir='ltr'><strong><em>in</em></strong></span> <span class='ocrx_word' id='word_1_27' title='bbox 3483 543 3639 594; x_wconf 87' lang='lat' dir='ltr'><strong><em>obta-</em></strong></span> 
     </span>
    </p>
   </div>
   <div class='ocr_carea' id='block_1_4' title="bbox 375 627 3640 702">
    <p class='ocr_par' dir='ltr' id='par_1_4' title="bbox 375 627 3640 702">
     <span class='ocr_line' id='line_1_4' title="bbox 375 627 3640 702; baseline 0.002 -24"><span class='ocrx_word' id='word_1_28' title='bbox 375 628 512 678; x_wconf 84' lang='lat' dir='ltr'><strong><em>tione</em></strong></span> <span class='ocrx_word' id='word_1_29' title='bbox 537 643 636 679; x_wconf 85' lang='lat' dir='ltr'><strong><em>sua</em></strong></span> <span class='ocrx_word' id='word_1_30' title='bbox 667 627 799 697; x_wconf 77' lang='lat' dir='ltr'><strong><em>(esse</em></strong></span> <span class='ocrx_word' id='word_1_31' title='bbox 832 635 976 697; x_wconf 90' lang='lat' dir='ltr'><strong><em>eum)</em></strong></span> <span class='ocrx_word' id='word_1_32' title='bbox 1013 628 1213 683; x_wconf 82' lang='lat' dir='ltr'><strong><em>Filium</em></strong></span> <span class='ocrx_word' id='word_1_33' title='bbox 1244 629 1341 683; x_wconf 89' lang='lat' dir='ltr'><strong><em>Dei</em></strong></span> <span class='ocrx_word' id='word_1_34' title='bbox 1379 631 1633 683; x_wconf 74' lang='lat' dir='ltr'><strong><em>creatoris</em></strong></span> <span class='ocrx_word' id='word_1_35' title='bbox 1664 631 1868 697; x_wconf 86' lang='lat' dir='ltr'><strong><em>mundi,</em></strong></span> <span class='ocrx_word' id='word_1_36' title='bbox 1907 631 2145 701; x_wconf 79' lang='lat' dir='ltr'><strong><em>dicetque</em></strong></span> <span class='ocrx_word' id='word_1_37' title='bbox 2174 633 2313 702; x_wconf 88' lang='lat' dir='ltr'><strong><em>quod</em></strong></span> <span class='ocrx_word' id='word_1_38' title='bbox 2342 641 2418 685; x_wconf 77' lang='lat' dir='ltr'><strong><em>est</em></strong></span> <span class='ocrx_word' id='word_1_39' title='bbox 2455 632 2568 685; x_wconf 86' lang='lat' dir='ltr'><strong><em>illic</em></strong></span> <span class='ocrx_word' id='word_1_40' title='bbox 2599 632 2745 701; x_wconf 80' lang='lat' dir='ltr'><strong><em>[ilius</em></strong></span> <span class='ocrx_word' id='word_1_41' title='bbox 2775 634 2937 697; x_wconf 77' lang='lat' dir='ltr'><strong><em>alius,</em></strong></span> <span class='ocrx_word' id='word_1_42' title='bbox 2969 644 3019 688; x_wconf 89' lang='lat' dir='ltr'><strong><em>et</em></strong></span> <span class='ocrx_word' id='word_1_43' title='bbox 3040 633 3329 688; x_wconf 80' lang='lat' dir='ltr'><strong><em>substituet</em></strong></span> <span class='ocrx_word' id='word_1_44' title='bbox 3366 652 3487 688; x_wconf 87' lang='lat' dir='ltr'><strong><em>eum</em></strong></span> <span class='ocrx_word' id='word_1_45' title='bbox 3517 635 3640 688; x_wconf 88' lang='lat' dir='ltr'><strong><em>loco</em></strong></span> 
     </span>
    </p>
   </div>
   <div class='ocr_carea' id='block_1_5' title="bbox 371 717 3634 797">
    <p class='ocr_par' dir='ltr' id='par_1_5' title="bbox 371 717 3634 797">
     <span class='ocr_line' id='line_1_5' title="bbox 371 717 3634 797; baseline 0.003 -28"><span class='ocrx_word' id='word_1_46' title='bbox 371 717 507 785; x_wconf 82' lang='lat' dir='ltr'><strong><em>ejus,</em></strong></span> <span class='ocrx_word' id='word_1_47' title='bbox 548 718 613 772; x_wconf 79' lang='lat' dir='ltr'><strong><em>de</em></strong></span> <span class='ocrx_word' id='word_1_48' title='bbox 636 736 737 789; x_wconf 86' lang='lat' dir='ltr'><strong><em>quo</em></strong></span> <span class='ocrx_word' id='word_1_49' title='bbox 767 721 1044 773; x_wconf 77' lang='lat' dir='ltr'><strong><em>vaticinati</em></strong></span> <span class='ocrx_word' id='word_1_50' title='bbox 1071 729 1193 773; x_wconf 76' lang='lat' dir='ltr'><strong><em>sunt</em></strong></span> <span class='ocrx_word' id='word_1_51' title='bbox 1222 721 1508 790; x_wconf 64' lang='lat' dir='ltr'><strong><em>prophetat,</em></strong></span> <span class='ocrx_word' id='word_1_52' title='bbox 1539 735 1795 791; x_wconf 81' lang='lat' dir='ltr'><strong><em>quemque</em></strong></span> <span class='ocrx_word' id='word_1_53' title='bbox 1828 724 2190 791; x_wconf 75' lang='lat' dir='ltr'><strong><em>prwdicarunt</em></strong></span> <span class='ocrx_word' id='word_1_54' title='bbox 2223 723 2496 792; x_wconf 73' lang='lat' dir='ltr'><strong><em>discipuli,</em></strong></span> <span class='ocrx_word' id='word_1_55' title='bbox 2528 723 2790 793; x_wconf 75' lang='lat' dir='ltr'><strong><em>palatium</em></strong></span> <span class='ocrx_word' id='word_1_56' title='bbox 2829 733 2906 779; x_wconf 78' lang='lat' dir='ltr'><strong><em>eat</em></strong></span> <span class='ocrx_word' id='word_1_57' title='bbox 2947 726 3170 780; x_wconf 74' lang='lat' dir='ltr'><strong><em>diaboli.</em></strong></span> <span class='ocrx_word' id='word_1_58' title='bbox 3197 726 3275 779; x_wconf 73' lang='lat' dir='ltr'><strong><em>Ex</em></strong></span> <span class='ocrx_word' id='word_1_59' title='bbox 3302 726 3472 796; x_wconf 82' lang='lat' dir='ltr'><strong><em>Epist.</em></strong></span> <span class='ocrx_word' id='word_1_60' title='bbox 3508 743 3634 797; x_wconf 83' lang='lat' dir='ltr'><strong><em>snp-</em></strong></span> 
     </span>
    </p>
   </div>
   <div class='ocr_carea' id='block_1_6' title="bbox 372 814 1252 887">
    <p class='ocr_par' dir='ltr' id='par_1_6' title="bbox 372 814 1252 887">
     <span class='ocr_line' id='line_1_6' title="bbox 372 814 1252 887; baseline 0.003 -21"><span class='ocrx_word' id='word_1_61' title='bbox 372 814 537 881; x_wconf 87' lang='lat' dir='ltr'><strong><em>posit.</em></strong></span> <span class='ocrx_word' id='word_1_62' title='bbox 567 816 635 868; x_wconf 86' lang='lat' dir='ltr'><strong><em>ad</em></strong></span> <span class='ocrx_word' id='word_1_63' title='bbox 666 815 1018 882; x_wconf 82' lang='lat' dir='ltr'><strong><em>Antiochcn.,</em></strong></span> <span class='ocrx_word' id='word_1_64' title='bbox 1054 832 1174 887; x_wconf 85' lang='lat' dir='ltr'><strong><em>cap.</em></strong></span> <span class='ocrx_word' id='word_1_65' title='bbox 1201 817 1252 871; x_wconf 76' lang='grc' dir='ltr'><strong><em>ὅ.</em></strong></span> 
     </span>
    </p>
   </div>
   <div class='ocr_carea' id='block_1_7' title="bbox 1065 1177 2955 1313">
    <p class='ocr_par' dir='ltr' id='par_1_7' title="bbox 1065 1177 2955 1313">
     <span class='ocr_line' id='line_1_7' title="bbox 1065 1177 2955 1313; baseline 0.003 -21"><span class='ocrx_word' id='word_1_66' title='bbox 1065 1179 1534 1295; x_wconf 81' lang='lat' dir='ltr'><strong><em>lSAACl</em></strong></span> <span class='ocrx_word' id='word_1_67' title='bbox 1624 1177 2103 1296; x_wconf 87' lang='lat' dir='ltr'><strong><em>VOSSII</em></strong></span> <span class='ocrx_word' id='word_1_68' title='bbox 2189 1181 2955 1297; x_wconf 71' lang='lat' dir='ltr'><strong><em>PR/EFATIO</em></strong></span> 
     </span>
    </p>
   </div>
   <div class='ocr_carea' id='block_1_8' title="bbox 1235 1417 2805 1511">
    <p class='ocr_par' dir='ltr' id='par_1_8' title="bbox 1235 1417 2805 1511">
     <span class='ocr_line' id='line_1_8' title="bbox 1235 1417 2805 1511; baseline 0.002 -5"><span class='ocrx_word' id='word_1_69' title='bbox 1235 1419 1361 1507; x_wconf 89' lang='lat' dir='ltr'><strong><em>IN</em></strong></span> <span class='ocrx_word' id='word_1_70' title='bbox 1436 1417 2090 1511; x_wconf 87' lang='lat' dir='ltr'><strong><em>EPISTOLAS</em></strong></span> <span class='ocrx_word' id='word_1_71' title='bbox 2160 1420 2259 1510; x_wconf 88' lang='lat' dir='ltr'><strong><em>S.</em></strong></span> <span class='ocrx_word' id='word_1_72' title='bbox 2337 1420 2805 1509; x_wconf 84' lang='lat' dir='ltr'><strong><em>IGNATII</em></strong></span> 
     </span>
    </p>
   </div>
   <div class='ocr_carea' id='block_1_9' title="bbox 510 1611 3490 1682">
    <p class='ocr_par' dir='ltr' id='par_1_9' title="bbox 510 1611 3490 1682">
     <span class='ocr_line' id='line_1_9' title="bbox 510 1611 3490 1682; baseline 0.003 -17"><span class='ocrx_word' id='word_1_73' title='bbox 510 1613 655 1678; x_wconf 78' lang='lat' dir='ltr'><strong><em>Quas</em></strong></span> <span class='ocrx_word' id='word_1_74' title='bbox 683 1613 884 1682; x_wconf 83' lang='lat' dir='ltr'><strong><em>primus</em></strong></span> <span class='ocrx_word' id='word_1_75' title='bbox 913 1613 963 1665; x_wconf 86' lang='lat' dir='ltr'><strong><em>in</em></strong></span> <span class='ocrx_word' id='word_1_76' title='bbox 1002 1612 1169 1666; x_wconf 86' lang='lat' dir='ltr'><strong><em>lucem</em></strong></span> <span class='ocrx_word' id='word_1_77' title='bbox 1207 1611 1398 1664; x_wconf 78' lang='lat' dir='ltr'><strong><em>extulit</em></strong></span> <span class='ocrx_word' id='word_1_78' title='bbox 1432 1611 1837 1675; x_wconf 82' lang='lat' dir='ltr'><strong><em>Amstelodami,</em></strong></span> <span class='ocrx_word' id='word_1_79' title='bbox 1874 1628 2014 1667; x_wconf 87' lang='lat' dir='ltr'><strong><em>anno</em></strong></span> <span class='ocrx_word' id='word_1_80' title='bbox 2054 1611 2214 1679; x_wconf 74' lang='grc'><strong><em>1646,</em></strong></span> <span class='ocrx_word' id='word_1_81' title='bbox 2256 1614 2395 1679; x_wconf 64' lang='lat' dir='ltr'><strong><em>in-i,</em></strong></span> <span class='ocrx_word' id='word_1_82' title='bbox 2425 1629 2490 1667; x_wconf 80' lang='lat' dir='ltr'><strong><em>ea:</em></strong></span> <span class='ocrx_word' id='word_1_83' title='bbox 2519 1614 2696 1668; x_wconf 81' lang='lat' dir='ltr'><strong><em>codice</em></strong></span> <span class='ocrx_word' id='word_1_84' title='bbox 2722 1631 2820 1668; x_wconf 76' lang='lat' dir='ltr'><strong><em>ms.</em></strong></span> <span class='ocrx_word' id='word_1_85' title='bbox 2856 1615 3180 1672; x_wconf 71' lang='lat' dir='ltr'><strong><em>bibliothecae</em></strong></span> <span class='ocrx_word' id='word_1_86' title='bbox 3221 1617 3490 1675; x_wconf 70' lang='lat' dir='ltr'><strong><em>Medicae.</em></strong></span> 
     </span>
    </p>
   </div>
   <div class='ocr_carea' id='block_1_10' title="bbox 436 1767 1967 1847">
    <p class='ocr_par' dir='ltr' id='par_1_10' title="bbox 436 1767 1939 1838">
     <span class='ocr_line' id='line_1_10' title="bbox 436 1767 1939 1838; baseline 0.001 -16"><span class='ocrx_word' id='word_1_87' title='bbox 436 1768 512 1823; x_wconf 89' lang='lat' dir='ltr'><strong><em>Ita</em></strong></span> <span class='ocrx_word' id='word_1_88' title='bbox 542 1778 628 1824; x_wconf 90' lang='lat' dir='ltr'><strong><em>est</em></strong></span> <span class='ocrx_word' id='word_1_89' title='bbox 653 1811 668 1832; x_wconf 91' lang='lat'><strong><em>,</em></strong></span> <span class='ocrx_word' id='word_1_90' title='bbox 702 1769 874 1822; x_wconf 92' lang='lat' dir='ltr'><strong><em>lector</em></strong></span> <span class='ocrx_word' id='word_1_91' title='bbox 918 1769 1318 1823; x_wconf 90' lang='lat' dir='ltr'><strong><em>humanissime</em></strong></span> <span class='ocrx_word' id='word_1_92' title='bbox 1345 1810 1358 1832; x_wconf 91' lang='lat'><strong><em>,</em></strong></span> <span class='ocrx_word' id='word_1_93' title='bbox 1388 1767 1536 1838; x_wconf 85' lang='lat' dir='ltr'><strong><em>quod</em></strong></span> <span class='ocrx_word' id='word_1_94' title='bbox 1579 1780 1632 1823; x_wconf 90' lang='lat' dir='ltr'><strong><em>et</em></strong></span> <span class='ocrx_word' id='word_1_95' title='bbox 1670 1777 1727 1823; x_wconf 90' lang='lat' dir='ltr'><strong><em>tu</em></strong></span> <span class='ocrx_word' id='word_1_96' title='bbox 1760 1781 1815 1824; x_wconf 91' lang='lat' dir='ltr'><strong><em>et</em></strong></span> <span class='ocrx_word' id='word_1_97' title='bbox 1836 1784 1939 1837; x_wconf 81' lang='lat' dir='ltr'><strong><em>ego</em></strong></span> 
     </span>
    </p>
   </div>
   <div class='ocr_carea' id='block_1_11' title="bbox 2051 1767 3639 1847">
    <p class='ocr_par' dir='ltr' id='par_1_11' title="bbox 2051 1771 3639 1847">
     <span class='ocr_line' id='line_1_11' title="bbox 2051 1771 3639 1847; baseline 0.006 -24"><span class='ocrx_word' id='word_1_98' title='bbox 2051 1779 2293 1836; x_wconf 87' lang='lat' dir='ltr'><strong><em>testatur,</em></strong></span> <span class='ocrx_word' id='word_1_99' title='bbox 2350 1788 2472 1825; x_wconf 88' lang='lat' dir='ltr'><strong><em>cum</em></strong></span> <span class='ocrx_word' id='word_1_100' title='bbox 2518 1771 2630 1825; x_wconf 90' lang='lat' dir='ltr'><strong><em>ait:</em></strong></span> <span class='ocrx_word' id='word_1_101' title='bbox 2678 1772 2983 1843; x_wconf 74' lang='grc' dir='ltr'><strong><em>Ἐγράψατέ</em></strong></span> <span class='ocrx_word' id='word_1_102' title='bbox 3024 1791 3114 1844; x_wconf 84' lang='grc' dir='ltr'><strong><em>μοι</em></strong></span> <span class='ocrx_word' id='word_1_103' title='bbox 3158 1776 3252 1828; x_wconf 76' lang='grc' dir='ltr'><strong><em>καὶ</em></strong></span> <span class='ocrx_word' id='word_1_104' title='bbox 3302 1777 3483 1847; x_wconf 77' lang='grc' dir='ltr'><strong><em>ὑμεῖς,</em></strong></span> <span class='ocrx_word' id='word_1_105' title='bbox 3541 1781 3639 1834; x_wconf 77' lang='grc' dir='ltr'>καὶ</span> 
     </span>
    </p>
   </div>
   <div class='ocr_carea' id='block_1_12' title="bbox 369 1861 1954 1932">
    <p class='ocr_par' dir='ltr' id='par_1_12' title="bbox 369 1861 1954 1932">
     <span class='ocr_line' id='line_1_12' title="bbox 369 1861 1954 1932; baseline 0.001 -15"><span class='ocrx_word' id='word_1_106' title='bbox 369 1864 566 1932; x_wconf 79' lang='lat' dir='ltr'><strong><em>saepius</em></strong></span> <span class='ocrx_word' id='word_1_107' title='bbox 618 1862 1136 1927; x_wconf 83' lang='lat' dir='ltr'><strong><em>animadvertimus;</em></strong></span> <span class='ocrx_word' id='word_1_108' title='bbox 1180 1861 1368 1915; x_wconf 87' lang='lat' dir='ltr'><strong><em>omnia</em></strong></span> <span class='ocrx_word' id='word_1_109' title='bbox 1412 1861 1536 1927; x_wconf 88' lang='lat' dir='ltr'><strong><em>illa,</em></strong></span> <span class='ocrx_word' id='word_1_110' title='bbox 1568 1879 1691 1932; x_wconf 70' lang='lat' dir='ltr'><strong><em>quae</em></strong></span> <span class='ocrx_word' id='word_1_111' title='bbox 1731 1864 1813 1918; x_wconf 87' lang='lat' dir='ltr'><strong><em>vel</em></strong></span> <span class='ocrx_word' id='word_1_112' title='bbox 1851 1878 1954 1917; x_wconf 83' lang='lat' dir='ltr'><strong><em>na-</em></strong></span> 
     </span>
    </p>
   </div>
   <div class='ocr_carea' id='block_1_13' title="bbox 368 1952 1952 2017">
    <p class='ocr_par' dir='ltr' id='par_1_13' title="bbox 368 1952 1952 2017">
     <span class='ocr_line' id='line_1_13' title="bbox 368 1952 1952 2017; baseline 0.001 -10"><span class='ocrx_word' id='word_1_113' title='bbox 368 1964 489 2007; x_wconf 90' lang='lat' dir='ltr'><strong><em>tura</em></strong></span> <span class='ocrx_word' id='word_1_114' title='bbox 523 1953 810 2017; x_wconf 76' lang='lat' dir='ltr'><strong><em>efﬁnxerit,</em></strong></span> <span class='ocrx_word' id='word_1_115' title='bbox 854 1954 936 2008; x_wconf 71' lang='lat' dir='ltr'><strong><em>vel</em></strong></span> <span class='ocrx_word' id='word_1_116' title='bbox 978 1961 1095 2008; x_wconf 92' lang='lat' dir='ltr'><strong><em>arte</em></strong></span> <span class='ocrx_word' id='word_1_117' title='bbox 1140 1953 1247 2008; x_wconf 90' lang='lat' dir='ltr'><strong><em>sint</em></strong></span> <span class='ocrx_word' id='word_1_118' title='bbox 1288 1952 1554 2008; x_wconf 87' lang='lat' dir='ltr'><strong><em>fabricata</em></strong></span> <span class='ocrx_word' id='word_1_119' title='bbox 1587 1993 1601 2016; x_wconf 92' lang='lat'><strong><em>,</em></strong></span> <span class='ocrx_word' id='word_1_120' title='bbox 1656 1954 1803 2007; x_wconf 81' lang='lat' dir='ltr'><strong><em>illam</em></strong></span> <span class='ocrx_word' id='word_1_121' title='bbox 1849 1956 1952 2010; x_wconf 92' lang='lat' dir='ltr'><strong><em>ha-</em></strong></span> 
     </span>
    </p>
   </div>
   <div class='ocr_carea' id='block_1_14' title="bbox 370 2045 1955 2117">
    <p class='ocr_par' dir='ltr' id='par_1_14' title="bbox 370 2045 1955 2117">
     <span class='ocr_line' id='line_1_14' title="bbox 370 2045 1955 2117; baseline 0.001 -18"><span class='ocrx_word' id='word_1_122' title='bbox 370 2051 499 2099; x_wconf 83' lang='lat' dir='ltr'><strong><em>bent</em></strong></span> <span class='ocrx_word' id='word_1_123' title='bbox 531 2045 924 2109; x_wconf 88' lang='lat' dir='ltr'><strong><em>conditionem,</em></strong></span> <span class='ocrx_word' id='word_1_124' title='bbox 967 2055 1027 2099; x_wconf 90' lang='lat' dir='ltr'><strong><em>ut</em></strong></span> <span class='ocrx_word' id='word_1_125' title='bbox 1064 2061 1187 2115; x_wconf 65' lang='lat' dir='ltr'><strong><em>quae</em></strong></span> <span class='ocrx_word' id='word_1_126' title='bbox 1233 2045 1287 2098; x_wconf 91' lang='lat' dir='ltr'><strong><em>in</em></strong></span> <span class='ocrx_word' id='word_1_127' title='bbox 1322 2060 1522 2117; x_wconf 82' lang='lat' dir='ltr'><strong><em>genere</em></strong></span> <span class='ocrx_word' id='word_1_128' title='bbox 1550 2061 1653 2099; x_wconf 90' lang='lat' dir='ltr'><strong><em>suo</em></strong></span> <span class='ocrx_word' id='word_1_129' title='bbox 1683 2046 1794 2100; x_wconf 90' lang='lat' dir='ltr'><strong><em>sint</em></strong></span> <span class='ocrx_word' id='word_1_130' title='bbox 1831 2062 1955 2116; x_wconf 81' lang='lat' dir='ltr'><strong><em>per-</em></strong></span> 
     </span>
    </p>
   </div>
   <div class='ocr_carea' id='block_1_15' title="bbox 369 2136 1950 2208">
    <p class='ocr_par' dir='ltr' id='par_1_15' title="bbox 369 2136 1950 2208">
     <span class='ocr_line' id='line_1_15' title="bbox 369 2136 1950 2208; baseline 0.002 -19"><span class='ocrx_word' id='word_1_131' title='bbox 369 2136 613 2202; x_wconf 77' lang='lat' dir='ltr'><strong><em>tectiora,</em></strong></span> <span class='ocrx_word' id='word_1_132' title='bbox 638 2146 844 2206; x_wconf 88' lang='lat' dir='ltr'><strong><em>quanto</em></strong></span> <span class='ocrx_word' id='word_1_133' title='bbox 880 2136 1087 2192; x_wconf 87' lang='lat' dir='ltr'><strong><em>diutius</em></strong></span> <span class='ocrx_word' id='word_1_134' title='bbox 1120 2146 1174 2191; x_wconf 89' lang='lat' dir='ltr'><strong><em>et</em></strong></span> <span class='ocrx_word' id='word_1_135' title='bbox 1209 2139 1472 2193; x_wconf 86' lang='lat' dir='ltr'><strong><em>attentius</em></strong></span> <span class='ocrx_word' id='word_1_136' title='bbox 1495 2139 1950 2208; x_wconf 86' lang='lat' dir='ltr'><strong><em>contemplemur,</em></strong></span> 
     </span>
    </p>
   </div>
   <div class='ocr_carea' id='block_1_16' title="bbox 370 2228 1953 2299">
    <p class='ocr_par' dir='ltr' id='par_1_16' title="bbox 370 2228 1953 2299">
     <span class='ocr_line' id='line_1_16' title="bbox 370 2228 1953 2299; baseline 0.003 -16"><span class='ocrx_word' id='word_1_137' title='bbox 370 2239 522 2284; x_wconf 79' lang='lat' dir='ltr'><strong><em>tanto</em></strong></span> <span class='ocrx_word' id='word_1_138' title='bbox 550 2228 777 2297; x_wconf 91' lang='lat' dir='ltr'><strong><em>pulchra</em></strong></span> <span class='ocrx_word' id='word_1_139' title='bbox 797 2231 974 2299; x_wconf 82' lang='lat' dir='ltr'><strong><em>magis</em></strong></span> <span class='ocrx_word' id='word_1_140' title='bbox 998 2242 1053 2284; x_wconf 91' lang='lat' dir='ltr'><strong><em>et</em></strong></span> <span class='ocrx_word' id='word_1_141' title='bbox 1082 2230 1402 2297; x_wconf 77' lang='lat' dir='ltr'><strong><em>artificiosa,</em></strong></span> <span class='ocrx_word' id='word_1_142' title='bbox 1420 2232 1748 2286; x_wconf 85' lang='lat' dir='ltr'><strong><em>intuentium</em></strong></span> <span class='ocrx_word' id='word_1_143' title='bbox 1777 2232 1953 2289; x_wconf 89' lang='lat' dir='ltr'><strong><em>oculis</em></strong></span> 
     </span>
    </p>
   </div>
   <div class='ocr_carea' id='block_1_17' title="bbox 369 2321 1949 2394">
    <p class='ocr_par' dir='ltr' id='par_1_17' title="bbox 369 2321 1949 2394">
     <span class='ocr_line' id='line_1_17' title="bbox 369 2321 1949 2394; baseline -0.001 -16"><span class='ocrx_word' id='word_1_144' title='bbox 369 2338 490 2379; x_wconf 80' lang='lat' dir='ltr'><strong><em>sese</em></strong></span> <span class='ocrx_word' id='word_1_145' title='bbox 511 2323 762 2376; x_wconf 71' lang='lat' dir='ltr'><strong><em>offerant.</em></strong></span> <span class='ocrx_word' id='word_1_146' title='bbox 797 2321 990 2377; x_wconf 88' lang='lat' dir='ltr'><strong><em>Simile</em></strong></span> <span class='ocrx_word' id='word_1_147' title='bbox 1016 2322 1150 2393; x_wconf 90' lang='lat' dir='ltr'><strong><em>quid</em></strong></span> <span class='ocrx_word' id='word_1_148' title='bbox 1200 2323 1334 2376; x_wconf 90' lang='lat' dir='ltr'><strong><em>mihi</em></strong></span> <span class='ocrx_word' id='word_1_149' title='bbox 1378 2325 1562 2377; x_wconf 82' lang='lat' dir='ltr'><strong><em>evenit</em></strong></span> <span class='ocrx_word' id='word_1_150' title='bbox 1617 2323 1671 2376; x_wconf 90' lang='lat' dir='ltr'><strong><em>in</em></strong></span> <span class='ocrx_word' id='word_1_151' title='bbox 1718 2321 1949 2394; x_wconf 81' lang='lat' dir='ltr'><strong><em>Ignatio,</em></strong></span> 
     </span>
    </p>
   </div>
   <div class='ocr_carea' id='block_1_18' title="bbox 369 2414 1951 2485">
    <p class='ocr_par' dir='ltr' id='par_1_18' title="bbox 369 2414 1951 2485">
     <span class='ocr_line' id='line_1_18' title="bbox 369 2414 1951 2485; baseline -0.001 -16"><span class='ocrx_word' id='word_1_152' title='bbox 369 2417 529 2484; x_wconf 77' lang='lat' dir='ltr'><strong><em>cujus</em></strong></span> <span class='ocrx_word' id='word_1_153' title='bbox 561 2431 839 2484; x_wconf 89' lang='lat' dir='ltr'><strong><em>nunquam</em></strong></span> <span class='ocrx_word' id='word_1_154' title='bbox 893 2414 1173 2485; x_wconf 83' lang='lat' dir='ltr'><strong><em>Epistolas</em></strong></span> <span class='ocrx_word' id='word_1_155' title='bbox 1201 2416 1390 2485; x_wconf 88' lang='lat' dir='ltr'><strong><em>relegi,</em></strong></span> <span class='ocrx_word' id='word_1_156' title='bbox 1418 2417 1549 2485; x_wconf 90' lang='lat' dir='ltr'><strong><em>quin</em></strong></span> <span class='ocrx_word' id='word_1_157' title='bbox 1601 2430 1816 2485; x_wconf 82' lang='lat' dir='ltr'><strong><em>semper</em></strong></span> <span class='ocrx_word' id='word_1_158' title='bbox 1847 2415 1951 2468; x_wconf 85' lang='lat' dir='ltr'><strong><em>ali-</em></strong></span> 
     </span>
    </p>
   </div>
   <div class='ocr_carea' id='block_1_19' title="bbox 367 2507 1951 2578">
    <p class='ocr_par' dir='ltr' id='par_1_19' title="bbox 367 2507 1951 2578">
     <span class='ocr_line' id='line_1_19' title="bbox 367 2507 1951 2578; baseline 0 -17"><span class='ocrx_word' id='word_1_159' title='bbox 367 2509 495 2578; x_wconf 82' lang='lat' dir='ltr'><strong><em>quid</em></strong></span> <span class='ocrx_word' id='word_1_160' title='bbox 525 2508 673 2572; x_wconf 86' lang='lat' dir='ltr'><strong><em>novi,</em></strong></span> <span class='ocrx_word' id='word_1_161' title='bbox 703 2523 814 2578; x_wconf 92' lang='lat' dir='ltr'><strong><em>quo</em></strong></span> <span class='ocrx_word' id='word_1_162' title='bbox 848 2510 1024 2577; x_wconf 83' lang='lat' dir='ltr'><strong><em>magis</em></strong></span> <span class='ocrx_word' id='word_1_163' title='bbox 1074 2523 1194 2563; x_wconf 89' lang='lat' dir='ltr'><strong><em>sese</em></strong></span> <span class='ocrx_word' id='word_1_164' title='bbox 1230 2508 1363 2561; x_wconf 92' lang='lat' dir='ltr'><strong><em>mihi</em></strong></span> <span class='ocrx_word' id='word_1_165' title='bbox 1417 2507 1744 2577; x_wconf 89' lang='lat' dir='ltr'><strong><em>probarent,</em></strong></span> <span class='ocrx_word' id='word_1_166' title='bbox 1775 2507 1828 2560; x_wconf 91' lang='lat' dir='ltr'><strong><em>in</em></strong></span> <span class='ocrx_word' id='word_1_167' title='bbox 1882 2507 1951 2562; x_wconf 87' lang='lat' dir='ltr'><strong><em>iis</em></strong></span> 
     </span>
    </p>
   </div>
   <div class='ocr_carea' id='block_1_20' title="bbox 367 2600 1951 2671">
    <p class='ocr_par' dir='ltr' id='par_1_20' title="bbox 367 2600 1951 2671">
     <span class='ocr_line' id='line_1_20' title="bbox 367 2600 1951 2671; baseline 0.003 -18"><span class='ocrx_word' id='word_1_168' title='bbox 367 2600 820 2670; x_wconf 84' lang='lat' dir='ltr'><strong><em>deprehenderim</em></strong></span> <span class='ocrx_word' id='word_1_169' title='bbox 853 2619 867 2654; x_wconf 89' lang='lat'><strong>:</strong></span> <span class='ocrx_word' id='word_1_170' title='bbox 900 2601 1115 2671; x_wconf 85' lang='lat' dir='ltr'><strong><em>quoties</em></strong></span> <span class='ocrx_word' id='word_1_171' title='bbox 1144 2642 1160 2665; x_wconf 90' lang='lat'><strong><em>,</em></strong></span> <span class='ocrx_word' id='word_1_172' title='bbox 1210 2605 1436 2669; x_wconf 89' lang='lat' dir='ltr'><strong><em>inquam</em></strong></span> <span class='ocrx_word' id='word_1_173' title='bbox 1464 2640 1479 2665; x_wconf 92' lang='lat'><strong><em>,</em></strong></span> <span class='ocrx_word' id='word_1_174' title='bbox 1510 2600 1633 2654; x_wconf 86' lang='lat' dir='ltr'><strong><em>illas</em></strong></span> <span class='ocrx_word' id='word_1_175' title='bbox 1666 2600 1722 2654; x_wconf 92' lang='lat' dir='ltr'><strong><em>in</em></strong></span> <span class='ocrx_word' id='word_1_176' title='bbox 1754 2617 1951 2657; x_wconf 88' lang='lat' dir='ltr'><strong><em>manus</em></strong></span> 
     </span>
    </p>
   </div>
   <div class='ocr_carea' id='block_1_21' title="bbox 370 2692 1948 2764">
    <p class='ocr_par' dir='ltr' id='par_1_21' title="bbox 370 2692 1948 2764">
     <span class='ocr_line' id='line_1_21' title="bbox 370 2692 1948 2764; baseline 0.001 -18"><span class='ocrx_word' id='word_1_177' title='bbox 370 2694 637 2762; x_wconf 84' lang='lat' dir='ltr'><strong><em>resumpsi</em></strong></span> <span class='ocrx_word' id='word_1_178' title='bbox 667 2735 683 2760; x_wconf 96' lang='lat'><strong><em>,</em></strong></span> <span class='ocrx_word' id='word_1_179' title='bbox 720 2693 880 2748; x_wconf 90' lang='lat' dir='ltr'><strong><em>toties</em></strong></span> <span class='ocrx_word' id='word_1_180' title='bbox 910 2693 1119 2764; x_wconf 88' lang='lat' dir='ltr'><strong><em>aliquid</em></strong></span> <span class='ocrx_word' id='word_1_181' title='bbox 1152 2693 1407 2763; x_wconf 87' lang='lat' dir='ltr'><strong><em>apparuit</em></strong></span> <span class='ocrx_word' id='word_1_182' title='bbox 1431 2733 1445 2755; x_wconf 85' lang='lat'><strong><em>,</em></strong></span> <span class='ocrx_word' id='word_1_183' title='bbox 1478 2692 1622 2747; x_wconf 90' lang='lat' dir='ltr'><strong><em>unde</em></strong></span> <span class='ocrx_word' id='word_1_184' title='bbox 1652 2694 1948 2762; x_wconf 87' lang='lat' dir='ltr'><strong><em>genuinum</em></strong></span> 
     </span>
    </p>
   </div>
   <div class='ocr_carea' id='block_1_22' title="bbox 369 2784 1950 2855">
    <p class='ocr_par' dir='ltr' id='par_1_22' title="bbox 369 2784 1950 2855">
     <span class='ocr_line' id='line_1_22' title="bbox 369 2784 1950 2855; baseline 0.001 -16"><span class='ocrx_word' id='word_1_185' title='bbox 369 2787 638 2855; x_wconf 84' lang='lat' dir='ltr'><strong><em>potuerim</em></strong></span> <span class='ocrx_word' id='word_1_186' title='bbox 678 2801 979 2855; x_wconf 84' lang='lat' dir='ltr'><strong><em>agnoscere</em></strong></span> <span class='ocrx_word' id='word_1_187' title='bbox 1008 2787 1368 2855; x_wconf 88' lang='lat' dir='ltr'><strong><em>scriptorem;</em></strong></span> <span class='ocrx_word' id='word_1_188' title='bbox 1422 2799 1567 2839; x_wconf 90' lang='lat' dir='ltr'><strong><em>nunc</em></strong></span> <span class='ocrx_word' id='word_1_189' title='bbox 1598 2785 1819 2855; x_wconf 79' lang='lat' dir='ltr'><strong><em>elegans</em></strong></span> <span class='ocrx_word' id='word_1_190' title='bbox 1858 2784 1950 2841; x_wconf 83' lang='lat' dir='ltr'><strong><em>illa</em></strong></span> 
     </span>
    </p>
   </div>
   <div class='ocr_carea' id='block_1_23' title="bbox 366 2878 1947 2949">
    <p class='ocr_par' dir='ltr' id='par_1_23' title="bbox 366 2878 1947 2949">
     <span class='ocr_line' id='line_1_23' title="bbox 366 2878 1947 2949; baseline 0 -16"><span class='ocrx_word' id='word_1_191' title='bbox 366 2878 715 2947; x_wconf 85' lang='lat' dir='ltr'><strong><em>simplicitas,</em></strong></span> <span class='ocrx_word' id='word_1_192' title='bbox 741 2887 795 2933; x_wconf 90' lang='lat' dir='ltr'><strong><em>et</em></strong></span> <span class='ocrx_word' id='word_1_193' title='bbox 836 2879 1039 2934; x_wconf 67' lang='lat' dir='ltr'><strong><em>saeculo</em></strong></span> <span class='ocrx_word' id='word_1_194' title='bbox 1088 2895 1199 2949; x_wconf 92' lang='lat' dir='ltr'><strong><em>quo</em></strong></span> <span class='ocrx_word' id='word_1_195' title='bbox 1232 2878 1366 2932; x_wconf 78' lang='lat' dir='ltr'><strong><em>vixit</em></strong></span> <span class='ocrx_word' id='word_1_196' title='bbox 1406 2878 1947 2946; x_wconf 83' lang='lat' dir='ltr'><strong><em>convenientissima,</em></strong></span> 
     </span>
    </p>
   </div>
   <div class='ocr_carea' id='block_1_24' title="bbox 366 2971 1948 3043">
    <p class='ocr_par' dir='ltr' id='par_1_24' title="bbox 366 2971 1948 3043">
     <span class='ocr_line' id='line_1_24' title="bbox 366 2971 1948 3043; baseline 0 -18"><span class='ocrx_word' id='word_1_197' title='bbox 366 2987 512 3025; x_wconf 92' lang='lat' dir='ltr'><strong><em>nunc</em></strong></span> <span class='ocrx_word' id='word_1_198' title='bbox 561 2988 743 3025; x_wconf 86' lang='lat' dir='ltr'><strong><em>rerum</em></strong></span> <span class='ocrx_word' id='word_1_199' title='bbox 774 2981 831 3026; x_wconf 88' lang='lat' dir='ltr'><strong><em>et</em></strong></span> <span class='ocrx_word' id='word_1_200' title='bbox 875 2973 1168 3027; x_wconf 80' lang='lat' dir='ltr'><strong><em>verborum</em></strong></span> <span class='ocrx_word' id='word_1_201' title='bbox 1223 2974 1431 3043; x_wconf 85' lang='lat' dir='ltr'><strong><em>passim</em></strong></span> <span class='ocrx_word' id='word_1_202' title='bbox 1459 2979 1513 3026; x_wconf 89' lang='lat' dir='ltr'><strong><em>et</em></strong></span> <span class='ocrx_word' id='word_1_203' title='bbox 1558 2971 1762 3042; x_wconf 86' lang='lat' dir='ltr'><strong><em>ubique</em></strong></span> <span class='ocrx_word' id='word_1_204' title='bbox 1813 2988 1948 3026; x_wconf 83' lang='lat' dir='ltr'><strong><em>con-</em></strong></span> 
     </span>
    </p>
   </div>
   <div class='ocr_carea' id='block_1_25' title="bbox 365 3062 1945 3137">
    <p class='ocr_par' dir='ltr' id='par_1_25' title="bbox 365 3062 1945 3137">
     <span class='ocr_line' id='line_1_25' title="bbox 365 3062 1945 3137; baseline 0.003 -21"><span class='ocrx_word' id='word_1_205' title='bbox 365 3062 614 3134; x_wconf 86' lang='lat' dir='ltr'><strong><em>grucntia</em></strong></span> <span class='ocrx_word' id='word_1_206' title='bbox 661 3080 726 3119; x_wconf 92' lang='lat' dir='ltr'><strong><em>ac</em></strong></span> <span class='ocrx_word' id='word_1_207' title='bbox 749 3066 951 3120; x_wconf 89' lang='lat' dir='ltr'><strong><em>veritas</em></strong></span> <span class='ocrx_word' id='word_1_208' title='bbox 979 3083 993 3132; x_wconf 93' lang='lat'><strong><em>;</em></strong></span> <span class='ocrx_word' id='word_1_209' title='bbox 1025 3082 1173 3120; x_wconf 91' lang='lat' dir='ltr'><strong><em>nunc</em></strong></span> <span class='ocrx_word' id='word_1_210' title='bbox 1202 3066 1354 3120; x_wconf 88' lang='lat' dir='ltr'><strong><em>zelus</em></strong></span> <span class='ocrx_word' id='word_1_211' title='bbox 1385 3073 1441 3120; x_wconf 90' lang='lat' dir='ltr'><strong><em>et</em></strong></span> <span class='ocrx_word' id='word_1_212' title='bbox 1477 3066 1723 3137; x_wconf 87' lang='lat' dir='ltr'><strong><em>martyrii</em></strong></span> <span class='ocrx_word' id='word_1_213' title='bbox 1746 3065 1945 3133; x_wconf 89' lang='lat' dir='ltr'><strong><em>fervor,</em></strong></span> 
     </span>
    </p>
   </div>
   <div class='ocr_carea' id='block_1_26' title="bbox 363 3157 1946 3227">
    <p class='ocr_par' dir='ltr' id='par_1_26' title="bbox 363 3157 1946 3227">
     <span class='ocr_line' id='line_1_26' title="bbox 363 3157 1946 3227; baseline 0.003 -18"><span class='ocrx_word' id='word_1_214' title='bbox 363 3157 458 3227; x_wconf 93' lang='lat' dir='ltr'><strong><em>qui</em></strong></span> <span class='ocrx_word' id='word_1_215' title='bbox 495 3172 619 3211; x_wconf 88' lang='lat' dir='ltr'><strong><em>cum</em></strong></span> <span class='ocrx_word' id='word_1_216' title='bbox 649 3157 800 3223; x_wconf 87' lang='lat' dir='ltr'><strong><em>alibi,</em></strong></span> <span class='ocrx_word' id='word_1_217' title='bbox 840 3166 956 3211; x_wconf 91' lang='lat' dir='ltr'><strong><em>tum</em></strong></span> <span class='ocrx_word' id='word_1_218' title='bbox 1000 3158 1240 3212; x_wconf 77' lang='lat' dir='ltr'><strong><em>maxime</em></strong></span> <span class='ocrx_word' id='word_1_219' title='bbox 1288 3158 1344 3211; x_wconf 89' lang='lat' dir='ltr'><strong><em>in</em></strong></span> <span class='ocrx_word' id='word_1_220' title='bbox 1372 3157 1615 3227; x_wconf 85' lang='lat' dir='ltr'><strong><em>Epistola</em></strong></span> <span class='ocrx_word' id='word_1_221' title='bbox 1648 3159 1713 3212; x_wconf 89' lang='lat' dir='ltr'><strong><em>ad</em></strong></span> <span class='ocrx_word' id='word_1_222' title='bbox 1744 3157 1946 3213; x_wconf 77' lang='lat' dir='ltr'><strong><em>Roma-</em></strong></span> 
     </span>
    </p>
   </div>
   <div class='ocr_carea' id='block_1_27' title="bbox 364 3249 1949 3319">
    <p class='ocr_par' dir='ltr' id='par_1_27' title="bbox 364 3249 1949 3319">
     <span class='ocr_line' id='line_1_27' title="bbox 364 3249 1949 3319; baseline 0.002 -17"><span class='ocrx_word' id='word_1_223' title='bbox 364 3265 466 3304; x_wconf 91' lang='lat' dir='ltr'><strong><em>nos</em></strong></span> <span class='ocrx_word' id='word_1_224' title='bbox 493 3250 707 3316; x_wconf 85' lang='lat' dir='ltr'><strong><em>elucet;</em></strong></span> <span class='ocrx_word' id='word_1_225' title='bbox 738 3249 922 3304; x_wconf 89' lang='lat' dir='ltr'><strong><em>omnia</em></strong></span> <span class='ocrx_word' id='word_1_226' title='bbox 966 3250 1200 3319; x_wconf 87' lang='lat' dir='ltr'><strong><em>denique</em></strong></span> <span class='ocrx_word' id='word_1_227' title='bbox 1252 3259 1531 3304; x_wconf 87' lang='lat' dir='ltr'><strong><em>auctorem</em></strong></span> <span class='ocrx_word' id='word_1_228' title='bbox 1583 3266 1743 3306; x_wconf 90' lang='lat' dir='ltr'><strong><em>suum</em></strong></span> <span class='ocrx_word' id='word_1_229' title='bbox 1781 3260 1949 3305; x_wconf 87' lang='lat' dir='ltr'><strong><em>testa-</em></strong></span> 
     </span>
    </p>
   </div>
   <div class='ocr_carea' id='block_1_28' title="bbox 364 3340 1946 3412">
    <p class='ocr_par' dir='ltr' id='par_1_28' title="bbox 364 3340 1946 3412">
     <span class='ocr_line' id='line_1_28' title="bbox 364 3340 1946 3412; baseline 0 -16"><span class='ocrx_word' id='word_1_230' title='bbox 364 3343 585 3397; x_wconf 78' lang='lat' dir='ltr'><strong><em>bantur.</em></strong></span> <span class='ocrx_word' id='word_1_231' title='bbox 622 3344 742 3409; x_wconf 80' lang='lat' dir='ltr'><strong><em>Quo</em></strong></span> <span class='ocrx_word' id='word_1_232' title='bbox 774 3343 947 3412; x_wconf 84' lang='lat' dir='ltr'><strong><em>magis</em></strong></span> <span class='ocrx_word' id='word_1_233' title='bbox 997 3341 1168 3395; x_wconf 86' lang='lat' dir='ltr'><strong><em>miror</em></strong></span> <span class='ocrx_word' id='word_1_234' title='bbox 1208 3340 1414 3408; x_wconf 89' lang='lat' dir='ltr'><strong><em>fuisse,</em></strong></span> <span class='ocrx_word' id='word_1_235' title='bbox 1440 3341 1537 3411; x_wconf 89' lang='lat' dir='ltr'><strong><em>qui</em></strong></span> <span class='ocrx_word' id='word_1_236' title='bbox 1578 3358 1689 3396; x_wconf 89' lang='lat' dir='ltr'><strong><em>non</em></strong></span> <span class='ocrx_word' id='word_1_237' title='bbox 1730 3350 1946 3396; x_wconf 89' lang='lat' dir='ltr'><strong><em>tantum</em></strong></span> 
     </span>
    </p>
   </div>
   <div class='ocr_carea' id='block_1_29' title="bbox 363 3434 1949 3506">
    <p class='ocr_par' dir='ltr' id='par_1_29' title="bbox 363 3434 1949 3506">
     <span class='ocr_line' id='line_1_29' title="bbox 363 3434 1949 3506; baseline 0.001 -19"><span class='ocrx_word' id='word_1_238' title='bbox 363 3443 625 3506; x_wconf 88' lang='lat' dir='ltr'><strong><em>negarent</em></strong></span> <span class='ocrx_word' id='word_1_239' title='bbox 644 3435 903 3505; x_wconf 90' lang='lat' dir='ltr'><strong><em>epistolas</em></strong></span> <span class='ocrx_word' id='word_1_240' title='bbox 922 3435 1023 3489; x_wconf 90' lang='lat' dir='ltr'><strong><em>has</em></strong></span> <span class='ocrx_word' id='word_1_241' title='bbox 1036 3449 1158 3489; x_wconf 89' lang='lat' dir='ltr'><strong><em>esse</em></strong></span> <span class='ocrx_word' id='word_1_242' title='bbox 1174 3434 1385 3504; x_wconf 85' lang='lat' dir='ltr'><strong><em>lgnatii,</em></strong></span> <span class='ocrx_word' id='word_1_243' title='bbox 1405 3434 1498 3488; x_wconf 90' lang='lat' dir='ltr'><strong><em>sed</em></strong></span> <span class='ocrx_word' id='word_1_244' title='bbox 1518 3449 1617 3488; x_wconf 87' lang='lat' dir='ltr'><strong><em>nec</em></strong></span> <span class='ocrx_word' id='word_1_245' title='bbox 1633 3434 1949 3489; x_wconf 81' lang='lat' dir='ltr'><strong><em>dubitarent</em></strong></span> 
     </span>
    </p>
   </div>
   <div class='ocr_carea' id='block_1_30' title="bbox 363 3525 1949 3595">
    <p class='ocr_par' dir='ltr' id='par_1_30' title="bbox 363 3525 1949 3595">
     <span class='ocr_line' id='line_1_30' title="bbox 363 3525 1949 3595; baseline 0.001 -16"><span class='ocrx_word' id='word_1_246' title='bbox 363 3527 636 3581; x_wconf 84' lang='lat' dir='ltr'><strong><em>allii-mare</em></strong></span> <span class='ocrx_word' id='word_1_247' title='bbox 666 3527 821 3581; x_wconf 92' lang='lat' dir='ltr'><strong><em>illum</em></strong></span> <span class='ocrx_word' id='word_1_248' title='bbox 847 3527 1030 3581; x_wconf 91' lang='lat' dir='ltr'><strong><em>nullas</em></strong></span> <span class='ocrx_word' id='word_1_249' title='bbox 1057 3526 1283 3581; x_wconf 90' lang='lat' dir='ltr'><strong><em>omnino</em></strong></span> <span class='ocrx_word' id='word_1_250' title='bbox 1326 3526 1632 3595; x_wconf 85' lang='lat' dir='ltr'><strong><em>scripsisse.</em></strong></span> <span class='ocrx_word' id='word_1_251' title='bbox 1684 3525 1805 3580; x_wconf 84' lang='lat' dir='ltr'><strong><em>Non</em></strong></span> <span class='ocrx_word' id='word_1_252' title='bbox 1837 3527 1949 3580; x_wconf 89' lang='lat' dir='ltr'><strong><em>alio</em></strong></span> 
     </span>
    </p>
   </div>
   <div class='ocr_carea' id='block_1_31' title="bbox 364 3617 1946 3691">
    <p class='ocr_par' dir='ltr' id='par_1_31' title="bbox 364 3617 1946 3691">
     <span class='ocr_line' id='line_1_31' title="bbox 364 3617 1946 3691; baseline 0 -18"><span class='ocrx_word' id='word_1_253' title='bbox 364 3621 415 3674; x_wconf 77' lang='lat' dir='ltr'><strong><em>id</em></strong></span> <span class='ocrx_word' id='word_1_254' title='bbox 434 3628 764 3691; x_wconf 86' lang='lat' dir='ltr'><strong><em>argumento</em></strong></span> <span class='ocrx_word' id='word_1_255' title='bbox 787 3619 1119 3690; x_wconf 88' lang='lat' dir='ltr'><strong><em>persuadere</em></strong></span> <span class='ocrx_word' id='word_1_256' title='bbox 1135 3617 1502 3684; x_wconf 88' lang='lat' dir='ltr'><strong><em>conabantur,</em></strong></span> <span class='ocrx_word' id='word_1_257' title='bbox 1520 3634 1685 3688; x_wconf 85' lang='lat' dir='ltr'><strong><em>quam</em></strong></span> <span class='ocrx_word' id='word_1_258' title='bbox 1712 3633 1777 3673; x_wconf 92' lang='lat' dir='ltr'><strong><em>eo</em></strong></span> <span class='ocrx_word' id='word_1_259' title='bbox 1799 3619 1946 3687; x_wconf 88' lang='lat' dir='ltr'><strong><em>quod</em></strong></span> 
     </span>
    </p>
   </div>
   <div class='ocr_carea' id='block_1_32' title="bbox 362 3709 1944 3776">
    <p class='ocr_par' dir='ltr' id='par_1_32' title="bbox 362 3709 1944 3776">
     <span class='ocr_line' id='line_1_32' title="bbox 362 3709 1944 3776; baseline -0.001 -10"><span class='ocrx_word' id='word_1_260' title='bbox 362 3713 611 3768; x_wconf 87' lang='lat' dir='ltr'><strong><em>dicerent</em></strong></span> <span class='ocrx_word' id='word_1_261' title='bbox 637 3713 914 3768; x_wconf 89' lang='lat' dir='ltr'><strong><em>neminem</em></strong></span> <span class='ocrx_word' id='word_1_262' title='bbox 943 3721 1209 3776; x_wconf 88' lang='lat' dir='ltr'><strong><em>veterum,</em></strong></span> <span class='ocrx_word' id='word_1_263' title='bbox 1244 3721 1370 3765; x_wconf 89' lang='lat' dir='ltr'><strong><em>ante</em></strong></span> <span class='ocrx_word' id='word_1_264' title='bbox 1400 3709 1720 3775; x_wconf 81' lang='lat' dir='ltr'><strong><em>Eusebium,</em></strong></span> <span class='ocrx_word' id='word_1_265' title='bbox 1755 3727 1944 3765; x_wconf 91' lang='lat' dir='ltr'><strong><em>carum</em></strong></span> 
     </span>
    </p>
   </div>
   <div class='ocr_carea' id='block_1_33' title="bbox 364 3802 1948 3873">
    <p class='ocr_par' dir='ltr' id='par_1_33' title="bbox 364 3802 1948 3873">
     <span class='ocr_line' id='line_1_33' title="bbox 364 3802 1948 3873; baseline -0.002 -13"><span class='ocrx_word' id='word_1_266' title='bbox 364 3807 703 3861; x_wconf 85' lang='lat' dir='ltr'><strong><em>meminisse.</em></strong></span> <span class='ocrx_word' id='word_1_267' title='bbox 736 3804 877 3860; x_wconf 87' lang='lat' dir='ltr'><strong><em>Nam</em></strong></span> <span class='ocrx_word' id='word_1_268' title='bbox 926 3805 1228 3861; x_wconf 89' lang='lat' dir='ltr'><strong><em>sententias</em></strong></span> <span class='ocrx_word' id='word_1_269' title='bbox 1258 3820 1381 3873; x_wconf 64' lang='lat' dir='ltr'><strong><em>qua:</em></strong></span> <span class='ocrx_word' id='word_1_270' title='bbox 1409 3803 1553 3873; x_wconf 89' lang='lat' dir='ltr'><strong><em>apud</em></strong></span> <span class='ocrx_word' id='word_1_271' title='bbox 1600 3802 1864 3858; x_wconf 69' lang='lat' dir='ltr'><strong><em>Irenaeum</em></strong></span> <span class='ocrx_word' id='word_1_272' title='bbox 1892 3812 1948 3857; x_wconf 86' lang='lat' dir='ltr'><strong><em>et</em></strong></span> 
     </span>
    </p>
   </div>
   <div class='ocr_carea' id='block_1_34' title="bbox 362 3897 1946 3969">
    <p class='ocr_par' dir='ltr' id='par_1_34' title="bbox 362 3897 1946 3969">
     <span class='ocr_line' id='line_1_34' title="bbox 362 3897 1946 3969; baseline -0.004 -15"><span class='ocrx_word' id='word_1_273' title='bbox 362 3897 652 3969; x_wconf 87' lang='lat' dir='ltr'><strong><em>Origenem</em></strong></span> <span class='ocrx_word' id='word_1_274' title='bbox 674 3906 975 3963; x_wconf 79' lang='lat' dir='ltr'><strong><em>exstarent,</em></strong></span> <span class='ocrx_word' id='word_1_275' title='bbox 996 3913 1090 3954; x_wconf 89' lang='lat' dir='ltr'><strong><em>eas</em></strong></span> <span class='ocrx_word' id='word_1_276' title='bbox 1121 3913 1219 3954; x_wconf 88' lang='lat' dir='ltr'><strong><em>ore</em></strong></span> <span class='ocrx_word' id='word_1_277' title='bbox 1246 3897 1670 3967; x_wconf 88' lang='lat' dir='ltr'><strong><em>pronuntiasse,</em></strong></span> <span class='ocrx_word' id='word_1_278' title='bbox 1702 3910 1812 3949; x_wconf 91' lang='lat' dir='ltr'><strong><em>non</em></strong></span> <span class='ocrx_word' id='word_1_279' title='bbox 1848 3910 1946 3947; x_wconf 90' lang='lat' dir='ltr'><strong><em>au-</em></strong></span> 
     </span>
    </p>
   </div>
   <div class='ocr_carea' id='block_1_35' title="bbox 363 3988 1948 4061">
    <p class='ocr_par' dir='ltr' id='par_1_35' title="bbox 363 3988 1948 4061">
     <span class='ocr_line' id='line_1_35' title="bbox 363 3988 1948 4061; baseline -0.004 -15"><span class='ocrx_word' id='word_1_280' title='bbox 363 4000 470 4046; x_wconf 90' lang='lat' dir='ltr'><strong><em>tem</em></strong></span> <span class='ocrx_word' id='word_1_281' title='bbox 498 4008 566 4046; x_wconf 75' lang='lat' dir='ltr'><strong><em>ex</em></strong></span> <span class='ocrx_word' id='word_1_282' title='bbox 592 3991 839 4061; x_wconf 91' lang='lat' dir='ltr'><strong><em>epistolis</em></strong></span> <span class='ocrx_word' id='word_1_283' title='bbox 869 3991 989 4061; x_wconf 89' lang='lat' dir='ltr'><strong><em>ejus</em></strong></span> <span class='ocrx_word' id='word_1_284' title='bbox 1018 4006 1140 4046; x_wconf 90' lang='lat' dir='ltr'><strong><em>esse</em></strong></span> <span class='ocrx_word' id='word_1_285' title='bbox 1191 3990 1429 4059; x_wconf 89' lang='lat' dir='ltr'><strong><em>petitas:</em></strong></span> <span class='ocrx_word' id='word_1_286' title='bbox 1458 4005 1569 4044; x_wconf 91' lang='lat' dir='ltr'><strong><em>non</em></strong></span> <span class='ocrx_word' id='word_1_287' title='bbox 1601 3988 1948 4043; x_wconf 88' lang='lat' dir='ltr'><strong><em>attenderunt</em></strong></span> 
     </span>
    </p>
   </div>
   <div class='ocr_carea' id='block_1_36' title="bbox 363 4089 1948 4161">
    <p class='ocr_par' dir='ltr' id='par_1_36' title="bbox 363 4089 1948 4161">
     <span class='ocr_line' id='line_1_36' title="bbox 363 4089 1948 4161; baseline -0.002 -15"><span class='ocrx_word' id='word_1_288' title='bbox 363 4092 467 4146; x_wconf 88' lang='lat' dir='ltr'><strong><em>viri</em></strong></span> <span class='ocrx_word' id='word_1_289' title='bbox 489 4092 796 4147; x_wconf 88' lang='lat' dir='ltr'><strong><em>doctissimi</em></strong></span> <span class='ocrx_word' id='word_1_290' title='bbox 829 4091 898 4146; x_wconf 91' lang='lat' dir='ltr'><strong><em>ad</em></strong></span> <span class='ocrx_word' id='word_1_291' title='bbox 943 4107 1068 4147; x_wconf 87' lang='lat' dir='ltr'><strong><em>eum</em></strong></span> <span class='ocrx_word' id='word_1_292' title='bbox 1116 4089 1369 4161; x_wconf 83' lang='lat' dir='ltr'><strong><em>Origenis</em></strong></span> <span class='ocrx_word' id='word_1_293' title='bbox 1406 4091 1609 4155; x_wconf 86' lang='lat' dir='ltr'><strong><em>locum,</em></strong></span> <span class='ocrx_word' id='word_1_294' title='bbox 1637 4089 1730 4159; x_wconf 90' lang='lat' dir='ltr'><strong><em>qui</em></strong></span> <span class='ocrx_word' id='word_1_295' title='bbox 1769 4098 1948 4144; x_wconf 82' lang='lat' dir='ltr'><strong><em>exstat</em></strong></span> 
     </span>
    </p>
   </div>
   <div class='ocr_carea' id='block_1_37' title="bbox 363 4181 1948 4252">
    <p class='ocr_par' dir='ltr' id='par_1_37' title="bbox 363 4181 1948 4252">
     <span class='ocr_line' id='line_1_37' title="bbox 363 4181 1948 4252; baseline -0.003 -14"><span class='ocrx_word' id='word_1_296' title='bbox 363 4185 557 4241; x_wconf 72' lang='lat' dir='ltr'><strong><em>ltomivl.</em></strong></span> <span class='ocrx_word' id='word_1_297' title='bbox 593 4201 642 4237; x_wconf 71' lang='grc' dir='ltr'><strong><em>γι</em></strong></span> <span class='ocrx_word' id='word_1_298' title='bbox 691 4185 745 4237; x_wconf 90' lang='lat' dir='ltr'><strong><em>in</em></strong></span> <span class='ocrx_word' id='word_1_299' title='bbox 795 4183 1001 4239; x_wconf 85' lang='lat' dir='ltr'><strong><em>Lucam</em></strong></span> <span class='ocrx_word' id='word_1_300' title='bbox 1036 4202 1048 4237; x_wconf 89' lang='lat'>:</span> <span class='ocrx_word' id='word_1_301' title='bbox 1086 4182 1233 4237; x_wconf 83' lang='lat' dir='ltr'><strong><em>Unde</em></strong></span> <span class='ocrx_word' id='word_1_302' title='bbox 1262 4182 1528 4252; x_wconf 83' lang='lat' dir='ltr'><strong><em>eleganter</em></strong></span> <span class='ocrx_word' id='word_1_303' title='bbox 1560 4182 1617 4234; x_wconf 85' lang='lat' dir='ltr'><strong><em>in</em></strong></span> <span class='ocrx_word' id='word_1_304' title='bbox 1666 4181 1948 4250; x_wconf 83' lang='lat' dir='ltr'><strong><em>cujusdam</em></strong></span> 
     </span>
    </p>
   </div>
   <div class='ocr_carea' id='block_1_38' title="bbox 362 4275 1947 4347">
    <p class='ocr_par' dir='ltr' id='par_1_38' title="bbox 362 4275 1947 4347">
     <span class='ocr_line' id='line_1_38' title="bbox 362 4275 1947 4347; baseline -0.003 -16"><span class='ocrx_word' id='word_1_305' title='bbox 362 4281 616 4347; x_wconf 76' lang='lat' dir='ltr'><strong><em>martyris</em></strong></span> <span class='ocrx_word' id='word_1_306' title='bbox 643 4277 869 4347; x_wconf 81' lang='lat' dir='ltr'><strong><em>epistola</em></strong></span> <span class='ocrx_word' id='word_1_307' title='bbox 919 4277 1108 4347; x_wconf 80' lang='lat' dir='ltr'><strong><em>reperi,</em></strong></span> <span class='ocrx_word' id='word_1_308' title='bbox 1150 4275 1425 4346; x_wconf 76' lang='lat' dir='ltr'><strong><em>Ignatium</em></strong></span> <span class='ocrx_word' id='word_1_309' title='bbox 1469 4275 1587 4328; x_wconf 81' lang='lat' dir='ltr'><strong><em>dico</em></strong></span> <span class='ocrx_word' id='word_1_310' title='bbox 1644 4276 1947 4343; x_wconf 77' lang='lat' dir='ltr'><strong><em>episcopum</em></strong></span> 
     </span>
    </p>
   </div>
   <div class='ocr_carea' id='block_1_39' title="bbox 362 4368 1946 4439">
    <p class='ocr_par' dir='ltr' id='par_1_39' title="bbox 362 4368 1946 4439">
     <span class='ocr_line' id='line_1_39' title="bbox 362 4368 1946 4439; baseline -0.001 -15"><span class='ocrx_word' id='word_1_311' title='bbox 362 4370 678 4430; x_wconf 69' lang='lat' dir='ltr'><strong><em>Antiochiie,</em></strong></span> <span class='ocrx_word' id='word_1_312' title='bbox 704 4379 819 4439; x_wconf 79' lang='lat' dir='ltr'><strong><em>post</em></strong></span> <span class='ocrx_word' id='word_1_313' title='bbox 851 4368 1072 4423; x_wconf 84' lang='lat' dir='ltr'><strong><em>Petrum</em></strong></span> <span class='ocrx_word' id='word_1_314' title='bbox 1101 4369 1412 4432; x_wconf 75' lang='lat' dir='ltr'><strong><em>secundum;</em></strong></span> <span class='ocrx_word' id='word_1_315' title='bbox 1431 4371 1520 4438; x_wconf 88' lang='lat' dir='ltr'><strong><em>qui</em></strong></span> <span class='ocrx_word' id='word_1_316' title='bbox 1541 4370 1595 4422; x_wconf 88' lang='lat' dir='ltr'><strong><em>in</em></strong></span> <span class='ocrx_word' id='word_1_317' title='bbox 1626 4371 1946 4438; x_wconf 82' lang='lat' dir='ltr'><strong><em>persecutio-</em></strong></span> 
     </span>
    </p>
   </div>
   <div class='ocr_carea' id='block_1_40' title="bbox 2071 1862 3640 1938">
    <p class='ocr_par' dir='ltr' id='par_1_40' title="bbox 2071 1862 3640 1938">
     <span class='ocr_line' id='line_1_40' title="bbox 2071 1862 3640 1938; baseline 0.006 -23"><span class='ocrx_word' id='word_1_318' title='bbox 2071 1864 2346 1932; x_wconf 81' lang='grc' dir='ltr'><strong><em>Ἰγνάτιος.</em></strong></span> <span class='ocrx_word' id='word_1_319' title='bbox 2386 1862 2697 1932; x_wconf 72' lang='lat' dir='ltr'><strong><em>Supervixit</em></strong></span> <span class='ocrx_word' id='word_1_320' title='bbox 2726 1873 2911 1919; x_wconf 87' lang='lat' dir='ltr'><strong><em>autem</em></strong></span> <span class='ocrx_word' id='word_1_321' title='bbox 2935 1863 3141 1935; x_wconf 81' lang='lat' dir='ltr'><strong><em>lgnatio</em></strong></span> <span class='ocrx_word' id='word_1_322' title='bbox 3173 1866 3505 1938; x_wconf 84' lang='lat' dir='ltr'><strong><em>Polycarpus</em></strong></span> <span class='ocrx_word' id='word_1_323' title='bbox 3537 1887 3640 1924; x_wconf 82' lang='lat' dir='ltr'><strong><em>an-</em></strong></span> 
     </span>
    </p>
   </div>
   <div class='ocr_carea' id='block_1_41' title="bbox 2055 1955 3637 2030">
    <p class='ocr_par' dir='ltr' id='par_1_41' title="bbox 2055 1955 3637 2030">
     <span class='ocr_line' id='line_1_41' title="bbox 2055 1955 3637 2030; baseline 0.006 -23"><span class='ocrx_word' id='word_1_324' title='bbox 2055 1956 2142 2008; x_wconf 89' lang='lat' dir='ltr'><strong><em>nis</em></strong></span> <span class='ocrx_word' id='word_1_325' title='bbox 2170 1955 2293 2024; x_wconf 92' lang='lat' dir='ltr'><strong><em>plus</em></strong></span> <span class='ocrx_word' id='word_1_326' title='bbox 2326 1956 2509 2009; x_wconf 87' lang='lat' dir='ltr'><strong><em>minus</em></strong></span> <span class='ocrx_word' id='word_1_327' title='bbox 2559 1956 2864 2026; x_wconf 75' lang='lat' dir='ltr'><strong><em>sexaginta.</em></strong></span> <span class='ocrx_word' id='word_1_328' title='bbox 2889 1955 2991 2011; x_wconf 85' lang='lat' dir='ltr'><strong><em>Hic</em></strong></span> <span class='ocrx_word' id='word_1_329' title='bbox 3017 1956 3151 2026; x_wconf 84' lang='lat' dir='ltr'><strong><em>jam,</em></strong></span> <span class='ocrx_word' id='word_1_330' title='bbox 3200 1974 3356 2028; x_wconf 88' lang='lat' dir='ltr'><strong><em>rogo,</em></strong></span> <span class='ocrx_word' id='word_1_331' title='bbox 3381 1976 3637 2030; x_wconf 59' lang='lat' dir='ltr'><strong><em>quaenam</em></strong></span> 
     </span>
    </p>
   </div>
   <div class='ocr_carea' id='block_1_42' title="bbox 2054 2046 3641 2121">
    <p class='ocr_par' dir='ltr' id='par_1_42' title="bbox 2054 2046 3641 2121">
     <span class='ocr_line' id='line_1_42' title="bbox 2054 2046 3641 2121; baseline 0.008 -22"><span class='ocrx_word' id='word_1_332' title='bbox 2054 2047 2166 2099; x_wconf 87' lang='lat' dir='ltr'><strong><em>veri</em></strong></span> <span class='ocrx_word' id='word_1_333' title='bbox 2209 2055 2293 2101; x_wconf 91' lang='lat' dir='ltr'><strong><em>est</em></strong></span> <span class='ocrx_word' id='word_1_334' title='bbox 2346 2047 2649 2101; x_wconf 88' lang='lat' dir='ltr'><strong><em>similitudo</em></strong></span> <span class='ocrx_word' id='word_1_335' title='bbox 2708 2057 2809 2114; x_wconf 91' lang='lat' dir='ltr'><strong><em>ut,</em></strong></span> <span class='ocrx_word' id='word_1_336' title='bbox 2864 2046 3167 2121; x_wconf 86' lang='lat' dir='ltr'><strong><em>Polycarpo</em></strong></span> <span class='ocrx_word' id='word_1_337' title='bbox 3195 2054 3452 2120; x_wconf 87' lang='lat' dir='ltr'><strong><em>vivente,</em></strong></span> <span class='ocrx_word' id='word_1_338' title='bbox 3495 2072 3641 2112; x_wconf 76' lang='lat' dir='ltr'><strong><em>vera:</em></strong></span> 
     </span>
    </p>
   </div>
   <div class='ocr_carea' id='block_1_43' title="bbox 2055 2137 3642 2218">
    <p class='ocr_par' dir='ltr' id='par_1_43' title="bbox 2055 2137 3642 2218">
     <span class='ocr_line' id='line_1_43' title="bbox 2055 2137 3642 2218; baseline 0.005 -27"><span class='ocrx_word' id='word_1_339' title='bbox 2055 2137 2177 2193; x_wconf 73' lang='lat' dir='ltr'><strong><em>ista:</em></strong></span> <span class='ocrx_word' id='word_1_340' title='bbox 2208 2137 2402 2209; x_wconf 81' lang='lat' dir='ltr'><strong><em>lgnatii</em></strong></span> <span class='ocrx_word' id='word_1_341' title='bbox 2431 2139 2674 2208; x_wconf 66' lang='lat' dir='ltr'><strong><em>epistola:</em></strong></span> <span class='ocrx_word' id='word_1_342' title='bbox 2706 2138 2909 2194; x_wconf 89' lang='lat' dir='ltr'><strong><em>fuerint</em></strong></span> <span class='ocrx_word' id='word_1_343' title='bbox 2942 2157 3268 2211; x_wconf 75' lang='lat' dir='ltr'><strong><em>suppressze,</em></strong></span> <span class='ocrx_word' id='word_1_344' title='bbox 3293 2156 3345 2200; x_wconf 91' lang='lat' dir='ltr'><strong><em>et</em></strong></span> <span class='ocrx_word' id='word_1_345' title='bbox 3366 2146 3486 2201; x_wconf 74' lang='lat' dir='ltr'><strong><em>alia:</em></strong></span> <span class='ocrx_word' id='word_1_346' title='bbox 3506 2164 3642 2218; x_wconf 88' lang='lat' dir='ltr'><strong><em>sup-</em></strong></span> 
     </span>
    </p>
   </div>
   <div class='ocr_carea' id='block_1_44' title="bbox 2053 2230 3640 2310">
    <p class='ocr_par' dir='ltr' id='par_1_44' title="bbox 2053 2230 3640 2310">
     <span class='ocr_line' id='line_1_44' title="bbox 2053 2230 3640 2310; baseline 0.008 -25"><span class='ocrx_word' id='word_1_347' title='bbox 2053 2232 2292 2301; x_wconf 76' lang='lat' dir='ltr'><strong><em>positze?</em></strong></span> <span class='ocrx_word' id='word_1_348' title='bbox 2322 2230 2577 2301; x_wconf 81' lang='lat' dir='ltr'><strong><em>Nunquid</em></strong></span> <span class='ocrx_word' id='word_1_349' title='bbox 2616 2247 2712 2287; x_wconf 88' lang='lat' dir='ltr'><strong><em>eas</em></strong></span> <span class='ocrx_word' id='word_1_350' title='bbox 2756 2234 2989 2303; x_wconf 89' lang='lat' dir='ltr'><strong><em>perdidit</em></strong></span> <span class='ocrx_word' id='word_1_351' title='bbox 3017 2233 3373 2307; x_wconf 83' lang='lat' dir='ltr'><strong><em>Polycarpus,</em></strong></span> <span class='ocrx_word' id='word_1_352' title='bbox 3408 2247 3469 2294; x_wconf 90' lang='lat' dir='ltr'><strong><em>ut</em></strong></span> <span class='ocrx_word' id='word_1_353' title='bbox 3496 2256 3640 2310; x_wconf 90' lang='lat' dir='ltr'><strong><em>opus</em></strong></span> 
     </span>
    </p>
   </div>
   <div class='ocr_carea' id='block_1_45' title="bbox 2053 2322 3639 2400">
    <p class='ocr_par' dir='ltr' id='par_1_45' title="bbox 2053 2322 3639 2400">
     <span class='ocr_line' id='line_1_45' title="bbox 2053 2322 3639 2400; baseline 0.008 -24"><span class='ocrx_word' id='word_1_354' title='bbox 2053 2322 2219 2378; x_wconf 84' lang='lat' dir='ltr'><strong><em>fuerit</em></strong></span> <span class='ocrx_word' id='word_1_355' title='bbox 2250 2323 2387 2378; x_wconf 89' lang='lat' dir='ltr'><strong><em>alias</em></strong></span> <span class='ocrx_word' id='word_1_356' title='bbox 2438 2324 2787 2394; x_wconf 76' lang='lat' dir='ltr'><strong><em>excogitare?</em></strong></span> <span class='ocrx_word' id='word_1_357' title='bbox 2839 2325 2956 2380; x_wconf 83' lang='lat' dir='ltr'><strong><em>Non</em></strong></span> <span class='ocrx_word' id='word_1_358' title='bbox 3006 2337 3141 2397; x_wconf 78' lang='lat' dir='ltr'><strong><em>puto</em></strong></span> <span class='ocrx_word' id='word_1_359' title='bbox 3186 2344 3519 2400; x_wconf 87' lang='lat' dir='ltr'><strong><em>quemquam</em></strong></span> <span class='ocrx_word' id='word_1_360' title='bbox 3561 2334 3639 2388; x_wconf 82' lang='lat' dir='ltr'><strong><em>ita</em></strong></span> 
     </span>
    </p>
   </div>
   <div class='ocr_carea' id='block_1_46' title="bbox 2054 2414 3639 2493">
    <p class='ocr_par' dir='ltr' id='par_1_46' title="bbox 2054 2414 3639 2493">
     <span class='ocr_line' id='line_1_46' title="bbox 2054 2414 3639 2493; baseline 0.008 -25"><span class='ocrx_word' id='word_1_361' title='bbox 2054 2414 2169 2469; x_wconf 90' lang='lat' dir='ltr'><strong><em>fore</em></strong></span> <span class='ocrx_word' id='word_1_362' title='bbox 2203 2415 2517 2480; x_wconf 86' lang='lat' dir='ltr'><strong><em>ridiculum,</em></strong></span> <span class='ocrx_word' id='word_1_363' title='bbox 2555 2425 2615 2469; x_wconf 90' lang='lat' dir='ltr'><strong><em>ut</em></strong></span> <span class='ocrx_word' id='word_1_364' title='bbox 2644 2416 2769 2472; x_wconf 88' lang='lat' dir='ltr'><strong><em>talia</em></strong></span> <span class='ocrx_word' id='word_1_365' title='bbox 2800 2419 3009 2487; x_wconf 85' lang='lat' dir='ltr'><strong><em>probet.</em></strong></span> <span class='ocrx_word' id='word_1_366' title='bbox 3051 2418 3171 2473; x_wconf 78' lang='lat' dir='ltr'><strong><em>Jam</em></strong></span> <span class='ocrx_word' id='word_1_367' title='bbox 3201 2437 3365 2493; x_wconf 81' lang='lat' dir='ltr'><strong><em>pergo</em></strong></span> <span class='ocrx_word' id='word_1_368' title='bbox 3397 2441 3409 2474; x_wconf 93' lang='lat'>:</span> <span class='ocrx_word' id='word_1_369' title='bbox 3441 2422 3497 2478; x_wconf 94' lang='lat' dir='ltr'><strong><em>Si</em></strong></span> <span class='ocrx_word' id='word_1_370' title='bbox 3531 2424 3639 2481; x_wconf 87' lang='lat' dir='ltr'><strong><em>Po-</em></strong></span> 
     </span>
    </p>
   </div>
   <div class='ocr_carea' id='block_1_47' title="bbox 2051 2507 3639 2579">
    <p class='ocr_par' dir='ltr' id='par_1_47' title="bbox 2051 2507 3639 2579">
     <span class='ocr_line' id='line_1_47' title="bbox 2051 2507 3639 2579; baseline 0.007 -19"><span class='ocrx_word' id='word_1_371' title='bbox 2051 2507 2309 2578; x_wconf 77' lang='lat' dir='ltr'><strong><em>lycarpus</em></strong></span> <span class='ocrx_word' id='word_1_372' title='bbox 2353 2522 2449 2562; x_wconf 89' lang='lat' dir='ltr'><strong><em>eas</em></strong></span> <span class='ocrx_word' id='word_1_373' title='bbox 2495 2508 2770 2575; x_wconf 86' lang='lat' dir='ltr'><strong><em>habuerit,</em></strong></span> <span class='ocrx_word' id='word_1_374' title='bbox 2833 2511 3023 2579; x_wconf 91' lang='lat' dir='ltr'><strong><em>utique</em></strong></span> <span class='ocrx_word' id='word_1_375' title='bbox 3055 2512 3274 2567; x_wconf 85' lang='lat' dir='ltr'><strong><em>easdem</em></strong></span> <span class='ocrx_word' id='word_1_376' title='bbox 3304 2515 3497 2569; x_wconf 89' lang='lat' dir='ltr'><strong><em>habuit</em></strong></span> <span class='ocrx_word' id='word_1_377' title='bbox 3521 2516 3639 2572; x_wconf 86' lang='lat' dir='ltr'><strong><em>lre-</em></strong></span> 
     </span>
    </p>
   </div>
   <div class='ocr_carea' id='block_1_48' title="bbox 2052 2599 3638 2672">
    <p class='ocr_par' dir='ltr' id='par_1_48' title="bbox 2052 2599 3638 2672">
     <span class='ocr_line' id='line_1_48' title="bbox 2052 2599 3638 2672; baseline 0.007 -18"><span class='ocrx_word' id='word_1_378' title='bbox 2052 2616 2224 2667; x_wconf 70' lang='lat' dir='ltr'><strong><em>naeus,</em></strong></span> <span class='ocrx_word' id='word_1_379' title='bbox 2252 2600 2374 2669; x_wconf 87' lang='lat' dir='ltr'><strong><em>ejus</em></strong></span> <span class='ocrx_word' id='word_1_380' title='bbox 2402 2599 2726 2670; x_wconf 88' lang='lat' dir='ltr'><strong><em>discipulus,</em></strong></span> <span class='ocrx_word' id='word_1_381' title='bbox 2749 2604 2847 2672; x_wconf 90' lang='lat' dir='ltr'><strong><em>qui</em></strong></span> <span class='ocrx_word' id='word_1_382' title='bbox 2871 2603 2990 2658; x_wconf 80' lang='lat' dir='ltr'><strong><em>illas</em></strong></span> <span class='ocrx_word' id='word_1_383' title='bbox 3011 2604 3214 2659; x_wconf 77' lang='lat' dir='ltr'><strong><em>citavit.</em></strong></span> <span class='ocrx_word' id='word_1_384' title='bbox 3245 2605 3505 2663; x_wconf 63' lang='lat' dir='ltr'><strong><em>lreneum</em></strong></span> <span class='ocrx_word' id='word_1_385' title='bbox 3537 2625 3638 2665; x_wconf 65' lang='lat' dir='ltr'><strong><em>ero</em></strong></span> 
     </span>
    </p>
   </div>
   <div class='ocr_carea' id='block_1_49' title="bbox 2053 2694 3638 2763">
    <p class='ocr_par' dir='ltr' id='par_1_49' title="bbox 2053 2694 3638 2763">
     <span class='ocr_line' id='line_1_49' title="bbox 2053 2694 3638 2763; baseline 0.006 -16"><span class='ocrx_word' id='word_1_386' title='bbox 2053 2694 2186 2763; x_wconf 91' lang='lat' dir='ltr'><strong><em>cipit</em></strong></span> <span class='ocrx_word' id='word_1_387' title='bbox 2215 2694 2500 2761; x_wconf 73' lang='lat' dir='ltr'><strong><em>Origenes,</em></strong></span> <span class='ocrx_word' id='word_1_388' title='bbox 2527 2694 2686 2761; x_wconf 84' lang='lat' dir='ltr'><strong><em>cujus</em></strong></span> <span class='ocrx_word' id='word_1_389' title='bbox 2709 2694 2823 2763; x_wconf 87' lang='lat' dir='ltr'><strong><em>jam</em></strong></span> <span class='ocrx_word' id='word_1_390' title='bbox 2853 2696 3018 2750; x_wconf 78' lang='lat' dir='ltr'><strong><em>verba</em></strong></span> <span class='ocrx_word' id='word_1_391' title='bbox 3043 2697 3299 2753; x_wconf 88' lang='lat' dir='ltr'><strong><em>vidimus.</em></strong></span> <span class='ocrx_word' id='word_1_392' title='bbox 3336 2698 3508 2755; x_wconf 86' lang='lat' dir='ltr'><strong><em>Nemo</em></strong></span> <span class='ocrx_word' id='word_1_393' title='bbox 3534 2718 3638 2756; x_wconf 82' lang='lat' dir='ltr'><strong><em>au-</em></strong></span> 
     </span>
    </p>
   </div>
   <div class='ocr_carea' id='block_1_50' title="bbox 2051 2786 3637 2865">
    <p class='ocr_par' dir='ltr' id='par_1_50' title="bbox 2051 2786 3637 2865">
     <span class='ocr_line' id='line_1_50' title="bbox 2051 2786 3637 2865; baseline 0.007 -25"><span class='ocrx_word' id='word_1_394' title='bbox 2051 2798 2182 2851; x_wconf 89' lang='lat' dir='ltr'><strong><em>tcm,</em></strong></span> <span class='ocrx_word' id='word_1_395' title='bbox 2212 2795 2363 2856; x_wconf 87' lang='lat' dir='ltr'><strong><em>puto,</em></strong></span> <span class='ocrx_word' id='word_1_396' title='bbox 2391 2787 2483 2865; x_wconf 85' lang='lat' dir='ltr'><strong><em>sit,</em></strong></span> <span class='ocrx_word' id='word_1_397' title='bbox 2521 2786 2615 2855; x_wconf 83' lang='lat' dir='ltr'><strong><em>qui</em></strong></span> <span class='ocrx_word' id='word_1_398' title='bbox 2647 2786 2920 2843; x_wconf 77' lang='lat' dir='ltr'><strong><em>existimet</em></strong></span> <span class='ocrx_word' id='word_1_399' title='bbox 2950 2789 3195 2846; x_wconf 88' lang='lat' dir='ltr'><strong><em>diversas</em></strong></span> <span class='ocrx_word' id='word_1_400' title='bbox 3226 2791 3398 2847; x_wconf 87' lang='lat' dir='ltr'><strong><em>fuisse</em></strong></span> <span class='ocrx_word' id='word_1_401' title='bbox 3436 2793 3637 2864; x_wconf 84' lang='lat' dir='ltr'><strong><em>Ignatii</em></strong></span> 
     </span>
    </p>
   </div>
   <div class='ocr_carea' id='block_1_51' title="bbox 2051 2878 3636 2957">
    <p class='ocr_par' dir='ltr' id='par_1_51' title="bbox 2051 2878 3636 2957">
     <span class='ocr_line' id='line_1_51' title="bbox 2051 2878 3636 2957; baseline 0.008 -25"><span class='ocrx_word' id='word_1_402' title='bbox 2051 2878 2311 2948; x_wconf 83' lang='lat' dir='ltr'><strong><em>epistolas</em></strong></span> <span class='ocrx_word' id='word_1_403' title='bbox 2351 2878 2555 2948; x_wconf 84' lang='lat' dir='ltr'><strong><em>quibus</em></strong></span> <span class='ocrx_word' id='word_1_404' title='bbox 2607 2894 2739 2935; x_wconf 90' lang='lat' dir='ltr'><strong><em>usus</em></strong></span> <span class='ocrx_word' id='word_1_405' title='bbox 2772 2888 2856 2934; x_wconf 85' lang='lat' dir='ltr'><strong><em>est</em></strong></span> <span class='ocrx_word' id='word_1_406' title='bbox 2901 2879 3162 2951; x_wconf 88' lang='lat' dir='ltr'><strong><em>Origenes</em></strong></span> <span class='ocrx_word' id='word_1_407' title='bbox 3190 2926 3204 2947; x_wconf 93' lang='lat'><strong><em>,</em></strong></span> <span class='ocrx_word' id='word_1_408' title='bbox 3239 2885 3308 2938; x_wconf 91' lang='lat' dir='ltr'><strong><em>ab</em></strong></span> <span class='ocrx_word' id='word_1_409' title='bbox 3357 2885 3464 2940; x_wconf 91' lang='lat' dir='ltr'><strong><em>illis</em></strong></span> <span class='ocrx_word' id='word_1_410' title='bbox 3492 2904 3636 2957; x_wconf 87' lang='lat' dir='ltr'><strong><em>quas</em></strong></span> 
     </span>
    </p>
   </div>
   <div class='ocr_carea' id='block_1_52' title="bbox 2052 2968 3633 3045">
    <p class='ocr_par' dir='ltr' id='par_1_52' title="bbox 2052 2968 3633 3045">
     <span class='ocr_line' id='line_1_52' title="bbox 2052 2968 3633 3045; baseline 0.008 -23"><span class='ocrx_word' id='word_1_411' title='bbox 2052 2970 2184 3023; x_wconf 85' lang='lat' dir='ltr'><strong><em>citat</em></strong></span> <span class='ocrx_word' id='word_1_412' title='bbox 2230 2968 2521 3025; x_wconf 88' lang='lat' dir='ltr'><strong><em>Eusebius.</em></strong></span> <span class='ocrx_word' id='word_1_413' title='bbox 2579 2969 2876 3025; x_wconf 87' lang='lat' dir='ltr'><strong><em>Eusebium</em></strong></span> <span class='ocrx_word' id='word_1_414' title='bbox 2908 2982 3214 3041; x_wconf 89' lang='lat' dir='ltr'><strong><em>sequuntur</em></strong></span> <span class='ocrx_word' id='word_1_415' title='bbox 3268 2976 3633 3045; x_wconf 83' lang='lat' dir='ltr'><strong><em>Athanasius,</em></strong></span> 
     </span>
    </p>
   </div>
   <div class='ocr_carea' id='block_1_53' title="bbox 2053 3060 3635 3134">
    <p class='ocr_par' dir='ltr' id='par_1_53' title="bbox 2053 3060 3635 3134">
     <span class='ocr_line' id='line_1_53' title="bbox 2053 3060 3635 3134; baseline 0.006 -19"><span class='ocrx_word' id='word_1_416' title='bbox 2053 3060 2438 3133; x_wconf 76' lang='lat' dir='ltr'><strong><em>Hieronymus,</em></strong></span> <span class='ocrx_word' id='word_1_417' title='bbox 2469 3062 2903 3134; x_wconf 82' lang='lat' dir='ltr'><strong><em>Chrysostomns</em></strong></span> <span class='ocrx_word' id='word_1_418' title='bbox 2928 3105 2943 3129; x_wconf 95' lang='lat'><strong><em>,</em></strong></span> <span class='ocrx_word' id='word_1_419' title='bbox 2969 3061 3347 3123; x_wconf 87' lang='lat' dir='ltr'><strong><em>Theodoretus</em></strong></span> <span class='ocrx_word' id='word_1_420' title='bbox 3369 3110 3384 3134; x_wconf 94' lang='lat'><strong><em>,</em></strong></span> <span class='ocrx_word' id='word_1_421' title='bbox 3434 3070 3635 3124; x_wconf 84' lang='lat' dir='ltr'><strong><em>Antio-</em></strong></span> 
     </span>
    </p>
   </div>
   <div class='ocr_carea' id='block_1_54' title="bbox 2049 3152 3632 3232">
    <p class='ocr_par' dir='ltr' id='par_1_54' title="bbox 2049 3152 3632 3232">
     <span class='ocr_line' id='line_1_54' title="bbox 2049 3152 3632 3232; baseline 0.006 -24"><span class='ocrx_word' id='word_1_422' title='bbox 2049 3153 2294 3217; x_wconf 83' lang='lat' dir='ltr'><strong><em>cbenus,</em></strong></span> <span class='ocrx_word' id='word_1_423' title='bbox 2326 3152 2700 3209; x_wconf 89' lang='lat' dir='ltr'><strong><em>Damascenus</em></strong></span> <span class='ocrx_word' id='word_1_424' title='bbox 2732 3196 2747 3219; x_wconf 92' lang='lat'><strong><em>,</em></strong></span> <span class='ocrx_word' id='word_1_425' title='bbox 2788 3153 3019 3210; x_wconf 81' lang='lat' dir='ltr'><strong><em>Photius</em></strong></span> <span class='ocrx_word' id='word_1_426' title='bbox 3046 3200 3060 3223; x_wconf 93' lang='lat'><strong><em>,</em></strong></span> <span class='ocrx_word' id='word_1_427' title='bbox 3092 3167 3146 3211; x_wconf 90' lang='lat' dir='ltr'><strong><em>et</em></strong></span> <span class='ocrx_word' id='word_1_428' title='bbox 3195 3160 3468 3216; x_wconf 87' lang='lat' dir='ltr'><strong><em>innumeri</em></strong></span> <span class='ocrx_word' id='word_1_429' title='bbox 3496 3165 3585 3217; x_wconf 91' lang='lat' dir='ltr'><strong><em>alii</em></strong></span> <span class='ocrx_word' id='word_1_430' title='bbox 3615 3184 3632 3232; x_wconf 92' lang='lat'><strong><em>;</em></strong></span> 
     </span>
    </p>
   </div>
   <div class='ocr_carea' id='block_1_55' title="bbox 2048 3247 3634 3327">
    <p class='ocr_par' dir='ltr' id='par_1_55' title="bbox 2048 3247 3634 3327">
     <span class='ocr_line' id='line_1_55' title="bbox 2048 3247 3634 3327; baseline 0.006 -26"><span class='ocrx_word' id='word_1_431' title='bbox 2048 3248 2142 3317; x_wconf 89' lang='lat' dir='ltr'><strong><em>qui</em></strong></span> <span class='ocrx_word' id='word_1_432' title='bbox 2170 3262 2361 3302; x_wconf 88' lang='lat' dir='ltr'><strong><em>omnes</em></strong></span> <span class='ocrx_word' id='word_1_433' title='bbox 2392 3247 2477 3302; x_wconf 91' lang='lat' dir='ltr'><strong><em>usi</em></strong></span> <span class='ocrx_word' id='word_1_434' title='bbox 2510 3254 2641 3300; x_wconf 89' lang='lat' dir='ltr'><strong><em>sunt</em></strong></span> <span class='ocrx_word' id='word_1_435' title='bbox 2682 3247 2999 3303; x_wconf 86' lang='lat' dir='ltr'><strong><em>testimonio</em></strong></span> <span class='ocrx_word' id='word_1_436' title='bbox 3045 3248 3272 3320; x_wconf 88' lang='lat' dir='ltr'><strong><em>lgnatii;</em></strong></span> <span class='ocrx_word' id='word_1_437' title='bbox 3308 3263 3363 3308; x_wconf 92' lang='lat' dir='ltr'><strong><em>et</em></strong></span> <span class='ocrx_word' id='word_1_438' title='bbox 3393 3255 3465 3309; x_wconf 88' lang='lat' dir='ltr'><strong><em>ita</em></strong></span> <span class='ocrx_word' id='word_1_439' title='bbox 3506 3259 3634 3327; x_wconf 88' lang='lat' dir='ltr'><strong><em>qui-</em></strong></span> 
     </span>
    </p>
   </div>
   <div class='ocr_carea' id='block_1_56' title="bbox 2047 3340 3635 3418">
    <p class='ocr_par' dir='ltr' id='par_1_56' title="bbox 2047 3340 3635 3418">
     <span class='ocr_line' id='line_1_56' title="bbox 2047 3340 3635 3418; baseline 0.009 -26"><span class='ocrx_word' id='word_1_440' title='bbox 2047 3340 2195 3404; x_wconf 88' lang='lat' dir='ltr'><strong><em>dem,</em></strong></span> <span class='ocrx_word' id='word_1_441' title='bbox 2228 3349 2288 3393; x_wconf 85' lang='lat' dir='ltr'><strong><em>ut</em></strong></span> <span class='ocrx_word' id='word_1_442' title='bbox 2312 3354 2595 3408; x_wconf 81' lang='lat' dir='ltr'><strong><em>nunquam</em></strong></span> <span class='ocrx_word' id='word_1_443' title='bbox 2628 3355 2658 3393; x_wconf 87' lang='lat' dir='ltr'><strong><em>a</em></strong></span> <span class='ocrx_word' id='word_1_444' title='bbox 2705 3356 2985 3410; x_wconf 89' lang='lat' dir='ltr'><strong><em>quoquam</em></strong></span> <span class='ocrx_word' id='word_1_445' title='bbox 3019 3343 3159 3398; x_wconf 84' lang='lat' dir='ltr'><strong><em>inter</em></strong></span> <span class='ocrx_word' id='word_1_446' title='bbox 3187 3349 3531 3418; x_wconf 83' lang='lat' dir='ltr'><strong><em>apocrypbos</em></strong></span> <span class='ocrx_word' id='word_1_447' title='bbox 3559 3351 3635 3406; x_wconf 88' lang='lat' dir='ltr'><strong><em>sit</em></strong></span> 
     </span>
    </p>
   </div>
   <div class='ocr_carea' id='block_1_57' title="bbox 2048 3433 3631 3505">
    <p class='ocr_par' dir='ltr' id='par_1_57' title="bbox 2048 3433 3631 3505">
     <span class='ocr_line' id='line_1_57' title="bbox 2048 3433 3631 3505; baseline 0.004 -20"><span class='ocrx_word' id='word_1_448' title='bbox 2048 3434 2282 3499; x_wconf 88' lang='lat' dir='ltr'><strong><em>relatus;</em></strong></span> <span class='ocrx_word' id='word_1_449' title='bbox 2317 3433 2462 3502; x_wconf 91' lang='lat' dir='ltr'><strong><em>quod</em></strong></span> <span class='ocrx_word' id='word_1_450' title='bbox 2487 3441 2666 3502; x_wconf 83' lang='lat' dir='ltr'><strong><em>tamen</em></strong></span> <span class='ocrx_word' id='word_1_451' title='bbox 2710 3448 2777 3487; x_wconf 92' lang='lat' dir='ltr'><strong><em>ne</em></strong></span> <span class='ocrx_word' id='word_1_452' title='bbox 2810 3437 2932 3488; x_wconf 87' lang='lat' dir='ltr'><strong><em>novi</em></strong></span> <span class='ocrx_word' id='word_1_453' title='bbox 2975 3437 3193 3505; x_wconf 88' lang='lat' dir='ltr'><strong><em>quidem</em></strong></span> <span class='ocrx_word' id='word_1_454' title='bbox 3228 3436 3472 3493; x_wconf 72' lang='lat' dir='ltr'><strong><em>Fuederis</em></strong></span> <span class='ocrx_word' id='word_1_455' title='bbox 3506 3440 3631 3492; x_wconf 88' lang='lat' dir='ltr'><strong><em>libri</em></strong></span> 
     </span>
    </p>
   </div>
   <div class='ocr_carea' id='block_1_58' title="bbox 2048 3525 3632 3599">
    <p class='ocr_par' dir='ltr' id='par_1_58' title="bbox 2048 3525 3632 3599">
     <span class='ocr_line' id='line_1_58' title="bbox 2048 3525 3632 3599; baseline 0.004 -20"><span class='ocrx_word' id='word_1_456' title='bbox 2048 3525 2284 3594; x_wconf 69' lang='lat' dir='ltr'><strong><em>effugere</em></strong></span> <span class='ocrx_word' id='word_1_457' title='bbox 2327 3540 2520 3579; x_wconf 90' lang='lat' dir='ltr'><strong><em>omnes</em></strong></span> <span class='ocrx_word' id='word_1_458' title='bbox 2574 3533 2890 3593; x_wconf 90' lang='lat' dir='ltr'><strong><em>potuerunt.</em></strong></span> <span class='ocrx_word' id='word_1_459' title='bbox 2936 3529 3073 3582; x_wconf 82' lang='lat' dir='ltr'><strong><em>Cum</em></strong></span> <span class='ocrx_word' id='word_1_460' title='bbox 3131 3530 3313 3599; x_wconf 88' lang='lat' dir='ltr'><strong><em>itaque</em></strong></span> <span class='ocrx_word' id='word_1_461' title='bbox 3370 3532 3460 3585; x_wconf 90' lang='lat' dir='ltr'><strong><em>hic</em></strong></span> <span class='ocrx_word' id='word_1_462' title='bbox 3518 3548 3632 3586; x_wconf 91' lang='lat' dir='ltr'><strong><em>non</em></strong></span> 
     </span>
    </p>
   </div>
   <div class='ocr_carea' id='block_1_59' title="bbox 2050 3617 3633 3692">
    <p class='ocr_par' dir='ltr' id='par_1_59' title="bbox 2050 3617 3633 3692">
     <span class='ocr_line' id='line_1_59' title="bbox 2050 3617 3633 3692; baseline 0.006 -22"><span class='ocrx_word' id='word_1_463' title='bbox 2050 3617 2408 3685; x_wconf 77' lang='lat' dir='ltr'><strong><em>interruptam</em></strong></span> <span class='ocrx_word' id='word_1_464' title='bbox 2483 3617 2781 3672; x_wconf 89' lang='lat' dir='ltr'><strong><em>habeamus</em></strong></span> <span class='ocrx_word' id='word_1_465' title='bbox 2842 3621 3037 3673; x_wconf 86' lang='lat' dir='ltr'><strong><em>seriem</em></strong></span> <span class='ocrx_word' id='word_1_466' title='bbox 3096 3637 3288 3675; x_wconf 91' lang='lat' dir='ltr'><strong><em>eorum</em></strong></span> <span class='ocrx_word' id='word_1_467' title='bbox 3323 3624 3465 3692; x_wconf 91' lang='lat' dir='ltr'><strong><em>,qni</em></strong></span> <span class='ocrx_word' id='word_1_468' title='bbox 3529 3626 3633 3682; x_wconf 88' lang='lat' dir='ltr'><strong><em>has</em></strong></span> 
     </span>
    </p>
   </div>
   <div class='ocr_carea' id='block_1_60' title="bbox 2048 3708 3632 3785">
    <p class='ocr_par' dir='ltr' id='par_1_60' title="bbox 2048 3708 3632 3785">
     <span class='ocr_line' id='line_1_60' title="bbox 2048 3708 3632 3785; baseline 0.005 -23"><span class='ocrx_word' id='word_1_469' title='bbox 2048 3708 2309 3777; x_wconf 86' lang='lat' dir='ltr'><strong><em>epistolas</em></strong></span> <span class='ocrx_word' id='word_1_470' title='bbox 2334 3709 2776 3778; x_wconf 86' lang='lat' dir='ltr'><strong><em>approbaverunt</em></strong></span> <span class='ocrx_word' id='word_1_471' title='bbox 2802 3726 2815 3761; x_wconf 90' lang='lat'><strong>:</strong></span> <span class='ocrx_word' id='word_1_472' title='bbox 2845 3726 2950 3764; x_wconf 89' lang='lat' dir='ltr'><strong><em>non</em></strong></span> <span class='ocrx_word' id='word_1_473' title='bbox 2995 3713 3154 3767; x_wconf 89' lang='lat' dir='ltr'><strong><em>video</em></strong></span> <span class='ocrx_word' id='word_1_474' title='bbox 3181 3730 3291 3783; x_wconf 89' lang='lat' dir='ltr'><strong><em>quo</em></strong></span> <span class='ocrx_word' id='word_1_475' title='bbox 3333 3732 3632 3785; x_wconf 80' lang='lat' dir='ltr'><strong><em>argumen-</em></strong></span> 
     </span>
    </p>
   </div>
   <div class='ocr_carea' id='block_1_61' title="bbox 2049 3801 3631 3877">
    <p class='ocr_par' dir='ltr' id='par_1_61' title="bbox 2049 3801 3631 3877">
     <span class='ocr_line' id='line_1_61' title="bbox 2049 3801 3631 3877; baseline 0.006 -22"><span class='ocrx_word' id='word_1_476' title='bbox 2049 3810 2104 3855; x_wconf 88' lang='lat' dir='ltr'><strong><em>to</em></strong></span> <span class='ocrx_word' id='word_1_477' title='bbox 2140 3801 2455 3870; x_wconf 82' lang='lat' dir='ltr'><strong><em>Opinionem</em></strong></span> <span class='ocrx_word' id='word_1_478' title='bbox 2501 3816 2656 3856; x_wconf 89' lang='lat' dir='ltr'><strong><em>suam</em></strong></span> <span class='ocrx_word' id='word_1_479' title='bbox 2705 3802 3032 3859; x_wconf 84' lang='lat' dir='ltr'><strong><em>confirmare</em></strong></span> <span class='ocrx_word' id='word_1_480' title='bbox 3080 3808 3312 3874; x_wconf 91' lang='lat' dir='ltr'><strong><em>possint,</em></strong></span> <span class='ocrx_word' id='word_1_481' title='bbox 3338 3809 3433 3877; x_wconf 92' lang='lat' dir='ltr'><strong><em>qui</em></strong></span> <span class='ocrx_word' id='word_1_482' title='bbox 3478 3810 3631 3865; x_wconf 90' lang='lat' dir='ltr'><strong><em>aliud</em></strong></span> 
     </span>
    </p>
   </div>
   <div class='ocr_carea' id='block_1_62' title="bbox 2049 3892 3633 3971">
    <p class='ocr_par' dir='ltr' id='par_1_62' title="bbox 2049 3892 3633 3971">
     <span class='ocr_line' id='line_1_62' title="bbox 2049 3892 3633 3971; baseline 0.005 -23"><span class='ocrx_word' id='word_1_483' title='bbox 2049 3895 2312 3949; x_wconf 89' lang='lat' dir='ltr'><strong><em>sentiunt.</em></strong></span> <span class='ocrx_word' id='word_1_484' title='bbox 2337 3892 2512 3949; x_wconf 61' lang='lat' dir='ltr'><strong><em>Lectae</em></strong></span> <span class='ocrx_word' id='word_1_485' title='bbox 2532 3902 2659 3949; x_wconf 90' lang='lat' dir='ltr'><strong><em>sunt</em></strong></span> <span class='ocrx_word' id='word_1_486' title='bbox 2690 3895 2955 3950; x_wconf 89' lang='lat' dir='ltr'><strong><em>hactenus</em></strong></span> <span class='ocrx_word' id='word_1_487' title='bbox 2986 3895 3179 3968; x_wconf 89' lang='lat' dir='ltr'><strong><em>lgnatii</em></strong></span> <span class='ocrx_word' id='word_1_488' title='bbox 3207 3901 3472 3969; x_wconf 62' lang='lat' dir='ltr'><strong><em>epistolae,</em></strong></span> <span class='ocrx_word' id='word_1_489' title='bbox 3502 3918 3633 3971; x_wconf 91' lang='lat' dir='ltr'><strong><em>pro-</em></strong></span> 
     </span>
    </p>
   </div>
   <div class='ocr_carea' id='block_1_63' title="bbox 2048 3985 3631 4059">
    <p class='ocr_par' dir='ltr' id='par_1_63' title="bbox 2048 3985 3631 4059">
     <span class='ocr_line' id='line_1_63' title="bbox 2048 3985 3631 4059; baseline 0.006 -18"><span class='ocrx_word' id='word_1_490' title='bbox 2048 3994 2106 4041; x_wconf 89' lang='lat' dir='ltr'><strong><em>ut</em></strong></span> <span class='ocrx_word' id='word_1_491' title='bbox 2129 3987 2197 4039; x_wconf 88' lang='lat' dir='ltr'><strong><em>ab</em></strong></span> <span class='ocrx_word' id='word_1_492' title='bbox 2236 3986 2627 4056; x_wconf 87' lang='lat' dir='ltr'><strong><em>interpolatore</em></strong></span> <span class='ocrx_word' id='word_1_493' title='bbox 2656 3985 2875 4041; x_wconf 88' lang='lat' dir='ltr'><strong><em>fuerant</em></strong></span> <span class='ocrx_word' id='word_1_494' title='bbox 2896 4000 3203 4059; x_wconf 58' lang='lat' dir='ltr'><strong><em>corruptae:</em></strong></span> <span class='ocrx_word' id='word_1_495' title='bbox 3237 4002 3289 4046; x_wconf 88' lang='lat' dir='ltr'><strong><em>et</em></strong></span> <span class='ocrx_word' id='word_1_496' title='bbox 3314 4001 3496 4047; x_wconf 87' lang='lat' dir='ltr'><strong><em>tamen</em></strong></span> <span class='ocrx_word' id='word_1_497' title='bbox 3517 4011 3631 4050; x_wconf 90' lang='lat' dir='ltr'><strong><em>non</em></strong></span> 
     </span>
    </p>
   </div>
   <div class='ocr_carea' id='block_1_64' title="bbox 2048 4077 3631 4149">
    <p class='ocr_par' dir='ltr' id='par_1_64' title="bbox 2048 4077 3631 4149">
     <span class='ocr_line' id='line_1_64' title="bbox 2048 4077 3631 4149; baseline 0.007 -18"><span class='ocrx_word' id='word_1_498' title='bbox 2048 4077 2292 4143; x_wconf 85' lang='lat' dir='ltr'><strong><em>defuere,</em></strong></span> <span class='ocrx_word' id='word_1_499' title='bbox 2325 4078 2634 4149; x_wconf 87' lang='lat' dir='ltr'><strong><em>quijudicii</em></strong></span> <span class='ocrx_word' id='word_1_500' title='bbox 2667 4080 2967 4135; x_wconf 83' lang='lat' dir='ltr'><strong><em>acrimonia</em></strong></span> <span class='ocrx_word' id='word_1_501' title='bbox 3014 4083 3178 4137; x_wconf 87' lang='lat' dir='ltr'><strong><em>etiam</em></strong></span> <span class='ocrx_word' id='word_1_502' title='bbox 3218 4099 3404 4138; x_wconf 87' lang='lat' dir='ltr'><strong><em>verum</em></strong></span> <span class='ocrx_word' id='word_1_503' title='bbox 3438 4086 3495 4139; x_wconf 91' lang='lat' dir='ltr'><strong><em>in</em></strong></span> <span class='ocrx_word' id='word_1_504' title='bbox 3520 4087 3631 4143; x_wconf 89' lang='lat' dir='ltr'><strong><em>illis</em></strong></span> 
     </span>
    </p>
   </div>
   <div class='ocr_carea' id='block_1_65' title="bbox 2048 4172 3629 4248">
    <p class='ocr_par' dir='ltr' id='par_1_65' title="bbox 2048 4172 3629 4248">
     <span class='ocr_line' id='line_1_65' title="bbox 2048 4172 3629 4248; baseline 0.005 -21"><span class='ocrx_word' id='word_1_505' title='bbox 2048 4173 2453 4242; x_wconf 87' lang='lat' dir='ltr'><strong><em>deprehendere</em></strong></span> <span class='ocrx_word' id='word_1_506' title='bbox 2492 4173 2787 4241; x_wconf 89' lang='lat' dir='ltr'><strong><em>potuerint.</em></strong></span> <span class='ocrx_word' id='word_1_507' title='bbox 2819 4172 3072 4229; x_wconf 73' lang='lat' dir='ltr'><strong><em>Ostendit</em></strong></span> <span class='ocrx_word' id='word_1_508' title='bbox 3119 4176 3225 4230; x_wconf 88' lang='lat' dir='ltr'><strong><em>hoc</em></strong></span> <span class='ocrx_word' id='word_1_509' title='bbox 3263 4176 3401 4231; x_wconf 89' lang='lat' dir='ltr'><strong><em>satis</em></strong></span> <span class='ocrx_word' id='word_1_510' title='bbox 3429 4194 3629 4248; x_wconf 85' lang='lat' dir='ltr'><strong><em>super-</em></strong></span> 
     </span>
    </p>
   </div>
   <div class='ocr_carea' id='block_1_66' title="bbox 2049 4264 3630 4337">
    <p class='ocr_par' dir='ltr' id='par_1_66' title="bbox 2049 4264 3630 4337">
     <span class='ocr_line' id='line_1_66' title="bbox 2049 4264 3630 4337; baseline 0.004 -19"><span class='ocrx_word' id='word_1_511' title='bbox 2049 4280 2155 4334; x_wconf 91' lang='lat' dir='ltr'><strong><em>que</em></strong></span> <span class='ocrx_word' id='word_1_512' title='bbox 2201 4264 2284 4318; x_wconf 88' lang='lat' dir='ltr'><strong><em>vir</em></strong></span> <span class='ocrx_word' id='word_1_513' title='bbox 2314 4280 2566 4320; x_wconf 89' lang='lat' dir='ltr'><strong><em>summus</em></strong></span> <span class='ocrx_word' id='word_1_514' title='bbox 2608 4264 2853 4320; x_wconf 82' lang='lat' dir='ltr'><strong><em>Andreas</em></strong></span> <span class='ocrx_word' id='word_1_515' title='bbox 2901 4264 3147 4321; x_wconf 78' lang='lat' dir='ltr'><strong><em>Rivetus.</em></strong></span> <span class='ocrx_word' id='word_1_516' title='bbox 3193 4266 3363 4322; x_wconf 84' lang='lat' dir='ltr'><strong><em>Veras</em></strong></span> <span class='ocrx_word' id='word_1_517' title='bbox 3387 4270 3500 4337; x_wconf 87' lang='lat' dir='ltr'><strong><em>jam</em></strong></span> <span class='ocrx_word' id='word_1_518' title='bbox 3532 4287 3630 4325; x_wconf 81' lang='lat' dir='ltr'><strong><em>ex-</em></strong></span> 
     </span>
    </p>
   </div>
   <div class='ocr_carea' id='block_1_67' title="bbox 2050 4356 3630 4430">
    <p class='ocr_par' dir='ltr' id='par_1_67' title="bbox 2050 4356 3630 4430">
     <span class='ocr_line' id='line_1_67' title="bbox 2050 4356 3630 4430; baseline 0.004 -20"><span class='ocrx_word' id='word_1_519' title='bbox 2050 4356 2214 4410; x_wconf 88' lang='lat' dir='ltr'><strong><em>hibeo</em></strong></span> <span class='ocrx_word' id='word_1_520' title='bbox 2238 4366 2291 4410; x_wconf 91' lang='lat' dir='ltr'><strong><em>et</em></strong></span> <span class='ocrx_word' id='word_1_521' title='bbox 2330 4356 2636 4427; x_wconf 79' lang='lat' dir='ltr'><strong><em>genuinas,</em></strong></span> <span class='ocrx_word' id='word_1_522' title='bbox 2668 4367 2723 4411; x_wconf 89' lang='lat' dir='ltr'><strong><em>et</em></strong></span> <span class='ocrx_word' id='word_1_523' title='bbox 2754 4358 3085 4412; x_wconf 88' lang='lat' dir='ltr'><strong><em>testimoniis</em></strong></span> <span class='ocrx_word' id='word_1_524' title='bbox 3124 4361 3476 4430; x_wconf 87' lang='lat' dir='ltr'><strong><em>antiquorum</em></strong></span> <span class='ocrx_word' id='word_1_525' title='bbox 3506 4365 3630 4417; x_wconf 91' lang='lat' dir='ltr'><strong><em>ubi-</em></strong></span> 
     </span>
    </p>
   </div>
   <div class='ocr_carea' id='block_1_68' title="bbox 362 4450 1967 4531">
    <p class='ocr_par' dir='ltr' id='par_1_68' title="bbox 362 4460 1945 4531">
     <span class='ocr_line' id='line_1_68' title="bbox 362 4460 1945 4531; baseline -0.001 -15"><span class='ocrx_word' id='word_1_526' title='bbox 362 4476 426 4516; x_wconf 75' lang='lat' dir='ltr'><strong><em>ne</em></strong></span> <span class='ocrx_word' id='word_1_527' title='bbox 472 4461 655 4516; x_wconf 74' lang='lat' dir='ltr'><strong><em>Roma:</em></strong></span> <span class='ocrx_word' id='word_1_528' title='bbox 687 4462 939 4531; x_wconf 80' lang='lat' dir='ltr'><strong><em>pugnavit</em></strong></span> <span class='ocrx_word' id='word_1_529' title='bbox 974 4461 1044 4514; x_wconf 84' lang='lat' dir='ltr'><strong><em>ad</em></strong></span> <span class='ocrx_word' id='word_1_530' title='bbox 1091 4462 1323 4516; x_wconf 76' lang='lat' dir='ltr'><strong><em>bestias:</em></strong></span> <span class='ocrx_word' id='word_1_531' title='bbox 1360 4480 1378 4512; x_wconf 86' lang='grc'><strong><em>‹</em></strong></span> <span class='ocrx_word' id='word_1_532' title='bbox 1420 4460 1717 4529; x_wconf 82' lang='lat' dir='ltr'><strong><em>Principem</em></strong></span> <span class='ocrx_word' id='word_1_533' title='bbox 1760 4460 1945 4514; x_wconf 66' lang='lat' dir='ltr'><strong><em>sa&#39;culi</em></strong></span> 
     </span>
    </p>
   </div>
   <div class='ocr_carea' id='block_1_69' title="bbox 2051 4450 3632 4531">
    <p class='ocr_par' dir='ltr' id='par_1_69' title="bbox 2051 4450 3632 4526">
     <span class='ocr_line' id='line_1_69' title="bbox 2051 4450 3632 4526; baseline 0.004 -22"><span class='ocrx_word' id='word_1_534' title='bbox 2051 4464 2157 4519; x_wconf 87' lang='lat' dir='ltr'><strong><em>que</em></strong></span> <span class='ocrx_word' id='word_1_535' title='bbox 2206 4458 2616 4521; x_wconf 87' lang='lat' dir='ltr'><strong><em>congruentes;</em></strong></span> <span class='ocrx_word' id='word_1_536' title='bbox 2649 4465 2714 4504; x_wconf 90' lang='lat' dir='ltr'><strong><em>eo</em></strong></span> <span class='ocrx_word' id='word_1_537' title='bbox 2754 4450 2868 4520; x_wconf 89' lang='lat' dir='ltr'><strong><em>jam</em></strong></span> <span class='ocrx_word' id='word_1_538' title='bbox 2915 4450 3280 4522; x_wconf 85' lang='lat' dir='ltr'><strong><em>confugiunt,</em></strong></span> <span class='ocrx_word' id='word_1_539' title='bbox 3329 4465 3389 4508; x_wconf 90' lang='lat' dir='ltr'><strong><em>ut</em></strong></span> <span class='ocrx_word' id='word_1_540' title='bbox 3430 4466 3632 4526; x_wconf 82' lang='lat' dir='ltr'><strong><em>negent</em></strong></span> 
     </span>
    </p>
   </div>
   <div class='ocr_carea' id='block_1_70' title="bbox 362 4552 1947 4623">
    <p class='ocr_par' dir='ltr' id='par_1_70' title="bbox 362 4552 1947 4623">
     <span class='ocr_line' id='line_1_70' title="bbox 362 4552 1947 4623; baseline 0.001 -17"><span class='ocrx_word' id='word_1_541' title='bbox 362 4555 518 4623; x_wconf 74' lang='lat' dir='ltr'><strong><em>hujus</em></strong></span> <span class='ocrx_word' id='word_1_542' title='bbox 564 4553 727 4606; x_wconf 87' lang='lat' dir='ltr'><strong><em>latuit</em></strong></span> <span class='ocrx_word' id='word_1_543' title='bbox 776 4554 1057 4623; x_wconf 67' lang='lat' dir='ltr'><strong><em>uirginitas</em></strong></span> <span class='ocrx_word' id='word_1_544' title='bbox 1107 4553 1317 4617; x_wconf 60' lang='lat' dir='ltr'><strong><em>Maria,</em></strong></span> <span class='ocrx_word' id='word_1_545' title='bbox 1359 4573 1380 4604; x_wconf 67' lang='grc' dir='ltr'><strong>ι</strong></span> <span class='ocrx_word' id='word_1_546' title='bbox 1410 4562 1515 4608; x_wconf 90' lang='lat' dir='ltr'><strong><em>etc.</em></strong></span> <span class='ocrx_word' id='word_1_547' title='bbox 1562 4552 1669 4608; x_wconf 85' lang='lat' dir='ltr'><strong><em>Sed</em></strong></span> <span class='ocrx_word' id='word_1_548' title='bbox 1699 4554 1766 4607; x_wconf 89' lang='lat' dir='ltr'><strong><em>ad</em></strong></span> <span class='ocrx_word' id='word_1_549' title='bbox 1803 4554 1947 4608; x_wconf 84' lang='lat' dir='ltr'><strong><em>anti—</em></strong></span> 
     </span>
    </p>
   </div>
   <div class='ocr_carea' id='block_1_71' title="bbox 361 4646 1947 4716">
    <p class='ocr_par' dir='ltr' id='par_1_71' title="bbox 361 4646 1947 4716">
     <span class='ocr_line' id='line_1_71' title="bbox 361 4646 1947 4716; baseline 0.001 -17"><span class='ocrx_word' id='word_1_550' title='bbox 361 4647 557 4716; x_wconf 88' lang='lat' dir='ltr'><strong><em>quiora</em></strong></span> <span class='ocrx_word' id='word_1_551' title='bbox 586 4648 892 4710; x_wconf 73' lang='lat' dir='ltr'><strong><em>veniamus,</em></strong></span> <span class='ocrx_word' id='word_1_552' title='bbox 926 4661 1036 4716; x_wconf 91' lang='lat' dir='ltr'><strong><em>quo</em></strong></span> <span class='ocrx_word' id='word_1_553' title='bbox 1078 4647 1253 4716; x_wconf 82' lang='lat' dir='ltr'><strong><em>magis</em></strong></span> <span class='ocrx_word' id='word_1_554' title='bbox 1275 4655 1535 4716; x_wconf 84' lang='lat' dir='ltr'><strong><em>appareat</em></strong></span> <span class='ocrx_word' id='word_1_555' title='bbox 1562 4646 1861 4715; x_wconf 84' lang='lat' dir='ltr'><strong><em>antiquitas</em></strong></span> <span class='ocrx_word' id='word_1_556' title='bbox 1892 4658 1947 4701; x_wconf 89' lang='lat' dir='ltr'><strong><em>ct</em></strong></span> 
     </span>
    </p>
   </div>
   <div class='ocr_carea' id='block_1_72' title="bbox 361 4738 1945 4810">
    <p class='ocr_par' dir='ltr' id='par_1_72' title="bbox 361 4738 1945 4810">
     <span class='ocr_line' id='line_1_72' title="bbox 361 4738 1945 4810; baseline 0.001 -20"><span class='ocrx_word' id='word_1_557' title='bbox 361 4739 571 4795; x_wconf 84' lang='lat' dir='ltr'><strong><em>veritas</em></strong></span> <span class='ocrx_word' id='word_1_558' title='bbox 618 4738 814 4810; x_wconf 82' lang='lat' dir='ltr'><strong><em>lgnatii</em></strong></span> <span class='ocrx_word' id='word_1_559' title='bbox 841 4740 1014 4795; x_wconf 89' lang='lat' dir='ltr'><strong><em>nostri</em></strong></span> <span class='ocrx_word' id='word_1_560' title='bbox 1041 4780 1058 4805; x_wconf 94' lang='lat'><strong><em>,</em></strong></span> <span class='ocrx_word' id='word_1_561' title='bbox 1083 4747 1138 4793; x_wconf 88' lang='lat' dir='ltr'><strong><em>et</em></strong></span> <span class='ocrx_word' id='word_1_562' title='bbox 1167 4754 1322 4793; x_wconf 90' lang='lat' dir='ltr'><strong><em>error</em></strong></span> <span class='ocrx_word' id='word_1_563' title='bbox 1351 4754 1539 4793; x_wconf 88' lang='lat' dir='ltr'><strong><em>eorum</em></strong></span> <span class='ocrx_word' id='word_1_564' title='bbox 1584 4739 1680 4809; x_wconf 87' lang='lat' dir='ltr'><strong><em>qui</em></strong></span> <span class='ocrx_word' id='word_1_565' title='bbox 1720 4748 1945 4794; x_wconf 90' lang='lat' dir='ltr'><strong><em>contra-</em></strong></span> 
     </span>
    </p>
   </div>
   <div class='ocr_carea' id='block_1_73' title="bbox 362 4831 1941 4900">
    <p class='ocr_par' dir='ltr' id='par_1_73' title="bbox 362 4831 1941 4900">
     <span class='ocr_line' id='line_1_73' title="bbox 362 4831 1941 4900; baseline 0.002 -17"><span class='ocrx_word' id='word_1_566' title='bbox 362 4832 506 4884; x_wconf 87' lang='lat' dir='ltr'><strong><em>rium</em></strong></span> <span class='ocrx_word' id='word_1_567' title='bbox 537 4840 807 4886; x_wconf 90' lang='lat' dir='ltr'><strong><em>statuunt.</em></strong></span> <span class='ocrx_word' id='word_1_568' title='bbox 830 4831 1052 4886; x_wconf 84' lang='lat' dir='ltr'><strong><em>Primus</em></strong></span> <span class='ocrx_word' id='word_1_569' title='bbox 1076 4832 1261 4900; x_wconf 88' lang='lat' dir='ltr'><strong><em>itaque</em></strong></span> <span class='ocrx_word' id='word_1_570' title='bbox 1282 4832 1375 4900; x_wconf 90' lang='lat' dir='ltr'><strong><em>qui</em></strong></span> <span class='ocrx_word' id='word_1_571' title='bbox 1403 4847 1593 4886; x_wconf 86' lang='lat' dir='ltr'><strong><em>earum</em></strong></span> <span class='ocrx_word' id='word_1_572' title='bbox 1615 4832 1941 4898; x_wconf 88' lang='lat' dir='ltr'><strong><em>meminerit,</em></strong></span> 
     </span>
    </p>
   </div>
   <div class='ocr_carea' id='block_1_74' title="bbox 364 4923 1942 4995">
    <p class='ocr_par' dir='ltr' id='par_1_74' title="bbox 364 4923 1942 4995">
     <span class='ocr_line' id='line_1_74' title="bbox 364 4923 1942 4995; baseline 0.001 -19"><span class='ocrx_word' id='word_1_573' title='bbox 364 4925 410 4978; x_wconf 88' lang='lat' dir='ltr'><strong><em>is</em></strong></span> <span class='ocrx_word' id='word_1_574' title='bbox 440 4932 524 4978; x_wconf 91' lang='lat' dir='ltr'><strong><em>est</em></strong></span> <span class='ocrx_word' id='word_1_575' title='bbox 551 4923 885 4994; x_wconf 85' lang='lat' dir='ltr'><strong><em>Polycarpus</em></strong></span> <span class='ocrx_word' id='word_1_576' title='bbox 902 4933 1110 4995; x_wconf 74' lang='lat' dir='ltr'><strong><em>martyr</em></strong></span> <span class='ocrx_word' id='word_1_577' title='bbox 1135 4924 1187 4977; x_wconf 92' lang='lat' dir='ltr'><strong><em>in</em></strong></span> <span class='ocrx_word' id='word_1_578' title='bbox 1204 4923 1446 4994; x_wconf 88' lang='lat' dir='ltr'><strong><em>Epistola</em></strong></span> <span class='ocrx_word' id='word_1_579' title='bbox 1462 4924 1529 4979; x_wconf 90' lang='lat' dir='ltr'><strong><em>ad</em></strong></span> <span class='ocrx_word' id='word_1_580' title='bbox 1548 4924 1942 4994; x_wconf 82' lang='lat' dir='ltr'><strong><em>Philippenses;</em></strong></span> 
     </span>
    </p>
   </div>
   <div class='ocr_carea' id='block_1_75' title="bbox 362 5012 1945 5086">
    <p class='ocr_par' dir='ltr' id='par_1_75' title="bbox 362 5012 1945 5086">
     <span class='ocr_line' id='line_1_75' title="bbox 362 5012 1945 5086; baseline -0.002 -13"><span class='ocrx_word' id='word_1_581' title='bbox 362 5018 522 5086; x_wconf 80' lang='lat' dir='ltr'><strong><em>Cujus</em></strong></span> <span class='ocrx_word' id='word_1_582' title='bbox 545 5018 709 5072; x_wconf 88' lang='lat' dir='ltr'><strong><em>verba</em></strong></span> <span class='ocrx_word' id='word_1_583' title='bbox 741 5012 855 5072; x_wconf 67' lang='lat' dir='ltr'><strong><em>hinc</em></strong></span> <span class='ocrx_word' id='word_1_584' title='bbox 884 5027 1051 5072; x_wconf 88' lang='lat' dir='ltr'><strong><em>sunt:</em></strong></span> <span class='ocrx_word' id='word_1_585' title='bbox 1080 5016 1193 5081; x_wconf 74' lang='grc' dir='ltr'><strong><em>Τὰς</em></strong></span> <span class='ocrx_word' id='word_1_586' title='bbox 1225 5016 1514 5081; x_wconf 78' lang='grc' dir='ltr'><strong><em>ἐπιστολὰς</em></strong></span> <span class='ocrx_word' id='word_1_587' title='bbox 1551 5016 1811 5086; x_wconf 79' lang='grc' dir='ltr'>Ίγνατίου</span> <span class='ocrx_word' id='word_1_588' title='bbox 1844 5016 1945 5080; x_wconf 83' lang='grc' dir='ltr'><strong><em>τὰς</em></strong></span> 
     </span>
    </p>
   </div>
   <div class='ocr_carea' id='block_1_76' title="bbox 360 5107 1942 5179">
    <p class='ocr_par' dir='ltr' id='par_1_76' title="bbox 360 5107 1942 5179">
     <span class='ocr_line' id='line_1_76' title="bbox 360 5107 1942 5179; baseline 0.001 -20"><span class='ocrx_word' id='word_1_589' title='bbox 360 5107 703 5177; x_wconf 59' lang='grc' dir='ltr'>πεμφθείσας</span> <span class='ocrx_word' id='word_1_590' title='bbox 737 5109 867 5178; x_wconf 79' lang='grc' dir='ltr'>ἡμῖν</span> <span class='ocrx_word' id='word_1_591' title='bbox 902 5109 993 5161; x_wconf 83' lang='grc' dir='ltr'><strong><em>ὑπ’</em></strong></span> <span class='ocrx_word' id='word_1_592' title='bbox 1026 5107 1213 5174; x_wconf 80' lang='grc' dir='ltr'>αὐτοῦ,</span> <span class='ocrx_word' id='word_1_593' title='bbox 1255 5109 1348 5160; x_wconf 75' lang='grc' dir='ltr'>καὶ</span> <span class='ocrx_word' id='word_1_594' title='bbox 1381 5108 1543 5171; x_wconf 86' lang='grc' dir='ltr'><strong><em>ἄλλας</em></strong></span> <span class='ocrx_word' id='word_1_595' title='bbox 1561 5110 1691 5172; x_wconf 83' lang='grc' dir='ltr'>ὅσας</span> <span class='ocrx_word' id='word_1_596' title='bbox 1723 5108 1942 5179; x_wconf 60' lang='grc' dir='ltr'>εἴχομεν</span> 
     </span>
    </p>
   </div>
   <div class='ocr_carea' id='block_1_77' title="bbox 363 5200 1942 5271">
    <p class='ocr_par' dir='ltr' id='par_1_77' title="bbox 363 5200 1942 5271">
     <span class='ocr_line' id='line_1_77' title="bbox 363 5200 1942 5271; baseline 0 -20"><span class='ocrx_word' id='word_1_597' title='bbox 363 5201 490 5271; x_wconf 79' lang='grc' dir='ltr'>παρ’</span> <span class='ocrx_word' id='word_1_598' title='bbox 510 5202 664 5271; x_wconf 75' lang='grc' dir='ltr'>ἡμῖν,</span> <span class='ocrx_word' id='word_1_599' title='bbox 699 5200 1025 5271; x_wconf 70' lang='grc' dir='ltr'><strong><em>ἐπέμψαμεν</em></strong></span> <span class='ocrx_word' id='word_1_600' title='bbox 1046 5202 1195 5271; x_wconf 81' lang='grc' dir='ltr'>ὑμῖν,</span> <span class='ocrx_word' id='word_1_601' title='bbox 1232 5200 1415 5265; x_wconf 80' lang='grc' dir='ltr'>καθὼς</span> <span class='ocrx_word' id='word_1_602' title='bbox 1445 5200 1819 5263; x_wconf 81' lang='grc' dir='ltr'>ὲνετείλασοε,</span> <span class='ocrx_word' id='word_1_603' title='bbox 1854 5200 1942 5252; x_wconf 79' lang='grc' dir='ltr'><strong>αϊ·-</strong></span> 
     </span>
    </p>
   </div>
   <div class='ocr_carea' id='block_1_78' title="bbox 360 5283 1944 5361">
    <p class='ocr_par' dir='ltr' id='par_1_78' title="bbox 360 5283 1944 5361">
     <span class='ocr_line' id='line_1_78' title="bbox 360 5283 1944 5361; baseline 0.001 -18"><span class='ocrx_word' id='word_1_604' title='bbox 360 5306 504 5353; x_wconf 77' lang='grc' dir='ltr'>τινες</span> <span class='ocrx_word' id='word_1_605' title='bbox 551 5290 989 5360; x_wconf 79' lang='grc' dir='ltr'><strong><em>ὑποτεταγμέναι</em></strong></span> <span class='ocrx_word' id='word_1_606' title='bbox 1017 5292 1124 5344; x_wconf 77' lang='grc' dir='ltr'>εἰσὶ</span> <span class='ocrx_word' id='word_1_607' title='bbox 1148 5293 1215 5361; x_wconf 81' lang='grc' dir='ltr'><strong><em>τῇ</em></strong></span> <span class='ocrx_word' id='word_1_608' title='bbox 1259 5290 1512 5361; x_wconf 76' lang='grc' dir='ltr'><strong><em>ἐπιστολῇ</em></strong></span> <span class='ocrx_word' id='word_1_609' title='bbox 1559 5290 1752 5361; x_wconf 80' lang='grc' dir='ltr'><strong><em>ταύτῃ,</em></strong></span> <span class='ocrx_word' id='word_1_610' title='bbox 1779 5291 1839 5355; x_wconf 80' lang='grc' dir='ltr'>ἐξ</span> <span class='ocrx_word' id='word_1_611' title='bbox 1867 5283 1944 5345; x_wconf 82' lang='grc' dir='ltr'>ὧν</span> 
     </span>
    </p>
   </div>
   <div class='ocr_carea' id='block_1_79' title="bbox 366 5382 1943 5455">
    <p class='ocr_par' dir='ltr' id='par_1_79' title="bbox 366 5382 1943 5455">
     <span class='ocr_line' id='line_1_79' title="bbox 366 5382 1943 5455; baseline -0.001 -19"><span class='ocrx_word' id='word_1_612' title='bbox 366 5382 576 5454; x_wconf 76' lang='grc' dir='ltr'>μεγάλα</span> <span class='ocrx_word' id='word_1_613' title='bbox 608 5382 954 5453; x_wconf 83' lang='grc' dir='ltr'><strong><em>ὠφεληθῆναι</em></strong></span> <span class='ocrx_word' id='word_1_614' title='bbox 985 5383 1298 5455; x_wconf 81' lang='grc' dir='ltr'>δυνήσεσθε.</span> <span class='ocrx_word' id='word_1_615' title='bbox 1345 5383 1665 5455; x_wconf 75' lang='grc' dir='ltr'>Περιὲχουσι</span> <span class='ocrx_word' id='word_1_616' title='bbox 1711 5382 1821 5454; x_wconf 81' lang='grc' dir='ltr'><strong><em>γὰρ</em></strong></span> <span class='ocrx_word' id='word_1_617' title='bbox 1852 5383 1943 5437; x_wconf 76' lang='grc' dir='ltr'><strong><em>τεξ-</em></strong></span> 
     </span>
    </p>
   </div>
   <div class='ocr_carea' id='block_1_80' title="bbox 365 5474 1944 5547">
    <p class='ocr_par' dir='ltr' id='par_1_80' title="bbox 365 5474 1944 5547">
     <span class='ocr_line' id='line_1_80' title="bbox 365 5474 1944 5547; baseline -0.001 -18"><span class='ocrx_word' id='word_1_618' title='bbox 365 5492 482 5529; x_wconf 76' lang='grc' dir='ltr'><strong><em>πιν</em></strong></span> <span class='ocrx_word' id='word_1_619' title='bbox 514 5476 609 5529; x_wconf 74' lang='grc' dir='ltr'>καὶ</span> <span class='ocrx_word' id='word_1_620' title='bbox 636 5474 934 5546; x_wconf 82' lang='grc' dir='ltr'>ὑπομονὴν,</span> <span class='ocrx_word' id='word_1_621' title='bbox 968 5477 1061 5529; x_wconf 73' lang='grc' dir='ltr'><strong><em>καὶ</em></strong></span> <span class='ocrx_word' id='word_1_622' title='bbox 1095 5479 1275 5530; x_wconf 74' lang='grc' dir='ltr'>πᾶσαν</span> <span class='ocrx_word' id='word_1_623' title='bbox 1303 5476 1591 5547; x_wconf 71' lang='grc' dir='ltr'>οἰκοδομὴν</span> <span class='ocrx_word' id='word_1_624' title='bbox 1612 5474 1710 5545; x_wconf 81' lang='grc' dir='ltr'>τὴν</span> <span class='ocrx_word' id='word_1_625' title='bbox 1742 5475 1822 5537; x_wconf 79' lang='grc' dir='ltr'><strong><em>εἰς</em></strong></span> <span class='ocrx_word' id='word_1_626' title='bbox 1853 5475 1944 5527; x_wconf 83' lang='grc' dir='ltr'>τὸν</span> 
     </span>
    </p>
   </div>
   <div class='ocr_carea' id='block_1_81' title="bbox 363 5564 1946 5637">
    <p class='ocr_par' dir='ltr' id='par_1_81' title="bbox 363 5564 1946 5637">
     <span class='ocr_line' id='line_1_81' title="bbox 363 5564 1946 5637; baseline 0.001 -19"><span class='ocrx_word' id='word_1_627' title='bbox 363 5566 567 5636; x_wconf 80' lang='grc' dir='ltr'><strong><em>Κύριον</em></strong></span> <span class='ocrx_word' id='word_1_628' title='bbox 594 5565 752 5636; x_wconf 80' lang='grc' dir='ltr'>ἡμῶν</span> <span class='ocrx_word' id='word_1_629' title='bbox 785 5567 1109 5637; x_wconf 77' lang='grc' dir='ltr'><strong><em>ἀνήκουσαν.</em></strong></span> <span class='ocrx_word' id='word_1_630' title='bbox 1140 5565 1317 5619; x_wconf 80' lang='lat' dir='ltr'><strong><em>Nemo</em></strong></span> <span class='ocrx_word' id='word_1_631' title='bbox 1346 5566 1459 5633; x_wconf 86' lang='lat' dir='ltr'><strong><em>jam</em></strong></span> <span class='ocrx_word' id='word_1_632' title='bbox 1488 5565 1661 5633; x_wconf 87' lang='lat' dir='ltr'><strong><em>possit</em></strong></span> <span class='ocrx_word' id='word_1_633' title='bbox 1691 5564 1946 5619; x_wconf 87' lang='lat' dir='ltr'><strong><em>dubitare</em></strong></span> 
     </span>
    </p>
   </div>
   <div class='ocr_carea' id='block_1_82' title="bbox 364 5658 1943 5733">
    <p class='ocr_par' dir='ltr' id='par_1_82' title="bbox 364 5658 1943 5733">
     <span class='ocr_line' id='line_1_82' title="bbox 364 5658 1943 5733; baseline -0.002 -20"><span class='ocrx_word' id='word_1_634' title='bbox 364 5660 498 5729; x_wconf 84' lang='lat' dir='ltr'><strong><em>quin</em></strong></span> <span class='ocrx_word' id='word_1_635' title='bbox 534 5658 869 5733; x_wconf 77' lang='lat' dir='ltr'><strong><em>Polycarpus</em></strong></span> <span class='ocrx_word' id='word_1_636' title='bbox 903 5661 1003 5716; x_wconf 86' lang='lat' dir='ltr'><strong><em>istc</em></strong></span> <span class='ocrx_word' id='word_1_637' title='bbox 1027 5659 1222 5730; x_wconf 78' lang='lat' dir='ltr'><strong><em>lgnatii</em></strong></span> <span class='ocrx_word' id='word_1_638' title='bbox 1256 5660 1507 5713; x_wconf 80' lang='lat' dir='ltr'><strong><em>habuerit</em></strong></span> <span class='ocrx_word' id='word_1_639' title='bbox 1534 5658 1827 5729; x_wconf 65' lang='lat' dir='ltr'><strong><em>epistolas,</em></strong></span> <span class='ocrx_word' id='word_1_640' title='bbox 1855 5658 1943 5711; x_wconf 83' lang='lat' dir='ltr'><strong><em>cui</em></strong></span> 
     </span>
    </p>
   </div>
   <div class='ocr_carea' id='block_1_83' title="bbox 366 5752 2021 5832">
    <p class='ocr_par' dir='ltr' id='par_1_83' title="bbox 366 5752 2021 5832">
     <span class='ocr_line' id='line_1_83' title="bbox 366 5752 2021 5832; baseline -0.001 -24"><span class='ocrx_word' id='word_1_641' title='bbox 366 5757 533 5810; x_wconf 86' lang='lat' dir='ltr'><strong><em>etiam</em></strong></span> <span class='ocrx_word' id='word_1_642' title='bbox 567 5772 731 5811; x_wconf 80' lang='lat' dir='ltr'><strong><em>unam</em></strong></span> <span class='ocrx_word' id='word_1_643' title='bbox 762 5772 825 5811; x_wconf 79' lang='lat' dir='ltr'><strong><em>ex</em></strong></span> <span class='ocrx_word' id='word_1_644' title='bbox 878 5755 981 5812; x_wconf 84' lang='lat' dir='ltr'><strong><em>illis</em></strong></span> <span class='ocrx_word' id='word_1_645' title='bbox 1035 5765 1237 5825; x_wconf 66' lang='lat' dir='ltr'><strong><em>septem</em></strong></span> <span class='ocrx_word' id='word_1_646' title='bbox 1296 5754 1606 5824; x_wconf 82' lang='lat' dir='ltr'><strong><em>inscripsit,</em></strong></span> <span class='ocrx_word' id='word_1_647' title='bbox 1636 5752 1780 5824; x_wconf 81' lang='lat' dir='ltr'><strong><em>quod</em></strong></span> <span class='ocrx_word' id='word_1_648' title='bbox 1829 5752 1945 5821; x_wconf 76' lang='lat' dir='ltr'><strong><em>ipse</em></strong></span> <span class='ocrx_word' id='word_1_649' title='bbox 2016 5829 2021 5832; x_wconf 20' lang='grc' dir='ltr'><strong>θ</strong></span> 
     </span>
    </p>
   </div>
   <div class='ocr_carea' id='block_1_84' title="bbox 2048 4543 3631 4613">
    <p class='ocr_par' dir='ltr' id='par_1_84' title="bbox 2048 4543 3631 4613">
     <span class='ocr_line' id='line_1_84' title="bbox 2048 4543 3631 4613; baseline 0.006 -20"><span class='ocrx_word' id='word_1_650' title='bbox 2048 4550 2342 4612; x_wconf 76' lang='lat' dir='ltr'><strong><em>martyrem</em></strong></span> <span class='ocrx_word' id='word_1_651' title='bbox 2380 4543 2532 4595; x_wconf 89' lang='lat' dir='ltr'><strong><em>illum</em></strong></span> <span class='ocrx_word' id='word_1_652' title='bbox 2577 4543 2840 4611; x_wconf 86' lang='lat' dir='ltr'><strong><em>epistolas</em></strong></span> <span class='ocrx_word' id='word_1_653' title='bbox 2889 4544 3195 4613; x_wconf 87' lang='lat' dir='ltr'><strong><em>scripsisse.</em></strong></span> <span class='ocrx_word' id='word_1_654' title='bbox 3232 4545 3337 4600; x_wconf 85' lang='lat' dir='ltr'><strong><em>Sed</em></strong></span> <span class='ocrx_word' id='word_1_655' title='bbox 3374 4545 3631 4603; x_wconf 80' lang='lat' dir='ltr'><strong><em>fruantur</em></strong></span> 
     </span>
    </p>
   </div>
   <div class='ocr_carea' id='block_1_85' title="bbox 2047 4634 3635 4705">
    <p class='ocr_par' dir='ltr' id='par_1_85' title="bbox 2047 4634 3635 4705">
     <span class='ocr_line' id='line_1_85' title="bbox 2047 4634 3635 4705; baseline 0.004 -17"><span class='ocrx_word' id='word_1_656' title='bbox 2047 4634 2125 4688; x_wconf 92' lang='lat' dir='ltr'><strong><em>illi</em></strong></span> <span class='ocrx_word' id='word_1_657' title='bbox 2157 4635 2414 4702; x_wconf 82' lang='lat' dir='ltr'><strong><em>Opinione</em></strong></span> <span class='ocrx_word' id='word_1_658' title='bbox 2441 4650 2541 4689; x_wconf 89' lang='lat' dir='ltr'><strong><em>sua</em></strong></span> <span class='ocrx_word' id='word_1_659' title='bbox 2561 4675 2575 4699; x_wconf 91' lang='lat'><strong><em>,</em></strong></span> <span class='ocrx_word' id='word_1_660' title='bbox 2604 4644 2785 4689; x_wconf 89' lang='lat' dir='ltr'><strong><em>certus</em></strong></span> <span class='ocrx_word' id='word_1_661' title='bbox 2831 4650 2951 4689; x_wconf 88' lang='lat' dir='ltr'><strong><em>sum</em></strong></span> <span class='ocrx_word' id='word_1_662' title='bbox 2997 4652 3201 4705; x_wconf 90' lang='lat' dir='ltr'><strong><em>paucos</em></strong></span> <span class='ocrx_word' id='word_1_663' title='bbox 3251 4640 3479 4694; x_wconf 91' lang='lat' dir='ltr'><strong><em>omnino</em></strong></span> <span class='ocrx_word' id='word_1_664' title='bbox 3510 4640 3635 4695; x_wconf 86' lang='lat' dir='ltr'><strong><em>fore</em></strong></span> 
     </span>
    </p>
   </div>
   <div class='ocr_carea' id='block_1_86' title="bbox 2046 4713 3633 4799">
    <p class='ocr_par' dir='ltr' id='par_1_86' title="bbox 2046 4713 3633 4799">
     <span class='ocr_line' id='line_1_86' title="bbox 2046 4713 3633 4799; baseline 0.003 -17"><span class='ocrx_word' id='word_1_665' title='bbox 2046 4728 2141 4797; x_wconf 92' lang='lat' dir='ltr'><strong><em>qui</em></strong></span> <span class='ocrx_word' id='word_1_666' title='bbox 2172 4744 2296 4782; x_wconf 89' lang='lat' dir='ltr'><strong><em>cum</em></strong></span> <span class='ocrx_word' id='word_1_667' title='bbox 2328 4713 2463 4798; x_wconf 84' lang='lat' dir='ltr'><strong><em>ipsis</em></strong></span> <span class='ocrx_word' id='word_1_668' title='bbox 2505 4727 2905 4799; x_wconf 10' lang='lat' dir='ltr'><strong><em>sentiant;gqui</em></strong></span> <span class='ocrx_word' id='word_1_669' title='bbox 2950 4744 3083 4782; x_wconf 84' lang='lat' dir='ltr'><strong><em>vero</em></strong></span> <span class='ocrx_word' id='word_1_670' title='bbox 3133 4729 3187 4783; x_wconf 88' lang='lat' dir='ltr'><strong><em>id</em></strong></span> <span class='ocrx_word' id='word_1_671' title='bbox 3230 4745 3358 4785; x_wconf 86' lang='lat' dir='ltr'><strong><em>cum</em></strong></span> <span class='ocrx_word' id='word_1_672' title='bbox 3408 4732 3633 4788; x_wconf 84' lang='lat' dir='ltr'><strong><em>ratione</em></strong></span> 
     </span>
    </p>
   </div>
   <div class='ocr_carea' id='block_1_87' title="bbox 2049 4818 2564 4887">
    <p class='ocr_par' dir='ltr' id='par_1_87' title="bbox 2049 4818 2564 4887">
     <span class='ocr_line' id='line_1_87' title="bbox 2049 4818 2564 4887; baseline 0.002 -14"><span class='ocrx_word' id='word_1_673' title='bbox 2049 4818 2234 4887; x_wconf 86' lang='lat' dir='ltr'><strong><em>faciat,</em></strong></span> <span class='ocrx_word' id='word_1_674' title='bbox 2264 4821 2564 4875; x_wconf 87' lang='lat' dir='ltr'><strong><em>neminem.</em></strong></span> 
     </span>
    </p>
   </div>
   <div class='ocr_carea' id='block_1_88' title="bbox 2116 4912 3630 4988">
    <p class='ocr_par' dir='ltr' id='par_1_88' title="bbox 2116 4912 3630 4988">
     <span class='ocr_line' id='line_1_88' title="bbox 2116 4912 3630 4988; baseline 0.006 -22"><span class='ocrx_word' id='word_1_675' title='bbox 2116 4912 2276 4980; x_wconf 84' lang='lat' dir='ltr'><strong><em>Quod</em></strong></span> <span class='ocrx_word' id='word_1_676' title='bbox 2310 4922 2493 4969; x_wconf 89' lang='lat' dir='ltr'><strong><em>autem</em></strong></span> <span class='ocrx_word' id='word_1_677' title='bbox 2529 4930 2663 4984; x_wconf 90' lang='lat' dir='ltr'><strong><em>pura</em></strong></span> <span class='ocrx_word' id='word_1_678' title='bbox 2693 4929 3063 4985; x_wconf 88' lang='lat' dir='ltr'><strong><em>germanaque</em></strong></span> <span class='ocrx_word' id='word_1_679' title='bbox 3087 4915 3202 4985; x_wconf 91' lang='lat' dir='ltr'><strong><em>jam</em></strong></span> <span class='ocrx_word' id='word_1_680' title='bbox 3238 4917 3416 4985; x_wconf 83' lang='lat' dir='ltr'><strong><em>legere</em></strong></span> <span class='ocrx_word' id='word_1_681' title='bbox 3448 4921 3630 4988; x_wconf 85' lang='lat' dir='ltr'><strong><em>possis</em></strong></span> 
     </span>
    </p>
   </div>
   <div class='ocr_carea' id='block_1_89' title="bbox 2046 5005 3630 5077">
    <p class='ocr_par' dir='ltr' id='par_1_89' title="bbox 2046 5005 3630 5077">
     <span class='ocr_line' id='line_1_89' title="bbox 2046 5005 3630 5077; baseline 0.005 -17"><span class='ocrx_word' id='word_1_682' title='bbox 2046 5006 2249 5077; x_wconf 88' lang='lat' dir='ltr'><strong><em>scripta</em></strong></span> <span class='ocrx_word' id='word_1_683' title='bbox 2284 5006 2399 5061; x_wconf 66' lang='lat' dir='ltr'><strong><em>haec</em></strong></span> <span class='ocrx_word' id='word_1_684' title='bbox 2446 5005 2745 5077; x_wconf 88' lang='lat' dir='ltr'><strong><em>lgnatiana,</em></strong></span> <span class='ocrx_word' id='word_1_685' title='bbox 2771 5006 3029 5062; x_wconf 90' lang='lat' dir='ltr'><strong><em>benevole</em></strong></span> <span class='ocrx_word' id='word_1_686' title='bbox 3066 5008 3256 5073; x_wconf 86' lang='lat' dir='ltr'><strong><em>lector,</em></strong></span> <span class='ocrx_word' id='word_1_687' title='bbox 3288 5009 3630 5068; x_wconf 77' lang='lat' dir='ltr'><strong><em>bibliotheca:</em></strong></span> 
     </span>
    </p>
   </div>
   <div class='ocr_carea' id='block_1_90' title="bbox 2044 5098 3630 5172">
    <p class='ocr_par' dir='ltr' id='par_1_90' title="bbox 2044 5098 3630 5172">
     <span class='ocr_line' id='line_1_90' title="bbox 2044 5098 3630 5172; baseline 0.003 -20"><span class='ocrx_word' id='word_1_688' title='bbox 2044 5098 2297 5154; x_wconf 60' lang='lat' dir='ltr'><strong><em>Mediceaa</em></strong></span> <span class='ocrx_word' id='word_1_689' title='bbox 2345 5098 2547 5165; x_wconf 86' lang='lat' dir='ltr'><strong><em>debes;</em></strong></span> <span class='ocrx_word' id='word_1_690' title='bbox 2596 5099 2760 5154; x_wconf 78' lang='lat' dir='ltr'><strong><em>debes</em></strong></span> <span class='ocrx_word' id='word_1_691' title='bbox 2812 5100 3167 5154; x_wconf 76' lang='lat' dir='ltr'><strong><em>serenissima</em></strong></span> <span class='ocrx_word' id='word_1_692' title='bbox 3220 5102 3450 5172; x_wconf 89' lang='lat' dir='ltr'><strong><em>principi</em></strong></span> <span class='ocrx_word' id='word_1_693' title='bbox 3497 5103 3630 5156; x_wconf 82' lang='lat' dir='ltr'><strong><em>Fer-</em></strong></span> 
     </span>
    </p>
   </div>
   <div class='ocr_carea' id='block_1_91' title="bbox 2045 5191 3627 5263">
    <p class='ocr_par' dir='ltr' id='par_1_91' title="bbox 2045 5191 3627 5263">
     <span class='ocr_line' id='line_1_91' title="bbox 2045 5191 3627 5263; baseline 0.001 -16"><span class='ocrx_word' id='word_1_694' title='bbox 2045 5193 2287 5247; x_wconf 89' lang='lat' dir='ltr'><strong><em>dinando</em></strong></span> <span class='ocrx_word' id='word_1_695' title='bbox 2309 5191 2352 5245; x_wconf 86' lang='lat' dir='ltr'><strong><em>ll</em></strong></span> <span class='ocrx_word' id='word_1_696' title='bbox 2374 5234 2389 5257; x_wconf 93' lang='lat'><strong><em>,</em></strong></span> <span class='ocrx_word' id='word_1_697' title='bbox 2414 5207 2613 5262; x_wconf 88' lang='lat' dir='ltr'><strong><em>magno</em></strong></span> <span class='ocrx_word' id='word_1_698' title='bbox 2659 5191 2889 5246; x_wconf 76' lang='lat' dir='ltr'><strong><em>Etruria:</em></strong></span> <span class='ocrx_word' id='word_1_699' title='bbox 2922 5193 3082 5259; x_wconf 88' lang='lat' dir='ltr'><strong><em>duci,</em></strong></span> <span class='ocrx_word' id='word_1_700' title='bbox 3113 5194 3272 5263; x_wconf 89' lang='lat' dir='ltr'><strong><em>cujus</em></strong></span> <span class='ocrx_word' id='word_1_701' title='bbox 3320 5194 3627 5249; x_wconf 89' lang='lat' dir='ltr'><strong><em>incredibili</em></strong></span> 
     </span>
    </p>
   </div>
   <div class='ocr_carea' id='block_1_92' title="bbox 2044 5286 3629 5358">
    <p class='ocr_par' dir='ltr' id='par_1_92' title="bbox 2044 5286 3629 5358">
     <span class='ocr_line' id='line_1_92' title="bbox 2044 5286 3629 5358; baseline 0.001 -18"><span class='ocrx_word' id='word_1_702' title='bbox 2044 5302 2171 5358; x_wconf 88' lang='lat' dir='ltr'><strong><em>erga</em></strong></span> <span class='ocrx_word' id='word_1_703' title='bbox 2217 5286 2398 5342; x_wconf 90' lang='lat' dir='ltr'><strong><em>studia</em></strong></span> <span class='ocrx_word' id='word_1_704' title='bbox 2445 5300 2661 5352; x_wconf 89' lang='lat' dir='ltr'><strong><em>amore,</em></strong></span> <span class='ocrx_word' id='word_1_705' title='bbox 2696 5286 2911 5356; x_wconf 68' lang='lat' dir='ltr'><strong><em>inclyta:</em></strong></span> <span class='ocrx_word' id='word_1_706' title='bbox 2946 5286 3066 5355; x_wconf 88' lang='lat' dir='ltr'><strong><em>ejus</em></strong></span> <span class='ocrx_word' id='word_1_707' title='bbox 3099 5287 3441 5342; x_wconf 60' lang='lat' dir='ltr'><strong><em>bibliothecae</em></strong></span> <span class='ocrx_word' id='word_1_708' title='bbox 3491 5288 3629 5342; x_wconf 87' lang='lat' dir='ltr'><strong><em>mihi</em></strong></span> 
     </span>
    </p>
   </div>
   <div class='ocr_carea' id='block_1_93' title="bbox 2045 5378 3627 5448">
    <p class='ocr_par' dir='ltr' id='par_1_93' title="bbox 2045 5378 3627 5448">
     <span class='ocr_line' id='line_1_93' title="bbox 2045 5378 3627 5448; baseline 0 -15"><span class='ocrx_word' id='word_1_709' title='bbox 2045 5379 2278 5446; x_wconf 74' lang='lat' dir='ltr'><strong><em>contigit</em></strong></span> <span class='ocrx_word' id='word_1_710' title='bbox 2340 5393 2530 5441; x_wconf 86' lang='lat' dir='ltr'><strong><em>usura,</em></strong></span> <span class='ocrx_word' id='word_1_711' title='bbox 2560 5386 2615 5430; x_wconf 90' lang='lat' dir='ltr'><strong><em>et</em></strong></span> <span class='ocrx_word' id='word_1_712' title='bbox 2642 5393 2737 5444; x_wconf 90' lang='lat' dir='ltr'><strong><em>per</em></strong></span> <span class='ocrx_word' id='word_1_713' title='bbox 2777 5378 2919 5432; x_wconf 90' lang='lat' dir='ltr'><strong><em>hanc</em></strong></span> <span class='ocrx_word' id='word_1_714' title='bbox 2956 5378 3270 5446; x_wconf 85' lang='lat' dir='ltr'><strong><em>lgnatianus</em></strong></span> <span class='ocrx_word' id='word_1_715' title='bbox 3303 5379 3394 5433; x_wconf 89' lang='lat' dir='ltr'><strong><em>ille</em></strong></span> <span class='ocrx_word' id='word_1_716' title='bbox 3418 5420 3432 5441; x_wconf 90' lang='lat'><strong><em>,</em></strong></span> <span class='ocrx_word' id='word_1_717' title='bbox 3462 5394 3627 5448; x_wconf 90' lang='lat' dir='ltr'><strong><em>quem</em></strong></span> 
     </span>
    </p>
   </div>
   <div class='ocr_carea' id='block_1_94' title="bbox 2047 5469 3631 5542">
    <p class='ocr_par' dir='ltr' id='par_1_94' title="bbox 2047 5469 3631 5542">
     <span class='ocr_line' id='line_1_94' title="bbox 2047 5469 3631 5542; baseline -0.002 -13"><span class='ocrx_word' id='word_1_718' title='bbox 2047 5474 2263 5539; x_wconf 85' lang='lat' dir='ltr'><strong><em>damus,</em></strong></span> <span class='ocrx_word' id='word_1_719' title='bbox 2282 5473 2593 5528; x_wconf 90' lang='lat' dir='ltr'><strong><em>thesaurus.</em></strong></span> <span class='ocrx_word' id='word_1_720' title='bbox 2619 5469 2839 5526; x_wconf 89' lang='lat' dir='ltr'><strong><em>Utinam</em></strong></span> <span class='ocrx_word' id='word_1_721' title='bbox 2858 5487 2991 5527; x_wconf 87' lang='lat' dir='ltr'><strong><em>vero</em></strong></span> <span class='ocrx_word' id='word_1_722' title='bbox 3012 5472 3092 5527; x_wconf 87' lang='lat' dir='ltr'><strong><em>sic</em></strong></span> <span class='ocrx_word' id='word_1_723' title='bbox 3120 5473 3211 5529; x_wconf 91' lang='lat' dir='ltr'><strong><em>alii</em></strong></span> <span class='ocrx_word' id='word_1_724' title='bbox 3232 5487 3454 5541; x_wconf 89' lang='lat' dir='ltr'><strong><em>quoque</em></strong></span> <span class='ocrx_word' id='word_1_725' title='bbox 3477 5474 3631 5542; x_wconf 87' lang='lat' dir='ltr'><strong><em>prin-</em></strong></span> 
     </span>
    </p>
   </div>
   <div class='ocr_carea' id='block_1_95' title="bbox 2048 5562 3628 5635">
    <p class='ocr_par' dir='ltr' id='par_1_95' title="bbox 2048 5562 3628 5635">
     <span class='ocr_line' id='line_1_95' title="bbox 2048 5562 3628 5635; baseline -0.003 -16"><span class='ocrx_word' id='word_1_726' title='bbox 2048 5566 2196 5635; x_wconf 89' lang='lat' dir='ltr'><strong><em>cipes</em></strong></span> <span class='ocrx_word' id='word_1_727' title='bbox 2223 5563 2449 5617; x_wconf 89' lang='lat' dir='ltr'><strong><em>animati</em></strong></span> <span class='ocrx_word' id='word_1_728' title='bbox 2507 5562 2705 5625; x_wconf 91' lang='lat' dir='ltr'><strong><em>forent,</em></strong></span> <span class='ocrx_word' id='word_1_729' title='bbox 2758 5577 2859 5616; x_wconf 90' lang='lat' dir='ltr'><strong><em>nec</em></strong></span> <span class='ocrx_word' id='word_1_730' title='bbox 2904 5562 3148 5631; x_wconf 79' lang='lat' dir='ltr'><strong><em>plerique</em></strong></span> <span class='ocrx_word' id='word_1_731' title='bbox 3192 5562 3344 5616; x_wconf 87' lang='lat' dir='ltr'><strong><em>avari</em></strong></span> <span class='ocrx_word' id='word_1_732' title='bbox 3377 5562 3514 5615; x_wconf 89' lang='lat' dir='ltr'><strong><em>adeo</em></strong></span> <span class='ocrx_word' id='word_1_733' title='bbox 3557 5562 3628 5616; x_wconf 86' lang='lat' dir='ltr'><strong><em>iis</em></strong></span> 
     </span>
    </p>
   </div>
   <div class='ocr_carea' id='block_1_96' title="bbox 2049 5654 3627 5727">
    <p class='ocr_par' dir='ltr' id='par_1_96' title="bbox 2049 5654 3627 5727">
     <span class='ocr_line' id='line_1_96' title="bbox 2049 5654 3627 5727; baseline -0.001 -17"><span class='ocrx_word' id='word_1_734' title='bbox 2049 5658 2282 5727; x_wconf 88' lang='lat' dir='ltr'><strong><em>pretium</em></strong></span> <span class='ocrx_word' id='word_1_735' title='bbox 2338 5664 2658 5720; x_wconf 87' lang='lat' dir='ltr'><strong><em>statuerent,</em></strong></span> <span class='ocrx_word' id='word_1_736' title='bbox 2694 5655 2851 5724; x_wconf 88' lang='lat' dir='ltr'><strong><em>quasi</em></strong></span> <span class='ocrx_word' id='word_1_737' title='bbox 2900 5654 3102 5724; x_wconf 86' lang='lat' dir='ltr'><strong><em>aliquid</em></strong></span> <span class='ocrx_word' id='word_1_738' title='bbox 3159 5655 3275 5709; x_wconf 87' lang='lat' dir='ltr'><strong><em>suis</em></strong></span> <span class='ocrx_word' id='word_1_739' title='bbox 3318 5654 3385 5707; x_wconf 88' lang='lat' dir='ltr'><strong><em>de</em></strong></span> <span class='ocrx_word' id='word_1_740' title='bbox 3427 5654 3627 5722; x_wconf 84' lang='lat' dir='ltr'><strong><em>opibus</em></strong></span> 
     </span>
    </p>
   </div>
   <div class='ocr_carea' id='block_1_97' title="bbox 2050 5748 3637 5817">
    <p class='ocr_par' dir='ltr' id='par_1_97' title="bbox 2050 5748 3637 5817">
     <span class='ocr_line' id='line_1_97' title="bbox 2050 5748 3637 5817; baseline -0.004 -11"><span class='ocrx_word' id='word_1_741' title='bbox 2050 5749 2465 5817; x_wconf 81' lang='lat' dir='ltr'><strong><em>detereretur,si</em></strong></span> <span class='ocrx_word' id='word_1_742' title='bbox 2484 5748 2605 5804; x_wconf 88' lang='lat' dir='ltr'><strong><em>libri</em></strong></span> <span class='ocrx_word' id='word_1_743' title='bbox 2626 5748 2837 5817; x_wconf 85' lang='lat' dir='ltr'><strong><em>publice</em></strong></span> <span class='ocrx_word' id='word_1_744' title='bbox 2865 5748 3044 5817; x_wconf 75' lang='lat' dir='ltr'><strong><em>potius</em></strong></span> <span class='ocrx_word' id='word_1_745' title='bbox 3063 5748 3218 5803; x_wconf 86' lang='lat' dir='ltr'><strong><em>utiles</em></strong></span> <span class='ocrx_word' id='word_1_746' title='bbox 3252 5748 3432 5802; x_wconf 85' lang='lat' dir='ltr'><strong><em>forent</em></strong></span> <span class='ocrx_word' id='word_1_747' title='bbox 3457 5762 3637 5816; x_wconf 82' lang='lat' dir='ltr'><strong><em>quam.</em></strong></span> 
     </span>
    </p>
   </div>
  </div>
