3868 6208
231 337 309 395 55
1396 333 1440 388 J.
1480 333 1544 388 Β.
1579 322 1950 389 COTELERII
1984 329 2328 391 SUDICIUM.
2379 330 2385 335 ’
3440 334 3513 389 '54

236 450 427 505 blattis
445 456 502 505 et
530 449 698 505 tineis
720 449 1042 511 absumendi
1072 455 1546 526 relinquerentur;
1582 457 1636 511 hi
1659 460 1831 524 enim,
1864 468 1906 520 Α
1936 456 2201 528 Paganini
2239 458 2564 524 Gatidentii,
2596 460 2692 530 qui
2738 460 2929 516 favore
2971 474 3106 525 suo,
3136 473 3202 512 eo
3239 473 3323 512 me
3372 459 3516 528 apud

239 556 349 595 non
380 556 501 596 sua:
531 542 839 612 quidquam
866 544 1054 613 glorise
1093 546 1433 614 adimerent,
1468 549 1514 603 si
1545 551 1838 605 serenissi-
1935 551 2241 620 principem
2273 567 2433 607 suum
2463 552 2586 606 loco
2631 553 2944 619 collocavit,
2976 560 3035 606 ut
3072 566 3237 620 quam
3270 550 3521 604 diutissi-

232 634 314 687 mi
365 634 639 705 principis
684 638 999 708 exemplum
1055 641 1466 696 mmularentur.
1513 641 1695 711 Atque
1747 643 1837 697 hic
1918 656 2026 697 'me
2056 642 2393 697 bibliotheca
2438 643 2541 699 hac
2582 644 2751 711 bono,
2780 652 2835 699 et
2864 658 3009 705 meo,
3040 650 3094 698 ct
3140 642 3380 711 publico,
3410 641 3518 697 frui

233 726 357 795 ejus
371 726 547 781 ardor
568 729 746 799 magis
770 728 972 793 eluxit,
991 740 1306 801 postquam,
1336 741 1397 787 ut
1427 733 1563 788 mihi
1602 735 1833 789 relatum

232 827 340 882 est,
365 817 755 875 Laurentianae
790 836 908 877 suae
944 822 1191 893 praefecit
1218 823 1488 880 Joannem
1531 825 1832 895 Baptistam

232 907 499 976 Bonium,
532 912 714 968 virum
746 914 1014 984 nobilem,
1042 916 1430 988 dignissimum
1460 916 1610 973 Petri
1645 918 1829 974 Victo-

229 1003 304 1059 rii
350 1021 754 1074 successorem,
785 1024 891 1065 nec
916 1009 1098 1080 ipsum
1144 1010 1827 1078 modoiitteratissimum,

232 1097 334 1153 sed
373 1113 443 1154 ea
493 1100 780 1170 praeditum
826 1102 1153 1173 prudentia,
1188 1112 1249 1158 ut
1279 1119 1441 1159 nemo
1463 1104 1675 1173 judicio
1709 1120 1833 1159 ma—

230 1189 340 1259 jori
370 1192 443 1245 ad
472 1207 536 1246 ea
559 1194 805 1249 sacraria
837 1195 910 1250 sit
936 1194 1291 1251 admissurus
1319 1212 1674 1266 quemquam.
1703 1196 1834 1252 Post

230 1289 451 1336 tantum
500 1282 714 1353 imperii
757 1284 896 1338 tanti
928 1284 1236 1355 principem
1260 1327 1278 1353 ,
1316 1285 1516 1355 majori
1548 1286 1713 1340 etiam
1743 1286 1830 1340 di-

228 1372 590 1442 gnissimum,
620 1385 806 1432 tacere
837 1391 949 1431 non
995 1376 1172 1433 debeo
1212 1377 1474 1434 beneﬁcia
1507 1377 1607 1432 viri
1629 1378 1831 1434 summi

235 1576 1141 1597 *Μ-

1934 733 2144 789 liceret.
2178 732 2285 789 Sed
2316 734 2382 789 de
2410 734 2532 804 ejus
2571 751 2701 806 erga
2740 751 2829 790 me
2850 735 2953 789 viri
2998 735 3241 798 meritis,
3276 734 3516 801 dabitur,

1934 841 2116 895 spero,
2146 826 2489 882 commodius
2522 829 2750 897 posthac
2784 827 3042 897 loquendi
3079 834 3312 896 tempus.
3361 825 3520 883 Nunc

1934 917 2052 973 haec
2079 917 2346 987 attingere
2388 919 2522 974 satis
2546 919 2762 990 putavi,
2797 929 2880 985 ut,
2911 920 3044 975 licet
3070 934 3158 973 me
3182 920 3381 974 debitis
3405 935 3515 975 non

1934 1009 2236 1076 absolvam,
2258 1011 2543 1066 beneﬁciis
2596 1021 2781 1066 tamen
2836 1027 2948 1067 non
2996 1012 3189 1067 videar
3235 1013 3512 1082 indignus.

1928 1100 2041 1158 Nec
2074 1104 2233 1159 video
2264 1119 2364 1158 cur
2390 1104 2621 1160 ulterius
2651 1114 2703 1159 te
2729 1105 3001 1160 detineam
3020 1146 3035 1171 ,
3064 1105 3254 1159 lector.
3308 1104 3516 1159 Occur-

1930 1203 2060 1248 runt
2104 1196 2289 1249 animo
2320 1205 2374 1251 et
2408 1180 2552 1261 alia,
2579 1212 2681 1253 nec
2734 1198 2805 1252 ab
2865 1197 3116 1253 instituto
3164 1198 3341 1252 aliena
3376 1217 3388 1252 :
3419 1199 3514 1253 sed

1930 1285 2055 1341 aliis
2097 1286 2165 1341 iis
2210 1287 2431 1341 dabitur
2481 1289 2897 1343 convcniehtior
2941 1289 3114 1344 locus.
3160 1289 3290 1344 Vale
3325 1290 3510 1359 igitur,

1929 1380 2196 1450 pluraque
2222 1381 2276 1435 in
2312 1382 2429 1437 dies
2456 1379 2494 1436 a'
2510 1397 2599 1438 me
2625 1391 2900 1451 exspecta.

1143 1584 3488 1614 ...ὴ-...Ἠψῄ

1270 1757 1383 1871 J.
1477 1755 1607 1868 B.
1706 1754 2477 1871 COTELERII

732 1995 1333 2090 .‘I'UDIC‘IUM
1413 1995 1565 2083 DE
1641 1990 2269 2083 EPISTOLI‘S
2338 1994 2433 2083 S.
2517 1993 3034 2085 IGNATII.

1121 2211 1343 2285 '(Patrgs
1365 2205 1636 2276 apostolici,
1671 2206 1756 2256 ed.
1780 2204 2055 2254 Amslelod.
2085 2204 2231 2268 1724,
2261 2211 2296 2256 t.
2328 2208 2459 2272 ll,p.
2485 2211 2559 2275 9.)

290 2389 413 2447 Nisi
444 2390 608 2446 ofﬁcii
630 2391 741 2445 mei
776 2389 918 2445 ratio
946 2371 1226 2460 ﬂagitaret.
1243 2393 1316 2441 ut
1345 2383 1399 2438 in
1426 2392 1682 2448 campum
1727 2368 1821 2429 de-
1855 2376 1898 2436 Β
1927 2375 2020 2444 qui
2077 2375 2373 2433 Eusebium
2426 2384 2826 2455 transcribunt)
2878 2402 3002 2457 qna:
3035 2388 3106 2442 ab
3131 2389 3253 2443 aliis
3300 2408 3513 2449 memo-

223 2485 587 2548 scenderem,
638 2482 886 2536 luiturus
925 2480 1009 2536 vel
1038 2479 1461 2550 impugnaturus
1511 2469 1823 2541 lgnatianas

216 2576 498 2649 Epistolas
520 2618 537 2643 ,
565 2577 801 2631 libenter
828 2575 1165 2630 abstinerem
1212 2584 1301 2624 me
1336 2565 1537 2623 celebri
1568 2561 1712 2617 bello
1740 2560 1826 2614 lit-

223 2670 458 2736 terario,
490 2668 645 2739 quod
677 2668 852 2724 sciam
880 2665 1228 2736 proﬂigatum
1255 2660 1448 2725 fuisse,
1475 2657 1601 2712 dein
1642 2652 1824 2709 redin-

224 2771 528 2833 tegratum,
565 2769 619 2815 et
652 2759 719 2813 ad
751 2757 900 2828 quod
932 2753 1334 2812 conﬁciendum
1363 2750 1544 2804 adhuc
1570 2745 1824 2814 accinge»

224 2869 281 2908 re
329 2867 393 2908 se
432 2851 608 2905 armis
655 2849 872 2904 audiam
904 2848 1044 2903 duos
1086 2844 1258 2900 fortes
1307 2841 1621 2901 bellatores,
1646 2849 1819 2890 unum

225 2944 314 2997 hic
352 2942 414 2995 in
454 2940 658 3006 Gallia,
685 2940 915 2994 alterum
961 2937 1018 2991 in
1059 2932 1484 2992 orbe-Britanno
1509 2970 1525 2997 ,
1548 2928 1820 2982 adversus

225 3046 506 3103 nuperum
540 3034 795 3097 hostem,
824 3039 1144 3084 veteranum
1187 3026 1418 3082 militem
1441 3065 1456 3088 ,
1487 3034 1816 3092 pugnacem,

220 3126 402 3181 doctis
439 3123 778 3193 disertisque
819 3120 982 3176 dictis
1036 3127 1339 3175 certantem
1379 3124 1436 3171 et
1486 3111 1816 3176 maledictis,

221 3218 469 3287 peritum
520 3216 590 3271 ad
623 3215 759 3270 'lnec
810 3213 1111 3284 cauponari
1143 3211 1347 3266 bellum
1378 3217 1433 3264 et
1475 3206 1816 3277 belligerare,

216 3312 315 3381 qui
349 3311 461 3364 hoc
491 3316 885 3379 Stratagemate
910 3305 1179 3361 utendum
1222 3302 1456 3374 putavit,
1486 3309 1566 3365 ut,
1590 3298 1721 3369 quia
1759 3297 1816 3351 in

217 3419 420 3459 verum
466 3401 742 3473 lgnatium
790 3398 1010 3454 abunde
1057 3412 1169 3453 non
1225 3391 1814 3466 suppetebantjacula,

215 3494 428 3550 falsum
481 3493 674 3563 prarlio
703 3490 1025 3556 involveret,
1056 3502 1169 3558 quo
1211 3485 1484 3541 imbellem
1525 3483 1814 3546 vincendo,

215 3587 491 3641 invictum
527 3584 691 3639 etiam
737 3583 935 3638 vicisse
980 3581 1277 3636 videretur.
1331 3577 1437 3632 Sed
1473 3577 1586 3647 jam
1636 3589 1819 3647 pugna

1924 2466 2036 2519 rari
2082 2477 2377 2536 poterant,
2433 2482 2673 2529 et'vero
2723 2476 2841 2544 pari
2920 2478 3135 2534 ratione
3192 2482 3514 2538 debebant?

1923 2556 2073 2613 Eane
2102 2561 2288 2615 omnia
2320 2565 2672 2633 supposititia
2694 2568 2928 2623 dicent?
2959 2569 3313 2642 Nequaquam
3351 2576 3508 2646 puto.

1920 2648 2184 2740 Quaenam
2214 2670 2348 2709 vero
2393 2666 2522 2711 sunt
2552 2675 2674 2728 quae
2701 2671 2986 2731 opponunt
3033 2665 3170 2721 locis
3198 2666 3506 2740 Polycarpi,

1920 2738 2109 2797 Irenzei
2136 2751 2190 2797 et
2212 2742 2504 2815 Origenis?
2529 2747 2669 2805 Ecce
2694 2752 2784 2807 illa
2804 2773 2816 2806 :
2837 2753 3172 2823 Nicephorus
3196 2738 3509 2828 patriarcha

1919 2831 2028 2889 (ΣΡ.
2059 2834 2117 2888 in
2148 2835 2333 2891 Indice
2367 2842 2789 2911 apocryphornm
2826 2844 2966 2900 Novi
2999 2846 3340 2916 Testamenti,
3371 2856 3509 2907 scri-

1919 2932 2011 2992 pta
2052 2923 2253 2995 Ignatt'i
2281 2938 2330 2981 et
2363 2928 2650 3002 Polycarpi
2679 2936 2979 3005 apocrypha
2999 2937 3236 3006 judicat.
3268 2943 3508 2997 Anasta—

1908 3015 2030 3068 sius
2051 3014 2506 3073 Bibliothecarius
2536 3023 2720 3076 eadem
2745 3024 2897 3079 habet
2929 3027 2983 3079 in
3010 3025 3195 3083 Indice
3222 3046 3373 3099 quem
3407 3031 3509 3085 Hi-

1917 3110 2098 3163 storiae
2149 3127 2260 3165 sua
2294 3111 2687 3169 Ecclesiastica:
2738 3118 2991 3187 prwﬁxt't,
3024 3136 3144 3188 qua
3175 3123 3283 3175 nisi
3317 3124 3506 3177 eadem

1917 3216 2037 3254 cum
2069 3200 2372 3272 Nicephdro
2401 3206 2465 3259 de
2496 3206 2576 3260 his
2604 3209 2840 3277 epistolis
2870 3212 3139 3279 sensisset,
3168 3230 3273 3266 non
3303 3217 3509 3270 videtur

1917 3295 2083 3363 fuisse
2136 3296 2247 3351 sine
2297 3297 2479 3368 aliqua
2526 3315 2751 3353 censura
2795 3302 2876 3355 vel
2926 3304 3391 3360 animadversione
3426 3310 3508 3362 di-

1916 3387 2197 3442 missurus.
2231 3387 2431 3443 Verum
2460 3392 2844 3463 auctor-hujus
2881 3394 3131 3451 laterculi
3161 3413 3273 3452 non
3308 3415 3503 3454 aman-

1918 3479 2013 3534 dat
2058 3481 2124 3536 ad
2169 3484 2476 3554 apocrypha
2525 3486 2786 3555 epistolas
2845 3486 3040 3559 lgnatii
3087 3500 3141 3545 et
3190 3489 3505 3564 Polycarpi,

1920 3574 2179 3628 amandat
2206 3573 2396 3645 lgnatii
2426 3584 2480 3630 et
2500 3575 2783 3648 Polycarpi
2828 3580 3106 3634 nonnihil.
3136 3580 3271 3637 Illud
3322 3594 3506 3638 autem

214 3680 403 3734 danda
419 3688 530 3735 est.
547 3676 678 3733 Rem
697 3675 1109 3748 paucisverbis,
1128 3687 1236 3728 una
1253 3671 1670 3728 ratiocinatione
1688 3683 1820 3724 con—
1855 3743 1882 3748 _
1921 3665 2176 3720 nonnihil
2227 3681 2328 3721 cur
2382 3682 2492 3722 non
2545 3670 2731 3739 potius
2770 3686 3111 3741 exponemus
3155 3673 3222 3728 de
3258 3664 3507 3730 doctrina

217 3773 406 3828 cludo.
428 3743 992 3840 Sanctum—ignauum
1010 3766 1271 3838 epistolas
1297 3764 1586 3833 scripsisse
1612 3760 1817 3816 diserte
1842 3743 1885 3801 (ἶ
1919 3757 2113 3829 lgnatii
2153 3766 2208 3812 et
2249 3758 2317 3814 de
2351 3758 2602 3816 doctrina
2645 3760 2967 3834 Polycarpi,
3012 3763 3167 3820 libris
3212 3766 3505 3836 psendepi-

217 3871 458 3919 testatur
487 3861 611 3930 ejus
641 3859 932 3915 familiaris
960 3859 1156 3914 beatus
1188 3855 1525 3928 Polycarpus
1552 3869 1563 3902 :
1590 3853 1693 3908 has
1722 3867 1818 3907 ve-

216 3970 281 4009 ro
312 3968 460 4025 quas
480 3967 583 4022 per
620 3950 798 4005 virum
828 3949 1198 4006 clarissimum
1228 3946 1480 4003 lsaacum
1504 3943 1763 4001 Vossium
1786 3958 1817 3999 e

216 4046 415 4101 codice
438 4042 767 4098 Florentino
809 4041 1051 4113 primum
1090 4040 1266 4096 editas
1310 4039 1566 4110 legimus,
1593 4037 1815 4093 easdem

216 4153 342 4193 esse
364 4150 541 4206 puras
588 4145 755 4206 putas
780 4132 992 4206 'I'gnatii
1023 4132 1321 4189 ostendunt
1366 4131 1619 4186 relata'in
1661 4129 1815 4184 testi-

217 4230 428 4285 moniis
478 4237 729 4283 veterum
792 4226 914 4282 loca
958 4223 1513 4295 lrenaei,'0rigenis,
1571 4220 1810 4289 Eusebii,

218 4319 540 4388 Athanasii,
571 4318 914 4391 Hieronymi,
945 4315 1309 4381 Theodoreti,
1344 4325 1811 4386 caeterorumque:

218 4427 351 4466 nam
411 4410 767 4480 reperiuntur
817 4410 875 4465 in
929 4409 1022 4465 illa
1071 4408 1329 4466 editione.
1359 4406 1505 4474 Quid
1565 4406 1818 4462 clarius?

221 4503 353 4573 quid
386 4502 641 4559 certius"!

287 4594 503 4652 Contra
530 4596 651 4651 haec
694 4605 750 4652 et
782 4604 975 4652 contra
1004 4604 1255 4651 nostrum
1303 4592 1572 4665 lgnatium
1618 4606 1815 4662 excep-

219 4690 403 4744 tiones
436 4686 882 4743 adversariorum
906 4686 1094 4741 multae
1137 4693 1291 4753 sunt,
1319 4685 1506 4739 multae
1543 4683 1812 4754 objectio—

221 4796 343 4845 nes,
375 4778 664 4849 generales
686 4777 831 4845 aliae,
870 4777 991 4832 aliae
1031 4776 1414 4848 particulares.
1450 4773 1547 4830 His
1573 4774 1640 4828 ad
1692 4775 1812 4829 loca

219 4873 467 4944 singula,
517 4886 644 4926 cum
693 4884 921 4927 necesse
968 4870 1362 4941 iudicabimus,
1415 4884 1808 4924 occurremus:

1916 3849 2178 3920 graphis?
2230 3849 2391 3906 Certe
2442 3853 2705 3921 Ἰγνατίου
2748 3854 2968 3927 διδαχὴν
3026 3866 3085 3910 ιιι
3133 3858 3506 3929 apocrypham

1914 3942 2242 3997 recensitam
2276 3944 2445 3999 habes
2482 3945 2574 3999 illo
2604 3962 2708 4001 ms.
2737 3946 3003 4015 indiculo,
3042 3964 3205 4018 quem
3230 3950 3507 4005 Anastasii

1915 4028 2325 4097 Quaestionibus
2364 4036 2728 4107 'subjunctum
2777 4039 2911 4094 citat
2945 4040 3303 4095 doctissimus
3352 4038 3509 4096 Usse-

1914 4125 2053 4192 rius,
2081 4126 2148 4182 de
2176 4127 2370 4196 lgnatii
2411 4129 2681 4198 epistolis,
2726 4146 2849 4202 cap.
2872 4114 2950 4199 'l,
2987 4141 3041 4187 et
3068 4133 3332 4201 Ἱγνατίου
3367 4133 3508 4186 διδα-

1925 4220 2151 4274 σκαλίαν
2188 4237 2313 4277 cum
2356 4222 2717 4295 Πολυκάρπου
2751 4225 3102 4299 διδασκαλίᾳ,
3138 4227 3378 4283 indicuio
3406 4229 3508 4281 iis-

1913 4314 2036 4369 dem
2081 4314 2492 4381 Quazstionibus
2545 4316 2847 4387 adjuncto,
2899 4318 3242 4376 bibliotheca:
3314 4321 3500 4392 Regia:

1914 4405 2192 4460 volumine
2228 4405 2392 4469 l789,
2417 4408 2511 4477 qui
2542 4423 2573 4461 a
2597 4423 2686 4462 me
2713 4424 2878 4479 supra
2908 4410 3120 4479 positus
3141 4409 3245 4465 fuit
3273 4412 3327 4466 in
3365 4415 3507 4471 meis

1916 4498 2081 4554 notis.
2120 4500 2319 4570 lgnatii
2344 4515 2474 4555 vero
2517 4499 2917 4572 Polycarpique
2947 4503 3211 4574 epistolas
3273 4507 3328 4559 in
3372 4521 3503 4576 apo-

1914 4592 2118 4664 crypha
2154 4592 2354 4648 relatas
2381 4593 2573 4648 nullibi
2628 4594 2899 4649 videmus.
2950 4593 3022 4650 Ut
3045 4597 3291 4650 omittam
3321 4595 3501 4652 Litur-

1914 4682 2057 4752 giam
2108 4681 2322 4753 lgnatii,
2371 4683 2438 4737 de
2502 4699 2610 4754 qua
2660 4684 2854 4739 eodem
2911 4685 3036 4741 loco
3094 4683 3392 4754 Usserius,
3437 4704 3502 4746 ac

1914 4772 2163 4841 ejusdem
2229 4774 2490 4845 martyris
2555 4775 2765 4845 aliquid
2804 4776 2872 4831 de
2916 4791 2977 4830 re
3028 4776 3151 4835 ﬁdei
3176 4787 3230 4832 et
3276 4781 3506 4833 canoni-

1913 4864 2053 4928 bus,
2088 4866 2144 4921 in
2193 4867 2442 4937 catalogo
2491 4865 2799 4938 Hebedjesu
2828 4910 2845 4937 ,
2904 4885 3060 4924 num.
3124 4869 3191 4925 18
3220 4911 3234 4936 ,
3286 4872 3492 4926 videto!

218 4966 442 5021 illarum
504 4962 809 5034 praecipuas
856 4962 1254 5033 expendamus.
1303 4963 1364 5015 In
1414 4961 1553 5031 duas
1607 4962 1811 5017 classes
1911 4957 2058 5011 enim
2108 4958 2386 5013 diversum
2436 4973 2558 5014 esse
2608 4961 2677 5013 ah
2726 4961 2970 5031 epistolis
3008 4961 3335 5035 Chaldaicis
3387 4963 3503 5018 sive

216 5053 485 5111 distribui
514 5060 749 5121 possunt
780 5071 793 5107 :
825 5061 920 5106 aut
960 5053 1107 5106 enim
1144 5060 1404 5122 petuntur
1446 5067 1514 5106 ex
1555 5052 1810 5120 antiquo-
1839 5089 1887 5146 Β
1916 5045 2162 5146 Syriacis
2189 5049 2362 5116 illius,
2391 5051 2460 5105 ab
2493 5048 2718 5146 Usserio
2762 5053 2816 5106 in
2848 5068 2969 5123 cap.
3070 5054 3408 5146 memoratis.
3434 5052 3503 5109 Et

215 5164 347 5203 rnm
380 5146 629 5213 silentio,
660 5154 757 5199 aut
775 5159 806 5199 e
832 5144 973 5216 stylo
998 5144 1377 5213 cpistolarum.
1399 5144 1568 5200 Aiunt
1590 5145 1805 5217 itaque:
1840 5140 1877 5146 ”
1913 5156 2046 5200 vero
2070 5140 2387 5213 (occasione
2415 5158 2537 5199 sese
2566 5143 2828 5199 oﬂerente
2847 5145 3085 5200 monebo
3112 5145 3197 5215 id)‘
3222 5145 3499 5215 objectum

219 5239 369 5307 Quot
398 5237 653 5308 eprimis
687 5235 943 5292 Patribus
975 5237 1308 5292 mentionem
1353 5236 1533 5293 facere
1559 5245 1812 5307 poterant
1912 5234 2148 5290 indicem
2208 5250 2307 5291 seu
2356 5250 2623 5292 canonetn
2672 5235 3108 5306 Scripturarum,
3138 5238 3204 5292 ad
3250 5246 3499 5307 tempora

219 5345 285 5386 ac
313 5330 594 5386 debebant
639 5329 1051 5401 Ignatianarum
1103 5329 1495 5399 epistolarum,
1533 5345 1634 5385 nec
1665 5329 1811 5387 fece-
1912 5324 2818 5399 NicephoriConstantinopolitani
2868 5338 2924 5384 et
2966 5328 3246 5385 Anastasii
3295 5328 3499 5386 Biblio-

218 5431 353 5477 runt
401 5430 533 5476 ante
574 5419 875 5476 Eusebium
896 5422 925 5474 Τ
947 5418 1234 5492 Polycarpi
1269 5420 1563 5491 siquidem,
1596 5421 1808 5489 Irenazi,
1914 5420 2144 5476 thecarii
2172 5435 2521 5491 nequaquam
2555 5419 3026 5490 pertinere,t'acile
3057 5436 3271 5475 mecum
3301 5420 3499 5474 intelli-

220 5514 481 5586 Origenis
522 5515 837 5570 testimonia
880 5524 1137 5585 suspecta
1200 5514 1471 5570 habentur
1496 5557 1512 5583 ,
1537 5517 1623 5571 vel
1672 5517 1808 5571 nihil
1915 5525 2023 5586 get,
2048 5513 2143 5584 qui
2194 5513 2619 5569 consideraverit
2656 5528 2805 5568 nono
2851 5519 2974 5568 serae
3028 5513 3358 5569 Christianae
3400 5529 3501 5569 sac-

222 5609 485 5680 probant.
540 5605 853 5687 Retorqueo
907 5620 1007 5676 ego
1062 5606 1128 5687 ad
1175 5605 1322 5662 hunc
1369 5608 1591 5662 modum
1629 5608 1812 5676 :Qnot

220 5698 728 5755 ecclesiasticarum
762 5712 988 5767 operum
1025 5697 1235 5767 primus
1265 5713 1330 5753 ac
1357 5714 1498 5769 saepe
1521 5715 1665 5755 unus
1693 5717 1809 5756 me—

225 5793 385 5848 minit
431 5789 702 5849 Eusebius
735 5792 936 5862 (neque
974 5790 1119 5875 enim
1156 5790 1212 5845 in
1249 5807 1537 5852 numerum
1585 5795 1814 5852 veniunt

1918 5608 2046 5663 culo
2077 5605 2351 5663 Ecclesias
2376 5604 2620 5660 Graecam
2645 5612 2699 5659 ct
2723 5604 3029 5660 Romanam
3065 5621 3176 5660 non
3219 5605 3502 5660 dubitasse

1918 5698 1986 5754 dc
2010 5706 2088 5752 tot
2136 5711 2308 5751 sacra:
2362 5695 2659 5765 Scriptura:
2710 5695 2886 5762 libris,
2916 5703 3053 5766 quot
3099 5696 3154 5750 in
3181 5696 3408 5751 dubium
3435 5711 3502 5748 eo

1921 5795 1976 5849 in
2010 5792 2277 5848 laterculo
2326 5801 2678 5847 revocantur.
2712 5789 2894 5857 Quare
2925 5789 3007 5845 vel
3043 5786 3351 5859 Nicephoro
3398 5802 3500 5856 pa-
