3878 6210
383 322 455 378 35
1479 316 1536 372 S.
1574 313 1926 372 IGNATIUS.
1964 343 2035 354 —
2068 311 2603 370 PROLEGOMENA.
2868 352 2873 357 ,
3573 297 3645 354 56

385 434 641 493 triarcha:
667 448 843 489 canon
873 432 1245 504 abiudicetur,
1263 429 1349 485 vel
1371 430 1584 486 dicatur
1603 430 1674 484 ab
1703 444 1769 484 eo
1796 427 1973 499 magis
2002 433 2048 490 Α
2076 425 2390 498 Dionysius,
2419 424 2502 480 'De
2531 425 2726 480 divinis
2751 423 3076 490 nominibus,
3108 438 3161 480 c.
3195 423 3251 488 ι,
3277 439 3335 478 ιι.
3370 423 3438 478 i2
3463 443 3477 478 :
3508 423 3650 495 Γρά-

385 528 653 584 collectus
679 542 844 597 quam
883 524 1258 595 compositus;
1293 539 1388 593 per
1444 520 1795 577 Anastasium
1844 533 1975 572 vero

385 634 687 675 conversus
715 628 926 673 tantum
949 608 1190 687 putetur,
1205 630 1311 668 non
1326 622 1507 668 autem
1531 611 1696 667 etiam
1709 610 1972 665 creditus.

385 711 566 780 Atque
603 709 735 763 hinc
758 706 1037 762 evanescit
1060 706 1115 759 in
1143 720 1308 759 auras
1337 703 1601 774 quidquid
1622 716 1817 772 magna
1848 716 1975 756 ver-

385 801 582 855 borum
607 814 829 870 pompa,
854 798 924 853 ob
950 797 1318 866 Nicephorum
1342 804 1398 849 et
1418 794 1772 849 Anastasium
1796 809 1826 847 a
1856 793 1977 846 viro

386 893 551 947 docto
581 890 739 945 toties
765 889 1029 960 iactatur.
1058 886 1132 943 Ut
1152 901 1376 942 necesse
1398 900 1509 940 non
1526 884 1597 940 sit
1618 884 1972 954 respondere,

377 999 513 1055 quae
560 992 745 1039 tamen
775 998 883 1037 non
907 982 1342 1053 improbabiliter
1380 980 1663 1035 dicentur:
1686 988 1782 1034 aut
1810 977 1973 1050 Poly-

388 1094 617 1149 carpum
671 1093 798 1133 cum
849 1075 1060 1146 lgnatio
1091 1073 1263 1130 fuisse
1286 1073 1680 1144 proscriptum,
1713 1072 1784 1126 ob
1810 1072 1978 1142 syllo-

387 1184 489 1240 gen
523 1168 765 1239 epistola:
789 1166 1195 1239 Polyearpianae
1214 1174 1270 1221 et
1288 1166 1643 1237 epistolarum
1671 1163 1978 1235 Ignatiana-

376 1276 508 1333 rum
540 1270 649 1315 tam
696 1260 1148 1331 interpolatarum
1188 1274 1354 1330 quam
1404 1258 1690 1325 falsarum,
1722 1267 1816 1312 aut
1869 1260 1978 1327 epi-

388 1352 589 1427 stolam
613 1350 901 1421 Polycarpi
928 1360 982 1405 et
1002 1350 1263 1421 epistolas
1284 1348 1481 1419 lgnatii
1502 1348 1844 1420 apocryphas
1854 1361 1977 1402 esse

387 1445 708 1517 appellatas,
734 1444 906 1516 quod,
957 1443 1085 1499 licet
1137 1442 1399 1510 innoxiae,
1433 1457 1537 1497 nec
1583 1441 1976 1513 pseudepigra-

385 1539 532 1608 phae,
557 1546 714 1594 extra
742 1552 1007 1594 canonem
1050 1536 1295 1592 omnium
1338 1535 1699 1591 ecclesiarum
1732 1532 1978 1602 legeren-

388 1640 497 1687 tur.
517 1631 660 1697 Quid
682 1630 851 1696 enim,
878 1644 1097 1699 quaeso,
1126 1628 1300 1694 tinxii,
1330 1627 1463 1697 quid
1512 1625 1819 1696 apostolico
1857 1621 1977 1677 viro

388 1721 594 1794 indigni
637 1722 883 1778 continet
904 1720 1312 1793 .Polycarpiana
1349 1719 1484 1773 illa?
1523 1718 1762 1788 Pergunt
1785 1715 1977 1771 adver-

389 1831 485 1871 sus
503 1814 791 1885 epistolam
817 1812 1130 1885 Polycarpi,
1156 1820 1211 1867 et
1238 1810 1509 1866 affirmant
1523 1824 1644 1864 eam
1673 1806 1971 1879 pugnantia

386 1908 582 1978 loqui,
632 1904 902 1977 lgnatium
951 1905 1226 1960 viventem
1256 1944 1273 1971 ,
1320 1901 1591 1974 lgnatium
1652 1909 1969 1956 mortuum:

393 2012 590 2067 nempe
610 1995 765 2067 prius
789 2010 883 2065 per
913 1994 1030 2050 haec
1055 1994 1221 2050 verba
1242 2009 1290 2049 c.
1319 1994 1457 2048 15η
1484 1991 1553 2047 Ει
1576 1991 1643 2047 de
1673 1992 1795 2063 ipso
1823 1989 1975 2062 lgna-

389 2089 490 2154 tio,
516 2097 567 2142 et
592 2089 659 2143 de
690 2087 777 2141 his
805 2086 1051 2156 quicum
1081 2100 1149 2141 eo
1178 2093 1342 2153 sunt,
1374 2084 1522 2155 quod
1553 2084 1757 2140 certius
1805 2098 1973 2154 agno-

387 2179 579 2234 veritis
602 2178 959 2251 signiﬁcate.»
991 2176 1273 2233 Posterius
1304 2193 1403 2249 per
1438 2193 1501 2232 ea
1534 2191 1659 2247 quae
1697 2176 1973 2231 habentur

389 2271 566 2343 capite
596 2271 651 2338 9,
692 2271 759 2327 de
811 2270 1022 2342 lgnatio
1070 2270 1305 2340 aliisque
1353 2269 1689 2341 martyribus
1713 2309 1729 2334 ,
1760 2282 1972 2323 necnon

389 2364 673 2434 apostolis,
710 2363 857 2435 quod
879 2362 1064 2419 cuncti
1094 2371 1222 2433 post
1246 2377 1449 2432 agones
1468 2376 1603 2417 suos
1626 2359 1680 2414 in
1716 2360 1837 2416 loco
1865 2358 1971 2414 sibi

388 2455 573 2511 debito
602 2456 713 2511 sint
742 2455 886 2525 apud
923 2453 1117 2510 Deum.
1152 2453 1290 2508 Mira
1312 2454 1561 2524 profecto
1590 2451 1895 2521 ἀντιλογία,
1921 2450 1970 2507 si

391 2545 617 2600 veritate
650 2545 916 2601 niteretur
952 2561 966 2599 :
1012 2553 1071 2599 at
1126 2559 1192 2600 ea
1241 2543 1406 2615 plane
1445 2541 1781 2598 destituitur.
1831 2539 1971 2596 Nam

389 2646 649 2709 ponatur,
677 2635 1144 2708 quemadmodum
1182 2635 1470 2696 sentimus.
1496 2634 1783 2703 scripsisse
1812 2632 1972 2704 Poly-

389 2743 616 2798 carpum
678 2737 809 2783 tunc
849 2726 1134 2797 temporis,
1168 2740 1295 2781 cum
1359 2722 1601 2794 lgnatius
1647 2722 1971 2794 martyrium

390 2821 629 2878 subiisse
660 2818 1009 2887 credebatur,
1046 2818 1240 2874 incerti
1275 2826 1456 2872 tamen
1491 2820 1576 2886 (ut
1617 2815 1732 2871 fere
1769 2816 1851 2886 ﬁt)
1878 2831 1973 2869 ru-

389 2927 573 2969 mores
601 2911 920 2968 ferebantur
946 2913 1015 2968 de
1042 2911 1112 2968 iis
1139 2926 1263 2982 qua:
1310 2911 1368 2964 in
1402 2922 1580 2965 morte
1609 2910 1758 2965 illius
1790 2909 1972 2965 conti-

390 3014 598 3076 gerant.
638 3003 753 3060 lloc
772 3005 975 3075 posito,
1003 3019 1188 3060 nonne
1218 3003 1577 3059 conveniebat
1625 3012 1686 3057 ut
1717 3001 1972 3074 Polycar-

387 3112 493 3168 pus
534 3097 739 3154 diceret
782 3095 1051 3166 lgnatium
1084 3094 1227 3166 apud
1260 3094 1431 3149 Deum
1474 3094 1654 3149 locum
1677 3107 1839 3149 suum
1871 3093 1971 3148 ob-

393 3191 566 3246 tinere
584 3231 600 3257 ,
626 3190 900 3260 simulque
930 3196 1137 3259 peteret
1165 3186 1383 3243 edoceri
1419 3185 1551 3258 περὶ
1586 3185 1845 3254 Ἱγνατίου
1878 3184 1971 3238 καὶ

388 3284 520 3357 περὶ
565 3281 677 3337 τῶν
727 3282 859 3354 περὶ
913 3280 1113 3345 αὐτόν,
1172 3279 1220 3335 si
1278 3278 1411 3350 quid
1461 3276 1839 3349 Philippenses
1883 3290 1974 3332 ex-

385 3374 585 3498 plﬁraﬁ
639 3372 1031 3443 accepissent?
1082 3369 1320 3424 Dubium
1399 3368 1612 3424 nullum
1696 3375 1815 3433 est,
1862 3366 1971 3423 nisi

412 3461 441 3498 a
485 3458 568 3499 or.

412 3460 568 3498 aIIOI'.

460 3535 506 3587 A
532 3532 836 3606 Polycarpo
857 3531 925 3588 ad
954 3533 1221 3587 Irenaeum
1248 3548 1264 3586 :
1296 3548 1315 3583 ί
1347 3528 1822 3597 Quemadmodum
1848 3526 1972 3597 qui-

388 3627 517 3681 dam
543 3626 612 3681 de
636 3626 840 3680 nostris
870 3624 1051 3692 dixit,
1085 3632 1307 3694 propter
1353 3622 1676 3694 martyrium
1710 3621 1765 3676 in
1799 3620 1968 3676 Deum

388 3717 737 3788 adiudicatus
771 3717 841 3771 ad
873 3715 1119 3772 bestias:
1146 3715 1409 3785 quoniam
1462 3713 1798 3768 frumentum
1846 3726 1971 3768 sum

386 3809 616 3874 Christi,
656 3827 675 3860 ι
717 3819 825 3863 etc.
880 3804 1072 3871 Dixit,
1122 3817 1440 3877 exponunt,
1464 3807 1673 3860 locutus
1715 3815 1793 3860 est
1820 3847 1836 3872 ,
1862 3818 1969 3859 non

387 3902 623 3971 scripsit.
650 3899 764 3971 Ego
794 3914 948 3963 vero,
981 3914 1107 3954 cum
1143 3900 1369 3954 verbum
1404 3899 1541 3952 dixit
1563 3897 1632 3953 ad
1661 3906 1970 3953 sermonem

385 4005 441 4049 et
469 3993 538 4049 ad
575 3992 905 4063 scripturam
941 3989 1167 4061 perinde
1214 3989 1517 4057 referatur,
1553 4003 1790 4059 cumque
1837 4003 1971 4043 con-

386 4096 493 4143 stet
520 4102 588 4142 ex
607 4086 760 4141 Actis
787 4096 841 4140 et
865 4082 989 4139 Vita
1010 4083 1227 4155 Ignatii,
1255 4092 1421 4153 atque
1461 4098 1527 4137 ex
1560 4080 1892 4153 Hieronymo
1915 4087 1971 4135 et

384 4180 604 4243 Adone,
638 4193 704 4233 ea
760 4178 926 4232 verba
973 4191 1006 4231 a
1058 4174 1361 4231 fortissimo
1402 4182 1639 4245 martyre
1692 4173 1748 4226 in
1798 4186 1971 4242 agone

389 4286 614 4342 quoque
643 4271 766 4340 ipso
796 4268 968 4324 fuisse
998 4268 1350 4339 pronuntiata
1369 4308 1385 4333 ,
1415 4282 1515 4321 cur
1539 4264 1681 4335 apud
1705 4263 1969 4318 Irenaeum

390 4364 681 4434 epistolam
738 4362 923 4432 potius
967 4360 1271 4431 intelligam
1318 4373 1484 4430 quam
1536 4372 1725 4412 vocem
1753 4396 1770 4423 ,
1802 4369 1968 4410 causa

2077 535 2167 588 φει
2201 517 2257 570 δὲ
2291 517 2388 572 καὶ
2431 520 2461 572 ὁ
2509 516 2653 581 θεῖος
2698 516 3003 586 Ἰγνάτιος·.
3030 517 3087 571 '0
3118 516 3249 587 ἐμὸς
3279 515 3419 588 ἔρως
3455 516 3656 570 ἐσταύ-

2078 627 2267 680 ρωται.
2301 608 2521 685 Origeni
2552 610 2725 663 εἰπεῖν
2754 616 2858 674 est,
2887 609 3033 679 quod
3077 607 3344 680 Dionysio
3393 608 3655 678 γράφειν.

2079 702 2207 771 Sed,
2241 703 2524 774 inquiunt,
2548 702 2926 758 commentarii
2958 701 3038 756 illi
3081 717 3192 756 non
3225 709 3356 756 sunt
3376 699 3654 772 Origenis.

2077 793 2120 847 E
2161 795 2429 849 memoria
2486 794 2707 849 illorum
2766 793 3051 849 eﬂluxerat
3099 792 3256 848 citari
3290 806 3390 848 eos
3442 791 3499 846 in
3548 792 3658 847 line

2076 885 2412 942 Philocaliae.
2444 886 2525 942 Tu
2555 902 2708 952 vero,
2738 902 2809 941 ne
2858 897 3073 956 tempus
3119 893 3292 941 teram
3343 885 3399 940 in
3442 886 3657 956 agenda

2075 996 2137 1035 re
2160 993 2299 1047 acta,
2329 981 2454 1036 vide
2495 995 2617 1051 quae
2648 995 2679 1035 a
2724 980 3044 1035 doctissimo
3073 965 3491 1051 clarissimoque
3535 980 3659 1034 viro

2075 1071 2237 1127 Petro
2271 1071 2498 1127 Daniele
2548 1062 2745 1126 Huetio
2791 1072 2963 1128 solide
3008 1071 3077 1127 de
3133 1071 3238 1127 hac
3280 1071 3659 1127 controversia

2076 1165 2353 1236 disputata
2387 1173 2517 1220 sunt
2552 1163 3009 1237 Origenianorum
3038 1165 3133 1220 lib.
3167 1181 3251 1233 ιιι,
3277 1182 3333 1237 p.
3359 1166 3484 1222 248.
3513 1165 3660 1237 Lege

2076 1258 2283 1326 pariter
2314 1273 2437 1328 quas
2481 1258 2673 1313 eodem
2717 1257 2894 1325 libro,
2936 1272 2991 1327 p.
3029 1257 3160 1324 252,
3186 1257 3316 1326 253,
3350 1257 3658 1313 afferuntur

2075 1364 2177 1419 pro
2222 1350 2468 1420 eiusdem
2510 1349 2826 1406 Adamantii
2875 1347 3129 1404 Homiliis
3172 1350 3230 1403 in
3262 1341 3487 1417 Lucam,
3511 1366 3660 1421 quas

2076 1441 2242 1495 etiam
2274 1441 2404 1511 quia
2436 1441 2542 1497 sibi
2572 1440 2983 1496 incommodam.
3003 1449 3189 1510 aperta
3214 1440 3476 1495 citatione
3496 1438 3659 1510 lgna-

2078 1533 2238 1588 tiana‘
2266 1532 2541 1603 Epistolas,
2570 1533 2798 1604 rejicere
2843 1542 3152 1601 conantur,
3176 1534 3341 1604 idque
3379 1548 3477 1602 per
3520 1533 3657 1586 levi-

2036 1636 2041 1643 ‘
2077 1627 2200 1683 cula
2230 1635 2548 1697 argumenta
2573 1666 2589 1692 ,
2619 1627 2800 1682 solutu
2836 1626 3017 1683 faciiia
3054 1627 3136 1683 eis
3167 1626 3263 1698 qui
3293 1626 3539 1681 animum
3565 1635 3656 1680 at-

2076 1718 2351 1773 tenderint
2382 1718 2580 1787 partim
2605 1718 2674 1773 ad
2708 1716 3101 1791 Hieronymum
3124 1719 3500 1787 interpretem,
3527 1732 3658 1786 par-

2076 1811 2174 1865 tim
2208 1810 2276 1867 ad
2307 1810 2562 1881 iuvenem
2595 1824 2662 1865 eo
2696 1819 2939 1881 tempore
2959 1808 3269 1880 Origenem.
3290 1807 3484 1864 Videte
3513 1823 3657 1879 quo-

2073 1917 2181 1972 que
2209 1918 2313 1957 nos
2352 1901 2496 1957 infra
2529 1902 2584 1956 in
2605 1917 2656 1958 c.
2693 1902 2761 1958 i9
2784 1901 2885 1973 Ep.
2912 1902 2980 1958 ad
3021 1900 3250 1972 Ephes.,
3276 1900 3345 1957 de
3368 1900 3571 1959 Basilio
3600 1910 3659 1957 et

2073 1990 2403 2065 Hieronymo
2438 1993 2540 2048 bas
2561 1993 2814 2050 homilias
2835 1994 3161 2065 legentibus.

2143 2082 2419 2141 Hactenus
2448 2085 2517 2141 de
2553 2094 2819 2156 praeterito
2840 2095 3086 2142 veterum
3117 2086 3355 2143 silentio.
3399 2085 3556 2142 Nunc
3584 2085 3659 2141 ad

2073 2174 2272 2246 stylum
2334 2174 2693 2245 epistularum
2748 2175 3093 2232 accedamus.
3157 2175 3436 2247 lgnatiana
3477 2175 3659 2232 oratio

2072 2265 2301 2319 diversae
2326 2278 2358 2318 a
2402 2273 2591 2320 nostra
2628 2266 2913 2321 sententiae
2948 2265 3267 2322 auctoribus
3303 2266 3520 2322 videtur
3549 2267 3660 2321 mi-

2071 2370 2194 2408 rum
2227 2353 2710 2426 prodigiosumque
2745 2357 2800 2411 in
2825 2356 3049 2412 modum
3080 2371 3241 2425 nova,
3269 2357 3504 2428 poetica,
3538 2367 3661 2412 tur-

2071 2445 2194 2516 gida
2216 2486 2232 2511 ,
2261 2445 2478 2515 putida,
2514 2445 2709 2517 frigida
2730 2489 2746 2513 ,
2784 2448 3056 2515 obscura,
3082 2449 3243 2519 plena
3280 2449 3568 2505 cacozeliae
3601 2459 3662 2505 et;

2074 2534 2405 2606 battologiaz,
2434 2538 2664 2593 omnino
2695 2538 2933 2595 absurda
2959 2548 3123 2608 atque
3155 2541 3412 2596 simulata
3431 2576 3453 2609 ,-
3476 2540 3662 2597 nulla—

2069 2634 2231 2682 tenus
2290 2628 2611 2698 apostoliea.
2644 2627 2830 2700 Longe
2895 2629 3053 2685 aliter
3088 2631 3334 2687 sentiunt
3381 2632 3509 2699 alii,
3558 2633 3661 2703 qui

2069 2719 2307 2790 plurima
2345 2720 2402 2775 in
2436 2720 2529 2775 illa
2574 2719 2918 2791 antiquitatis
2942 2736 3009 2777 ac
3039 2721 3404 2792 simplicitatis
3432 2733 3660 2795 aposto-

2072 2814 2194 2869 licae
2226 2813 2647 2884 certissimaque
2671 2812 3087 2884 deprehendunt
3112 2817 3360 2887 vestigia,
3387 2817 3527 2872 nihil
3559 2818 3659 2874 ve-

2071 2917 2137 2958 ro
2172 2902 2636 2959 inconsideratum
2658 2942 2675 2969 ,
2704 2890 2843 2957 nihil
2869 2902 3057 2959 ﬁctum
3083 2945 3100 2970 ,
3129 2912 3226 2960 aut
3255 2921 3362 2960 non
3387 2906 3658 2977 apostoli-

2071 3010 2220 3053 cum.
2253 2994 2632 3052 Concedamus
2675 3004 2861 3051 tamen
2892 2994 3085 3066 lgnatii
3116 2997 3411 3052 dictionem
3446 2988 3658 3069 aliquid

2072 3085 2277 3142 habere
2312 3086 2595 3153 novitatis,
2622 3086 2876 3153 tumoris,
2911 3086 3286 3143 obscuritatis.
3320 3086 3462 3155 Quid
3488 3097 3606 3144 tum
3624 3088 3659 3143 ,τ

2075 3176 2222 3233 Suus
2255 3178 2454 3250 cuique
2485 3179 2659 3250 stylus
2690 3187 2816 3245 est,
2850 3192 2953 3233 sua
2986 3178 3259 3235 scribendi
3294 3179 3460 3234 ratio.
3505 3177 3658 3234 Non-

2071 3285 2140 3326 ne
2165 3270 2211 3325 si
2235 3270 2549 3342 huiusmodi
2574 3271 2985 3341 argutationu‘m
3010 3271 3260 3327 minutiis
3282 3271 3446 3327 datur
3471 3272 3652 3337 locus,

2072 3361 2449 3416 convellentur
2493 3359 2654 3417 facile
2693 3361 2955 3432 pleraque
2981 3361 3270 3417 vetustatis
3307 3360 3455 3417 haud
3486 3361 3658 3419 dubia

2071 3450 2466 3506 monumenta?
2484 3448 2763 3508 Nauseant
2789 3453 2951 3523 pauci
2981 3453 3050 3508 ad
3070 3454 3319 3524 quaedam
3347 3455 3654 3524 lgnatiana,

2072 3543 2167 3599 sed
2211 3542 2423 3598 caeteris
2459 3540 2657 3598 fortior
2707 3553 2792 3600 est
2840 3545 3178 3601 stomachus.
3235 3546 3381 3602 Sane
3434 3548 3653 3603 veniam

2071 3633 2385 3690 merebatur
2414 3634 2801 3691 sanctissimus
2833 3647 3064 3709 martyr,
3083 3637 3409 3708 quod,inter
3446 3640 3653 3696 milites

2071 3726 2365 3798 leopardos
2400 3727 2669 3794 scribens,
2702 3743 2978 3798 unamque
3006 3728 3223 3798 spirans
3261 3730 3510 3802 martyrii
3550 3745 3654 3786 co-

2071 3832 2286 3883 ronam,
2318 3818 2626 3887 nequiverit
2671 3819 2936 3890 epistolas
2965 3834 3095 3875 suas
3138 3821 3410 3891 perpolire
3454 3837 3519 3877 ac
3547 3838 3652 3878 va-

2070 3910 2234 3965 riare.
2258 3911 2437 3981 Atque
2458 3911 2576 3967 haec
2609 3911 3081 3982 inpraesentiarum
3105 3912 3352 3969 sufficere
3368 3924 3652 3985 poterunt,

2070 4000 2311 4057 breviter
2337 4002 2484 4058 dicta
2514 4018 2614 4073 pro
2641 4004 2857 4059 ratione
2883 4013 3159 4072 notarum,
3187 4004 3363 4060 donec
3381 4005 3656 4076 prodeant

2072 4093 2417 4150 eruditorum
2460 4096 2746 4152 hominum
2792 4112 2893 4166 pro
2926 4097 3137 4169 lgnatio
3170 4109 3497 4169 exspectata:
3535 4102 3656 4157 dis—

2071 4185 2419 4240 sertationes.
2459 4183 2673 4241 Paucos
2720 4187 2978 4242 existimo
3021 4186 3139 4243 fore
3186 4187 3281 4258 qui
3311 4188 3499 4254 trium,
3525 4190 3656 4247 licet

2071 4277 2255 4348 magni
2284 4277 2481 4332 merito
2529 4277 2773 4334 nominis
2802 4279 3147 4347 criticorum,
3172 4277 3455 4347 Salmasii,
3481 4267 3653 4338 Blon-

2070 4368 2221 4434 delli,
2265 4366 2471 4434 Dallaai,
2503 4382 2795 4424 censuram
2839 4367 3132 4439 praeferant
3166 4369 3373 4441 iudicio
3402 4370 3651 4439 Eusebii,

390 4466 477 4513 est
520 4464 637 4509 tum
671 4453 973 4508 auctoritas
1007 4452 1249 4519 Eusebii,
1289 4452 1384 4521 qui
1432 4451 1506 4504 ita
1557 4448 1802 4518 accepit,
1850 4455 1969 4500 tum

2074 4458 2385 4527 Athanasii,
2413 4457 2752 4531 Hieronymi,
2786 4458 3140 4527 Theodoriti,
3178 4462 3457 4531 totiusque
3500 4465 3651 4518 anti-

391 4549 537 4621 quod
571 4546 815 4603 lrenaeus
846 4561 957 4602 non
998 4547 1278 4617 scripserit
1311 4543 1657 4617 θηριομχῶν
1680 4583 1695 4609 ,
1732 4558 1851 4595 cum
1875 4542 1965 4595 be-

2072 4551 2342 4622 quitalis,
2380 4564 2596 4606 necnon
2644 4551 2876 4620 huiusce
2929 4552 3190 4621 temporis
3248 4554 3650 4610 catholicorum

392 4644 514 4697 aliis
542 4657 805 4712 pugnam,
830 4650 927 4695 aut
948 4640 1083 4710 quid
1108 4638 1305 4704 simile,
1329 4639 1423 4693 sed
1452 4635 1800 4707 κατακριθεὶς
1828 4635 1966 4708 πρὸς
2066 4642 2315 4697 omnium
2335 4681 2352 4709 ,
2379 4656 2445 4697 ac
2504 4637 2966 4698 heterod‘oxorum
3019 4640 3403 4714 plurimorum.
3455 4643 3651 4701 Dicam

394 4733 579 4805 θηρία,
614 4732 901 4786 damnatus
928 4738 998 4785 ad
1032 4731 1244 4786 bestias.
1273 4728 1535 4800 Origenes
1563 4729 1787 4799 prologo
1810 4727 1968 4784 Cam—
2066 4741 2249 4787 autem
2273 4734 2341 4788 de
2362 4748 2596 4789 numero
2627 4735 2981 4804 epistolarum
3023 4734 3082 4788 in
3121 4734 3266 4789 illam
3290 4735 3357 4790 ad
3390 4734 3650 4807 Polycar—

394 4822 778 4875 inentarinrum
818 4820 878 4875 in
918 4819 1200 4876 Canticum
1259 4820 1586 4873 canticorum
1615 4834 1634 4872 :
1669 4836 1688 4869 ε
1723 4812 1969 4887 Denique
2066 4839 2196 4894 pum
2223 4841 2238 4890 ;
2272 4824 2340 4880 de
2362 4824 2610 4895 epistolis
2643 4841 2775 4880 vero
2806 4825 3149 4899 i’nterpolatis
3175 4826 3318 4882 etde
3344 4827 3649 4884 subdititiia

398 4911 621 4966 memini
644 4913 883 4982 aliquem
906 4920 1227 4967 sanctorum
1248 4909 1475 4973 dixisse,
1496 4909 1767 4979 lgnatium
1792 4908 1973 4964 nomi-

399 5019 489 5072 ne,
518 5003 585 5059 de
609 5003 868 5060 Christo:
907 5003 1053 5058 Meus
1092 5014 1269 5057 autem
1316 5017 1467 5056 amor
1504 5001 1792 5071 cruciﬁxus
1814 5010 1914 5058 est.
1944 5018 1967 5056 ι

2069 4930 2171 4972 suo
2190 4917 2354 4972 etiam
2376 4916 2498 4973 loco
2523 4915 2842 4973 disseretur.
