3868 6208
240 322 313 378 37
929 324 980 381 J.
1021 323 1385 382 PEARSONII
1426 326 1748 384 VINDICIIE
1778 327 1834 383 IG

1896 326 2195 385 ΑτιΑΝΑῖ.
2237 360 2308 373 -ι
2335 332 2737 391 PROOEMIUM.
3426 319 3494 375 38

1717 481 2190 506 ,Ἤ

761 1038 1669 1221 VINDICUE
1786 1040 2952 1201 IGNATIANfE.

1077 1358 1412 1421 (Corausius,
1433 1359 1785 1421 Patresapost.
1814 1357 1877 1416 Il,
1902 1345 2013 1418 2'52,
2048 1358 2135 1408 ed.
2156 1358 2431 1410 Amste‘od.
2454 1358 2579 1412 172$
2603 1365 2621 1427 )

2402 486 3292 514 Lm

1381 1712 1631 1757 DOMINO
1677 1717 1902 1759 SUMME
1954 1714 2342 1759 REVEBENDO

1631 1793 1695 1836 D.
1742 1796 1778 1836 (ἰ
1788 1797 1803 1836 1
1813 1797 2055 1839 LBERTO

893 1872 1395 1916 ARCHIEPISCOPO
1436 1872 1941 1927 CANTUABIENSI,
1987 1874 2216 1917 TOTIUS
2262 1874 2504 1916 ANGLlrE
2546 1875 2830 1920 PRIMATI.

286 2048 422 2099 Lum
456 2044 777 2099 Anastasius
829 2044 1185 2098 Antiochenus
1225 2043 1294 2115 ad
1332 2042 1641 2115 Gregorium
1670 2043 1920 2115 Magnum
1967 2046 2293 2115 scripsisset,
2342 2055 2389 2099 et
2437 2043 2495 2099 S.
2521 2043 2722 2111 lgnatii
2759 2043 3055 2097 clausulam
3099 2045 3337 2113 epistola:
3373 2061 3485 2103 sum

210 2117 585 2186 subjunIisset
607 2155 623 2180 ,
653 2118 893 2186 eamdem
921 2131 1033 2186 sum
1058 2115 1221 2186 etiam
1252 2114 1535 2186 Gregorius
1578 2114 1866 2179 subtexuit,
1899 2125 1949 2168 et
1985 2114 2120 2167 hanc
2155 2118 2414 2169 rationem
2450 2115 2714 2186 reddidit,
2754 2115 2880 2186 quia
2921 2130 3028 2168 non
3067 2123 3275 2169 tantum
3310 2131 3484 2171 vester

209 2184 317 2249 est,
360 2188 460 2239 sed
501 2196 558 2240 et
591 2195 794 2241 noster.
836 2184 925 2239 Ita
957 2184 1257 2239 Occidentis
1299 2195 1349 2237 et
1392 2184 1624 2255 Orientis
1660 2186 1980 2254 patriarcha:
2014 2202 2109 2255 pro
2145 2187 2484 2240 sanctissimo
2526 2184 2622 2237 illo
2666 2184 2891 2255 prtesule
2928 2194 2977 2237 et
3002 2195 3231 2255 martyre
3265 2187 3401 2239 inter
3430 2204 3484 2240 se

210 2256 625 2311 contendebant.
680 2256 793 2309 Alii
837 2256 993 2325 hujus
1040 2255 1225 2325 saeculi
1272 2270 1477 2317 mores,
1528 2253 1665 2308 alite
1701 2253 2113 2309 concertationes
2156 2272 2174 2310 :
2245 2264 2296 2309 et
2343 2256 2486 2308 docti
2533 2265 2581 2308 et
2638 2254 2880 2325 indocti,
2936 2263 2984 2325 et
3040 2253 3184 2307 domi
3233 2265 3281 2308 et
3326 2255 3481 2325 foris,

210 2328 632 2396 pretiosissimas
668 2327 818 2380 illius
841 2325 1097 2395 martyris
1131 2324 1385 2396 reliquias
1416 2325 1730 2379 convellunt.
1779 2326 1862 2378 Ad
1893 2325 2065 2378 sedem
2106 2326 2272 2395 igitur
2302 2335 2532 2396 oes_tram
2569 2324 3065 2396 archiepiscopo/em
3107 2324 3342 2394 confugit
3372 2327 3482 2395 ipse

211 2394 668 2477 archiepiscopus,
714 2406 764 2477 et
806 2396 913 2477 hoc
942 2394 1106 2477 unum
1145 2394 1420 2464 efﬂagitat,
1463 2411 1526 2448 ne
1565 2411 1661 2464 pro
1703 2394 2328 2477 impostorediabeaturfl
2373 2394 2472 2476 Tu,
2513 2395 2597 2448 cui
2641 2394 2800 2476 apud.
2830 2410 2923 2446 nos
2966 2394 3061 2446 sub
3102 2411 3217 2475 rege
3249 2400 3481 2477 maxime

210 2484 425 2538 spuma
470 2468 528 2520 in
551 2465 778 2538 negotio
818 2466 1086 2534 religionis
1118 2474 1167 2518 et
1205 2481 1333 2538 cura
1360 2474 1410 2518 et
1452 2474 1704 2538 potestas,
1739 2465 2002 2538 singulari
2021 2465 2117 2518 Dei
2146 2465 2495 2538 providentia,
2523 2465 2888 2538 _meritissimo
2931 2466 3223 2538 commissa
3257 2475 3356 2528 est,
3389 2467 3482 2534 qui

217 2535 516 2589 Ecclesium
566 2534 804 2592 noitram
846 2540 1095 2589 adversus
1142 2534 1473 2588 exulceratos
1523 2535 1795 2589 hominum
1829 2534 2076 2597 animos,
2136 2544 2188 2589 et
2228 2535 2742 2589 luctuosissimorum
2790 2544 3079 2602 temporum
3131 2535 3256 2587 vitio
3296 2545 3480 2589 enatus

212 2608 536 2661 inimicitias
564 2607 863 2675 prudentia:
902 2604 1228 2659 incredibilis
1266 2607 1583 2658 auctoritate
1618 2607 1803 2669 tueris,
1838 2616 1946 2658 tam
1973 2605 2293 2673 prteclarum
2318 2606 2559 2675 pristina:
2596 2603 2955 2673 simplicitatis
2985 2619 3105 2655 cum
3156 2606 3209 2675 in
3236 2606 3481 2658 doctrina

209 2678 484 2730 catholica
514 2674 627 2729 tum
658 2678 714 2729 in
740 2676 1023 2744 disciplina
1049 2676 1405 2728 ecclesiastica
1436 2686 1827 2729 monumentum
1858 2675 1923 2727 ab
1954 2676 2177 2746 ingeniis
2207 2674 2557 2744 maleferiatis
2588 2675 2853 2741 ventilari,
2894 2674 3143 2743 epistolas
3179 2674 3234 2727 in
3257 2676 3480 2728 vinculis

209 2749 349 2800 inter
382 2747 756 2816 ferocientium
784 2746 1013 2799 militum
1048 2761 1235 2798 manus
1270 2755 1319 2798 et
1350 2761 1619 2798 carcerum
1651 2746 1928 2815 angustias
1960 2747 2139 2799 animo
2168 2746 2579 2816 praesentissimo
2619 2753 2871 2799 exaratos
2899 2753 3152 2811 tanquam
3178 2747 3479 2798 invenustus

208 2814 402 2879 reiici,
478 2817 762 2871 hcresium
814 2826 923 2868 tum
969 2816 1141 2884 primo
1202 2824 1510 2886 exortarum
1555 2823 1605 2867 et
1645 2814 1782 2868 nunc
1840 2816 2053 2869 demum
2111 2814 2555 2886 repullulantium
2626 2816 3071 2886 scltismatumque
3127 2816 3481 2869 certissimum

211 2889 505 2940 remedium
545 2887 853 2954 exstirpari,
894 2883 1084 2955 [aciem
1123 2886 1342 2954 denique
1370 2883 1623 2939 Ecclesia:
1657 2886 1944 2955 primitivte
1974 2883 2272 2939 clarissime
2312 2895 2744 2955 reprtesenlatam
2787 2883 3061 2952 deturpari
3102 2893 3151 2936 et
3201 2885 3480 2938 obliterars

210 2972 485 3025 antiquam
507 2958 750 3026 patieris.
777 2955 917 3020 Quid
954 2955 1290 3026 felicissimos
1329 2955 1680 3008 eruditissimi
1710 2956 1959 3025 primatis
1982 2956 2307 3009 Armacltani
2334 2965 2552 3008 conatus
2577 2972 2596 3009 :
2618 2956 2748 3024 quid
2766 2955 3477 3026 conspirantemoriginalis

215 3023 394 3081 cmi
435 3023 636 3080 codicis
695 3044 728 3079 a
766 3023 1070 3079 doctissimo
1127 3023 1312 3078 Vossio
1350 3023 1732 3095 peropportune
1783 3037 2125 3095 procuratum
2175 3026 2459 3079 editionem
2518 3038 2536 3077 :
2588 3023 2714 3095 quid
2756 3024 3081 3079 ﬂammandi
3126 3023 3481 3095 quirinoptims

208 3097 823 3177 consumntntissimique
861 3095 1085 3177 tlteologi
1122 3093 1517 3177 lucubrationes
1526 3093 1989 3177 commemorem?
2027 3094 2162 3177 “Non
2193 3098 2332 3149 enim
2365 3096 2550 3149 dubito
2588 3093 2737 3177 quin
2764 3095 2949 3177 horum
2992 3094 3225 3177 omnium
3249 3093 3476 3156 labores,

212 3168 453 3219 maximo
491 3164 746 3221 Ecclesite
776 3166 1122 3219 emolumenta
1157 3172 1445 3233 susceptos,
1481 3165 1571 3218 diu
1610 3174 1733 3218 ante
1765 3164 2066 3234 probaveris
2104 3182 2394 3236 magnoque
2434 3164 2684 3218 acerrimi
2709 3165 2907 3232 judicii
2940 3164 3330 3236 prudentiteque
3374 3173 3479 3218 tua:

206 3238 441 3303 pondere
478 3236 819 3291 stabilive'ris.
875 3236 1007 3291 Cum
1051 3245 1225 3288 autem
1248 3236 1359 3289 lucc
1401 3237 1580 3288 omnia
1614 3237 1683 3288 ad
1711 3250 1945 3289 severum
1972 3237 2129 3289 nimis
2159 3235 2377 3289 examen
2411 3246 2598 3288 vocata
2643 3237 2782 3296 sint;
2819 3251 2936 3304 quae
2980 3235 3075 3287 hoc
3130 3236 3481 3302 qualicunque

206 3322 361 3373 opere
400 3308 700 3374 reponenda
740 3309 916 3370 duxit,
958 3307 1004 3359 si
1048 3321 1149 3359 non
1173 3305 1353 3359 eodem
1383 3304 1592 3370 judicio
1621 3307 1867 3375 probare,
1910 3315 2086 3361 tamen
2128 3322 2188 3360 eo
2212 3323 2313 3376 quo
2348 3308 2522 3375 ipsum
2560 3306 2696 3361 soles
2736 3308 2965 3358 candore
3015 3304 3241 3371 recipere
3282 3313 3337 3377 ut
3375 3320 3480 3356 non

205 3377 541 3447 dedigneris,
574 3377 872 3431 humillime
892 3377 1021 3446 petit

1632 3444 1953 3501 Pateruitati
1980 3452 2088 3501 tua:
2110 3446 2499 3501 devotissimus

2826 3513 3066 3567 Joannes
3105 3512 3371 3567 Pesnsou.

1358 3820 1543 3968 'AD
1615 3875 2310 3970 LECTOREM.

279 4104 641 4174 Quacunque
669 4104 739 4159 ad
775 4105 1204 4162 controversiam
1245 4105 1352 4160 hoc
1390 4118 1555 4174 opere
1592 4108 1795 4155 tracta-
1822 4103 1866 4159 A
1897 4098 2164 4168 apostolos
2223 4098 2528 4152 institutum
2568 4106 2687 4163 est;
2745 4096 3076 4169 νεωτερικὴν
3135 4113 3252 4151 vero
3301 4096 3472 4163 τάξιν,

209 4206 322 4251 tam
350 4206 503 4253 recte
525 4196 930 4269 intelligendam
958 4197 1268 4264 conferant,
1298 4198 1351 4251 in
1381 4194 1656 4249 Prommio
1677 4194 1793 4263 jam

210 4291 352 4347 satis
388 4290 678 4361 perspicue
722 4301 778 4347 et
815 4292 1039 4363 copiose
1084 4292 1329 4362 exposita
1377 4299 1535 4356 sunt,
1581 4297 1643 4342 ut
1687 4288 1793 4343 alia

212 4385 538 4455 praefatione
604 4384 683 4439 uti
750 4399 1220 4456 supervacaneum
1261 4382 1455 4453 'plane
1520 4381 1790 4435 videatur.

213 4475 456 4531 Unicum
500 4484 681 4530 tamen
736 4484 822 4530 est
868 4477 937 4531 de
983 4493 1095 4546 quo
1144 4486 1215 4542 te,
1264 4474 1462 4530 Lector
1514 4472 1790 4538 benevole,

212 4568 469 4638 inprimis
505 4567 837 4622 monendum
896 4568 1048 4622 duxi.
1101 4565 1372 4621 Putarunt
1402 4567 1665 4622 hactenus
1695 4580 1793 4619 no-

209 4658 420 4724 stri,S.
444 4658 639 4730 lguatii
680 4659 944 4729 epistolas
982 4659 1293 4728 antiquitati
1333 4658 1678 4729 episcOpatus
1710 4656 1794 4711 lu-

209 4750 660 4804 culentissimum
706 4750 1082 4805 testimonium
1118 4749 1440 4819 praebuisse.
1477 4747 1673 4802 Nescio
1712 4755 1794 4801 ta—

211 4857 340 4896 men
369 4856 483 4911 quo
510 4852 672 4912 pacto
711 4841 962 4896 etl‘cctum
1008 4851 1107 4905 est,
1144 4850 1203 4896 ut
1243 4856 1309 4895 ex
1352 4841 1457 4895 hoc
1500 4855 1610 4894 uno
1652 4839 1792 4893 scri-

211 4944 394 5003 ptore,
423 4939 479 4987 et
509 4932 727 5003 quidem
749 4932 1029 5000 defaecato,
1076 4934 1209 4988 satis
1236 4934 1452 4987 ﬁrmum
1504 4946 1794 5001 argumen—

212 5034 333 5078 tum
376 5037 479 5093 pro
530 5024 772 5079 novitate
818 5023 1029 5078 ordinis
1086 5024 1413 5093 episcopalis
1459 5022 1585 5077 duci
1632 5035 1793 5091 posse

210 5115 539 5171 existiment
570 5114 847 5181 nonnulli,
878 5114 1121 5184 illudque
1160 5115 1215 5169 in
1242 5114 1445 5170 scholis
1472 5111 1792 5183 theologicis

213 5213 507 5275 usurpem.
566 5202 709 5261 Ecce
749 5203 936 5271 enim,
989 5205 1131 5259 inter
1173 5209 1358 5260 theses
1406 5204 1461 5257 in
1514 5203 1792 5258 academia

217 5296 589 5352 Salmuriensi
650 5296 755 5352 sub
802 5296 1060 5367 praesidio
1119 5294 1381 5351 Ludovici
1440 5295 1678 5365 Cappelli
1726 5293 1795 5350 de

212 5391 462 5461 episcopi
489 5398 545 5445 et
572 5391 874 5462 presbyteri
902 5388 1219 5444 discrimine
1240 5389 1565 5460 disputatas,
1590 5403 1789 5443 novum

216 5491 605 5551 argumentum
654 5481 710 5534 in
753 5481 901 5537 hunc
946 5480 1170 5536 modum
1219 5481 1506 5536 coniicitur
1538 5498 1552 5535 :
1590 5481 1793 5533 Auctor

219 5571 483 5642 Epistolte
508 5572 579 5625 ad
604 5569 901 5642 Magnesios
939 5573 1133 5642 primo,
1163 5570 1573 5643 πρεσϐυτέριον,
1599 5570 1695 5624 hoc
1717 5579 1793 5625 est

215 5665 509 5734 collegium
578 5665 1058 5735 presbyterorum,
1117 5673 1166 5718 et
1215 5662 1467 5717 Ecclesia:
1514 5679 1607 5732 per
1658 5662 1793 5716 illud

216 5756 745 5809 administrationem
786 5765 944 5825 atque
982 5756 1234 5825 regimen,
1260 5765 1407 5808 vocat
1432 5753 1667 5824 Χριστοῦ
1710 5753 1796 5807 νό-

223 5863 345 5906 um,
375 5848 502 5916 quia
552 5861 617 5900 ea:
661 5846 997 5902 institutione
1035 5855 1085 5901 et
1132 5846 1404 5902 voluntate
1452 5842 1652 5899 Christi
1705 5860 1796 5907 per

1896 4190 2161 4243 novellam
2193 4190 2586 4245 institutionem
2623 4199 2794 4252 vocat,
2828 4206 2943 4243 eam
2975 4205 3094 4259 qua:
3122 4206 3218 4243 suo
3248 4199 3476 4259 tempore

1894 4281 2197 4350 episcopum
2230 4280 2554 4350 presbyteris
2591 4280 2954 4351 praeponebat.
3006 4280 3223 4335 Certum
3259 4292 3336 4334 est
3371 4298 3473 4334 au-

1904 4382 2006 4427 tem
2043 4386 2163 4426 eum
2217 4374 2491 4441 scripsisse
2528 4383 2643 4443 post
2680 4373 2950 4426 Valentini
2986 4373 3220 4427 hwretici
3248 4382 3471 4441 tempus,

1893 4464 1983 4533 qui
2021 4463 2246 4517 Romam
2296 4465 2434 4517 venit
2494 4464 2589 4517 sub
2624 4462 2834 4533 Hygino
2886 4479 3046 4532 papa,
3093 4464 3236 4515 circa
3278 4479 3474 4515 annum

1894 4571 1926 4607 a
1987 4553 2200 4609 Christo
2261 4566 2385 4609 nato
2429 4554 2551 4609 1M.
2615 4554 2704 4608 Ita
2775 4555 2839 4623 ﬁt
2891 4553 3231 4620 manifestum
3288 4568 3473 4605 novam

1894 4646 2325 4699 constitutionem
2364 4647 2428 4699 de
2466 4645 2697 4715 episcopi
2748 4645 2801 4697 in
2839 4644 3171 4712 presbyteros
3204 4658 3478 4712 praeroga-

1897 4739 2002 4791 tiva
2040 4747 2090 4791 et
2137 4738 2460 4790 auctoritate
2495 4737 2696 4806 factam
2742 4752 2852 4789 esse
2891 4745 3009 4804 post
3049 4735 3387 4788 centesimum
3424 4749 3475 4786 et

1893 4828 2381 4899 quinquagesimum
2413 4844 2446 4881 a
2481 4826 2681 4881 Christi
2728 4825 3121 4887 "esurrectione,
3162 4832 3212 4877 et
3241 4822 3473 4893 Spiritus

1894 4920 2069 4973 sancti
2088 4919 2336 4972 missione
2350 4918 2406 4971 in
2420 4918 2710 4987 apostolos,
2728 4931 2944 4967 annum.
2962 4911 3074 4967 Hoc
3089 4919 3475 4981 argumentum

1896 5009 2129 5065 Dallteus
2164 5009 2532 5080 praetermisit,
2562 5008 2649 5062 vel
2691 5006 2840 5077 quod
2884 5005 2933 5059 ei
2980 5004 3186 5058 nullam
3225 5003 3335 5056 vim
3386 5002 3476 5054 in—

1896 5119 2019 5159 esse
2068 5112 2335 5173 putaret,
2391 5101 2477 5156 vel
2528 5101 2672 5171 quod
2727 5099 3051 5168 scriptorem
3117 5093 3475 5165 epistolarum

1895 5198 2254 5267 impostorem
2316 5210 2425 5248 non
2472 5194 2759 5263 probaret,
2815 5189 2911 5245 sed
2963 5194 3335 5258 supponeret;
3389 5184 3475 5239 vel

1894 5288 2042 5358 quod
2098 5302 2212 5342 suae
2246 5285 2536 5359 bypothesi
2585 5283 2811 5338 minime
2859 5279 3194 5344 conveniret,
3225 5276 3321 5347 qui
3367 5275 3474 5329 im—

1895 5389 2171 5450 postorem
2202 5394 2363 5433 suum
2391 5376 2476 5432 vel
2507 5377 2610 5431 sub
2631 5375 2791 5429 linem
2821 5372 2993 5434 tertii,
3015 5370 3098 5425 vel
3128 5369 3231 5424 sub
3254 5367 3473 5423 initium

1896 5472 2079 5542 quarti
2119 5470 2302 5526 sa'culi
2333 5469 2538 5523 vixisse
2568 5466 2809 5538 putavit;
2860 5479 2970 5535 quo
3012 5472 3256 5531 tempore
3289 5473 3474 5522 nemo,

1898 5564 1991 5634 qui
2036 5580 2145 5619 non
2190 5564 2561 5626 insanivisset,
2608 5560 2983 5629 episcopatum
3018 5553 3278 5609 novellam
3314 5551 3444 5605 insti

1900 5661 2154 5713 tutionem
2196 5664 2464 5712 vocasset.
2509 5652 2621 5708 Nos
2662 5652 2731 5706 ab
2762 5651 2855 5705 illo
2900 5646 3329 5718 pmtermissum
3388 5643 3478 5698 hic

1897 5751 2303 5807 discutiendum
2350 5745 2694 5819 putavimus;
2745 5758 2811 5797 ne
2836 5742 2961 5812 quis
2993 5746 3183 5809 postea
3212 5747 3322 5792 tam
3356 5735 3473 5788 ine-

1899 5853 2052 5915 ptum
2091 5842 2299 5916 lgnatio
2333 5854 2554 5899 sensum
2606 5837 2845 5908 attingat,
2874 5844 2967 5890 aut
3000 5849 3064 5888 ex
3094 5831 3192 5886 illo
3214 5839 3326 5885 tam
3375 5826 3474 5881 fal-
