3868 6208
429 346 498 405 59
1494 332 1549 388 S.
1584 329 1937 388 lGNATlUb.
1966 363 2035 375 -
2075 330 2623 390 PROLEGOMENA.‘
3624 326 3696 377 sn

424 469 552 512 sum
609 461 669 509 et
730 448 990 514 Ecclesiae
1066 454 1438 525 perniciosum
1494 454 1692 525 dogma
1750 453 2003 508 deducat.
2037 462 2082 519 Α
2110 453 2203 508 sed
2231 453 2570 523 juventutem
2609 451 2850 522 episcopi
2876 449 3121 505 denotat.
3149 442 3468 502 Bloudellus
3517 447 3691 502 verba

499 542 558 598 Si
602 543 749 598 enim
786 544 1178 599 concederetur
1219 553 1274 598 et
1319 553 1599 599 auctorem
1647 544 1892 614 epistola
1938 545 2007 600 ad

428 636 742 708 Magnesios
791 638 1146 707 impostorem
1180 636 1372 704 fuisse,
1405 649 1460 693 et
1486 638 1859 709 episcopatum
1902 653 2005 693 no-

428 733 624 788 veliam
671 732 1070 788 institutionem
1100 748 1362 798 vocasse,
1398 733 1549 789 nullo
1586 734 1748 790 modo
1776 732 2008 790 manife-

428 838 574 881 stum
617 835 764 881 esset
813 825 1259 881 constitutionem
1291 831 1359 881 de
1388 827 1630 896 episcopi
1679 827 2009 882 auctoritate

427 928 553 989 post
589 934 792 973 annum
849 934 880 974 a
925 917 1132 974 Christi
1180 918 1593 975 resurrectione
1641 919 1748 975 150
1798 918 2005 975 factam

429 1011 615 1067 fuisse.
659 1009 797 1065 Nam
822 1011 1022 1080 primo,
1048 1011 1099 1067 si
1139 1011 1409 1081 impostor
1435 1020 1601 1079 esset,
1624 1026 1750 1069 .non
1782 1027 2009 1071 necesse

429 1110 575 1158 esset
602 1113 660 1158 ut
708 1104 772 1158 de
834 1120 931 1158 suo
986 1113 1214 1174 tempore
1275 1104 1624 1176 loqueretur;
1694 1106 2009 1176 tingendum

430 1196 576 1249 enim
604 1195 706 1249 sibi
736 1194 1037 1265 sumpsisse
1064 1195 1330 1251 dicendus
1351 1206 1496 1251 esset
1517 1205 1760 1251 veterem
1791 1206 1845 1251 et
1874 1212 2008 1266 apo-

432 1288 685 1343 stolicum
712 1286 909 1353 virum,
936 1288 1004 1342 ab
1031 1288 1295 1359 apostolis
1323 1288 1636 1343 ordinatum
1664 1289 2006 1358 episcopum,

429 1391 483 1436 et
516 1381 679 1450 paulo
704 1389 830 1450 post
857 1380 916 1435 S.
947 1378 1178 1436 Joannis
1219 1382 1451 1451 apostoli
1495 1381 1703 1437 obitum
1748 1382 2010 1452 martyrio

431 1482 774 1527 coronatum.
821 1469 978 1538 Quod
1021 1471 1068 1527 si
1118 1471 1477 1541 impostorem
1524 1473 1663 1527 bene
1697 1482 1900 1543 ageret,
1942 1472 2010 1527 ad

432 1580 554 1620 eam
588 1573 799 1620 aetatem
832 1564 1019 1619 omnia
1051 1563 1257 1619 referre
1286 1565 1511 1632 debuit;
1547 1576 1602 1619 et
1630 1565 1697 1619 ad
1737 1565 1872 1619 illud
1904 1580 2008 1620 sae-

433 1655 617 1710 culum
663 1655 779 1710 haec
821 1654 937 1726 ipsa
970 1669 1096 1709 eum
1133 1669 1243 1709 non
1292 1656 1565 1721 retulisse,
1597 1656 1815 1726 probari
1860 1657 2011 1711 nullo

432 1745 597 1799 modo
652 1752 853 1814 potest.
905 1741 1052 1797 Mhi]
1109 1743 1278 1814 igitur
1338 1743 1488 1798 aliud
1543 1759 1610 1800 ex
1660 1744 1862 1814 duplici
1918 1745 2009 1799 illa

2108 543 2301 614 Ignatii
2356 540 2817 607 notavit,Latiue
2861 556 2972 596 non
3025 537 3262 595 reddidit
3305 555 3321 593 :
3375 537 3684 599 Salmasius

2108 635 2355 693 omnium
2408 635 2618 705 prirnus
2658 632 2989 706 νεωτερικὴν
3028 630 3404 696 τάξιν,οοῐιιι“ιι
3453 629 3666 700 lgnatia

2108 742 2241 783 num
2295 727 2555 796 loquendi
2607 740 2839 793 morem,
2881 732 3076 780 contra
3119 721 3471 779 manifestum
3512 723 3690 776 totius

2108 830 2399 878 conuentus
2427 836 2674 889 sensum,
2714 817 2908 880 contra
2957 826 3195 874 mentem
3228 815 3508 887 scriptoris
3558 815 3695 870 alibi

2108 915 2243 971 satis
2291 913 2641 985 explicatam,
2689 928 2877 968 novam
2921 911 3310 966 institutionem
3359 908 3445 963 vel
3495 904 3701 960 novum'

2108 1008 2347 1062 ordinem
2373 1007 2626 1064 reddidit.
2655 1005 2736 1061 Ad
2762 1007 2907 1061 hanc
2922 1001 3333 1061 translationem
3350 999 3697 1055 conﬁrman-

2108 1099 2236 1156 dam
2264 1100 2446 1155 locum
2476 1098 2669 1168 Ignatii
2694 1097 2901 1153 misere
2915 1093 3174 1159 detorsit;
3201 1100 3258 1146 et
3281 1105 3408 1145 cum
3438 1099 3694 1143 nostrum

2109 1193 2442 1248 locutionem
2476 1191 2535 1247 S.
2560 1190 2717 1246 Pauli
2744 1188 2982 1245 maxime
3002 1195 3252 1243 secutum
3280 1199 3402 1240 esse
3423 1183 3692 1247 novisset,

2110 1285 2261 1339 illum
2314 1286 2478 1340 etiam
2524 1298 2808 1355 perperam
2863 1291 2919 1336 et
2949 1288 3139 1335 coacte
3176 1278 3555 1346 interpretatus
3585 1282 3696 1328 est.

2115 1373 2183 1428 In
2249 1373 2498 1444 Epistola
2560 1371 2745 1438 Pauli,
2830 1370 3047 1440 inquit,
3103 1368 3173 1422 ad
3240 1366 3570 1420 Timotheum
3629 1362 3699 1430 ll,

2112 1480 2233 1535 cap.
2263 1481 2323 1532 ιι,
2355 1466 2446 1532 2‘2,
2464 1464 2786 1537 νεωτερικαὶ
2813 1461 3099 1533 ἐπιθυμίαι
3139 1476 3241 1513 non
3270 1469 3392 1512 sunt
3413 1455 3689 1527 juveniles

2111 1558 2460 1628 cupiditates,
2487 1558 2577 1611 sed
2608 1571 2782 1623 nove,
2812 1557 2891 1610 vel
2919 1568 3190 1611 novarum
3229 1566 3437 1615 rerum,
3471 1559 3529 1602 ut
3561 1547 3701 1601 alibi

2112 1664 2205 1702 nos
2255 1648 2659 1717 explicabimus.
2725 1645 2936 1701 Idcirco
2969 1687 2984 1712 ,
3030 1654 3089 1700 u:
3142 1644 3251 1699 hoc
3315 1653 3701 1712 argumentum

2113 1754 2340 1809 prorsus
2364 1738 2706 1809 explodatur,
2724 1739 2922 1808 primo,
2957 1738 3125 1792 lector
3150 1734 3433 1799 benevole,
3465 1729 3702 1786 S.Pauli

433 1835 790 1891 concessione
856 1836 1107 1905 sequitur
1135 1876 1152 1902 ,
1220 1849 1388 1905 quam
1454 1835 1601 1905 quod
1640 1849 1707 1890 ex
1754 1837 2016 1906 imposto—
2046 1820 2089 1875 Β
2117 1833 2295 1899 locus,
2329 1847 2491 1901 quem
2505 1840 2755 1888 secutum
2790 1831 2881 1885 hic
2907 1839 2968 1884 ut
2998 1830 3129 1885 alibi
3160 1837 3409 1883 nostrum
3433 1840 3555 1880 esse
3588 1838 3703 1877 non

432 1928 511 1984 ris
542 1927 811 1984 sententia
846 1926 1216 1997 episcOpatns,
1243 1938 1306 1981 ut
1354 1928 1730 1998 presbyteratu
1766 1928 2019 1997 superior

432 2030 536 2087 est,
552 2029 682 2076 tunc
711 2018 925 2073 novella
954 2017 1224 2075 institutio
1251 2017 1435 2084 fuerit,
1462 2034 1587 2075 cum
1613 2028 1839 2075 sanctus
1858 2019 2017 2093 lgna-

435 2116 548 2171 tius
570 2114 640 2170 ad
669 2112 992 2184 martyrium
1023 2128 1118 2183 per
1139 2111 1326 2168 Asiam
1353 2113 1663 2169 duceretur.
1695 2112 1809 2169 Hoc
1832 2122 2016 2169 autem

435 2201 642 2257 factum
694 2208 781 2257 est
834 2201 979 2268 intra
1027 2199 1096 2255 75
1155 2216 1332 2257 annos
1383 2209 1509 2271 post
1559 2204 2014 2258 resurreCtionem

437 2293 666 2360 Christi,
717 2293 860 2348 intra
888 2291 921 2347 8
951 2300 1077 2363 post
1115 2303 1347 2348 mortem
1392 2291 1451 2347 S.
1473 2293 1703 2349 Joannis
1743 2296 2013 2367 apostoli;

437 2396 499 2440 ut
539 2385 890 2455 episcopatus
918 2394 975 2439 et
1015 2384 1229 2439 novella
1269 2385 1543 2441 institutio
1583 2385 1712 2452 dici,
1747 2395 1803 2441 ct
1834 2396 2017 2442 tamen

436 2479 773 2549 apostolicus
797 2492 920 2533 esse
945 2478 1200 2548 potuerit.
1242 2476 1356 2531 Sub
1381 2476 1660 2533 Antonino
1689 2479 1771 2533 vel
1793 2479 2017 2534 Aurelio

438 2572 638 2626 vixisse
666 2571 1021 2640 impostorem
1050 2585 1212 2626 suum
1236 2570 1355 2624 vult
1385 2567 1710 2637 Salmasius,
1740 2571 1884 2626 unde
1915 2587 2015 2640 pro

437 2681 590 2721 more
624 2681 725 2722 suo
771 2664 1052 2721 concludit
1082 2662 1197 2720 :Eo
1250 2664 1443 2719 sarculo
1479 2664 1661 2735 palam
1682 2675 1789 2733 est,
1818 2682 2016 2721 νεωτε-

2121 1926 2325 1996 injusta
2353 1925 2598 1995 suspicio
2637 1934 2743 1990 est,
2776 1924 3165 1993 explicabitur;
3202 1919 3463 1983 secundo,
3500 1917 3700 1987 Ignatii

2120 2018 2283 2072 verba
2311 2018 2455 2072 nude
2482 2024 2539 2073 et
2566 2026 2752 2088 aperte
2783 2023 3145 2085 exponentur,
3184 2021 3241 2067 et
3268 2012 3338 2067 ab
3367 2009 3705 2080 importunis

2120 2108 2567 2166 adversariorum
2605 2107 2806 2178 glossis
2836 2106 3275 2163 vindicabuntur.

2189 2217 2332 2274 Νέον
2377 2235 2523 2273 nunc
2562 2217 2826 2287 juvenem,
2855 2233 3001 2273 nunc
3030 2232 3219 2271 novum
3247 2215 3556 2287 signiﬁcare
3581 2230 3707 2269 om-

2120 2328 2221 2368 nes
2253 2321 2475 2367 norunt.
2505 2310 2844 2366 Glossarium
2869 2309 3185 2374 Vetuszvéog
3213 2307 3518 2380 ἄνθρωπος,
3547 2308 3707 2375 juve-

2120 2409 2223 2472 nis,
2285 2407 2402 2470 νέος
2423 2401 2590 2471 οἶκος,
2623 2406 2656 2477 ἦ
2686 2405 2870 2478 ἕτερόν
2899 2421 2974 2471 τι,
3010 2418 3193 2466 novus,
3220 2400 3484 2464 novellus;
3511 2416 3541 2454 a
3580 2399 3707 2462 νέος

2118 2494 2379 2570 νεώτερος
2404 2497 2609 2568 pariter
2634 2498 2719 2553 vel
2743 2497 2949 2567 junior,
2974 2494 3059 2550 vel
3090 2494 3377 2560 recentior;
3407 2504 3503 2546 aut
3532 2491 3706 2546 etiam

2109 2589 2339 2659 juvenis.
2374 2589 2698 2661 Hesychius,
2723 2588 3003 2662 νεώτερον,
3031 2587 3093 2641 οὐ
3125 2587 3283 2658 μόνον
3310 2582 3702 2657 συγκριτικῶς,

2118 2682 2256 2737 ἀλλὰ
2308 2684 2403 2737 καὶ
2457 2685 2576 2737 νέον
2619 2684 2874 2736 Ἀττικοί.
2907 2682 3076 2737 Vetus
3097 2680 3456 2745 Glossarium,
3490 2679 3702 2747 junior,

439 2754 602 2829 ρικὴν
624 2756 776 2809 illam
812 2754 967 2820 τάξιν
999 2754 1230 2825 episcopi
1266 2770 1429 2822 supra
1462 2754 1792 2825 presbyteros
1840 2756 2013 2809 intro-

2119 2777 2397 2849 νεώτερος,
2411 2776 2642 2846 juvenis,
2664 2774 2951 2846 νεώτερος.
2974 2773 3039 2828 Ει
3060 2776 3113 2829 in
3138 2772 3441 2842 Excerptis,
3467 2772 3703 2840 juvenis,

437 2850 652 2902 ductam
680 2864 812 2914 esse,
844 2859 903 2903 ut
935 2862 999 2901 ea:
1021 2847 1121 2900 hac
1163 2846 1388 2913 epistola
1417 2847 1527 2901 sole
1559 2848 1759 2902 clarius
1794 2848 2011 2903 dilucet.

2119 2870 2400 2941 νεώτερος,
2454 2885 2487 2925 a
2542 2868 2810 2942 νεώτερος
2851 2883 2954 2924 vox
3004 2866 3311 2938 possessiva
3357 2864 3702 2935 νεωτερικός,

438 2944 539 3008 Λι,
585 2941 632 2997 si
673 2941 943 3010 impostor
987 2940 1078 2997 ille
1117 2940 1220 2993 sub
1260 2939 1364 2995 hoc
1410 2941 1497 2995 vel
1544 2941 1639 2995 illo
1688 2941 2015 3011 imperatore

2119 2939 2380 3031 iuvenilis.
2422 2939 2763 3016 Glossarium
2793 2958 3266 3015 Graeco-Latinum
3299 2996 3313 3011 .
3356 2954 3705 3026 νεωτερικός,

437 3036 653 3101 vixerit,
676 3036 856 3105 palam
875 3049 987 3089 non
1014 3046 1113 3100 est,
1144 3033 1468 3106 νεωτερικὴν
1493 3033 1642 3099 τάξιν
1668 3050 1814 3088 nunc
1844 3033 2014 3090 fuisse

2119 3054 2358 3128 iuvenilis
2394 3072 2416 3107 .-
2466 3051 2965 3118 Latino-Graecum,
3010 3050 3280 3120 iuvenilis,
3336 3045 3704 3119 νεωτεραὸςς

440 3128 841 3194 introductam;
878 3126 995 3181 ﬁeri
1025 3126 1172 3181 enim
1204 3127 1473 3196 potuisse,
1509 3135 1570 3181 ut
1598 3127 1788 3197 lgnatii
1817 3128 2014 3184 simius

2119 3126 2360 3218 iuvenile,
2399 3145 2737 3218 νεωτερικὸν.
2791 3144 3133 3217 Νεωτερικός
3162 3144 3329 3214 igitur
3372 3157 3403 3197 a
3452 3138 3709 3210 latorem;

438 3232 733 3293 martyrem
778 3221 956 3290 ipsum
1014 3229 1467 3290 repraesentaret,
1521 3220 1593 3275 ad
1631 3236 1750 3276 eam
1797 3229 2015 3275 aetatem

2119 3239 2401 3310 iuvenilis,
2443 3254 2555 3294 non
2599 3254 2776 3292 rerum
2814 3252 3068 3291 novarum
3107 3235 3351 3305 cupidus,
3381 3234 3475 3304 qui
3515 3232 3708 3287 Graec

438 3331 549 3386 qua
579 3316 817 3385 lgnatius
841 3314 1000 3380 vixit,
1030 3324 1087 3369 et
1112 3313 1312 3368 Damas
1339 3314 1521 3369 adhuc
1553 3313 1772 3384 juvenis
1798 3312 2018 3384 Magne-

440 3411 652 3465 siorum
688 3409 979 3479 episcopus
1025 3406 1161 3473 fuit,
1214 3407 1533 3478 respiceret,
1566 3422 1760 3463 omnes
1790 3407 2015 3463 vident:

442 3504 587 3559 unde
621 3503 868 3573 sequitur
900 3517 1022 3559 eam
1068 3501 1339 3556 novellam
1388 3501 1790 3556 institutionem
1839 3500 2018 3570 primo

441 3597 641 3652 saeculo
669 3594 942 3651 introduci
968 3595 1233 3665 potuisse.
1265 3594 1330 3649 Et
1352 3609 1540 3649 revera
1572 3594 2019 3649 constitutionem

440 3686 787 3741 auctoritatis
834 3685 1165 3755 episcopalis
1195 3684 1264 3740 ad
1293 3700 1497 3739 annum
1528 3682 1635 3740 150
1661 3692 1789 3754 post
1810 3682 2019 3740 Christi

441 3780 921 3845 resurrectionem,
969 3781 1074 3834 hoc
1114 3789 1220 3845 est,
1271 3779 1338 3833 ad
1381 3779 1624 3848 vulgaris
1665 3793 1787 3833 aeta:
1813 3793 2020 3832 annum

442 3874 549 3928 185
586 3871 812 3939 referre,
843 3889 909 3927 ex
939 3882 1095 3927 aetate
1141 3873 1481 3943 impostoris,
1511 3873 1580 3927 ab
1609 3873 1760 3928 omni
1807 3874 2022 3928 ratione

424 3963 682 4019 'alienum
728 3976 849 4030 est,
893 3979 1019 4018 cum
1070 3965 1145 4018 illi
1189 3965 1283 4034 qui
1329 3980 1455 4021 eum
1498 3966 1856 4036 impostorem
1900 3982 2023 4022 esse

440 4060 653 4126 volunt,
688 4058 756 4115 de
794 4057 914 4128 ejus
957 4066 1115 4115 aetate
1157 4060 1451 4115 convenire
1496 4074 1778 4129 nunquam
1825 4069 2021 4130 potue-

441 4156 572 4209 rint.
616 4154 778 4210 Circa
817 4152 1059 4209 medium
1105 4152 1330 4208 secundi
1379 4154 1563 4210 saeculi
1618 4153 1905 4223 epistolam
1955 4154 2024 4209 ad

441 4245 749 4317 Magnesiae
778 4245 1038 4315 scriptam
1070 4244 1242 4300 fuisse
1278 4246 1450 4303 sensit
1475 4246 1828 4313 Albertinus;
1862 4248 2025 4318 paulo

442 4340 717 4411 posterius
771 4338 911 4395 forte
939 4336 1264 4393 Salmasius.
1321 4336 1391 4392 At
1436 4338 1482 4393 si
1522 4338 1736 4393 novella
1775 4354 1842 4394 eo
1882 4349 2024 4395 tem-

442 4447 575 4505 pore
606 4431 877 4488 institutio
902 4429 1028 4496 fuit,
1061 4429 1335 4487 institutio
1359 4440 1541 4485 tamen
1568 4429 1693 4495 fuit,
1725 4439 1780 4486 et
1803 4429 2025 4500 quidem

2120 3331 2530 3404 νεωτεριστικὸς
2583 3331 2805 3396 dicitur,
2847 3346 2879 3385 a
2914 3331 3083 3384 verbo
3132 3327 3495 3398 νεωτερίζειν.
3544 3323 3708 3382 Unde

2118 3425 2260 3479 inter
2289 3423 2486 3477 vitiosa
2522 3431 2578 3477 et
2619 3421 2976 3491 vituperanda
3008 3419 3244 3475 oratoris
3285 3427 3380 3473 aut
3416 3418 3706 3489 demagogi

2119 3517 2357 3587 epitheta
2384 3516 2499 3570 haec
2527 3524 2922 3569 enumerantur
2950 3528 2981 3567 a
3027 3511 3175 3568 Julio
3227 3511 3474 3577 Polluce,
3521 3528 3710 3583 παρα-

2118 3608 2358 3681 τρέπων,
2383 3605 2737 3678 νεωτερίζων,
2762 3606 3141 3677 νεωτεριστὴς,
3172 3604 3597 3677 νεωτεριστικός.
3622 3600 3706 3655 Eo

2121 3702 2288 3772 igitur
2341 3700 2487 3769 loco,
2517 3700 2611 3754 ubi
2665 3701 2770 3754 hoc
2817 3696 3104 3752 Timotheo
3153 3694 3448 3766 Apostolus
3497 3710 3707 3761 praece-

2122 3802 2278 3863 ptum
2295 3792 2389 3846 dat
2423 3810 2437 3844 :
2468 3790 2579 3853 Τὰς
2602 3789 2660 3842 δὲ
2682 3786 3011 3861 νεωτερικὰς
3042 3786 3336 3857 ἐπιθυμίας
3356 3784 3542 3855 φεῦγε,
3567 3801 3705 3837 νεω-

2120 3886 2342 3960 τερικὰς
2391 3883 2683 3954 ἐπιθυμίας
2727 3898 2837 3936 non
2887 3897 3064 3948 novas,
3092 3879 3186 3935 sed
3210 3878 3470 3949 juveniles
3499 3878 3708 3946 cupidi-

2125 3990 2257 4035 tates
2305 3978 2459 4034 reddi
2504 3976 2737 4044 debere,
2797 3974 3056 4032 omnibus
3116 3983 3264 4029 recte
3308 3970 3705 4042 interpretandi

2123 4071 2426 4127 rationibus
2448 4069 2825 4140 probabimus.
2853 4065 2991 4121 Nam
3018 4066 3219 4137 primo,
3236 4065 3351 4121 sive
3379 4081 3493 4119 rem
3525 4065 3705 4134 ipsam

2124 4178 2249 4234 quae
2273 4170 2487 4218 vetatur
2517 4170 2753 4231 spectes,
2786 4160 2900 4215 sive
2932 4174 3226 4229 personam
3256 4158 3343 4214 cui
3372 4167 3706 4229 praeceptum

2129 4257 2293 4312 datur
2317 4252 2608 4324 respicias,
2635 4252 2854 4323 utrique
2885 4252 2998 4307 btec
3030 4250 3403 4321 interpretatio
3433 4249 3706 4318 imprimis

2127 4348 2398 4405 convenit.
2416 4346 2552 4400 Nam
2573 4345 2750 4416 reipsa
2780 4342 3086 4415 ἐπιθυμίαι,
3105 4344 3220 4397 sive
3234 4340 3571 4411 cupiditates,
3589 4340 3709 4394 sive

2127 4442 2397 4510 libidines,
2416 4441 2530 4498 sive
2551 4439 2832 4507 desideria,
2857 4440 2968 4494 sive
2984 4438 3246 4508 appetitus
3268 4437 3349 4492 vel
3377 4438 3706 4506 appetentias

442 4536 568 4580 ante
596 4525 731 4579 illud
765 4532 978 4593 tempus
1002 4521 1175 4589 facta;
1207 4522 1484 4593 quomodo
1514 4522 1683 4593 igitur
1710 4522 1819 4578 dici
1849 4523 2015 4592 potuit

2125 4544 2338 4589 vertere
2378 4532 2610 4602 placeat,
2642 4531 2710 4585 ab
2756 4530 3011 4587 omnibus
3040 4544 3257 4599 semper
3297 4529 3527 4600 juvenili
3555 4529 3735 4583 aetati

443 4618 560 4672 haec
591 4617 910 4673 constitutio
949 4624 1074 4686 post
1099 4629 1306 4670 annum
1350 4614 1663 4671 facta182?
1703 4614 2016 4673 Blondellus

442 4709 682 4780 lgnatius
733 4708 1121 4780 ὑποϐολιμαῖον
1160 4717 1285 4778 post
1328 4708 1623 4764 Clementis
1665 4708 2018 4765 Alexandrini

441 4802 674 4866 obitum,
703 4800 808 4855 hoc
832 4806 937 4865 est,
968 4808 1094 4870 post
1113 4799 1329 4853 initium
1358 4798 1502 4855 tertii
1528 4798 2014 4867 saeculi;Dalla:us,

435 4900 532 4948 aut
556 4892 703 4946 circa
726 4892 887 4946 tinem
911 4890 1187 4957 tertii,aut
1215 4890 1433 4944 initium
1462 4890 1666 4959 quarti;
1694 4891 2015 4957 Bochartus,

434 4984 538 5039 sub
573 4982 804 5052 imperio
827 4981 1196 5045 Constantini.
1239 4981 1537 5052 scripsisse
1581 4983 1802 5049 statuit;
1856 4998 2019 5038 nemo

433 5085 627 5133 autem
683 5091 852 5131 sanus
903 5075 1128 5141 diceret,
1187 5090 1252 5130 ea
1296 5084 1455 5133 aetate
1494 5074 1868 5146 episcopatum
1921 5091 2019 5130 no-

433 5168 638 5223 vellam
672 5167 1072 5227 institutionem
1106 5165 1299 5223 fuisse.

514 5257 620 5315 Sed
649 5267 902 5315 neutrum
922 5259 1326 5315 concedendum
1347 5266 1461 5315 est:
1487 5274 1597 5315 non
1615 5260 1875 5328 primum,
1891 5260 2020 5331 quia

445 5362 638 5413 auctor
655 5352 899 5422 epistolae
923 5352 990 5406 ad
1016 5352 1344 5422 Magnes‘ios,
1374 5360 1432 5405 ut
1458 5360 1515 5406 et
1539 5368 1635 5407 sex
1665 5352 2018 5422 reliquarum,

443 5457 556 5500 non
587 5443 873 5512 impostor,
910 5443 1005 5499 sed
1037 5458 1199 5500 verus
1241 5443 1505 5515 lgnatius,
1560 5445 1863 5499 Antiochia:
1900 5445 2021 5515 epi-

444 5550 643 5606 scapus
674 5534 798 5603 fuit,
839 5544 902 5590 ut
928 5544 1042 5590 toto
1089 5536 1192 5591 hoc
1229 5552 1395 5606 opere
1432 5537 1720 5606 probatum
1760 5546 1878 5604 est;
1909 5552 2021 5592 non

443 5627 769 5692 secundum,
797 5627 926 5697 quia
975 5628 1207 5697 scriptor
1240 5629 1350 5695 ille,
1377 5628 1629 5699 quisquis
1662 5628 1783 5696 fuit,
1809 5629 2023 5699 episco-

443 5726 631 5788 patum
684 5720 955 5775 novellam
1007 5721 1408 5776 institutionem
1456 5737 1740 5793 nunquam
1779 5722 2017 5778 vocavit.

447 5809 539 5865 Illa
560 5810 706 5868 enim
737 5828 838 5869 vox
872 5813 1169 5884 νεωτερική
1189 5828 1298 5870 ηοιι
1328 5814 1620 5871 novitatem
1648 5815 2018 5886 episcopatus,

2118 4626 2391 4696 pra‘cipue
2456 4624 2661 4679 tributa
2706 4632 2860 4679 sunt.
2911 4622 3254 4690 Aristoteles,
3298 4621 3709 4676 Ritetoricorum

2120 4721 2213 4774 lib.
2248 4735 2309 4785 ιι,
2338 4734 2458 4788 cap.
2502 4717 2563 4771 11
2613 4735 2627 4771 :
2669 4717 2733 4770 Οἱ
2777 4717 2875 4788 μὲν
2907 4712 3001 4771 οὖν
3038 4716 3148 4769 νέοι
3173 4716 3241 4769 τὰ
3280 4716 3377 4787 ἔθη
3407 4716 3546 4770 είσὶν
3580 4718 3708 4769 ἐπι-

2121 4809 2428 4881 θυμητικοί.
2447 4808 2525 4864 Ac
2555 4824 2749 4863 rursus
2780 4805 3181 4878 εΕὐμετάὸολοι
3214 4806 3271 4859 δέ
3317 4806 3413 4860 καὶ
3452 4806 3709 4879 ἁψίκοροι

2121 4900 2259 4973 πρὸς
2283 4899 2594 4971 ἐπιθυμίας.
2630 4899 2799 4964 Idem,
2820 4896 3133 4968 Topicorum
3152 4898 3250 4952 lib.
3274 4913 3359 4964 ιιι,
3382 4912 3431 4951 c.
3461 4896 3496 4949 2
3521 4915 3535 4950 :
3562 4897 3710 4951 Μᾶλ-

2120 4988 2209 5043 λον
2232 4988 2342 5061 γὰρ
2371 4990 2420 5041 οἱ
2454 4989 2561 5041 νέοι
2593 4987 2701 5040 τῶν
2728 4986 3110 5058 πρεσϐυτέρων
3136 4986 3241 5040 ὑπὸ
3270 4985 3377 5040 τῶν
3400 4986 3709 5058 ἐπιθυμιῶν

2121 5077 2481 5149 ἐνοχλοῦνται.
2506 5077 2634 5132 lnde
2660 5077 2834 5131 Varro
2867 5077 2921 5131 in
2977 5076 3212 5132 Tithono
3247 5077 3389 5150 apud
3430 5075 3704 5132 Nonium:

2123 5167 2295 5233 Quam
2314 5169 2591 5238 dereliquit
2611 5169 2959 5239 multicupida
2996 5169 3328 5239 juvenilitas.
3356 5168 3414 5224 S.
3436 5169 3704 5225 Basilius:

2120 5259 2337 5329 Κοῦφον
2363 5263 2397 5332 ἡ
2430 5260 2618 5332 νεότης
2650 5262 2743 5314 καὶ
2766 5260 3045 5332 εὐκίνητον
3070 5260 3206 5333 πρὸς
3236 5260 3306 5315 τὰ
3348 5260 3547 5331 φαῦλα,
3584 5261 3709 5314 ἐπι-

2123 5350 2310 5421 θυμίαι
2347 5352 2721 5407 δυσκάθεκτοι.
2759 5353 2906 5419 Quas
2953 5353 3129 5426 ὁρμὰς
3158 5354 3559 5417 δυσκαθέκτους
3608 5369 3709 5425 ap-

2115 5440 2335 5512 pellavit
2357 5438 2514 5493 Philo
2539 5437 2782 5497 Iudaeus.
2805 5441 2863 5499 S.
2881 5444 3328 5517 Chrysostomus,
3347 5449 3491 5516 ιιρός
3521 5450 3696 5516 θυμὸν

2116 5534 2214 5590 καὶ
2245 5533 2380 5604 πρὸς
2406 5532 2702 5604 ἐπιθυμίας
2726 5535 3075 5610 εὑέμπτωτος
3099 5537 3298 5610 μᾶλλόν
3326 5535 3471 5591 ἐστιν
3492 5540 3521 5591 ὁ
3547 5538 3691 5602 νέος.

2117 5626 2254 5694 Quis
2279 5627 2444 5696 igitur
2465 5643 2589 5682 cum
2613 5630 2908 5700 ἐπιθυμίας
2927 5632 3125 5687 vetitas
3155 5640 3363 5698 cernat,
3390 5631 3569 5699 iisque
3597 5645 3696 5685 vo-

2124 5735 2242 5775 cem
2273 5719 2602 5793 νεωτερικὰς
2643 5722 2954 5792 adjnnctam
2990 5720 3405 5788 animadvertat,
3442 5733 3553 5772 non
3591 5725 3708 5770 sta-

2127 5814 2224 5873 tim
2253 5830 2346 5874 eas
2370 5815 2625 5890 iuveniles
2655 5830 2777 5874 esse
2799 5814 3097 5890 iudicabit?
3130 5812 3227 5873 Est
3255 5814 3399 5891 enim
3442 5828 3702 5885 νεωτεριδ
