3868 6208
69 312 130 365 4|

838 315 888 371 l.
926 307 1295 368 PEARSONII
1321 309 1650 370 VINDICIE
1690 309 1707 366 1

1812 309 2121 369 ΑΤΙΛΝᾸΞ.
2161 345 2226 354 —
2266 309 2689 368 ΡιιοοΕΜιυΜ.

3330 309 3402 364 [ιὲ

67 431 172 494 πώς
236 447 366 486 vos
429 431 776 502 possessiva,
807 438 869 484 ut
907 425 1250 500 grammatici
1307 426 1632 497 loquuntur,
1658 432 1716 478 et
1747 431 1791 484 Α
1821 421 1968 498 fuge.
1999 424 2268 480 Juvenilia
2300 423 2570 479 desideria
2603 433 2656 479 et
2685 424 2742 478 in
2780 424 2992 479 senibus
3019 440 3131 479 esse
3159 438 3402 494 possunt,

67 523 271 578 forma
305 533 372 579 et
405 524 840 602 signiﬁcatione.
875 522 1086 576 Ἐκεῖνα
1115 522 1174 576 δέ
1194 521 1316 574 ἐστι
1341 520 1421 592 τῷ
1437 520 1596 590 τύπῳ
1624 519 1718 572 καὶ

63 616 146 688 τῷ
195 617 631 688 σημαινομένῳ
670 615 928 687 κτητικὰ,
960 616 1059 670 ὅσα
1109 617 1190 680 είς
1232 615 1335 687 τὴν
1366 612 1587 687 γενικὴν
1619 613 1718 668 τοῦ

65 709 488 783 πρωτοτύπου
519 709 861 775 ἀναλύονται,
888 709 1066 780 inquit
1096 710 1464 780 etymologus.
1499 702 1716 764 Νεωτεὲ

65 803 242 875 ρικός
279 812 496 858 autem
527 803 823 858 resolvitur
863 817 917 858 In
975 815 1276 873 genitivum
1333 807 1456 873 ejus
1500 818 1650 858 vocis
1684 817 1714 855 a

63 909 181 964 qua
232 895 549 967 originem
597 895 773 960 duxit,
804 903 864 950 ut
893 895 1038 950 idem
1082 896 1156 950 sit
1180 894 1534 966 νεωτερικὰς,
1566 895 1714 964 quod

61 987 399 1060 νεωτέρων
458 987 775 1059 ἐπιθυμίας.
807 994 926 1042 .lam
975 1002 1106 1043 vero
1146 1002 1405 1058 persona,
1445 986 1538 1042 cui
1583 1001 1718 1056 prae-

61 1089 326 1150 ceptum
355 1081 478 1137 hoc
503 1081 690 1137 datum
721 1090 806 1137 est
823 1080 1043 1151 juvenis
1073 1079 1198 1135 fuit.
1230 1079 1368 1135 Nam
1402 1079 1423 1132 l
1461 1079 1712 1165 Timziv,

63 1171 134 1225 12
164 1187 184 1224 :
234 1173 484 1244 Μηδείς
516 1189 611 1226 σου
643 1173 746 1244 τῆς
791 1173 1042 1244 νεότητος
1081 1171 1512 1245 καταφρονείτω.
1543 1170 1714 1226 Nemo

75 1264 539 1319 idolescentiam
595 1273 744 1319 tuam
806 1274 1130 1327 contemnat.
1175 1266 1284 1330 vel,
1329 1275 1389 1321 ut
1436 1264 1716 1320 antiauior

64 1356 309 1416 transla
320 1357 402 1414 tio
427 1373 461 1412 a
473 1358 580 1426 pud
596 1357 919 1414 Ambrosias
927 1371 1090 1425 trum,
1101 1355 1713 1428 juventutem.Secunda

64 1457 282 1503 autem
319 1448 586 1519 Epistola
617 1450 872 1520 proximo
904 1458 1027 1520 post
1051 1449 1287 1520 primam
1317 1463 1465 1504 anno
1505 1449 1712 1518 scripta

61 1554 152 1598 est
196 1563 215 1597 :
258 1544 469 1600 adhuc
498 1544 666 1614 igitur
696 1543 1018 1599 Timotheus
1040 1543 1260 1613 juvenis
1295 1541 1418 1597 fuit.
1446 1541 1710 1597 Juvenem

65 1636 260 1705 igitur
327 1637 646 1706 Apostolus
691 1644 901 1702 monet,
954 1644 1018 1691 ut
1065 1635 1361 1707 ἐπιθυμίας
1390 1633 1586 1705 fugiat,
1616 1649 1712 1690 eas

66 1731 450 1802 νεωτερικὰς
493 1729 784 1799 indigitat;
818 1729 938 1784 sine
976 1729 1169 1793 dubio,
1194 1743 1413 1798 nempe,
1439 1727 1710 1799 juveniles

69 1822 398 1881 intellexit.
459 1823 742 1886 Secundo,
797 1823 947 1878 hunc
1002 1837 1127 1878 esse
1175 1822 1376 1877 horum
1408 1821 1706 1877 verborum

68 1929 325 1970 sensum
355 1915 547 1985 liquet
570 1929 640 1969 ex
672 1913 929 1968 omnibus
957 1921 1204 1968 veterum
1233 1911 1705 1966 translationibus.

74 2006 264 2064 Vetus
298 2007 592 2077 interpres
634 2006 888 2073 Latinus,
919 2005 1194 2060 Juveni‘lia
1229 2018 1414 2060 autem
1437 2005 1708 2059 desideria

67 2100 226 2171 fuge,
256 2100 493 2170 aliique
519 2113 594 2156 eo
630 2099 973 2170 antiquiores
1018 2097 1224 2154 Latini.
1250 2097 1544 2163 Quomodo
1583 2096 1707 2168 Syri

67 2192 440 2263 Apostolum
499 2191 893 2256 intellexerint,
935 2191 1076 2246 inter
1126 2204 1269 2260 quos
1319 2197 1572 2245 versatus
1625 2198 1710 2244 est

70 2285 130 2339 S.
163 2285 473 2356 lgnatius,
497 2299 611 2339 non
639 2284 838 2338 melius
866 2283 1214 2354 intelligitur,
1246 2299 1412 2353 quam
1437 2298 1504 2337 ex
1537 2281 1706 2337 veteri

71 2378 360 2432 versione
391 2377 651 2462 Syriaca,
678 2391 802 2446 qua
837 2376 919 2431 sic
962 2376 1076 2462 llaec
1125 2376 1292 2431 verba
1345 2375 1597 2442 reddidit,
1634 2383 1710 2462 ῙὩ

68 2482 225 2560 FW
303 2453 571 2530 m‘l’513't
632 2473 832 2529 enim
885 2451 1046 2556 ΓΠθέ
1103 2468 1181 2521 Ab
1254 2469 1498 2522 omnibus
1551 2451 1706 2538 cupi-

74 2557 366 2617 ditatibus
427 2561 807 2616 adolescentia:
854 2561 994 2630 fuge.
1052 2557 1194 2614 Sunt
1263 2560 1445 2627 enim,
1506 2568 1710 2624 311.1931

76 2640 349 2716 Nmyﬁu-j
400 2654 642 2726 ὀρέξεις,
706 2654 790 2708 vel
843 2653 1125 2724 ἐπιθυμίαι
1191 2655 1291 2726 τῆς
1341 2654 1612 2728 νεότητος,
1649 2667 1710 2712 ut

79 2750 292 2803 Matth.
368 2764 497 2814 ιιι,
557 2746 677 2800 eo:
731 2729 1014 2818 vm‘mm
1053 2748 1119 2801 ὲκ
1167 2747 1420 2817 νεότητός
1473 2766 1598 2818 μου,
1650 2759 1707 2804 et

79 2842 303 2896 lTim.
364 2839 602 2907 Iv,12:
1038 2849 1191 2899 κω
1253 2849 1375 2900 mu
1443 2825 1540 2900 N51
1603 2859 1708 2914 μη-

80 2936 200 2998 δείς
248 2951 351 2987 σου
392 2933 500 3003 τῆς
530 2932 782 3001 νεότητος
820 2931 1247 3003 καταφρονείτω.
1290 2931 1370 2987 Ita
1417 2935 1708 3006 utrobique

81 3029 454 3097 juventutem
512 3023 789 3079 Timothei
843 3025 1141 3094 respiciens
1204 3026 1453 3081 eamdem
1515 3043 1704 3084 vocem

88 3119 420 3188 usurpavit.
473 3115 594 3172 Non
655 3116 812 3171 aliter
862 3117 1042 3172 versio
1081 3117 1340 3184 Arabica,
1393 3127 1449 3173 et
1488 3117 1776 3193 Ethio-C

89 3213 242 3280 pica.
303 3209 520 3273 Tertio,
573 3218 786 3263 veteres
810 3222 1002 3264 omnes
1043 3218 1158 3264 tum
1190 3208 1362 3265 Graeci
1387 3220 1503 3266 tum
1525 3212 1705 3268 Latini

90 3303 296 3359 cortem
329 3301 508 3356 modo
541 3301 689 3356 liunc
719 3300 899 3356 locum
934 3301 1277 3372 interpretati
1301 3312 1450 3359 sunt.
1472 3304 1706 3361 Ambro-

92 3397 324 3459 siaster,
350 3392 452 3464 qui
478 3393 586 3448 sub
611 3392 848 3449 Damaso
875 3393 1096 3464 scripsit
1124 3410 1138 3448 :
1167 3391 1438 3450 Juvenilia
1470 3406 1528 3452 tu
1563 3397 1709 3453 desi-

92 3487 252 3541 deria
299 3485 463 3555 fuge.
483 3483 762 3539 Juvenilia
810 3485 1079 3539 desideria
1115 3483 1342 3540 adversa
1373 3497 1498 3541 sunt
1534 3504 1554 3542 :
1583 3499 1706 3544 sunt

92 3583 238 3634 enim
284 3579 597 3648 uoluptates
656 3580 963 3647 mundanae,
994 3599 1113 3652 quin
1161 3583 1406 3638 omnibus
1445 3584 1704 3639 illecebris

95 3676 432 3741 mancipati;
488 3684 636 3740 sunt,
669 3692 733 3729 ac
779 3691 872 3743 per
910 3678 1007 3729 hoc
1040 3692 1074 3730 a
1111 3675 1207 3730 Dei
1247 3695 1395 3732 servo
1441 3680 1708 3749 fugienda:

97 3778 242 3820 sunt.
304 3766 542 3822 Sectare
587 3783 717 3822 vero
779 3768 1073 3839 justitiam,
1127 3769 1704 3840 ﬁdem,cbaritatem,

103 3877 320 3930 pacem.
354 3859 493 3914 Hac
525 3860 782 3915 sectanda
802 3861 976 3932 jubet,
1007 3879 1125 3934 quin
1140 3863 1368 3933 juvenili
1390 3866 1541 3919 artati
1557 3865 1707 3920 devia

102 3955 358 4007 ridentur
376 3962 433 4006 et
455 3969 663 4021 aspera.
687 3952 747 4007 S.
770 3952 1195 4026 Cbrysostomus
1222 3956 1288 4012 ad
1319 3956 1497 4012 locum
1524 3975 1538 4011 :
1564 3957 1708 4010 Νεω-

103 4047 326 4117 τερικαὶ
353 4046 458 4115 οὐχ
501 4040 660 4099 αὗταί
687 4047 824 4100 εἰσιν
855 4046 913 4099 αι
950 4047 1052 4118 τῆς
1075 4048 1331 4119 πορνείας
1363 4049 1543 4120 μόνον,
1573 4049 1709 4103 ἀλλὰ

107 4142 260 4193 πᾶσα.
312 4137 590 4208 ἐπιθυμία
652 4137 854 4202 ἄτοπος
900 4141 1227 4212 νεωτερική·
1263 4142 1611 4196 ἀκουέτωσαν
1657 4143 1707 4195 οἱ

107 4233 490 4304 γεγηρακότες
522 4233 598 4285 δτι
630 4232 693 4285 οὐ
732 4232 814 4286 δεῖ
838 4232 907 4286 τὰ
936 4232 1046 4286 τῶν
1075 4233 1354 4305 νεωτέρων
1386 4238 1578 4290 ποιεῖν.
1608 4236 1708 4290 Ju-

110 4326 305 4380 miles
351 4326 441 4380 lue
466 4324 797 4395 cupiditates
833 4341 939 4379 non
963 4325 1128 4380 solius
1159 4326 1533 4396 fornicationis
1559 4339 1703 4394 sunt,

111 4418 200 4471 sed
226 4418 407 4471 omnis
435 4416 704 4486 cupiditas
736 4415 970 4471 absurda
977 4416 1251 4486 juvenilis.
1274 4418 1512 4474 Audiant
1536 4437 1704 4485 senes,

109 4510 252 4580 quod
304 4525 416 4562 non
458 4518 700 4578 oporteat
738 4525 803 4564 ea
844 4510 1047 4580 facere,
1103 4527 1220 4580 qute
1277 4521 1398 4564 sunt
1431 4513 1703 4582 juvenum.
1740 4490 1782 4545 θ

112 4602 271 4658 Hanc
307 4601 823 4672 interpretationem
847 4611 1157 4673 sequuntur
1183 4602 1624 4676 Tlteopbylactus
1654 4617 1705 4661 et

111 4695 520 4751 (Ecumenius.
565 4693 838 4768 Pelagius,
869 4705 931 4751 ut
961 4696 1191 4764 videtur,
1217 4697 1272 4752 in
1297 4696 1708 4755 Commentario

109 4790 218 4841 sub
239 4785 566 4858 Hieronymi
596 4787 821 4842 nomine
842 4787 988 4843 edito
1016 4829 1030 4842 .
1059 4786 1330 4844 Juvenilia
1355 4799 1538 4845 autem
1561 4791 1710 4847 desi-

110 4881 270 4937 deria
317 4879 469 4950 fuge.
507 4880 650 4944 Quia
685 4879 741 4933 hi
781 4895 849 4934 etc
881 4880 1177 4936 senioribus
1211 4897 1322 4936 esse
1348 4898 1451 4935 non
1467 4893 1706 4937 possunt.

112 4977 159 5030 si
197 4976 312 5031 hac
363 4983 528 5044 agant
583 4989 700 5043 quae
738 4973 990 5043 gravitati
1032 4990 1136 5028 non
1179 4975 1493 5028 conveniunt
1551 4974 1710 5030 Chri-

115 5072 345 5134 stiane;
375 5077 426 5123 et
464 5086 498 5120 a
529 5066 810 5137 juvenibus
851 5067 1153 5130 vincamur,
1191 5068 1237 5120 si
1266 5067 1494 5122 habeant
1523 5068 1711 5124 levita-

119 5173 243 5217 tem.
275 5162 340 5218 Β.
372 5161 754 5216 Theodoretus
778 5163 832 5216 in
858 5162 1266 5219 Commentario
1295 5183 1308 5219 :
1343 5165 1453 5229 Τὰς
1487 5165 1544 5219 δὲ
1578 5184 1710 5220 νεω-

119 5257 346 5327 τερικὰς
381 5255 703 5327 ἐπιθυμίας,
735 5257 1004 5320 τουτέστι,
1031 5259 1266 5329 τρυφὴν,
1299 5259 1533 5328 γέλωτος
1574 5260 1709 5332 ἀμε-

121 5349 299 5420 τρίαν,
331 5347 494 5415 δόξαν
526 5348 708 5419 κενὴν,
748 5349 842 5402 καὶ
878 5348 946 5402 τὰ
991 5349 1201 5414 τούτοις
1233 5351 1555 5423 προσόμοια.
1593 5351 1708 5406 Hoc

124 5451 221 5502 est,
275 5441 526 5504 delicias,
558 5442 728 5493 risum
769 5442 1200 5509 immoderatum,
1234 5460 1424 5498 uanam
1457 5445 1706 5514 gloriam,

126 5542 176 5586 es
194 5549 313 5603 qua
334 5544 457 5587 sunt
483 5533 565 5587 his
589 5533 823 5598 similia;
856 5549 977 5604 qnte
997 5535 1216 5606 quidem
1247 5551 1355 5590 non
1389 5546 1517 5592 sunt
1541 5554 1707 5604 novae,

132 5633 224 5678 aut
255 5640 521 5680 novarum
547 5641 724 5678 rerum
755 5625 1102 5695 cupiditates,
1123 5626 1219 5682 sed
1244 5627 1504 5697 juvenilis
1533 5631 1709 5685 aetatis

131 5718 379 5774 comites.
433 5715 736 5772 Primasiu°
793 5735 809 5772 :
865 5716 1130 5775 Juvenilia
1196 5730 1377 5775 autem
1441 5720 1708 5779 desideria

1741 1782 1785 1837 Β

453 5881 722 5939 Parant.
773 5876 891 5938 Gn.
936 5879 1006 5940 ν.

1818 518 1867 570 si
1891 518 2002 572 hrec
2055 526 2240 588 agant,
2295 532 2414 586 qua:
2465 516 2721 586 gravitati
2767 532 2871 570 non
2905 520 3212 574 conueniant
3242 524 3401 578 Chri-

1818 612 2010 666 stiana:
2031 626 2049 664 :
2071 620 2120 663 et
2149 627 2182 664 ιι
2199 611 2480 680 juvenibus
2510 611 2649 665 vinci
2673 622 2916 682 possunt,
2949 615 2995 668 si
3021 627 3238 672 careant
3269 617 3402 672 levi-

1820 713 2004 759 tatem.
2055 701 2345 759 Sedulius:
2375 702 2647 760 Juvenilia
2701 706 2973 763 desideria
3033 707 3182 780 fuge,
3223 711 3279 764 id
3323 720 3402 766 est

1819 796 2258 866 fornicationem;
2285 785 2450 868 quam
2474 814 2587 854 rem
2613 815 2811 856 novam
2837 817 2962 858 esse
2995 819 3159 859 neuio
3179 805 3399 862 dixerit.

1817 887 2050 956 Quarto,
2080 899 2287 946 veteres
2315 889 2572 948 Ecclesia:
2598 895 2895 966 scriptorcs
2923 898 3224 953 secundum
3256 900 3402 956 hunc

1817 980 2108 1037 Paulinum
2143 997 2366 1038 sensum
2399 999 2585 1040 vocem
2613 988 2938 1058 νεωτερικός
2959 990 3319 1059 usurpabant.
3342 1003 3402 1048 ut

1817 1073 2110 1139 Eusebius,
2158 1075 2299 1130 libro
2352 1076 2425 1131 De
2462 1079 2787 1149 martyribus
2836 1081 3169 1152 Palaestina,
3197 1101 3316 1156 cap.
3341 1087 3398 1150 4.

1817 1167 1912 1222 ubi
1971 1167 2232 1224 describit
2286 1167 2647 1225 fortissimum
2702 1182 2996 1244 martyrem
3048 1175 3398 1246 Apphianum

1817 1259 2062 1313 nondum
2102 1259 2295 1329 viginti
2338 1276 2516 1316 annos
2561 1273 2775 1327 natum,
2805 1265 2903 1334 qui
2943 1265 3126 1339 Beryti
3151 1268 3396 1324 vixerat:

1815 1351 2124 1422 Παράδοξον
2157 1354 2252 1407 καὶ
2283 1355 2456 1408 εἰπεῖν
2497 1354 2574 1419 ὼς
2603 1357 2661 1408 ἐν
2689 1356 2915 1430 τοιαύτῃ
2943 1359 3096 1413 πόλει
3130 1360 3239 1415 τῶν
3266 1379 3402 1416 νεω-

1813 1445 2046 1516 τερικῶν
2077 1445 2383 1516 ἐπιθυμιῶν
2416 1447 2672 1519 ὑπεράνω
2704 1450 3014 1520 γενόμενος,
3037 1454 3131 1508 καὶ
3160 1455 3286 1526 μήθ’
3304 1456 3398 1509 ὑπ’

1813 1535 1999 1607 ἀκμῆς
2039 1535 2138 1590 τοῦ
2173 1537 2444 1608 σώματος.
2491 1538 2619 1610 μήθ’
2649 1540 2754 1592 ὑπὸ
2797 1543 2897 1612 τῆς
2939 1543 3048 1596 τῶν
3079 1545 3215 1599 νέων
3247 1535 3412 1600 ἔται-ί

1817 1628 1967 1698 ρείας
1991 1628 2304 1701 διαφθαρεὶς
2331 1629 2428 1683 τὸν
2460 1631 2680 1702 τρόπον,
2712 1635 3065 1706 σωφροσύνην
3098 1638 3394 1706 ἠσπάζετο.

1817 1720 2135 1776 Incredibile
2179 1723 2326 1775 dictu
2368 1732 2467 1781 est.
2499 1739 2602 1793 quo
2643 1735 2799 1793 pacto
2829 1727 2885 1779 in
2908 1727 3006 1781 tali
3029 1730 3243 1785 civitate
3271 1735 3398 1786 ado-

1812 1810 2074 1866 lescentia:
2095 1812 2482 1882 cupiditatibus
2510 1815 2773 1883 superior,
2815 1833 2907 1870 nec
2940 1819 3116 1889 vigore
3136 1825 3394 1891 corporis,

1812 1921 1903 1959 nec
1941 1907 2196 1974 juvenunt
2236 1909 2490 1962 sodalitio
2528 1925 2698 1964 mores
2736 1927 2859 1964 suos
2885 1916 3150 1984 corrumpi
3176 1933 3388 1986 passus,

1811 1999 2125 2054 modestiam
2180 2001 2516 2069 amplexatus
2571 2017 2670 2060 est.
2737 2006 2796 2060 S.
2840 2008 3269 2078 Chrysostomus
3327 2013 3396 2065 de

1812 2091 1993 2160 seipso
2023 2093 2203 2148 adhuc
2225 2094 2452 2162 juvene,
2483 2099 2734 2154 oratione
2763 2100 2838 2155 De
2860 2105 3158 2158 sacerdotio
3181 2106 3390 2175 prima:

1824 2183 2072 2239 Ἐπειδὰν
2125 2187 2182 2240 δὲ
2228 2187 2334 2242 ἔδει
2378 2189 2470 2243 τὸν
2517 2192 2790 2263 μακάριον
2839 2194 2929 2247 τὸν
2973 2197 3082 2249 τῶν
3145 2200 3394 2269 μοναχῶν

1814 2279 2168 2350 μεταδιώκειν
2197 2283 2330 2353 βίον,
2355 2286 2450 2339 καὶ
2474 2287 2573 2354 τὴν
2595 2287 2910 2357 φιλοσοφίαν
2942 2291 3040 2360 τὴν
3067 2291 3265 2363 ἀληθῆ,
3298 2296 3396 2348 καὶ

1809 2375 1910 2428 οὐκ
1937 2375 2018 2429 ἔτι
2039 2378 2170 2448 ἡμῖν
2194 2378 2223 2430 ὁ
2253 2377 2417 2446 ζυγὸς
2443 2373 2601 2443 οὗτος
2644 2379 2757 2445 ἴσος
2787 2376 2875 2453 ἦν,
2894 2383 3010 2437 ἀλλ’
3035 2387 3068 2454 ή
3103 2386 3202 2455 μὲν
3227 2388 3394 2442 αὐτοῦ

1812 2468 2080 2538 πλάστιγξ
2128 2471 2445 2540 ὲκουφίζετο
2496 2472 2786 2543 μετέωρος,
2822 2472 2934 2542 ἐγὼ
2971 2476 3014 2528 δ’
3040 2476 3122 2530 ἔτι
3150 2482 3270 2543 ταῖς
3297 2480 3392 2532 τοῦ

1811 2561 2018 2632 σιὸσμου
2033 2562 2236 2635 πεπεδη
2245 2563 2402 2634 μένος
2420 2565 2735 2635 ἐπιθυμίαις
2749 2566 3032 2622 καθεῖλκον
3042 2569 3142 2642 τὴν
3154 2571 3394 2642 ἐμαυτοῦ

1809 2652 2007 2726 φυχὴν,
2061 2658 2155 2710 καὶ
2216 2657 2514 2730 ὲϐιαξόμην
2578 2660 2730 2715 κάτω
2800 2661 2982 2732 μένειν
3043 2669 3393 2734 νεωτερικαῖς

1807 2749 1980 2821 αὑτὴν
2012 2748 2310 2820 ἐπιϐρίθων
2355 2752 2699 2821 φαντασίαις.
2731 2753 2865 2811 Cum
2908 2765 3084 2810 autem
3131 2767 3390 2826 Oporteret

1813 2840 2021 2894 beatam
2051 2843 2402 2898 monasticam
2428 2844 2592 2899 vitam
2622 2849 2884 2918 persequi,
2913 2866 3189 2920 veramque
3219 2850 3393 2920 philo-

1811 2935 2071 3003 sophiam,
2107 2952 2198 2990 nec
2237 2935 2358 3004 jam
2399 2938 2549 2991 nobis
2573 2954 2673 3007 par
2697 2949 2899 2994 statera
2923 2951 3078 3004 esset,
3108 2944 3198 2996 sed
3241 2945 3391 2998 illius

1812 3028 1960 3095 lanx,
1988 3039 2168 3096 utpote
2190 3032 2374 3099 levior,
2426 3030 2666 3085 sublimis
2699 3035 2948 3103 ferretur,
2972 3051 3066 3106 ego
3089 3053 3209 3091 vero
3238 3054 3392 3090 mun-

1809 3123 1964 3176 danis
1991 3124 2372 3193 cupiditatibus
2401 3127 2706 3196 impeditus,
2727 3145 2896 3181 meam
2919 3129 3122 3182 lancem
3144 3131 3390 3186 deorsum

1811 3216 2092 3282 traherem,
2112 3225 2161 3271 et
2180 3217 2402 3287 inferius
2430 3236 2641 3273 manere
2663 3237 2918 3291 cogerem,
2932 3220 3255 3288 juvenilibus
3273 3241 3391 3279 eam

1809 3325 2105 3378 aggravans
2133 3312 2564 3382 cogitationibus.
2595 3313 2695 3370 llic
2728 3317 2874 3372 enim
2897 3319 3105 3388 pariter
3138 3337 3392 3392 νεωτερι-

1807 3402 1914 3465 κὰς
1942 3403 2246 3471 φαντασίας
2270 3407 2575 3476 usurpavit,
2608 3423 2672 3464 ac
2695 3409 2750 3463 in
2779 3411 3124 3479 expositione
3172 3413 3276 3467 loci
3319 3412 3386 3467 ad

1809 3492 2180 3564 Timetlteum,
2231 3499 2532 3568 φαντασίας
2577 3502 2912 3573 νεωτερικὰς
2961 3503 3149 3572 φεῦγε.
3182 3506 3391 3558 Auctor

1810 3585 2261 3643 Constitutionum
2290 3589 2744 3660 Apostolicarum,
2800 3593 2896 3648 lib.
2928 3611 2988 3659 ιι,
3017 3609 3068 3651 c.
3114 3597 3168 3662 l,
3197 3611 3263 3650 ex
3302 3597 3391 3650 Di-

1808 3679 2072 3746 tlascalia,
2116 3689 2177 3735 ut
2226 3681 2462 3745 videtur,
2500 3695 2564 3738 ea
2617 3699 2742 3753 quae
2770 3686 2984 3756 lgnatio
3020 3687 3388 3749 tribuebatur,

1808 3770 1968 3827 docet
2027 3773 2345 3844 episcopum
2393 3791 2500 3829 non
2546 3776 2746 3832 debere
2788 3792 2913 3833 esse
2944 3779 3213 3835 minorem
3257 3790 3386 3836 natu

1808 3881 1973 3934 quam
2015 3882 2286 3920 ianitorum
2315 3867 2736 3939 quinquaginta,
2777 3870 2859 3923 ὅτι
2910 3871 3099 3944 τρόπῳ
3137 3875 3245 3928 τινί
3292 3875 3391 3939 τὰς

1808 3957 2138 4030 νεωτερικὰς
2170 3958 2395 4024 ἀταξίας
2434 3961 2530 4014 καὶ
2568 3962 2670 4024 τὰς
2718 3961 2916 4030 ἔξωθεν
2945 3964 3198 4031 διαϐολὰς
3224 3967 3390 4020 ἐκπε-

1810 4048 2026 4119 φευγὼς
2063 4050 2319 4122 ὑπάρχει.
2373 4051 2528 4117 Quod
2559 4070 2622 4108 ea
2655 4064 2787 4110 aetas
2837 4056 3230 4126 quodammodo
3269 4059 3386 4127 jnm

1799 4141 2056 4211 juveniles
2099 4143 2446 4211 petulantias,
2478 4156 2527 4200 et
2557 4162 2741 4201 eorum
2775 4149 2867 4219 qui
2897 4149 3030 4219 foris
3061 4162 3185 4205 sunt
3214 4154 3390 4205 obtre-

1808 4237 2065 4290 ctationes
2093 4237 2374 4307 e/fugerit;
2409 4235 2514 4291 nisi
2567 4235 2711 4294 forte
2752 4240 2880 4310 quis
2908 4240 3112 4312 dignus
3159 4241 3238 4298 sit
3273 4245 3392 4311 cpi-

1808 4338 2034 4400 scopatu
2056 4372 2070 4397 ,
2105 4330 2193 4384 διὰ
2237 4331 2338 4403 τῆς
2369 4331 2617 4404 νεότητος
2653 4335 2710 4387 ὲν
2744 4334 3010 4408 πραότητι
3034 4335 3128 4390 καὶ
3169 4333 3393 4406 εὐταξίᾳ

1808 4421 1986 4492 γῆρας
2043 4421 2516 4494 ἐπιδεικνύμενος,
2563 4423 2621 4481 in
2664 4425 2952 4497 iuventute
3002 4435 3289 4482 mansuete
3337 4437 3392 4484 et

1811 4515 2112 4584 composite
2141 4516 2376 4571 vivendo
2404 4525 2740 4575 senectutem
2762 4519 3076 4575 ostendens.
3107 4518 3388 4579 Pluribus.

1812 4607 2027 4678 opinor,
2050 4609 2229 4666 modis
2257 4610 2548 4681 explicatio
2576 4611 2726 4667 vocis
2754 4611 3042 4684 μονήρους,
3069 4628 3193 4682 qua:
3220 4615 3391 4668 seuiel

1812 4710 2026 4760 tantum
2095 4702 2150 4757 in
2214 4701 2495 4772 Scriptura
2554 4705 2846 4773 reperitur,
2903 4703 3219 4758 eonIirmari
3279 4719 3391 4763 non

1809 4804 1991 4865 potest
2023 4814 2036 4850 :
2071 4809 2224 4858 cum,
2253 4795 2298 4849 si
2335 4811 2450 4850 rem
2488 4795 2664 4865 ipsam
2696 4809 2820 4865 quae
2851 4803 3084 4862 vetatur,
3115 4794 3160 4850 si
3204 4809 3396 4864 perso-

1812 4903 1940 4943 nam
2000 4887 2090 4944 cui
2151 4885 2339 4952 datum
2407 4896 2495 4943 est
2540 4895 2895 4958 praeceptum,
2953 4886 3292 4950 consideres,
3343 4889 3390 4943 si

1811 4980 2155 5050 interpretes,
2181 4981 2226 5036 si
2258 4989 2742 5046 commentatores,
2769 4979 2816 5035 si
2838 4979 3118 5050 vulgatum
3140 4979 3391 5035 vocabuli

1811 5074 1956 5144 apud
1977 5083 2190 5130 veteres
2212 5089 2372 5129 usum
2400 5083 2637 5144 spectes,
2665 5087 2858 5128 omnes
2883 5074 2938 5128 in
2960 5075 3064 5130 hac
3085 5089 3194 5130 una
3219 5088 3392 5143 espo-

1814 5168 2012 5223 sitione
2054 5166 2404 5222 consentiant
2448 5175 2613 5235 atque
2662 5164 2998 5234 conspirent.
3031 5163 3188 5232 Quod
3236 5167 3283 5221 si
3327 5179 3392 5218 ea

1810 5259 1962 5315 vocis
1991 5257 2157 5328 hujus
2186 5256 2429 5326 acceptio
2453 5254 2598 5325 apud
2619 5254 2940 5323 Apostolum
2970 5252 3142 5324 recipi
3163 5252 3392 5308 omnino

1813 5349 2028 5414 debeat,
2076 5347 2368 5416 plusquam
2426 5345 2725 5400 verisimile
2777 5353 2882 5411 est,
2922 5343 3067 5413 apud
3119 5343 3390 5414 lgnatium

1813 5455 2087 5507 nostrum,
2120 5455 2282 5510 quem
2315 5449 2428 5494 tum
2461 5439 2514 5492 in
2546 5439 2713 5493 rebus
2743 5448 2857 5492 tum
2884 5437 2939 5491 in
2979 5435 3159 5492 verbis
3184 5435 3394 5490 S.Pau-

1813 5534 1925 5588 lum
1963 5532 2236 5604 praecipue
2277 5530 2548 5584 imitatum
2588 5545 2708 5586 esse
2735 5539 2788 5584 et
2817 5529 2991 5584 nostri
3037 5527 3298 5594 fatentur,
3337 5534 3394 5580 et

1813 5625 2111 5681 adversarii
2137 5631 2464 5693 queruntur,
2495 5621 2740 5678 eamdem
2774 5635 2962 5677 vocem
2997 5619 3188 5676 eodem
3226 5634 3390 5674 sensu

1813 5715 2184 5790 accipiendam
2223 5729 2366 5773 esse.

3040 5871 3080 5929 2
