3868 6208
485 338 556 393 43
1593 327 1651 383 S.
1690 314 2025 385 lGNATlUS

2190 323 2728 384 PROLEGOMENA.
2951 353 2953 356 ⁴
3693 333 3722 385 4
3743 337 3769 389 ι

561 451 631 508 Ut
661 461 840 506 autem
871 450 976 503 hoc
1011 447 1310 504 dilucidius
1343 457 1620 518 appareat,
1650 447 1832 502 locum
1865 446 2069 516 ipsum,
2103 451 2148 506 A
2176 447 2548 503 ecclesiastica
2589 455 2863 514 sumatur,
2898 461 3007 500 non
3045 443 3444 516 infrequentius
3479 453 3662 499 tamen
3696 437 3776 493 ad

483 558 546 602 ut
575 547 717 616 apud
749 552 1002 598 nostrum
1025 551 1227 608 exstat,
1256 542 1528 612 integrum
1548 554 1841 610 apponam.
1867 538 1946 593 Ex
1968 554 2066 593 co-

484 641 606 694 dice
646 636 890 692 Mediceo
928 635 983 689 in
1015 633 1268 705 Epistula
1299 634 1366 689 ad
1399 631 1710 703 Magnesios
1745 632 1860 686 haec
1915 640 2068 686 tran-

483 732 777 789 scribimus
815 750 829 788 :
861 731 973 785 Καὶ
1011 731 1140 802 ὑμῖν
1185 728 1243 782 δὲ
1272 728 1472 800 πρέπει
1520 726 1593 797 μὴ
1626 725 1965 796 συγχρᾶσθαι
1999 726 2066 795 τῇ

482 825 670 898 ἡλικίᾳ
696 823 790 878 τοῦ
823 823 1152 888 ἐπισκόπου,
1191 820 1326 876 ἀλλὰ
1365 818 1508 874 κατὰ
1535 817 1762 889 δύναμιν
1791 816 1924 870 Θεοῦ
1956 817 2067 869 Πα-

480 919 610 992 τρὺς
639 920 819 974 πᾶσαν
857 917 1126 989 ἐντροπὴν
1154 914 1304 986 αὐτῷ
1333 913 1649 984 ἀπονέμειν,
1685 910 1869 974 καθὼς
1897 909 2068 979 ἔγνων

479 1012 576 1066 καὶ
601 1011 728 1075 τοὺς
758 1011 945 1080 ἁγίους
971 1007 1395 1081 πρεσϐυτέρους,
1425 1005 1486 1060 ού
1518 1001 1951 1076 προσειληφότας
1969 1002 2068 1073 τὴν

480 1103 813 1175 φαινομένην
845 1099 1175 1173 νεωτερικὴν
1201 1099 1385 1164 τάξιν,
1417 1097 1530 1152 ἀλλ’
1571 1095 1649 1159 ὡς
1690 1093 1984 1166 φρονίμους
2011 1093 2068 1145 ὲν

479 1197 600 1269 Θεῷ
629 1194 1044 1266 συγχωροῦντας
1070 1191 1238 1262 αὐτῷ.
1268 1191 1540 1260 lnterpres
1564 1185 1930 1244 Usserianus:
1965 1182 2066 1239 Sed

480 1297 529 1340 et
550 1305 639 1342 vos
675 1287 819 1340 decet
855 1298 957 1336 non
993 1282 1137 1335 couti
1175 1290 1332 1336 (etate
1366 1279 1619 1348 episcopi,
1663 1275 1754 1329 sed
1780 1273 2068 1328 secundum

479 1379 726 1431 virtutem
752 1373 851 1428 Dei
883 1371 1067 1426 Patris
1095 1370 1437 1426 reverentiam
1457 1367 1504 1420 ei
1538 1365 1789 1430 tribuere,
1811 1365 1949 1417 sicut
1979 1379 2068 1416 ro-

479 1470 632 1541 gnovi
667 1478 716 1522 et
753 1476 964 1522 sanctos
1015 1464 1377 1535 presbyteros,
1413 1475 1516 1513 non
1545 1465 1868 1511 assumentes
1899 1472 2066 1525 appa-

479 1569 678 1615 rentem
706 1558 976 1628 juniorem
1011 1554 1248 1607 ordinem
1270 1591 1283 1614 ,
1327 1549 1415 1604 sed
1455 1557 1512 1601 ut
1545 1543 1825 1615 prudentes
1861 1543 1918 1595 in
1960 1541 2066 1595 Deo

479 1652 816 1708 concedentes
847 1649 968 1718 ipsi.
1001 1646 1187 1700 Primo
1219 1643 1387 1714 igitur
1412 1641 1558 1694 hunc
1592 1638 1946 1705 interpretem
1967 1633 2066 1689 ha-

479 1747 676 1804 bemus
717 1740 1174 1799 consentientem,
1202 1736 1296 1804 qui
1345 1733 1412 1788 ad
1448 1740 1662 1788 aetatem
1707 1727 1949 1799 episcopi
1986 1742 2068 1782 re-

481 1837 742 1910 spiciens,
781 1830 1109 1904 νεωτερικὴν
1133 1827 1308 1893 τάξιν,
1339 1841 1448 1880 non
1477 1824 1740 1879 novellam
1771 1820 2068 1877 institutio-

481 1947 621 1998 nem,
648 1927 743 1984 sed
763 1925 1030 1997 juniorem
1063 1922 1301 1976 ordinem
1323 1917 1505 1974 vertit.
1540 1915 1679 1970 Huic
1709 1913 2065 1986 adjungimus

482 2021 923 2092 interpolatorem
958 2018 1073 2073 sive
1115 2015 1531 2086 paraphrastcn,
1560 2009 1654 2080 qui
1697 2023 1796 2078 pro
1826 2006 2064 2077 [gnatis-

482 2116 569 2172 nis
593 2129 693 2171 sua
723 2113 838 2168 haec
860 2111 1060 2181 posuit,
1093 2109 1154 2162 οὺ
1177 2107 1313 2178 πρὸς
1339 2106 1439 2176 τὴν
1457 2100 1788 2172 φαινομένην
1818 2097 2066 2169 ἀφορῶν-

479 2222 580 2270 τας
598 2205 848 2275 νεότητα.
882 2201 1146 2269 Vulgatus
1169 2199 1476 2266 interpres:
1515 2191 1638 2245 Non
1658 2200 1871 2260 propter
1878 2189 2066 2258 juven—

483 2311 647 2357 tutem
669 2312 787 2368 qua:
809 2296 866 2348 in
895 2309 953 2348 eo
993 2291 1204 2346 videtur
1239 2289 1558 2342 arbitrantes
1583 2300 1701 2338 eum
1735 2291 2066 2336 contemnen-

481 2397 630 2447 dum.
665 2388 820 2444 Unde
859 2384 1210 2442 occasionem
1258 2389 1456 2436 nactus
1492 2390 1841 2433 communem
1882 2374 2063 2428 locum

479 2485 548 2540 de
577 2480 872 2554 prudentia
899 2478 1164 2548 juvenum
1207 2488 1307 2544 pro
1333 2487 1437 2528 suo
1466 2470 1720 2525 instituto
1759 2467 1926 2521 latius
1953 2473 2066 2519 tra-

478 2586 611 2640 ctat,
639 2585 694 2632 et
720 2572 987 2642 exemplis
1021 2586 1090 2624 ex
1113 2567 1298 2623 Veteri
1339 2575 1393 2621 et
1433 2563 1584 2619 Novo
1613 2561 1840 2618 Fmdere
1862 2558 2065 2615 contir-

479 2680 615 2726 mat.
651 2667 764 2722 llos
789 2681 858 2721 ex
889 2662 1166 2719 veteribus
1189 2659 1344 2716 solos
1388 2657 1582 2728 lgnatii
1615 2655 1941 2722 interpretes
1963 2650 2064 2704 ha-

478 2765 696 2828 bemus,
734 2759 828 2830 qui
862 2756 1032 2813 tutius
1058 2761 1348 2810 contextus
1373 2758 1562 2804 tenore
1588 2745 1736 2802 ducti
1775 2744 1920 2797 hunc
1964 2754 2062 2794 no-

479 2856 566 2911 bis
609 2853 900 2908 verborum
952 2861 1174 2903 sensum
1219 2841 1580 2901 tradiderunt.
1624 2837 1915 2900 Secundo,
1975 2849 2062 2888 res

481 2948 600 3018 ipsa
644 2945 883 3008 clamat,
928 2948 982 2995 et
1033 2939 1174 2992 hanc
1202 2932 1704 3004 interpretationem
1751 2923 2062 2982 necessario

478 3017 740 3108 postulat.
775 3034 978 3090 Auctor
1007 3029 1267 3100 Epistulae
1312 3025 1550 3081 ostendit
1599 3039 1658 3079 se
1707 3020 1909 3076 vidisse
1955 3017 2063 3072 Da-

2171 539 2277 594 alia
2321 539 2580 604 refertur,
2619 548 2676 595 et
2715 539 2937 610 quidem
2985 554 3051 593 ea
3091 554 3215 609 quae
3256 537 3774 608 sacrisyrdinibns

2171 642 2544 711 opponuntur.
2567 631 2625 686 S.
2650 631 3084 702 Chrysustomus
3102 630 3293 686 bomil.
3314 631 3350 686 5
3377 631 3633 685 adversus
3654 630 3774 685 Ju-

2169 725 2313 780 dwos
2359 740 2376 777 :
2413 720 2581 788 υῦτος
2620 727 2649 778 ό
2692 723 2940 795 Ἀϐραὰμ
2982 726 3011 778 ό
3049 723 3314 795 πρόγονος
3348 723 3457 775 τῶν
3493 723 3775 786 Λευῖτῶν,

2168 816 2277 869 τῶν
2324 817 2626 870 Ἰουδαϊκῶν
2655 817 2849 888 ἱερέων
2880 816 2973 868 ἐπὶ
2996 815 3091 869 τοῦ
3121 814 3476 885 Μελχισεδὲκ,
3498 814 3555 878 ὃς
3571 805 3648 881 ἦν
3667 816 3775 867 τύ-

2170 925 2270 972 πος
2299 910 2399 979 τῆς
2435 908 2557 962 καθ’
2588 909 2736 979 ἡμᾶς
2770 908 3103 978 ἱερωσύνης,
3136 905 3328 960 λαῖκοῦ
3356 904 3509 970 τάξιν
3550 907 3773 974 ἐπεῖχε.

2172 998 2280 1053 Hic
2315 1000 2582 1054 Abraham
2602 1000 2905 1070 progenitor
2932 997 3262 1064 Leoitarum,
3301 995 3658 1051 Judaicorum
3678 1013 3753 1049 sa

2173 1095 2472 1154 cerdotum.
2503 1092 2598 1148 sub
2631 1093 3032 1160 Melchisedech,
3062 1092 3152 1162 qui
3171 1091 3344 1145 nostri
3367 1090 3654 1144 sacerdotii
3677 1099 3775 1162 tg—

2169 1203 2268 1257 pus
2309 1195 2448 1249 erat,
2505 1185 2632 1239 laici
2672 1187 2947 1249 ordinem,
3000 1183 3085 1239 vel
3110 1183 3288 1237 locum
3327 1183 3581 1237 obtinuit.
3607 1180 3774 1237 Idem

2169 1279 2300 1334 alibi
2326 1279 2618 1350 distinguit
2640 1277 2754 1332 τῶν
2791 1279 2981 1350 ἱερέων
3011 1277 3074 1331 τὸ
3097 1275 3333 1348 ἀξίωμα,
3363 1284 3419 1331 et
3445 1275 3536 1330 τὸν
3565 1276 3778 1328 ὑπστε-
3805 1310 3807 1312 -

2167 1370 2438 1442 ταγμένον
2477 1370 2574 1423 καὶ
2612 1371 2670 1422 ἐν
2718 1370 2868 1434 τάξει
2897 1369 3103 1424 λαῖκῶν
3141 1370 3288 1423 ὅντα.
3337 1367 3538 1424 Eodem
3593 1370 3774 1424 modo

2168 1464 2324 1529 τάξιν
2374 1462 2584 1517 ἰδιώτου
2631 1464 2799 1528 dixit,
2836 1474 2889 1518 et
2925 1464 3240 1519 sacerdotes
3281 1463 3578 1534 οἰκονόμων
3605 1462 3774 1527 τάξιν

2169 1557 2262 1609 καὶ
2287 1555 2598 1627 ἐπιτρόπων
2640 1555 2734 1609 καὶ
2761 1555 3034 1627 ἀγοραίων
3072 1556 3234 1609 τινῶν
3273 1557 3774 1611 ἀντικαταλλάττο-

2172 1648 2386 1718 μένους.
2419 1646 2783 1717 Quotcunque
2809 1648 2985 1704 modis
3012 1647 3264 1704 homines
3283 1648 3450 1702 dividi
3487 1659 3541 1703 et
3571 1648 3773 1702 distri-

2169 1740 2259 1794 bui
2286 1748 2538 1812 possunt,
2568 1739 2622 1794 in
2646 1749 2999 1810 quotcunque
3023 1739 3226 1796 classes
3256 1739 3444 1812 redigi,
3472 1738 3539 1793 ad
3569 1748 3647 1794 tot
3663 1740 3769 1794 τά·

2170 1832 2284 1898 ξεις
2329 1848 2359 1885 a
2406 1831 2610 1886 Graecis
2643 1831 2978 1886 referuntur.
3030 1830 3107 1886 Ita
3153 1831 3384 1900 legimus
3421 1829 3572 1895 τάξιν
3605 1831 3773 1901 βαστ-

2169 1923 2326 1990 λέως,
2354 1922 2510 1988 τάξιν
2540 1923 2816 1995 πατέριον,
2846 1923 2998 1988 τάξιν
3025 1923 3365 1978 διδασκάλων
3383 1963 3398 1987 ,
3428 1924 3582 1991 τάξιν
3613 1926 3769 1995 ὁμή-

2172 2032 2302 2086 ρων,
2330 2015 2485 2082 τάξιν
2515 2014 2894 2086 αἰχμαλώτου,
2923 2015 3076 2080 τάξιν
3107 2018 3384 2088 πενήτων,
3414 2016 3566 2080 τάξιν
3592 2033 3768 2086 νομο-

2169 2107 2470 2176 θετοῦντος,
2501 2119 2554 2162 et
2591 2109 3084 2180 συμϐουλεύοντος,
3114 2109 3268 2176 τάξιν
3297 2109 3633 2181 θεραπαίνης
3659 2151 3672 2175 ,
3701 2119 3769 2164 et

2169 2200 2391 2255 similia.
2419 2199 2477 2254 in
2520 2202 2765 2271 qualibet
2796 2210 2979 2256 autem
3011 2202 3230 2257 civitate
3267 2218 3482 2272 semper
3511 2201 3765 2258 distincti

2168 2301 2298 2347 sunt
2316 2293 2569 2361 juvenes,
2611 2293 2734 2359 viri,
2770 2309 2931 2350 senes
2962 2311 2976 2346 :
3006 2304 3060 2350 et
3098 2296 3182 2350 iraa
3237 2296 3441 2367 ubique
3464 2297 3763 2352 hominum

2167 2386 2468 2441 secundum
2539 2395 2750 2442 aetatem
2809 2387 3010 2452 τάξεις.
3067 2386 3124 2441 In
3184 2388 3323 2444 duas
3381 2389 3585 2444 classes
3617 2405 3764 2442 νεω-

2164 2477 2342 2549 τέρων
2375 2488 2431 2533 et
2471 2477 2861 2550 πρεσϐυτέρων
2916 2479 3167 2535 dividunt
3213 2481 3443 2551 apostoli
3493 2483 3764 2552 populum

2165 2571 2540 2626 Christianum
2566 2571 2620 2626 in
2650 2587 2980 2641 unaquaque
3008 2571 3273 2635 Ecclesia,
3305 2572 3407 2627 uti
3435 2571 3578 2628 Tim.
3605 2590 3662 2639 v,
3694 2576 3716 2627 l
3749 2594 3762 2628 :

2166 2665 2527 2736 Πρεσϐυτέρῳ
2557 2665 2632 2736 μὴ
2669 2664 3002 2736 ἐπιπλήξῃς,
3031 2663 3168 2717 ἀλλὰ
3198 2665 3507 2735 παρακάλει
3545 2665 3622 2727 ὡς
3651 2683 3766 2719 πα-

2164 2755 2319 2825 τέρα,
2351 2755 2648 2828 νεωτέρους
2676 2756 2752 2819 ὡς
2764 2755 3042 2825 ἀδελφοὺς,
3060 2755 3433 2827 πρεσϐυτέρας
3482 2756 3558 2820 ὡς
3587 2760 3769 2828 μητέ-

2169 2864 2290 2918 ρας,
2340 2848 2611 2920 νεωτέρας
2649 2849 2727 2912 ὡς
2767 2849 3021 2917 ἀδελφάς.
3061 2847 3332 2903 Seniorem
3371 2865 3432 2902 ne
3459 2849 3763 2918 increpata,

2163 2941 2253 2992 sed
2283 2939 2501 2992 obsecra
2536 2948 2594 2992 ut
2621 2949 2850 3009 patrem,
2873 2940 3116 3009 juniores
3159 2949 3215 2993 ut
3252 2939 3472 3007 fratres,
3521 2955 3656 2993 anus
3697 2954 3765 2994 tu

2165 3040 2386 3096 matres,
2409 3029 2726 3100 juvenculas
2769 3039 2828 3084 ut
2865 3046 3090 3086 sorores.
3162 3029 3242 3085 Ad
3297 3030 3480 3084 Titum
3527 3043 3574 3084 ll
3600 3068 3616 3090 ,
3664 3026 3703 3081 ϐ
3741 3044 3760 3081 :

481 3146 628 3186 mam
657 3142 849 3184 eorum
874 3125 1214 3194 episcopum,
1233 3128 1288 3174 et
1315 3118 1596 3173 Sotionem
1623 3115 1744 3185 ejus
1766 3114 2059 3168 diaconum

2170 3121 2487 3193 Πρεσϐύτας
2523 3121 2817 3193 νηφαλίους
2848 3117 3016 3186 εἶναι,
3057 3127 3186 3187 τοὺς
3234 3123 3528 3194 νεωτέρους
3569 3122 3764 3176 ὡσαύ-

479 3223 689 3286 laudat,
714 3217 860 3290 quod
891 3219 1150 3288 episcopo
1181 3227 1283 3268 suo
1305 3253 1320 3277 ,
1372 3220 1433 3265 ut
1465 3209 1708 3279 oportuit
1731 3249 1748 3272 ,
1777 3205 2060 3276 subjectus

478 3325 644 3372 esset.
689 3312 872 3367 Monet
922 3310 1089 3380 igitur
1120 3305 1384 3377 populum
1430 3300 1863 3372 Maguesianum,
1895 3305 1956 3350 ut
1983 3296 2061 3350 illi

478 3408 643 3464 etiam
672 3405 848 3462 nolint
872 3399 1231 3472 συγχρᾶσθαι,
1257 3412 1366 3452 non
1387 3395 1550 3450 nimis
1572 3391 1918 3448 familiariter
1935 3405 2060 3445 eum

383 3487 390 3492 ’
479 3516 546 3557 eo
577 3507 763 3571 agant,
794 3506 890 3551 aut
917 3496 1097 3565 ipsum
1123 3497 1499 3554 contemnant,
1525 3485 1672 3556 quod
1702 3485 1952 3540 videatur
1969 3483 2062 3553 ju-

479 3595 603 3649 nior
622 3599 804 3654 aetate,
838 3588 930 3644 sed
977 3595 1036 3642 ut
1073 3582 1434 3640 reverentiam
1463 3580 1513 3635 ei
1539 3578 1854 3634 exhibeant.
1896 3574 2064 3645 Urget

479 3683 789 3754 exemplum
815 3679 1284 3751 presbyterorum,
1303 3688 1538 3744 quorum
1564 3671 1702 3725 duos
1727 3685 1910 3724 secum
1935 3677 2066 3722 tunc

480 3776 695 3842 habuit,
739 3773 971 3828 Bassum
1021 3782 1075 3824 et
1105 3766 1478 3838 Apollonium,
1513 3777 1765 3834 quosque
1801 3760 1955 3816 novit
1981 3759 2064 3814 ei-

480 3871 604 3924 dem
635 3867 895 3937 episcopo
916 3905 932 3930 ,
969 3861 1222 3933 quamvis
1247 3858 1475 3929 juniori,
1519 3855 1758 3912 debitam
1807 3868 2061 3908 reveren-

483 3963 615 4016 tiam
639 3957 981 4030 prazstitisse.
1013 3951 1268 4008 Ostendit
1285 3950 1626 4021 juventutem
1651 3946 1771 4017 ejus
1799 3961 1920 4000 esse
1938 3961 2065 4013 φαι-

481 4054 738 4126 νομένην,
774 4049 959 4105 innuit
987 4061 1115 4102 eum
1149 4053 1306 4100 aetate
1329 4043 1551 4114 quidem
1580 4048 1636 4095 et
1659 4045 1952 4109 conspectu
1979 4036 2067 4106 ju-

482 4163 700 4208 venem,
731 4143 977 4200 moribus
1005 4149 1188 4195 autem
1231 4152 1418 4194 senem
1458 4135 1628 4191 fuisse
1656 4153 1670 4188 :
1700 4131 2068 4189 obedientiam

479 4243 532 4298 ei
559 4237 929 4310 praestandam
957 4235 1136 4300 docet,
1161 4241 1254 4286 aut
1284 4231 1467 4301 potius
1492 4230 1546 4282 in
1576 4241 1643 4283 eu
1662 4225 1772 4281 Deo
1795 4225 1921 4294 ipsi,
1950 4237 2070 4277 om--

484 4334 638 4388 nium
677 4330 960 4400 episcopo.
992 4324 1129 4380 Nam
1156 4333 1214 4378 ut
1266 4331 1411 4378 recte
1444 4319 1757 4377 observavit
1801 4316 1860 4371 S.
1891 4315 2068 4385 Chry-

483 4434 794 4486 sostomus,
823 4420 1138 4491 Apostolus,
1199 4417 1326 4487 περὶ
1369 4415 1468 4486 μὲν
1506 4413 1818 4466 ἐπισκόπων
1848 4409 2068 4463 διατατ-

2162 3216 2290 3278 τώς.
2334 3213 2528 3278 Senes,
2566 3225 2624 3269 ut
2660 3215 2827 3270 sobrii
2860 3217 2999 3280 sint,
3029 3215 3248 3285 juvenes
3280 3215 3547 3269 similiter.
3583 3215 3766 3280 Τάξις

2163 3317 2344 3362 autem
2375 3309 2695 3379 νεωτερική,
2728 3308 2870 3363 idem
2899 3317 2986 3363 est
3003 3309 3152 3377 quod
3179 3309 3315 3362 νέων
3336 3309 3419 3362 vel
3448 3306 3762 3378 νεωτέρων,

2165 3415 2261 3454 seu
2290 3399 2412 3453 νέου
2439 3399 2526 3454 vel
2557 3399 2824 3470 νεωτέρου
2860 3398 3032 3463 τάξις.
3067 3398 3139 3454 Ut
3179 3415 3304 3454 cum
3331 3398 3487 3454 Plato
3530 3414 3764 3468 rempu-

2166 3495 2363 3549 blicam
2409 3494 2463 3548 in
2501 3494 2782 3564 γεωργοὺς
2828 3501 2884 3547 et
2921 3492 3189 3562 φύλακας,
3231 3492 3476 3561 aliosque
3527 3490 3761 3554 divisit,

2165 3585 2394 3640 Proclus
2453 3585 2508 3638 in
2574 3584 2838 3639 Timaaum
2897 3583 3018 3638 illus
3062 3583 3375 3655 γεωργικὴν
3408 3582 3581 3648 τάξιν,
3609 3582 3765 3639 hanc

2165 3677 2539 3749 φρουρητικὴν
2568 3675 2723 3741 τάξιν
2752 3675 3026 3746 appellat,
3053 3691 3176 3746 quae
3209 3675 3270 3728 τὸ
3297 3675 3600 3746 γεωργικόν
3619 3715 3636 3742 ,
3669 3676 3761 3729 vel

2164 3771 2226 3824 τὸ
2255 3769 2620 3841 φρουρητικόν
2655 3767 2802 3822 recte
2829 3769 3050 3823 dicitur.
3081 3766 3227 3822 Nihil
3268 3767 3414 3822 aliud
3462 3768 3550 3822 hic
3579 3767 3762 3821 voluit

2165 3863 2428 3934 lgnatius,
2459 3873 2514 3918 et
2542 3863 2676 3918 satis
2713 3862 2850 3916 bene
2889 3861 3220 3932 νεωτερικὴν
3258 3859 3411 3924 τάξιν
3439 3857 3760 3929 Paraphra-

2169 3970 2278 4016 stes
2305 3975 2400 4029 per
2421 3958 2650 4029 νεότητα
2677 3955 2967 4025 expressit.

2238 4051 2358 4107 Jam
2382 4066 2512 4106 vero
2541 4049 2634 4121 qui
2663 4048 2754 4104 hic
2789 4063 2898 4103 non
2925 4055 3140 4102 aetatem
3182 4045 3445 4116 episcopi,
3472 4044 3564 4100 sed
3596 4044 3760 4098 novi-

2169 4155 2334 4202 tatem
2372 4145 2585 4200 ordinis
2623 4141 2950 4214 episcopalis
2989 4140 3241 4196 denutari
3285 4139 3504 4203 volunt,
3536 4147 3590 4192 et
3633 4152 3755 4193 rem

2170 4238 2438 4294 inducunt
2462 4237 2530 4292 ab
2552 4235 2796 4292 auctoris
2831 4243 3013 4289 mente
3045 4247 3272 4302 prorsus
3313 4231 3578 4297 alienam;
3607 4238 3665 4284 et
3695 4240 3758 4285 ut

2171 4332 2225 4387 id
2262 4330 2469 4386 faciant
2497 4339 2672 4385 totum
2699 4335 3016 4384 contextum
3061 4326 3200 4380 mire
3228 4331 3613 4394 contorquent.
3645 4321 3760 4378 Ne-

2172 4440 2279 4494 que
2303 4424 2448 4478 enim
2479 4423 2596 4492 ipse
2622 4419 2889 4490 lgnatius,
2925 4433 3104 4488 neque
3127 4433 3298 4472 sanus
3322 4421 3615 4486 quisquam
3647 4417 3759 4470 sub

482 4517 710 4588 τόμενος
738 4485 972 4583 οὐδαμοῦ
1002 4511 1216 4581 τίθησιν
1244 4485 1383 4561 ἐτῶν
1411 4505 1644 4578 ἀριθμόν
1662 4547 1677 4571 ,
1711 4504 1776 4558 de
1809 4501 2066 4572 episcopis

2175 4517 2325 4571 illius
2349 4529 2607 4582 persona,
2644 4485 2711 4569 de
2729 4513 2970 4568 novitate
2996 4485 3349 4580 episcopatus
3375 4507 3756 4574 disseruisset,

484 4618 749 4681 praecepta
777 4606 926 4659 .dans
967 4603 1159 4656 nullibi
1199 4615 1465 4654 annorum
1511 4613 1788 4652 numerum
1836 4594 2066 4658 statuit,

484 4703 636 4758 Orat.
661 4705 718 4756 in
750 4699 968 4754 viduam
983 4697 1246 4767 juvenem.
1287 4692 1414 4748 Haec
1457 4691 1643 4746 omnia
1672 4705 1745 4745 ex
1783 4688 1905 4758 ipso
1937 4701 2068 4741 con-

486 4805 637 4850 textu
664 4802 825 4849 enata
844 4793 980 4846 adeo
1002 4789 1185 4860 plana,
1202 4787 1512 4858 perspicua,
1541 4783 1756 4852 sibique
1782 4780 2066 4836 cohaeren-

489 4888 563 4942 tia
594 4895 756 4952 sunt;
790 4893 849 4939 ut
881 4899 981 4938 nec
1021 4883 1190 4937 alium
1224 4893 1448 4935 sensum
1479 4879 1595 4932 haec
1626 4874 1790 4930 verba
1814 4880 1910 4928 aut
1940 4870 2068 4926 fun-

488 4981 621 5035 dant
645 4986 741 5033 aut
768 4975 1080 5031 admittant.
1113 4971 1312 5042 .Neque
1345 4970 1647 5042 quidquam
1689 4966 1891 5022 habent
1919 4963 2068 5034 quod

489 5079 771 5145 opponant
807 5068 1154 5134 adversarii,
1195 5065 1302 5120 nisi
1343 5063 1493 5134 quod
1546 5061 1766 5116 modum
1809 5055 2068 5127 loquendi

491 5175 731 5238 spectat;
763 5165 858 5234 qui
883 5163 929 5218 si
959 5161 1276 5217 inusitatior
1305 5159 1576 5223 videatur,
1602 5171 1668 5209 eo
1697 5155 1882 5208 minus
1910 5149 2071 5221 lgna-

489 5261 676 5316 tianus
721 5256 894 5312 videri
936 5270 1045 5310 non
1075 5253 1286 5310 debuit.
1316 5247 1666 5320 Νεωτερικὴν
1695 5243 1848 5310 τάξιν
1878 5243 1947 5299 de
1981 5243 2072 5312 ju-

489 5361 712 5407 ventute
752 5347 938 5404 Damae
983 5347 1226 5417 episcopi
1271 5343 1498 5414 intelligi
1551 5341 1781 5404 nolunt,
1813 5337 1942 5407 quia
1973 5335 2073 5388 τά-

493 5443 575 5513 ξις
599 5445 667 5499 ad
696 5451 908 5498 aetatem
949 5440 1139 5496 referri
1168 5456 1276 5494 non
1312 5445 1510 5510 potest,
1555 5443 1615 5490 ut
1639 5441 1828 5489 censet
1855 5430 2075 5486 Salma-

493 5539 632 5594 sius.
677 5535 785 5591 Sed
817 5551 880 5590 ea
920 5551 1025 5589 vox
1059 5543 1169 5588 tam
1203 5533 1326 5588 latae
1355 5527 1772 5602 signiﬁcationis
1803 5534 1889 5581 est
1922 5523 2071 5594 apud

487 5631 736 5695 Gnaeos,
764 5637 824 5684 ut
860 5629 926 5683 ad
956 5636 1169 5683 aetatem
1208 5637 1302 5682 aut
1331 5622 1628 5696 quemlibet
1658 5621 1913 5674 humana:
1947 5617 2073 5671 vita:

493 5732 698 5778 statum
746 5737 860 5777 snve
901 5721 1271 5777 conditionem
1317 5717 1510 5774 referri
1560 5715 1754 5786 possit.
1809 5710 2071 5778 Quamvis

472 5819 641 5874 enim
662 5814 815 5884 τάξις
841 5830 983 5888 saepe
1025 5828 1123 5886 pro
1162 5813 1352 5870 ordine
1395 5823 1572 5876 sacro,
1606 5815 1699 5862 aut
1725 5803 2073 5859 ordinatione

2170 4610 2225 4664 in
2252 4624 2363 4679 quo
2389 4607 2507 4679 ipse
2540 4608 2654 4678 jam
2683 4612 3070 4662 consenuerat.
3107 4601 3398 4669 Quomodo
3427 4601 3517 4656 ille
3543 4601 3762 4670 episco-

2170 4709 2358 4772 patum
2392 4700 2659 4755 novellam
2703 4698 3102 4754 institutionem
3141 4708 3264 4750 esse
3290 4693 3515 4756 diceret,
3541 4700 3597 4746 et
3630 4692 3763 4761 qui-

2170 4793 2296 4848 dem
2315 4799 2399 4848 tot
2429 4791 2610 4857 annis,
2642 4799 2704 4846 ut
2738 4790 2814 4844 illi
2851 4788 3063 4852 volunt,
3095 4795 3222 4856 post
3252 4783 3498 4840 omnium
3530 4791 3759 4853 aposto-

2171 4884 2350 4941 lorum
2393 4894 2626 4938 mortem
2667 4881 3058 4945 introductam,
3092 4877 3189 4948 qui
3218 4875 3430 4932 ordinis
3463 4874 3757 4944 episcopa-

2171 4978 2242 5034 lis
2276 4975 2678 5034 institutionem
2727 4989 2942 5044 semper
2979 4971 3090 5028 Deo
3131 4980 3186 5027 et
3223 4969 3448 5024 Christo
3489 4979 3758 5037 tanquam

2174 5070 2384 5124 auctori
2411 5067 2637 5122 tribuit?
2661 5065 2776 5121 lloc
2803 5065 2925 5135 ipso
2947 5065 3070 5119 loco
3091 5062 3280 5118 laudat
3301 5058 3584 5115 Sotionem
3603 5060 3757 5128 quod

2175 5163 2454 5231 subjectus
2486 5161 2556 5215 sit
2593 5159 2886 5228 episeopo,
2942 5157 3018 5220 ὡς
3045 5155 3230 5226 χάριτι
3274 5151 3445 5216 Θεοῦ,
3499 5161 3757 5220 tanquam

2174 5254 2362 5324 gratia:
2388 5251 2501 5306 Dei.
2538 5250 2779 5322 Epistula
2814 5251 2881 5304 ad
2929 5247 3197 5318 Ephesios
3233 5263 3246 5298 :
3288 5247 3338 5299 οἱ
3367 5246 3659 5299 ἐπίσκοποι
3705 5249 3757 5298 οἱ

2174 5344 2316 5399 κατὰ
2357 5342 2570 5414 πέρατα
2607 5339 2915 5412 ὁρισθέντες
2959 5341 3017 5392 ὲν
3059 5337 3234 5409 Ἰησοῦ
3267 5335 3505 5410 Χριστοῦ
3559 5335 3758 5408 γνώμῃ

2175 5437 2298 5490 εἰσί.
2336 5433 2505 5489 Vetus
2535 5433 2804 5502 interpres
2835 5449 2848 5484 :
2886 5429 3030 5500 Ipsi,
3069 5431 3152 5485 vel
3173 5430 3424 5500 episcopi,
3464 5429 3756 5482 secundum

2176 5540 2329 5583 terra:
2358 5527 2486 5596 ﬁnes
2531 5525 2870 5579 determinati
2909 5521 3038 5578 Jesu
3077 5521 3278 5577 Christi
3317 5522 3579 5576 sententia
3606 5529 3753 5574 sunt.

2175 5617 2446 5673 Describit
2483 5616 2802 5686 episcopum
2836 5633 2850 5668 :
2900 5613 2960 5667 ὃν
3005 5611 3215 5682 πέμπει
3257 5608 3642 5681 οἰκοδεσπότης
3675 5610 3765 5679 εἰς,

2178 5711 2312 5766 ἰδίαν
2337 5708 2668 5781 οἰκονομίαν,
2689 5723 2841 5779 quem
2866 5707 3030 5760 mittit
3058 5703 3318 5759 Dominus
3338 5704 3526 5758 domus
3554 5702 3609 5754 in
3635 5715 3758 5769 pro-

2172 5803 2347 5874 priam
2375 5801 2840 5873 dispensationem,
2862 5797 2954 5870 qui
2985 5803 3067 5854 est
3089 5793 3366 5852 Christus.
3406 5791 3651 5866 Epistula
3683 5790 3753 5845 ad
