3868 6208
155 309 230 364 45
884 309 936 366 ι.
973 307 1340 365 PEARSONII
1391 307 1716 364 vr-chms
1751 305 2174 366 lGNATlANE.
2214 339 2287 350 —
2314 307 2737 372 PROGSMIUM.
3373 324 3444 380 46

153 421 505 486 Trallianos.
537 426 829 497 Ἐρῤωσθε
863 432 921 483 ἐν
953 430 1132 502 Ἰησοῦ
1159 429 1410 503 Χριστῷ,
1451 431 1737 486 ὑποτασσό

1859 433 2120 500 ostendit,
2153 442 2212 488 ut
2250 433 2507 505 episcopo
2534 450 2658 503 suo,
2686 437 2938 506 quamvis
2955 437 3177 507 juvene,
3211 440 3446 499 familia-

150 533 310 587 μενοι
343 517 777 592 aptato-nom,
810 523 888 587 ὡς
933 527 999 595 τῇ
1032 524 1253 596 ἐντολῇ,
1292 523 1474 579 Valete
1513 525 1572 578 in
1623 521 1756 579 Jesu

149 608 389 674 Christo,
415 611 649 682 subjecti
670 615 934 684 episcopo,
963 626 1024 670 ut
1066 615 1164 670 Dei
1192 617 1476 672 mandato.
1507 613 1566 670 Si
1598 614 1755 670 novi-

147 717 319 792 tatem
369 710 709 782 episcopalis
738 713 954 768 ordinis
1000 723 1194 770 notare
1244 714 1513 770 voluisset
1559 699 1763 790 auctor.

148 799 561 870 Epistolarum,
586 820 687 860 cur
715 821 821 859 non
852 806 984 862 alibi
1012 809 1198 877 potius
1244 807 1299 862 id
1331 805 1504 863 fecit?
1549 805 1607 862 Si
1654 823 1755 862 no-

145 895 286 948 veila
321 896 444 951 haec
474 897 748 952 institutio
773 898 988 966 fuisset,
1013 915 1078 954 ea
1105 899 1345 969 objectio
1370 910 1480 954 tam
1504 900 1557 953 in
1583 897 1752 970 Poly-

143 983 254 1045 bio.
286 983 586 1048 Onesimo.
612 998 665 1043 et
685 987 1012 1060 Polycarpo,
1037 1006 1203 1060 quam
1244 994 1298 1044 in
1332 989 1502 1044 Dama
1541 989 1751 1045 valuis-

142 1089 255 1142 set;
301 1087 360 1132 et
395 1081 711 1136 consultius
742 1084 918 1154 multo
959 1082 1200 1149 fecisset,
1247 1083 1291 1136 si
1330 1092 1464 1137 tunc
1493 1097 1616 1137 eam
1644 1081 1751 1137 tol-

142 1171 255 1226 lere
275 1182 521 1229 conatus
543 1184 707 1239 esset,
741 1191 866 1229 cum
889 1177 1150 1247 grandior
1170 1177 1411 1246 episCOpi
1437 1173 1592 1241 aetas,
1621 1192 1750 1231 cum

139 1266 392 1332 gravitas
425 1277 485 1322 et
513 1277 761 1337 spectata
797 1269 901 1323 viri
932 1269 1225 1338 prudentia
1249 1271 1491 1340 aliquam
1533 1271 1749 1326 novello

137 1359 326 1412 ordini
369 1361 768 1414 auctoritatem
820 1361 1198 1416 conciliarent.
1244 1360 1361 1415 Non
1389 1371 1499 1416 tam
1533 1362 1748 1432 impru-

137 1450 364 1505 dentem
424 1450 745 1522 lgnatium,
799 1469 907 1508 non
946 1463 1057 1508 tam
1114 1455 1341 1510 stultum
1390 1455 1746 1524 impostorem

137 1542 265 1609 quis
298 1551 500 1611 putet,
529 1551 592 1596 ut
634 1543 839 1612 populo
872 1544 1214 1613 juventutem
1244 1545 1509 1615 episcopi,
1545 1555 1601 1600 et
1626 1560 1748 1615 pre-

140 1635 380 1706 sbyteris
410 1636 584 1714 simul
613 1636 914 1691 novitatem
941 1637 1154 1693 ordinis
1184 1637 1515 1707 episcopalis
1545 1638 1747 1708 proba-

140 1741 197 1780 re
231 1736 557 1781 conaretur.
586 1727 739 1782 Adeo
769 1729 997 1783 novella:
1037 1729 1402 1784 institutionis
1431 1731 1639 1786 mentio
1676 1731 1746 1785 ab

143 1819 309 1887 hujus
353 1819 468 1874 loci
521 1827 719 1874 natura
771 1831 825 1875 et
875 1821 1161 1890 scriptoris
1227 1821 1480 1878 instituto
1520 1839 1748 1893 prorsus

141 1912 316 1966 aliena
383 1920 494 1968 est.
529 1911 688 1979 Quod
730 1913 911 1968 adhuc
957 1914 1296 1969 luculentius
1343 1917 1651 1985 apparebit,
1699 1917 1745 1972 si

141 2003 688 2070 animadvertamus,
714 2004 918 2074 quibus
948 2005 1222 2061 cuniculis
1247 2007 1498 2064 auctoris
1527 2018 1747 2065 senten-

137 2095 267 2149 tiam
296 2096 604 2157 subruant,
632 2096 837 2166 quibus
879 2097 1152 2152 machinis
1177 2093 1361 2153 omnia
1394 2101 1747 2167 conturbent,

135 2187 228 2256 qui
275 2187 562 2241 novellam
597 2189 738 2242 hanc
782 2188 1185 2243 institutionem
1225 2190 1494 2249 hactenus
1531 2193 1747 2249 inaudi-

132 2290 241 2333 tam
273 2279 415 2335 hinc
437 2281 746 2335 extundere
767 2293 1057 2336 conantur.
1099 2281 1288 2338 Primo
1316 2284 1618 2340 Salmasius
1649 2285 1748 2342 ob-

136 2379 322 2425 servat
353 2371 725 2439 impostorem
749 2387 935 2439 suum,
953 2373 1220 2442 lgnatium
1243 2383 1514 2441 nostrum,
1538 2377 1748 2433 dixisse

133 2463 414 2535 ςρεσϐυτέ
425 2481 542 2535 ριον
565 2479 688 2520 esse
717 2465 884 2535 νόμον
902 2465 1162 2537 Χριστοῦ,
1191 2469 1318 2537 quia
1344 2484 1410 2521 ea:
1448 2469 1748 2522 institutio-

132 2575 192 2610 ne
219 2565 269 2611 et
302 2557 597 2612 uoluntate
635 2555 840 2612 Christi
888 2557 1249 2612 introductum
1293 2569 1371 2614 est
1395 2599 1413 2624 ,
1461 2558 1745 2616 Sotionem

135 2661 316 2705 autem
345 2649 651 2716 laudasse,
699 2651 847 2720 quod
873 2651 1133 2720 episcopo
1167 2651 1452 2721 subjectus
1473 2661 1638 2720 esset,
1668 2652 1748 2717 ὼς

132 2745 314 2817 χάριτι
343 2743 517 2811 Θεοῦ,
543 2753 605 2798 ut
640 2745 834 2815 gratiae
862 2743 979 2810 Dei,
1012 2760 1114 2816 quo
1155 2761 1345 2800 novam
1367 2745 1502 2800 hanc
1528 2747 1749 2802 institu-

135 2840 332 2892 tionem
373 2837 620 2906 episcopi
658 2835 976 2906 presbyteris
1011 2838 1401 2908 superponendi
1431 2837 1543 2893 Deo
1581 2839 1746 2893 etiam

134 2932 341 2998 placere
362 2929 692 2984 ostenderet.
723 2925 828 2982 Sed
855 2928 980 2997 quis
1007 2944 1251 2999 unquam
1283 2944 1348 2984 ex
1375 2944 1444 2985 eo
1487 2929 1745 2985 ostende-

139 3030 221 3075 ret
249 3021 648 3089 episcopatum
685 3017 1021 3088 presbyteris
1050 3018 1230 3088 primo
1253 3019 1742 3090 superimpositum

1861 524 1992 578 riter
2016 535 2272 592 utantur;
2306 534 2515 581 tantam
2548 527 2598 582 ei
2619 527 2800 583 otlicio
2823 529 3140 599 dignitatem
3170 535 3445 604 attribuit,

1859 626 1921 672 ut
1952 617 2024 673 ob
2053 633 2343 688 personam
2373 620 2666 676 evilescere
2692 637 2800 676 non
2839 623 3054 679 debeat.
3085 625 3129 678 Α
3161 627 3448 699 presbyte-

1857 711 1936 765 ris
1964 711 2099 765 nihil
2143 711 2372 767 omnino
2419 714 2558 783 petit
2609 729 2624 768 :
2669 716 2817 786 quod
2867 732 3058 773 eorum
3112 719 3348 777 ollicium
3389 724 3444 778 in

1859 803 1962 858 hac
1989 818 2046 858 re
2069 803 2160 869 sit,
2198 820 2266 859 ne
2289 805 2449 862 docet
2478 806 2721 876 quidem.
2756 808 2903 878 quod
2933 824 3030 866 eos
3076 812 3211 871 satis
3237 813 3306 868 ad
3338 815 3444 869 hoc

1855 897 2230 963 praestandum
2261 907 2545 968 promptos
2576 909 2631 954 et
2659 900 2868 956 alacres
2891 917 3014 957 esse
3047 905 3312 960 novisset.
3339 905 3447 959 Eo-

1857 1004 1980 1042 rum
2013 988 2178 1058 igitur
2208 991 2520 1060 exemplum
2561 992 2702 1062 plebi
2725 994 2984 1064 proponit
3008 1037 3024 1061 ,
3063 997 3440 1068 aequissimum

1854 1095 1977 1136 esse
1999 1080 2277 1151 judicans,
2310 1091 2370 1137 ut
2407 1077 2490 1137 illi
2515 1085 2750 1155 pdpnlus
2773 1101 2900 1140 cum
2935 1088 3086 1141 omni
3134 1091 3443 1147 reverentia

1855 1171 2242 1242 subjiceretur,
2279 1172 2372 1228 cui
2418 1175 2723 1246 presbyteri
2773 1176 2892 1231 sine
2934 1177 3040 1232 ulla
3087 1181 3444 1236 excusatione

1851 1273 2126 1332 parerent.
2159 1263 2276 1320 Hoc
2304 1274 2485 1321 autem
2516 1267 2618 1322 sibi
2650 1269 2819 1338 probe
2857 1270 3136 1340 cognitum
3167 1287 3290 1328 esse
3311 1289 3440 1342 pro-

1854 1356 2056 1423 litetur,
2087 1357 2182 1428 qui
2215 1373 2322 1413 non
2347 1367 2558 1414 tantum
2589 1358 2814 1415 Damam
2838 1362 3154 1433 episcopum
3187 1379 3312 1419 cum
3341 1363 3444 1419 So-

1857 1450 2006 1505 tione
2037 1449 2272 1504 diacono
2303 1451 2424 1520 ejus
2446 1492 2462 1518 ,
2497 1453 2588 1507 sed
2621 1465 2676 1508 et
2720 1453 2972 1522 Bassum,
2996 1465 3051 1510 et
3089 1457 3439 1526 Apollonium

1851 1545 2204 1616 presbyteros
2235 1560 2447 1609 secum,
2477 1555 2608 1600 tunc
2639 1562 2764 1601 cum
2803 1548 3090 1608 scriberet.
3141 1549 3335 1604 habuit
3362 1569 3376 1617 ;
3407 1567 3438 1606 a

1850 1637 2054 1706 quibus
2081 1638 2248 1707 probe
2280 1638 2548 1694 intellexit
2573 1655 2739 1709 quam
2773 1639 3030 1710 episcopo
3075 1656 3178 1695 suo
3216 1643 3440 1715 presby-

1852 1731 1953 1786 teri
1989 1731 2350 1786 reverentiam
2381 1731 2732 1786 exbibuerint
2765 1747 2777 1783 :
2815 1733 2961 1788 unde
2989 1748 3084 1802 per
3108 1743 3274 1788 totam
3308 1733 3441 1804 Epi-

1854 1822 2048 1878 stolam
2080 1839 2360 1892 nunquam
2380 1823 2728 1894 presbyteros
2752 1832 2937 1878 monet
2957 1832 3014 1878 ut
3034 1824 3292 1894 episcopo
3314 1841 3436 1890 suo,

1853 1912 1948 1968 sed
1973 1913 2233 1983 populum
2266 1921 2500 1978 tantum,
2535 1922 2596 1968 ut
2629 1923 2684 1968 et
2707 1914 2966 1984 episc0po
2994 1923 3049 1968 et
3081 1917 3434 1986 presbyteris.

1852 2013 2040 2074 utpote
2061 2005 2265 2074 optime
2303 2005 2806 2070 consentientibus,
2838 2006 3070 2076 subjecti
3121 2007 3250 2062 sint.
3290 2006 3435 2063 Nihil

1853 2095 2019 2167 igitur
2049 2109 2081 2150 a
2123 2097 2462 2167 presbyteris
2494 2096 2628 2166 petit
2669 2115 2683 2151 :
2735 2112 2802 2151 ne
2833 2097 3058 2151 minima
3089 2097 3309 2168 quidem
3341 2115 3438 2153 vo-

1851 2186 1973 2243 cula
2003 2196 2106 2251 est,
2141 2202 2263 2257 quae
2285 2187 2451 2241 ullam
2487 2187 2722 2258 speciem
2753 2189 2879 2244 talis
2911 2189 3193 2260 petitionis
3219 2198 3315 2244 aut
3336 2207 3435 2246 ex»

1851 2279 2179 2335 hortationis
2207 2295 2319 2349 prae
2354 2295 2413 2335 se
2443 2278 2602 2335 ferat.
2632 2279 2736 2346 Qui
2760 2297 2876 2336 rem
2908 2295 3104 2336 novam
3154 2285 3438 2339 sententize

1851 2368 2054 2426 inferre
2093 2372 2300 2436 voluit,
2345 2388 2544 2427 novam
2585 2374 2900 2443 petitionem
2934 2376 3282 2447 excogitavit,
3315 2379 3438 2434 sine

1851 2476 1960 2530 qua
1982 2476 2047 2516 ea
2073 2461 2262 2517 inferri
2291 2463 2442 2518 nullo
2485 2464 2646 2518 modo
2669 2465 2865 2535 potuit.
2903 2463 3012 2519 Sed
3044 2465 3287 2537 lgnatius
3309 2470 3435 2523 uni-

1849 2567 1972 2608 cam
2001 2553 2440 2610 exhortationem
2481 2557 2548 2612 ad
2579 2558 2838 2627 populum
2865 2559 3234 2630 persequitur,
3267 2576 3432 2633 quam

1849 2647 2104 2718 exemplo
2143 2647 2588 2720 presbyterorum
2636 2650 2836 2719 premit
2875 2662 3172 2722 urgetque,
3217 2652 3431 2718 καθὼς.

1849 2739 2052 2810 inquit,
2089 2738 2286 2807 ἔγνων,
2312 2739 2777 2810 quemadmodum
2820 2743 3051 2813 cOgnovi
3084 2743 3433 2815 presbyteros

1849 2831 2126 2886 animatos
2154 2844 2302 2894 esse,
2331 2830 2407 2884 ita
2437 2837 2492 2885 et
2521 2845 2620 2886 vos
2645 2832 2874 2888 animati
2901 2833 3042 2888 sitis.
3068 2831 3228 2888 Nulla
3266 2834 3434 2904 igitur

1849 2928 1966 2973 arte
1996 2917 2258 2988 populum
2291 2918 2609 2988 aggreditur
2631 2919 3096 2990 lgnatius,'multo
3120 2924 3306 2980 minus
3323 2926 3429 2980 alia

1848 3009 2108 3079 populum
2129 3048 2146 3076 ,
2185 3008 2297 3063 alia
2340 3010 2670 3079 presbyteros
2715 3023 2830 3067 arte
2865 3016 3192 3084 aggreditur,
3225 3025 3286 3071 ut
3315 3019 3432 3074 vult

138 3112 310 3169 fuisse
337 3113 524 3184 gratia
578 3111 716 3176 Dei,
743 3112 874 3181 quia
918 3111 1315 3182 presbyterium
1365 3127 1433 3166 ex
1483 3111 1601 3181 lege
1645 3109 1741 3166 Dei
1770 3148 1812 3205 Ο
1853 3098 2180 3165 Salmasius,
2212 3114 2352 3169 quos
2393 3115 2459 3154 ex
2518 3101 2760 3170 ipsorum
2809 3106 3224 3160 conversatione
3280 3109 3432 3162 novit

140 3205 532 3276 pmoriptum
576 3214 684 3270 est,
726 3203 1077 3274 episcOpatus
1119 3203 1214 3258 illo
1256 3204 1512 3274 superior
1545 3219 1614 3258 ex
1645 3220 1741 3258 vo-

141 3297 356 3352 luntate
413 3296 705 3350 hominum
746 3295 1111 3361 introductus,
1142 3305 1196 3351 et
1229 3297 1448 3366 quidem
1492 3297 1586 3351 diu
1617 3306 1744 3366 post

141 3390 532 3462 apostolorum
551 3389 801 3443 omnium
835 3389 1227 3444 mortem?Aut
1245 3389 1373 3458 quis
1401 3389 1642 3458 colliget,
1672 3405 1738 3444 ex

139 3499 223 3549 eo,
247 3483 406 3554 quod
435 3482 569 3553 quid
588 3483 764 3554 gratia
787 3482 882 3537 Dei
903 3481 1104 3537 factum
1122 3497 1244 3537 esse
1259 3481 1481 3547 dicitur,
1509 3482 1650 3535 idem
1672 3496 1739 3536 ex

138 3576 428 3630 voluntate
452 3582 506 3628 et
538 3573 884 3629 institutione
905 3571 1091 3627 divina
1115 3572 1280 3627 etiam
1319 3571 1577 3641 primaeva
1611 3587 1739 3642 pro—

139 3667 347 3724 fectum
377 3683 490 3721 non
523 3667 688 3722 esse?
727 3665 1058 3722 Salmasium
1092 3665 1271 3736 ipsum
1311 3665 1544 3735 appello,
1581 3665 1741 3734 cujus

140 3761 257 3815 hzec
286 3761 464 3814 verba
501 3768 632 3815 sunt
664 3775 678 3809 τ
713 3757 881 3824 Quasi
904 3775 1024 3813 vero
1054 3775 1118 3813 ea
1151 3774 1270 3828 qua:
1305 3773 1370 3811 ea:
1403 3757 1741 3830 institutione

141 3851 344 3906 Christi
377 3859 691 3914 manarunt,
722 3866 826 3904 non
851 3851 1014 3904 etiam
1041 3849 1135 3904 Dei
1163 3851 1398 3921 gratiam
1425 3849 1736 3919 pra’fcrant.

141 3945 218 4000 Ea
242 3947 368 4000 sine
391 3945 544 4000 omni
572 3943 739 3999 dubio
767 3942 1054 4012 scriptoris
1084 3958 1239 3998 mens
1267 3941 1391 4006 fuit,
1415 3941 1508 4012 qui
1525 3942 1740 4010 epLsco-

142 4039 321 4107 palcm
354 4037 631 4100 ordinem,
669 4046 944 4106 quatenus
966 4035 1308 4106 presbyterio
1346 4033 1740 4103 superimposi-

142 4141 228 4186 tus
255 4141 381 4196 est,
427 4145 576 4185 nunc
623 4129 784 4201 χάριν
830 4126 998 4195 Θεοῦ,
1035 4142 1182 4182 nunc
1216 4123 1440 4199 γνώμην
1471 4124 1735 4197 Χριστοῦ,

142 4241 290 4279 nunc
319 4225 424 4295 τὴν
458 4223 680 4295 ἐντολήν
720 4223 992 4293 appellat,
1027 4223 1274 4291 adeoque
1307 4237 1373 4275 ex
1405 4221 1580 4291 gratia
1617 4217 1736 4284 Dei,

139 4333 205 4372 ex
237 4317 519 4373 sententia
547 4315 778 4377 Christi,
809 4332 876 4370 ex
908 4316 1167 4370 mandato
1209 4315 1398 4369 divino
1425 4315 1734 4368 institutum

140 4409 316 4464 fuisse
345 4408 528 4462 docet.
557 4406 784 4460 Frustra
801 4405 967 4476 igitur
992 4405 1299 4474 excogitata
1316 4415 1400 4460 est
1421 4404 1511 4458 illa
1540 4404 1738 4458 distin-

1844 3193 1912 3248 ad
1943 3193 2303 3248 reverentiam
2344 3192 2602 3262 episcopo
2640 3195 3001 3250 exhibendam
3052 3198 3185 3253 satis
3237 3209 3431 3269 sponte

1844 3303 1943 3344 sua
1976 3286 2127 3342 ferri.
2169 3285 2318 3340 Adeo
2361 3287 2561 3341 misere
2603 3288 2751 3342 hunc
2791 3289 2972 3343 locum
3007 3292 3165 3346 torsit
3213 3289 3427 3346 Salma-

1844 3381 1982 3445 sius,
2009 3389 2070 3436 ut
2097 3381 2166 3435 ad
2206 3396 2364 3434 suam
2411 3381 2738 3435 sententiam
2770 3395 2894 3435 eum
2928 3382 3190 3438 traheret.
3237 3383 3428 3456 Neque

1844 3475 2068 3528 mirum.
2095 3473 2296 3528 Totum
2318 3474 2462 3528 enim
2490 3473 2621 3528 illud
2644 3473 2957 3542 aedilicium,
2991 3475 3140 3545 quod
3165 3477 3280 3547 ipse
3298 3495 3425 3534 cum

1843 3565 2148 3634 Blondello,
2186 3566 2254 3622 de
2278 3567 2634 3621 successione
2659 3567 2899 3636 proximi
2929 3568 3234 3638 presbyteri
3265 3570 3318 3624 in
3344 3555 3440 3626 lo-i

1841 3675 1970 3715 cum
1998 3674 2098 3716 seu
2125 3659 2419 3730 primatum
2438 3658 2772 3721 decedentis,
2796 3669 3162 3724 exstruxerat,
3191 3662 3295 3716 huc
3317 3677 3427 3718 uno

1843 3751 2158 3806 testimonio
2179 3750 2484 3817 subruitur,
2502 3759 2556 3804 et
2577 3748 2822 3806 funditus
2849 3751 3130 3806 evertitur.
3151 3750 3252 3807 Ubi
3277 3754 3423 3809 enim

1843 3843 1934 3898 illa
1961 3843 2241 3898 successio
2259 3841 2420 3913 primi
2445 3842 2746 3897 secundum
2778 3843 3176 3898 institutionem
3198 3847 3424 3919 presby-

1842 3936 1945 3990 teri
1993 3951 2050 3990 ιη
2094 3937 2275 3991 locum
2304 3934 2583 4000 defuncti,
2616 3935 2710 3990 ubi
2758 3934 2989 4004 Damas,
3026 3946 3185 3992 aetate
3209 3939 3422 4009 junior,

1840 4030 1939 4086 toti
1982 4029 2324 4101 presbyterio
2373 4030 2712 4100 praeﬁcitur?
2759 4027 2915 4084 Unde
2967 4031 3102 4084 tanti
3152 4032 3425 4103 privilegii

1839 4137 1975 4177 usus
1997 4129 2239 4192 apparet,
2279 4137 2405 4176 cum
2431 4122 2534 4192 ipsi
2566 4121 2868 4192 presbyteri
2905 4122 2955 4176 ei
2983 4121 3062 4176 rei
3096 4131 3204 4177 tam
3240 4140 3425 4194 prom-

1839 4226 1930 4286 pte
1946 4215 2317 4271 conscntirent
2339 4217 2362 4270 ?

1907 4310 2076 4366 Miror
2106 4319 2286 4365 autem
2321 4308 2642 4382 Dionysium
2680 4309 2988 4376 Petavium,
3022 4313 3117 4382 qui
3147 4313 3423 4370 Salmasio

1839 4401 1977 4456 adeo
2004 4401 2324 4455 adversatus
2353 4409 2458 4465 est,
2488 4416 2614 4454 cum
2663 4408 2843 4454 tamen
2878 4403 2930 4454 in
2962 4402 3065 4457 hac
3096 4404 3423 4473 interpreta-

139 4503 249 4557 ctio
295 4503 443 4556 inter
473 4501 709 4571 gratiam
751 4509 804 4554 et
847 4501 1017 4569 legem
1057 4499 1153 4555 Dei
1197 4500 1591 4571 evangelicum.
1638 4498 1736 4553 Se-
1770 4499 1812 4552 D
1841 4495 1989 4549 tione
2013 4494 2248 4548 duorum
2287 4492 2678 4548 vocabulorum
2706 4502 2953 4548 secutum
2983 4509 3127 4560 esse,
3150 4505 3204 4550 et
3228 4495 3295 4550 ad
3326 4513 3427 4551 no-

139 4594 349 4655 eundo,
386 4593 569 4646 adhuc
615 4591 963 4647 manifestius
995 4592 1107 4645 vim
1150 4591 1270 4646 loco
1317 4591 1482 4646 infert
1511 4591 1738 4660 minime

137 4685 454 4748 ferendam,
506 4683 636 4737 dum
668 4681 940 4752 duplicem
983 4697 1050 4736 ex
1087 4681 1173 4736 his
1205 4681 1386 4736 verbis
1418 4679 1737 4750 petitionem

136 4776 425 4848 proponit,
455 4784 518 4829 ut
543 4774 610 4829 de
653 4774 818 4829 rebus
857 4773 1074 4829 duabus
1097 4775 1419 4842 scriptorem
1463 4789 1645 4844 agere,
1671 4774 1740 4828 de

135 4873 438 4940 juventute
483 4867 694 4922 scilicet
739 4865 983 4936 episcopi
1015 4875 1069 4921 et
1109 4866 1351 4920 novitate
1387 4865 1738 4934 episcopatus

137 4964 364 5016 doceat.
399 4957 577 5013 Unam
604 4957 922 5027 petitionem
954 4956 1022 5010 ad
1053 4955 1291 5025 plebem,
1320 4955 1486 5008 aliam
1516 4954 1739 5029 adpre-

140 5054 402 5124 sbyteros
429 5050 633 5121 dirigit.
672 5048 843 5115 Petit,
875 5049 1077 5118 inquit,
1108 5065 1142 5101 a
1167 5047 1334 5119 plebe,
1366 5060 1424 5100 ut
1444 5063 1548 5101 non
1574 5047 1736 5102 nimis

142 5143 498 5213 familiariter
517 5157 636 5195 cum
653 5141 894 5210 episcopo
923 5149 1070 5210 agat,
1099 5139 1239 5211 quod
1270 5139 1514 5193 videatur
1525 5137 1736 5208 junior;

137 5238 272 5306 petit
302 5253 337 5287 α
359 5233 700 5303 presbyteris,
737 5241 797 5286 ut
820 5232 932 5286 sine
960 5231 1273 5303 pra'iudicio
1301 5231 1657 5301 approbando:
1686 5239 1736 5284 et

141 5327 466 5396 recipiendis
515 5325 732 5379 novella:
777 5325 934 5394 hujus
976 5325 1332 5378 institutionis
1359 5365 1374 5387 ,
1405 5327 1658 5378 honorem
1687 5324 1735 5377 ei

140 5420 434 5487 deferrent.
460 5414 538 5471 lta
562 5415 864 5486 Epistolam
912 5415 1118 5485 duplici
1162 5416 1388 5470 nomine
1424 5414 1733 5485 petitoriam

141 5510 430 5580 proponit,
455 5524 581 5564 cum
609 5523 681 5564 ne
705 5524 812 5562 una
839 5508 1061 5577 quidem
1085 5506 1175 5562 hic
1197 5507 1386 5576 petitio
1406 5507 1499 5568 sit,
1529 5506 1732 5561 nedum

141 5602 285 5656 dum.
305 5598 430 5654 Non
451 5599 585 5669 petit
602 5597 848 5670 lgnatius
866 5598 1164 5668 quidquam
1182 5613 1213 5651 a
1228 5597 1448 5667 populo,
1465 5597 1560 5651 sed
1575 5597 1736 5651 docet

142 5694 277 5764 quid
313 5707 414 5748 eos
454 5692 687 5758 deceat;
724 5693 854 5759 ὑμῖν
880 5691 937 5745 δὲ
971 5690 1208 5763 πρέπε;,
1257 5689 1454 5760 inquit,
1497 5689 1572 5760 μὴ
1605 5705 1732 5756 συγι

143 5784 382 5856 χρᾶσθαι
414 5787 482 5855 τῇ
513 5784 700 5856 ἡλικίᾳ
749 5783 843 5839 τοῦ
885 5767 1219 5852 ἐπισκόπου,
1256 5782 1572 5839 indecorum
1611 5797 1734 5840 esse

1839 4601 1966 4640 vam
2022 4585 2392 4654 conjecturam
2423 4585 2549 4639 inde
2600 4584 2935 4656 confugisse.
2969 4587 3291 4659 Νεωτερικὴ
3324 4589 3422 4642 τά-

1841 4675 1923 4742 ξις
1946 4715 1961 4740 ,
1997 4676 2174 4746 inquu
2221 4676 2332 4741 ille,
2374 4677 2579 4731 novitia
2610 4687 2664 4731 et
2715 4693 2908 4732 recens
2929 4686 3016 4733 est
3065 4679 3339 4737 ordinatio
3367 4691 3422 4737 et

1840 4769 2131 4823 institutio.
2162 4767 2262 4823 Per
2290 4767 2441 4822 illam
2473 4777 2654 4823 autem
2688 4784 2795 4822 non
2828 4768 3090 4824 intellexit
3122 4769 3423 4827 institutio-

1841 4876 1966 4916 nem
2003 4861 2216 4916 ordinis
2249 4860 2580 4932 episcOpalis
2621 4876 2744 4915 cum
2777 4858 3068 4923 Salmasio,
3103 4863 3198 4917 sed
3232 4864 3420 4931 aliam,

1839 4969 2004 5024 quam
2039 4954 2154 5024 ipse
2175 4962 2523 5011 commentus
2547 4962 2663 5020 est;
2698 4953 2846 5008 illam
2882 4970 3094 5024 nempe,
3119 4971 3238 5026 qua:
3274 4974 3422 5011 cont--

1837 5049 2034 5102 moveri
2057 5055 2108 5102 et
2136 5047 2340 5117 jactari
2372 5057 2481 5101 tum
2523 5058 2770 5117 coeperat,
2825 5046 3095 5100 nonnullis
3122 5064 3214 5117 per
3245 5051 3420 5102 ambi-

1841 5139 2039 5192 tionem
2104 5149 2151 5194 et
2226 5140 2573 5209 cupiditatem
2642 5140 2976 5195 introdu:ere
3041 5141 3420 5207 molientibus;

1838 5231 2114 5297 nimirum,
2139 5239 2196 5284 ut
2235 5233 2566 5301 episcopatus
2605 5248 2707 5285 non
2735 5232 2902 5286 libera
2939 5230 3187 5286 electione
3227 5233 3290 5285 ab
3326 5234 3417 5300 iis,

1837 5339 2060 5392 quorum
2091 5324 2364 5388 intererat,
2396 5322 2486 5377 sed
2513 5340 2577 5378 ex
2604 5326 2777 5379 (etatis
2805 5324 2882 5378 vel
2905 5326 3152 5395 temporis
3185 5334 3418 5378 anteces-

1837 5415 2005 5478 sione,
2037 5431 2139 5485 quo
2163 5416 2217 5468 in
2242 5415 2441 5470 clerum
2480 5425 2631 5469 erant
2677 5417 2956 5487 assumpti,
2980 5426 3039 5470 ut
3063 5433 3166 5470 nati
3206 5417 3416 5486 dignis-

1837 5509 2004 5562 simus
2029 5509 2270 5580 quisque,
2298 5508 2389 5563 sed
2415 5508 2822 5579 antiquissimus
2861 5517 3160 5579 caperetur.
3193 5506 3270 5561 lla
3305 5509 3416 5561 duo

1837 5599 2019 5670 magni
2049 5598 2149 5653 viri
2175 5615 2241 5654 ex
2273 5599 2543 5654 diametro
2569 5599 2801 5669 oppositi
2829 5611 2979 5654 sunt.
3012 5599 3103 5654 llle
3132 5599 3274 5653 hanc
3313 5616 3414 5653 an-

1836 5690 2046 5759 tiquam
2090 5690 2492 5746 institutionem
2521 5699 2701 5761 putat,
2733 5692 2826 5746 hic
2875 5691 3136 5746 novitiam
3168 5711 3179 5746 :
3212 5691 3301 5745 ille
3346 5692 3417 5744 ah

1840 5781 2156 5854 apostolicis
2187 5783 2524 5855 temporibus
2553 5783 2864 5850 deductam,
2905 5783 2995 5839 hic
3025 5799 3136 5840 non
3161 5792 3272 5838 tam
3319 5797 3417 5853 per
