3868 6208
452 295 517 350 Π
1541 281 1597 338 8.
1635 279 1981 338 IGNATIUS.
2022 310 2091 319 —
2119 277 2661 335 PROLEGOMENA.
3630 282 3709 340 43

453 387 805 444 ambitionem
831 381 1224 445 introductam,
1254 394 1418 450 quam
1443 394 1472 432 a
1497 378 1853 448 presbyteris,
1888 379 2017 432 dum
2051 383 2096 438 Α
2125 383 2301 430 sonat.
2334 372 2410 428 Ita
2442 373 2607 443 igitur
2653 381 2828 440 verto,
2851 374 2910 428 οὐ
2947 374 3411 447 προσειληφότας,
3462 393 3562 432 non
3609 395 3706 432 co—

451 482 543 537 alii
575 478 760 536 nescio
781 475 876 547 qul
906 489 1025 530 eam
1086 473 1430 528 introducere
1462 479 1815 536 conarentur,
1856 486 2019 539 repu-

449 575 675 627 diatam.
709 566 814 624 Sed
847 567 1008 622 talem
1058 564 1452 619 institutionem
1485 572 1578 616 aut
1602 576 1841 630 unquam
1877 562 2021 616 obti-

453 663 660 726 nuisse,
687 669 783 714 aut
825 666 956 712 tunc
1011 655 1352 726 repudiatam
1398 668 1519 708 esse
1567 660 1760 705 neuter
1800 650 2014 722 probat.

451 751 799 808 Timotheum
829 748 1087 804 Ecclesia:
1115 746 1422 816 Ephesium,
1459 752 1512 798 et
1547 742 1772 798 Damam
1797 743 2020 815 Magne-

451 846 618 901 sianre
648 843 925 914 juniorem
982 839 1331 910 praepositum
1389 835 1560 890 fuisse
1609 835 1879 893 fatemur:
1924 834 2019 890 sed

449 939 673 1008 quinam
715 935 791 991 illi
823 931 1046 997 fuerint,
1080 929 1174 1000 qui
1233 937 1290 982 ut
1330 927 1668 997 antiquitatis
1715 925 1852 978 ratio
1881 940 2020 994 prte-

448 1031 600 1100 cipue
642 1027 921 1081 duceretur
974 1039 1064 1092 per
1115 1021 1371 1078 ambitum
1400 1029 1449 1073 et
1500 1019 1781 1088 factionem
1811 1033 2019 1087 pugna-

450 1123 598 1187 bant,
650 1118 888 1174 nondum
944 1113 1316 1184 intelligimus.
1368 1110 1506 1166 Nam
1558 1110 1704 1180 quod
1749 1108 2018 1179 ejusmodi

451 1217 620 1272 fuisse
651 1212 1054 1270 contentionem
1111 1207 1260 1262 illam
1292 1206 1477 1261 credat
1522 1203 1804 1267 Petavius,
1839 1218 1961 1272 quae
1989 1216 2020 1255 a

449 1308 726 1364 Clemente
753 1302 1040 1376 epistolam
1077 1299 1143 1355 ad
1169 1297 1486 1354 Corinthios
1508 1295 1803 1376 expressit,
1830 1294 1879 1348 id
1905 1295 2022 1348 sine

449 1401 562 1455 ullo
588 1373 944 1454 fundamento
976 1393 1199 1449 dicitur.
1233 1390 1314 1444 llli
1353 1390 1499 1445 enim
1551 1373 1688 1443 unus
1731 1399 1781 1442 et
1817 1387 1953 1441 alter
1976 1386 2021 1440 si

449 1508 510 1548 se
547 1490 850 1561 praeteritos
901 1501 1022 1542 esse
1071 1483 1365 1551 doluerint,
1413 1490 1525 1536 tam
1583 1479 1828 1552 juniores
1856 1494 2020 1549 quam

449 1583 691 1638 seniores
721 1595 864 1644 esse,
896 1587 1008 1633 tam
1029 1591 1132 1647 pro
1155 1575 1352 1630 merito
1381 1589 1544 1644 quam
1590 1588 1690 1643 pro
1731 1580 1886 1625 aetate
1924 1587 2024 1641 pu-

451 1688 620 1746 gnare
650 1679 964 1742 potuerunt.
1017 1666 1346 1735 Quicunque
1400 1675 1578 1719 autent
1635 1662 1869 1727 fuerint,
1928 1676 2022 1716 eos

2122 470 2374 538 gitantes,
2427 484 2529 521 non
2580 467 2994 534 considerantes,
3056 485 3159 522 non
3217 471 3568 540 respicientes.
3631 470 3712 526 Ut

2123 559 2551 629 Paraphrastes,
2600 558 2660 610 οὐ
2697 558 2836 630 πρὸς
2883 559 2984 630 τὴν
3019 560 3348 633 φαινομένην
3379 561 3713 634 ἀφορῶντας

2122 648 2374 720 νεότητα.
2429 647 2545 702 Non
2574 648 2718 702 enim
2773 650 2862 703 hic
2908 649 3190 719 lgnatiana
3248 653 3543 707 miserrime
3573 671 3707 724 per—

2127 740 2282 795 vertit
2318 740 2430 806 ille,
2455 740 2653 794 utvult
2693 738 3016 808 Salmasius,
3042 743 3134 796 sed
3168 742 3395 798 tideliter
3433 752 3488 800 et
3538 745 3715 816 plane

2124 831 2384 901 explicat.

2193 921 2397 989 Quare,
2451 938 2576 978 cum
2621 923 2736 978 haec
2790 932 3001 978 aetatem
3064 924 3246 980 Dama:
3295 925 3709 998 Magnesiorum

2123 1012 2361 1082 episcopi
2398 1013 2778 1068 tantummodo
2828 1015 3146 1084 respiciant,
3194 1033 3318 1071 cum
3348 1031 3541 1073 auctor
3567 1019 3711 1090 Epi-

2125 1101 2390 1158 stolarum
2416 1103 2620 1174 ubique
2651 1103 3024 1174 episcopatum
3048 1121 3077 1160 a
3127 1105 3351 1162 Christo
3383 1109 3707 1165 institutum

2123 1207 2244 1249 esse
2269 1194 2558 1265 signiticet,
2584 1209 2713 1248 cum
2751 1195 3092 1250 Christianos
3135 1213 3348 1259 omnes,
3387 1200 3548 1254 etiam
3573 1217 3707 1270 pre-

2124 1285 2397 1356 shyteros,
2452 1300 2592 1357 quos
2646 1301 2676 1340 a
2729 1285 2841 1340 Deo
2869 1287 3150 1342 institutos
3200 1287 3367 1345 fuisse
3417 1291 3600 1358 docet,
3643 1302 3710 1346 ut

2125 1378 2382 1447 episcopo
2417 1385 2647 1448 pareant
2696 1387 3022 1434 constanter
3074 1391 3312 1445 moneat,
3359 1398 3482 1438 cum
3509 1399 3708 1439 omnes

2124 1469 2217 1537 qui
2253 1469 2329 1522 illi
2358 1469 2470 1538 jam
2505 1471 2638 1540 ipsis
2677 1471 3104 1541 superimposito
3143 1473 3505 1545 refragantur,
3558 1477 3706 1530 mala

2125 1561 2462 1615 conscientia
2522 1561 2718 1630 premi,
2752 1571 2807 1616 et
2853 1563 3071 1618 diabolo
3117 1565 3382 1619 inservire
3407 1569 3705 1635 ostendat;

2129 1651 2304 1720 palam
2331 1662 2434 1718 est,
2469 1653 2614 1708 hunc
2645 1654 2825 1708 locum
2879 1654 2947 1710 de
3003 1658 3213 1711 novella
3247 1658 3592 1729 episcopatus
3617 1662 3707 1724 in-

450 1743 570 1833 ipse
598 1776 705 1816 non
752 1759 820 1815 de
867 1759 1208 1830 episcopatu.
1251 1758 1344 1811 sed
1391 1754 2018 1825 presbyteratueonten-
2050 1772 2092 1827 Β
2122 1743 2406 1798 stitulione
2441 1744 2669 1816 intelligi
2721 1761 2833 1800 non
2878 1763 3060 1818 posse.
3115 1749 3226 1803 Aut
3251 1751 3299 1805 si
3345 1753 3469 1821 quis
3502 1752 3573 1806 sit
3601 1755 3704 1823 qui

453 1851 602 1906 disse
648 1848 868 1915 fatetur,
928 1857 981 1902 et
1035 1846 1408 1916 conjecturam
1464 1857 1618 1898 suam
1677 1839 2020 1895 Salmasiana

450 1943 890 1999 vcrisimiliorem
921 1948 1131 1994 tantum
1164 1952 1286 1992 esse
1333 1935 1486 2000 dicit,
1514 1948 1612 2003 pro
1636 1933 1860 1986 veritate
1899 1931 2020 2001 ejus

452 2034 745 2092 asserenda
776 2032 913 2088 nihil
972 2030 1148 2086 aﬂ'ert.
1217 2028 1324 2083 Sed
1369 2028 1531 2082 video
1563 2026 1704 2081 unde
1725 2025 1779 2078 in
1811 2033 2021 2079 tantam

454 2124 917 2189 incertitudiuem,
947 2128 1171 2191 tamque
1193 2118 1607 2191 improbabilem
1645 2116 2020 2186 conjecturam

448 2215 706 2270 inciderit
745 2214 828 2268 vir
873 2212 1248 2268 doctissimus.
1296 2209 1472 2265 Verba
1512 2209 1601 2262 illa
1650 2206 1924 2276 lgnatiana
1959 2205 2020 2257 οὐ

455 2303 886 2377 προσειληφότας
922 2302 1063 2356 male
1093 2301 1253 2370 cepit.
1281 2300 1529 2360 Omnino,
1557 2297 1754 2366 inquit,
1811 2297 2024 2366 presby-

450 2410 591 2453 teros
623 2395 924 2465 repudiasse
982 2410 1072 2448 nec
1100 2394 1381 2446 admisisse
1411 2391 1547 2445 illud
1603 2391 1814 2456 asserit,
1858 2391 2023 2460 quod-

449 2503 655 2559 cunque
715 2485 927 2540 tandem
975 2483 1303 2556 νεωτερικὴν
1355 2481 1508 2546 τάξιν
1562 2482 1813 2551 appellat.
1884 2483 2021 2536 Cum

453 2580 621 2651 igitur
669 2592 772 2633 nec
817 2577 1179 2647 juventutem,
1231 2590 1332 2630 nec
1375 2574 1736 2644 episc0palcm
1773 2574 2020 2628 ordinem

453 2669 864 2741 repudiaverim
918 2667 1204 2741 Magnesii,
1249 2675 1311 2722 ut
1355 2682 1424 2721 ex
1459 2667 1578 2737 ipso
1621 2667 1742 2721 loco
1773 2675 2021 2732 constat;

453 2761 602 2818 aliud
634 2761 836 2832 aliquid
877 2759 1296 2830 excogitandum
1321 2759 1532 2830 putavit
1581 2757 1853 2825 Petavius,
1876 2759 2022 2830 quod

453 2855 525 2910 ab
598 2854 708 2909 illis
774 2853 1124 2922 repudiatum
1206 2861 1331 2917 est,
1396 2849 1652 2921 quodque
1726 2849 2025 2923 νεωτερικὴ

451 2944 606 3009 τάξις
639 2944 826 2998 vocari
863 2952 1065 3013 posset.
1114 2942 1182 2996 Et
1230 2957 1422 2997 omnes
1463 2943 1680 3013 quidem
1712 2942 1806 3011 qui
1831 2958 2025 2994 νεωτε-

453 3035 613 3109 ρικὴν
647 3034 800 3100 τάξιν
832 3033 1090 3089 novellam
1122 3035 1508 3088 institutionem
1549 3034 1800 3099 redduut,
1845 3033 1898 3086 in
1932 3033 2023 3086 illa

448 3143 586 3183 voce
639 3124 1072 3199 προσειληφότας
1134 3125 1453 3194 explicanda
1532 3125 1760 3179 hmrent.
1826 3123 2024 3188 Καθὼς

447 3217 622 3288 ιγνων
655 3219 748 3272 καὶ
778 3218 907 3282 τοὺς
937 3215 1126 3286 ἁγίους
1172 3215 1598 3288 πρεσϐυτέρους,
1647 3215 1708 3268 οὺ
1743 3214 2026 3286 προσειλη-

451 3313 620 3382 φότας
673 3311 775 3384 τὴν
828 3309 1162 3382 φαινομένην
1207 3307 1540 3380 νεωτερικὴν
1571 3306 1757 3372 τάξιν,
1807 3307 1923 3360 ἀλλ’
1950 3307 2026 3372 ὡς

449 3405 748 3477 φρονίμους
791 3405 852 3458 ἐν
890 3401 1009 3473 Θεῷ
1060 3399 1480 3472 συγχωροῦντας
1528 3397 1708 3470 αὐτῷ,
1763 3399 1845 3454 sic
1899 3398 2024 3452 red-

444 3492 531 3549 dit
572 3490 920 3548 Salmaslus:
969 3489 1118 3546 Sicut
1164 3491 1382 3560 cognovi
1426 3489 1790 3558 presbyteros,
1838 3504 1942 3541 non
1968 3496 2027 3543 ut

450 3587 768 3656 accipientes
797 3599 935 3650 eam,
983 3598 1102 3655 qua:
1157 3599 1289 3636 nova
1325 3589 1565 3652 apparet,
1615 3581 2023 3645 institutionem,

451 3675 543 3729 sed
569 3686 823 3744 tanquam
874 3672 1155 3743 prudentes
1201 3673 1261 3726 in
1313 3672 1443 3736 Deo,
1470 3670 1708 3724 cedentes
1757 3669 1881 3739 ipsi.
1920 3665 2024 3722 Ubi

449 3765 631 3835 primo
683 3761 778 3816 καί
809 3761 1133 3832 particulam
1161 3763 1379 3830 omittit,
1426 3770 1487 3817 ut
1513 3761 1861 3832 explicationi
1914 3776 2027 3816 suae

450 3854 757 3919 inimicam,
785 3853 935 3924 quod
984 3869 1049 3909 ea
1083 3854 1336 3909 ostendat
1373 3855 1693 3924 scriptorem
1733 3853 1800 3908 de
1835 3853 2023 3907 eadem

454 3961 513 4000 re
544 3945 717 4013 loqui,
750 3961 877 4001 cum
927 3945 1374 4016 presbyterorum
1409 3946 1714 4016 exemplum
1746 3944 2023 4013 proponit,

446 4039 521 4094 de
547 4053 656 4108 qua
687 4037 948 4108 populum
1001 4045 1312 4101 monuerat,
1359 4037 1588 4100 scilicet,
1618 4037 1684 4092 de
1724 4045 1882 4091 aetate
1911 4034 2026 4104 epi-

453 4129 607 4200 scopi
633 4147 648 4184 :
697 4129 858 4184 aliter
885 4127 1031 4185 enim
1057 4126 1240 4193 καθὼς
1273 4129 1365 4183 καί
1397 4129 1599 4199 exponi
1629 4144 1738 4184 non
1769 4135 2025 4198 possunt.

455 4217 732 4278 Secundo.
755 4219 1009 4274 voculam
1052 4227 1115 4272 ut
1170 4219 1237 4274 de
1281 4233 1384 4273 suo
1411 4218 1647 4286 addidit;
1691 4218 1828 4272 vidit
1856 4216 2025 4283 enim,

452 4329 559 4368 non
590 4313 928 4382 accipientes,
958 4310 1050 4366 hic
1075 4311 1256 4366 locqu
1286 4310 1486 4365 habere
1525 4326 1632 4364 non
1659 4324 1840 4380 posse.
1877 4307 2026 4364 The-

2123 1835 2302 1890 adhuc
2326 1836 2554 1902 dubitet,
2585 1852 2654 1890 an
2682 1837 2799 1892 haec
2822 1840 3006 1893 omnia
3059 1841 3125 1894 ad
3149 1850 3361 1895 aetatem
3401 1841 3583 1896 Dama:
3613 1860 3707 1898 re-

2125 1926 2254 1980 ferri
2315 1928 2576 1995 debeant;
2629 1944 2756 1984 eum
2814 1931 3042 1986 omnino
3103 1942 3318 2002 oportet
3365 1934 3705 2007 νεωτερικὴν

2122 2016 2276 2083 τάξιν
2308 2017 2376 2072 de
2426 2020 2657 2084 recenti,
2695 2035 2803 2074 non
2847 2021 3196 2092 episcopatus
3237 2039 3330 2078 seu
3367 2025 3550 2089 ollicii,
3601 2027 3704 2080 sed

2125 2109 2364 2165 hominis
2407 2127 2504 2166 seu
2533 2113 2774 2183 episcopi
2800 2115 3142 2170 ordinatione
3175 2116 3557 2186 interpretari;
3590 2118 3705 2171 nisi

2122 2201 2252 2256 velit
2273 2202 2557 2272 scriptoris
2601 2204 2852 2259 instituto
2875 2215 3060 2276 aperte
3089 2209 3480 2264 contradicere.
3506 2209 3709 2264 Fateor

2122 2294 2269 2349 enim
2302 2310 2490 2350 vocem
2523 2299 2854 2369 νεωτερικήν
2898 2299 2965 2353 de
3006 2315 3066 2353 re
3116 2300 3296 2370 aliqua
3327 2302 3566 2367 recenti,
3596 2317 3704 2357 seu

2123 2386 2388 2442 moderna
2432 2390 2689 2457 usurpari
2743 2404 2925 2458 posse,
2983 2399 3039 2445 et
3083 2391 3219 2447 satis
3259 2393 3478 2462 quidem
3501 2395 3705 2462 origini

2125 2491 2239 2531 suae
2267 2493 2528 2550 congrue.
2550 2480 2701 2536 Utde
2723 2481 2950 2537 Hierace
2978 2483 3335 2554 Epiphanius,
3359 2485 3550 2541 lueresi
3581 2486 3654 2538 67
3685 2509 3702 2542 :

2123 2567 2373 2640 ψαλμοὺς
2437 2570 2664 2636 πολλοὺς
2709 2575 3076 2646 νεωτερικοὺς
3121 2576 3413 2630 ἐπλάσατο.
3453 2576 3706 2632 Psalmos

2125 2663 2416 2733 complures
2473 2674 2726 2734 recentes,
2773 2682 2870 2723 seu
2911 2668 3134 2722 novitios
3185 2670 3464 2740 conﬁnxit.
3514 2668 3579 2724 Et
3602 2671 3705 2740 qui

2126 2755 2199 2810 ita
2260 2755 2407 2810 hunc
2474 2757 2800 2827 scriptorem
2865 2758 3192 2816 intellexerit
3239 2761 3306 2816 de
3349 2762 3709 2816 ordinatione

2127 2847 2310 2905 Damae
2346 2859 2594 2906 recenter
2620 2849 2785 2916 facta,
2824 2852 3129 2907 doctrinam
3181 2852 3516 2924 lgnatianam
3567 2853 3707 2908 alibi

2125 2942 2347 3012 copiose
2373 2943 2699 3012 explicatam
2755 2945 2899 2998 haud
2935 2944 3192 3012 violabit;
3239 2945 3333 3000 sed
3367 2961 3528 3014 quam
3566 2961 3710 2998 eon-

2126 3048 2320 3102 gruum
2356 3035 2482 3089 huic
2504 3034 2627 3089 loco
2651 3051 2873 3091 sensum
2899 3051 2964 3090 ea
2994 3036 3438 3106 interpretatione
3461 3037 3708 3090 tribucre

2127 3123 2322 3194 possit,
2356 3124 2474 3194 ipse
2505 3124 2722 3181 viderit.
2758 3124 2873 3180 Vox
2904 3129 3048 3180 enim
3078 3127 3167 3179 illa
3201 3125 3529 3197 φαινομένην
3559 3141 3707 3195 pra:-

2127 3225 2208 3269 ter
2238 3216 2344 3270 alia
2375 3216 2626 3285 superius
2665 3217 2896 3273 adducta
2953 3217 3084 3271 mihi
3131 3217 3411 3288 postulare
3461 3218 3703 3282 videtur,

2126 3315 2188 3362 ut
2217 3306 2515 3379 νεωτερικὴ
2545 3307 2697 3372 τάξις
2737 3308 2804 3362 ad
2846 3317 3062 3363 aetatem
3117 3307 3406 3363 referatur.
3468 3307 3706 3364 Denotat

2125 3397 2272 3452 enim
2315 3399 2437 3455 sine
2464 3399 2633 3454 dubio
2661 3399 2865 3469 aliquid
2899 3400 3046 3470 quod
3083 3416 3149 3455 ex
3187 3411 3480 3470 conspectu
3516 3401 3705 3457 Dama:

2127 3489 2458 3558 apparebat;
2489 3497 2551 3544 ut
2581 3489 2889 3544 ostenderet
2911 3504 3037 3543 eum
3086 3489 3237 3543 vultu
3276 3489 3551 3558 juvenem,
3578 3504 3705 3542 mo-

2128 3582 2278 3638 ribus
2301 3581 2500 3636 virum.
2524 3580 2644 3649 Quo
2674 3583 2838 3636 etiam
2870 3582 2982 3646 illa,
3036 3581 3127 3635 τὺν
3163 3581 3462 3635 ἐπίσκοπον
3508 3581 3705 3636 τοῦτον

2123 3677 2217 3731 τὸν
2252 3676 2603 3749 βλεπόμενον,
2639 3693 2762 3748 quae
2791 3677 2976 3733 statim
3004 3678 3058 3732 in
3087 3677 3277 3732 eadem
3320 3675 3580 3746 periocha
3611 3689 3704 3729 se-

2124 3778 2390 3838 quuntur,
2413 3777 2681 3838 spectant.

2198 3860 2336 3915 Dum
2410 3863 2555 3927 haec,
2599 3875 2766 3931 opere
2815 3860 3034 3931 penitus
3064 3859 3238 3926 finito,
3289 3858 3484 3914 Lector
3528 3857 3703 3911 benc-

2126 3947 2267 4014 vole,
2307 3949 2509 4012 scribo,
2539 3958 2903 4017 pervenerunt
2925 3950 2991 4003 ad
3034 3965 3228 4004 manus
3257 3964 3428 4015 meas,
3451 3946 3552 4002 SS.
3589 3945 3703 3999 Pa-

2129 4050 2267 4092 trum
2293 4041 2382 4110 qui
2403 4040 2719 4109 temporibus
2753 4041 3058 4110 apostolicis
3101 4040 3394 4109 ﬂoruerunt
3437 4039 3632 4106 Opera,
3667 4051 3701 4089 ι

2125 4129 2336 4185 Joanne
2374 4129 2616 4200 Baptista
2665 4129 2974 4198 Cotelerio,
3042 4131 3318 4186 societatis
3383 4127 3703 4183 Sorbonicae

2127 4221 2385 4291 theologo
2417 4220 2761 4288 doctissimo,
2819 4221 2984 4276 edita.
3045 4221 3166 4287 Quo
3209 4221 3348 4275 libro
3379 4228 3698 4288 conspecto,

2129 4313 2280 4368 hisce
2325 4313 2661 4382 temporibus
2711 4328 2822 4367 non
2875 4315 3026 4382 potui
3075 4329 3182 4368 non
3231 4312 3376 4368 serio
3410 4310 3698 4380 gratulari,

455 4419 580 4460 seos
640 4402 969 4474 Capelliana:
1032 4410 1224 4457 auctor
1281 4401 1436 4457 aliter
1495 4403 1802 4457 versionem
1865 4415 2021 4456 suam
2058 4444 2102 4500 υ
2127 4405 2276 4474 quod
2310 4405 2475 4459 etiam
2505 4405 2560 4458 in
2592 4406 2831 4461 Ecclesia
2853 4407 3160 4472 Gallicana,
3209 4404 3555 4460 libertatibus
3581 4403 3702 4457 suis

453 4493 773 4565 temperavit
803 4510 816 4547 :
878 4491 1153 4557 Quomodo
1188 4508 1369 4546 censeo
1406 4501 1614 4546 sanctos
1663 4492 2023 4561 presbyteros;

454 4586 502 4638 si
527 4585 701 4639 minus
733 4583 989 4652 recipiant
1018 4581 1276 4636 novellam
1293 4582 1452 4635 istam
1473 4597 1592 4651 quae
1609 4581 1726 4650 jam
1758 4590 1835 4634 est
1869 4581 2023 4634 insti-

455 4678 732 4744 tutionem,
776 4676 967 4732 saltem
1007 4685 1258 4747 tanquam
1312 4678 1592 4746 prudentes
1623 4676 1678 4728 in
1706 4674 1814 4729 Deo
1839 4677 2024 4728 cedant

453 4771 714 4839 episcopo,
767 4779 850 4837 ut,
905 4784 1032 4824 cum
1084 4767 1265 4824 omnia
1298 4766 1626 4834 confuderit,
1675 4766 1811 4820 nihil
1857 4765 2021 4821 dicat.

455 4857 712 4915 Petavius
737 4873 770 4915 a
795 4860 1048 4915 versione
1092 4866 1252 4913 caute
1293 4857 1579 4923 abstinuit,
1632 4856 1736 4911 hac
1764 4856 2024 4911 observa-

454 4951 608 5006 tione
643 4959 970 5016 contentus,
1025 4951 1372 5022 presbyteros
1413 4948 1512 5020 τὴν
1565 4947 1895 5019 νεωτερικὴν
1925 4947 2024 5001 τά·

455 5041 541 5110 ξιν
571 5043 909 5114 repudiasse.
941 5042 1079 5098 Mira
1127 5044 1243 5098 haec
1268 5057 1400 5099 sane
1448 5041 1826 5111 interpretatio
1855 5041 2024 5104 illius,

455 5134 550 5204 qui
578 5134 864 5206 profitetur
892 5133 1164 5205 lgnatium
1205 5134 1396 5188 iisdem
1445 5133 1627 5187 verbis
1679 5133 2026 5202 presbyteros

454 5225 592 5296 plebi
617 5243 902 5298 proponere
921 5228 1230 5282 imitandos.
1277 5224 1384 5281 Sed
1427 5226 1511 5293 hi,
1558 5225 1689 5294 quid
1719 5225 1789 5280 sit
1810 5242 2028 5298 προσει-

456 5316 715 5388 ληφότας,
751 5319 854 5374 hoc
881 5320 1002 5375 loco
1056 5335 1164 5374 non
1197 5319 1468 5374 viderunt.
1527 5317 1799 5373 Patricius
1826 5316 2026 5372 Junius

456 5408 585 5480 legit
611 5411 670 5463 οὗ
706 5411 1120 5479 προειληφότας,
1148 5427 1250 5464 non
1270 5419 1632 5480 praeoccupato
1660 5393 1837 5464 animo
1859 5412 2026 5479 respi-

457 5503 671 5563 cientes,
703 5504 848 5558 haud
877 5519 1049 5569 ma.e;
1075 5504 1169 5558 sed
1199 5513 1258 5558 ut
1296 5505 1528 5558 litteram
1559 5503 1854 5570 omitteret,
1886 5517 2026 5572 Opus

457 5606 566 5646 non
598 5602 734 5649 erat.
757 5593 978 5659 Suidas,
1003 5595 1460 5666 Προσειλήφεσαν,
1497 5595 1785 5659 ὑπέλαϐον,
1821 5595 2023 5648 ἐνόουν.

452 5680 603 5739 Nihil
657 5686 805 5743 aliud
855 5688 943 5743 hic
975 5686 1446 5759 προσειληφότας,
1515 5698 1678 5758 quam
1725 5689 2024 5758 νοήσαντας

2127 4497 2330 4566 optime
2352 4513 2474 4563 usa,
2505 4496 2742 4568 theologi
2771 4514 2836 4552 ex
2893 4500 3041 4553 omni
3069 4499 3259 4553 ordine
3307 4496 3543 4550 maxime
3573 4509 3704 4549 eru-

2125 4589 2221 4644 diti
2245 4605 2355 4644 non
2395 4600 2603 4646 tantum
2637 4607 2735 4661 pro
2769 4593 2913 4646 veris
2945 4593 3182 4662 antiquae
3211 4592 3466 4647 Ecclesia:
3498 4605 3702 4644 monu-

2127 4685 2325 4738 mentis
2355 4693 2572 4740 strenue
2623 4694 2960 4748 conccrtent,
3002 4686 3095 4739 sed
3127 4686 3274 4739 etde
3317 4684 3472 4738 libris
3499 4683 3705 4752 spuriis

2126 4785 2181 4830 et
2208 4777 2590 4846 suppositiliis,
2615 4777 2710 4846 qui
2763 4778 3026 4832 hactenus
3057 4776 3263 4831 mundo
3301 4776 3704 4845 imposuerunt,

2126 4879 2180 4925 et
2211 4867 2369 4923 suavi
2409 4869 2692 4923 vetustatis
2716 4869 2930 4924 somnio
2951 4868 3164 4922 animos
3193 4867 3476 4921 hominum
3505 4865 3707 4920 delini—

2127 4965 2342 5021 verunt,
2385 4959 2504 5012 sine
2551 4958 2700 5012 omni
2731 4958 2966 5028 partium
3025 4956 3206 5012 studio
3243 4956 3516 5026 judicent;
3553 4956 3704 5024 quod

2127 5057 2251 5119 post
2304 5047 2698 5114 Sit-mendum,
2755 5049 3058 5114 Petavium,
3110 5047 3329 5102 Petrum
3374 5045 3442 5100 de
3499 5044 3704 5110 Marca,

2129 5141 2440 5209 Morinum,
2489 5141 2841 5209 Launoium,
2897 5152 3020 5212 post
3077 5140 3375 5204 Valesium,
3445 5136 3702 5191 liuetium

2128 5234 2376 5304 aliosque
2423 5234 2754 5302 complures,
2814 5236 2977 5288 etiam
3026 5233 3330 5288 Cotelerius
3356 5230 3588 5286 candide
3637 5231 3706 5284 de

2130 5325 2216 5379 his
2251 5325 2416 5378 rebus
2441 5325 2781 5393 pronuntiet,
2812 5325 3150 5378 eruditorum
3199 5323 3339 5377 inter
3371 5329 3590 5375 nostros
3622 5321 3706 5371 vi-

2129 5429 2314 5468 rorum
2339 5413 2675 5482 diligentiam
2701 5429 2844 5484 saepe
2887 5415 3095 5485 probet,
3137 5414 3435 5482 eademque
3467 5425 3592 5465 cum
3638 5411 3704 5464 li-

2127 5504 2337 5560 bertate
2364 5506 2548 5559 omnia
2578 5505 2854 5561 discutiat.
2909 5504 3060 5559 Unde
3087 5511 3211 5574 Spes
3266 5513 3371 5568 est,
3404 5501 3703 5571 aliquando

2128 5593 2266 5663 fore,
2307 5604 2368 5668 ut
2395 5596 2743 5668 dogmatibus
2776 5596 3168 5651 ecclesiasticis
3199 5595 3379 5665 major
3411 5595 3504 5648 lux
3540 5591 3704 5647 aﬂ‘ul-

2130 5689 2688 5761 geat,‘_controversi:e
2737 5687 2790 5741 in
2821 5686 3026 5742 scholis
3056 5687 3292 5755 agitatae,
3314 5683 3568 5755 pudendo
3599 5684 3704 5738 im-
