3868 6208
162 355 237 410 ta
861 351 909 406 J.
957 338 1326 406 reansozttt
1370 345 1694 402 VtchuE
1733 341 2158 401 IGNATIANAE.
2197 372 2270 383 —
2308 338 2722 396 PROtl-LMIUM.
3359 339 3428 396 so

159 480 451 545 posterum
502 465 814 537 patrocinio
860 464 1094 529 nudatze,
1120 470 1179 517 et
1224 462 1353 516 ﬁcta
1404 457 1750 530 antiquitatis
1781 457 2035 520 Amilem
2091 456 2205 523 fere
2264 456 2516 510 locorum
2570 453 2985 522 explicationem
3058 451 3423 522 deprehendo.

155 567 310 622 larva
343 562 616 633 spoliatae,
664 558 878 628 :equius
929 554 1149 611 tandem
1206 563 1262 610 et
1295 553 1538 610 sedatius
1569 551 1752 608 termi-

152 668 386 722 nentur,
419 654 705 722 animique
735 650 1020 705 hominum
1049 661 1137 715 ea,
1177 661 1286 718 qua
1323 661 1424 716 par
1453 652 1570 709 est,
1595 658 1752 698 reve-

151 751 339 808 rentia
420 745 757 818 primitivam
821 741 1120 797 Ecclesiam
1149 780 1166 804 ,
1230 754 1331 796 sua
1397 735 1752 807 simplicitate

150 841 549 912 conspicuam,
596 852 698 892 nec
741 833 942 890 alienis
984 832 1265 888 coloribus
1301 830 1598 900 depictam,
1655 835 1752 882 aut

149 935 347 1004 potius
413 929 801 993 deformatam,
864 933 1304 997 prosequantur.
1344 921 1490 976 Inter
1531 921 1649 975 hinc
1686 919 1748 972 Β.

149 1027 357 1098 lgnatii
392 1024 570 1095 Epist.
618 1021 784 1077 etiam
825 1019 972 1075 notis
1014 1015 1275 1072 Cotelerii
1300 1015 1584 1070 illustratze
1631 1026 1760 1081 pro-

148 1120 426 1183 dierunt;
470 1131 610 1186 quas
632 1113 748 1184 jam
785 1112 852 1166 ad
881 1109 1184 1166 editionem
1235 1115 1554 1162 nostrorum
1600 1101 1757 1158 festi-

151 1226 326 1275 nans,
355 1208 541 1274 avide,
580 1213 849 1276 quantum
884 1216 981 1273 per
1040 1199 1308 1270 temporis
1349 1195 1637 1268 angustias
1686 1193 1756 1246 li.-

148 1303 294 1366 euit,
327 1298 604 1370 percurri.
657 1295 830 1351 Video
861 1303 1066 1361 autem,
1091 1292 1200 1348 nisi
1232 1305 1322 1347 me
1359 1287 1640 1344 festinatio
1675 1285 1758 1342 fe-

150 1391 320 1455 fellit,
353 1390 465 1444 viri
513 1388 823 1445 doctissimi
855 1385 1184 1442 sententiam
1212 1399 1338 1439 cum
1368 1388 1558 1436 nostra
1596 1379 1757 1450 plane

148 1485 615 1554 conspirantem;
649 1483 796 1538 idem
839 1481 906 1536 de
940 1477 1241 1550 lgnatianis
1275 1475 1568 1546 judicium,
1600 1487 1752 1528 eam-

148 1575 276 1630 dem
309 1575 384 1630 de
424 1573 773 1645 argumentis
832 1567 1276 1627 adversariorum
1306 1563 1644 1634 opinionem,
1677 1559 1754 1616 si-

1857 546 2012 603 Unde
2041 547 2175 602 mihi
2199 546 2346 601 haud
2390 545 2531 601 male
2553 544 2811 615 augurari
2857 543 3068 607 videor,
3103 541 3426 597 sententiam

1854 649 2102 696 nostram
2131 639 2264 694 viris
2321 638 2517 702 doctis,
2563 645 2617 691 et
2655 636 2708 690 in
2755 636 2860 690 hoc
2890 620 3429 703 litterarumgenere

1853 732 2058 802 optime
2085 731 2316 787 versatis
2347 729 2707 799 approbatum
2742 727 2830 790 iri,
2869 741 3075 796 eosque
3127 723 3309 780 statim
3339 721 3430 794 ju-

1855 826 2160 892 dicaturos,
2185 840 2274 880 me
2317 824 2456 878 nihil
2490 824 2546 878 in
2576 823 2664 878 his
2686 821 2937 877 molitum
2963 834 3107 886 esse,
3135 817 3283 889 quod
3319 833 3427 870 non

1857 918 1982 974 aliis
2013 917 2203 973 eadem
2264 915 2627 971 tractantibus
2679 912 2896 969 veritati
2925 911 3164 966 maxime
3200 907 3431 980 apertis-

1859 1010 2110 1080 simeque
2158 1017 2589 1065 consentaneum
2619 1007 2798 1077 prima
2821 1004 2959 1061 facie
2981 1003 3247 1058 videatur.
3269 999 3431 1067 Quod

1856 1100 1902 1156 si
1959 1115 2020 1154 ea
2069 1114 2193 1169 quae
2244 1099 2421 1153 obiter
2467 1097 2719 1163 tractavi,
2768 1104 2824 1151 et
2874 1096 2930 1149 in
2971 1094 3050 1149 tui
3082 1092 3430 1164 potissimum

1855 1191 2112 1262 gratiam,
2150 1187 2348 1244 Lector
2376 1187 2658 1252 benevole,
2689 1181 3173 1240 dissertationibus
3198 1176 3430 1242 inserui,

1861 1281 2070 1354 (qualia
2119 1279 2264 1335 haud
2297 1293 2474 1349 pauca
2503 1276 2557 1331 in
2596 1274 2802 1331 nostris
2830 1269 3096 1341 invenies)
3123 1276 3217 1324 aut
3249 1267 3434 1321 minus

1855 1381 2003 1428 recte
2047 1377 2144 1426 aut
2195 1369 2377 1423 minus
2427 1376 2682 1422 accurate
2731 1363 2874 1419 dicta
2925 1357 3290 1431 iudicaveris;
3332 1369 3435 1408 no-

1855 1467 1949 1521 lim
1993 1479 2058 1520 ea
2121 1477 2246 1518 cum
2308 1475 2489 1516 causa:
2536 1465 2804 1527 suscepta:
2850 1453 3052 1524 injuria
3094 1449 3430 1520 coniungas.

1857 1557 1954 1614 sed
2013 1554 2286 1611 desiderio
2339 1551 2522 1622 potius
2571 1548 2668 1605 tibi
2703 1545 2950 1620 placendi
2979 1544 3231 1614 imputes.
3284 1536 3432 1592 Vale.

157 1718 3403 1768 _____________________________——————

987 1859 1704 1990 VINDICl/E
1785 1849 2630 1973 IGNATIAN/E

1479 2119 2162 2224 P‘RO(EMIUM

891 2364 982 2424 De
1013 2366 1186 2435 ortu,
1218 2372 1575 2437 progressu
1603 2356 1668 2415 et
1697 2350 2021 2414 hodierno
2073 2352 2245 2409 statu
2292 2348 2776 2405 controversum.

686 2551 919 2611 CAPUT
957 2548 1250 2606 PRIMUM.

332 2676 574 2736 Occasio
600 2672 869 2730 scribendi
894 2681 944 2725 et
972 2667 1228 2724 Prommii
1251 2663 1585 2721 distributio.

225 2791 486 2848 Celebris
529 2798 636 2854 est,
672 2787 778 2842 hoc
822 2782 1129 2856 praesertim
1175 2777 1401 2845 szeeulo,
1448 2775 1516 2832 de
1547 2773 1759 2831 ordinis

157 2883 498 2954 episcopalis
529 2897 560 2936 a
592 2879 972 2950 presbyteratu
1008 2872 1388 2933 distinctione,
1429 2869 1516 2924 vel
1560 2867 1758 2923 saltem

159 2975 538 3031 .ﬁsainctionis
568 2972 782 3042 origine
807 2967 1209 3025 controversia.
1236 2963 1298 3018 In
1335 2977 1403 3018 ea
1434 2969 1617 3016 autem
1646 2971 1760 3014 tra-

154 3067 360 3122 ctanda
392 3063 584 3135 magni
614 3061 876 3133 ponderis
898 3060 1096 3115 merito
1124 3056 1312 3112 habita
1347 3062 1434 3112 est
1467 3051 1527 3108 S.
1559 3049 1758 3123 lgnatii

158 3160 262 3214 viri
294 3155 594 3229 apostolici
631 3166 688 3211 et
716 3153 979 3226 martyris
1011 3150 1356 3217 auctoritas;
1388 3145 1550 3218 cuius
1576 3143 1758 3200 diser-

159 3252 383 3307 tissimo
416 3247 969 3319 loeupletissimoque
1010 3241 1333 3300 testimonio
1375 3255 1503 3296 cum
1544 3236 1760 3306 episco-

158 3346 296 3415 palis
315 3357 492 3399 causa
513 3340 797 3407 fulciatur,
814 3345 870 3393 et
892 3336 1143 3408 paritatis
1171 3333 1584 3404 presbyterana:
1610 3326 1758 3383 anti-

159 3437 345 3506 quitas
391 3449 574 3507 nuper
609 3432 924 3504 echgitata
957 3429 1255 3494 concidat;
1297 3442 1364 3483 eo
1401 3425 1622 3481 tandem
1657 3421 1759 3476 de-

158 3538 390 3584 ventum
437 3537 546 3591 est,
591 3534 655 3581 ut
697 3524 794 3595 qui
836 3523 996 3579 aliter
1034 3521 1367 3578 sententiam
1415 3511 1759 3588 episcopatui

160 3621 504 3691 iniquiorem
533 3617 676 3672 tueri
700 3615 857 3670 nullo
881 3614 1047 3669 modo
1073 3620 1326 3683 possent,
1351 3623 1541 3666 omnes
1561 3607 1759 3679 lgnatii

159 3712 433 3782 epistolas
458 3709 854 3774 convellerent,
895 3722 926 3762 a
964 3705 1024 3760 S.
1051 3712 1297 3775 martyre
1329 3702 1563 3772 scriptas
1590 3713 1760 3770 nega-

161 3813 302 3869 rent,
343 3803 507 3858 ﬁctas
538 3814 592 3856 et
622 3798 1001 3871 supposititias
1031 3797 1474 3868 pronuntiarent.

229 3915 383 3971 Inter
422 3915 526 3969 hos
569 3913 656 3967 vir
696 3912 1076 3975 doctissimus,
1108 3909 1353 3966 Joannes
1392 3907 1651 3974 Dallmus,
1700 3907 1758 3961 in
1787 3892 1832 3955 C

162 4008 268 4062 SS.
318 4008 554 4062 Patrum
602 4004 976 4060 monumentis
1032 4001 1328 4072 diligenter
1371 4005 1650 4062 versatus,
1701 3997 1756 4050 in

161 4097 550 4154 discernendis
604 4097 865 4166 operibus
919 4093 1124 4164 spuriis
1177 4091 1477 4147 admodum
1536 4097 1754 4153 acutus,

162 4202 290 4263 post
318 4190 676 4246 velitationes
711 4188 992 4253 Salmasii,
1030 4195 1195 4258 atque
1236 4184 1528 4249 Blondelli,
1556 4183 1756 4237 librum

165 4284 492 4356 nuperrime
511 4283 681 4338 edidit
701 4281 837 4336 satis
857 4281 1153 4351 prolixum,
1173 4295 1286 4348 quo
1305 4277 1583 4347 Epistolas
1601 4277 1760 4346 igna-

165 4379 223 4432 tii
249 4379 423 4433 etiam
451 4373 878 4446 purgatissimas
900 4370 1255 4440 maximeque
1284 4369 1551 4434 sinceras,
1584 4377 1639 4422 et
1661 4382 1759 4421 vc-

165 4482 347 4524 terum
401 4467 735 4523 auctoritate
784 4465 1029 4520 munitas
1065 4472 1122 4519 et
1169 4461 1395 4533 propria
1437 4459 1761 4530 prmstantia

161 4560 528 4631 conspicuas,
569 4555 992 4628 quamplurimis
1018 4553 1358 4626 argumentis
1382 4554 1600 4608 videtur
1628 4551 1758 4618 sibi,

162 4655 435 4724 suisque,
453 4660 518 4706 ut
540 4650 758 4720 opinor,
789 4647 1128 4704 adulterinas
1154 4647 1440 4718 probasse,
1469 4655 1525 4700 et
1548 4645 1760 4700 doctis-

162 4750 445 4804 simorum
465 4746 736 4810 virorum,
774 4742 1174 4812 archiepiscopi
1207 4738 1562 4807 Armachani,
1585 4736 1759 4794 Isaaci

162 4840 383 4905 Vossii,
406 4849 461 4893 et
485 4835 729 4892 doctoris
757 4833 1086 4889 llammondi
1110 4833 1355 4889 rationes
1382 4845 1599 4898 omnes,
1628 4844 1761 4886 sane

162 4932 551 4995 ﬁrmissimas,
593 4927 841 4983 diluisse.

233 5045 424 5117 Hujus
480 5041 587 5100 viri
634 5038 1076 5113 praestantissimi
1127 5036 1409 5109 stupenda:
1464 5034 1761 5107 diligentiae

162 5156 294 5196 cum
327 5149 388 5195 et
418 5136 626 5208 lgnatii.
653 5134 942 5200 sanctitas,
974 5144 1030 5190 et
1062 5134 1414 5204 episcopatus
1443 5131 1756 5187 necessaria

1795 2548 1838 2602 Β
1865 2553 2017 2606 nere,
2053 2550 2176 2609 quae
2203 2530 2538 2592 labefactare
2569 2528 2876 2590 videantur,
2913 2521 3158 2578 refellere
3192 2529 3247 2576 et
3291 2518 3438 2576 refu-

1861 2641 1998 2686 tare.

1930 2718 2068 2773 Cum
2102 2723 2286 2771 autem
2318 2714 2433 2767 hate
2473 2709 2706 2781 quaestio
2743 2706 2932 2762 multis
2958 2721 3072 2777 1am
3117 2701 3296 2758 modis
3335 2695 3441 2756 ini-

1858 2812 2058 2884 plicata
2089 2816 2144 2864 et
2177 2806 2447 2870 involuta,
2479 2803 2764 2872 doctisque
2787 2798 3152 2870 plurimorum
3180 2793 3442 2850 lucubra-

1858 2905 2103 2963 tionibus
2135 2901 2279 2956 facta
2306 2901 2377 2955 sit
2409 2897 2735 2963 obscurior;
2767 2903 2916 2948 utea
2945 2906 3068 2962 quae
3102 2889 3303 2944 dicturi
3348 2905 3441 2944 su-

1861 3012 1987 3054 mus
2035 2991 2276 3048 dilucide
2321 2987 2723 3059 perspicueque
2773 2983 3092 3048 tradantur,
3135 2979 3314 3034 visum
3356 2986 3442 3032 est

1865 3083 2138 3156 imprimis
2167 3079 2569 3141 necessarium,
2619 3077 2711 3130 illa
2754 3073 3108 3145 praemittere,
3148 3085 3272 3142 qua;
3301 3068 3442 3124 ditii-

1858 3177 2082 3238 cultatis
2113 3175 2355 3232 rationes
2384 3169 2698 3243 expediant,
2721 3183 2843 3240 quae
2866 3164 3165 3222 sententias
3192 3163 3440 3216 virorum

1857 3271 2146 3328 doctorum
2191 3265 2486 3336 explicent,
2539 3275 2662 3331 quae
2713 3266 2919 3323 ortum,
2958 3268 3336 3327 progressum,
3385 3262 3444 3308 ωε

1858 3368 2182 3433 praesentem
2203 3353 2596 3412 controversia:
2620 3358 2824 3407 statum
2852 3355 3130 3411 enarrent,
3172 3354 3230 3402 et
3260 3342 3443 3398 inutili

1860 3449 2214 3508 altercatione
2242 3446 2495 3518 praecisa,
2529 3444 2596 3499 ad
2628 3442 2870 3497 futuram
2901 3439 3328 3509 disputationem
3359 3433 3443 3490 fa-

1860 3541 2104 3596 ciliorem
2136 3537 2343 3592 aditum
2372 3533 2726 3605 patefaciant.

1932 3653 2200 3726 lgnatinm
2232 3649 2404 3705 luisse
2432 3647 2790 3702 Antiochenaa
2814 3643 3074 3700 Ecclesia:
3095 3642 3467 3712 episcopum,.

1860 3751 2202 3818 agnoverunt
2232 3748 2504 3813 quotquot
2541 3739 2690 3794 illius
2735 3737 3070 3793 mentionem
3101 3733 3279 3791 fecere
3315 3751 3330 3787 :
3371 3733 3440 3787 ab

1862 3837 2129 3910 apostolis
2161 3837 2474 3892 ordinatum
2516 3833 2721 3895 diserte
2763 3830 3108 3887 tradiderunt
3157 3826 3217 3882 S.
3264 3824 3444 3896 Chry.

1862 3940 2143 3990 sostomus
2165 3936 2219 3987 et
2237 3930 2639 3985 Theodoretus.
2666 3923 2824 3980 Hunc
2852 3923 3214 3994 apostolicum
3239 3918 3442 3984 virum,

1861 4026 1930 4081 ab
1958 4024 2248 4079 Antiochia
2285 4021 2518 4077 Romam
2551 4026 2812 4077 tractum.
2845 4016 3036 4073 bestiis
3072 4015 3338 4079 oblatum,
3379 4027 3445 4068 ac

1860 4118 2126 4189 martyrio
2184 4123 2510 4171 coronatum
2567 4120 2843 4166 testantur.
2883 4116 3134 4173 veteres;
3181 4105 3472 4176 epistolas.

1862 4210 2153 4280 scripsisse
2185 4207 2254 4263 ad
2292 4206 2571 4261 Ecelesias
2613 4201 2916 4274 praesertim
2955 4200 3010 4254 in
3048 4200 3266 4264 itinere,
3315 4212 3444 4266 pro-

1860 4307 1999 4363 dunt
2024 4304 2379 4374 antiquorum
2411 4297 2656 4368 plurimi,
2697 4293 2920 4365 negavit
2947 4303 3044 4347 aut
3072 4291 3356 4346 dubitasse
3383 4305 3445 4344 se

1861 4397 1999 4453 dixit
2028 4409 2221 4451 eorum
2253 4407 2434 4447 nemo.
2462 4389 2528 4444 Et
2564 4386 2901 4444 sanctissimi
2930 4384 3150 4455 quidem
3184 4381 3445 4452 martyris

1858 4489 2172 4562 justissima
2213 4482 2550 4540 existimatio
2599 4481 2768 4535 etiam
2819 4479 3088 4532 hactenus
3138 4473 3350 4529 illibata
3390 4482 3445 4526 et

1864 4581 2189 4635 intemerata
2237 4572 2581 4646 permansit;
2629 4571 2698 4626 de
2736 4567 2983 4638 epistolis
3027 4573 3278 4631 tantum,
3321 4579 3446 4634 qua:

1863 4671 1966 4727 sub
1990 4669 2140 4724 illius
2174 4663 2775 4735 nomine'prodierunt,
2803 4667 2857 4714 et
2887 4659 2955 4713 ad
2987 4665 3236 4714 nostram
3267 4672 3445 4726 usque

1863 4770 2077 4817 aztatem
2118 4760 2580 4830 perduraverunt,
2621 4755 2688 4810 lis
2730 4761 2835 4808 est.
2887 4750 3077 4821 Neque
3124 4751 3191 4806 de
3223 4749 3443 4805 illarum

1864 4853 2214 4918 auctoritate,
2250 4850 2299 4907 si
2339 4849 2638 4920 lgnatianze
2671 4846 2846 4902 fuisse
2885 4852 3208 4915 appareant,
3253 4841 3445 4912 dispu—

1861 4955 2012 5002 tatur
2056 4966 2070 5001 :
2114 4945 2210 5003 sed
2255 4959 2327 4999 an
2372 4957 2566 4998 revera
2609 4940 2785 5011 ipsius
2824 4937 3017 5011 lgnatii
3053 4935 3257 4991 fuerint
3292 4949 3444 5005 qute-

1864 5041 2022 5095 ritur.

1936 5129 2008 5186 Ut
2039 5138 2220 5192 autem
2245 5127 2422 5198 origo,
2447 5139 2794 5196 progressus,
2816 5130 2872 5178 et
2899 5135 3138 5192 praesens
3161 5118 3439 5174 hodiernae

163 5226 504 5289 auctoritas,
535 5232 595 5279 et
639 5223 727 5280 his
768 5223 1008 5277 maxime
1041 5223 1232 5293 iniqua
1275 5221 1582 5277 adversarii
1613 5219 1760 5274 fama
1793 5227 1839 5287 D
1864 5221 2255 5280 controversiae
2289 5225 2488 5283 status,
2537 5219 2700 5272 etiam
2753 5215 2822 5270 iis
2867 5213 2962 5284 qui
3008 5212 3294 5268 hactenus.
3318 5225 3440 5265 eam

164 5330 338 5392 atque
383 5317 690 5374 celebritas.
727 5323 789 5370 ut
831 5314 1037 5386 aliquid
1088 5323 1386 5384 reponatur
1425 5312 1754 5384 eﬂlagitent;

166 5427 356 5483 opem
382 5410 622 5482 pretium
650 5423 774 5465 esse
803 5409 1063 5464 duximus
1087 5409 1530 5466 dissertationem
1561 5417 1757 5477 totam,

169 5514 380 5577 quanta
410 5510 621 5574 quanta
649 5511 757 5568 est,
775 5503 841 5558 ad
869 5518 1100 5559 examen
1133 5518 1353 5571 vocare,
1371 5503 1615 5559 rationes
1641 5519 1760 5558 mo-

172 5610 362 5653 mento
386 5611 489 5654 suo
529 5594 856 5667 ponderare,
891 5595 1106 5668 singula
1144 5613 1270 5668 quae
1291 5605 1467 5653 noset
1498 5595 1762 5654 Ecclesia

178 5691 282 5745 SS.
307 5689 503 5745 Patres
531 5688 647 5745 ullo
666 5689 834 5745 modo
851 5699 1104 5760 Spectant
1117 5699 1397 5760 excutere,
1415 5692 1602 5747 omnia
1636 5707 1762 5762 quae

182 5783 569 5841 auctoritatem
627 5780 688 5838 S.
735 5780 929 5855 lguatii
967 5783 1298 5841 conﬁrmare
1330 5785 1544 5855 possint
1593 5799 1760 5856 expo-
1788 5804 1823 5845 ·.

1865 5315 2052 5371 minus
2081 5321 2288 5369 attente
2314 5310 2756 5375 considerarunt,
2789 5307 3135 5372 innotescat;
3172 5317 3287 5358 rem
3323 5318 3442 5358 om-

1865 5423 1991 5465 nem
2016 5405 2188 5478 (quod
2212 5418 2243 5458 a
2265 5404 2486 5459 nemine
2509 5400 2692 5456 adhuc
2719 5397 2923 5455 factum
2948 5412 3072 5453 esse
3093 5395 3272 5466 video)
3294 5395 3441 5450 clara

1863 5513 1919 5559 et
1956 5503 2192 5559 ﬁdeliter
2235 5513 2562 5570 proponam.
2616 5495 2928 5553 Sententiae
2961 5493 3250 5548 doctorum
3293 5491 3439 5544 viro—

1864 5611 2014 5664 rum,
2038 5595 2422 5664 cujuscunque
2450 5587 2726 5661 opinionis
2755 5586 2980 5654 fuerint,
3008 5601 3075 5642 co
3103 5585 3224 5655 ipso
3245 5581 3440 5638 ordine

1868 5705 1979 5760 quo
2017 5687 2360 5758 scripserunt
2399 5683 2658 5751 referam,
2709 5682 2979 5738 editiones
3003 5678 3374 5749 Epistolarum
3411 5689 3440 5727 a

1870 5797 2006 5840 mss.
2043 5788 2327 5838 erutaram
2360 5778 2564 5849 varias,
2585 5788 2641 5836 et
2665 5793 2694 5833 a
2720 5792 2778 5834 se
2805 5790 3029 5848 quoquo
3051 5772 3216 5830 modo
3236 5770 3440 5826 discre-
