  <div class='ocr_page' id='page_1' title='image "/cluster/home/n/w/nwhite01/storage/ocr_20150623/5/nnc1.0046978607/033.png"; bbox 0 0 3868 6208; ppageno 0'>
   <div class='ocr_carea' id='block_1_1' title="bbox 459 329 3713 406">
    <p class='ocr_par' dir='ltr' id='par_1_1' title="bbox 459 329 3713 406">
     <span class='ocr_line' id='line_1_1' title="bbox 459 329 3713 406; baseline -0.005 0"><span class='ocrx_word' id='word_1_1' title='bbox 459 351 522 406; x_wconf 74' lang='grc'><strong>51</strong></span> <span class='ocrx_word' id='word_1_2' title='bbox 1547 347 1604 402; x_wconf 84' lang='lat' dir='ltr'><strong>S.</strong></span> <span class='ocrx_word' id='word_1_3' title='bbox 1643 341 1990 402; x_wconf 75' lang='lat' dir='ltr'><strong>lGNA&#39;I&#39;lUS.</strong></span> <span class='ocrx_word' id='word_1_4' title='bbox 2029 372 2100 382; x_wconf 96' lang='lat'><strong><em>—</em></strong></span> <span class='ocrx_word' id='word_1_5' title='bbox 2137 339 2651 398; x_wconf 73' lang='lat' dir='ltr'><strong>PROLEGOMENA</strong></span> <span class='ocrx_word' id='word_1_6' title='bbox 3642 329 3713 389; x_wconf 73' lang='lat'><strong>5?.</strong></span> 
     </span>
    </p>
   </div>
   <div class='ocr_carea' id='block_1_2' title="bbox 455 450 3713 535">
    <p class='ocr_par' dir='ltr' id='par_1_2' title="bbox 455 450 3713 535">
     <span class='ocr_line' id='line_1_2' title="bbox 455 450 3713 535; baseline -0.003 -16"><span class='ocrx_word' id='word_1_7' title='bbox 455 471 672 535; x_wconf 87' lang='lat' dir='ltr'><strong>pantes,</strong></span> <span class='ocrx_word' id='word_1_8' title='bbox 710 462 996 534; x_wconf 81' lang='lat' dir='ltr'><strong>sigillatim</strong></span> <span class='ocrx_word' id='word_1_9' title='bbox 1027 461 1227 518; x_wconf 80' lang='lat' dir='ltr'><strong>notabo</strong></span> <span class='ocrx_word' id='word_1_10' title='bbox 1259 477 1273 514; x_wconf 87' lang='lat'><strong>:</strong></span> <span class='ocrx_word' id='word_1_11' title='bbox 1302 467 1365 515; x_wconf 91' lang='lat' dir='ltr'><strong>ut</strong></span> <span class='ocrx_word' id='word_1_12' title='bbox 1395 459 1564 516; x_wconf 83' lang='lat' dir='ltr'><strong>simul</strong></span> <span class='ocrx_word' id='word_1_13' title='bbox 1593 467 1648 514; x_wconf 88' lang='lat' dir='ltr'><strong>et</strong></span> <span class='ocrx_word' id='word_1_14' title='bbox 1676 459 1856 529; x_wconf 80' lang='lat' dir='ltr'><strong>qualis</strong></span> <span class='ocrx_word' id='word_1_15' title='bbox 1882 455 2043 528; x_wconf 86' lang='lat' dir='ltr'><strong>lgna—</strong></span> <span class='ocrx_word' id='word_1_16' title='bbox 2069 461 2112 517; x_wconf 79' lang='grc' dir='ltr'>Α</span> <span class='ocrx_word' id='word_1_17' title='bbox 2143 456 2336 510; x_wconf 86' lang='lat' dir='ltr'><strong>Latine</strong></span> <span class='ocrx_word' id='word_1_18' title='bbox 2370 465 2583 511; x_wconf 81' lang='lat' dir='ltr'><strong>tantum</strong></span> <span class='ocrx_word' id='word_1_19' title='bbox 2622 453 2904 510; x_wconf 55' lang='lat' dir='ltr'><strong>exstarent</strong></span> <span class='ocrx_word' id='word_1_20' title='bbox 2948 453 3030 508; x_wconf 74' lang='lat' dir='ltr'><strong>hae</strong></span> <span class='ocrx_word' id='word_1_21' title='bbox 3059 451 3332 523; x_wconf 67' lang='lat' dir='ltr'><strong>Epistola.</strong></span> <span class='ocrx_word' id='word_1_22' title='bbox 3365 450 3496 508; x_wconf 86' lang='lat' dir='ltr'><strong>Post</strong></span> <span class='ocrx_word' id='word_1_23' title='bbox 3527 462 3713 508; x_wconf 85' lang='lat' dir='ltr'><strong>autem</strong></span> 
     </span>
    </p>
   </div>
   <div class='ocr_carea' id='block_1_3' title="bbox 451 550 2030 626">
    <p class='ocr_par' dir='ltr' id='par_1_3' title="bbox 451 550 2030 626">
     <span class='ocr_line' id='line_1_3' title="bbox 451 550 2030 626; baseline -0.004 -17"><span class='ocrx_word' id='word_1_24' title='bbox 451 557 564 611; x_wconf 87' lang='lat' dir='ltr'><strong>tius</strong></span> <span class='ocrx_word' id='word_1_25' title='bbox 597 555 918 626; x_wconf 86' lang='lat' dir='ltr'><strong>epistolicus</strong></span> <span class='ocrx_word' id='word_1_26' title='bbox 947 570 1014 610; x_wconf 91' lang='lat' dir='ltr'><strong>eo</strong></span> <span class='ocrx_word' id='word_1_27' title='bbox 1050 562 1320 624; x_wconf 88' lang='lat' dir='ltr'><strong>tempore,</strong></span> <span class='ocrx_word' id='word_1_28' title='bbox 1367 567 1478 623; x_wconf 88' lang='lat' dir='ltr'><strong>quo</strong></span> <span class='ocrx_word' id='word_1_29' title='bbox 1517 553 1754 622; x_wconf 88' lang='lat' dir='ltr'><strong>quisque</strong></span> <span class='ocrx_word' id='word_1_30' title='bbox 1785 550 2030 620; x_wconf 77' lang='lat' dir='ltr'><strong>scripsit,</strong></span> 
     </span>
    </p>
   </div>
   <div class='ocr_carea' id='block_1_4' title="bbox 451 644 2032 719">
    <p class='ocr_par' dir='ltr' id='par_1_4' title="bbox 451 644 2032 719">
     <span class='ocr_line' id='line_1_4' title="bbox 451 644 2032 719; baseline -0.004 -16"><span class='ocrx_word' id='word_1_31' title='bbox 451 649 792 718; x_wconf 81' lang='lat' dir='ltr'><strong>apparuerit,</strong></span> <span class='ocrx_word' id='word_1_32' title='bbox 817 653 1163 719; x_wconf 85' lang='lat' dir='ltr'><strong>perspectum</strong></span> <span class='ocrx_word' id='word_1_33' title='bbox 1200 647 1398 701; x_wconf 91' lang='lat' dir='ltr'><strong>habeat</strong></span> <span class='ocrx_word' id='word_1_34' title='bbox 1431 647 1624 713; x_wconf 78' lang='lat' dir='ltr'><strong>lector,</strong></span> <span class='ocrx_word' id='word_1_35' title='bbox 1660 652 1716 700; x_wconf 92' lang='lat' dir='ltr'><strong>et</strong></span> <span class='ocrx_word' id='word_1_36' title='bbox 1741 645 1809 700; x_wconf 91' lang='lat' dir='ltr'><strong>de</strong></span> <span class='ocrx_word' id='word_1_37' title='bbox 1838 644 2032 699; x_wconf 77' lang='lat' dir='ltr'><strong>unius-</strong></span> 
     </span>
    </p>
   </div>
   <div class='ocr_carea' id='block_1_5' title="bbox 451 735 2032 814">
    <p class='ocr_par' dir='ltr' id='par_1_5' title="bbox 451 735 2032 814">
     <span class='ocr_line' id='line_1_5' title="bbox 451 735 2032 814; baseline -0.007 -14"><span class='ocrx_word' id='word_1_38' title='bbox 451 744 723 814; x_wconf 87' lang='lat' dir='ltr'><strong>cujusque</strong></span> <span class='ocrx_word' id='word_1_39' title='bbox 755 742 1031 799; x_wconf 76' lang='lat' dir='ltr'><strong>sententia</strong></span> <span class='ocrx_word' id='word_1_40' title='bbox 1059 740 1328 811; x_wconf 88' lang='lat' dir='ltr'><strong>judicium</strong></span> <span class='ocrx_word' id='word_1_41' title='bbox 1361 737 1501 792; x_wconf 84' lang='lat' dir='ltr'><strong>lerat</strong></span> <span class='ocrx_word' id='word_1_42' title='bbox 1530 737 1684 792; x_wconf 88' lang='lat' dir='ltr'><strong>nullo</strong></span> <span class='ocrx_word' id='word_1_43' title='bbox 1711 735 2032 806; x_wconf 71' lang='lat' dir='ltr'><strong>prmjudicio</strong></span> 
     </span>
    </p>
   </div>
   <div class='ocr_carea' id='block_1_6' title="bbox 450 828 2032 905">
    <p class='ocr_par' dir='ltr' id='par_1_6' title="bbox 450 828 2032 905">
     <span class='ocr_line' id='line_1_6' title="bbox 450 828 2032 905; baseline -0.004 -17"><span class='ocrx_word' id='word_1_44' title='bbox 450 844 778 905; x_wconf 89' lang='lat' dir='ltr'><strong>occupatus.</strong></span> <span class='ocrx_word' id='word_1_45' title='bbox 807 833 1049 904; x_wconf 89' lang='lat' dir='ltr'><strong>Denique</strong></span> <span class='ocrx_word' id='word_1_46' title='bbox 1077 847 1200 902; x_wconf 67' lang='lat' dir='ltr'><strong>quae</strong></span> <span class='ocrx_word' id='word_1_47' title='bbox 1225 832 1296 886; x_wconf 92' lang='lat' dir='ltr'><strong>sit</strong></span> <span class='ocrx_word' id='word_1_48' title='bbox 1329 829 1540 896; x_wconf 68' lang='lat' dir='ltr'><strong>Dallaei,</strong></span> <span class='ocrx_word' id='word_1_49' title='bbox 1573 828 1834 899; x_wconf 88' lang='lat' dir='ltr'><strong>postremi</strong></span> <span class='ocrx_word' id='word_1_50' title='bbox 1868 829 2032 897; x_wconf 89' lang='lat' dir='ltr'><strong>lgna-</strong></span> 
     </span>
    </p>
   </div>
   <div class='ocr_carea' id='block_1_7' title="bbox 451 921 2029 991">
    <p class='ocr_par' dir='ltr' id='par_1_7' title="bbox 451 921 2029 991">
     <span class='ocr_line' id='line_1_7' title="bbox 451 921 2029 991; baseline -0.005 -9"><span class='ocrx_word' id='word_1_51' title='bbox 451 928 731 982; x_wconf 79' lang='lat' dir='ltr'><strong>tianorum</strong></span> <span class='ocrx_word' id='word_1_52' title='bbox 759 927 955 991; x_wconf 90' lang='lat' dir='ltr'><strong>hostis,</strong></span> <span class='ocrx_word' id='word_1_53' title='bbox 986 925 1255 981; x_wconf 89' lang='lat' dir='ltr'><strong>sententia</strong></span> <span class='ocrx_word' id='word_1_54' title='bbox 1283 921 1549 989; x_wconf 86' lang='lat' dir='ltr'><strong>referam;</strong></span> <span class='ocrx_word' id='word_1_55' title='bbox 1577 937 1700 990; x_wconf 73' lang='lat' dir='ltr'><strong>qua:</strong></span> <span class='ocrx_word' id='word_1_56' title='bbox 1724 929 1934 984; x_wconf 91' lang='lat' dir='ltr'><strong>nostra,</strong></span> <span class='ocrx_word' id='word_1_57' title='bbox 1963 935 2029 975; x_wconf 77' lang='lat' dir='ltr'><strong>ex</strong></span> 
     </span>
    </p>
   </div>
   <div class='ocr_carea' id='block_1_8' title="bbox 451 1013 2029 1088">
    <p class='ocr_par' dir='ltr' id='par_1_8' title="bbox 451 1013 2029 1088">
     <span class='ocr_line' id='line_1_8' title="bbox 451 1013 2029 1088; baseline -0.004 -14"><span class='ocrx_word' id='word_1_58' title='bbox 451 1019 687 1074; x_wconf 85' lang='lat' dir='ltr'><strong>adverso</strong></span> <span class='ocrx_word' id='word_1_59' title='bbox 716 1033 1015 1088; x_wconf 78' lang='lat' dir='ltr'><strong>exponam,</strong></span> <span class='ocrx_word' id='word_1_60' title='bbox 1046 1026 1100 1072; x_wconf 91' lang='lat' dir='ltr'><strong>et</strong></span> <span class='ocrx_word' id='word_1_61' title='bbox 1126 1015 1259 1086; x_wconf 91' lang='lat' dir='ltr'><strong>quid</strong></span> <span class='ocrx_word' id='word_1_62' title='bbox 1289 1030 1320 1068; x_wconf 89' lang='lat' dir='ltr'><strong>a</strong></span> <span class='ocrx_word' id='word_1_63' title='bbox 1364 1030 1452 1070; x_wconf 93' lang='lat' dir='ltr'><strong>me</strong></span> <span class='ocrx_word' id='word_1_64' title='bbox 1494 1014 1866 1084; x_wconf 86' lang='lat' dir='ltr'><strong>probandum,</strong></span> <span class='ocrx_word' id='word_1_65' title='bbox 1897 1013 2029 1084; x_wconf 92' lang='lat' dir='ltr'><strong>quid</strong></span> 
     </span>
    </p>
   </div>
   <div class='ocr_carea' id='block_1_9' title="bbox 447 1107 1618 1169">
    <p class='ocr_par' dir='ltr' id='par_1_9' title="bbox 447 1107 1618 1169">
     <span class='ocr_line' id='line_1_9' title="bbox 447 1107 1618 1169; baseline -0.005 -1"><span class='ocrx_word' id='word_1_66' title='bbox 447 1110 812 1169; x_wconf 81' lang='lat' dir='ltr'><strong>refellendum</strong></span> <span class='ocrx_word' id='word_1_67' title='bbox 843 1111 1021 1168; x_wconf 88' lang='lat' dir='ltr'><strong>sentio</strong></span> <span class='ocrx_word' id='word_1_68' title='bbox 1053 1110 1292 1164; x_wconf 82' lang='lat' dir='ltr'><strong>breviter</strong></span> <span class='ocrx_word' id='word_1_69' title='bbox 1324 1107 1618 1162; x_wconf 86' lang='lat' dir='ltr'><strong>declarabo</strong></span> 
     </span>
    </p>
   </div>
   <div class='ocr_carea' id='block_1_10' title="bbox 1072 1221 1409 1280">
    <p class='ocr_par' dir='ltr' id='par_1_10' title="bbox 1072 1221 1409 1280">
     <span class='ocr_line' id='line_1_10' title="bbox 1072 1221 1409 1280; baseline -0.006 0"><span class='ocrx_word' id='word_1_70' title='bbox 1072 1223 1304 1280; x_wconf 85' lang='lat' dir='ltr'><strong>CAPUT</strong></span> <span class='ocrx_word' id='word_1_71' title='bbox 1345 1221 1409 1278; x_wconf 92' lang='lat' dir='ltr'><strong>ll.</strong></span> 
     </span>
    </p>
   </div>
   <div class='ocr_carea' id='block_1_11' title="bbox 449 1315 2029 1393">
    <p class='ocr_par' dir='ltr' id='par_1_11' title="bbox 449 1315 2029 1393">
     <span class='ocr_line' id='line_1_11' title="bbox 449 1315 2029 1393; baseline -0.003 -16"><span class='ocrx_word' id='word_1_72' title='bbox 449 1321 638 1377; x_wconf 63' lang='lat' dir='ltr'><strong>Prima</strong></span> <span class='ocrx_word' id='word_1_73' title='bbox 683 1318 889 1393; x_wconf 83' lang='lat' dir='ltr'><strong>Ignatii</strong></span> <span class='ocrx_word' id='word_1_74' title='bbox 923 1319 1085 1375; x_wconf 83' lang='lat' dir='ltr'><strong>editio</strong></span> <span class='ocrx_word' id='word_1_75' title='bbox 1124 1318 1580 1393; x_wconf 68' lang='lat' dir='ltr'><strong>Latinatantum.</strong></span> <span class='ocrx_word' id='word_1_76' title='bbox 1625 1315 1880 1388; x_wconf 76' lang='lat' dir='ltr'><strong>Epistola:</strong></span> <span class='ocrx_word' id='word_1_77' title='bbox 1915 1317 2029 1388; x_wconf 91' lang='lat' dir='ltr'><strong>ejus</strong></span> 
     </span>
    </p>
   </div>
   <div class='ocr_carea' id='block_1_12' title="bbox 929 1388 1541 1462">
    <p class='ocr_par' dir='ltr' id='par_1_12' title="bbox 929 1388 1541 1462">
     <span class='ocr_line' id='line_1_12' title="bbox 929 1388 1541 1462; baseline 0 -18"><span class='ocrx_word' id='word_1_78' title='bbox 929 1407 1024 1460; x_wconf 92' lang='lat' dir='ltr'><strong>pro</strong></span> <span class='ocrx_word' id='word_1_79' title='bbox 1055 1391 1294 1462; x_wconf 78' lang='lat' dir='ltr'><strong>genuinis</strong></span> <span class='ocrx_word' id='word_1_80' title='bbox 1323 1388 1541 1444; x_wconf 72' lang='lat' dir='ltr'><strong>habita’.</strong></span> 
     </span>
    </p>
   </div>
   <div class='ocr_carea' id='block_1_13' title="bbox 519 1480 2027 1557">
    <p class='ocr_par' dir='ltr' id='par_1_13' title="bbox 519 1480 2027 1557">
     <span class='ocr_line' id='line_1_13' title="bbox 519 1480 2027 1557; baseline -0.004 -17"><span class='ocrx_word' id='word_1_81' title='bbox 519 1483 635 1540; x_wconf 89' lang='lat' dir='ltr'><strong>Sub</strong></span> <span class='ocrx_word' id='word_1_82' title='bbox 662 1484 859 1557; x_wconf 88' lang='lat' dir='ltr'><strong>lgnatii</strong></span> <span class='ocrx_word' id='word_1_83' title='bbox 899 1484 1121 1539; x_wconf 89' lang='lat' dir='ltr'><strong>nomine</strong></span> <span class='ocrx_word' id='word_1_84' title='bbox 1155 1483 1330 1553; x_wconf 91' lang='lat' dir='ltr'><strong>primo</strong></span> <span class='ocrx_word' id='word_1_85' title='bbox 1359 1489 1469 1536; x_wconf 90' lang='lat' dir='ltr'><strong>tres</strong></span> <span class='ocrx_word' id='word_1_86' title='bbox 1498 1481 1744 1551; x_wconf 69' lang='lat' dir='ltr'><strong>epistolae</strong></span> <span class='ocrx_word' id='word_1_87' title='bbox 1772 1480 1827 1535; x_wconf 92' lang='lat' dir='ltr'><strong>in</strong></span> <span class='ocrx_word' id='word_1_88' title='bbox 1852 1480 2027 1534; x_wconf 87' lang='lat' dir='ltr'><strong>lucem</strong></span> 
     </span>
    </p>
   </div>
   <div class='ocr_carea' id='block_1_14' title="bbox 444 1572 2029 1639">
    <p class='ocr_par' dir='ltr' id='par_1_14' title="bbox 444 1572 2029 1639">
     <span class='ocr_line' id='line_1_14' title="bbox 444 1572 2029 1639; baseline -0.004 -6"><span class='ocrx_word' id='word_1_89' title='bbox 444 1579 607 1634; x_wconf 67' lang='lat' dir='ltr'><strong>editae</strong></span> <span class='ocrx_word' id='word_1_90' title='bbox 658 1589 788 1634; x_wconf 89' lang='lat' dir='ltr'><strong>sunt</strong></span> <span class='ocrx_word' id='word_1_91' title='bbox 833 1576 1065 1632; x_wconf 80' lang='lat' dir='ltr'><strong>Parisiis</strong></span> <span class='ocrx_word' id='word_1_92' title='bbox 1112 1573 1304 1628; x_wconf 88' lang='lat' dir='ltr'><strong>Latine</strong></span> <span class='ocrx_word' id='word_1_93' title='bbox 1345 1579 1583 1639; x_wconf 90' lang='lat' dir='ltr'><strong>tantum,</strong></span> <span class='ocrx_word' id='word_1_94' title='bbox 1624 1588 1770 1628; x_wconf 90' lang='lat' dir='ltr'><strong>anno</strong></span> <span class='ocrx_word' id='word_1_95' title='bbox 1812 1572 2029 1627; x_wconf 87' lang='lat' dir='ltr'><strong>Domini</strong></span> 
     </span>
    </p>
   </div>
   <div class='ocr_carea' id='block_1_15' title="bbox 446 1664 2028 1740">
    <p class='ocr_par' dir='ltr' id='par_1_15' title="bbox 446 1664 2028 1740">
     <span class='ocr_line' id='line_1_15' title="bbox 446 1664 2028 1740; baseline -0.003 -15"><span class='ocrx_word' id='word_1_96' title='bbox 446 1671 610 1740; x_wconf 73' lang='lat' dir='ltr'><strong>N95,</strong></span> <span class='ocrx_word' id='word_1_97' title='bbox 641 1672 710 1727; x_wconf 88' lang='lat' dir='ltr'><strong>ad</strong></span> <span class='ocrx_word' id='word_1_98' title='bbox 745 1669 1074 1730; x_wconf 81' lang='lat' dir='ltr'><strong>B..Mariam</strong></span> <span class='ocrx_word' id='word_1_99' title='bbox 1126 1682 1257 1729; x_wconf 92' lang='lat' dir='ltr'><strong>una,</strong></span> <span class='ocrx_word' id='word_1_100' title='bbox 1288 1666 1354 1721; x_wconf 89' lang='lat' dir='ltr'><strong>ad</strong></span> <span class='ocrx_word' id='word_1_101' title='bbox 1401 1666 1458 1722; x_wconf 90' lang='lat' dir='ltr'><strong>S.</strong></span> <span class='ocrx_word' id='word_1_102' title='bbox 1497 1664 1761 1721; x_wconf 90' lang='lat' dir='ltr'><strong>Joannem</strong></span> <span class='ocrx_word' id='word_1_103' title='bbox 1803 1676 2028 1736; x_wconf 85' lang='lat' dir='ltr'><strong>aposto-</strong></span> 
     </span>
    </p>
   </div>
   <div class='ocr_carea' id='block_1_16' title="bbox 444 1758 2023 1830">
    <p class='ocr_par' dir='ltr' id='par_1_16' title="bbox 444 1758 2023 1830">
     <span class='ocr_line' id='line_1_16' title="bbox 444 1758 2023 1830; baseline -0.002 -14"><span class='ocrx_word' id='word_1_104' title='bbox 444 1763 557 1818; x_wconf 88' lang='lat' dir='ltr'><strong>lum</strong></span> <span class='ocrx_word' id='word_1_105' title='bbox 610 1766 752 1820; x_wconf 67' lang='lat' dir='ltr'><strong>duaa.</strong></span> <span class='ocrx_word' id='word_1_106' title='bbox 803 1764 963 1819; x_wconf 80' lang='lat' dir='ltr'><strong>Anno</strong></span> <span class='ocrx_word' id='word_1_107' title='bbox 1015 1761 1192 1822; x_wconf 76' lang='lat' dir='ltr'><strong>M98,</strong></span> <span class='ocrx_word' id='word_1_108' title='bbox 1251 1759 1506 1813; x_wconf 84' lang='lat' dir='ltr'><strong>undecim</strong></span> <span class='ocrx_word' id='word_1_109' title='bbox 1557 1758 1818 1830; x_wconf 69' lang='lat' dir='ltr'><strong>Epistola:</strong></span> <span class='ocrx_word' id='word_1_110' title='bbox 1882 1760 2023 1824; x_wconf 65' lang='lat' dir='ltr'><strong>alite,</strong></span> 
     </span>
    </p>
   </div>
   <div class='ocr_carea' id='block_1_17' title="bbox 443 1853 2024 1927">
    <p class='ocr_par' dir='ltr' id='par_1_17' title="bbox 443 1853 2024 1927">
     <span class='ocr_line' id='line_1_17' title="bbox 443 1853 2024 1927; baseline 0.001 -18"><span class='ocrx_word' id='word_1_111' title='bbox 443 1853 653 1912; x_wconf 72' lang='lat' dir='ltr'><strong>Latinae</strong></span> <span class='ocrx_word' id='word_1_112' title='bbox 699 1857 924 1927; x_wconf 87' lang='lat' dir='ltr'><strong>pariter,</strong></span> <span class='ocrx_word' id='word_1_113' title='bbox 973 1872 1041 1911; x_wconf 82' lang='lat' dir='ltr'><strong>ex</strong></span> <span class='ocrx_word' id='word_1_114' title='bbox 1070 1857 1240 1912; x_wconf 87' lang='lat' dir='ltr'><strong>veteri</strong></span> <span class='ocrx_word' id='word_1_115' title='bbox 1277 1857 1550 1920; x_wconf 86' lang='lat' dir='ltr'><strong>versione,</strong></span> <span class='ocrx_word' id='word_1_116' title='bbox 1591 1856 1836 1910; x_wconf 88' lang='lat' dir='ltr'><strong>nondum</strong></span> <span class='ocrx_word' id='word_1_117' title='bbox 1870 1870 2024 1910; x_wconf 90' lang='lat' dir='ltr'><strong>com-</strong></span> 
     </span>
    </p>
   </div>
   <div class='ocr_carea' id='block_1_18' title="bbox 443 1947 2026 2022">
    <p class='ocr_par' dir='ltr' id='par_1_18' title="bbox 443 1947 2026 2022">
     <span class='ocr_line' id='line_1_18' title="bbox 443 1947 2026 2022; baseline 0 -17"><span class='ocrx_word' id='word_1_118' title='bbox 443 1958 672 2022; x_wconf 91' lang='lat' dir='ltr'><strong>parente</strong></span> <span class='ocrx_word' id='word_1_119' title='bbox 695 1949 994 2020; x_wconf 81' lang='lat' dir='ltr'><strong>exemplari</strong></span> <span class='ocrx_word' id='word_1_120' title='bbox 1020 1950 1228 2017; x_wconf 65' lang='lat' dir='ltr'><strong>Graaco,</strong></span> <span class='ocrx_word' id='word_1_121' title='bbox 1262 1965 1293 2005; x_wconf 89' lang='lat' dir='ltr'><strong>a</strong></span> <span class='ocrx_word' id='word_1_122' title='bbox 1330 1948 1510 2005; x_wconf 88' lang='lat' dir='ltr'><strong>Fabro</strong></span> <span class='ocrx_word' id='word_1_123' title='bbox 1534 1947 1850 2019; x_wconf 90' lang='lat' dir='ltr'><strong>Stapulensi</strong></span> <span class='ocrx_word' id='word_1_124' title='bbox 1883 1950 2026 2021; x_wconf 85' lang='lat' dir='ltr'><strong>typis</strong></span> 
     </span>
    </p>
   </div>
   <div class='ocr_carea' id='block_1_19' title="bbox 444 2037 2022 2112">
    <p class='ocr_par' dir='ltr' id='par_1_19' title="bbox 444 2037 2022 2112">
     <span class='ocr_line' id='line_1_19' title="bbox 444 2037 2022 2112; baseline 0.001 -18"><span class='ocrx_word' id='word_1_125' title='bbox 444 2048 577 2094; x_wconf 89' lang='lat' dir='ltr'><strong>sunt</strong></span> <span class='ocrx_word' id='word_1_126' title='bbox 619 2040 922 2110; x_wconf 74' lang='lat' dir='ltr'><strong>impressae.</strong></span> <span class='ocrx_word' id='word_1_127' title='bbox 971 2037 1097 2096; x_wconf 58' lang='lat' dir='ltr'><strong>Haec</strong></span> <span class='ocrx_word' id='word_1_128' title='bbox 1146 2048 1329 2096; x_wconf 89' lang='lat' dir='ltr'><strong>autem</strong></span> <span class='ocrx_word' id='word_1_129' title='bbox 1381 2042 1638 2112; x_wconf 89' lang='lat' dir='ltr'><strong>princeps</strong></span> <span class='ocrx_word' id='word_1_130' title='bbox 1683 2041 1852 2096; x_wconf 90' lang='lat' dir='ltr'><strong>editio</strong></span> <span class='ocrx_word' id='word_1_131' title='bbox 1897 2040 2022 2106; x_wconf 83' lang='lat' dir='ltr'><strong>fuit,</strong></span> 
     </span>
    </p>
   </div>
   <div class='ocr_carea' id='block_1_20' title="bbox 445 2130 2024 2204">
    <p class='ocr_par' dir='ltr' id='par_1_20' title="bbox 445 2130 2024 2204">
     <span class='ocr_line' id='line_1_20' title="bbox 445 2130 2024 2204; baseline 0.003 -19"><span class='ocrx_word' id='word_1_132' title='bbox 445 2140 585 2186; x_wconf 86' lang='lat' dir='ltr'><strong>teste</strong></span> <span class='ocrx_word' id='word_1_133' title='bbox 616 2130 867 2201; x_wconf 87' lang='lat' dir='ltr'><strong>Philippo</strong></span> <span class='ocrx_word' id='word_1_134' title='bbox 900 2131 1142 2198; x_wconf 87' lang='lat' dir='ltr'><strong>Labbeo,</strong></span> <span class='ocrx_word' id='word_1_135' title='bbox 1193 2135 1286 2203; x_wconf 91' lang='lat' dir='ltr'><strong>qui</strong></span> <span class='ocrx_word' id='word_1_136' title='bbox 1331 2133 1432 2188; x_wconf 87' lang='lat' dir='ltr'><strong>bas</strong></span> <span class='ocrx_word' id='word_1_137' title='bbox 1471 2133 1726 2190; x_wconf 85' lang='lat' dir='ltr'><strong>undecim</strong></span> <span class='ocrx_word' id='word_1_138' title='bbox 1764 2133 2024 2204; x_wconf 85' lang='lat' dir='ltr'><strong>epistolas</strong></span> 
     </span>
    </p>
   </div>
   <div class='ocr_carea' id='block_1_21' title="bbox 445 2221 2025 2294">
    <p class='ocr_par' dir='ltr' id='par_1_21' title="bbox 445 2221 2025 2294">
     <span class='ocr_line' id='line_1_21' title="bbox 445 2221 2025 2294; baseline 0.003 -20"><span class='ocrx_word' id='word_1_139' title='bbox 445 2231 579 2276; x_wconf 94' lang='lat' dir='ltr'><strong>tunc</strong></span> <span class='ocrx_word' id='word_1_140' title='bbox 609 2237 842 2278; x_wconf 78' lang='lat' dir='ltr'><strong>excusas</strong></span> <span class='ocrx_word' id='word_1_141' title='bbox 880 2221 1022 2278; x_wconf 85' lang='lat' dir='ltr'><strong>inter</strong></span> <span class='ocrx_word' id='word_1_142' title='bbox 1049 2223 1257 2294; x_wconf 89' lang='lat' dir='ltr'><strong>primas</strong></span> <span class='ocrx_word' id='word_1_143' title='bbox 1299 2224 1566 2280; x_wconf 85' lang='lat' dir='ltr'><strong>editiones</strong></span> <span class='ocrx_word' id='word_1_144' title='bbox 1597 2233 1870 2288; x_wconf 85' lang='lat' dir='ltr'><strong>numerat,</strong></span> <span class='ocrx_word' id='word_1_145' title='bbox 1902 2240 2025 2294; x_wconf 69' lang='lat' dir='ltr'><strong>qua:</strong></span> 
     </span>
    </p>
   </div>
   <div class='ocr_carea' id='block_1_22' title="bbox 442 2312 2023 2385">
    <p class='ocr_par' dir='ltr' id='par_1_22' title="bbox 442 2312 2023 2385">
     <span class='ocr_line' id='line_1_22' title="bbox 442 2312 2023 2385; baseline 0.003 -17"><span class='ocrx_word' id='word_1_146' title='bbox 442 2312 501 2368; x_wconf 87' lang='lat' dir='ltr'><strong>in</strong></span> <span class='ocrx_word' id='word_1_147' title='bbox 529 2312 698 2385; x_wconf 80' lang='lat' dir='ltr'><strong>Regia</strong></span> <span class='ocrx_word' id='word_1_148' title='bbox 723 2314 1058 2371; x_wconf 85' lang='lat' dir='ltr'><strong>Bibliotheca</strong></span> <span class='ocrx_word' id='word_1_149' title='bbox 1081 2315 1308 2372; x_wconf 84' lang='lat' dir='ltr'><strong>Parisiis</strong></span> <span class='ocrx_word' id='word_1_150' title='bbox 1330 2326 1702 2373; x_wconf 86' lang='lat' dir='ltr'><strong>asservautur.</strong></span> <span class='ocrx_word' id='word_1_151' title='bbox 1729 2317 1868 2372; x_wconf 90' lang='lat' dir='ltr'><strong>Tum</strong></span> <span class='ocrx_word' id='word_1_152' title='bbox 1894 2333 2023 2373; x_wconf 82' lang='lat' dir='ltr'><strong>vero</strong></span> 
     </span>
    </p>
   </div>
   <div class='ocr_carea' id='block_1_23' title="bbox 445 2405 2024 2480">
    <p class='ocr_par' dir='ltr' id='par_1_23' title="bbox 445 2405 2024 2480">
     <span class='ocr_line' id='line_1_23' title="bbox 445 2405 2024 2480; baseline 0.004 -21"><span class='ocrx_word' id='word_1_153' title='bbox 445 2405 883 2477; x_wconf 80' lang='lat' dir='ltr'><strong>Sympborianus</strong></span> <span class='ocrx_word' id='word_1_154' title='bbox 909 2407 1275 2480; x_wconf 88' lang='lat' dir='ltr'><strong>Champerius</strong></span> <span class='ocrx_word' id='word_1_155' title='bbox 1295 2409 1700 2480; x_wconf 81' lang='lat' dir='ltr'><strong>Lugdunensis,</strong></span> <span class='ocrx_word' id='word_1_156' title='bbox 1729 2411 1829 2467; x_wconf 91' lang='lat' dir='ltr'><strong>has</strong></span> <span class='ocrx_word' id='word_1_157' title='bbox 1859 2428 1888 2465; x_wconf 87' lang='lat' dir='ltr'><strong>a</strong></span> <span class='ocrx_word' id='word_1_158' title='bbox 1919 2410 2024 2466; x_wconf 82' lang='lat' dir='ltr'><strong>Fa-</strong></span> 
     </span>
    </p>
   </div>
   <div class='ocr_carea' id='block_1_24' title="bbox 443 2497 2022 2572">
    <p class='ocr_par' dir='ltr' id='par_1_24' title="bbox 443 2497 2022 2572">
     <span class='ocr_line' id='line_1_24' title="bbox 443 2497 2022 2572; baseline 0.004 -21"><span class='ocrx_word' id='word_1_159' title='bbox 443 2498 542 2552; x_wconf 77' lang='lat' dir='ltr'><strong>bro</strong></span> <span class='ocrx_word' id='word_1_160' title='bbox 566 2497 740 2555; x_wconf 89' lang='lat' dir='ltr'><strong>editas</strong></span> <span class='ocrx_word' id='word_1_161' title='bbox 765 2515 893 2556; x_wconf 89' lang='lat' dir='ltr'><strong>cum</strong></span> <span class='ocrx_word' id='word_1_162' title='bbox 921 2501 1098 2557; x_wconf 88' lang='lat' dir='ltr'><strong>tribus</strong></span> <span class='ocrx_word' id='word_1_163' title='bbox 1121 2501 1246 2556; x_wconf 90' lang='lat' dir='ltr'><strong>aliis</strong></span> <span class='ocrx_word' id='word_1_164' title='bbox 1268 2503 1336 2556; x_wconf 89' lang='lat' dir='ltr'><strong>ab</strong></span> <span class='ocrx_word' id='word_1_165' title='bbox 1366 2502 1461 2556; x_wconf 90' lang='lat' dir='ltr'><strong>illo</strong></span> <span class='ocrx_word' id='word_1_166' title='bbox 1486 2502 1722 2572; x_wconf 85' lang='lat' dir='ltr'><strong>rejectis,</strong></span> <span class='ocrx_word' id='word_1_167' title='bbox 1749 2511 1806 2558; x_wconf 90' lang='lat' dir='ltr'><strong>et</strong></span> <span class='ocrx_word' id='word_1_168' title='bbox 1828 2512 2022 2572; x_wconf 86' lang='lat' dir='ltr'><strong>quarta</strong></span> 
     </span>
    </p>
   </div>
   <div class='ocr_carea' id='block_1_25' title="bbox 441 2589 2018 2664">
    <p class='ocr_par' dir='ltr' id='par_1_25' title="bbox 441 2589 2018 2664">
     <span class='ocr_line' id='line_1_25' title="bbox 441 2589 2018 2664; baseline 0.003 -20"><span class='ocrx_word' id='word_1_169' title='bbox 441 2591 511 2647; x_wconf 89' lang='lat' dir='ltr'><strong>ad</strong></span> <span class='ocrx_word' id='word_1_170' title='bbox 549 2589 774 2647; x_wconf 79' lang='lat' dir='ltr'><strong>Mariam</strong></span> <span class='ocrx_word' id='word_1_171' title='bbox 793 2591 1200 2649; x_wconf 87' lang='lat' dir='ltr'><strong>Cassobolitam</strong></span> <span class='ocrx_word' id='word_1_172' title='bbox 1234 2609 1516 2663; x_wconf 89' lang='lat' dir='ltr'><strong>nunquam</strong></span> <span class='ocrx_word' id='word_1_173' title='bbox 1541 2605 1669 2649; x_wconf 90' lang='lat' dir='ltr'><strong>ante</strong></span> <span class='ocrx_word' id='word_1_174' title='bbox 1721 2594 2018 2664; x_wconf 86' lang='lat' dir='ltr'><strong>publicata,</strong></span> 
     </span>
    </p>
   </div>
   <div class='ocr_carea' id='block_1_26' title="bbox 440 2683 2020 2756">
    <p class='ocr_par' dir='ltr' id='par_1_26' title="bbox 440 2683 2020 2756">
     <span class='ocr_line' id='line_1_26' title="bbox 440 2683 2020 2756; baseline -0.003 -12"><span class='ocrx_word' id='word_1_175' title='bbox 440 2687 529 2744; x_wconf 89' lang='lat' dir='ltr'><strong>edi</strong></span> <span class='ocrx_word' id='word_1_176' title='bbox 581 2687 825 2752; x_wconf 81' lang='lat' dir='ltr'><strong>curavit;</strong></span> <span class='ocrx_word' id='word_1_177' title='bbox 875 2695 1039 2756; x_wconf 88' lang='lat' dir='ltr'><strong>atque</strong></span> <span class='ocrx_word' id='word_1_178' title='bbox 1079 2685 1155 2740; x_wconf 88' lang='lat' dir='ltr'><strong>ita</strong></span> <span class='ocrx_word' id='word_1_179' title='bbox 1198 2683 1418 2740; x_wconf 88' lang='lat' dir='ltr'><strong>tandem</strong></span> <span class='ocrx_word' id='word_1_180' title='bbox 1461 2685 1777 2755; x_wconf 85' lang='lat' dir='ltr'><strong>quindecim</strong></span> <span class='ocrx_word' id='word_1_181' title='bbox 1825 2683 2020 2756; x_wconf 87' lang='lat' dir='ltr'><strong>lgnatii</strong></span> 
     </span>
    </p>
   </div>
   <div class='ocr_carea' id='block_1_27' title="bbox 439 2778 1059 2852">
    <p class='ocr_par' dir='ltr' id='par_1_27' title="bbox 439 2778 1059 2852">
     <span class='ocr_line' id='line_1_27' title="bbox 439 2778 1059 2852; baseline -0.005 -16"><span class='ocrx_word' id='word_1_182' title='bbox 439 2780 685 2852; x_wconf 56' lang='lat' dir='ltr'><strong>epistola).</strong></span> <span class='ocrx_word' id='word_1_183' title='bbox 714 2778 1059 2834; x_wconf 80' lang='lat' dir='ltr'><strong>exstiterunt.</strong></span> 
     </span>
    </p>
   </div>
   <div class='ocr_carea' id='block_1_28' title="bbox 509 2867 2018 2941">
    <p class='ocr_par' dir='ltr' id='par_1_28' title="bbox 509 2867 2018 2941">
     <span class='ocr_line' id='line_1_28' title="bbox 509 2867 2018 2941; baseline -0.002 -14"><span class='ocrx_word' id='word_1_184' title='bbox 509 2873 579 2927; x_wconf 88' lang='lat' dir='ltr'><strong>Et</strong></span> <span class='ocrx_word' id='word_1_185' title='bbox 611 2872 728 2927; x_wconf 66' lang='lat' dir='ltr'><strong>haec</strong></span> <span class='ocrx_word' id='word_1_186' title='bbox 748 2870 971 2941; x_wconf 89' lang='lat' dir='ltr'><strong>quidem</strong></span> <span class='ocrx_word' id='word_1_187' title='bbox 1005 2869 1172 2926; x_wconf 81' lang='lat' dir='ltr'><strong>facies</strong></span> <span class='ocrx_word' id='word_1_188' title='bbox 1203 2868 1263 2927; x_wconf 93' lang='lat' dir='ltr'><strong>S.</strong></span> <span class='ocrx_word' id='word_1_189' title='bbox 1294 2868 1488 2939; x_wconf 83' lang='lat' dir='ltr'><strong>lgnatii</strong></span> <span class='ocrx_word' id='word_1_190' title='bbox 1515 2869 1794 2926; x_wconf 86' lang='lat' dir='ltr'><strong>subinitio</strong></span> <span class='ocrx_word' id='word_1_191' title='bbox 1818 2867 2018 2925; x_wconf 89' lang='lat' dir='ltr'><strong>decimi</strong></span> 
     </span>
    </p>
   </div>
   <div class='ocr_carea' id='block_1_29' title="bbox 440 2959 2017 3031">
    <p class='ocr_par' dir='ltr' id='par_1_29' title="bbox 440 2959 2017 3031">
     <span class='ocr_line' id='line_1_29' title="bbox 440 2959 2017 3031; baseline -0.004 -11"><span class='ocrx_word' id='word_1_192' title='bbox 440 2967 579 3020; x_wconf 84' lang='lat' dir='ltr'><strong>sein</strong></span> <span class='ocrx_word' id='word_1_193' title='bbox 607 2963 793 3020; x_wconf 69' lang='lat' dir='ltr'><strong>saeculi</strong></span> <span class='ocrx_word' id='word_1_194' title='bbox 828 2962 934 3017; x_wconf 81' lang='lat' dir='ltr'><strong>luit</strong></span> <span class='ocrx_word' id='word_1_195' title='bbox 961 2980 975 3029; x_wconf 90' lang='lat'><strong>;</strong></span> <span class='ocrx_word' id='word_1_196' title='bbox 1003 2977 1128 3017; x_wconf 90' lang='lat' dir='ltr'><strong>cum</strong></span> <span class='ocrx_word' id='word_1_197' title='bbox 1159 2961 1277 3031; x_wconf 92' lang='lat' dir='ltr'><strong>ipse</strong></span> <span class='ocrx_word' id='word_1_198' title='bbox 1301 2961 1476 3016; x_wconf 86' lang='lat' dir='ltr'><strong>Faber</strong></span> <span class='ocrx_word' id='word_1_199' title='bbox 1503 2959 1866 3031; x_wconf 86' lang='lat' dir='ltr'><strong>Stapulensis,</strong></span> <span class='ocrx_word' id='word_1_200' title='bbox 1899 2960 2017 3031; x_wconf 89' lang='lat' dir='ltr'><strong>pri-</strong></span> 
     </span>
    </p>
   </div>
   <div class='ocr_carea' id='block_1_30' title="bbox 439 3051 2018 3123">
    <p class='ocr_par' dir='ltr' id='par_1_30' title="bbox 439 3051 2018 3123">
     <span class='ocr_line' id='line_1_30' title="bbox 439 3051 2018 3123; baseline -0.003 -13"><span class='ocrx_word' id='word_1_201' title='bbox 439 3072 544 3111; x_wconf 63' lang='lat' dir='ltr'><strong>ma</strong></span> <span class='ocrx_word' id='word_1_202' title='bbox 574 3055 831 3111; x_wconf 89' lang='lat' dir='ltr'><strong>editionis</strong></span> <span class='ocrx_word' id='word_1_203' title='bbox 863 3061 1107 3112; x_wconf 83' lang='lat' dir='ltr'><strong>curator.</strong></span> <span class='ocrx_word' id='word_1_204' title='bbox 1136 3052 1259 3123; x_wconf 88' lang='lat' dir='ltr'><strong>ejus</strong></span> <span class='ocrx_word' id='word_1_205' title='bbox 1290 3052 1615 3108; x_wconf 88' lang='lat' dir='ltr'><strong>auctoritate</strong></span> <span class='ocrx_word' id='word_1_206' title='bbox 1640 3061 1900 3122; x_wconf 87' lang='lat' dir='ltr'><strong>tanquam</strong></span> <span class='ocrx_word' id='word_1_207' title='bbox 1932 3051 2018 3105; x_wconf 89' lang='lat' dir='ltr'><strong>in-</strong></span> 
     </span>
    </p>
   </div>
   <div class='ocr_carea' id='block_1_31' title="bbox 437 3143 2086 3214">
    <p class='ocr_par' dir='ltr' id='par_1_31' title="bbox 437 3143 2086 3214">
     <span class='ocr_line' id='line_1_31' title="bbox 437 3143 2086 3214; baseline -0.005 -8"><span class='ocrx_word' id='word_1_208' title='bbox 437 3151 705 3214; x_wconf 86' lang='lat' dir='ltr'><strong>dubitata,</strong></span> <span class='ocrx_word' id='word_1_209' title='bbox 735 3148 793 3202; x_wconf 92' lang='lat' dir='ltr'><strong>in</strong></span> <span class='ocrx_word' id='word_1_210' title='bbox 824 3146 1008 3202; x_wconf 88' lang='lat' dir='ltr'><strong>libello</strong></span> <span class='ocrx_word' id='word_1_211' title='bbox 1030 3145 1106 3200; x_wconf 88' lang='lat' dir='ltr'><strong>De</strong></span> <span class='ocrx_word' id='word_1_212' title='bbox 1128 3147 1304 3199; x_wconf 84' lang='lat' dir='ltr'><strong>triduo</strong></span> <span class='ocrx_word' id='word_1_213' title='bbox 1340 3143 1743 3200; x_wconf 85' lang='lat' dir='ltr'><strong>Christiutitur.</strong></span> <span class='ocrx_word' id='word_1_214' title='bbox 1786 3143 2017 3198; x_wconf 87' lang='lat' dir='ltr'><strong>Tametsi</strong></span> <span class='ocrx_word' id='word_1_215' title='bbox 2043 3145 2086 3205; x_wconf 87' lang='lat' dir='ltr'><strong>C</strong></span> 
     </span>
    </p>
   </div>
   <div class='ocr_carea' id='block_1_32' title="bbox 439 3234 2016 3306">
    <p class='ocr_par' dir='ltr' id='par_1_32' title="bbox 439 3234 2016 3306">
     <span class='ocr_line' id='line_1_32' title="bbox 439 3234 2016 3306; baseline -0.001 -15"><span class='ocrx_word' id='word_1_216' title='bbox 439 3239 571 3292; x_wconf 88' lang='lat' dir='ltr'><strong>mihi</strong></span> <span class='ocrx_word' id='word_1_217' title='bbox 604 3235 926 3306; x_wconf 78' lang='lat' dir='ltr'><strong>impossibile</strong></span> <span class='ocrx_word' id='word_1_218' title='bbox 971 3237 1038 3290; x_wconf 87' lang='lat' dir='ltr'><strong>sit</strong></span> <span class='ocrx_word' id='word_1_219' title='bbox 1080 3251 1145 3289; x_wconf 80' lang='lat' dir='ltr'><strong>ea:</strong></span> <span class='ocrx_word' id='word_1_220' title='bbox 1184 3251 1266 3288; x_wconf 89' lang='lat' dir='ltr'><strong>me</strong></span> <span class='ocrx_word' id='word_1_221' title='bbox 1301 3234 1370 3289; x_wconf 87' lang='lat' dir='ltr'><strong>ad</strong></span> <span class='ocrx_word' id='word_1_222' title='bbox 1413 3235 1565 3289; x_wconf 92' lang='lat' dir='ltr'><strong>illam</strong></span> <span class='ocrx_word' id='word_1_223' title='bbox 1597 3236 2016 3304; x_wconf 79' lang='lat' dir='ltr'><strong>intelligentiam</strong></span> 
     </span>
    </p>
   </div>
   <div class='ocr_carea' id='block_1_33' title="bbox 437 3326 2017 3400">
    <p class='ocr_par' dir='ltr' id='par_1_33' title="bbox 437 3326 2017 3400">
     <span class='ocr_line' id='line_1_33' title="bbox 437 3326 2017 3400; baseline -0.001 -17"><span class='ocrx_word' id='word_1_224' title='bbox 437 3337 745 3399; x_wconf 86' lang='lat' dir='ltr'><strong>penetrare;</strong></span> <span class='ocrx_word' id='word_1_225' title='bbox 773 3346 890 3384; x_wconf 90' lang='lat' dir='ltr'><strong>eam</strong></span> <span class='ocrx_word' id='word_1_226' title='bbox 919 3339 1094 3383; x_wconf 88' lang='lat' dir='ltr'><strong>tamen</strong></span> <span class='ocrx_word' id='word_1_227' title='bbox 1127 3329 1182 3382; x_wconf 88' lang='lat' dir='ltr'><strong>in</strong></span> <span class='ocrx_word' id='word_1_228' title='bbox 1209 3329 1307 3382; x_wconf 90' lang='lat' dir='ltr'><strong>hac</strong></span> <span class='ocrx_word' id='word_1_229' title='bbox 1335 3345 1390 3382; x_wconf 89' lang='lat' dir='ltr'><strong>re</strong></span> <span class='ocrx_word' id='word_1_230' title='bbox 1408 3345 1519 3383; x_wconf 86' lang='lat' dir='ltr'><strong>esse</strong></span> <span class='ocrx_word' id='word_1_231' title='bbox 1545 3337 1695 3398; x_wconf 88' lang='lat' dir='ltr'><strong>puto,</strong></span> <span class='ocrx_word' id='word_1_232' title='bbox 1721 3345 1880 3400; x_wconf 87' lang='lat' dir='ltr'><strong>quam</strong></span> <span class='ocrx_word' id='word_1_233' title='bbox 1902 3326 2017 3382; x_wconf 91' lang='lat' dir='ltr'><strong>dei-</strong></span> 
     </span>
    </p>
   </div>
   <div class='ocr_carea' id='block_1_34' title="bbox 438 3422 2017 3496">
    <p class='ocr_par' dir='ltr' id='par_1_34' title="bbox 438 3422 2017 3496">
     <span class='ocr_line' id='line_1_34' title="bbox 438 3422 2017 3496; baseline 0 -18"><span class='ocrx_word' id='word_1_234' title='bbox 438 3425 519 3495; x_wconf 79' lang='lat' dir='ltr'><strong>fer</strong></span> <span class='ocrx_word' id='word_1_235' title='bbox 557 3422 804 3496; x_wconf 84' lang='lat' dir='ltr'><strong>Ignatius</strong></span> <span class='ocrx_word' id='word_1_236' title='bbox 846 3425 901 3478; x_wconf 88' lang='lat' dir='ltr'><strong>in</strong></span> <span class='ocrx_word' id='word_1_237' title='bbox 926 3425 1098 3492; x_wconf 86' lang='lat' dir='ltr'><strong>prima</strong></span> <span class='ocrx_word' id='word_1_238' title='bbox 1137 3425 1385 3492; x_wconf 85' lang='lat' dir='ltr'><strong>epistola,</strong></span> <span class='ocrx_word' id='word_1_239' title='bbox 1417 3440 1537 3495; x_wconf 72' lang='lat' dir='ltr'><strong>quia</strong></span> <span class='ocrx_word' id='word_1_240' title='bbox 1567 3434 1648 3479; x_wconf 86' lang='lat' dir='ltr'><strong>est</strong></span> <span class='ocrx_word' id='word_1_241' title='bbox 1680 3428 1748 3477; x_wconf 87' lang='lat' dir='ltr'><strong>ad</strong></span> <span class='ocrx_word' id='word_1_242' title='bbox 1783 3422 2017 3478; x_wconf 86' lang='lat' dir='ltr'><strong>Trallia-</strong></span> 
     </span>
    </p>
   </div>
   <div class='ocr_carea' id='block_1_35' title="bbox 436 3516 2016 3587">
    <p class='ocr_par' dir='ltr' id='par_1_35' title="bbox 436 3516 2016 3587">
     <span class='ocr_line' id='line_1_35' title="bbox 436 3516 2016 3587; baseline -0.001 -15"><span class='ocrx_word' id='word_1_243' title='bbox 436 3535 554 3582; x_wconf 87' lang='lat' dir='ltr'><strong>nos,</strong></span> <span class='ocrx_word' id='word_1_244' title='bbox 589 3517 757 3585; x_wconf 88' lang='lat' dir='ltr'><strong>aperit</strong></span> <span class='ocrx_word' id='word_1_245' title='bbox 779 3516 844 3570; x_wconf 90' lang='lat' dir='ltr'><strong>de</strong></span> <span class='ocrx_word' id='word_1_246' title='bbox 870 3516 1094 3571; x_wconf 90' lang='lat' dir='ltr'><strong>Domino</strong></span> <span class='ocrx_word' id='word_1_247' title='bbox 1131 3517 1207 3570; x_wconf 87' lang='lat' dir='ltr'><strong>sic</strong></span> <span class='ocrx_word' id='word_1_248' title='bbox 1238 3516 1450 3587; x_wconf 85' lang='lat' dir='ltr'><strong>loquens</strong></span> <span class='ocrx_word' id='word_1_249' title='bbox 1482 3534 1501 3572; x_wconf 90' lang='lat'><strong><em>:</em></strong></span> <span class='ocrx_word' id='word_1_250' title='bbox 1530 3516 1672 3570; x_wconf 84' lang='lat' dir='ltr'><strong>Ante</strong></span> <span class='ocrx_word' id='word_1_251' title='bbox 1710 3532 1839 3571; x_wconf 75' lang='lat' dir='ltr'><strong>vero</strong></span> <span class='ocrx_word' id='word_1_252' title='bbox 1883 3516 2016 3573; x_wconf 89' lang='lat' dir='ltr'><strong>solis</strong></span> 
     </span>
    </p>
   </div>
   <div class='ocr_carea' id='block_1_36' title="bbox 436 3607 2013 3683">
    <p class='ocr_par' dir='ltr' id='par_1_36' title="bbox 436 3607 2013 3683">
     <span class='ocr_line' id='line_1_36' title="bbox 436 3607 2013 3683; baseline -0.001 -19"><span class='ocrx_word' id='word_1_253' title='bbox 436 3625 695 3683; x_wconf 83' lang='lat' dir='ltr'><strong>occasum</strong></span> <span class='ocrx_word' id='word_1_254' title='bbox 731 3608 798 3664; x_wconf 92' lang='lat' dir='ltr'><strong>de</strong></span> <span class='ocrx_word' id='word_1_255' title='bbox 827 3625 990 3665; x_wconf 90' lang='lat' dir='ltr'><strong>cruce</strong></span> <span class='ocrx_word' id='word_1_256' title='bbox 1013 3609 1294 3679; x_wconf 89' lang='lat' dir='ltr'><strong>depositus</strong></span> <span class='ocrx_word' id='word_1_257' title='bbox 1323 3618 1427 3675; x_wconf 90' lang='lat' dir='ltr'><strong>est,</strong></span> <span class='ocrx_word' id='word_1_258' title='bbox 1457 3615 1562 3666; x_wconf 88' lang='lat' dir='ltr'><strong>etc.</strong></span> <span class='ocrx_word' id='word_1_259' title='bbox 1584 3607 1824 3664; x_wconf 65' lang='lat' dir='ltr'><strong>Joannes</strong></span> <span class='ocrx_word' id='word_1_260' title='bbox 1851 3611 2013 3665; x_wconf 82' lang='lat' dir='ltr'><strong>etiam</strong></span> 
     </span>
    </p>
   </div>
   <div class='ocr_carea' id='block_1_37' title="bbox 434 3695 2014 3766">
    <p class='ocr_par' dir='ltr' id='par_1_37' title="bbox 434 3695 2014 3766">
     <span class='ocr_line' id='line_1_37' title="bbox 434 3695 2014 3766; baseline 0.002 -16"><span class='ocrx_word' id='word_1_261' title='bbox 434 3696 728 3766; x_wconf 84' lang='lat' dir='ltr'><strong>episcopus</strong></span> <span class='ocrx_word' id='word_1_262' title='bbox 761 3695 1036 3752; x_wconf 83' lang='lat' dir='ltr'><strong>Roll‘ensis</strong></span> <span class='ocrx_word' id='word_1_263' title='bbox 1055 3737 1070 3763; x_wconf 88' lang='lat'><strong>,</strong></span> <span class='ocrx_word' id='word_1_264' title='bbox 1108 3697 1294 3753; x_wconf 89' lang='lat' dir='ltr'><strong>libello</strong></span> <span class='ocrx_word' id='word_1_265' title='bbox 1321 3698 1410 3753; x_wconf 92' lang='lat' dir='ltr'><strong>cui</strong></span> <span class='ocrx_word' id='word_1_266' title='bbox 1439 3699 1654 3763; x_wconf 87' lang='lat' dir='ltr'><strong>titulus,</strong></span> <span class='ocrx_word' id='word_1_267' title='bbox 1693 3697 1884 3753; x_wconf 89' lang='lat' dir='ltr'><strong>l’etrus</strong></span> <span class='ocrx_word' id='word_1_268' title='bbox 1911 3700 2014 3766; x_wconf 79' lang='lat' dir='ltr'><strong>fuit</strong></span> 
     </span>
    </p>
   </div>
   <div class='ocr_carea' id='block_1_38' title="bbox 434 3786 2012 3861">
    <p class='ocr_par' dir='ltr' id='par_1_38' title="bbox 434 3786 2012 3861">
     <span class='ocr_line' id='line_1_38' title="bbox 434 3786 2012 3861; baseline 0.003 -20"><span class='ocrx_word' id='word_1_269' title='bbox 434 3786 640 3848; x_wconf 64' lang='lat' dir='ltr'><strong>Romae.</strong></span> <span class='ocrx_word' id='word_1_270' title='bbox 664 3788 808 3842; x_wconf 84' lang='lat' dir='ltr'><strong>inter</strong></span> <span class='ocrx_word' id='word_1_271' title='bbox 837 3789 1047 3858; x_wconf 89' lang='lat' dir='ltr'><strong>primos</strong></span> <span class='ocrx_word' id='word_1_272' title='bbox 1083 3789 1184 3845; x_wconf 88' lang='lat' dir='ltr'><strong>has</strong></span> <span class='ocrx_word' id='word_1_273' title='bbox 1213 3790 1475 3859; x_wconf 90' lang='lat' dir='ltr'><strong>epistolas</strong></span> <span class='ocrx_word' id='word_1_274' title='bbox 1513 3791 1729 3857; x_wconf 82' lang='lat' dir='ltr'><strong>citavit;</strong></span> <span class='ocrx_word' id='word_1_275' title='bbox 1768 3790 2012 3861; x_wconf 84' lang='lat' dir='ltr'><strong>Ignatius</strong></span> 
     </span>
    </p>
   </div>
   <div class='ocr_carea' id='block_1_39' title="bbox 436 3879 2014 3950">
    <p class='ocr_par' dir='ltr' id='par_1_39' title="bbox 436 3879 2014 3950">
     <span class='ocr_line' id='line_1_39' title="bbox 436 3879 2014 3950; baseline 0.006 -19"><span class='ocrx_word' id='word_1_276' title='bbox 436 3886 613 3933; x_wconf 89' lang='lat' dir='ltr'><strong>autem</strong></span> <span class='ocrx_word' id='word_1_277' title='bbox 657 3887 707 3934; x_wconf 86' lang='lat' dir='ltr'><strong>et</strong></span> <span class='ocrx_word' id='word_1_278' title='bbox 754 3879 865 3948; x_wconf 88' lang='lat' dir='ltr'><strong>ipse</strong></span> <span class='ocrx_word' id='word_1_279' title='bbox 904 3889 1373 3950; x_wconf 83' lang='lat' dir='ltr'><strong>contemporaneus</strong></span> <span class='ocrx_word' id='word_1_280' title='bbox 1424 3883 1694 3950; x_wconf 81' lang='lat' dir='ltr'><strong>apostolis,</strong></span> <span class='ocrx_word' id='word_1_281' title='bbox 1745 3883 2014 3940; x_wconf 77' lang='lat' dir='ltr'><strong>Christum</strong></span> 
     </span>
    </p>
   </div>
   <div class='ocr_carea' id='block_1_40' title="bbox 435 3972 2012 4043">
    <p class='ocr_par' dir='ltr' id='par_1_40' title="bbox 435 3972 2012 4043">
     <span class='ocr_line' id='line_1_40' title="bbox 435 3972 2012 4043; baseline 0.003 -20"><span class='ocrx_word' id='word_1_282' title='bbox 435 3986 557 4023; x_wconf 87' lang='lat' dir='ltr'><strong>cum</strong></span> <span class='ocrx_word' id='word_1_283' title='bbox 578 3981 712 4024; x_wconf 84' lang='lat' dir='ltr'><strong>esset</strong></span> <span class='ocrx_word' id='word_1_284' title='bbox 745 3986 1007 4024; x_wconf 89' lang='lat' dir='ltr'><strong>annorum</strong></span> <span class='ocrx_word' id='word_1_285' title='bbox 1036 3972 1257 4040; x_wconf 85' lang='lat' dir='ltr'><strong>triginta</strong></span> <span class='ocrx_word' id='word_1_286' title='bbox 1286 3972 1450 4041; x_wconf 77' lang='lat' dir='ltr'><strong>fuisse</strong></span> <span class='ocrx_word' id='word_1_287' title='bbox 1486 3972 1812 4040; x_wconf 80' lang='lat' dir='ltr'><strong>baptizatum</strong></span> <span class='ocrx_word' id='word_1_288' title='bbox 1837 3984 2012 4043; x_wconf 83' lang='lat' dir='ltr'><strong>putat,</strong></span> 
     </span>
    </p>
   </div>
   <div class='ocr_carea' id='block_1_41' title="bbox 433 4057 2014 4133">
    <p class='ocr_par' dir='ltr' id='par_1_41' title="bbox 433 4057 2014 4133">
     <span class='ocr_line' id='line_1_41' title="bbox 433 4057 2014 4133; baseline 0.002 -18"><span class='ocrx_word' id='word_1_289' title='bbox 433 4070 485 4116; x_wconf 83' lang='lat' dir='ltr'><strong>et</strong></span> <span class='ocrx_word' id='word_1_290' title='bbox 523 4072 629 4115; x_wconf 89' lang='lat' dir='ltr'><strong>tres</strong></span> <span class='ocrx_word' id='word_1_291' title='bbox 657 4077 824 4116; x_wconf 90' lang='lat' dir='ltr'><strong>annos</strong></span> <span class='ocrx_word' id='word_1_292' title='bbox 852 4061 997 4116; x_wconf 89' lang='lat' dir='ltr'><strong>ultra</strong></span> <span class='ocrx_word' id='word_1_293' title='bbox 1041 4062 1300 4120; x_wconf 84' lang='lat' dir='ltr'><strong>docuisse.</strong></span> <span class='ocrx_word' id='word_1_294' title='bbox 1346 4061 1436 4116; x_wconf 88' lang='lat' dir='ltr'><strong>Sic</strong></span> <span class='ocrx_word' id='word_1_295' title='bbox 1479 4057 1617 4116; x_wconf 87' lang='lat' dir='ltr'><strong>enim</strong></span> <span class='ocrx_word' id='word_1_296' title='bbox 1672 4062 1916 4133; x_wconf 84' lang='lat' dir='ltr'><strong>Epistola</strong></span> <span class='ocrx_word' id='word_1_297' title='bbox 1944 4064 2014 4118; x_wconf 92' lang='lat' dir='ltr'><strong>ad</strong></span> 
     </span>
    </p>
   </div>
   <div class='ocr_carea' id='block_1_42' title="bbox 437 4149 2013 4225">
    <p class='ocr_par' dir='ltr' id='par_1_42' title="bbox 437 4149 2013 4225">
     <span class='ocr_line' id='line_1_42' title="bbox 437 4149 2013 4225; baseline 0.004 -20"><span class='ocrx_word' id='word_1_298' title='bbox 437 4149 744 4206; x_wconf 85' lang='lat' dir='ltr'><strong>Trallianos</strong></span> <span class='ocrx_word' id='word_1_299' title='bbox 799 4152 1003 4208; x_wconf 84' lang='lat' dir='ltr'><strong>scribit.</strong></span> <span class='ocrx_word' id='word_1_300' title='bbox 1048 4151 1290 4224; x_wconf 86' lang='lat' dir='ltr'><strong>Triginta</strong></span> <span class='ocrx_word' id='word_1_301' title='bbox 1333 4171 1500 4209; x_wconf 90' lang='lat' dir='ltr'><strong>annos</strong></span> <span class='ocrx_word' id='word_1_302' title='bbox 1559 4172 1714 4225; x_wconf 84' lang='lat' dir='ltr'><strong>agens</strong></span> <span class='ocrx_word' id='word_1_303' title='bbox 1769 4155 2013 4212; x_wconf 81' lang='lat' dir='ltr'><strong>Christus</strong></span> 
     </span>
    </p>
   </div>
   <div class='ocr_carea' id='block_1_43' title="bbox 433 4239 2012 4318">
    <p class='ocr_par' dir='ltr' id='par_1_43' title="bbox 433 4239 2012 4318">
     <span class='ocr_line' id='line_1_43' title="bbox 433 4239 2012 4318; baseline 0.005 -22"><span class='ocrx_word' id='word_1_304' title='bbox 433 4239 734 4312; x_wconf 79' lang='lat' dir='ltr'><strong>baptizatus</strong></span> <span class='ocrx_word' id='word_1_305' title='bbox 775 4254 852 4299; x_wconf 88' lang='lat' dir='ltr'><strong>est</strong></span> <span class='ocrx_word' id='word_1_306' title='bbox 887 4262 919 4298; x_wconf 90' lang='lat' dir='ltr'><strong>a</strong></span> <span class='ocrx_word' id='word_1_307' title='bbox 949 4243 1179 4313; x_wconf 80' lang='lat' dir='ltr'><strong>Joanne,</strong></span> <span class='ocrx_word' id='word_1_308' title='bbox 1207 4255 1258 4300; x_wconf 84' lang='lat' dir='ltr'><strong>et</strong></span> <span class='ocrx_word' id='word_1_309' title='bbox 1298 4247 1468 4300; x_wconf 85' lang='lat' dir='ltr'><strong>tribus</strong></span> <span class='ocrx_word' id='word_1_310' title='bbox 1511 4249 1664 4302; x_wconf 88' lang='lat' dir='ltr'><strong>annis</strong></span> <span class='ocrx_word' id='word_1_311' title='bbox 1703 4249 2012 4318; x_wconf 69' lang='lat' dir='ltr'><strong>prcedicavit</strong></span> 
     </span>
    </p>
   </div>
   <div class='ocr_carea' id='block_1_44' title="bbox 436 4331 2011 4405">
    <p class='ocr_par' dir='ltr' id='par_1_44' title="bbox 436 4331 2011 4405">
     <span class='ocr_line' id='line_1_44' title="bbox 436 4331 2011 4405; baseline 0.005 -19"><span class='ocrx_word' id='word_1_312' title='bbox 436 4331 803 4405; x_wconf 78' lang='lat' dir='ltr'><strong>Evangelium.</strong></span> <span class='ocrx_word' id='word_1_313' title='bbox 831 4334 1144 4400; x_wconf 87' lang='lat' dir='ltr'><strong>Quinetiam</strong></span> <span class='ocrx_word' id='word_1_314' title='bbox 1173 4334 1413 4392; x_wconf 88' lang='lat' dir='ltr'><strong>Joannes</strong></span> <span class='ocrx_word' id='word_1_315' title='bbox 1445 4335 1647 4392; x_wconf 89' lang='lat' dir='ltr'><strong>Driedo</strong></span> <span class='ocrx_word' id='word_1_316' title='bbox 1684 4338 1916 4394; x_wconf 86' lang='lat' dir='ltr'><strong>celebris</strong></span> <span class='ocrx_word' id='word_1_317' title='bbox 1950 4355 2011 4394; x_wconf 92' lang='lat' dir='ltr'><strong>ea</strong></span> 
     </span>
    </p>
   </div>
   <div class='ocr_carea' id='block_1_45' title="bbox 431 4426 2013 4498">
    <p class='ocr_par' dir='ltr' id='par_1_45' title="bbox 431 4426 2013 4498">
     <span class='ocr_line' id='line_1_45' title="bbox 431 4426 2013 4498; baseline 0.003 -18"><span class='ocrx_word' id='word_1_318' title='bbox 431 4435 590 4481; x_wconf 58' lang='lat' dir='ltr'><strong>astate</strong></span> <span class='ocrx_word' id='word_1_319' title='bbox 621 4426 923 4497; x_wconf 67' lang='lat' dir='ltr'><strong>theologus,</strong></span> <span class='ocrx_word' id='word_1_320' title='bbox 948 4428 1088 4482; x_wconf 88' lang='lat' dir='ltr'><strong>libro</strong></span> <span class='ocrx_word' id='word_1_321' title='bbox 1113 4427 1188 4481; x_wconf 90' lang='lat' dir='ltr'><strong>De</strong></span> <span class='ocrx_word' id='word_1_322' title='bbox 1214 4427 1550 4498; x_wconf 86' lang='lat' dir='ltr'><strong>dogmatibus</strong></span> <span class='ocrx_word' id='word_1_323' title='bbox 1571 4429 1938 4484; x_wconf 85' lang='lat' dir='ltr'><strong>ecclesiasticis</strong></span> <span class='ocrx_word' id='word_1_324' title='bbox 1963 4440 2013 4484; x_wconf 83' lang='lat' dir='ltr'><strong>et</strong></span> 
     </span>
    </p>
   </div>
   <div class='ocr_carea' id='block_1_46' title="bbox 2137 545 3709 620">
    <p class='ocr_par' dir='ltr' id='par_1_46' title="bbox 2137 545 3709 620">
     <span class='ocr_line' id='line_1_46' title="bbox 2137 545 3709 620; baseline -0.003 -15"><span class='ocrx_word' id='word_1_325' title='bbox 2137 549 2420 620; x_wconf 75' lang='lat' dir='ltr'><strong>sexaginta</strong></span> <span class='ocrx_word' id='word_1_326' title='bbox 2450 564 2625 603; x_wconf 80' lang='lat' dir='ltr'><strong>annos</strong></span> <span class='ocrx_word' id='word_1_327' title='bbox 2651 589 2668 613; x_wconf 97' lang='lat'><strong>,</strong></span> <span class='ocrx_word' id='word_1_328' title='bbox 2712 547 2961 602; x_wconf 82' lang='lat' dir='ltr'><strong>Andreas</strong></span> <span class='ocrx_word' id='word_1_329' title='bbox 3003 546 3300 612; x_wconf 77' lang='lat' dir='ltr'><strong>Gesnerus,</strong></span> <span class='ocrx_word' id='word_1_330' title='bbox 3349 545 3395 600; x_wconf 83' lang='lat' dir='ltr'><strong>si</strong></span> <span class='ocrx_word' id='word_1_331' title='bbox 3441 545 3544 616; x_wconf 90' lang='lat' dir='ltr'><strong>ipsi</strong></span> <span class='ocrx_word' id='word_1_332' title='bbox 3585 561 3709 600; x_wconf 83' lang='lat' dir='ltr'><strong>ere-</strong></span> 
     </span>
    </p>
   </div>
   <div class='ocr_carea' id='block_1_47' title="bbox 2134 636 3714 709">
    <p class='ocr_par' dir='ltr' id='par_1_47' title="bbox 2134 636 3714 709">
     <span class='ocr_line' id='line_1_47' title="bbox 2134 636 3714 709; baseline -0.001 -16"><span class='ocrx_word' id='word_1_333' title='bbox 2134 639 2374 694; x_wconf 88' lang='lat' dir='ltr'><strong>dendum</strong></span> <span class='ocrx_word' id='word_1_334' title='bbox 2416 640 2512 705; x_wconf 91' lang='lat' dir='ltr'><strong>sit,</strong></span> <span class='ocrx_word' id='word_1_335' title='bbox 2545 639 2808 709; x_wconf 85' lang='lat' dir='ltr'><strong>epistolas</strong></span> <span class='ocrx_word' id='word_1_336' title='bbox 2841 638 3130 694; x_wconf 89' lang='lat' dir='ltr'><strong>duodecim</strong></span> <span class='ocrx_word' id='word_1_337' title='bbox 3164 636 3370 702; x_wconf 63' lang='lat' dir='ltr'><strong>Graece,</strong></span> <span class='ocrx_word' id='word_1_338' title='bbox 3415 637 3714 706; x_wconf 86' lang='lat' dir='ltr'><strong>interprete</strong></span> 
     </span>
    </p>
   </div>
   <div class='ocr_carea' id='block_1_48' title="bbox 2135 728 3708 800">
    <p class='ocr_par' dir='ltr' id='par_1_48' title="bbox 2135 728 3708 800">
     <span class='ocr_line' id='line_1_48' title="bbox 2135 728 3708 800; baseline -0.003 -13"><span class='ocrx_word' id='word_1_339' title='bbox 2135 730 2345 787; x_wconf 80' lang='lat' dir='ltr'><strong>Joanne</strong></span> <span class='ocrx_word' id='word_1_340' title='bbox 2393 731 2701 794; x_wconf 87' lang='lat' dir='ltr'><strong>Brunnero,</strong></span> <span class='ocrx_word' id='word_1_341' title='bbox 2741 731 2954 800; x_wconf 88' lang='lat' dir='ltr'><strong>primus</strong></span> <span class='ocrx_word' id='word_1_342' title='bbox 2995 731 3242 784; x_wconf 87' lang='lat' dir='ltr'><strong>omnium</strong></span> <span class='ocrx_word' id='word_1_343' title='bbox 3287 729 3476 796; x_wconf 91' lang='lat' dir='ltr'><strong>edidit,</strong></span> <span class='ocrx_word' id='word_1_344' title='bbox 3518 746 3580 786; x_wconf 90' lang='lat' dir='ltr'><strong>a.</strong></span> <span class='ocrx_word' id='word_1_345' title='bbox 3640 728 3708 783; x_wconf 88' lang='grc' dir='ltr'><strong>Ι).</strong></span> 
     </span>
    </p>
   </div>
   <div class='ocr_carea' id='block_1_49' title="bbox 2134 821 3711 893">
    <p class='ocr_par' dir='ltr' id='par_1_49' title="bbox 2134 821 3711 893">
     <span class='ocr_line' id='line_1_49' title="bbox 2134 821 3711 893; baseline -0.005 -11"><span class='ocrx_word' id='word_1_346' title='bbox 2134 826 2296 882; x_wconf 72' lang='grc'><strong>1559.</strong></span> <span class='ocrx_word' id='word_1_347' title='bbox 2344 824 2423 880; x_wconf 84' lang='lat' dir='ltr'><strong>Ita</strong></span> <span class='ocrx_word' id='word_1_348' title='bbox 2465 825 2610 879; x_wconf 87' lang='lat' dir='ltr'><strong>enim</strong></span> <span class='ocrx_word' id='word_1_349' title='bbox 2648 826 2703 878; x_wconf 92' lang='lat' dir='ltr'><strong>in</strong></span> <span class='ocrx_word' id='word_1_350' title='bbox 2743 822 3070 878; x_wconf 63' lang='lat' dir='ltr'><strong>Prmfatione</strong></span> <span class='ocrx_word' id='word_1_351' title='bbox 3120 823 3398 890; x_wconf 88' lang='lat' dir='ltr'><strong>loquitur:</strong></span> <span class='ocrx_word' id='word_1_352' title='bbox 3435 821 3711 893; x_wconf 83' lang='lat' dir='ltr'><strong>Ignatium</strong></span> 
     </span>
    </p>
   </div>
   <div class='ocr_carea' id='block_1_50' title="bbox 2133 911 3712 985">
    <p class='ocr_par' dir='ltr' id='par_1_50' title="bbox 2133 911 3712 985">
     <span class='ocr_line' id='line_1_50' title="bbox 2133 911 3712 985; baseline -0.004 -15"><span class='ocrx_word' id='word_1_353' title='bbox 2133 933 2252 971; x_wconf 80' lang='lat' dir='ltr'><strong>vero</strong></span> <span class='ocrx_word' id='word_1_354' title='bbox 2287 933 2406 969; x_wconf 87' lang='lat' dir='ltr'><strong>cum</strong></span> <span class='ocrx_word' id='word_1_355' title='bbox 2449 915 2538 969; x_wconf 86' lang='lat' dir='ltr'><strong>ille</strong></span> <span class='ocrx_word' id='word_1_356' title='bbox 2583 913 2874 985; x_wconf 87' lang='lat' dir='ltr'><strong>(Henricus</strong></span> <span class='ocrx_word' id='word_1_357' title='bbox 2908 912 3052 967; x_wconf 91' lang='lat' dir='ltr'><strong>Petri</strong></span> <span class='ocrx_word' id='word_1_358' title='bbox 3083 914 3313 984; x_wconf 90' lang='lat' dir='ltr'><strong>scilicet)</strong></span> <span class='ocrx_word' id='word_1_359' title='bbox 3358 911 3542 967; x_wconf 85' lang='lat' dir='ltr'><strong>Latine</strong></span> <span class='ocrx_word' id='word_1_360' title='bbox 3585 922 3712 965; x_wconf 88' lang='lat' dir='ltr'><strong>tan-</strong></span> 
     </span>
    </p>
   </div>
   <div class='ocr_carea' id='block_1_51' title="bbox 2133 1005 3711 1077">
    <p class='ocr_par' dir='ltr' id='par_1_51' title="bbox 2133 1005 3711 1077">
     <span class='ocr_line' id='line_1_51' title="bbox 2133 1005 3711 1077; baseline -0.004 -15"><span class='ocrx_word' id='word_1_361' title='bbox 2133 1018 2245 1062; x_wconf 89' lang='lat' dir='ltr'><strong>tum</strong></span> <span class='ocrx_word' id='word_1_362' title='bbox 2283 1006 2526 1070; x_wconf 78' lang='lat' dir='ltr'><strong>ediderit,</strong></span> <span class='ocrx_word' id='word_1_363' title='bbox 2560 1023 2650 1077; x_wconf 87' lang='lat' dir='ltr'><strong>ego</strong></span> <span class='ocrx_word' id='word_1_364' title='bbox 2685 1005 2924 1059; x_wconf 79' lang='lat' dir='ltr'><strong>Crwcum</strong></span> <span class='ocrx_word' id='word_1_365' title='bbox 2966 1007 3233 1074; x_wconf 75' lang='lat' dir='ltr'><strong>exemplar</strong></span> <span class='ocrx_word' id='word_1_366' title='bbox 3275 1021 3374 1058; x_wconf 90' lang='lat' dir='ltr'><strong>ms.</strong></span> <span class='ocrx_word' id='word_1_367' title='bbox 3420 1015 3604 1057; x_wconf 87' lang='lat' dir='ltr'><strong>nactus</strong></span> <span class='ocrx_word' id='word_1_368' title='bbox 3642 1019 3711 1057; x_wconf 75' lang='lat' dir='ltr'><strong>ea:</strong></span> 
     </span>
    </p>
   </div>
   <div class='ocr_carea' id='block_1_52' title="bbox 2131 1097 3711 1169">
    <p class='ocr_par' dir='ltr' id='par_1_52' title="bbox 2131 1097 3711 1169">
     <span class='ocr_line' id='line_1_52' title="bbox 2131 1097 3711 1169; baseline -0.005 -11"><span class='ocrx_word' id='word_1_369' title='bbox 2131 1101 2460 1158; x_wconf 87' lang='lat' dir='ltr'><strong>Bibliotheca</strong></span> <span class='ocrx_word' id='word_1_370' title='bbox 2491 1101 2559 1158; x_wconf 88' lang='lat' dir='ltr'><strong>cl.</strong></span> <span class='ocrx_word' id='word_1_371' title='bbox 2619 1120 2666 1161; x_wconf 80' lang='grc' dir='ltr'><strong>υ,</strong></span> <span class='ocrx_word' id='word_1_372' title='bbox 2715 1101 2818 1169; x_wconf 81' lang='lat' dir='ltr'><strong>pia:</strong></span> <span class='ocrx_word' id='word_1_373' title='bbox 2845 1100 3112 1153; x_wconf 73' lang='lat' dir='ltr'><strong>memoria:</strong></span> <span class='ocrx_word' id='word_1_374' title='bbox 3141 1098 3211 1154; x_wconf 87' lang='lat' dir='ltr'><strong>D.</strong></span> <span class='ocrx_word' id='word_1_375' title='bbox 3237 1099 3466 1168; x_wconf 78' lang='lat' dir='ltr'><strong>Caspari</strong></span> <span class='ocrx_word' id='word_1_376' title='bbox 3488 1116 3520 1152; x_wconf 93' lang='lat' dir='ltr'><strong>a</strong></span> <span class='ocrx_word' id='word_1_377' title='bbox 3551 1097 3604 1152; x_wconf 86' lang='grc' dir='ltr'><strong><em>Ν</em></strong></span> <span class='ocrx_word' id='word_1_378' title='bbox 3607 1097 3711 1167; x_wconf 75' lang='lat' dir='ltr'><strong>yd—</strong></span> 
     </span>
    </p>
   </div>
   <div class='ocr_carea' id='block_1_53' title="bbox 2133 1190 3706 1266">
    <p class='ocr_par' dir='ltr' id='par_1_53' title="bbox 2133 1190 3706 1266">
     <span class='ocr_line' id='line_1_53' title="bbox 2133 1190 3706 1266; baseline -0.004 -17"><span class='ocrx_word' id='word_1_379' title='bbox 2133 1195 2309 1266; x_wconf 81' lang='lat' dir='ltr'><strong>pryclt,</strong></span> <span class='ocrx_word' id='word_1_380' title='bbox 2364 1195 2665 1250; x_wconf 75' lang='lat' dir='ltr'><strong>existimavi</strong></span> <span class='ocrx_word' id='word_1_381' title='bbox 2717 1210 2880 1264; x_wconf 87' lang='lat' dir='ltr'><strong>neque</strong></span> <span class='ocrx_word' id='word_1_382' title='bbox 2912 1191 3152 1246; x_wconf 78' lang='lat' dir='ltr'><strong>Henrico</strong></span> <span class='ocrx_word' id='word_1_383' title='bbox 3203 1190 3353 1246; x_wconf 87' lang='lat' dir='ltr'><strong>Petri</strong></span> <span class='ocrx_word' id='word_1_384' title='bbox 3405 1191 3706 1253; x_wconf 80' lang='lat' dir='ltr'><strong>molestum,</strong></span> 
     </span>
    </p>
   </div>
   <div class='ocr_carea' id='block_1_54' title="bbox 2131 1273 3710 1356">
    <p class='ocr_par' dir='ltr' id='par_1_54' title="bbox 2131 1273 3710 1356">
     <span class='ocr_line' id='line_1_54' title="bbox 2131 1273 3710 1356; baseline -0.005 -13"><span class='ocrx_word' id='word_1_385' title='bbox 2131 1288 2384 1343; x_wconf 87' lang='lat' dir='ltr'><strong>studiosis</strong></span> <span class='ocrx_word' id='word_1_386' title='bbox 2415 1297 2588 1340; x_wconf 87' lang='lat' dir='ltr'><strong>autem</strong></span> <span class='ocrx_word' id='word_1_387' title='bbox 2625 1286 2883 1356; x_wconf 85' lang='lat' dir='ltr'><strong>plerisque</strong></span> <span class='ocrx_word' id='word_1_388' title='bbox 2903 1273 3114 1356; x_wconf 82' lang='lat' dir='ltr'><strong>gratum</strong></span> <span class='ocrx_word' id='word_1_389' title='bbox 3138 1284 3271 1354; x_wconf 79' lang='lat' dir='ltr'><strong>fore,</strong></span> <span class='ocrx_word' id='word_1_390' title='bbox 3291 1285 3338 1337; x_wconf 89' lang='lat' dir='ltr'><strong>si</strong></span> <span class='ocrx_word' id='word_1_391' title='bbox 3360 1301 3421 1338; x_wconf 89' lang='lat' dir='ltr'><strong>ea</strong></span> <span class='ocrx_word' id='word_1_392' title='bbox 3450 1288 3710 1354; x_wconf 67' lang='lat' dir='ltr'><strong>questrac-</strong></span> 
     </span>
    </p>
   </div>
   <div class='ocr_carea' id='block_1_55' title="bbox 2132 1375 3712 1447">
    <p class='ocr_par' dir='ltr' id='par_1_55' title="bbox 2132 1375 3712 1447">
     <span class='ocr_line' id='line_1_55' title="bbox 2132 1375 3712 1447; baseline -0.003 -14"><span class='ocrx_word' id='word_1_393' title='bbox 2132 1389 2280 1435; x_wconf 85' lang='lat' dir='ltr'><strong>tenus</strong></span> <span class='ocrx_word' id='word_1_394' title='bbox 2315 1379 2502 1433; x_wconf 85' lang='lat' dir='ltr'><strong>Latine</strong></span> <span class='ocrx_word' id='word_1_395' title='bbox 2554 1389 2760 1432; x_wconf 86' lang='lat' dir='ltr'><strong>tantum</strong></span> <span class='ocrx_word' id='word_1_396' title='bbox 2787 1377 3313 1447; x_wconf 79' lang='lat' dir='ltr'><strong>circumferebantur,</strong></span> <span class='ocrx_word' id='word_1_397' title='bbox 3335 1375 3515 1430; x_wconf 63' lang='lat' dir='ltr'><strong>Greece</strong></span> <span class='ocrx_word' id='word_1_398' title='bbox 3546 1377 3712 1428; x_wconf 86' lang='lat' dir='ltr'><strong>simul</strong></span> 
     </span>
    </p>
   </div>
   <div class='ocr_carea' id='block_1_56' title="bbox 2130 1466 3712 1538">
    <p class='ocr_par' dir='ltr' id='par_1_56' title="bbox 2130 1466 3712 1538">
     <span class='ocr_line' id='line_1_56' title="bbox 2130 1466 3712 1538; baseline -0.003 -13"><span class='ocrx_word' id='word_1_399' title='bbox 2130 1480 2180 1525; x_wconf 86' lang='lat' dir='ltr'><strong>et</strong></span> <span class='ocrx_word' id='word_1_400' title='bbox 2209 1469 2397 1524; x_wconf 89' lang='lat' dir='ltr'><strong>Latine</strong></span> <span class='ocrx_word' id='word_1_401' title='bbox 2427 1487 2460 1523; x_wconf 91' lang='lat' dir='ltr'><strong>a</strong></span> <span class='ocrx_word' id='word_1_402' title='bbox 2489 1487 2569 1523; x_wconf 88' lang='lat' dir='ltr'><strong>me</strong></span> <span class='ocrx_word' id='word_1_403' title='bbox 2599 1469 2821 1538; x_wconf 81' lang='lat' dir='ltr'><strong>fuissent</strong></span> <span class='ocrx_word' id='word_1_404' title='bbox 2859 1469 3022 1522; x_wconf 88' lang='lat' dir='ltr'><strong>edita.</strong></span> <span class='ocrx_word' id='word_1_405' title='bbox 3056 1467 3162 1521; x_wconf 89' lang='lat' dir='ltr'><strong>Sed</strong></span> <span class='ocrx_word' id='word_1_406' title='bbox 3197 1467 3462 1538; x_wconf 90' lang='lat' dir='ltr'><strong>quidquid</strong></span> <span class='ocrx_word' id='word_1_407' title='bbox 3504 1466 3712 1520; x_wconf 77' lang='lat' dir='ltr'><strong>dixerit</strong></span> 
     </span>
    </p>
   </div>
   <div class='ocr_carea' id='block_1_57' title="bbox 2131 1557 3708 1628">
    <p class='ocr_par' dir='ltr' id='par_1_57' title="bbox 2131 1557 3708 1628">
     <span class='ocr_line' id='line_1_57' title="bbox 2131 1557 3708 1628; baseline -0.004 -11"><span class='ocrx_word' id='word_1_408' title='bbox 2131 1562 2432 1622; x_wconf 85' lang='lat' dir='ltr'><strong>Gesncrus,</strong></span> <span class='ocrx_word' id='word_1_409' title='bbox 2477 1569 2602 1615; x_wconf 76' lang='lat' dir='ltr'><strong>ante</strong></span> <span class='ocrx_word' id='word_1_410' title='bbox 2643 1575 2768 1613; x_wconf 89' lang='lat' dir='ltr'><strong>eum</strong></span> <span class='ocrx_word' id='word_1_411' title='bbox 2820 1558 2877 1612; x_wconf 90' lang='lat' dir='ltr'><strong>S.</strong></span> <span class='ocrx_word' id='word_1_412' title='bbox 2913 1557 3178 1628; x_wconf 82' lang='lat' dir='ltr'><strong>lguatium</strong></span> <span class='ocrx_word' id='word_1_413' title='bbox 3207 1557 3391 1612; x_wconf 65' lang='lat' dir='ltr'><strong>Graece</strong></span> <span class='ocrx_word' id='word_1_414' title='bbox 3418 1573 3480 1612; x_wconf 81' lang='lat' dir='ltr'><strong>ex</strong></span> <span class='ocrx_word' id='word_1_415' title='bbox 3512 1558 3708 1626; x_wconf 80' lang='lat' dir='ltr'><strong>Augu-</strong></span> 
     </span>
    </p>
   </div>
   <div class='ocr_carea' id='block_1_58' title="bbox 2131 1647 3709 1718">
    <p class='ocr_par' dir='ltr' id='par_1_58' title="bbox 2131 1647 3709 1718">
     <span class='ocr_line' id='line_1_58' title="bbox 2131 1647 3709 1718; baseline -0.004 -11"><span class='ocrx_word' id='word_1_416' title='bbox 2131 1663 2302 1708; x_wconf 65' lang='lat' dir='ltr'><strong>stanaz</strong></span> <span class='ocrx_word' id='word_1_417' title='bbox 2328 1652 2678 1705; x_wconf 71' lang='lat' dir='ltr'><strong>Bibliotheca:</strong></span> <span class='ocrx_word' id='word_1_418' title='bbox 2701 1649 2998 1718; x_wconf 73' lang='lat' dir='ltr'><strong>exemplari</strong></span> <span class='ocrx_word' id='word_1_419' title='bbox 3017 1647 3574 1702; x_wconf 63' lang='lat' dir='ltr'><strong>ValcntinusPaeatus</strong></span> <span class='ocrx_word' id='word_1_420' title='bbox 3599 1663 3709 1715; x_wconf 82' lang='lat' dir='ltr'><strong>pu-</strong></span> 
     </span>
    </p>
   </div>
   <div class='ocr_carea' id='block_1_59' title="bbox 2129 1738 3707 1808">
    <p class='ocr_par' dir='ltr' id='par_1_59' title="bbox 2129 1738 3707 1808">
     <span class='ocr_line' id='line_1_59' title="bbox 2129 1738 3707 1808; baseline -0.005 -10"><span class='ocrx_word' id='word_1_421' title='bbox 2129 1741 2480 1806; x_wconf 73' lang='lat' dir='ltr'><strong>blicaverat,&#39;</strong></span> <span class='ocrx_word' id='word_1_422' title='bbox 2510 1759 2566 1797; x_wconf 90' lang='lat' dir='ltr'><strong>a.</strong></span> <span class='ocrx_word' id='word_1_423' title='bbox 2611 1739 2675 1794; x_wconf 85' lang='grc' dir='ltr'><strong>Ι).</strong></span> <span class='ocrx_word' id='word_1_424' title='bbox 2733 1738 2894 1803; x_wconf 75' lang='grc'><strong>1557,</strong></span> <span class='ocrx_word' id='word_1_425' title='bbox 2950 1755 3114 1808; x_wconf 88' lang='lat' dir='ltr'><strong>quem</strong></span> <span class='ocrx_word' id='word_1_426' title='bbox 3162 1739 3398 1808; x_wconf 89' lang='lat' dir='ltr'><strong>primum</strong></span> <span class='ocrx_word' id='word_1_427' title='bbox 3437 1739 3488 1792; x_wconf 89' lang='lat' dir='ltr'><strong>in</strong></span> <span class='ocrx_word' id='word_1_428' title='bbox 3525 1738 3707 1792; x_wconf 82' lang='lat' dir='ltr'><strong>lucem</strong></span> 
     </span>
    </p>
   </div>
   <div class='ocr_carea' id='block_1_60' title="bbox 2127 1829 3710 1900">
    <p class='ocr_par' dir='ltr' id='par_1_60' title="bbox 2127 1829 3710 1900">
     <span class='ocr_line' id='line_1_60' title="bbox 2127 1829 3710 1900; baseline -0.001 -12"><span class='ocrx_word' id='word_1_429' title='bbox 2127 1849 2222 1889; x_wconf 90' lang='lat' dir='ltr'><strong>eas</strong></span> <span class='ocrx_word' id='word_1_430' title='bbox 2251 1833 2488 1888; x_wconf 89' lang='lat' dir='ltr'><strong>edidisse</strong></span> <span class='ocrx_word' id='word_1_431' title='bbox 2522 1841 2755 1886; x_wconf 90' lang='lat' dir='ltr'><strong>testatur</strong></span> <span class='ocrx_word' id='word_1_432' title='bbox 2785 1830 3086 1897; x_wconf 86' lang='lat' dir='ltr'><strong>Morellius,</strong></span> <span class='ocrx_word' id='word_1_433' title='bbox 3113 1831 3206 1900; x_wconf 91' lang='lat' dir='ltr'><strong>qui</strong></span> <span class='ocrx_word' id='word_1_434' title='bbox 3232 1832 3449 1885; x_wconf 87' lang='lat' dir='ltr'><strong>easdem</strong></span> <span class='ocrx_word' id='word_1_435' title='bbox 3479 1829 3710 1886; x_wconf 86' lang='lat' dir='ltr'><strong>Parisiis</strong></span> 
     </span>
    </p>
   </div>
   <div class='ocr_carea' id='block_1_61' title="bbox 2127 1919 3704 1990">
    <p class='ocr_par' dir='ltr' id='par_1_61' title="bbox 2127 1919 3704 1990">
     <span class='ocr_line' id='line_1_61' title="bbox 2127 1919 3704 1990; baseline -0.001 -14"><span class='ocrx_word' id='word_1_436' title='bbox 2127 1922 2467 1977; x_wconf 84' lang='lat' dir='ltr'><strong>recudendas</strong></span> <span class='ocrx_word' id='word_1_437' title='bbox 2494 1921 2708 1976; x_wconf 86' lang='lat' dir='ltr'><strong>curavit</strong></span> <span class='ocrx_word' id='word_1_438' title='bbox 2756 1934 2814 1974; x_wconf 90' lang='lat' dir='ltr'><strong>a.</strong></span> <span class='ocrx_word' id='word_1_439' title='bbox 2840 1919 2924 1975; x_wconf 78' lang='grc' dir='ltr'><strong>Ι).</strong></span> <span class='ocrx_word' id='word_1_440' title='bbox 2959 1919 3116 1974; x_wconf 71' lang='grc'><strong>1558.</strong></span> <span class='ocrx_word' id='word_1_441' title='bbox 3151 1919 3394 1990; x_wconf 88' lang='lat' dir='ltr'><strong>Eamque</strong></span> <span class='ocrx_word' id='word_1_442' title='bbox 3431 1936 3461 1974; x_wconf 91' lang='lat' dir='ltr'><strong>a</strong></span> <span class='ocrx_word' id='word_1_443' title='bbox 3505 1919 3704 1974; x_wconf 67' lang='lat' dir='ltr'><strong>Pacaeo</strong></span> 
     </span>
    </p>
   </div>
   <div class='ocr_carea' id='block_1_62' title="bbox 2126 2011 3708 2084">
    <p class='ocr_par' dir='ltr' id='par_1_62' title="bbox 2126 2011 3708 2084">
     <span class='ocr_line' id='line_1_62' title="bbox 2126 2011 3708 2084; baseline 0 -18"><span class='ocrx_word' id='word_1_444' title='bbox 2126 2023 2474 2084; x_wconf 88' lang='lat' dir='ltr'><strong>procuratam</strong></span> <span class='ocrx_word' id='word_1_445' title='bbox 2508 2012 2809 2082; x_wconf 88' lang='lat' dir='ltr'><strong>principem</strong></span> <span class='ocrx_word' id='word_1_446' title='bbox 2833 2027 2956 2065; x_wconf 89' lang='lat' dir='ltr'><strong>esse</strong></span> <span class='ocrx_word' id='word_1_447' title='bbox 2986 2011 3298 2066; x_wconf 67' lang='lat' dir='ltr'><strong>Grzecarum</strong></span> <span class='ocrx_word' id='word_1_448' title='bbox 3334 2011 3708 2081; x_wconf 84' lang='lat' dir='ltr'><strong>Epistolarum</strong></span> 
     </span>
    </p>
   </div>
   <div class='ocr_carea' id='block_1_63' title="bbox 2125 2100 3711 2173">
    <p class='ocr_par' dir='ltr' id='par_1_63' title="bbox 2125 2100 3711 2173">
     <span class='ocr_line' id='line_1_63' title="bbox 2125 2100 3711 2173; baseline -0.001 -15"><span class='ocrx_word' id='word_1_449' title='bbox 2125 2103 2442 2170; x_wconf 86' lang='lat' dir='ltr'><strong>editionem,</strong></span> <span class='ocrx_word' id='word_1_450' title='bbox 2472 2103 2631 2157; x_wconf 82' lang='lat' dir='ltr'><strong>ﬁdem</strong></span> <span class='ocrx_word' id='word_1_451' title='bbox 2668 2101 2872 2156; x_wconf 80' lang='lat' dir='ltr'><strong>faciunt</strong></span> <span class='ocrx_word' id='word_1_452' title='bbox 2916 2101 3005 2154; x_wconf 88' lang='lat' dir='ltr'><strong>illa</strong></span> <span class='ocrx_word' id='word_1_453' title='bbox 3029 2100 3468 2157; x_wconf 88' lang='lat' dir='ltr'><strong>Centuriatorum</strong></span> <span class='ocrx_word' id='word_1_454' title='bbox 3492 2103 3711 2173; x_wconf 81' lang='lat' dir='ltr'><strong>Magde-</strong></span> 
     </span>
    </p>
   </div>
   <div class='ocr_carea' id='block_1_64' title="bbox 2133 2191 3712 2265">
    <p class='ocr_par' dir='ltr' id='par_1_64' title="bbox 2133 2191 3712 2265">
     <span class='ocr_line' id='line_1_64' title="bbox 2133 2191 3712 2265; baseline -0.001 -16"><span class='ocrx_word' id='word_1_455' title='bbox 2133 2195 2490 2264; x_wconf 85' lang='lat' dir='ltr'><strong>burgcnsium</strong></span> <span class='ocrx_word' id='word_1_456' title='bbox 2540 2209 2553 2245; x_wconf 93' lang='lat'><strong>:</strong></span> <span class='ocrx_word' id='word_1_457' title='bbox 2602 2191 2702 2246; x_wconf 88' lang='lat' dir='ltr'><strong>Est</strong></span> <span class='ocrx_word' id='word_1_458' title='bbox 2742 2201 2792 2246; x_wconf 88' lang='lat' dir='ltr'><strong>et</strong></span> <span class='ocrx_word' id='word_1_459' title='bbox 2840 2193 2937 2245; x_wconf 87' lang='lat' dir='ltr'><strong>hoc</strong></span> <span class='ocrx_word' id='word_1_460' title='bbox 2989 2193 3383 2259; x_wconf 83' lang='lat' dir='ltr'><strong>adnotandum,</strong></span> <span class='ocrx_word' id='word_1_461' title='bbox 3427 2195 3564 2265; x_wconf 88' lang='lat' dir='ltr'><strong>quod</strong></span> <span class='ocrx_word' id='word_1_462' title='bbox 3607 2197 3712 2250; x_wconf 83' lang='lat' dir='ltr'><strong>hoc</strong></span> 
     </span>
    </p>
   </div>
   <div class='ocr_carea' id='block_1_65' title="bbox 2126 2283 3713 2356">
    <p class='ocr_par' dir='ltr' id='par_1_65' title="bbox 2126 2283 3713 2356">
     <span class='ocr_line' id='line_1_65' title="bbox 2126 2283 3713 2356; baseline 0.001 -14"><span class='ocrx_word' id='word_1_463' title='bbox 2126 2305 2264 2343; x_wconf 84' lang='lat' dir='ltr'><strong>anno</strong></span> <span class='ocrx_word' id='word_1_464' title='bbox 2297 2286 2432 2341; x_wconf 78' lang='lat' dir='ltr'><strong>l558</strong></span> <span class='ocrx_word' id='word_1_465' title='bbox 2462 2283 2718 2355; x_wconf 76' lang='lat' dir='ltr'><strong>Epistola:</strong></span> <span class='ocrx_word' id='word_1_466' title='bbox 2757 2283 2962 2355; x_wconf 87' lang='lat' dir='ltr'><strong>Ignatii</strong></span> <span class='ocrx_word' id='word_1_467' title='bbox 3001 2283 3181 2339; x_wconf 69' lang='lat' dir='ltr'><strong>Crazce</strong></span> <span class='ocrx_word' id='word_1_468' title='bbox 3230 2287 3333 2340; x_wconf 90' lang='lat' dir='ltr'><strong>sint</strong></span> <span class='ocrx_word' id='word_1_469' title='bbox 3365 2289 3713 2356; x_wconf 56' lang='lat' dir='ltr'><strong>impressa“</strong></span> 
     </span>
    </p>
   </div>
   <div class='ocr_carea' id='block_1_66' title="bbox 2123 2370 3706 2449">
    <p class='ocr_par' dir='ltr' id='par_1_66' title="bbox 2123 2370 3706 2449">
     <span class='ocr_line' id='line_1_66' title="bbox 2123 2370 3706 2449; baseline 0.002 -16"><span class='ocrx_word' id='word_1_470' title='bbox 2123 2380 2404 2449; x_wconf 72' lang='lat' dir='ltr'><strong>publicam</strong></span> <span class='ocrx_word' id='word_1_471' title='bbox 2427 2370 2821 2449; x_wconf 45' lang='lat' dir='ltr'><strong>quw&#39;hactenus</strong></span> <span class='ocrx_word' id='word_1_472' title='bbox 2845 2393 2938 2446; x_wconf 85' lang='lat' dir='ltr'><strong>per</strong></span> <span class='ocrx_word' id='word_1_473' title='bbox 2960 2377 3162 2447; x_wconf 85' lang='lat' dir='ltr'><strong>aliquot</strong></span> <span class='ocrx_word' id='word_1_474' title='bbox 3185 2379 3382 2432; x_wconf 73' lang='lat' dir='ltr'><strong>sarcula</strong></span> <span class='ocrx_word' id='word_1_475' title='bbox 3409 2380 3706 2438; x_wconf 81' lang='lat' dir='ltr'><strong>latuerunt.</strong></span> 
     </span>
    </p>
   </div>
   <div class='ocr_carea' id='block_1_67' title="bbox 2124 2469 3712 2540">
    <p class='ocr_par' dir='ltr' id='par_1_67' title="bbox 2124 2469 3712 2540">
     <span class='ocr_line' id='line_1_67' title="bbox 2124 2469 3712 2540; baseline -0.003 -10"><span class='ocrx_word' id='word_1_476' title='bbox 2124 2473 2306 2540; x_wconf 87' lang='lat' dir='ltr'><strong>Quare</strong></span> <span class='ocrx_word' id='word_1_477' title='bbox 2353 2472 2642 2527; x_wconf 90' lang='lat' dir='ltr'><strong>duodecim</strong></span> <span class='ocrx_word' id='word_1_478' title='bbox 2696 2469 2943 2540; x_wconf 72' lang='lat' dir='ltr'><strong>epistola:</strong></span> <span class='ocrx_word' id='word_1_479' title='bbox 2993 2479 3120 2523; x_wconf 88' lang='lat' dir='ltr'><strong>ante.</strong></span> <span class='ocrx_word' id='word_1_480' title='bbox 3166 2486 3196 2523; x_wconf 91' lang='lat' dir='ltr'><strong>a</strong></span> <span class='ocrx_word' id='word_1_481' title='bbox 3249 2470 3558 2540; x_wconf 86' lang='lat' dir='ltr'><strong>Stapulensi</strong></span> <span class='ocrx_word' id='word_1_482' title='bbox 3607 2482 3712 2526; x_wconf 85' lang='lat' dir='ltr'><strong>aut</strong></span> 
     </span>
    </p>
   </div>
   <div class='ocr_carea' id='block_1_68' title="bbox 2122 2558 3711 2634">
    <p class='ocr_par' dir='ltr' id='par_1_68' title="bbox 2122 2558 3711 2634">
     <span class='ocr_line' id='line_1_68' title="bbox 2122 2558 3711 2634; baseline -0.003 -15"><span class='ocrx_word' id='word_1_483' title='bbox 2122 2564 2449 2634; x_wconf 85' lang='lat' dir='ltr'><strong>Champerio</strong></span> <span class='ocrx_word' id='word_1_484' title='bbox 2471 2561 2682 2627; x_wconf 83' lang='lat' dir='ltr'><strong>Latine,</strong></span> <span class='ocrx_word' id='word_1_485' title='bbox 2708 2576 2896 2614; x_wconf 89' lang='lat' dir='ltr'><strong>nunca</strong></span> <span class='ocrx_word' id='word_1_486' title='bbox 2919 2558 3130 2626; x_wconf 68' lang='lat' dir='ltr'><strong>Pacaao,</strong></span> <span class='ocrx_word' id='word_1_487' title='bbox 3155 2576 3219 2614; x_wconf 78' lang='lat' dir='ltr'><strong>ex</strong></span> <span class='ocrx_word' id='word_1_488' title='bbox 3246 2561 3564 2632; x_wconf 79' lang='lat' dir='ltr'><strong>Augustauo</strong></span> <span class='ocrx_word' id='word_1_489' title='bbox 3589 2565 3711 2632; x_wconf 89' lang='lat' dir='ltr'><strong>pri-</strong></span> 
     </span>
    </p>
   </div>
   <div class='ocr_carea' id='block_1_69' title="bbox 2122 2650 3709 2723">
    <p class='ocr_par' dir='ltr' id='par_1_69' title="bbox 2122 2650 3709 2723">
     <span class='ocr_line' id='line_1_69' title="bbox 2122 2650 3709 2723; baseline 0 -12"><span class='ocrx_word' id='word_1_490' title='bbox 2122 2673 2298 2723; x_wconf 85' lang='lat' dir='ltr'><strong>mum,</strong></span> <span class='ocrx_word' id='word_1_491' title='bbox 2329 2655 2454 2711; x_wconf 87' lang='lat' dir='ltr'><strong>dein</strong></span> <span class='ocrx_word' id='word_1_492' title='bbox 2481 2670 2514 2709; x_wconf 89' lang='lat' dir='ltr'><strong>a</strong></span> <span class='ocrx_word' id='word_1_493' title='bbox 2543 2652 2787 2709; x_wconf 81' lang='lat' dir='ltr'><strong>Gesnero</strong></span> <span class='ocrx_word' id='word_1_494' title='bbox 2817 2667 2848 2708; x_wconf 93' lang='lat' dir='ltr'><strong>e</strong></span> <span class='ocrx_word' id='word_1_495' title='bbox 2877 2650 3301 2723; x_wconf 86' lang='lat' dir='ltr'><strong>Nydprucciano</strong></span> <span class='ocrx_word' id='word_1_496' title='bbox 3330 2653 3516 2710; x_wconf 83' lang='lat' dir='ltr'><strong>codice</strong></span> <span class='ocrx_word' id='word_1_497' title='bbox 3541 2655 3709 2711; x_wconf 63' lang='lat' dir='ltr'><strong>edita</strong></span> 
     </span>
    </p>
   </div>
   <div class='ocr_carea' id='block_1_70' title="bbox 2121 2759 2273 2806">
    <p class='ocr_par' dir='ltr' id='par_1_70' title="bbox 2121 2759 2273 2806">
     <span class='ocr_line' id='line_1_70' title="bbox 2121 2759 2273 2806; baseline 0 0"><span class='ocrx_word' id='word_1_498' title='bbox 2121 2759 2273 2806; x_wconf 88' lang='lat' dir='ltr'><strong>sunt.</strong></span> 
     </span>
    </p>
   </div>
   <div class='ocr_carea' id='block_1_71' title="bbox 2189 2839 3706 2915">
    <p class='ocr_par' dir='ltr' id='par_1_71' title="bbox 2189 2839 3706 2915">
     <span class='ocr_line' id='line_1_71' title="bbox 2189 2839 3706 2915; baseline -0.003 -15"><span class='ocrx_word' id='word_1_499' title='bbox 2189 2843 2329 2900; x_wconf 91' lang='lat' dir='ltr'><strong>Cum</strong></span> <span class='ocrx_word' id='word_1_500' title='bbox 2377 2844 2492 2915; x_wconf 91' lang='lat' dir='ltr'><strong>jam</strong></span> <span class='ocrx_word' id='word_1_501' title='bbox 2554 2845 2742 2904; x_wconf 67' lang='lat' dir='ltr'><strong>Graeca</strong></span> <span class='ocrx_word' id='word_1_502' title='bbox 2799 2842 3135 2914; x_wconf 80' lang='lat' dir='ltr'><strong>exemplaria</strong></span> <span class='ocrx_word' id='word_1_503' title='bbox 3187 2848 3484 2908; x_wconf 81' lang='lat' dir='ltr'><strong>exstarent,</strong></span> <span class='ocrx_word' id='word_1_504' title='bbox 3534 2839 3706 2910; x_wconf 90' lang='lat' dir='ltr'><strong>primi</strong></span> 
     </span>
    </p>
   </div>
   <div class='ocr_carea' id='block_1_72' title="bbox 2120 2931 3709 3003">
    <p class='ocr_par' dir='ltr' id='par_1_72' title="bbox 2120 2931 3709 3003">
     <span class='ocr_line' id='line_1_72' title="bbox 2120 2931 3709 3003; baseline -0.001 -15"><span class='ocrx_word' id='word_1_505' title='bbox 2120 2935 2367 2989; x_wconf 89' lang='lat' dir='ltr'><strong>omnium</strong></span> <span class='ocrx_word' id='word_1_506' title='bbox 2423 2934 2838 2990; x_wconf 79' lang='lat' dir='ltr'><strong>Centuriatores</strong></span> <span class='ocrx_word' id='word_1_507' title='bbox 2895 2931 3304 3003; x_wconf 79' lang='lat' dir='ltr'><strong>Magdeburgici</strong></span> <span class='ocrx_word' id='word_1_508' title='bbox 3357 2931 3709 3002; x_wconf 78' lang='lat' dir='ltr'><strong>suspiciones</strong></span> 
     </span>
    </p>
   </div>
   <div class='ocr_carea' id='block_1_73' title="bbox 2118 3019 3708 3092">
    <p class='ocr_par' dir='ltr' id='par_1_73' title="bbox 2118 3019 3708 3092">
     <span class='ocr_line' id='line_1_73' title="bbox 2118 3019 3708 3092; baseline -0.006 -10"><span class='ocrx_word' id='word_1_509' title='bbox 2118 3041 2270 3092; x_wconf 88' lang='lat' dir='ltr'><strong>suas,</strong></span> <span class='ocrx_word' id='word_1_510' title='bbox 2305 3027 2399 3082; x_wconf 90' lang='lat' dir='ltr'><strong>sed</strong></span> <span class='ocrx_word' id='word_1_511' title='bbox 2429 3037 2590 3081; x_wconf 88' lang='lat' dir='ltr'><strong>caute</strong></span> <span class='ocrx_word' id='word_1_512' title='bbox 2626 3025 2760 3081; x_wconf 87' lang='lat' dir='ltr'><strong>satis</strong></span> <span class='ocrx_word' id='word_1_513' title='bbox 2793 3023 3185 3092; x_wconf 87' lang='lat' dir='ltr'><strong>moderateque</strong></span> <span class='ocrx_word' id='word_1_514' title='bbox 3233 3028 3565 3092; x_wconf 85' lang='lat' dir='ltr'><strong>proponunt.</strong></span> <span class='ocrx_word' id='word_1_515' title='bbox 3599 3019 3708 3074; x_wconf 83' lang='lat' dir='ltr'><strong>Le-</strong></span> 
     </span>
    </p>
   </div>
   <div class='ocr_carea' id='block_1_74' title="bbox 2119 3113 3709 3188">
    <p class='ocr_par' dir='ltr' id='par_1_74' title="bbox 2119 3113 3709 3188">
     <span class='ocr_line' id='line_1_74' title="bbox 2119 3113 3709 3188; baseline -0.003 -16"><span class='ocrx_word' id='word_1_516' title='bbox 2119 3120 2256 3173; x_wconf 89' lang='lat' dir='ltr'><strong>ctori</strong></span> <span class='ocrx_word' id='word_1_517' title='bbox 2290 3129 2468 3172; x_wconf 89' lang='lat' dir='ltr'><strong>autem</strong></span> <span class='ocrx_word' id='word_1_518' title='bbox 2501 3119 2589 3188; x_wconf 91' lang='lat' dir='ltr'><strong>pio</strong></span> <span class='ocrx_word' id='word_1_519' title='bbox 2627 3129 2678 3173; x_wconf 91' lang='lat' dir='ltr'><strong>et</strong></span> <span class='ocrx_word' id='word_1_520' title='bbox 2716 3129 2916 3173; x_wconf 79' lang='lat' dir='ltr'><strong>attento</strong></span> <span class='ocrx_word' id='word_1_521' title='bbox 2963 3115 3421 3171; x_wconf 14' lang='lat' dir='ltr'><strong>considerandum.</strong></span> <span class='ocrx_word' id='word_1_522' title='bbox 3446 3113 3709 3183; x_wconf 81' lang='lat' dir='ltr'><strong>relinqui-</strong></span> 
     </span>
    </p>
   </div>
   <div class='ocr_carea' id='block_1_75' title="bbox 2119 3205 3702 3281">
    <p class='ocr_par' dir='ltr' id='par_1_75' title="bbox 2119 3205 3702 3281">
     <span class='ocr_line' id='line_1_75' title="bbox 2119 3205 3702 3281; baseline -0.002 -17"><span class='ocrx_word' id='word_1_523' title='bbox 2119 3226 2257 3279; x_wconf 81' lang='lat' dir='ltr'><strong>mus,</strong></span> <span class='ocrx_word' id='word_1_524' title='bbox 2287 3221 2541 3281; x_wconf 86' lang='lat' dir='ltr'><strong>quantum</strong></span> <span class='ocrx_word' id='word_1_525' title='bbox 2561 3212 2628 3265; x_wconf 89' lang='lat' dir='ltr'><strong>sit</strong></span> <span class='ocrx_word' id='word_1_526' title='bbox 2652 3211 2762 3266; x_wconf 88' lang='lat' dir='ltr'><strong>illis</strong></span> <span class='ocrx_word' id='word_1_527' title='bbox 2796 3211 3054 3280; x_wconf 82' lang='lat' dir='ltr'><strong>Epistolis</strong></span> <span class='ocrx_word' id='word_1_528' title='bbox 3085 3209 3440 3262; x_wconf 86' lang='lat' dir='ltr'><strong>tribuendum.</strong></span> <span class='ocrx_word' id='word_1_529' title='bbox 3477 3205 3551 3261; x_wconf 90' lang='lat' dir='ltr'><strong>Ita</strong></span> <span class='ocrx_word' id='word_1_530' title='bbox 3586 3208 3702 3261; x_wconf 89' lang='lat' dir='ltr'><strong>illi:</strong></span> 
     </span>
    </p>
   </div>
   <div class='ocr_carea' id='block_1_76' title="bbox 2117 3302 3706 3374">
    <p class='ocr_par' dir='ltr' id='par_1_76' title="bbox 2117 3302 3706 3374">
     <span class='ocr_line' id='line_1_76' title="bbox 2117 3302 3706 3374; baseline -0.001 -16"><span class='ocrx_word' id='word_1_531' title='bbox 2117 3313 2174 3358; x_wconf 91' lang='lat' dir='ltr'><strong>et</strong></span> <span class='ocrx_word' id='word_1_532' title='bbox 2199 3319 2324 3359; x_wconf 91' lang='lat' dir='ltr'><strong>eum</strong></span> <span class='ocrx_word' id='word_1_533' title='bbox 2351 3313 2590 3374; x_wconf 89' lang='lat' dir='ltr'><strong>quatuor</strong></span> <span class='ocrx_word' id='word_1_534' title='bbox 2613 3313 2935 3374; x_wconf 88' lang='lat' dir='ltr'><strong>argumenta</strong></span> <span class='ocrx_word' id='word_1_535' title='bbox 2963 3302 3325 3357; x_wconf 78' lang='lat' dir='ltr'><strong>adduxissent</strong></span> <span class='ocrx_word' id='word_1_536' title='bbox 3346 3316 3467 3370; x_wconf 61' lang='lat' dir='ltr'><strong>quae</strong></span> <span class='ocrx_word' id='word_1_537' title='bbox 3500 3302 3706 3357; x_wconf 87' lang='lat' dir='ltr'><strong>merito</strong></span> 
     </span>
    </p>
   </div>
   <div class='ocr_carea' id='block_1_77' title="bbox 2117 3387 3702 3467">
    <p class='ocr_par' dir='ltr' id='par_1_77' title="bbox 2117 3387 3702 3467">
     <span class='ocr_line' id='line_1_77' title="bbox 2117 3387 3702 3467; baseline -0.003 -15"><span class='ocrx_word' id='word_1_538' title='bbox 2117 3406 2400 3467; x_wconf 89' lang='lat' dir='ltr'><strong>suspectas</strong></span> <span class='ocrx_word' id='word_1_539' title='bbox 2424 3387 2650 3452; x_wconf 85' lang='lat' dir='ltr'><strong>reddere</strong></span> <span class='ocrx_word' id='word_1_540' title='bbox 2668 3396 3003 3461; x_wconf 82' lang='lat' dir='ltr'><strong>viderentur,</strong></span> <span class='ocrx_word' id='word_1_541' title='bbox 3024 3394 3098 3448; x_wconf 81' lang='lat' dir='ltr'><strong>De</strong></span> <span class='ocrx_word' id='word_1_542' title='bbox 3124 3394 3389 3457; x_wconf 87' lang='lat' dir='ltr'><strong>doctrina,</strong></span> <span class='ocrx_word' id='word_1_543' title='bbox 3417 3393 3702 3462; x_wconf 85' lang='lat' dir='ltr'><strong>inquiunt,</strong></span> 
     </span>
    </p>
   </div>
   <div class='ocr_carea' id='block_1_78' title="bbox 2117 3487 3704 3562">
    <p class='ocr_par' dir='ltr' id='par_1_78' title="bbox 2117 3487 3704 3562">
     <span class='ocr_line' id='line_1_78' title="bbox 2117 3487 3704 3562; baseline -0.003 -17"><span class='ocrx_word' id='word_1_544' title='bbox 2117 3490 2320 3562; x_wconf 84' lang='lat' dir='ltr'><strong>lgnatii</strong></span> <span class='ocrx_word' id='word_1_545' title='bbox 2348 3491 2483 3544; x_wconf 80' lang='lat' dir='ltr'><strong>nihil</strong></span> <span class='ocrx_word' id='word_1_546' title='bbox 2516 3489 2667 3544; x_wconf 85' lang='lat' dir='ltr'><strong>aliud</strong></span> <span class='ocrx_word' id='word_1_547' title='bbox 2699 3489 2950 3544; x_wconf 86' lang='lat' dir='ltr'><strong>habemus</strong></span> <span class='ocrx_word' id='word_1_548' title='bbox 2991 3489 3095 3542; x_wconf 83' lang='lat' dir='ltr'><strong>nisi</strong></span> <span class='ocrx_word' id='word_1_549' title='bbox 3123 3487 3260 3558; x_wconf 78' lang='lat' dir='ltr'><strong>quod</strong></span> <span class='ocrx_word' id='word_1_550' title='bbox 3297 3487 3407 3540; x_wconf 67' lang='lat' dir='ltr'><strong>hazc</strong></span> <span class='ocrx_word' id='word_1_551' title='bbox 3435 3489 3547 3556; x_wconf 86' lang='lat' dir='ltr'><strong>ejus</strong></span> <span class='ocrx_word' id='word_1_552' title='bbox 3585 3505 3704 3541; x_wconf 83' lang='lat' dir='ltr'><strong>uto-</strong></span> 
     </span>
    </p>
   </div>
   <div class='ocr_carea' id='block_1_79' title="bbox 2117 3581 3706 3651">
    <p class='ocr_par' dir='ltr' id='par_1_79' title="bbox 2117 3581 3706 3651">
     <span class='ocr_line' id='line_1_79' title="bbox 2117 3581 3706 3651; baseline 0.001 -16"><span class='ocrx_word' id='word_1_553' title='bbox 2117 3589 2388 3646; x_wconf 87' lang='lat' dir='ltr'><strong>numenta,</strong></span> <span class='ocrx_word' id='word_1_554' title='bbox 2428 3582 2475 3635; x_wconf 89' lang='lat' dir='ltr'><strong>si</strong></span> <span class='ocrx_word' id='word_1_555' title='bbox 2515 3593 2690 3637; x_wconf 83' lang='lat' dir='ltr'><strong>tamen</strong></span> <span class='ocrx_word' id='word_1_556' title='bbox 2731 3581 2844 3651; x_wconf 88' lang='lat' dir='ltr'><strong>ejus</strong></span> <span class='ocrx_word' id='word_1_557' title='bbox 2883 3589 3026 3646; x_wconf 88' lang='lat' dir='ltr'><strong>sunt,</strong></span> <span class='ocrx_word' id='word_1_558' title='bbox 3058 3581 3488 3650; x_wconf 84' lang='lat' dir='ltr'><strong>complectuntur.</strong></span> <span class='ocrx_word' id='word_1_559' title='bbox 3524 3581 3706 3646; x_wconf 84' lang='lat' dir='ltr'><strong>Quin-</strong></span> 
     </span>
    </p>
   </div>
   <div class='ocr_carea' id='block_1_80' title="bbox 2114 3674 3701 3745">
    <p class='ocr_par' dir='ltr' id='par_1_80' title="bbox 2114 3674 3701 3745">
     <span class='ocr_line' id='line_1_80' title="bbox 2114 3674 3701 3745; baseline 0 -16"><span class='ocrx_word' id='word_1_560' title='bbox 2114 3675 2281 3730; x_wconf 89' lang='lat' dir='ltr'><strong>etiam</strong></span> <span class='ocrx_word' id='word_1_561' title='bbox 2329 3674 2515 3729; x_wconf 85' lang='lat' dir='ltr'><strong>statim</strong></span> <span class='ocrx_word' id='word_1_562' title='bbox 2567 3675 2748 3745; x_wconf 88' lang='lat' dir='ltr'><strong>gravis</strong></span> <span class='ocrx_word' id='word_1_563' title='bbox 2792 3674 2884 3727; x_wconf 90' lang='lat' dir='ltr'><strong>illa</strong></span> <span class='ocrx_word' id='word_1_564' title='bbox 2927 3674 3154 3730; x_wconf 87' lang='lat' dir='ltr'><strong>Joannis</strong></span> <span class='ocrx_word' id='word_1_565' title='bbox 3204 3674 3416 3731; x_wconf 87' lang='lat' dir='ltr'><strong>Calvini</strong></span> <span class='ocrx_word' id='word_1_566' title='bbox 3463 3692 3701 3734; x_wconf 88' lang='lat' dir='ltr'><strong>censura</strong></span> 
     </span>
    </p>
   </div>
   <div class='ocr_carea' id='block_1_81' title="bbox 2116 3765 3698 3837">
    <p class='ocr_par' dir='ltr' id='par_1_81' title="bbox 2116 3765 3698 3837">
     <span class='ocr_line' id='line_1_81' title="bbox 2116 3765 3698 3837; baseline 0.002 -17"><span class='ocrx_word' id='word_1_567' title='bbox 2116 3765 2340 3837; x_wconf 87' lang='lat' dir='ltr'><strong>prodiit,</strong></span> <span class='ocrx_word' id='word_1_568' title='bbox 2382 3766 2477 3821; x_wconf 92' lang='lat' dir='ltr'><strong>lib.</strong></span> <span class='ocrx_word' id='word_1_569' title='bbox 2524 3782 2565 3832; x_wconf 86' lang='grc' dir='ltr'><strong>ι,</strong></span> <span class='ocrx_word' id='word_1_570' title='bbox 2603 3782 2725 3837; x_wconf 91' lang='lat' dir='ltr'><strong>cap.</strong></span> <span class='ocrx_word' id='word_1_571' title='bbox 2779 3768 2814 3822; x_wconf 77' lang='grc'><strong>5</strong></span> <span class='ocrx_word' id='word_1_572' title='bbox 2855 3767 3291 3830; x_wconf 83' lang='lat' dir='ltr'><strong>Institutionum,</strong></span> <span class='ocrx_word' id='word_1_573' title='bbox 3333 3768 3446 3837; x_wconf 91' lang='lat' dir='ltr'><strong>jam</strong></span> <span class='ocrx_word' id='word_1_574' title='bbox 3490 3779 3604 3823; x_wconf 85' lang='lat' dir='ltr'><strong>tum</strong></span> <span class='ocrx_word' id='word_1_575' title='bbox 3639 3769 3698 3823; x_wconf 89' lang='lat' dir='ltr'><strong>in</strong></span> 
     </span>
    </p>
   </div>
   <div class='ocr_carea' id='block_1_82' title="bbox 2115 3857 3700 3929">
    <p class='ocr_par' dir='ltr' id='par_1_82' title="bbox 2115 3857 3700 3929">
     <span class='ocr_line' id='line_1_82' title="bbox 2115 3857 3700 3929; baseline -0.001 -16"><span class='ocrx_word' id='word_1_576' title='bbox 2115 3857 2546 3913; x_wconf 90' lang='lat' dir='ltr'><strong>commodiorem</strong></span> <span class='ocrx_word' id='word_1_577' title='bbox 2583 3858 2813 3913; x_wconf 86' lang='lat' dir='ltr'><strong>formam</strong></span> <span class='ocrx_word' id='word_1_578' title='bbox 2856 3860 3221 3914; x_wconf 86' lang='lat' dir='ltr'><strong>redactarum.</strong></span> <span class='ocrx_word' id='word_1_579' title='bbox 3256 3857 3527 3929; x_wconf 84' lang='lat' dir='ltr'><strong>Ignatium</strong></span> <span class='ocrx_word' id='word_1_580' title='bbox 3553 3861 3700 3929; x_wconf 89' lang='lat' dir='ltr'><strong>quod</strong></span> 
     </span>
    </p>
   </div>
   <div class='ocr_carea' id='block_1_83' title="bbox 2116 3947 3700 4019">
    <p class='ocr_par' dir='ltr' id='par_1_83' title="bbox 2116 3947 3700 4019">
     <span class='ocr_line' id='line_1_83' title="bbox 2116 3947 3700 4019; baseline 0.001 -19"><span class='ocrx_word' id='word_1_581' title='bbox 2116 3947 2427 4014; x_wconf 87' lang='lat' dir='ltr'><strong>obtendunt,</strong></span> <span class='ocrx_word' id='word_1_582' title='bbox 2463 3948 2509 4000; x_wconf 88' lang='lat' dir='ltr'><strong>si</strong></span> <span class='ocrx_word' id='word_1_583' title='bbox 2539 3947 2698 4001; x_wconf 85' lang='lat' dir='ltr'><strong>velint</strong></span> <span class='ocrx_word' id='word_1_584' title='bbox 2725 3948 3015 4019; x_wconf 85' lang='lat' dir='ltr'><strong>quidquam</strong></span> <span class='ocrx_word' id='word_1_585' title='bbox 3045 3948 3528 4013; x_wconf 86' lang='lat' dir='ltr'><strong>habere-momenti,</strong></span> <span class='ocrx_word' id='word_1_586' title='bbox 3570 3965 3700 4018; x_wconf 78' lang='lat' dir='ltr'><strong>pro-</strong></span> 
     </span>
    </p>
   </div>
   <div class='ocr_carea' id='block_1_84' title="bbox 2115 4046 3702 4118">
    <p class='ocr_par' dir='ltr' id='par_1_84' title="bbox 2115 4046 3702 4118">
     <span class='ocr_line' id='line_1_84' title="bbox 2115 4046 3702 4118; baseline 0.001 -18"><span class='ocrx_word' id='word_1_587' title='bbox 2115 4047 2232 4100; x_wconf 84' lang='lat' dir='ltr'><strong>bent</strong></span> <span class='ocrx_word' id='word_1_588' title='bbox 2259 4049 2527 4117; x_wconf 87' lang='lat' dir='ltr'><strong>apostolos</strong></span> <span class='ocrx_word' id='word_1_589' title='bbox 2553 4047 2714 4118; x_wconf 74' lang='lat' dir='ltr'><strong>lcgem</strong></span> <span class='ocrx_word' id='word_1_590' title='bbox 2742 4048 2926 4102; x_wconf 86' lang='lat' dir='ltr'><strong>tulisse</strong></span> <span class='ocrx_word' id='word_1_591' title='bbox 2952 4047 3015 4101; x_wconf 91' lang='lat' dir='ltr'><strong>de</strong></span> <span class='ocrx_word' id='word_1_592' title='bbox 3061 4046 3503 4118; x_wconf 83' lang='lat' dir='ltr'><strong>Quadragesima,</strong></span> <span class='ocrx_word' id='word_1_593' title='bbox 3537 4059 3588 4102; x_wconf 91' lang='lat' dir='ltr'><strong>et</strong></span> <span class='ocrx_word' id='word_1_594' title='bbox 3618 4051 3702 4102; x_wconf 90' lang='lat' dir='ltr'><strong>si-</strong></span> 
     </span>
    </p>
   </div>
   <div class='ocr_carea' id='block_1_85' title="bbox 2115 4137 3698 4211">
    <p class='ocr_par' dir='ltr' id='par_1_85' title="bbox 2115 4137 3698 4211">
     <span class='ocr_line' id='line_1_85' title="bbox 2115 4137 3698 4211; baseline 0.001 -19"><span class='ocrx_word' id='word_1_595' title='bbox 2115 4139 2329 4194; x_wconf 87' lang='lat' dir='ltr'><strong>milibus</strong></span> <span class='ocrx_word' id='word_1_596' title='bbox 2362 4143 2715 4211; x_wconf 83' lang='lat' dir='ltr'><strong>corruptelis;</strong></span> <span class='ocrx_word' id='word_1_597' title='bbox 2753 4141 2885 4194; x_wconf 87' lang='lat' dir='ltr'><strong>nihil</strong></span> <span class='ocrx_word' id='word_1_598' title='bbox 2909 4144 3047 4195; x_wconf 91' lang='lat' dir='ltr'><strong>enim</strong></span> <span class='ocrx_word' id='word_1_599' title='bbox 3073 4137 3261 4198; x_wconf 71' lang='lat' dir='ltr'><strong>maniis</strong></span> <span class='ocrx_word' id='word_1_600' title='bbox 3289 4141 3418 4204; x_wconf 81' lang='lat' dir='ltr'><strong>illis,</strong></span> <span class='ocrx_word' id='word_1_601' title='bbox 3450 4158 3568 4211; x_wconf 72' lang='lat' dir='ltr'><strong>quia</strong></span> <span class='ocrx_word' id='word_1_602' title='bbox 3596 4141 3698 4194; x_wconf 80' lang='lat' dir='ltr'><strong>sub</strong></span> 
     </span>
    </p>
   </div>
   <div class='ocr_carea' id='block_1_86' title="bbox 2115 4228 3699 4300">
    <p class='ocr_par' dir='ltr' id='par_1_86' title="bbox 2115 4228 3699 4300">
     <span class='ocr_line' id='line_1_86' title="bbox 2115 4228 3699 4300; baseline -0.001 -17"><span class='ocrx_word' id='word_1_603' title='bbox 2115 4228 2319 4300; x_wconf 82' lang='lat' dir='ltr'><strong>lgnatii</strong></span> <span class='ocrx_word' id='word_1_604' title='bbox 2347 4231 2554 4284; x_wconf 88' lang='lat' dir='ltr'><strong>nomine</strong></span> <span class='ocrx_word' id='word_1_605' title='bbox 2586 4229 2740 4284; x_wconf 74' lang='lat' dir='ltr'><strong>edita:</strong></span> <span class='ocrx_word' id='word_1_606' title='bbox 2770 4239 2915 4293; x_wconf 88' lang='lat' dir='ltr'><strong>sunt,</strong></span> <span class='ocrx_word' id='word_1_607' title='bbox 2947 4231 3208 4299; x_wconf 87' lang='lat' dir='ltr'><strong>putidius.</strong></span> <span class='ocrx_word' id='word_1_608' title='bbox 3251 4230 3367 4295; x_wconf 80' lang='lat' dir='ltr'><strong>Quo</strong></span> <span class='ocrx_word' id='word_1_609' title='bbox 3400 4230 3574 4281; x_wconf 88' lang='lat' dir='ltr'><strong>minus</strong></span> <span class='ocrx_word' id='word_1_610' title='bbox 3613 4237 3699 4282; x_wconf 84' lang='lat' dir='ltr'><strong>to-</strong></span> 
     </span>
    </p>
   </div>
   <div class='ocr_carea' id='block_1_87' title="bbox 2113 4322 3698 4394">
    <p class='ocr_par' dir='ltr' id='par_1_87' title="bbox 2113 4322 3698 4394">
     <span class='ocr_line' id='line_1_87' title="bbox 2113 4322 3698 4394; baseline 0.001 -20"><span class='ocrx_word' id='word_1_611' title='bbox 2113 4322 2348 4376; x_wconf 83' lang='lat' dir='ltr'><strong>lerabilis</strong></span> <span class='ocrx_word' id='word_1_612' title='bbox 2380 4333 2456 4378; x_wconf 85' lang='lat' dir='ltr'><strong>est</strong></span> <span class='ocrx_word' id='word_1_613' title='bbox 2487 4339 2670 4378; x_wconf 88' lang='lat' dir='ltr'><strong>eorum</strong></span> <span class='ocrx_word' id='word_1_614' title='bbox 2701 4323 3029 4394; x_wconf 85' lang='lat' dir='ltr'><strong>impudentia</strong></span> <span class='ocrx_word' id='word_1_615' title='bbox 3069 4325 3161 4394; x_wconf 80' lang='lat' dir='ltr'><strong>qui</strong></span> <span class='ocrx_word' id='word_1_616' title='bbox 3190 4326 3386 4377; x_wconf 88' lang='lat' dir='ltr'><strong>talibus</strong></span> <span class='ocrx_word' id='word_1_617' title='bbox 3425 4323 3584 4377; x_wconf 83' lang='lat' dir='ltr'><strong>larvis</strong></span> <span class='ocrx_word' id='word_1_618' title='bbox 3622 4323 3698 4376; x_wconf 84' lang='lat' dir='ltr'><strong>ad</strong></span> 
     </span>
    </p>
   </div>
   <div class='ocr_carea' id='block_1_88' title="bbox 2116 4413 3695 4483">
    <p class='ocr_par' dir='ltr' id='par_1_88' title="bbox 2116 4413 3695 4483">
     <span class='ocr_line' id='line_1_88' title="bbox 2116 4413 3695 4483; baseline 0 -17"><span class='ocrx_word' id='word_1_619' title='bbox 2116 4413 2409 4481; x_wconf 80' lang='lat' dir='ltr'><strong>fallendum</strong></span> <span class='ocrx_word' id='word_1_620' title='bbox 2438 4431 2492 4468; x_wconf 87' lang='lat' dir='ltr'><strong>se</strong></span> <span class='ocrx_word' id='word_1_621' title='bbox 2525 4416 2820 4470; x_wconf 89' lang='lat' dir='ltr'><strong>instruunt.</strong></span> <span class='ocrx_word' id='word_1_622' title='bbox 2862 4413 2939 4468; x_wconf 91' lang='lat' dir='ltr'><strong>Ita</strong></span> <span class='ocrx_word' id='word_1_623' title='bbox 2976 4415 3066 4468; x_wconf 88' lang='lat' dir='ltr'><strong>ille</strong></span> <span class='ocrx_word' id='word_1_624' title='bbox 3097 4430 3196 4483; x_wconf 90' lang='lat' dir='ltr'><strong>pro</strong></span> <span class='ocrx_word' id='word_1_625' title='bbox 3229 4429 3381 4467; x_wconf 90' lang='lat' dir='ltr'><strong>more</strong></span> <span class='ocrx_word' id='word_1_626' title='bbox 3413 4429 3516 4467; x_wconf 92' lang='lat' dir='ltr'><strong>suo</strong></span> <span class='ocrx_word' id='word_1_627' title='bbox 3547 4413 3695 4467; x_wconf 87' lang='lat' dir='ltr'><strong>acri-</strong></span> 
     </span>
    </p>
   </div>
   <div class='ocr_carea' id='block_1_89' title="bbox 431 4501 3697 4596">
    <p class='ocr_par' dir='ltr' id='par_1_89' title="bbox 431 4501 3697 4596">
     <span class='ocr_line' id='line_1_89' title="bbox 431 4501 3697 4596; baseline -0.007 -20"><span class='ocrx_word' id='word_1_628' title='bbox 431 4520 777 4591; x_wconf 79' lang='lat' dir='ltr'><strong>apocryphis,</strong></span> <span class='ocrx_word' id='word_1_629' title='bbox 845 4522 1252 4592; x_wconf 89' lang='lat' dir='ltr'><strong>quamplurima</strong></span> <span class='ocrx_word' id='word_1_630' title='bbox 1295 4522 1554 4578; x_wconf 65' lang='lat' dir='ltr'><strong>Romana:</strong></span> <span class='ocrx_word' id='word_1_631' title='bbox 1590 4522 1847 4579; x_wconf 61' lang='lat' dir='ltr'><strong>Ecclesiae</strong></span> <span class='ocrx_word' id='word_1_632' title='bbox 1879 4525 2012 4596; x_wconf 78' lang='lat' dir='ltr'><strong>dog-</strong></span> <span class='ocrx_word' id='word_1_633' title='bbox 2043 4511 2088 4566; x_wconf 93' lang='lat' dir='ltr'><strong>D</strong></span> <span class='ocrx_word' id='word_1_634' title='bbox 2119 4512 2198 4596; x_wconf 62' lang='lat' dir='ltr'><strong>ter</strong></span> <span class='ocrx_word' id='word_1_635' title='bbox 2227 4502 2364 4557; x_wconf 85' lang='lat' dir='ltr'><strong>satis</strong></span> <span class='ocrx_word' id='word_1_636' title='bbox 2389 4509 2443 4556; x_wconf 87' lang='lat' dir='ltr'><strong>et</strong></span> <span class='ocrx_word' id='word_1_637' title='bbox 2482 4501 2753 4558; x_wconf 89' lang='lat' dir='ltr'><strong>animose.</strong></span> <span class='ocrx_word' id='word_1_638' title='bbox 2792 4502 2906 4596; x_wconf 76' lang='lat' dir='ltr'><strong>lVec</strong></span> <span class='ocrx_word' id='word_1_639' title='bbox 2938 4513 3112 4557; x_wconf 87' lang='lat' dir='ltr'><strong>tamen</strong></span> <span class='ocrx_word' id='word_1_640' title='bbox 3153 4503 3370 4572; x_wconf 62' lang='lat' dir='ltr'><strong>oﬂ’endit</strong></span> <span class='ocrx_word' id='word_1_641' title='bbox 3413 4502 3697 4557; x_wconf 88' lang='lat' dir='ltr'><strong>Calvinum</strong></span> 
     </span>
    </p>
   </div>
   <div class='ocr_carea' id='block_1_90' title="bbox 433 4615 2011 4688">
    <p class='ocr_par' dir='ltr' id='par_1_90' title="bbox 433 4615 2011 4688">
     <span class='ocr_line' id='line_1_90' title="bbox 433 4615 2011 4688; baseline 0.003 -20"><span class='ocrx_word' id='word_1_642' title='bbox 433 4625 604 4682; x_wconf 86' lang='lat' dir='ltr'><strong>mata,</strong></span> <span class='ocrx_word' id='word_1_643' title='bbox 636 4615 796 4686; x_wconf 86' lang='lat' dir='ltr'><strong>longa</strong></span> <span class='ocrx_word' id='word_1_644' title='bbox 829 4617 1224 4672; x_wconf 88' lang='lat' dir='ltr'><strong>sententiarum</strong></span> <span class='ocrx_word' id='word_1_645' title='bbox 1259 4617 1401 4670; x_wconf 86' lang='lat' dir='ltr'><strong>serie</strong></span> <span class='ocrx_word' id='word_1_646' title='bbox 1433 4633 1500 4671; x_wconf 80' lang='lat' dir='ltr'><strong>ex</strong></span> <span class='ocrx_word' id='word_1_647' title='bbox 1533 4615 1790 4686; x_wconf 90' lang='lat' dir='ltr'><strong>Epistolis</strong></span> <span class='ocrx_word' id='word_1_648' title='bbox 1817 4616 2011 4688; x_wconf 87' lang='lat' dir='ltr'><strong>lgnatii</strong></span> 
     </span>
    </p>
   </div>
   <div class='ocr_carea' id='block_1_91' title="bbox 429 4707 2012 4778">
    <p class='ocr_par' dir='ltr' id='par_1_91' title="bbox 429 4707 2012 4778">
     <span class='ocr_line' id='line_1_91' title="bbox 429 4707 2012 4778; baseline 0.003 -17"><span class='ocrx_word' id='word_1_649' title='bbox 429 4707 620 4778; x_wconf 87' lang='lat' dir='ltr'><strong>petita,</strong></span> <span class='ocrx_word' id='word_1_650' title='bbox 669 4707 1003 4764; x_wconf 82' lang='lat' dir='ltr'><strong>conﬁrmare</strong></span> <span class='ocrx_word' id='word_1_651' title='bbox 1048 4707 1264 4763; x_wconf 88' lang='lat' dir='ltr'><strong>nititur.</strong></span> <span class='ocrx_word' id='word_1_652' title='bbox 1313 4707 1380 4762; x_wconf 87' lang='lat' dir='ltr'><strong>Et</strong></span> <span class='ocrx_word' id='word_1_653' title='bbox 1433 4707 1704 4766; x_wconf 87' lang='lat' dir='ltr'><strong>Martinus</strong></span> <span class='ocrx_word' id='word_1_654' title='bbox 1755 4708 2012 4766; x_wconf 89' lang='lat' dir='ltr'><strong>Peresius</strong></span> 
     </span>
    </p>
   </div>
   <div class='ocr_carea' id='block_1_92' title="bbox 429 4800 2012 4874">
    <p class='ocr_par' dir='ltr' id='par_1_92' title="bbox 429 4800 2012 4874">
     <span class='ocr_line' id='line_1_92' title="bbox 429 4800 2012 4874; baseline 0.004 -20"><span class='ocrx_word' id='word_1_655' title='bbox 429 4801 608 4870; x_wconf 74' lang='lat' dir='ltr'><strong>Aiola,</strong></span> <span class='ocrx_word' id='word_1_656' title='bbox 647 4802 883 4872; x_wconf 90' lang='lat' dir='ltr'><strong>scriptor</strong></span> <span class='ocrx_word' id='word_1_657' title='bbox 913 4802 1054 4856; x_wconf 87' lang='lat' dir='ltr'><strong>inter</strong></span> <span class='ocrx_word' id='word_1_658' title='bbox 1089 4800 1399 4870; x_wconf 84' lang='lat' dir='ltr'><strong>pontiﬁcios</strong></span> <span class='ocrx_word' id='word_1_659' title='bbox 1429 4817 1537 4856; x_wconf 91' lang='lat' dir='ltr'><strong>non</strong></span> <span class='ocrx_word' id='word_1_660' title='bbox 1572 4802 1850 4874; x_wconf 89' lang='lat' dir='ltr'><strong>ignobilis,</strong></span> <span class='ocrx_word' id='word_1_661' title='bbox 1883 4803 2012 4860; x_wconf 86' lang='lat' dir='ltr'><strong>inde</strong></span> 
     </span>
    </p>
   </div>
   <div class='ocr_carea' id='block_1_93' title="bbox 430 4891 2010 4962">
    <p class='ocr_par' dir='ltr' id='par_1_93' title="bbox 430 4891 2010 4962">
     <span class='ocr_line' id='line_1_93' title="bbox 430 4891 2010 4962; baseline 0.003 -16"><span class='ocrx_word' id='word_1_662' title='bbox 430 4891 740 4946; x_wconf 90' lang='lat' dir='ltr'><strong>testimonia</strong></span> <span class='ocrx_word' id='word_1_663' title='bbox 767 4893 1070 4962; x_wconf 56' lang='lat' dir='ltr'><strong>sepissime</strong></span> <span class='ocrx_word' id='word_1_664' title='bbox 1105 4893 1357 4948; x_wconf 90' lang='lat' dir='ltr'><strong>adhibuit</strong></span> <span class='ocrx_word' id='word_1_665' title='bbox 1382 4913 1398 4948; x_wconf 86' lang='lat'>:</span> <span class='ocrx_word' id='word_1_666' title='bbox 1429 4903 1482 4948; x_wconf 91' lang='lat' dir='ltr'><strong>et</strong></span> <span class='ocrx_word' id='word_1_667' title='bbox 1508 4894 1576 4949; x_wconf 89' lang='lat' dir='ltr'><strong>ad</strong></span> <span class='ocrx_word' id='word_1_668' title='bbox 1603 4895 2010 4951; x_wconf 84' lang='lat' dir='ltr'><strong>conﬁrmandas</strong></span> 
     </span>
    </p>
   </div>
   <div class='ocr_carea' id='block_1_94' title="bbox 429 4983 2010 5058">
    <p class='ocr_par' dir='ltr' id='par_1_94' title="bbox 429 4983 2010 5058">
     <span class='ocr_line' id='line_1_94' title="bbox 429 4983 2010 5058; baseline 0.004 -22"><span class='ocrx_word' id='word_1_669' title='bbox 429 4983 749 5040; x_wconf 89' lang='lat' dir='ltr'><strong>traditiones</strong></span> <span class='ocrx_word' id='word_1_670' title='bbox 780 4999 892 5039; x_wconf 89' lang='lat' dir='ltr'><strong>non</strong></span> <span class='ocrx_word' id='word_1_671' title='bbox 935 4985 1172 5054; x_wconf 90' lang='lat' dir='ltr'><strong>scriptas</strong></span> <span class='ocrx_word' id='word_1_672' title='bbox 1199 5001 1391 5042; x_wconf 90' lang='lat' dir='ltr'><strong>omnes</strong></span> <span class='ocrx_word' id='word_1_673' title='bbox 1424 4987 1526 5042; x_wconf 88' lang='lat' dir='ltr'><strong>has</strong></span> <span class='ocrx_word' id='word_1_674' title='bbox 1551 4989 1810 5058; x_wconf 85' lang='lat' dir='ltr'><strong>epistolas</strong></span> <span class='ocrx_word' id='word_1_675' title='bbox 1841 4987 2010 5043; x_wconf 82' lang='lat' dir='ltr'><strong>deﬂo-</strong></span> 
     </span>
    </p>
   </div>
   <div class='ocr_carea' id='block_1_95' title="bbox 430 5071 2010 5146">
    <p class='ocr_par' dir='ltr' id='par_1_95' title="bbox 430 5071 2010 5146">
     <span class='ocr_line' id='line_1_95' title="bbox 430 5071 2010 5146; baseline 0.004 -20"><span class='ocrx_word' id='word_1_676' title='bbox 430 5074 593 5128; x_wconf 87' lang='lat' dir='ltr'><strong>ravit.</strong></span> <span class='ocrx_word' id='word_1_677' title='bbox 655 5071 781 5130; x_wconf 72' lang='lat' dir='ltr'><strong>Haec</strong></span> <span class='ocrx_word' id='word_1_678' title='bbox 834 5075 1055 5146; x_wconf 88' lang='lat' dir='ltr'><strong>quidem</strong></span> <span class='ocrx_word' id='word_1_679' title='bbox 1104 5076 1203 5144; x_wconf 88' lang='lat' dir='ltr'><strong>illi,</strong></span> <span class='ocrx_word' id='word_1_680' title='bbox 1257 5077 1526 5134; x_wconf 85' lang='lat' dir='ltr'><strong>hactenus</strong></span> <span class='ocrx_word' id='word_1_681' title='bbox 1570 5078 1638 5134; x_wconf 90' lang='lat' dir='ltr'><strong>de</strong></span> <span class='ocrx_word' id='word_1_682' title='bbox 1683 5078 2010 5133; x_wconf 87' lang='lat' dir='ltr'><strong>auctoritate</strong></span> 
     </span>
    </p>
   </div>
   <div class='ocr_carea' id='block_1_96' title="bbox 428 5165 2008 5239">
    <p class='ocr_par' dir='ltr' id='par_1_96' title="bbox 428 5165 2008 5239">
     <span class='ocr_line' id='line_1_96' title="bbox 428 5165 2008 5239; baseline 0.004 -22"><span class='ocrx_word' id='word_1_683' title='bbox 428 5165 835 5235; x_wconf 84' lang='lat' dir='ltr'><strong>lgnatianorum</strong></span> <span class='ocrx_word' id='word_1_684' title='bbox 861 5167 1024 5234; x_wconf 83' lang='lat' dir='ltr'><strong>plane</strong></span> <span class='ocrx_word' id='word_1_685' title='bbox 1051 5167 1229 5223; x_wconf 88' lang='lat' dir='ltr'><strong>securi</strong></span> <span class='ocrx_word' id='word_1_686' title='bbox 1255 5184 1270 5219; x_wconf 89' lang='lat'><strong>:</strong></span> <span class='ocrx_word' id='word_1_687' title='bbox 1303 5183 1481 5238; x_wconf 89' lang='lat' dir='ltr'><strong>neque</strong></span> <span class='ocrx_word' id='word_1_688' title='bbox 1506 5169 1652 5224; x_wconf 90' lang='lat' dir='ltr'><strong>enim</strong></span> <span class='ocrx_word' id='word_1_689' title='bbox 1674 5183 2008 5239; x_wconf 89' lang='lat' dir='ltr'><strong>quemquam</strong></span> 
     </span>
    </p>
   </div>
   <div class='ocr_carea' id='block_1_97' title="bbox 427 5257 2008 5332">
    <p class='ocr_par' dir='ltr' id='par_1_97' title="bbox 427 5257 2008 5332">
     <span class='ocr_line' id='line_1_97' title="bbox 427 5257 2008 5332; baseline 0.006 -23"><span class='ocrx_word' id='word_1_690' title='bbox 427 5257 578 5323; x_wconf 85' lang='lat' dir='ltr'><strong>novi,</strong></span> <span class='ocrx_word' id='word_1_691' title='bbox 607 5259 699 5326; x_wconf 92' lang='lat' dir='ltr'><strong>qui</strong></span> <span class='ocrx_word' id='word_1_692' title='bbox 727 5273 792 5312; x_wconf 91' lang='lat' dir='ltr'><strong>ea</strong></span> <span class='ocrx_word' id='word_1_693' title='bbox 826 5267 984 5315; x_wconf 69' lang='lat' dir='ltr'><strong>aetate</strong></span> <span class='ocrx_word' id='word_1_694' title='bbox 1021 5260 1090 5314; x_wconf 90' lang='lat' dir='ltr'><strong>de</strong></span> <span class='ocrx_word' id='word_1_695' title='bbox 1133 5259 1424 5316; x_wconf 88' lang='lat' dir='ltr'><strong>duodecim</strong></span> <span class='ocrx_word' id='word_1_696' title='bbox 1455 5262 1760 5332; x_wconf 70' lang='lat' dir='ltr'><strong>prazsertim</strong></span> <span class='ocrx_word' id='word_1_697' title='bbox 1788 5261 2008 5332; x_wconf 88' lang='lat' dir='ltr'><strong>Episto-</strong></span> 
     </span>
    </p>
   </div>
   <div class='ocr_carea' id='block_1_98' title="bbox 425 5348 805 5404">
    <p class='ocr_par' dir='ltr' id='par_1_98' title="bbox 425 5348 805 5404">
     <span class='ocr_line' id='line_1_98' title="bbox 425 5348 805 5404; baseline 0.005 -2"><span class='ocrx_word' id='word_1_698' title='bbox 425 5349 494 5404; x_wconf 86' lang='lat' dir='ltr'><strong>lis</strong></span> <span class='ocrx_word' id='word_1_699' title='bbox 517 5348 805 5404; x_wconf 87' lang='lat' dir='ltr'><strong>dubitavit.</strong></span> 
     </span>
    </p>
   </div>
   <div class='ocr_carea' id='block_1_99' title="bbox 1026 5483 1388 5545">
    <p class='ocr_par' dir='ltr' id='par_1_99' title="bbox 1026 5483 1388 5545">
     <span class='ocr_line' id='line_1_99' title="bbox 1026 5483 1388 5545; baseline 0.014 -7"><span class='ocrx_word' id='word_1_700' title='bbox 1026 5483 1255 5540; x_wconf 80' lang='lat' dir='ltr'><strong>CAPUT</strong></span> <span class='ocrx_word' id='word_1_701' title='bbox 1295 5485 1388 5545; x_wconf 87' lang='lat' dir='ltr'><strong>Ill.</strong></span> 
     </span>
    </p>
   </div>
   <div class='ocr_carea' id='block_1_100' title="bbox 407 5598 2006 5673">
    <p class='ocr_par' dir='ltr' id='par_1_100' title="bbox 407 5598 2006 5673">
     <span class='ocr_line' id='line_1_100' title="bbox 407 5598 2006 5673; baseline 0.007 -22"><span class='ocrx_word' id='word_1_702' title='bbox 407 5598 685 5670; x_wconf 53' lang='lat' dir='ltr'><strong>“Epistola:</strong></span> <span class='ocrx_word' id='word_1_703' title='bbox 710 5599 916 5672; x_wconf 82' lang='lat' dir='ltr'><strong>Ignatii</strong></span> <span class='ocrx_word' id='word_1_704' title='bbox 933 5605 1164 5673; x_wconf 87' lang='lat' dir='ltr'><strong>primum</strong></span> <span class='ocrx_word' id='word_1_705' title='bbox 1189 5605 1369 5660; x_wconf 73' lang='lat' dir='ltr'><strong>Crwce</strong></span> <span class='ocrx_word' id='word_1_706' title='bbox 1401 5607 1577 5661; x_wconf 73' lang='lat' dir='ltr'><strong>editw.</strong></span> <span class='ocrx_word' id='word_1_707' title='bbox 1608 5605 1898 5662; x_wconf 84' lang='lat' dir='ltr'><strong>Doctorum</strong></span> <span class='ocrx_word' id='word_1_708' title='bbox 1928 5609 2006 5662; x_wconf 86' lang='lat' dir='ltr'><strong>vi-</strong></span> 
     </span>
    </p>
   </div>
   <div class='ocr_carea' id='block_1_101' title="bbox 783 5676 1649 5746">
    <p class='ocr_par' dir='ltr' id='par_1_101' title="bbox 783 5676 1649 5746">
     <span class='ocr_line' id='line_1_101' title="bbox 783 5676 1649 5746; baseline 0.007 -20"><span class='ocrx_word' id='word_1_709' title='bbox 783 5689 965 5727; x_wconf 90' lang='lat' dir='ltr'><strong>rorum</strong></span> <span class='ocrx_word' id='word_1_710' title='bbox 997 5677 1149 5729; x_wconf 89' lang='lat' dir='ltr'><strong>varia</strong></span> <span class='ocrx_word' id='word_1_711' title='bbox 1178 5676 1241 5730; x_wconf 89' lang='lat' dir='ltr'><strong>de</strong></span> <span class='ocrx_word' id='word_1_712' title='bbox 1263 5677 1392 5746; x_wconf 84' lang='lat' dir='ltr'><strong>ipsis</strong></span> <span class='ocrx_word' id='word_1_713' title='bbox 1425 5677 1649 5745; x_wconf 82' lang='lat' dir='ltr'><strong>judicia.</strong></span> 
     </span>
    </p>
   </div>
   <div class='ocr_carea' id='block_1_102' title="bbox 497 5784 2002 5866">
    <p class='ocr_par' dir='ltr' id='par_1_102' title="bbox 497 5784 2002 5866">
     <span class='ocr_line' id='line_1_102' title="bbox 497 5784 2002 5866; baseline 0.007 -25"><span class='ocrx_word' id='word_1_714' title='bbox 497 5784 675 5860; x_wconf 77' lang='lat' dir='ltr'><strong>Atque</strong></span> <span class='ocrx_word' id='word_1_715' title='bbox 700 5786 817 5844; x_wconf 62' lang='lat' dir='ltr'><strong>haec</strong></span> <span class='ocrx_word' id='word_1_716' title='bbox 839 5787 1077 5847; x_wconf 85' lang='lat' dir='ltr'><strong>breviter</strong></span> <span class='ocrx_word' id='word_1_717' title='bbox 1099 5789 1167 5848; x_wconf 89' lang='lat' dir='ltr'><strong>de</strong></span> <span class='ocrx_word' id='word_1_718' title='bbox 1195 5789 1480 5848; x_wconf 85' lang='lat' dir='ltr'><strong>hominum</strong></span> <span class='ocrx_word' id='word_1_719' title='bbox 1504 5791 1736 5864; x_wconf 87' lang='lat' dir='ltr'><strong>judicio,</strong></span> <span class='ocrx_word' id='word_1_720' title='bbox 1760 5795 2002 5866; x_wconf 83' lang='lat' dir='ltr'><strong>quandiu</strong></span> 
     </span>
    </p>
   </div>
   <div class='ocr_carea' id='block_1_103' title="bbox 2114 4593 3698 4668">
    <p class='ocr_par' dir='ltr' id='par_1_103' title="bbox 2114 4593 3698 4668">
     <span class='ocr_line' id='line_1_103' title="bbox 2114 4593 3698 4668; baseline 0.002 -20"><span class='ocrx_word' id='word_1_721' title='bbox 2114 4593 2395 4666; x_wconf 87' lang='lat' dir='ltr'><strong>Ignatius,</strong></span> <span class='ocrx_word' id='word_1_722' title='bbox 2440 4597 2531 4651; x_wconf 88' lang='lat' dir='ltr'><strong>sed</strong></span> <span class='ocrx_word' id='word_1_723' title='bbox 2575 4598 2614 4651; x_wconf 89' lang='lat' dir='ltr'><strong>ii</strong></span> <span class='ocrx_word' id='word_1_724' title='bbox 2657 4597 2747 4667; x_wconf 87' lang='lat' dir='ltr'><strong>qui</strong></span> <span class='ocrx_word' id='word_1_725' title='bbox 2785 4595 3058 4668; x_wconf 84' lang='lat' dir='ltr'><strong>Ignatium</strong></span> <span class='ocrx_word' id='word_1_726' title='bbox 3100 4606 3465 4666; x_wconf 88' lang='lat' dir='ltr'><strong>corruperunt,</strong></span> <span class='ocrx_word' id='word_1_727' title='bbox 3517 4598 3698 4666; x_wconf 91' lang='lat' dir='ltr'><strong>inquit</strong></span> 
     </span>
    </p>
   </div>
   <div class='ocr_carea' id='block_1_104' title="bbox 2113 4687 3696 4761">
    <p class='ocr_par' dir='ltr' id='par_1_104' title="bbox 2113 4687 3696 4761">
     <span class='ocr_line' id='line_1_104' title="bbox 2113 4687 3696 4761; baseline 0.003 -19"><span class='ocrx_word' id='word_1_728' title='bbox 2113 4687 2388 4746; x_wconf 83' lang='lat' dir='ltr'><strong>Rivetus:</strong></span> <span class='ocrx_word' id='word_1_729' title='bbox 2433 4691 2582 4761; x_wconf 87' lang='lat' dir='ltr'><strong>quod</strong></span> <span class='ocrx_word' id='word_1_730' title='bbox 2632 4701 2778 4746; x_wconf 89' lang='lat' dir='ltr'><strong>recte</strong></span> <span class='ocrx_word' id='word_1_731' title='bbox 2817 4692 2886 4746; x_wconf 89' lang='lat' dir='ltr'><strong>ab</strong></span> <span class='ocrx_word' id='word_1_732' title='bbox 2937 4707 3004 4746; x_wconf 93' lang='lat' dir='ltr'><strong>eo</strong></span> <span class='ocrx_word' id='word_1_733' title='bbox 3041 4693 3389 4747; x_wconf 86' lang='lat' dir='ltr'><strong>observatum</strong></span> <span class='ocrx_word' id='word_1_734' title='bbox 3425 4690 3590 4745; x_wconf 90' lang='lat' dir='ltr'><strong>tradit</strong></span> <span class='ocrx_word' id='word_1_735' title='bbox 3637 4692 3696 4746; x_wconf 90' lang='lat' dir='ltr'><strong>in</strong></span> 
     </span>
    </p>
   </div>
   <div class='ocr_carea' id='block_1_105' title="bbox 2111 4781 3695 4853">
    <p class='ocr_par' dir='ltr' id='par_1_105' title="bbox 2111 4781 3695 4853">
     <span class='ocr_line' id='line_1_105' title="bbox 2111 4781 3695 4853; baseline 0.003 -18"><span class='ocrx_word' id='word_1_736' title='bbox 2111 4782 2392 4837; x_wconf 88' lang='lat' dir='ltr'><strong>academia</strong></span> <span class='ocrx_word' id='word_1_737' title='bbox 2423 4781 2727 4838; x_wconf 88' lang='lat' dir='ltr'><strong>Genevensi</strong></span> <span class='ocrx_word' id='word_1_738' title='bbox 2758 4783 3038 4853; x_wconf 80' lang='lat' dir='ltr'><strong>professor</strong></span> <span class='ocrx_word' id='word_1_739' title='bbox 3063 4783 3352 4851; x_wconf 84' lang='lat' dir='ltr'><strong>Vedelius;</strong></span> <span class='ocrx_word' id='word_1_740' title='bbox 3381 4795 3435 4838; x_wconf 93' lang='lat' dir='ltr'><strong>et</strong></span> <span class='ocrx_word' id='word_1_741' title='bbox 3458 4799 3545 4839; x_wconf 89' lang='lat' dir='ltr'><strong>res</strong></span> <span class='ocrx_word' id='word_1_742' title='bbox 3572 4783 3695 4853; x_wconf 89' lang='lat' dir='ltr'><strong>ipsa</strong></span> 
     </span>
    </p>
   </div>
   <div class='ocr_carea' id='block_1_106' title="bbox 2111 4875 3697 4948">
    <p class='ocr_par' dir='ltr' id='par_1_106' title="bbox 2111 4875 3697 4948">
     <span class='ocr_line' id='line_1_106' title="bbox 2111 4875 3697 4948; baseline 0.002 -19"><span class='ocrx_word' id='word_1_743' title='bbox 2111 4876 2247 4930; x_wconf 87' lang='lat' dir='ltr'><strong>satis</strong></span> <span class='ocrx_word' id='word_1_744' title='bbox 2279 4875 2526 4943; x_wconf 87' lang='lat' dir='ltr'><strong>indicat;</strong></span> <span class='ocrx_word' id='word_1_745' title='bbox 2563 4877 2943 4931; x_wconf 72' lang='lat' dir='ltr'><strong>auctaritatem</strong></span> <span class='ocrx_word' id='word_1_746' title='bbox 2967 4877 3113 4931; x_wconf 90' lang='lat' dir='ltr'><strong>enim</strong></span> <span class='ocrx_word' id='word_1_747' title='bbox 3145 4877 3337 4948; x_wconf 82' lang='lat' dir='ltr'><strong>lgnatii</strong></span> <span class='ocrx_word' id='word_1_748' title='bbox 3362 4877 3697 4948; x_wconf 86' lang='lat' dir='ltr'><strong>rejecitCal—</strong></span> 
     </span>
    </p>
   </div>
   <div class='ocr_carea' id='block_1_107' title="bbox 2111 4966 3694 5039">
    <p class='ocr_par' dir='ltr' id='par_1_107' title="bbox 2111 4966 3694 5039">
     <span class='ocr_line' id='line_1_107' title="bbox 2111 4966 3694 5039; baseline 0.006 -21"><span class='ocrx_word' id='word_1_749' title='bbox 2111 4966 2272 5023; x_wconf 88' lang='lat' dir='ltr'><strong>vinus</strong></span> <span class='ocrx_word' id='word_1_750' title='bbox 2303 4968 2371 5022; x_wconf 91' lang='lat' dir='ltr'><strong>ab</strong></span> <span class='ocrx_word' id='word_1_751' title='bbox 2394 4967 2822 5022; x_wconf 80' lang='lat' dir='ltr'><strong>Antitriuitariis</strong></span> <span class='ocrx_word' id='word_1_752' title='bbox 2861 4967 3160 5038; x_wconf 89' lang='lat' dir='ltr'><strong>objectam,</strong></span> <span class='ocrx_word' id='word_1_753' title='bbox 3194 4985 3262 5024; x_wconf 75' lang='lat' dir='ltr'><strong>ex</strong></span> <span class='ocrx_word' id='word_1_754' title='bbox 3292 4967 3534 5039; x_wconf 89' lang='lat' dir='ltr'><strong>Epistola</strong></span> <span class='ocrx_word' id='word_1_755' title='bbox 3571 4971 3694 5028; x_wconf 82' lang='lat' dir='ltr'><strong>sine</strong></span> 
     </span>
    </p>
   </div>
   <div class='ocr_carea' id='block_1_108' title="bbox 2109 5059 3691 5132">
    <p class='ocr_par' dir='ltr' id='par_1_108' title="bbox 2109 5059 3691 5132">
     <span class='ocr_line' id='line_1_108' title="bbox 2109 5059 3691 5132; baseline 0.001 -19"><span class='ocrx_word' id='word_1_756' title='bbox 2109 5059 2280 5114; x_wconf 90' lang='lat' dir='ltr'><strong>dubio</strong></span> <span class='ocrx_word' id='word_1_757' title='bbox 2308 5061 2376 5115; x_wconf 90' lang='lat' dir='ltr'><strong>ad</strong></span> <span class='ocrx_word' id='word_1_758' title='bbox 2408 5060 2730 5126; x_wconf 90' lang='lat' dir='ltr'><strong>Tarsenses,</strong></span> <span class='ocrx_word' id='word_1_759' title='bbox 2769 5075 2891 5130; x_wconf 73' lang='lat' dir='ltr'><strong>qua:</strong></span> <span class='ocrx_word' id='word_1_760' title='bbox 2925 5076 3026 5131; x_wconf 93' lang='lat' dir='ltr'><strong>pro</strong></span> <span class='ocrx_word' id='word_1_761' title='bbox 3069 5061 3306 5131; x_wconf 89' lang='lat' dir='ltr'><strong>genuina</strong></span> <span class='ocrx_word' id='word_1_762' title='bbox 3341 5077 3452 5117; x_wconf 91' lang='lat' dir='ltr'><strong>non</strong></span> <span class='ocrx_word' id='word_1_763' title='bbox 3513 5077 3691 5132; x_wconf 53' lang='lat' dir='ltr'><strong>agno-</strong></span> 
     </span>
    </p>
   </div>
   <div class='ocr_carea' id='block_1_109' title="bbox 2109 5148 3693 5221">
    <p class='ocr_par' dir='ltr' id='par_1_109' title="bbox 2109 5148 3693 5221">
     <span class='ocr_line' id='line_1_109' title="bbox 2109 5148 3693 5221; baseline 0.002 -17"><span class='ocrx_word' id='word_1_764' title='bbox 2109 5149 2306 5215; x_wconf 87' lang='lat' dir='ltr'><strong>scitur,</strong></span> <span class='ocrx_word' id='word_1_765' title='bbox 2342 5158 2398 5204; x_wconf 92' lang='lat' dir='ltr'><strong>et</strong></span> <span class='ocrx_word' id='word_1_766' title='bbox 2419 5148 2908 5221; x_wconf 82' lang='lat' dir='ltr'><strong>Quadragesimam</strong></span> <span class='ocrx_word' id='word_1_767' title='bbox 2953 5151 3198 5221; x_wconf 89' lang='lat' dir='ltr'><strong>aliasque</strong></span> <span class='ocrx_word' id='word_1_768' title='bbox 3237 5151 3562 5207; x_wconf 89' lang='lat' dir='ltr'><strong>traditiones</strong></span> <span class='ocrx_word' id='word_1_769' title='bbox 3591 5153 3693 5207; x_wconf 87' lang='lat' dir='ltr'><strong>ob-</strong></span> 
     </span>
    </p>
   </div>
   <div class='ocr_carea' id='block_1_110' title="bbox 2105 5240 3508 5311">
    <p class='ocr_par' dir='ltr' id='par_1_110' title="bbox 2105 5240 3508 5311">
     <span class='ocr_line' id='line_1_110' title="bbox 2105 5240 3508 5311; baseline 0.002 -17"><span class='ocrx_word' id='word_1_770' title='bbox 2105 5240 2250 5310; x_wconf 90' lang='lat' dir='ltr'><strong>jicit,</strong></span> <span class='ocrx_word' id='word_1_771' title='bbox 2287 5257 2411 5311; x_wconf 66' lang='lat' dir='ltr'><strong>quae</strong></span> <span class='ocrx_word' id='word_1_772' title='bbox 2440 5243 2495 5295; x_wconf 90' lang='lat' dir='ltr'><strong>in</strong></span> <span class='ocrx_word' id='word_1_773' title='bbox 2529 5242 2865 5298; x_wconf 89' lang='lat' dir='ltr'><strong>assumentis</strong></span> <span class='ocrx_word' id='word_1_774' title='bbox 2889 5251 3102 5298; x_wconf 89' lang='lat' dir='ltr'><strong>tantum</strong></span> <span class='ocrx_word' id='word_1_775' title='bbox 3134 5243 3508 5298; x_wconf 90' lang='lat' dir='ltr'><strong>inveniuntur.</strong></span> 
     </span>
    </p>
   </div>
   <div class='ocr_carea' id='block_1_111' title="bbox 2180 5332 3685 5407">
    <p class='ocr_par' dir='ltr' id='par_1_111' title="bbox 2180 5332 3685 5407">
     <span class='ocr_line' id='line_1_111' title="bbox 2180 5332 3685 5407; baseline 0.003 -19"><span class='ocrx_word' id='word_1_776' title='bbox 2180 5332 2322 5389; x_wconf 89' lang='lat' dir='ltr'><strong>Tum</strong></span> <span class='ocrx_word' id='word_1_777' title='bbox 2369 5333 2647 5391; x_wconf 85' lang='lat' dir='ltr'><strong>Marianus</strong></span> <span class='ocrx_word' id='word_1_778' title='bbox 2704 5333 2985 5391; x_wconf 80' lang='lat' dir='ltr'><strong>Victorius</strong></span> <span class='ocrx_word' id='word_1_779' title='bbox 3036 5337 3092 5391; x_wconf 92' lang='lat' dir='ltr'><strong>in</strong></span> <span class='ocrx_word' id='word_1_780' title='bbox 3149 5334 3207 5390; x_wconf 90' lang='lat' dir='ltr'><strong>S.</strong></span> <span class='ocrx_word' id='word_1_781' title='bbox 3244 5335 3685 5407; x_wconf 81' lang='lat' dir='ltr'><strong>Hieronymum:</strong></span> 
     </span>
    </p>
   </div>
   <div class='ocr_carea' id='block_1_112' title="bbox 2111 5426 3688 5500">
    <p class='ocr_par' dir='ltr' id='par_1_112' title="bbox 2111 5426 3688 5500">
     <span class='ocr_line' id='line_1_112' title="bbox 2111 5426 3688 5500; baseline 0.001 -19"><span class='ocrx_word' id='word_1_782' title='bbox 2111 5426 2265 5483; x_wconf 85' lang='lat' dir='ltr'><strong>Recte</strong></span> <span class='ocrx_word' id='word_1_783' title='bbox 2315 5427 2636 5500; x_wconf 84' lang='lat' dir='ltr'><strong>[Ignatium]</strong></span> <span class='ocrx_word' id='word_1_784' title='bbox 2685 5430 3034 5500; x_wconf 86' lang='lat' dir='ltr'><strong>apostolicum</strong></span> <span class='ocrx_word' id='word_1_785' title='bbox 3080 5439 3231 5483; x_wconf 88' lang='lat' dir='ltr'><strong>vocat</strong></span> <span class='ocrx_word' id='word_1_786' title='bbox 3277 5429 3498 5492; x_wconf 88' lang='lat' dir='ltr'><strong>virum;</strong></span> <span class='ocrx_word' id='word_1_787' title='bbox 3553 5429 3688 5484; x_wconf 67' lang='lat' dir='ltr'><strong>vixit</strong></span> 
     </span>
    </p>
   </div>
   <div class='ocr_carea' id='block_1_113' title="bbox 2015 5520 3688 5592">
    <p class='ocr_par' dir='ltr' id='par_1_113' title="bbox 2015 5520 3688 5592">
     <span class='ocr_line' id='line_1_113' title="bbox 2015 5520 3688 5592; baseline 0.001 -18"><span class='ocrx_word' id='word_1_788' title='bbox 2015 5531 2020 5536; x_wconf 85' lang='lat'>&#39;</span> <span class='ocrx_word' id='word_1_789' title='bbox 2106 5521 2245 5574; x_wconf 88' lang='lat' dir='ltr'><strong>enim</strong></span> <span class='ocrx_word' id='word_1_790' title='bbox 2285 5522 2646 5591; x_wconf 88' lang='lat' dir='ltr'><strong>apostolorum</strong></span> <span class='ocrx_word' id='word_1_791' title='bbox 2679 5532 2928 5592; x_wconf 84' lang='lat' dir='ltr'><strong>tempore,</strong></span> <span class='ocrx_word' id='word_1_792' title='bbox 2969 5531 3018 5576; x_wconf 88' lang='lat' dir='ltr'><strong>et</strong></span> <span class='ocrx_word' id='word_1_793' title='bbox 3059 5521 3288 5576; x_wconf 77' lang='lat' dir='ltr'><strong>Joannis</strong></span> <span class='ocrx_word' id='word_1_794' title='bbox 3332 5520 3688 5590; x_wconf 68' lang='lat' dir='ltr'><strong>Evangeliste</strong></span> 
     </span>
    </p>
   </div>
   <div class='ocr_carea' id='block_1_114' title="bbox 2108 5611 3688 5684">
    <p class='ocr_par' dir='ltr' id='par_1_114' title="bbox 2108 5611 3688 5684">
     <span class='ocr_line' id='line_1_114' title="bbox 2108 5611 3688 5684; baseline 0.002 -20"><span class='ocrx_word' id='word_1_795' title='bbox 2108 5611 2399 5682; x_wconf 86' lang='lat' dir='ltr'><strong>discipulus</strong></span> <span class='ocrx_word' id='word_1_796' title='bbox 2448 5613 2584 5684; x_wconf 80' lang='lat' dir='ltr'><strong>fuit,</strong></span> <span class='ocrx_word' id='word_1_797' title='bbox 2629 5614 2844 5684; x_wconf 88' lang='lat' dir='ltr'><strong>scripsit</strong></span> <span class='ocrx_word' id='word_1_798' title='bbox 2898 5614 3103 5668; x_wconf 87' lang='lat' dir='ltr'><strong>litteras</strong></span> <span class='ocrx_word' id='word_1_799' title='bbox 3145 5613 3215 5666; x_wconf 83' lang='lat' dir='ltr'><strong>ad</strong></span> <span class='ocrx_word' id='word_1_800' title='bbox 3262 5613 3688 5667; x_wconf 79' lang='lat' dir='ltr'><strong>sacratissimum</strong></span> 
     </span>
    </p>
   </div>
   <div class='ocr_carea' id='block_1_115' title="bbox 2107 5703 3684 5776">
    <p class='ocr_par' dir='ltr' id='par_1_115' title="bbox 2107 5703 3684 5776">
     <span class='ocr_line' id='line_1_115' title="bbox 2107 5703 3684 5776; baseline 0.001 -18"><span class='ocrx_word' id='word_1_801' title='bbox 2107 5704 2381 5775; x_wconf 80' lang='lat' dir='ltr'><strong>virginem,</strong></span> <span class='ocrx_word' id='word_1_802' title='bbox 2402 5703 2814 5762; x_wconf 84' lang='lat' dir='ltr'><strong>DeiGenitricem</strong></span> <span class='ocrx_word' id='word_1_803' title='bbox 2832 5705 3084 5769; x_wconf 79' lang='lat' dir='ltr'><strong>Mariam,</strong></span> <span class='ocrx_word' id='word_1_804' title='bbox 3103 5714 3151 5758; x_wconf 89' lang='lat' dir='ltr'><strong>et</strong></span> <span class='ocrx_word' id='word_1_805' title='bbox 3169 5705 3305 5759; x_wconf 87' lang='lat' dir='ltr'><strong>alias</strong></span> <span class='ocrx_word' id='word_1_806' title='bbox 3322 5721 3437 5776; x_wconf 66' lang='lat' dir='ltr'><strong>quia</strong></span> <span class='ocrx_word' id='word_1_807' title='bbox 3447 5712 3684 5760; x_wconf 68' lang='lat' dir='ltr'><strong>exstant.</strong></span> 
     </span>
    </p>
   </div>
   <div class='ocr_carea' id='block_1_116' title="bbox 2105 5795 3682 5872">
    <p class='ocr_par' dir='ltr' id='par_1_116' title="bbox 2105 5795 3682 5872">
     <span class='ocr_line' id='line_1_116' title="bbox 2105 5795 3682 5872; baseline -0.001 -18"><span class='ocrx_word' id='word_1_808' title='bbox 2105 5795 2185 5863; x_wconf 64' lang='lat' dir='ltr'><strong>Ac</strong></span> <span class='ocrx_word' id='word_1_809' title='bbox 2209 5795 2394 5854; x_wconf 86' lang='lat' dir='ltr'><strong>statim</strong></span> <span class='ocrx_word' id='word_1_810' title='bbox 2425 5797 2592 5856; x_wconf 87' lang='lat' dir='ltr'><strong>etiam</strong></span> <span class='ocrx_word' id='word_1_811' title='bbox 2620 5814 2686 5856; x_wconf 83' lang='lat' dir='ltr'><strong>ex</strong></span> <span class='ocrx_word' id='word_1_812' title='bbox 2713 5797 2938 5855; x_wconf 84' lang='lat' dir='ltr'><strong>Lutheri</strong></span> <span class='ocrx_word' id='word_1_813' title='bbox 2971 5797 3409 5872; x_wconf 51' lang='lat' dir='ltr'><strong>scholacelebris</strong></span> <span class='ocrx_word' id='word_1_814' title='bbox 3440 5797 3682 5854; x_wconf 84' lang='lat' dir='ltr'><strong>Theolo-</strong></span> 
     </span>
    </p>
   </div>
  </div>
