3868 6208
197 271 255 328 53
847 259 899 317 J.
942 255 1310 313 PEARSONII
1349 249 1673 312 VINDlClE
1723 248 2149 330 lGNATlANE.
2174 287 2242 298 —
2278 255 2701 317 PROCEMIUM.
3336 265 3406 324 54

193 403 296 458 gas.
322 382 568 441 Martinus
592 379 958 447 Cbemnitius,
983 380 1041 436 in
1075 378 1341 434 Examine
1357 374 1576 432 concilii
1599 369 1724 425 Trin
1749 370 1799 429 Α
1897 373 2122 430 Interim
2149 381 2483 434 reverendus
2527 379 2824 435 admodum
2865 377 3188 451 Wbitgiftus
3215 379 3269 434 in
3305 379 3407 436 Ec-

191 480 386 544 deutini,
403 478 586 532 barum
612 474 979 546 Epistolarum
1002 471 1331 529 testimoniis
1355 483 1500 538 saepe
1524 467 1716 531 utitur,
1824 462 2004 520 clesiae
2032 476 2244 524 nostra:
2271 472 2662 526 controversiis
2687 469 2896 543 lgnalio
2927 473 3157 527 multum
3197 473 3405 530 tribue-

187 574 348 642 eisque
377 569 602 623 multum
634 566 847 621 tribuit.
886 565 1132 636 Ignatius
1159 580 1303 628 vero,
1329 561 1528 632 inquit,
1561 559 1719 612 audi—
1823 553 1946 623 bat;
1976 569 2028 612 et
2059 559 2539 616 schismaticorum
2584 563 2907 633 coryplircus
2956 562 3199 620 Thomas
3246 563 3404 619 Cart-

187 676 256 719 ιον
278 661 508 724 Joannis,
537 662 591 714 in
621 657 861 729 Epistola
907 657 976 712 ad
1013 655 1484 724 Philadelphenses
1519 651 1583 708 de
1615 668 1719 706 ειε-
1822 647 2094 719 wrightus
2132 651 2377 720 ejusdem
2416 654 2799 708 auctoritatem
2825 653 3158 726 defugiebat,
3200 664 3256 709 et
3279 655 3403 710 Cal-

183 754 323 810 libatu
355 761 402 806 et
432 751 671 822 conjugio
698 765 842 804 more
874 765 1095 820 prorsus
1128 747 1420 816 apostolico
1456 745 1712 816 loquitur.
1822 742 2012 798 vinum
2051 745 2207 815 sequi
2238 746 2543 814 professus,
2567 747 2785 818 aliaque
2812 759 3136 820 argumenta
3171 764 3240 804 ex
3268 764 3400 819 pro~

183 846 236 900 Et
257 846 371 900 alibi
397 861 504 900 non
533 845 651 900 sine
693 860 927 901 censura
967 845 1172 901 laudat.
1206 845 1410 917 Ignatii
1446 843 1714 912 Epistolas
1820 835 1940 905 prio
1961 850 2104 906 penu
2138 838 2493 908 suppeditans
2535 841 2769 911 negabat
2809 849 3086 896 auctorem
3123 839 3400 912 Epistola-

177 939 407 993 cxstitisse
437 953 536 991 non
578 946 784 992 tantum
826 937 1063 1005 Eusebii,
1097 955 1279 993 verum
1321 938 1482 992 etiam
1526 935 1704 989 Hiero-

1873 942 1942 980 im
1977 925 2150 984 fuisse
2176 929 2328 984 illum
2351 931 2730 1000 apostolorum
2760 931 3126 1002 discipulum;
3174 935 3320 1005 quod
3345 944 3400 990 et

178 1031 297 1100 ιιῃηὶ
325 1041 560 1099 tempore,
603 1039 804 1084 certum
853 1040 950 1086 est.
995 1028 1270 1085 Feruntur
1311 1046 1449 1084 nunc
1482 1027 1671 1082 Latine
1694 1043 1714 1080 :
1817 1018 1938 1088 eius
1962 1033 2227 1089 sequaces
2256 1019 2455 1086 fecere,
2487 1023 2705 1092 (Ιυοῐίεε
2731 1023 2937 1094 aliquid
2963 1026 3097 1095 ipsis
3120 1027 3397 1098 obiectum

173 1131 274 1177 sunt
301 1123 446 1176 edita:
469 1125 624 1176 etiam
654 1121 839 1179 Griece
873 1140 891 1178 :
928 1131 978 1176 et
1011 1123 1210 1178 multas
1239 1121 1427 1178 habent
1457 1138 1560 1176 non
1586 1137 1714 1175 con-
1816 1121 1922 1176 est.
1956 1111 2046 1167 Clli
2075 1113 2410 1182 respondere
2441 1115 2616 1170 aliter
2645 1130 2754 1170 non
2803 1125 3132 1186 potuerunt:
3179 1119 3398 1189 quoties

172 1213 438 1268 temnendas
468 1217 775 1284 sententias,
810 1215 1107 1286 praesertim
1138 1215 1277 1269 sicut
1311 1212 1494 1270 erce
1532 1215 1713 1286 legun-
1816 1218 1996 1264 autem
2022 1209 2089 1264 ad
2109 1209 2509 1280 presbyterium
2527 1211 2960 1266 confirmandum
2989 1210 3195 1282 aliquid
3219 1210 3401 1267 facere

171 1319 259 1363 tur,
306 1310 533 1364 Αάηιὶεια
584 1322 763 1366 iam“
807 1322 929 1368 sum
974 1321 1026 1367 ει
1077 1313 1189 1367 alia
1221 1328 1325 1366 non
1368 1327 1560 1382 ρααεα,
1593 1327 1713 1382 qua;
1815 1300 2122 1365 videbatur,
2155 1301 2275 1370 ejus
2322 1302 2648 1358 auctoritate
2691 1301 2922 1357 libenter
2973 1301 3400 1372 frequenterque

167 1403 366 1473 profecto
419 1420 520 1457 ηοη
572 1405 810 1472 referunt
856 1407 1171 1477 θνηυίιαιεηι
1221 1407 1590 1477 αροειοιξεαηι,
1647 1404 1712 1460 Et
1814 1391 2129 1447 utebantur.
2181 1391 2257 1448 De
2301 1394 2504 1463 quibus
2529 1394 2763 1465 graviter
2814 1397 3168 1466 conqueritur
3209 1395 3392 1453 Lous:

168 1513 332 1553 rursus
369 1517 383 1551 :
420 1497 492 1551 De
525 1498 788 1568 Epistolis
824 1501 988 1572 igitur
1018 1501 1130 1555 im;
1175 1499 1381 1573 [gnam
1408 1517 1528 1572 qua;
1572 1517 1711 1555 ηαηε
1815 1488 2089 1561 Epistolas
2116 1492 2612 1556 tuas,sanctissime
2645 1491 2827 1562 Ignoti
2854 1533 2869 1557 ,
2913 1491 3243 1545 adulterinas
3285 1507 3398 1545 esse

167 1591 260 1659 ejus
300 1590 442 1645 titulo
489 1591 764 1661 feruntur,
814 1594 1003 1648 merito
1045 1594 1351 1648 dubitamus
1384 1608 1406 1648 :
1441 1594 1712 1664 transfor-
1813 1584 2160 1640 contendunt.
2192 1583 2258 1637 In
2307 1583 2364 1638 id
2392 1585 2531 1638 enim
2571 1584 2913 1654 impudentia:
2951 1583 3321 1638 diverticulum
3347 1585 3395 1638 si

166 1692 295 1736 niatte
315 1685 445 1737 enim
472 1684 715 1739 videntur
754 1687 808 1739 in
841 1685 1025 1740 multis
1059 1685 1192 1742 locis
1227 1686 1298 1741 ad
1327 1685 1706 1740 stabiliendum
1745 1727 1787 1748 ,,
1812 1695 1915 1732 non
1945 1694 2000 1732 δε
2031 1678 2339 1748 receperint,
2372 1677 2678 1732 adulterata
2709 1679 2914 1747 penitus
2964 1685 3015 1730 et
3069 1677 3397 1747 turpissimis

164 1783 327 1828 εωιιηι
352 1777 490 1847 regni
517 1778 784 1847 pontiﬁcii
813 1795 833 1832 ε
864 1775 937 1832 Et
975 1780 1234 1834 divinitus
1269 1778 1446 1842 iudica
1477 1796 1592 1834 esse
1613 1779 1702 1849 [α-
1741 1768 1789 1786 ν
1810 1768 2058 1824 sordibus
2084 1785 2303 1840 aspersa
2337 1784 2522 1824 eorum
2553 1769 2798 1822 doctrina
2842 1768 3133 1823 habeatur:
3179 1777 3233 1822 et
3271 1784 3396 1840 gra-

163 1874 298 1928 ctum,
332 1868 464 1936 quod
513 1871 824 1925 adulterina
873 1871 1122 1942 quaedam
1159 1883 1475 1928 assumenta‘
1515 1888 1613 1927 suo
1650 1889 1707 1928 se
1805 1866 2069 1922 vissimus
2101 1864 2676 1935 prudentissimusque
2709 1861 3056 1929 Bancroftus,
3088 1863 3169 1915 Ad
3197 1879 3395 1916 morem

161 1957 328 2012 Micio
351 1960 589 2028 prodant.
619 1960 846 2020 Primus
876 1963 1048 2031 enim,
1101 1973 1162 2020 ut
1190 1965 1407 2035 opinor,
1443 1966 1707 2022 observa-
1809 1960 2190 2017 Genevensium
2214 1957 2466 2029 lgnatius
2494 1957 2643 2027 loqui
2676 1955 2826 2010 debet
2852 1971 2870 2018 ;
2897 1964 2988 2008 aut
3013 1955 3058 2009 si
3091 1954 3209 2024 plus
3233 1971 3396 2025 quam

162 2048 242 2113 vit,
281 2049 448 2104 locum
485 2067 552 2108 ex
602 2052 851 2125 Epistola
904 2055 974 2111 ad
1037 2057 1354 2129 Smyrnaaos
1398 2058 1624 2114 citatum
1673 2075 1704 2115 a
1809 2057 1969 2116 uelint
1997 2071 2188 2126 urgeas
2214 2095 2230 2120 ,
2267 2052 2627 2123 pauperculus
2669 2052 2918 2121 antiquus
2949 2048 3118 2103 Pater
3143 2051 3242 2104 iste
3267 2059 3390 2104 tan-

163 2139 481 2210 Theodoreto,
517 2161 622 2201 nec
645 2147 702 2202 in
735 2147 941 2204 Graecis
962 2150 1248 2206 codicibus
1274 2166 1374 2206 nec
1405 2152 1460 2206 in
1494 2151 1704 2207 Latinis
1805 2165 1966 2220 quam
1993 2148 2216 2219 ﬁctitius
2244 2153 2294 2201 et
2315 2145 2469 2200 homo
2496 2159 2662 2198 uanus
2683 2142 2808 2212 jure
2829 2143 3088 2213 rejicitur.

159 2235 373 2303 reperiri,
421 2239 675 2308 quamvis
707 2255 741 2295 a
802 2239 1069 2297 Gulielmo
1111 2241 1437 2300 Widefordo
1501 2245 1706 2315 pariter
1878 2240 2019 2297 Tum
2049 2256 2184 2296 vero
2217 2237 2645 2294 eminentissimi
2694 2235 2806 2291 duo
2843 2235 3184 2302 cardinales,
3217 2234 3388 2292 Baro-

159 2325 324 2384 citatus
351 2328 450 2396 sit;
477 2340 532 2386 et
568 2334 696 2388 loca
739 2333 976 2404 plurima
1013 2351 1081 2391 ex
1117 2335 1450 2407 Apostolicis
1495 2340 1699 2395 consti-
1807 2335 1933 2400 nius
1955 2343 2120 2404 atque
2166 2333 2552 2402 Bellarminus,
2601 2333 2678 2388 ita
2723 2332 3062 2404 judicabant.
3121 2328 3391 2385 Batonius

162 2423 424 2480 tntionibus
451 2423 720 2495 Epistolis
748 2425 943 2497 lgnatii
973 2443 1095 2485 esse
1119 2440 1328 2486 assuta.
1358 2429 1493 2488 Post
1533 2447 1700 2502 quem
1752 2445 1756 2448 ·
1805 2437 1964 2484 caute
2003 2426 2242 2497 primum
2263 2427 2550 2499 distinguit
2577 2429 2722 2483 inter
2753 2427 3012 2497 epistolas
3046 2425 3239 2480 Latine
3269 2433 3391 2480 tan-

159 2509 317 2569 Petrus
345 2512 618 2582 Canisius,
654 2516 744 2570 vir
783 2518 1062 2582 eruditus,
1111 2520 1179 2574 ad
1215 2520 1700 2577 confirmationem
1805 2531 1920 2580 tum
1943 2529 2244 2587 exstantes,
2275 2529 2330 2576 et
2358 2535 2452 2576 eas
2473 2536 2595 2592 qua:
2619 2519 2807 2576 Graece
2831 2520 2996 2575 etiam
3023 2517 3343 2589 prodierant
3369 2535 3387 2586 ;

160 2607 430 2661 catechismi
460 2608 786 2665 testimonio
827 2608 1021 2682 lgnatii
1066 2625 1136 2667 ex
1177 2613 1347 2668 veteri
1404 2613 1701 2686 interprete
1802 2614 2018 2684 priores
2046 2613 2254 2669 nullius
2290 2613 2639 2669 auctoritatis
2664 2612 3023 2679 esseinnuit;
3055 2609 3392 2681 posteriores.

159 2697 442 2753 creberrime
478 2699 677 2756 utitur.
1803 2721 2000 2765 omnes
2023 2707 2181 2763 avide
2227 2708 2614 2779 amplectitur,
2661 2706 3009 2776 incorruptas
3039 2713 3096 2760 et
3145 2704 3388 2774 integras

211 2790 594 2850 Centuriatores
634 2801 693 2851 et
734 2793 1046 2864 Calvinum,
1084 2797 1234 2870 quod
1280 2797 1548 2870 lgnatium
1588 2808 1697 2854 tam
1801 2815 1924 2858 esse
1952 2800 2292 2872 pronuntiat,
2318 2815 2524 2872 easque
2556 2799 2712 2856 miris
2741 2797 2898 2854 ell‘ert
2937 2796 3217 2856 laudibus.
3265 2793 3388 2851 Non

157 2883 277 2950 parvi
302 2886 612 2953 penderent,
651 2890 975 2962 perstringit
1001 2907 1110 2946 una
1143 2893 1412 2947 sententia
1436 2892 1698 2962 Campia-
1801 2896 1949 2948 enim
1979 2874 2184 2963 septem
2216 2900 2428 2948 tantum
2454 2891 2692 2949 Eusebio
2708 2892 2982 2962 cognitas,
3019 2890 3115 2947 sed
3137 2897 3191 2945 et
3221 2889 3389 2960 quin-

155 2988 256 3036 nus,
286 2976 485 3032 ratione
511 2979 729 3048 quinta.
755 2979 1152 3039 Centuriatores
1182 2984 1507 3040 vehementer
1526 2985 1695 3053 o/I'en-
1799 3001 1909 3058 que
1934 2987 2177 3058 reliquas
2224 2985 2430 3057 Ignatii
2456 3002 2567 3041 esse
2592 3002 2894 3057 germanas,
2937 2984 3252 3054 easdemque
3273 2983 3389 3036 sin-

155 3063 216 3116 dit
241 3064 499 3136 lqnatius;
535 3072 763 3142 oﬂ'endit
808 3083 859 3128 et
899 3073 1204 3141 Calvinum,
1239 3084 1297 3130 ut
1331 3077 1387 3132 in
1409 3077 1524 3148 ejus
1560 3076 1694 3147 Epi-
1716 3075 1765 3138 (Ξ
1796 3078 2290 3144 cerissimas,nento
2301 3077 2446 3148 jure,
2472 3077 2670 3148 inquit,
2689 3077 2882 3146 poterit
2906 3068 3170 3130 dubitare.
3192 3073 3390 3129 Bellar-

153 3160 275 3212 stolis
297 3161 548 3231 deformes
571 3181 751 3222 atavos
810 3175 861 3221 et
898 3168 1116 3238 putidas
1169 3170 1376 3225 ntenias
1419 3171 1695 3225 hominum
1799 3173 1986 3228 minus
2006 3171 2393 3228 notatLatinas
2409 3181 2541 3236 tres,
2561 3171 2879 3242 gravitatem
2892 3167 3162 3239 eloquiis.
3181 3167 3386 3239 Ignatis'

153 3251 413 3321 quisquilia
433 3259 698 3316 notarint.
729 3258 982 3316 Defendit
1011 3261 1192 3316 statim
1217 3262 1505 3318 Calvinum
1533 3262 1696 3319 Whi-
1798 3266 2012 3322 omnino
2041 3281 2145 3319 non
2175 3263 2408 3319 redolere
2433 3281 2452 3330 ;
2499 3265 2746 3335 quinque
2794 3261 3034 3318 Eusebio
3075 3262 3388 3332 incognitas

155 3340 359 3410 takerus,
388 3347 531 3416 quod
572 3347 845 3419 lgnatium
899 3351 963 3404 ab
1009 3354 1276 3408 haereticis
1328 3355 1694 3411 introductum
1799 3357 1861 3411 ob
1883 3357 2011 3429 styli
2025 3357 2435 3413 similitudinem
2457 3367 2506 3412 et
2531 3358 2784 3428 spiritum
2807 3372 2924 3411 uere
2943 3353 3318 3424 apostolicum,
3351 3370 3389 3409 τι

153 3440 367 3503 tanquam
403 3439 658 3508 improba:
681 3451 734 3496 et
758 3442 1086 3501 detestandae
1104 3448 1380 3502 sententiae
1408 3457 1694 3518 patronum
1799 3450 1927 3504 uiris
1946 3450 2117 3504 doctis
2141 3450 2358 3504 omnino
2386 3449 2582 3519 recipi;
2614 3464 2721 3502 non
2767 3463 2880 3502 esse
2930 3462 3178 3516 magnam
3223 3445 3386 3514 [idem

148 3525 395 3591 repulerit;
418 3528 534 3598 ipse
557 3530 834 3601 Epistolas
865 3539 1104 3590 obscura:
1121 3537 1400 3609 dubiteque
1421 3540 1552 3610 ﬁdei
1575 3557 1697 3598 esse
1797 3541 2093 3597 habendam
2115 3542 2386 3597 codicibus
2405 3541 2629 3609 Grazcis,
2644 3540 2735 3611 qui
2757 3555 2896 3593 nunc
2915 3547 3146 3603 exstant,
3169 3535 3385 3608 quando

148 3625 291 3682 notat,
322 3623 454 3689 quod
478 3622 660 3693 plures
691 3625 909 3696 Ignatio
925 3644 1063 3683 nunc
1099 3631 1462 3699 ascribantur,
1491 3634 1557 3688 de
1574 3635 1694 3704 qui-
1798 3635 2098 3704 discrepant
2121 3651 2156 3688 a
2189 3632 2440 3698 Latinis;
2461 3649 2598 3702 stepe
2618 3633 2760 3686 enim
2803 3632 3188 3686 emendatiores
3241 3631 3386 3686 inoo-

147 3705 223 3761 bss
239 3709 476 3770 Eusebius
496 3726 547 3771 et
580 3717 940 3791 Hieronymus
962 3738 1065 3777 non
1084 3726 1454 3794 meminerunt,
1481 3738 1531 3783 et
1555 3729 1695 3799 quod
1801 3727 1905 3780 niri
1934 3726 2139 3780 codices
2163 3723 2387 3780 Latinos
2411 3741 2570 3796 quam
2602 3723 2845 3788 Graecos;
2879 3723 3019 3793 quod
3069 3737 3270 3789 verum,
3299 3721 3386 3776 in-

146 3806 240 3872 ejus
265 3811 520 3877 quoddam
569 3814 774 3868 dictum
808 3817 993 3871 recitet
1022 3817 1385 3890 Hieronymus
1445 3822 1697 3894 aliudque
1797 3817 1938 3889 quit,
1970 3834 2082 3872 esse
2111 3817 2390 3888 intelliget,
2421 3817 2514 3886 qui
2562 3815 2793 3884 conferet
2825 3815 3131 3870 testimonia
3173 3829 3292 3884 qute
3318 3829 3386 3870 ea:

150 3894 487 3968 Theodoretus,
520 3905 665 3974 quod
692 3908 751 3960 in
783 3907 902 3961 istis
927 3925 1046 3979 qua:
1080 3911 1533 3979 circumferuntur
1560 3913 1696 3984 Epi-
1799 3906 2014 3979 Ignatio
2039 3909 2207 3962 citant
2237 3906 2298 3963 S.
2346 3908 2674 3962 Athanasius
2721 3917 2798 3969 et.
2827 3905 3181 3960 Tlteodoretus
3207 3945 3221 3969 ,
3261 3921 3385 3960 cum

145 3991 269 4043 stolis
293 4009 545 4064 nusquam
566 3998 850 4065 reperitur.
876 3996 945 4053 Et
972 3999 1040 4056 de
1056 4001 1346 4070 posteriori
1373 4014 1697 4074 argumento
1799 3998 1968 4054 verbis
2007 3999 2246 4069 ejusdem
2276 3998 2503 4070 Ignatii,
2535 4015 2652 4069 qua:
2681 4014 2819 4052 nunc
2869 3998 3121 4053 habemus
3152 3998 3209 4053 in
3236 3999 3384 4054 codi-

146 4094 170 4132 a
196 4078 369 4139 Duran
390 4086 718 4144 sollicitatus
751 4107 764 4144 :
795 4088 881 4144 Ea:
906 4108 987 4159 eo,
1023 4092 1224 4164 inquit,
1264 4093 1469 4166 lgnatii
1494 4098 1698 4167 scripta
1799 4092 1944 4146 cibus
1973 4091 2182 4147 Latinis
2212 4101 2261 4146 ει
2286 4091 2507 4148 στωεὶε·

144 4189 303 4240 parum
324 4180 525 4251 integra
545 4199 818 4252 superesse
852 4196 1083 4244 constat.
1110 4189 1190 4244 Ac
1205 4205 1336 4245 mox
1364 4189 1698 4248 Bellarmino
1799 4227 1804 4230 -
1873 4185 1951 4242 De
1972 4184 2224 4258 Epistola.
2246 4187 2315 4241 ad
2338 4184 2638 4242 Tarsenses
2679 4186 2858 4255 primo
2887 4185 3102 4240 dubitat
3145 4183 3384 4240 Faustus

143 4268 442 4336 respondens
473 4313 490 4338 ,
540 4288 610 4328 ex
638 4273 932 4332 duodecim
978 4276 1176 4349 lgnatii
1215 4281 1466 4351 epistolis
1511 4281 1699 4340 Graece
1802 4278 2063 4346 Socinus,
2097 4280 2185 4336 bis
2201 4279 2406 4346 verbis,
2431 4280 2794 4350 responsione
2818 4279 2886 4334 ad
2903 4277 3185 4333 Wiekum:
3215 4278 3386 4348 Atque

144 4361 452 4445 exstantibus
480 4373 692 4436 septem
738 4376 951 4423 tantum
996 4381 1332 4429 memoratas
1373 4372 1613 4430 Eusebio
1643 4385 1697 4430 et
1725 4427 1774 4445 __
1801 4373 1899 4426 hoc
1925 4373 2040 4443 ipso
2072 4382 2382 4445 argumento
2405 4373 2476 4426 ad
2497 4373 2595 4427 hoc
2619 4373 2795 4442 ipsum
2822 4373 3155 4442 probandum
3181 4369 3386 4424 videtur

143 4444 440 4526 Hieronymo
461 4459 869 4525 animadvertit,
892 4462 958 4516 de
982 4463 1197 4535 quibus,
1216 4466 1415 4538 inquit,
1432 4469 1562 4539 quid
1590 4479 1698 4525 sta-
1801 4466 1881 4519 uti
1913 4444 2181 4536 Ignatius,
2209 4475 2304 4520 aut
2333 4467 2570 4538 quisquis
2613 4467 2714 4534 fuit
2741 4475 2930 4520 auctor
2966 4463 3114 4518 illius
3145 4463 3387 4532 epistolce
3464 4459 3482 4531 ,l

142 4548 352 4612 tunsus,
380 4564 506 4603 num
539 4551 647 4605 sint
681 4551 910 4624 Ignatii,
964 4573 1035 4610 an
1079 4559 1302 4615 alterius
1360 4563 1692 4633 cujusquam,
1797 4569 1918 4625 qua:
1939 4553 2033 4607 sub
2063 4555 2178 4625 ejus
2201 4555 2412 4609 nomine
2463 4556 2534 4609 ad
2587 4553 2870 4613 Tarsenses
2926 4553 3283 4611 inscribitur:
3329 4563 3386 4608 ct
3460 4607 3461 4610 η

140 4644 225 4722 non
253 4636 374 4691 satis
421 4650 679 4706 constat;
705 4653 915 4699 constat
945 4656 1126 4702 autem
1167 4651 1397 4722 quinque
1435 4669 1546 4708 esse
1582 4656 1696 4711 sine
1797 4649 2125 4706 sententiam
2153 4665 2311 4706 suam
2346 4649 2572 4705 liberius
2596 4650 2665 4705 de
2696 4650 2953 4705 omnibus
2975 4647 3182 4719 profert
3203 4648 3384 4703 anim-

141 4721 278 4778 dsbio
306 4730 511 4797 spurius
533 4742 584 4786 et
619 4733 974 4791 adulterinas.
1014 4737 1205 4796 Eidem
1256 4742 1564 4814 Campiano
1609 4763 1695 4803 re-
1797 4744 2120 4800 adversione
2177 4743 2244 4799 ad
2296 4743 2657 4800 assertionem
2715 4741 3019 4812 septimam.
3063 4740 3384 4798 Posnanen-

141 4823 382 4890 spondens
403 4825 735 4887 Laurentius
780 4831 1136 4903 llumfredus,
1184 4847 1338 4894 notat
1369 4839 1694 4911 Magdebur-
1797 4838 1962 4893 sium.
1993 4835 2196 4908 Ignatii
2225 4838 2424 4907 scripta
2461 4837 2658 4907 partim
2686 4835 3012 4901 adulterina,
3059 4836 3258 4907 partim
3283 4836 3384 4889 ad—

138 4928 292 4982 gentes
353 4920 782 4978 moderatissima
834 4927 1076 4982 oratione
1120 4930 1532 4998 prudentissime
1575 4948 1693 4987 mo-
1797 4932 2013 4986 modum
2035 4941 2289 5002 corrupta
2311 4941 2362 4986 et
2387 4931 2776 4987 additamentis
2800 4930 3120 5002 quibusdam
3149 4930 3384 5000 coinqui-

139 5004 311 5072 nuisse,
341 5009 784 5083 haberi‘qua'dam
809 5015 865 5070 in
886 5017 1031 5072 hisce
1051 5015 1309 5089 Epistolis
1327 5020 1551 5092 Ignatii,
1574 5041 1694 5096 qua:
1797 5033 1957 5089 nata;
1993 5024 2125 5078 adeo
2146 5034 2205 5079 ut
2228 5039 2412 5078 eorum
2437 5039 2640 5094 quoque
2656 5023 2711 5076 in
2733 5022 2862 5092 ipsis
2893 5023 2991 5092 ﬁat
3023 5022 3382 5091 mentio,'qu¢

139 5096 464 5168 “deformes
497 5121 672 5160 necas
707 5107 980 5163 declinare
1023 5111 1299 5179 uidentur;
1349 5124 1406 5172 et
1445 5117 1691 5186 qutedam
1794 5129 1901 5167 non
1951 5113 2056 5167 nisi
2085 5122 2204 5183 post
2238 5112 2446 5184 aliquot
2498 5112 2695 5167 saecula
2747 5114 3092 5168 exstiterunt.
3142 5111 3210 5167 Et
3255 5113 3384 5169 licet

138 5187 398 5259 Obrepsisse
439 5195 500 5250 in
545 5195 749 5268 Ignatii
773 5201 988 5271 scriptis
1016 5203 1318 5260 adulterina
1345 5223 1451 5262 non
1472 5209 1691 5279 ferenda
1794 5204 2051 5260 Latinum
2075 5204 2268 5276 lgnatii
2291 5206 2573 5276 exemplar
2595 5205 2980 5262 tantummodo
3011 5214 3143 5261 tunc
3170 5212 3384 5275 tempoo

140 5283 336 5351 asserit;
357 5302 474 5358 qua
511 5289 754 5361 si.rejicit
781 5293 1060 5362 Caluinus,
1091 5314 1197 5353 non
1229 5301 1414 5355 statim
1434 5303 1690 5360 dicendus
1791 5299 1871 5356 ris
1898 5297 2148 5362 vidisset,
2178 5307 2236 5354 et
2262 5300 2548 5355 missarum
2589 5314 2723 5356 voce
2746 5299 2991 5356 oﬂensus
3020 5299 3125 5355 ista
3173 5298 3382 5354 scribe-

138 5381 205 5424 ⁸³⁸
248 5385 334 5468 ραι
367 5378 577 5450 iniquus
606 5398 793 5438 censor
823 5383 1062 5455 Ignatii,
1119 5399 1214 5444 aut
1268 5409 1432 5462 opera
1486 5395 1690 5468 Ignatii
1792 5401 1905 5460 ret;
1940 5401 2138 5449 nactus
2195 5401 2376 5450 tamen
2414 5403 2600 5464 postea
2656 5392 2906 5450 Graecum
2955 5392 3222 5459 codicem,
3286 5390 3380 5446 ubi

141 5467 297 5567 "fi"
321 5479 571 5543 ταηιμιαηι
599 5476 814 5545 fnum“
844 5479 1048 5532 πωηὶαε
1091 5481 1414 5550 reprobare;
1444 5467 1689 5556 quando-
1791 5500 1917 5540 eum
1949 5486 2131 5541 locum
2156 5485 2315 5542 aliter
2339 5501 2398 5541 se
2423 5485 2626 5541 habere
2645 5486 2874 5552 invertit,
2910 5485 3234 5540 sententiam
3269 5497 3378 5537 non

142 5557 324 5650 quidem
346 5579 408 5617 ea
438 5565 610 5621 solum
649 5583 768 5638 quin
793 5568 1060 5639 culpanda
1084 5583 1208 5626 sunt
1258 5574 1315 5628 in
1349 5579 1689 5647 supposititio
1791 5580 2048 5634 mutavit.
2093 5577 2218 5632 Non
2251 5579 2443 5633 desunt
2472 5589 2672 5648 tamen,
2703 5579 2904 5650 inquit,
2946 5579 3004 5632 in
3047 5579 3160 5647 ipso
3196 5576 3380 5632 (ἔνθεο

145 5643 334 5716 lgsatio
359 5657 616 5722 pervellit.
642 5658 766 5730 Ipse
789 5669 972 5717 autem
995 5661 1205 5733 aliquid
1249 5643 1510 5739 Epistolis
1540 5686 1685 5731 rese-
1790 5671 2084 5742 exemplari
2106 5671 2376 5738 quedam,
2411 5686 2529 5741 qua:
2577 5643 2683 5726 non
2739 5643 2861 5725 cum
2891 5643 3118 5742 rlgnatii
3160 5668 3377 5735 steculo,

143 5749 292 5813 τιυωι
317 5747 521 5821 alitluid
548 5763 800 5811 assutum
825 5769 953 5812 esse
984 5765 1258 5816 autumat.
1785 5766 1878 5823 sed
1937 5782 2055 5823 cum
2089 5764 2486 5822 succedentibus
2539 5765 2882 5834 conveniant,
2929 5775 2983 5822 et
3044 5764 3262 5821 tandem
3315 5765 3370 5818 ia
