3868 6208
508 279 582 336 55
1580 286 1636 344 S.
1675 285 2022 345 lGNATlUS.
2063 320 2132 329 —
2167 290 2676 351 PROLEGOMENA
3691 309 3759 366 56

509 397 657 451 hunc
709 396 933 451 modum
968 398 1278 454 concludit:
1317 398 1478 466 Fuit,
1511 402 1788 468 nimirum,
1821 403 1956 458 liber
1987 405 2086 458 iste
2114 406 2161 462 A
2186 405 2398 462 litteras
2423 411 2765 479 conscripsit.
2806 409 3061 482 Epistolas
3109 413 3274 484 igitur
3301 415 3613 490 lgnatianaa,
3661 425 3759 495 ju-

506 485 876 557 lipistolarum
899 486 1113 560 Ignatii,
1133 490 1551 562 quandocunque
1581 492 1640 546 id
1669 493 1872 564 factum
1901 495 2084 565 fuerit,

505 582 570 635 ab
598 582 664 636 iis
693 585 892 652 partim
930 585 1274 655 deprauatus,
1303 588 1504 657 partim
1535 591 1699 642 etiam
1738 591 2084 645 consarcina-

505 683 611 733 tus.
654 675 746 744 qui
785 678 1120 746 tyrannidem
1145 679 1530 749 episcoporum,
1556 697 1660 734 non
1702 681 1756 736 in
1787 680 2084 737 Ecclesium
2119 719 2130 730 ι

505 774 735 828 tantum.
758 768 850 823 sed
868 770 924 822 in
950 770 1325 842 rempublicam
1356 788 1580 843 quoque,
1611 783 1797 828 contra
1825 791 1976 830 omne
1986 776 2081 845 jus

503 856 710 927 fasque,
735 859 1343 935 invectam‘vehementer
1363 864 1664 936 probabant
1689 906 1708 932 ,
1755 884 1820 921 ac
1840 867 2082 922 stabilire

501 949 764 1008 rolebant.
795 951 873 1009 lta
904 953 996 1011 ille
1042 955 1097 1022 in
1123 956 1446 1015 defensione
1474 960 1678 1030 prioris
1727 961 2077 1019 animadver-

499 1041 692 1098 stonis.

571 1132 741 1193 Paulo
791 1149 916 1208 post
971 1140 1291 1214 Rodolphus
1341 1142 1713 1217 Hospinianus
1778 1149 2076 1221 Tigurinus

498 1227 760 1287 Historiis
778 1238 1217 1294 sacramentariw
1239 1238 1276 1294 Ι.
1296 1254 1356 1302 ll,
1375 1255 1427 1295 c.
1455 1241 1506 1306 l,
1527 1240 1792 1312 lgnatium
1823 1254 2074 1303 nostrum

495 1330 756 1394 tanquam
779 1333 974 1382 testem
1004 1328 1498 1400 locupletissimum
1534 1334 1740 1390 laudat.
1795 1333 1928 1390 Cum
1955 1347 2074 1408 post

492 1415 856 1483 apostolorum
891 1428 1125 1489 tempora
1151 1421 1386 1478 hwretici
1422 1426 1700 1479 turmatim
1720 1437 2069 1498 erumperent,

488 1514 540 1558 et
565 1503 785 1560 sincerte
799 1509 1160 1576 apostolorum
1187 1511 1447 1566 doctrina:
1491 1513 1824 1582 impudenter
1854 1526 2070 1571 contra-

489 1594 743 1663 dicerent,
777 1594 1042 1670 Ignatius,
1063 1617 1201 1654 unus
1215 1618 1280 1657 ex
1304 1603 1619 1670 senioribus,
1644 1622 1763 1659 cum
1787 1606 2070 1662 Antiochia

487 1683 711 1739 Romam
741 1688 981 1756 captivus
1005 1693 1322 1756 traheretur,
1361 1693 1538 1747 bestiis
1563 1693 1910 1764 objiciendus,
1935 1697 2068 1766 ﬁde-

2187 496 2309 551 dice
2336 497 2580 565 Bilsono,
2623 507 2679 554 et
2703 500 2819 570 ipso
2845 502 2990 566 vivo,
3018 511 3074 558 et
3101 505 3168 560 ab
3199 507 3316 576 ipso
3340 519 3468 564 sunt
3508 515 3759 569 conscri-

2187 597 2312 657 ptze.
2340 587 2444 654 Qui
2470 590 2718 659 ejusdem
2759 593 2945 663 operis
2971 595 3151 665 capite
3182 598 3249 651 M
3293 615 3482 656 earum
3512 603 3758 673 antiqui-

2187 686 2350 733 tatem
2371 679 2575 736 diserte
2603 683 2837 738 asserit:
2863 699 2992 740 cum
3014 688 3160 742 enim
3191 687 3605 761 Tertullianum,
3646 696 3757 768 Cy-

2183 770 2434 842 prianum
2464 781 2517 828 et
2539 772 2930 846 Hieronymum
2956 781 3296 838 nominasset
3327 802 3342 838 :
3369 783 3428 840 Si
3446 787 3521 851 hi,
3544 787 3749 858 inquit,

2183 862 2316 916 satis
2352 865 2560 934 antiqui
2599 865 2680 919 vel
2709 868 2902 922 sinceri
2932 872 3074 924 nobis
3116 881 3270 928 testes
3308 891 3412 930 non
3447 879 3752 944 videantur,

2183 953 2366 1010 audite
2398 956 2524 1026 quid
2558 956 2831 1029 Ignatius,
2876 963 3174 1020 Antiochia
3192 967 3484 1037 episcopus,
3537 970 3752 1026 Joanne

2182 1047 2422 1116 apostolo
2448 1049 2737 1104 etiamdum
2767 1051 2824 1106 in
2846 1053 2957 1108 vita
2987 1067 3250 1125 manente,
3274 1058 3486 1130 ejusque
3513 1062 3753 1132 discipu-

2178 1138 2284 1206 lus,
2307 1150 2423 1209 post
2456 1157 2610 1213 quem
2629 1153 2746 1197 octo
2759 1145 2870 1215 fere
2899 1149 3054 1204 annis
3077 1153 3336 1221 martyrio
3380 1154 3599 1223 affectus
3646 1169 3748 1220 est,

2178 1233 2249 1286 ad
2269 1231 2505 1288 diversas
2527 1233 2796 1292 Ecclesias
2810 1238 2870 1292 de
2885 1240 3248 1311 episcoporum
3269 1247 3587 1301 auctoritate
3610 1250 3750 1301 scri-

2178 1324 2288 1381 bat.
2340 1324 2416 1380 lta
2443 1324 2698 1383 Bilsonus
2732 1331 2869 1386 locis
2913 1335 3331 1404 quamplurimis
3363 1337 3420 1393 S.
3450 1337 3744 1410 lgnatium,

2177 1423 2238 1469 ut
2265 1415 2710 1485 antiquissimum
2733 1430 2788 1474 et
2817 1421 3247 1480 sincerissimum
3282 1436 3471 1484 testem
3499 1430 3743 1486 adducit.

2243 1505 2588 1563 Abrahamus
2612 1507 2904 1580 Scultetus,
2955 1514 3010 1568 in
3063 1515 3299 1572 Medulla
3329 1519 3576 1588 Patrum,
3609 1541 3746 1593 pro-

2171 1598 2367 1667 positis
2391 1614 2459 1652 ex
2488 1608 2720 1672 utraque
2742 1613 2892 1672 parte
2931 1605 3240 1664 rationibus
3261 1651 3278 1678 ,
3331 1620 3386 1666 ct
3426 1627 3616 1669 eorum
3647 1618 3742 1686 qui

2173 1688 2380 1760 lgnatio
2418 1689 2519 1745 has
2561 1693 2826 1761 epistolas
2855 1695 3184 1766 tribuebant,
3217 1709 3271 1754 et
3302 1717 3492 1757 eorum
3542 1708 3635 1775 qui
3671 1724 3744 1762 an

485 1772 554 1825 lis
589 1789 651 1826 ac
675 1774 896 1830 solliciti
910 1780 1141 1846 pastoris
1169 1780 1346 1850 ofﬁcio
1373 1761 2063 1856 {ungengvinitinere’mut-
2095 1761 2139 1817 Β
2170 1791 2313 1837 recte
2335 1783 2387 1863 ei
2413 1786 2782 1842 tribuerentur
2803 1789 3147 1858 dubitabant,
3169 1794 3383 1850 tandem
3405 1797 3476 1851 ita
3501 1815 3746 1867 pronun-

486 1871 568 1915 tas
589 1861 857 1920 Ecclesias
889 1877 999 1921 tam
1023 1870 1136 1924 viva
1159 1887 1299 1936 voce,
1328 1890 1487 1944 quam
1513 1877 1750 1946 epistolis
1773 1880 2061 1948 conﬁrma-

483 1956 556 2009 vit
570 1971 589 2018 ;
622 1955 1000 2031 admonuitque
1028 1971 1085 2016 ut
1109 1962 1170 2016 ab
1191 1966 1454 2021 haereticis
1473 1978 1522 2023 et
1547 1970 1892 2025 clandestinis
1911 1974 2064 2028 sedu-

482 2047 720 2103 ctoribus
758 2062 1034 2120 caverent;
1064 2056 1156 2124 qui
1204 2057 1366 2124 clam,
1399 2061 1582 2116 insciis
1633 2065 1912 2134 episcopis,
1949 2082 2061 2121 sese

479 2135 833 2206 insinuantes,
860 2143 1152 2213 simplicem
1172 2146 1499 2215 plebeculam
1520 2151 1857 2220 sedueebant,
1881 2164 1931 2208 et
1953 2155 2062 2224 pri-

478 2236 601 2282 rata
661 2234 917 2302 cogebant
965 2239 1350 2296 conventicula.
1418 2241 1572 2297 Inter
1628 2255 1819 2299 ca’tera
1877 2259 2056 2302 autem

478 2318 818 2392 Smyrnenses
851 2342 1056 2398 quoque
1094 2331 1429 2392 adhortatus.
1483 2333 1608 2390 Non
1660 2336 1808 2404 licet,
1859 2338 2051 2409 inquit,

475 2410 594 2464 sine
619 2412 898 2485 episcopo,
931 2432 1110 2490 neque
1140 2421 1358 2492 oll‘erre,
1386 2440 1564 2494 neque
1593 2429 1922 2484 sacrificium
1951 2431 2055 2486 im-

473 2502 720 2571 uiolare,
779 2521 955 2576 neque
1008 2511 1230 2582 aliquod
1272 2515 1420 2570 aliud
1473 2517 1752 2586 publicum
1810 2520 2047 2584 cilicium

471 2594 646 2651 obire.
688 2596 752 2651 Et
780 2601 834 2654 in
871 2601 1115 2673 Epistola
1172 2608 1243 2661 ad
1297 2606 1602 2667 Trallianos
1659 2615 1791 2670 dicit
1845 2617 2051 2687 inﬁdeli

470 2686 782 2744 deteriorem
810 2709 940 2762 esse,
968 2697 1059 2768 qui
1084 2699 1280 2754 audeat
1313 2701 1518 2773 aliquid
1542 2706 1687 2760 circa
1713 2686 1912 2764 altaris
1939 2712 2046 2764 nti-

471 2778 749 2836 nisterium
777 2785 974 2854 facere,
1007 2791 1110 2844 nisi
1130 2797 1421 2863 cpiscopus,
1446 2806 1539 2850 aut
1563 2800 1833 2869 presbyter
1863 2802 2044 2872 fuerit.

471 2867 537 2923 l'lt
557 2872 721 2940 paulo
743 2886 864 2944 post
901 2878 1077 2934 locum
1115 2885 1182 2937 de
1213 2886 1407 2952 poculo
1435 2887 1800 2947 eueharistico
1825 2894 2047 2949 univer-

467 2960 546 3016 sis
573 2962 868 3022 distributo
898 2985 964 3026 es
993 2971 1232 3042 Epistola
1259 2978 1325 3031 ad
1356 2977 1839 3052 Philadelplteuses
1870 2986 2045 3042 addu-

463 3062 614 3108 ctum
665 3060 900 3126 appellat
952 3077 1194 3132 apertum
1242 3071 1604 3127 testimonium
1658 3074 1893 3147 Ignatii,
1949 3081 2041 3150 qui

462 3141 691 3200 J0annis
724 3147 1078 3222 Evangelistte
1115 3157 1409 3229 discipulus
1436 3163 1561 3232 fuit.

531 3235 846 3299 Perkinsius
871 3255 1053 3302 autem
1083 3259 1301 3308 nostras
1325 3253 1705 3314 Wbitakerum
1735 3261 1951 3318 interim
1982 3266 2038 3320 ln

460 3327 607 3383 hunc
638 3333 860 3387 modum
909 3339 1200 3406 sequitur:
1254 3341 1512 3402 Eusebius
1559 3365 1678 3402 cum
1717 3350 2039 3424 Hieronymo

457 3431 651 3488 septem
677 3422 880 3494 lgnatii
901 3445 998 3496 pro
1027 3433 1159 3485 veris
1187 3439 1482 3491 numeravit
1508 3442 1795 3507 epistolas:
1828 3459 2037 3504 atnunc

455 3517 551 3568 sub
574 3516 721 3571 illius
740 3521 949 3576 nomine
986 3524 1249 3580 habentur
1281 3529 1581 3600 duodecim,
1621 3551 1848 3605 quarum
1881 3541 2038 3610 quiu-

453 3619 552 3669 que
605 3610 801 3676 spuria:
864 3624 1006 3667 sunt.
1042 3613 1225 3670 Etiam
1259 3617 1502 3688 Epistolis
1538 3626 1608 3678 ad
1657 3625 1908 3695 Ephesios
1939 3642 2034 3685 aut

451 3697 639 3763 spuria
677 3709 776 3766 est,
818 3714 910 3756 aut
938 3705 1124 3759 saltem
1157 3722 1438 3781 corrupta;
1473 3717 1600 3786 quia
1629 3719 1777 3773 locus
1808 3738 1841 3774 a
1869 3721 2033 3776 Theo-

451 3787 634 3842 cloreto
657 3800 707 3843 et
733 3791 945 3847 Gelasio
983 3812 1048 3850 ea:
1075 3798 1170 3853 illa
1199 3801 1396 3858 citatus
1428 3806 1482 3858 in
1534 3811 1727 3864 nostris
1757 3815 2029 3885 exempla-

449 3877 597 3931 ribus
628 3895 728 3934 non
756 3883 1038 3942 invenitur.

523 3970 763 4030 Thomas
785 3975 1040 4036 Bilsonus
1081 3992 1316 4050 nostras,
1346 3987 1430 4041 vir
1455 3993 1640 4063 magni
1689 3993 1741 4049 in
1781 3996 2025 4058 Ecclesia

449 4062 710 4130 numinis,
737 4065 805 4123 de
827 4080 1087 4138 perpetua
1132 4076 1527 4144 gubernatione
1561 4062 1830 4142 Ecclesia:
1881 4093 2022 4146 seri-

447 4152 557 4219 psit
591 4152 712 4210 i’use
762 4165 927 4228 atque
958 4163 1202 4232 erudite;
1230 4165 1292 4219 S.
1333 4166 1602 4240 lgnutiunt
1652 4185 1834 4233 autem
1867 4180 1919 4235 in
1954 4199 2022 4239 eo

444 4256 614 4310 opere
641 4253 702 4300 ut
729 4245 1099 4307 indubitatum
1148 4266 1428 4314 auctorem
1463 4261 1779 4333 frequenter
1808 4271 2016 4342 laudat,

441 4341 497 4386 et
540 4331 672 4388 dum
726 4337 783 4390 in
829 4340 968 4394 vivis
1013 4353 1178 4410 esset,
1228 4361 1324 4402 eas
1357 4349 1504 4418 ipsas
1543 4331 1823 4424 epistolas,
1877 4331 2018 4430 quas

2169 1876 2268 1932 tiat
2297 1893 2309 1930 :
2342 1875 2653 1933 Rationibus
2680 1896 2735 1933 tn
2761 1897 2966 1936 omnem
2996 1893 3199 1950 partem
3228 1887 3386 1954 probe
3430 1889 3742 1959 diligenter-

2165 1984 2264 2036 que
2291 1971 2557 2033 ezcussis,
2583 1971 2637 2024 in
2669 1973 2880 2026 tertiam
2902 1975 3143 2029 nonnulli
3171 1989 3497 2034 secesserunt
3530 1994 3741 2038 sentcn-

2166 2064 2338 2131 tiam,
2391 2075 2791 2138 statueruntque
2848 2087 2958 2126 esse
3009 2074 3218 2143 quidem
3269 2078 3522 2144 epistolas
3579 2081 3737 2135 hasce

2163 2151 2388 2224 Ignatii,
2426 2157 2518 2211 sed
2563 2159 2923 2225 adulteratas,
2951 2163 3041 2216 sed
3088 2164 3457 2235 interpolatas.
3492 2167 3733 2234 Quorum

2161 2245 2216 2299 in
2233 2247 2440 2315 judicio
2463 2260 2512 2303 et
2539 2267 2631 2304 nos
2655 2253 3058 2321 acquiescimus.

2229 2337 2562 2396 Possevinus
2609 2352 2791 2397 autem
2819 2346 3104 2403 adlnerens
3139 2346 3374 2404 Baronio
3409 2367 3423 2403 :
3453 2351 3600 2406 Licet
3668 2352 3729 2408 S.

2158 2428 2538 2500 Hieronymus,
2575 2433 3006 2503 inquit,-tantum
3055 2443 3350 2495 meminerit
3386 2453 3579 2510 septem
3615 2448 3734 2514 epi-

2153 2520 2436 2588 stolarum,
2469 2521 2746 2578 duodecim
2778 2534 2954 2579 tamen
2997 2527 3143 2580 haud
3183 2529 3359 2584 dubia!
3409 2532 3533 2600 ﬁdei
3565 2534 3729 2588 habe-

2153 2628 2290 2666 mus.
2315 2610 2447 2678 Quae
2474 2630 2594 2670 vero
2622 2623 2726 2669 tres
2749 2617 2874 2671 alia:
2897 2618 3161 2687 feruntur,
3182 2621 3284 2674 etsi
3306 2637 3405 2674 non
3431 2632 3542 2676 tam
3569 2636 3730 2682 certe!

2151 2705 2276 2773 fidei
2308 2715 2452 2771 sunt,
2479 2708 2713 2759 citantur
2732 2717 2906 2762 tamen
2930 2726 2962 2762 a
2990 2709 3048 2764 S.
3073 2711 3379 2778 Bernardo;
3403 2730 3493 2768 nec
3513 2716 3729 2784 defuere

2147 2804 2265 2864 post
2297 2795 2452 2849 illum
2481 2797 2582 2851 viri
2614 2799 2778 2865 docti,
2804 2800 2896 2870 qui
2953 2803 3192 2871 ipsarum
3239 2804 3606 2858 meminerunt.
3658 2805 3729 2860 Et

2146 2887 2387 2944 Jacobus
2417 2888 2707 2947 Gretserus
2738 2893 2928 2948 eadem
2974 2910 3160 2963 presse
3210 2896 3458 2966 sequitur
3493 2897 3726 2967 vestigia

2145 2979 2212 3035 de
2233 2980 2522 3036 duodecim
2568 2982 2816 3052 epistolis
2864 2986 3150 3055 genuinis;
3180 3003 3416 3056 quarum
3446 2986 3727 3047 Vindicias

2143 3070 2212 3125 ab
2266 3072 2457 3126 eodem
2513 3073 2745 3143 scriptas
2767 3075 2966 3130 alicubi
2999 3076 3168 3134 latere
3210 3087 3440 3135 testatur
3470 3096 3528 3138 se
3555 3083 3723 3137 audi-

2065 3139 2108 3197 (ἶ
2142 3161 2285 3216 visse
2313 3161 2596 3233 Philippus
2624 3139 2914 3222 Labbaaus.

2215 3251 2354 3308 Tum
2393 3271 2521 3309 vero
2545 3254 2810 3312 Martialis
2842 3255 3157 3324 Mestneus,
3211 3260 3407 3316 doctor
3434 3260 3720 3315 Parisien-

2140 3346 2217 3403 sis
2261 3347 2355 3417 qui
2383 3345 2648 3416 lgnatium
2682 3348 2858 3417 ipsum
2885 3349 3056 3404 edidit
3097 3359 3153 3405 et
3193 3352 3342 3408 notis
3393 3353 3716 3416 illustravit,

2141 3449 2252 3495 tres
2279 3438 2502 3494 Latinas
2530 3439 2585 3494 in
2614 3439 3132 3496 Commentationum
3158 3445 3581 3514 apocrypharunt
3605 3461 3716 3498 uu-

2138 3547 2293 3587 mero
2327 3533 2561 3588 collocat
2584 3549 2598 3597 ;
2621 3532 2858 3602 reliquas
2895 3533 3184 3589 duodecim
3209 3553 3489 3607 germanas
3515 3548 3565 3591 et
3599 3553 3717 3591 sere

2135 3641 2327 3679 aureas
2357 3623 2558 3694 Ignatii
2592 3623 2864 3694 Epistolas
2911 3626 3187 3695 praedicat,
3232 3629 3326 3683 sed
3355 3631 3420 3681 ab
3447 3629 3714 3684 ha’reticis

2132 3727 2180 3773 et
2217 3737 2249 3772 a
2296 3717 2553 3774 erculis
2609 3718 2989 3788 posterioribus
3040 3719 3239 3774 alicubi
3280 3721 3624 3790 interpolatas
3657 3736 3710 3778 et

2131 3811 2448 3880 depravatas
2484 3809 2703 3866 fatetur.

2200 3902 2467 3973 Georgius
2514 3901 2832 3961 Dounamus
2883 3914 3142 3972 nostras,
3192 3906 3276 3960 vir
3327 3905 3707 3975 doctissimus,

2129 4011 2272 4064 saepe
2310 3996 2691 4052 schismaticos
2715 4006 2770 4052 et
2801 3998 2886 4053 sui
2935 4007 2990 4052 et
3020 3999 3216 4068 prioris
3243 3999 3426 4054 saeculi
3456 4012 3704 4064 accusat,

2126 4086 2276 4156 quod
2319 4103 2465 4142 nunc
2491 4089 2688 4156 lgnatii
2740 4091 3052 4146 testimonia
3078 4091 3131 4144 in
3160 4106 3261 4146 sua
3290 4107 3458 4147 causa
3485 4106 3706 4163 urgent,

2124 4196 2273 4236 nunc
2321 4180 2582 4250 epistolas
2611 4181 2732 4249 ejus
2763 4189 3023 4251 tanquam
3067 4182 3283 4252 spurias
3324 4183 3614 4253 rejiciunt;
3645 4197 3706 4240 et

2123 4285 2326 4344 septem
2358 4274 2481 4330 illas
2507 4275 2576 4329 ab
2602 4274 2838 4330 Eusebio
2876 4284 3206 4332 memoratas
3235 4276 3428 4331 doctas
3474 4287 3528 4332 et
3578 4279 3702 4347 pias

2122 4367 2384 4436 appellat;
2410 4383 2548 4436 quas
2569 4368 2654 4422 vel
2683 4368 2804 4422 ideo
2828 4367 2979 4438 rejici
3009 4384 3116 4425 non
3138 4384 3301 4438 posse
3325 4369 3423 4436 ait,
3455 4370 3602 4440 quod
3625 4373 3699 4427 ab

441 4423 593 4491 citat,
620 4427 912 4498 scripsisse
945 4435 1357 4494 sanctissimum
1382 4441 1536 4499 illum
1584 4456 1879 4520 martyrem
1927 4452 2012 4506 al—
2047 4473 2090 4528 ι)
2120 4423 2354 4514 Eusebio
2382 4467 2776 4516 memorentur.

440 4518 641 4578 tirmat.
673 4521 834 4582 Hunc
852 4537 1033 4586 tamen
1051 4531 1326 4592 Parkerus
1351 4547 1412 4594 ut
1437 4518 1777 4602 dubitantem
1806 4547 2011 4608 frustra

436 4621 492 4664 et
519 4610 656 4668 falso
689 4618 962 4687 producit,
1010 4623 1508 4700 doetissimumque
1559 4639 1845 4703 praesulem
1877 4641 2013 4698 mire

435 4699 827 4762 calumniatur.
859 4707 1106 4781 Thomas,
1141 4713 1338 4785 inquit,
1365 4719 1620 4779 Bilsonus
1649 4727 1702 4781 in
1720 4730 2008 4788 canonibus

433 4795 798 4858 apostolorum
831 4802 1082 4869 fidentior
1106 4817 1185 4861 est
1227 4827 1388 4878 quam
1425 4815 1478 4867 in
1514 4815 1748 4886 lgnatio.
1777 4821 2008 4882 Observa

431 4887 668 4942 eumdem
693 4901 874 4947 notam
925 4896 1178 4954 inussisse
1210 4901 1454 4972 Ignatio,
1484 4923 1643 4976 quam
1693 4917 2004 4987 canonibus,

427 4977 645 5034 laudem
679 4998 798 5039 vero
826 4992 1100 5044 vetustatis
1146 4995 1454 5052 attribuisse
1481 5002 1795 5071 canonibus,
1842 4977 2004 5076 quani

428 5070 633 5142 Ignatii
658 5077 898 5146 epistolis
929 5099 1032 5138 non
1075 5087 1354 5158 attribuit,
1385 5107 1506 5148 cum
1539 5097 1709 5156 dicit:
1749 5070 2002 5161 Canones

421 5164 519 5232 qui
537 5165 799 5224 dicuntur
820 5176 1220 5244 apostolorum,
1243 5193 1424 5251 aperte
1448 5185 1619 5241 innuit
1647 5205 1736 5245 eos
1762 5191 2000 5262 ipsorum

421 5260 790 5327 apostolorum
819 5266 1036 5323 minime
1058 5273 1200 5340 esse',
1232 5275 1395 5330 sicuti
1441 5278 1573 5335 alibi
1602 5260 1790 5352 aperte
1821 5285 1995 5355 docet,

417 5350 541 5444 pari
580 5354 840 5444 ratione,
883 5375 1004 5414 cum
1044 5362 1210 5419 dicit:
1263 5365 1523 5437 Epistolas
1567 5350 1692 5444 quas
1743 5350 1997 5436 feruntur

411 5437 634 5509 'lgnatii,
674 5461 766 5500 eas
800 5445 1006 5519 Ignatii
1055 5469 1161 5509 non
1189 5474 1302 5513 esse
1356 5437 1716 5520 subinsitiuat.
1761 5469 1830 5524 At
1878 5470 1995 5528 hinc

413 5551 568 5591 mera
589 5547 676 5594 est
694 5541 990 5611 calumnia,
1030 5561 1150 5617 quae
1189 5553 1457 5620 proximis
1509 5558 1753 5631 episcopi
1810 5567 1991 5624 verbis

413 5627 719 5688 clarissime
770 5633 1056 5694 refutatur.
1090 5638 1286 5700 Statim
1315 5646 1462 5702 enim
1519 5627 1715 5707 additi
1741 5652 1986 5726 lgnatius

413 5717 640 5790 quippe,
683 5739 862 5781 eorum
912 5729 1204 5803 episcopus,
1229 5735 1397 5792 adhuc
1447 5740 1588 5798 rivus
1615 5754 1747 5812 erat,
1795 5757 1842 5801 ct
1897 5765 1985 5805 cas

2188 4549 2331 4606 Inter
2347 4551 2672 4606 Socinianos
2695 4550 3060 4623 Hieronymus
3078 4551 3457 4609 Moscorovius
3480 4553 3546 4609 de
3561 4568 3694 4609 vera

2114 4644 2312 4698 harum
2347 4645 2704 4714 epistolarum
2733 4646 3061 4715 antiquitate
3096 4645 3381 4700 dubitasse
3431 4645 3576 4700 haud
3607 4647 3692 4700 vi-

2109 4736 2292 4803 detur,
2318 4753 2441 4792 cum
2470 4738 2522 4792 in
2551 4739 2881 4794 refutatione
2907 4737 3242 4808 Appendicis
3268 4737 3490 4794 Martini
3542 4737 3690 4793 Sitti-

2110 4829 2264 4897 glecii
2294 4830 2408 4885 haec
2435 4831 2666 4885 habeat:
2706 4830 2895 4885 Verum
2923 4849 2983 4885 ne
3003 4833 3100 4885 hoc
3121 4834 3332 4903 quidem
3365 4851 3542 4888 verum
3569 4847 3676 4900 est;

2107 4922 2398 4990 primorum
2427 4923 2744 4977 saeculorum
2778 4923 2964 4980 Patres
3011 4941 3152 4994 eam,
3177 4943 3338 4997 quant
3362 4928 3466 4998 ipsi
3517 4928 3687 4998 profi-

2107 5023 2341 5082 teantur,
2365 5014 2678 5069 sententiam
2710 5016 3030 5086 prodidisse,
3058 5016 3204 5072 Nam
3252 5017 3495 5089 lgnatius
3518 5058 3535 5085 ,
3569 5017 3684 5073 Ρα-

2105 5113 2248 5159 trum
2283 5105 2425 5174 apud
2457 5104 2700 5172 Latinos,
2722 5123 2948 5176 quarunt
2972 5108 3184 5177 quidem
3212 5110 3414 5178 scripta
3441 5119 3677 5174 exstant,

2101 5197 2525 5262 vetustissimus,
2575 5199 2910 5267 apertissime
2961 5199 3162 5267 fatetur
3203 5201 3258 5254 in
3305 5200 3551 5272 Epistola
3603 5203 3678 5257 ad

2102 5288 2406 5356 Tarsenses,
2439 5290 2578 5361 quod
2607 5290 2852 5346 Christus
2882 5308 2987 5346 non
3039 5292 3113 5347 sit
3154 5293 3246 5350 ille
3287 5295 3380 5365 qui
3403 5305 3484 5350 est
3515 5311 3679 5364 super

2096 5384 2277 5438 omnia
2306 5382 2466 5447 Deus,
2491 5384 2582 5437 sed
2606 5381 2784 5439 Filius
2809 5386 2999 5454 ipsius.

2099 5488 2104 5492 '
2164 5473 2336 5532 lsaaci
2363 5486 2508 5532 certe
2531 5476 2867 5543 Casauboni,
2897 5488 3141 5533 veterum
3175 5479 3504 5550 scriptorum
3523 5484 3672 5552 peri-

2092 5567 2292 5624 tissimi
2322 5568 2548 5638 judicis,
2581 5572 2851 5627 sententia
2884 5571 2939 5626 in
2969 5572 3072 5628 hac
3115 5572 3284 5627 etiam
3330 5589 3500 5631 causa
3549 5593 3672 5632 nta-

2092 5661 2237 5718 xime
2262 5663 2522 5720 notanda.
2554 5663 2739 5732 Quare
2765 5664 3040 5721 Pariterus
3080 5666 3227 5722 hunc
3252 5669 3395 5724 inter
3434 5682 3528 5725 eos
3560 5686 3666 5725 nu-

2089 5763 2280 5821 merat,
2305 5771 2444 5826 quos
2463 5773 2654 5817 omnes
2677 5757 3140 5831 [gnatiicpistolas
3168 5759 3387 5818 tictitias
3409 5762 3666 5822 docuisse
