3868 6208
174 337 242 393 57
903 333 953 391 ι.
990 331 1354 390 ΡΕΑιιδοΝιι
1389 331 1712 390 VINDICIE
1750 331 1754 386 ἶ

1862 328 2167 388 ΓΑΤΙΑΝΑΕ.
2220 362 2287 373 -ο
2324 330 2742 389 Ριιυοιςιιιυιιι.
3386 327 3454 384 58

168 460 288 514 vult
317 477 332 515 ε
360 459 457 513 sed
488 459 597 513 hoc
626 466 681 513 et
713 457 960 514 sublesta
1003 457 1109 513 title
1156 457 1363 524 tradit,
1400 467 1456 512 et
1491 456 1772 512 levissimo
1801 460 1849 518 Α
1875 455 1955 510 vel
1980 457 2366 525 supposititias,
2395 454 2473 510 vel
2507 455 2641 524 [inde
2673 462 2951 523 corruptas
2985 447 3200 520 probari
3256 449 3447 518 possit.

167 560 502 621 argumento
542 550 780 606 suadere
802 559 1052 616 conatur,
1079 549 1227 620 quod
1273 548 1645 605 Casaubonus
1697 547 1766 604 de

165 645 352 714 prisca
382 642 651 698 Ecclesia:
684 643 976 713 disciplina
995 644 1214 699 locutus
1234 685 1250 710 ,
1294 643 1634 715 Cyprianum
1686 651 1767 696 te-

160 743 308 791 stem
341 735 624 802 adhibuit,
654 734 923 804 lgnatium
979 751 1090 790 non
1139 736 1476 792 nominavit:
1530 751 1656 792 cum
1707 734 1764 789 in

158 825 677 882 Exercitationibus
708 826 1035 882 Barouianis
1072 827 1130 882 S.
1163 826 1437 898 lgnatium
1469 843 1616 898 saepe
1644 828 1765 893 lau-

153 915 276 978 det,
314 925 372 969 et
398 917 793 972 nonnullarum
816 919 938 987 ejus
961 917 1334 988 Epistolarum
1380 920 1762 990 antiquitatem

154 1008 331 1064 novis
350 1009 666 1065 rationibus
689 1024 749 1065 se
771 1010 1038 1064 tuiturum
1055 1011 1384 1080 polliceatur
1409 1026 1424 1078 ;
1461 1027 1600 1080 quas
1625 1027 1766 1082 prae~

155 1110 388 1154 matura
421 1101 525 1155 viri
559 1101 987 1176 maximimorte
1012 1113 1234 1174 ereptas
1276 1103 1436 1158 nobis
1475 1103 1644 1158 tuisse
1665 1103 1766 1158 do-

153 1191 369 1247 lemus.

230 1280 346 1336 Sed
376 1299 518 1338 unus
549 1285 767 1354 quidam
798 1286 898 1352 vir,
930 1296 1123 1340 caetera
1165 1285 1532 1352 doctissimus,
1573 1298 1630 1341 ut
1683 1295 1763 1341 te-

153 1381 343 1427 statur
370 1374 656 1444 Vedelius,
684 1384 837 1430 extra
875 1393 1027 1432 omne
1076 1377 1294 1431 dubium
1330 1378 1479 1448 ponit
1523 1378 1763 1448 supposi-

155 1465 360 1518 tionem
397 1465 594 1520 Itarum
621 1467 1010 1537 epistolarunt:
1061 1469 1166 1522 imo
1199 1468 1375 1522 dicere
1421 1486 1527 1523 non
1563 1479 1768 1523 veretur

153 1551 446 1624 Ignatfum
478 1555 660 1610 nullas
690 1573 926 1628 unquam
954 1557 1208 1628 epistolas
1234 1560 1531 1628 scripsisse.
1557 1557 1634 1613 De
1661 1559 1765 1614 hoc

156 1645 276 1699 viro
302 1644 640 1702 doctissimo
667 1647 1008 1702 altercantur
1058 1647 1315 1704 doctores
1337 1649 1447 1704 duo
1470 1690 1486 1716 ,
1525 1647 1763 1704 Owenus

153 1745 208 1791 et
235 1735 660 1801 Hammondus;
696 1754 860 1810 quem
887 1740 1047 1810 quasi
1087 1756 1188 1796 nec
1217 1741 1442 1797 nomine
1489 1756 1590 1796 nec
1624 1741 1763 1797 scri-

153 1837 246 1898 pto
270 1839 471 1885 notum
501 1831 836 1900 producunt,
855 1841 910 1885 et
929 1848 1092 1901 quem
1124 1832 1463 1903 Anonymum
1493 1834 1754 1888 ineditum

155 1917 547 1978 Hammondus
583 1931 767 1978 vocat.
803 1921 881 1978 Ne
907 1922 1076 1993 igitur
1097 1939 1366 1979 numerus
1418 1923 1612 1995 lgnatii
1652 1925 1755 1980 lio-

154 2013 321 2068 stium
345 2023 647 2083 augeatur,
670 2024 727 2070 et
763 2024 963 2085 praeter
1001 2031 1098 2072 eos
1139 2032 1376 2087 quorum
1416 2018 1619 2088 scripta
1656 2034 1758 2073 no-

152 2105 358 2170 vimus,
393 2106 545 2160 alius
574 2106 799 2176 aliquis,
841 2105 1000 2178 isque
1045 2107 1446 2176 doctissimus,
1493 2109 1756 2180 epistolas

153 2193 318 2250 hasce
346 2195 579 2264 penitus
613 2195 936 2266 repudiasse
957 2205 1273 2264 censeatur,
1304 2197 1574 2254 ineditum
1601 2197 1756 2252 illum

151 2283 205 2340 lu
234 2285 423 2340 lucem
463 2287 921 2356 protrahendum,
957 2297 1012 2343 et
1039 2304 1201 2346 suum
1247 2304 1524 2362 anonymo
1555 2304 1756 2345 nomen

151 2377 498 2432 reddendum
521 2393 645 2435 esse
667 2379 951 2436 duximus.
976 2379 1075 2436 Est
1096 2390 1279 2436 autem
1304 2381 1396 2437 ille
1410 2390 1564 2437 extra
1593 2397 1759 2439 omne

152 2466 386 2522 dubium
444 2467 724 2526 Robertus
751 2469 1052 2540 Parkerus,
1083 2472 1475 2530 schismaticus
1520 2472 1752 2545 Anglus.

154 2556 356 2612 Omnia
381 2561 534 2614 enim
555 2576 679 2630 qua:
708 2560 970 2619 Vedelius
1003 2579 1035 2619 a
1065 2565 1185 2621 viro
1214 2564 1309 2619 illo
1332 2574 1528 2620 caetera
1555 2565 1755 2620 doctis-

154 2650 286 2703 simo
309 2651 466 2706 dicta
499 2651 729 2722 profert,
760 2654 817 2709 in
838 2635 1062 2712 Parkeri
1096 2657 1236 2712 libro
1263 2659 1506 2715 secundo
1535 2657 1614 2713 De
1659 2675 1756 2729 po-

156 2739 307 2794 litica
335 2743 712 2798 ecclesiastica
741 2747 922 2816 capite
942 2747 1157 2806 decimo
1188 2751 1348 2806 tertio
1382 2752 1753 2821 reperiuntur.

159 2829 270 2902 Ego
312 2849 441 2888 vero
473 2821 991 2910 Epistolas-Ignotii
1021 2856 1054 2894 a
1098 2842 1303 2896 nemine
1348 2857 1582 2914 unquam
1632 2853 1756 2898 ante

157 2924 454 2977 concilium
479 2923 769 2982 Nictenum
813 2931 1012 2986 citatas
1047 2932 1190 3000 dico,
1224 2934 1405 3006 inquit
1436 2934 1752 3004 Parkerus;

159 3027 280 3081 qua:
306 3015 482 3071 verba
507 3016 628 3073 viro
660 3035 763 3076 suo
797 3021 1119 3079 doctissimo
1151 3025 1346 3081 tribuit
1375 3025 1667 3096 Ve‘delius;
1699 3037 1754 3084 et

151 3119 282 3185 cum
316 3105 410 3161 his
438 3119 682 3178 opponat
737 3112 1114 3170 testimonium
1151 3113 1348 3171 Irenaei
1383 3135 1396 3171 :
1442 3115 1749 3188 Excipitur,
1779 3148 1822 3206 α

161 3200 364 3270 inquit,
415 3217 449 3253 a
491 3201 606 3256 uiro
635 3203 944 3259 doctissimo
979 3207 1154 3275 primo
1177 3249 1192 3275 ,
1227 3209 1292 3262 ab
1325 3206 1532 3264 Irenteo
1588 3213 1752 3266 etiam

165 3291 381 3346 Henna
409 3290 699 3349 Pastorem
732 3296 927 3365 citari,
961 3314 1115 3370 quem
1165 3308 1343 3355 tamen
1383 3301 1481 3355 sub
1529 3319 1753 3372 persona

161 3384 382 3439 Hermae
399 3385 586 3455 ﬁctum
610 3400 900 3458 agnoscunt
924 3407 1124 3446 omnes.
1146 3389 1324 3447 Verba
1353 3403 1477 3449 sunt
1512 3393 1748 3452 Parkeri.

161 3480 407 3533 Secundo
435 3483 653 3552 excipit,
691 3483 870 3554 inquit
899 3481 1176 3552 Vedelius,
1202 3484 1234 3538 Ι
1238 3502 1469 3540 remeam
1491 3504 1594 3542 non
1618 3488 1753 3543 alle-

158 3588 283 3642 gare
313 3570 606 3640 epistolam
628 3572 867 3648 aliquam
904 3573 1132 3646 Ignatii,
1159 3575 1250 3630 sed
1303 3585 1512 3631 tantum
1550 3579 1751 3634 dictum

157 3664 429 3733 quoddam
453 3663 784 3736 illius,quod
808 3675 920 3720 tum
949 3668 1446 3740 circumferebatur.
1470 3669 1541 3724 Et
1556 3671 1612 3725 id
1630 3673 1753 3728 inde

159 3755 376 3823 probat,
433 3758 563 3828 quia
608 3773 713 3812 non
766 3758 942 3812 utitur
989 3776 1134 3827 voce,
1191 3760 1436 3831 scripsit,
1467 3762 1560 3818 sed
1608 3781 1750 3848 voce,

160 3855 321 3910 dixit.
351 3854 500 3910 Sunt
527 3863 709 3910 autem
743 3865 798 3911 et
827 3857 944 3913 haec
995 3855 1244 3914 Parkeri.
1305 3856 1485 3914 Tertio
1506 3899 1522 3926 ,
1554 3860 1633 3914 ait
1674 3876 1754 3914 vir

161 3949 532 4015 doctissimus,
562 3949 687 4003 inde
715 3958 898 4018 patere
927 3951 1186 4020 epistolas
1238 3950 1335 4006 has
1360 3961 1473 4008 tum
1501 3954 1752 4024 temporis

161 4055 262 4092 non
301 4037 603 4104 exstitisse,
642 4038 781 4108 quod
831 4038 1044 4103 Patres,
1071 4048 1124 4094 et
1156 4041 1477 4095 nominatim
1507 4040 1752 4112 Epipha-

162 4131 304 4196 nius,
325 4130 680 4183 adversentur
713 4126 953 4199 Ignatio,
986 4139 1192 4200 tempus
1248 4130 1501 4202 baptismi
1549 4131 1754 4188 Christi

158 4232 276 4289 post
326 4220 913 4290 annumyrigesimum
967 4223 1234 4292 expletum
1260 4223 1565 4280 collocanti.
1625 4222 1753 4282 Haec

162 4311 424 4368 Yedelius
473 4327 542 4366 ex
580 4310 836 4368 Pal-hero.
883 4311 1128 4385 Denique
1157 4315 1339 4370 virum
1367 4316 1752 4375 doctissimum

161 4416 360 4476 putare
383 4401 464 4458 ait
491 4401 882 4458 Casaubonum
908 4418 1102 4461 omnes
1131 4403 1328 4476 lgnatii
1359 4408 1622 4479 epistolas
1664 4426 1754 4467 re-

1871 545 1936 602 Et
1957 563 2184 603 rursus:
2215 546 2429 610 Verum,
2459 556 2517 600 ut
2539 545 2847 600 concludam
2867 543 3074 613 paucis,
3091 550 3234 596 certo
3251 543 3447 597 certius

1868 648 1968 705 est,
1993 639 2089 694 has
2113 638 2366 708 epistolas
2391 638 2468 692 vel
2497 637 2868 708 supposititias
2901 651 3034 699 esse,
3066 635 3166 695 vel,
3191 633 3330 701 quod
3352 649 3449 685 su-

1868 745 1968 799 pra
2001 727 2362 799 morruidee
2384 737 2683 797 corruptas.
2725 725 3091 794 Quotcunque
3141 723 3306 794 igitur
3359 732 3453 777 aut

1869 834 2216 890 quaecunque
2266 819 2422 874 llrma
2487 818 2772 874 sententiae
2821 831 2935 872 sum
2957 815 3252 886 probandae
3285 830 3452 885 argu-

1868 920 2054 966 menta
2074 913 2256 966 attulit
2281 895 2482 980 (locus,
2507 911 2560 966 id
2585 918 2795 965 tantum
2833 924 3025 964 revera
3065 909 3302 978 probare
3333 925 3454 964 om-

1867 1003 1958 1057 nia
1986 1003 2217 1074 putavit,
2241 1003 2522 1073 Epistolas
2544 1001 2738 1074 Ignatii
2770 1010 2865 1056 aut
2891 1015 3015 1056 esse
3042 1000 3451 1070 supposititias,

1859 1079 1965 1147 "aut
1989 1103 2301 1162 corruptas.

1933 1185 2071 1241 Cum
2115 1187 2232 1242 hme
2276 1189 2349 1242 ita
2403 1202 2464 1243 se
2503 1187 2804 1254 haberent,
2851 1185 3109 1244 Nicolaus
3166 1184 3450 1250 Vedelius,

1863 1276 2146 1347 professor
2175 1276 2535 1341 Genevensis,
2563 1293 2678 1331 rem
2720 1285 2891 1331 totam
2922 1277 2991 1331 ad
3027 1293 3260 1333 examen
3292 1293 3450 1332 revo-

1863 1366 2044 1434 cavit;
2088 1367 2394 1437 apologiam
2431 1383 2527 1437 pro
2561 1367 2773 1438 lgnatio
2807 1368 3066 1437 scripsit,
3107 1383 3305 1423 novam
3334 1369 3450 1423 edi-

1861 1459 2067 1513 tionem
2119 1459 2458 1525 adornavit,
2511 1460 2999 1516 exercitationibus
3045 1470 3101 1516 et
3153 1461 3453 1531 appendice

1863 1549 2135 1621 Epistolas
2160 1551 2475 1607 illustravit.
2501 1550 2638 1608 Tres
2667 1553 2833 1622 igitur
2857 1552 2950 1607 ille
2972 1550 3199 1608 Latinas
3222 1553 3450 1607 omnino

1863 1642 2091 1712 rejecit,
2143 1643 2290 1712 quod
2343 1643 2502 1697 nimis
2534 1653 2719 1712 aperta
2768 1643 3010 1713 ipsarum
3053 1645 3346 1713 suppositio
3397 1647 3447 1700 ei

1863 1735 2160 1790 videretur.
2193 1733 2456 1806 Reliquas
2479 1735 2770 1790 duodecim
2801 1735 2856 1790 in
2888 1736 3028 1792 duos
3061 1737 3231 1792 libros
3253 1737 3450 1792 distin—

1861 1827 1958 1892 xit,
1988 1841 2226 1897 quorum
2259 1829 2409 1898 prior
2445 1827 2693 1883 continet
2735 1827 3001 1897 epistolas
3030 1826 3318 1898 genuinas,
3348 1842 3444 1896 po-

1861 1918 2060 1973 sterior
2111 1918 2518 1989 supposititias.
2595 1917 2879 1973 Genuinas
2927 1926 3140 1972 tantum
3198 1918 3449 1989 agnoscit

1859 2020 2065 2082 septem
2083 2012 2206 2069 illas
2225 2012 2294 2067 ab
2310 2011 2548 2067 Eusebio
2568 2022 2902 2068 memoratas
2919 2031 2933 2078 ;
2950 2012 3190 2081 reliquas
3203 2012 3449 2081 quinque

1859 2112 1952 2155 aut
1979 2118 2251 2172 perperam
2276 2103 2586 2171 inscriptas,
2613 2111 2706 2156 aut
2735 2103 2890 2172 plane
2931 2104 3298 2174 supposititias
3322 2118 3447 2159 esse

1859 2192 2068 2247 statuit.
2124 2191 2393 2250 Praeterea
2445 2195 2500 2248 in
2552 2196 2700 2266 ipsas
2750 2205 2956 2266 septem
3012 2198 3279 2267 genuinas
3334 2213 3444 2252 non

1855 2299 2031 2355 pauca
2055 2286 2345 2356 irrepsisse
2364 2286 2679 2342 stellionum
2701 2288 3194 2345 audacissimorum
3215 2289 3444 2358 vestigia

1857 2383 2110 2440 testatur,
2127 2392 2250 2447 quae
2275 2385 2336 2433 ut
2366 2393 2396 2432 a
2422 2378 2678 2449 genuinis
2701 2388 3009 2436 secerneret
3029 2395 3217 2435 curam
3233 2380 3443 2446 habuit,

1857 2476 1911 2524 et
1953 2469 2161 2525 notulis
2207 2470 2564 2540 quibusdam,
2597 2471 2652 2525 in
2689 2471 2936 2543 margine
2969 2473 3187 2543 positis,
3224 2489 3348 2543 quae
3377 2489 3445 2528 ex

1858 2562 2175 2633 conjectura
2223 2565 2479 2636 genuinis
2525 2565 2775 2636 epistolis
2815 2565 2886 2622 ab
2932 2565 3324 2637 interpolatore
3359 2568 3444 2623 iu-

1857 2662 2003 2711 serta
2031 2655 2281 2723 credidit,
2306 2656 2607 2727 jugulavit.

1925 2746 2110 2814 Quare
2155 2747 2408 2805 Andreas
2440 2749 2698 2819 Rivetus,
2725 2750 2856 2807 licet
2894 2752 2950 2806 in
2992 2752 3152 2807 tertia
3180 2752 3442 2816 editione,

1857 2837 2047 2893 Eritici
2075 2840 2220 2893 sacri
2258 2839 2496 2895 Censura
2531 2840 2752 2896 Roherti
2777 2840 2910 2897 Coci
2946 2841 3020 2897 sit
3048 2843 3289 2910 adjutus.
3327 2859 3443 2897 mo-

1855 2933 2264 2990 deratissimam
2297 2943 2482 2990 tamen
2529 2935 2858 2990 sententiam
2891 2936 3143 3005 amplecti
3177 2951 3234 2989 se
3271 2937 3444 3006 protl-

1858 3036 2020 3092 tetur,
2060 3027 2293 3094 scilicet,
2323 3044 2434 3082 esse
2463 3027 2741 3098 plerasque
2789 3027 3042 3098 epistolas
3100 3025 3322 3096 Ignatii,
3371 3028 3442 3082 ad

1856 3121 2134 3174 minimum
2167 3131 2394 3191 septem;
2434 3123 2523 3177 sed
2571 3123 2668 3176 hoc
2709 3132 2937 3192 tempore
2966 3140 3070 3176 non
3108 3121 3290 3176 haberi
3337 3123 3442 3176 nisi

1855 3211 2212 3280 adulteratas,
2249 3222 2300 3267 et
2344 3214 2526 3267 multis
2557 3215 2612 3268 in
2657 3214 2787 3268 locis
2826 3215 3196 3283 interpolatas.
3249 3212 3441 3279 Hanc,

1854 3302 2122 3373 inquam,
2174 3307 2491 3360 sententiam
2537 3306 2879 3375 amplectitur
2931 3306 3100 3375 fretus
3142 3305 3440 3359 rationibus

1855 3410 1974 3462 qua:
2025 3395 2147 3449 huic
2194 3396 2477 3465 ﬁrmanda:
2523 3411 2588 3450 ea:
2628 3397 2756 3466 ipsis
2787 3397 3025 3466 epistolis
3065 3399 3438 3452 desumuntur.

1855 3484 1922 3541 Et
1945 3485 2135 3542 Daniel
2166 3488 2498 3543 Chamicrus
2519 3529 2535 3554 ,
2586 3488 2641 3542 iu
2677 3489 3130 3558 responsionibus
3167 3490 3234 3544 ad
3265 3487 3442 3544 Testi-

1854 3581 2041 3632 monia
2076 3592 2107 3632 a
2137 3576 2468 3632 Bellarmino
2518 3577 2752 3632 adducta
2777 3621 2791 3646 ,
2828 3579 3206 3634 auctoritatem
3248 3577 3442 3650 lgnatii

1855 3683 2136 3738 nunquam
2168 3667 2423 3722 declinat.
2480 3665 2660 3721 Semel
2692 3677 2904 3722 tantum
2937 3667 3016 3722 ait
3048 3687 3061 3722 :
3098 3667 3342 3736 Epistola
3371 3669 3442 3724 ad

1855 3758 2228 3812 Antiochenses
2275 3757 2404 3811 viris
2440 3756 2611 3811 doctis
2657 3774 2758 3811 non
2795 3758 3003 3811 videtur
3033 3758 3291 3829 legitima,
3315 3761 3443 3829 quia

1855 3851 1922 3904 ab
1950 3848 2273 3919 Hieronymo
2299 3865 2402 3902 non
2427 3849 2686 3903 adnotata
2715 3848 2772 3902 in
2794 3865 2951 3904 censu
2977 3865 3194 3920 operum
3217 3849 3439 3921 Ignatii,

1855 3942 2090 4013 ipsisque
2122 3941 2255 3996 adeo
2285 3939 2543 3994 ueteribus
2571 3941 2640 3994 sit
2668 3940 2960 4010 incognita.

1928 4034 2122 4091 Daniel
2170 4032 2429 4090 Heinsius
2475 4033 2546 4090 ad
2591 4031 2807 4088 Novum
2864 4031 3278 4089 Testamentum
3325 4035 3441 4104 epi-

1857 4127 2028 4184 stolas
2061 4126 2334 4197 quasdam
2363 4141 2554 4181 earum
2591 4141 2714 4196 quae
2755 4125 2916 4180 edita:
2948 4134 3099 4191 sunt,
3126 4124 3319 4196 lgnatii
3354 4142 3442 4179 re-

1852 4231 1985 4272 vera
2011 4215 2182 4272 fuisse
2208 4214 2434 4282 indicat,
2461 4215 2599 4270 alias
2615 4230 2724 4270 non
2742 4215 2989 4270 item.Ad
3018 4213 3036 4267 l
3066 4213 3194 4269 Cor.
3216 4231 3306 4282 xv,
3333 4214 3400 4268 lO
3421 4255 3438 4270 .

1855 4309 2020 4366 Pauli
2054 4307 2284 4380 apostoli
2316 4323 2506 4378 parum
2533 4307 2764 4378 prudens
2794 4307 3058 4371 imitator,
3085 4307 3234 4375 cujus
3263 4322 3440 4360 omnes

1855 4391 2094 4474 epistola:
2116 4400 2211 4457 sub
2235 4399 2444 4472 Ignatii
2465 4400 2713 4472 leguntur
2736 4401 2969 4467 nomine,
2996 4416 3114 4454 cum
3136 4409 3185 4453 et
3209 4398 3442 4452 aliorum

157 4493 383 4562 iecisse,
404 4494 554 4564 quod
581 4491 842 4560 Parkero,
863 4509 1039 4564 neque
1057 4495 1148 4550 alii
1167 4496 1752 4570 cuiquam,tribuipo—
1781 4493 1827 4550 D
1853 4497 1982 4554 sint.
2028 4495 2108 4552 Ita
2151 4495 2244 4550 ille
2291 4493 2716 4550 subobscurius.
2757 4490 2864 4547 Sed
2912 4491 2981 4546 ad
3014 4493 3034 4546 l
3062 4491 3206 4545 Tim.
3245 4506 3316 4557 Iv,
3347 4489 3439 4556 l6,

163 4594 285 4640 test.
305 4584 431 4640 Non
447 4593 532 4639 est
547 4585 714 4656 igitur
729 4585 872 4640 alius
893 4584 1093 4640 Vedelii
1115 4588 1199 4641 vir
1224 4587 1575 4648 doctissimus
1590 4607 1757 4662 quam

163 4675 446 4731 Bobertus
472 4674 745 4730 Parkerus
779 4683 999 4731 nostras
1024 4717 1042 4745 ,
1073 4676 1556 4734 schismaticorum
1597 4697 1759 4752 cory-

159 4767 394 4837 phaaus;
422 4781 586 4836 quem
623 4764 884 4822 Vedelius
917 4781 1042 4822 cum
1069 4766 1311 4825 refutare
1336 4770 1517 4839 vellet,
1561 4780 1616 4827 et
1650 4771 1756 4829 Ge-

162 4857 428 4913 nevensis
473 4856 776 4927 disciplinae
807 4873 1086 4913 summum
1117 4869 1408 4929 patronum
1449 4861 1622 4920 fuisse
1649 4880 1754 4921 no-

161 4959 366 5015 sceret,
415 4949 646 5004 honoris
675 4963 842 5004 causa
873 4950 1160 5006 nominare
1191 4951 1388 5008 noluit.
1423 4952 1524 5009 Hic
1569 4964 1754 5012 autem

161 5038 446 5094 Parkerus
474 5037 731 5093 tredecim
755 5037 1064 5094 rationibus
1088 5039 1350 5108 epistolas
1395 5040 1588 5109 lgnatii
1614 5041 1754 5096 licti-

164 5131 271 5186 tias
287 5145 415 5185 esse
436 5129 670 5199 probare
698 5138 964 5184 conatur:
995 5129 1158 5200 cujus
1213 5129 1544 5202 coniecturis
1567 5131 1754 5189 Dallrei

163 5223 490 5280 dissertatio
518 5222 756 5306 maxime
794 5222 1125 5294 locupletata
1151 5233 1257 5280 est.

236 5313 374 5369 Post
415 5313 566 5368 hunc
616 5311 891 5369 Robertus
917 5311 1100 5370 Cocus
1118 5314 1286 5369 etiam
1335 5323 1556 5372 nostras
1580 5315 1754 5372 edidit

167 5406 467 5463 Censuram
513 5405 868 5475 quorumdam
911 5407 1235 5477 scriptorum
1288 5418 1537 5475 veterum,
1583 5423 1751 5480 quem

167 5517 282 5557 sua:
302 5499 375 5554 de
398 5497 612 5569 lgnatio
632 5512 881 5552 censurae
904 5498 1050 5553 hunc
1073 5499 1292 5555 titulum
1324 5501 1746 5572 praescripsisse,

172 5590 377 5673 lpuatii
393 5589 636 5659 epistola
665 5599 789 5642 sunt
816 5592 1198 5660 supposititiw,
1217 5594 1474 5648 observat
1491 5593 1747 5650 Dallaaus.

170 5682 236 5736 Et
265 5683 342 5736 ita
375 5681 600 5751 quidem
626 5680 867 5747 Titulus,
899 5683 993 5738 sed
1040 5683 1288 5739 Censura
1318 5684 1434 5754 ipsa
1475 5685 1646 5744 aliter.
1665 5687 1747 5742 lo-

171 5776 381 5844 quitur.
418 5772 539 5829 Non
557 5774 740 5830 desunt
771 5783 1084 5846 argumenta
1105 5775 1306 5844 valida,
1336 5777 1521 5847 quibus
1547 5795 1746 5850 omnes,

1856 4589 2020 4661 paulo
2047 4587 2286 4644 clarius:
2317 4587 2452 4652 Qua:
2479 4600 2580 4641 vox
2611 4585 2850 4655 (scilicet
2879 4583 3280 4656 βεϐαρημένον)
3306 4583 3443 4634 inter

1854 4699 1968 4749 eas,
1996 4697 2129 4753 quas
2162 4679 2424 4750 expressit
2459 4680 2550 4750 qui
2577 4677 2830 4748 epistolas
2862 4675 3088 4747 Ignatii,
3121 4685 3277 4745 atque
3305 4675 3443 4727 inter

1855 4789 1942 4828 eas
1967 4772 2242 4844 {quasdam
2271 4786 2376 4824 non
2419 4768 2594 4834 illius,
2627 4767 2838 4821 nomine
2870 4766 3008 4836 ejus,
3039 4781 3202 4835 neque
3247 4765 3437 4834 dignas

1851 4882 1914 4920 eo
1945 4863 2112 4919 dedit.
2143 4861 2420 4919 Gerardus
2435 4858 2679 4916 Joannes
2706 4857 2961 4922 Vossius,
3006 4856 3084 4911 De
3108 4855 3279 4910 natali
3300 4873 3438 4909 anno

1854 4953 2085 5023 Christi,
2121 4961 2254 5010 sect.
2286 4951 2393 5007 4i:
2432 4949 2544 5006 Alii
2588 4949 2900 5019 respondent
2944 4946 3147 5019 Ignatii
3183 4947 3438 5017 epistolas

1852 5062 1964 5101 esse
1987 5044 2379 5116 supposititias,
2413 5059 2506 5097 nec
2548 5041 2649 5095 ulli
2679 5049 2802 5095 ante
2839 5039 3123 5094 Nicwnum
3151 5037 3438 5093 concilium

1852 5144 2194 5192 memoratas.
2224 5133 2379 5189 Itane
2407 5150 2527 5188 vero
2546 5135 2572 5188 ?
2596 5133 2766 5198 Quasi
2790 5149 2892 5186 non
2925 5132 3222 5185 meminerit
3254 5146 3436 5183 earum

1855 5225 2094 5282 [renatus
2119 5224 2213 5281 lib.
2244 5241 2299 5294 v,
2328 5241 2447 5296 cap.
2470 5225 2562 5293 28,
2610 5234 2660 5279 et
2704 5240 2763 5279 eo
2787 5225 3062 5294 antiquior
3091 5223 3295 5293 ipsique
3338 5238 3437 5290 par

1853 5315 2072 5387 Ignatio
2093 5316 2448 5388 Polycarpus,
2489 5317 2631 5387 apud
2653 5315 2942 5371 Eusebium
2971 5314 3068 5369 lib.
3104 5330 3188 5380 ιιι,
3213 5330 3331 5375 cap.
3349 5310 3428 5375 λς.

1855 5407 1925 5463 Ut
1971 5409 2036 5464 de
2083 5407 2310 5479 Origene
2347 5411 2587 5474 taceam,
2629 5409 2718 5478 qui
2745 5408 3002 5479 quiddam
3028 5406 3152 5462 inde
3182 5405 3425 5469 adducit,

1851 5497 2036 5554 homil.
2062 5498 2096 5554 6
2122 5499 2180 5552 in
2201 5497 2426 5553 Lucam.

1921 5590 2118 5648 Petrus
2147 5600 2327 5646 autem
2355 5590 2592 5658 ﬂalloix,
2613 5589 2973 5658 Jesuita,non
3005 5601 3217 5646 tantum
3236 5604 3429 5645 omnes

1842 5683 2073 5740 'Grtecas
2097 5683 2366 5757 genuinas
2391 5692 2445 5740 et
2468 5698 2759 5754 germanas
2788 5699 2912 5740 esse
2939 5698 3171 5753 operose
3199 5689 3426 5736 conten-

1853 5780 1964 5847 dit,
2017 5779 2112 5837 scd
2164 5786 2220 5834 ct
2273 5778 2338 5835 de
2382 5778 2562 5863 tribus
2609 5775 2822 5837 Latinis
2869 5778 2942 5833 ita
2967 5775 3233 5848 judicium
3259 5788 3421 5830 suum
