3868 6208
447 319 521 376 sa
1499 309 1568 384 β.
1607 302 1955 366 lGNA’l‘lUS.
1993 331 2066 344 —
2101 293 2635 358 remouens.
3648 277 3726 336 oo

444 429 656 503 profert
685 445 702 484 :
753 428 868 485 Nec
908 428 990 484 ita
1027 432 1187 482 cerne
1208 431 1358 492 sunt,
1386 431 1444 478 ut
1488 420 1853 477 indubitatam
1879 416 2042 488 ﬁdem
2069 417 2114 473 Α
2141 416 2292 475 sunt,
2321 416 2486 476 atque
2509 404 2633 459 ideo
2659 399 2786 473 jure
2836 398 2921 455 vel
2952 397 3006 454 in
3039 394 3266 453 dubium
3300 393 3600 456 'vocantur,
3645 389 3725 491 vel

445 523 588 594 apud
633 538 812 578 omnes
861 530 1185 585 mereantur,
1227 534 1320 573 nec
1367 517 1447 570 ita
1488 516 1704 569 incerta:
1735 521 1794 566 ut
1827 524 2031 565 omnem

445 615 696 685 perdant.
715 612 886 667 Aliter
908 621 1095 666 tamen
1120 606 1415 679 Dionysius
1435 603 1713 667 Petavius,
1738 601 1865 655 licet
1891 597 2037 668 ejus-

445 705 572 762 dem
591 703 804 761 ordinis
824 721 840 760 :
859 703 1106 768 Constat,
1130 699 1330 770 inquit,
1354 712 1532 751 omnes
1559 693 1761 766 Ignatii
1783 688 2033 762 epistot'as

445 796 798 866 interpolatas
850 794 1036 863 fuisse.
1073 789 1220 845 Nam
1264 789 1515 860 pleraque
1555 802 1622 841 ea:
1648 785 1760 839 illis
1803 783 1923 836 loca
1967 778 2033 834 ab

447 889 685 960 antiquis
723 887 952 942 laudata
982 884 1064 939 vel
1098 883 1157 938 in
1189 883 1266 938 eis
1311 881 1528 936 minime
1567 878 1928 951 reperiuntur,
1957 871 2035 929 vel

447 981 602 1051 longe
631 979 793 1034 aliter
823 985 1099 1047 concepta.

518 1073 586 1130 Et
619 1073 859 1142 denique
888 1070 1048 1126 Wale
1078 1068 1413 1125 Messalinus
1441 1085 1456 1122 :
1491 1065 1647 1136 Apud
1701 1081 1782 1119 me
1826 1071 2037 1119 constat

447 1182 632 1222 omnes
655 1164 782 1220 illas
813 1162 1017 1235 Ignatii
1043 1161 1294 1233 epistolas
1339 1159 1710 1230 supposititias
1753 1174 1903 1224 esse,
1957 1154 2036 1210 vel

448 1265 588 1312 certe
606 1255 790 1310 multis
815 1254 946 1308 locis
973 1252 1347 1323 interpolatas,
1373 1259 1428 1306 et
1455 1251 1640 1320 aliqua
1671 1248 1886 1316 recitat,
1913 1261 2039 1317 qua:

447 1347 580 1400 satis
608 1346 877 1411 evincunt,
909 1343 1107 1414 inquit,
1133 1359 1239 1398 non
1282 1358 1434 1412 posse
1477 1340 1615 1394 illud
1657 1355 1786 1409 opus
1827 1340 2037 1393 auctori

447 1453 603 1507 quem
645 1437 932 1492 ementitur
974 1435 1194 1490 ascribi.
1221 1432 1302 1488 Ac
1332 1448 1566 1489 rursus:
1620 1430 1882 1500 Epistola:
1925 1429 2038 1484 illa:

449 1538 595 1585 nam
611 1539 660 1584 et
686 1530 978 1599 supposita:
997 1528 1246 1583 videntur
1260 1527 1407 1581 circa
1427 1525 1665 1590 initium,
1683 1532 1776 1577 aut
1802 1523 2038 1577 medium

449 1622 667 1676 secundi
695 1623 905 1689 saeculi,
934 1637 1038 1692 quo
1087 1630 1320 1690 tempore
1349 1618 1555 1688 primus
1596 1614 1889 1686 singularis
1925 1615 2038 1685 epi-

450 1720 696 1780 scopatus
723 1727 887 1781 supra
919 1709 1340 1780 presbyteratum
1370 1707 1705 1763 introductus
1736 1715 1834 1761 est.

1062 1865 1295 1922 CAPUT
1334 1865 1424 1924 Ν.

453 1978 736 2036 Stricturae
767 1981 1011 2051 quwdam
1047 1981 1303 2036 auctoris.
1331 1980 1475 2046 Quid
1496 1981 1561 2035 de
1581 1981 1744 2036 uariis
1765 1980 2036 2036 hominum

896 2051 1115 2118 iudiciis
1145 2052 1473 2106 sentiendum
1494 2053 1585 2106 sit.

522 2162 820 2236 Hucusque
853 2167 1096 2223 virorum
1130 2166 1418 2222 doctorum
1455 2166 1707 2238 judicia,
1746 2167 1862 2223 sive
1903 2179 2038 2222 con-

448 2254 674 2326 jecturae
729 2258 908 2327 potius
950 2273 1256 2328 progressae
1305 2269 1464 2326 sunt,
1511 2259 1642 2316 dum
1689 2260 1891 2326 editio,
1925 2273 2036 2314 una

457 2344 670 2412 Graeca,
705 2347 832 2402 licet
864 2363 932 2402 ex
959 2347 1178 2404 duobus
1214 2363 1350 2406 mss.
1384 2350 1818 2419 exemplaribus,
1849 2359 1904 2406 et
1927 2365 2038 2406 una

451 2440 617 2494 etiam
663 2439 1040 2512 interpretatio
1064 2439 1265 2496 Latina
1295 2451 1474 2511 vetus,
1507 2442 1585 2498 illi
1620 2443 1757 2499 satis
1788 2452 1912 2512 apte
1952 2458 2040 2498 re-

453 2531 752 2598 spondens,
791 2540 888 2586 aut
917 2531 985 2586 ab
1017 2532 1140 2588 aliis
1180 2533 1248 2590 ad
1286 2533 1508 2592 Graecos
1548 2535 1672 2592 illos
1706 2535 1924 2592 codices
1952 2550 2040 2591 re-

452 2616 708 2685 formata,
740 2629 1013 2689 exstaret;
1063 2623 1132 2677 de
1178 2623 1384 2694 quibus
1436 2625 1806 2694 coniecturis,
1856 2626 2041 2695 prius-

452 2726 618 2782 quam
648 2713 878 2769 ulterius
901 2716 1344 2786 progrediamur,
1362 2717 1629 2774 nonnulla
1655 2719 1817 2774 nobis
1849 2728 2040 2775 notatu

453 2815 565 2855 non
591 2801 813 2873 indigna
839 2804 1020 2859 visum
1041 2814 1126 2861 est
1155 2807 1468 2863 observare.

522 2891 729 2959 Primo,
761 2897 1028 2952 sententia
1059 2899 1366 2955 decretoria
1410 2899 1636 2956 Parkeri
1667 2909 1721 2956 et
1759 2899 2042 2969 Salmasii,

453 2985 549 3056 qui
601 2994 852 3043 statuunt
899 3004 1093 3046 omnes
1136 2991 1399 3060 epistolas
1447 2993 1551 3048 sub
1597 2994 1822 3048 nomine
1844 2993 2038 3066 lgnatii

2137 499 2302 556 etiam
2357 497 2518 568 plane
2576 493 2932 564 rejiciuntur:
2970 490 3132 560 idque
3161 501 3270 541 non
3314 492 3546 549 tantum,
3585 481 3725 552 quia

2137 589 2438 646 verisimile
2465 602 2577 642 non
2608 593 2712 648 est,
2743 598 2839 639 eas
2867 578 3246 646 Eusebium,si
3270 575 3390 647 ejus
3415 589 3529 630 sevo
3550 580 3726 629 exstr-

2139 683 2360 749 tissent,
2397 681 2570 735 latere
2613 677 2883 748 potuisse,
2920 682 3014 730 aut
3041 673 3112 728 ab
3137 671 3350 737 eodem,
3383 668 3429 724 si
3463 667 3568 738 ipsi
3617 681 3723 721 co-

2139 774 2306 846 gnitaz
2333 779 2538 836 essent,
2567 767 2873 841 praeteriri;
2909 764 3005 820 sed
3033 764 3197 819 etiam
3226 762 3354 832 quia
3387 760 3472 815 vel
3497 758 3568 813 ob
3591 772 3724 812 mo-

2137 867 2270 923 dum
2297 863 2580 937 loquendi,
2612 862 2683 917 al)
2724 858 3049 916 Eusebianis
3076 856 3308 910 multum
3345 853 3727 922 discrepantes

2139 967 2436 1034 apparent,
2472 958 2558 1012 vel
2589 955 2659 1011 ob
2693 952 3001 1018 materiam,
3030 949 3296 1005 doctrinae
3319 988 3335 1014 ,
3367 944 3634 1000 institutis
3661 951 3727 997 et

2137 1046 2388 1109 moribus
2430 1046 2756 1120 posterioris
2804 1042 3064 1099 Ecclesiae
3115 1039 3292 1110 magis
3341 1051 3618 1101 consonae,
3660 1041 3727 1088 et

2139 1144 2436 1216 Ignatianis
2453 1138 2691 1196 Eusebio
2709 1135 3026 1192 memoratis
3052 1131 3167 1189 sola
3188 1129 3514 1194 imitatione,
3539 1140 3725 1196 eaque

2141 1237 2308 1292 nimis
2339 1233 2617 1297 aﬂ‘ectata,
2649 1229 2879 1286 similes.

2138 1360 2157 1375 ν
2211 1330 2440 1398 Quarto,
2468 1333 2616 1381 recte
2645 1321 3090 1378 animadversum
3115 1323 3200 1372 est
3226 1330 3257 1372 a
3291 1309 3726 1384 quamplurimis

2139 1423 2303 1480 etiam
2333 1420 2456 1475 illas
2487 1423 2696 1487 septem
2728 1410 3150 1483 antiquissimas
3183 1416 3239 1462 et
3261 1404 3499 1461 maxime
3524 1400 3726 1472 genui-

2140 1533 2242 1574 nas
2269 1512 2531 1589 epistolas
2559 1510 2614 1564 in
2645 1507 2886 1563 editione
2919 1503 3108 1559 Graeca
3137 1509 3267 1554 tunc
3296 1494 3557 1565 temporis
3591 1492 3721 1548 vul-

2139 1620 2298 1685 gata,
2346 1603 2705 1674 interpolatas
2740 1608 2795 1654 et
2817 1606 3106 1666 corruptas
3151 1592 3357 1658 fuisse;
3400 1589 3561 1659 idque
3589 1601 3722 1642 cum

2139 1677 2262 1758 loca
2282 1677 2322 1756 7a
2351 1697 2632 1754 veteribus
2664 1691 2921 1748 Patribus
2951 1685 3207 1752 adducta,
3237 1699 3360 1754 qua:
3397 1681 3453 1735 in
3493 1695 3555 1735 ea
3600 1677 3725 1733 edi—

2065 1765 2108 1822 B
2141 1797 2288 1850 tione
2315 1799 2410 1847 aut
2452 1805 2562 1844 non
2609 1791 2945 1854 comparent,
2971 1787 3067 1834 aut
3101 1793 3210 1832 non
3243 1783 3386 1830 recte
3412 1786 3722 1842 repraesen-

2139 1895 2343 1952 tantur,
2378 1891 2492 1939 tum
2521 1880 2629 1935 alia
2661 1877 2825 1931 etiam
2859 1889 2967 1929 non
2995 1885 3191 1944 pauca,
3216 1883 3338 1939 quae
3367 1880 3543 1936 neque
3571 1863 3722 1917 anti-

2137 1977 2357 2050 quitati,
2377 1988 2553 2044 neque
2575 1967 2859 2026 sententiae
2887 1963 2948 2019 S.
2963 1962 3156 2034 lgnatii
3185 1965 3518 2030 congruunt,
3540 1967 3728 2024 neque

2137 2069 2314 2126 tenori
2367 2065 2726 2138 epistolarum
2778 2060 2913 2119 satis
2955 2055 3342 2115 convenienter
3374 2051 3720 2113 inseruntur,

2136 2162 2362 2233 planum
2388 2158 2619 2215 faciunt.

2208 2251 2436 2319 Quinto,
2462 2246 2737 2304 industria
2779 2241 3011 2308 Vedelii,
3043 2255 3211 2312 quam
3261 2237 3328 2294 ad
3372 2237 3492 2291 loca
3523 2233 3577 2288 in
3605 2229 3727 2301 epi-

2137 2345 2294 2404 stolis
2341 2341 2583 2397 Eusebio
2621 2335 2944 2394 memoratis
2988 2343 3245 2403 corrupta
3296 2339 3351 2384 et
3398 2325 3726 2396 interpolata

2138 2435 2467 2503 indicanda,
2508 2444 2564 2490 et
2614 2447 2646 2487 a
2698 2429 2957 2502 genuinis
2997 2423 3331 2483 secernenda
3369 2420 3638 2483 adhibuit,
3671 2419 3727 2472 si

2138 2542 2397 2587 conatum
2452 2534 2794 2598 spectemus,
2839 2518 3134 2585 laudanda,
3189 2517 3234 2572 si
3293 2522 3572 2575 eventum,
3604 2511 3728 2565 sive

2139 2633 2480 2685 successum,
2503 2615 2656 2686 parvi
2678 2613 2900 2685 quidem
2924 2607 3242 2668 aestimanda
3263 2605 3528 2660 videatur.
3544 2599 3730 2656 Tanta

2138 2713 2287 2768 enim
2331 2709 2612 2781 diligentia
2663 2708 2770 2762 hoc
2833 2703 3053 2758 tandem
3105 2699 3359 2754 effectum
3409 2704 3514 2764 est,
3540 2703 3602 2751 ut
3649 2707 3731 2747 ex

2140 2817 2250 2858 una
2299 2809 2454 2872 parte
2499 2800 2705 2854 inserta
2733 2804 2789 2852 et
2830 2791 3159 2864 interpolata
3188 2790 3449 2861 pleraque
3493 2794 3731 2858 praeter-

2140 2894 2450 2960 mittantur,
2485 2907 2551 2946 ac
2601 2905 2701 2962 pro
2733 2886 3004 2960 genuinis
3052 2883 3422 2947 retineantur;
3451 2895 3517 2934 ex
3547 2878 3730 2933 altera

2139 2999 2295 3050 vero,
2326 2998 2585 3054 germana
2615 2992 2780 3051 atque
2825 2977 3064 3049 genuina
3093 2972 3418 3044 saepiuscule
3447 2984 3545 3040 pro
3573 2968 3732 3024 asci-

455 3077 630 3134 editas
651 3119 666 3144 ,
692 3094 816 3136 esse
862 3081 1025 3152 plane
1074 3084 1456 3154 supposititias
1475 3126 1490 3152 ,
1532 3086 1762 3141 minime
1813 3063 2038 3142 ferenda
2066 3115 2110 3174 C
2143 3075 2280 3131 ιίιίὶε
2304 3083 2564 3129 notem“?
2592 3082 2647 3127 οι
2674 3069 3016 3140 relicum“.
3043 3063 3306 3133 QuamViS
3334 3063 3500 3133 ἱείιιιι·
3527 3076 3734 3131 quam‘

452 3177 571 3224 est:
607 3178 723 3225 tum
761 3171 908 3243 quod
950 3187 1143 3228 eorum
1173 3187 1494 3246 argumenta
1533 3177 1670 3232 nihil
1700 3178 1848 3234 aliud
1885 3180 2039 3235 evin-

454 3271 588 3319 cunt
614 3279 778 3334 quam
815 3267 962 3336 quod
991 3283 1023 3322 a
1049 3269 1261 3326 caeteris
1301 3269 1584 3338 statuitur,
1613 3287 1809 3344 nempe
1846 3289 2038 3332 omnes

455 3365 550 3410 aut
592 3357 970 3427 suppusititias
1015 3374 1158 3426 esse,
1185 3369 1282 3416 aut
1322 3361 1677 3434 interpolatas
1707 3366 1854 3434 (cum
1889 3367 2038 3421 enim

454 3446 636 3503 adhuc
678 3449 956 3506 nescirent
990 3452 1171 3522 qualis
1217 3468 1408 3510 revera
1455 3455 1804 3527 interpolatio
1849 3457 2037 3528 fuerit,

454 3539 723 3611 quidquid
771 3541 880 3598 illis
919 3543 1218 3614 displicuit,
1247 3546 1424 3615 potuit
1476 3545 1546 3602 ad
1588 3547 2039 3621 interpolationes

455 3631 761 3705 pertinere)
812 3641 927 3688 tum
967 3637 1112 3705 quod
1161 3635 1435 3696 Parkerus
1480 3647 1708 3706 statuat,
1761 3641 2038 3696 neminem

456 3731 589 3780 ante
642 3725 936 3780 concilium
969 3724 1250 3782 Nicaanum
1279 3743 1473 3784 earum
1515 3730 1857 3797 meminisse,
1891 3729 2042 3802 quod

457 3815 801 3884 apertissime
833 3814 1030 3891 falsum
1062 3826 1167 3873 est.

533 3903 810 3973 Secundo,
840 3907 1034 3986 ingens
1077 3909 1374 3966 discrimen
1415 3911 1558 3966 inter
1596 3918 1709 3968 tres
1737 3910 1962 3968 Latinas
1987 3923 2042 3969 et

456 3995 746 4053 duodecim
787 3997 1007 4056 Graecas
1043 4001 1305 4070 epistolas
1349 4011 1498 4058 recte
1528 4002 1880 4059 observatum
1925 4017 2038 4071 est;

456 4095 512 4142 et
538 4086 747 4145 Latinae
770 4089 1010 4160 primum
1037 4091 1255 4148 emissae
1293 4093 1364 4148 ab
1392 4093 1665 4150 universis
1701 4092 1814 4150 fere
1845 4096 2041 4150 merito

458 4187 589 4237 sunt
636 4181 879 4253 rejectaz;
933 4192 1050 4239 tum
1105 4185 1253 4256 quod
1308 4183 1514 4243 Graecis
1545 4186 1804 4242 omnibus
1834 4186 2042 4244 fuerint

459 4273 769 4345 incognitae,
804 4291 982 4347 neque
1011 4275 1374 4333 Graecismum
1398 4278 1624 4334 omnino
1648 4279 1950 4345 redoleant,
1983 4289 2042 4335 ut

458 4379 570 4420 non
606 4366 675 4420 ab
714 4365 1033 4438 interprete,
1073 4369 1168 4424 sed
1216 4381 1444 4426 auctore
1495 4370 1693 4427 Latino
1751 4374 2041 4429 videantur

2144 3166 2366 3238 plurimi
2411 3164 2648 3235 optimas
2695 3161 2890 3234 lgnatii
2942 3158 3207 3230 epistolas
3264 3163 3553 3225 corruptas
3597 3168 3732 3209 esse

2135 3262 2470 3334 judicarent,
2501 3258 2768 3314 hactenus
2812 3265 2996 3310 tamen
3029 3252 3098 3308 ad
3131 3251 3399 3324 genuinas
3445 3263 3475 3304 a
3527 3261 3731 3302 corru-

2140 3343 2299 3427 ptelis
2336 3362 2488 3408 certo
2521 3349 2709 3420 aliquo
2749 3346 2974 3403 criterio
3003 3341 3363 3400 vindicandas
3402 3354 3594 3411 parum
3627 3346 3732 3392 aut

2141 3446 2280 3502 nihil
2307 3453 2392 3500 est
2418 3442 2695 3498 effectum.
2738 3437 2810 3494 Ut
2857 3453 3049 3493 verum
3082 3435 3217 3490 illud
3249 3433 3321 3489 sit
3349 3436 3494 3502 quod
3528 3445 3555 3484 a
3589 3427 3727 3483 Dal-

2140 3539 2242 3594 lzeo
2275 3538 2638 3593 observatur:
2692 3532 2818 3588 Nisi
2855 3532 3115 3586 sincerius
3159 3527 3431 3596 exemplar
3477 3522 3727 3578 Usserius

2140 3643 2191 3688 et
2230 3631 2450 3688 Vossius
2492 3627 2640 3685 nacti
2681 3633 2874 3690 essent,
2902 3622 3052 3678 nulla
3078 3622 3252 3692 ’plane
3283 3635 3398 3689 spes
3435 3624 3730 3686 superesset

2141 3721 2542 3794 interpolatoris
2586 3717 2762 3774 aliena
2791 3733 2824 3771 a
2848 3715 2983 3771 veris
3027 3713 3302 3782 scriptoris
3335 3705 3729 3763 internoscendi

2141 3824 2192 3870 et
2223 3812 2549 3870 secernendi.

2765 3896 2995 3957 CAPUT
3037 3895 3101 3952 ν.

2144 3997 2270 4052 Alia
2313 4008 2457 4051 vetus
2498 3995 2697 4049 Latina
2727 3995 2900 4050 uersio
2934 3993 2999 4046 ab
3041 3991 3378 4045 Armachano
3418 3985 3725 4056 publicata,

2211 4085 2316 4138 qua
2360 4067 2793 4138 interpolationes
2827 4065 3045 4138 detecta:
3078 4071 3224 4116 sunt.
3245 4055 3455 4138 prisca:
3487 4055 3730 4138 epistolas

2214 4127 2242 4191 ἑ
2280 4127 2515 4191 Medicae
2569 4136 2750 4189 codice
2795 4151 2887 4204 per
2930 4133 3182 4204 Isaacum
3245 4130 3486 4204 Vossium
3515 4127 3722 4204 _edita:.

2214 4209 2358 4274 Quid
2388 4210 2489 4262 viri
2531 4207 2677 4262 docti
2701 4209 2765 4260 de
2796 4197 3034 4274 epistolis
3080 4203 3157 4255 ita
3183 4201 3426 4271 purgatis
3463 4197 3728 4267 editisque

2213 4281 2493 4334 senserint.

2139 4359 2145 4366 ’
2214 4369 2396 4438 Quare
2426 4369 2667 4427 Jacobus
2700 4367 2990 4432 Usserius,
3025 4365 3468 4434 archiepiscopus
3520 4360 3725 4414 Arma-

459 4457 753 4528 profectae;
792 4469 905 4515 tum
938 4463 1084 4532 quod
1128 4463 1183 4517 in
1219 4463 1607 4521 vetustissimis
1642 4463 1887 4536 Vulgata:
1916 4483 2040 4522 ver-
2074 4491 2119 4548 D
2144 4465 2376 4530 chanus,
2409 4462 2682 4519 Hiberniae
2712 4462 2942 4532 primas,
2973 4459 3055 4513 vir
3103 4459 3254 4511 mirae
3301 4457 3355 4510 in
3407 4454 3493 4509 his
3553 4453 3734 4512 rebus.

460 4550 635 4606 sionis
670 4567 804 4608 mss.
835 4553 1118 4611 codicibus
1169 4571 1278 4610 non
1329 4556 1701 4625 inveniantur,
1727 4567 1781 4612 et
1807 4559 2038 4614 seorsim

463 4643 759 4712 aliquando
785 4645 1003 4716 scriptae
1025 4648 1155 4713 sint,
1185 4658 1238 4703 et
1271 4648 1411 4704 inter
1435 4646 1665 4705 Latinos
1696 4663 1727 4704 a
1761 4647 2041 4705 Bernardo

461 4733 1011 4794 autPseudo-Dextro
1032 4741 1270 4809 primum
1299 4750 1647 4809 memoratae;
1675 4750 1789 4796 tum
1807 4741 2043 4814 denique

462 4826 608 4896 quod
639 4827 728 4882 vix
769 4830 971 4885 rationi
1024 4841 1332 4902 temporum
1378 4833 1669 4889 videantur
1706 4835 2040 4903 consentire,

461 4924 558 4972 aut
601 4933 726 4973 cum
762 4921 1030 4978 institutis
1059 4921 1251 4994 lgnatii
1283 4925 1581 4998 quidquam
1613 4941 1905 4983 commune
1943 4927 2043 4982 ha-

462 5008 590 5065 bere
619 5028 633 5064 :
675 5029 771 5082 pro
805 5015 994 5084 quibus
1028 5016 1234 5086 frustra
1269 5018 1510 5073 nonnulli
1543 5034 1777 5089 pugnare
1809 5019 2042 5091 aggressi

462 5114 587 5160 sunt
608 5116 731 5162 ante
759 5108 965 5180 aliquot
984 5126 1184 5178 annos,
1209 5120 1269 5166 ut
1297 5123 1446 5169 recte
1463 5111 1732 5182 judicavit
1754 5111 2041 5185 Philippus

463 5197 752 5258 Labbaaus.

535 5290 744 5362 Tertio,
777 5309 848 5351 ne
877 5295 1009 5367 ipsa:
1049 5297 1269 5369 quidem
1300 5296 1503 5355 Graecae
1525 5297 1813 5355 duodecim
1854 5313 2044 5370 parem

464 5385 846 5441 auctoritatem
884 5387 990 5442 sibi
1017 5389 1334 5471 vindicant;
1360 5399 1414 5446 et
1443 5401 1591 5447 recte
1615 5392 1796 5461 posita
1829 5392 2044 5447 videtur

461 5477 742 5535 distinctio
779 5479 922 5536 inter
958 5490 1164 5552 septem
1194 5484 1479 5552 epistolas,
1511 5498 1636 5553 quae
1675 5493 1804 5539 sunt
1829 5485 1898 5540 ab
1935 5483 2047 5539 Eu-

464 5570 618 5626 sebio
643 5582 978 5641 memoratae,
1003 5573 1341 5645 reliquisque
1363 5574 1765 5645 antiquissimis
1789 5574 2047 5632 Patribus

463 5659 776 5734 lrequenler
802 5664 1070 5733 laudatae,
1124 5675 1181 5722 et
1207 5667 1451 5739 quinque
1476 5667 1636 5733 alias,
1670 5683 1794 5738 quae
1825 5668 2046 5725 nonnisi

464 5761 591 5826 post
617 5755 829 5830 aliquot
857 5757 1056 5817 saecula
1085 5759 1154 5818 ab
1187 5761 1299 5818 ullo
1331 5760 1519 5818 Graeco
1548 5762 1816 5835 scriptore
1847 5761 2049 5834 agnita

2146 4556 2499 4629 perSpicaciaa
2527 4555 2782 4625 fideique,
2813 4568 2937 4608 cum
2966 4550 3177 4606 videret
3211 4548 3410 4603 talibus
3441 4545 3729 4616 conjectu-

2147 4652 2225 4707 ris
2276 4650 2412 4705 nihil
2468 4647 2627 4714 eilici,
2672 4645 3239 4712 animadverteretque
3287 4650 3396 4695 tres
3448 4641 3502 4693 in
3534 4637 3730 4709 Anglia

2148 4753 2332 4800 nostra
2383 4743 2664 4813 theologos
2695 4741 2823 4796 olim
2853 4740 3033 4793 locum
3077 4735 3370 4808 quemdam
3398 4748 3465 4788 ex
3492 4730 3732 4801 epistola

2147 4836 2338 4907 lgnatii
2367 4851 2400 4890 a
2425 4833 2773 4890 Theodoreto
2799 4833 3046 4894 citatum,
3080 4845 3182 4885 nec
3206 4828 3262 4882 in
3287 4823 3736 4883 editioneGrazca

2147 4939 2244 4988 aut
2278 4928 2509 5001 Vulgata
2553 4928 2807 4984 versione
2837 4936 2967 4982 tunc
3015 4933 3313 4995 repertum,
3345 4921 3534 4976 eodem
3563 4919 3731 4989 plane

2148 5024 2333 5091 modo,
2353 5037 2464 5094 quo
2484 5037 2514 5076 a
2532 5019 2874 5076 Theodoreto
2894 5018 3194 5090 productus
3218 5013 3419 5079 fuerat,
3440 5010 3726 5076 laudasse;

2137 5117 2575 5186 circumspicere
2605 5114 2793 5184 coepit,
2826 5127 2957 5166 num
2985 5110 3124 5165 forte
3147 5109 3201 5162 in
3227 5105 3418 5176 Anglia
3446 5102 3732 5172 exemplar

2150 5208 2374 5280 aliquod
2405 5206 2662 5262 Latinum
2689 5205 2868 5262 adhuc
2893 5203 3222 5260 delitescens
3253 5197 3480 5270 reperiri
3515 5203 3730 5267 posset,

2148 5318 2218 5359 ex
2247 5317 2357 5372 quo
2387 5317 2489 5358 sua
2516 5311 2628 5358 tres
2660 5301 2739 5356 illi
2777 5299 3012 5371 theologi
3044 5299 3367 5363 hauserunt,
3396 5303 3450 5351 et
3480 5294 3600 5350 loca
3636 5308 3730 5349 re-

2151 5395 2299 5465 liqua
2347 5409 2376 5448 a
2419 5393 2766 5450 Theodoreto
2816 5393 3048 5462 aliisque
3085 5389 3326 5460 antiquis
3364 5387 3619 5442 Patribus
3649 5386 3768 5448 ci-_

2143 5496 2285 5554 tata,
2321 5487 2532 5559 integra
2573 5493 2974 5556 comparerent.
3001 5483 3163 5549 Cum,
3193 5497 3342 5548 ecce,
3377 5481 3550 5535 libros
3584 5477 3731 5532 duos

2149 5595 2285 5636 mss.
2327 5590 2521 5635 nactus
2551 5589 2656 5646 est,
2681 5594 2713 5633 e
2739 5579 2956 5649 publica
3007 5575 3220 5647 collegii
3269 5571 3508 5630 Gunvilli
3531 5580 3584 5626 et
3607 5568 3731 5625 Caii

2151 5669 2298 5742 apud
2340 5670 2822 5742 Cantabrigienses
2869 5675 3091 5725 nostros
3131 5682 3325 5734 unum,
3356 5681 3386 5723 e
3415 5664 3628 5736 privata
3660 5660 3724 5717 D.

2152 5760 2375 5821 Ricardi
2410 5754 2732 5822 Hontacutii
2763 5760 3116 5820 Norvicensis
3151 5776 3326 5833 nuper
3362 5757 3605 5830 episcopi
3643 5755 3728 5811 bi-
