3868 6208
164 317 226 372 Μ
868 323 924 411 _J.
966 321 1336 379 PEARSOM
1735 323 2168 384 ΙΕΝΔἹἹΑΝᾹΞ.
2207 361 2274 370 --
2312 329 2729 388 PROCEMIUM'.
3365 335 3435 390 εει

164 435 445 492 bliotbeca
484 436 758 504 alterum,
795 439 902 508 'qui
954 436 1145 511 lgnatii
1173 439 1554 513 Epistolarum
1588 443 1829 507 inter-A
1861 443 2177 512 distinguit,
2221 454 2285 502 ut
2347 445 2407 500 in
2461 446 2706 503 editione
2757 444 2938 504 Vossii
2998 446 3431 521 distinguuntur.

164 531 530 599 pretationem
553 529 822 602 aVulgata
843 531 1036 588 Latina
1054 534 1487 590 diversissimam
1507 537 1759 592 contine-

163 622 317 676 bant.
344 621 414 676 Et
439 624 627 677 statim
655 624 948 680 collatione
981 623 1148 693 facta,
1183 627 1503 682 testimonia
1528 626 1756 682 Patrum

163 714 417 768 omnium
465 716 562 784 qui
607 716 752 770 intra
774 716 1038 787 quinque,
1065 726 1128 772 ut
1155 717 1266 783 ait,
1297 725 1426 788 post
1471 717 1756 774 Christum

163 810 366 863 secula
425 809 754 876 ﬂoruerunt,
791 826 823 864 a
854 809 1064 865 Graecis
1096 810 1420 881 Latinisque
1465 812 1757 867 codicibus

162 903 493 956 dissidentia
516 943 531 965 ,
565 918 690 956 cum
745 903 848 957 hac
897 903 1155 958 versione
1200 904 1406 974 Optime
1436 903 1756 971 convenire,

160 1003 213 1049 et
245 995 426 1048 multa
459 1009 490 1048 a
519 992 787 1049 Graeculis
815 994 1220 1064 posterioribus
1264 995 1474 1050 inserta
1502 1002 1557 1050 et
1589 995 1758 1050 inter-

162 1098 311 1143 texta
342 1088 417 1143 ab
443 1088 636 1142 eadem
672 1087 878 1158 pariter
906 1088 1108 1144 abesse
1136 1088 1443 1158 conspexit.
1472 1086 1593 1142 Jam
1626 1103 1758 1143 vero

161 1197 271 1235 non
322 1197 394 1236 ex
435 1181 647 1235 levibus
700 1179 1055 1250 coniecturis,
1093 1187 1190 1234 aut
1212 1195 1282 1238 ex
1320 1180 1591 1235 sententia
1631 1194 1754 1246 sua,

161 1283 221 1328 ιιι
271 1272 557 1339 Vedelius,
590 1274 687 1329 sed
735 1289 803 1328 ex
839 1273 1042 1328 veteris
1085 1272 1360 1328 versionis
1394 1272 1500 1328 ﬁde
1537 1271 1758 1327 Grazcas

159 1363 362 1436 lgnatii
411 1365 675 1436 epistolas
706 1364 1059 1435 recognovit,
1093 1373 1412 1420 assumenta
1438 1364 1758 1420 stellionum

161 1472 193 1510 a
221 1458 485 1526 genuinis
516 1457 680 1513 facile
703 1466 758 1513 et
785 1465 972 1527 aperte
1001 1457 1264 1525 secrevit;
1298 1457 1757 1529 Polycarpianam

161 1551 386 1606 illarum
426 1551 683 1623 Syllogen
720 1551 794 1606 ita
823 1550 1202 1607 excudendam
1231 1552 1470 1614 curavit,
1500 1559 1562 1605 ιιι
1585 1551 1758 1606 minio

161 1644 217 1698 in
248 1650 405 1699 textu
435 1644 628 1700 Graeco
658 1643 876 1699 laciniae
903 1644 1014 1699 illae
1035 1644 1413 1713 signarentur,
1443 1659 1584 1713 quas
1615 1659 1645 1698 a
1673 1658 1758 1698 re-

160 1737 399 1792 centiori
442 1736 838 1808 interpolatore
866 1747 1087 1792 assutas
1113 1735 1311 1801 fuisse,
1346 1736 1546 1791 veteris
1576 1735 1755 1790 Latini

1858 549 1886 604 ί
1933 538 2244 593 Salmasius
2298 553 2450 605 vero,
2479 539 2719 594 editione
2772 537 2983 594 Usserii
3032 547 3338 610 perspecta,
3383 548 3438 594 et

1859 632 2049 689 codice
2076 631 2347 697 Mediceo,
2371 643 2662 703 antequam
2693 633 2969 700 ederetur,
2999 633 3117 689 viso
3140 673 3156 700 ,
3191 632 3437 687 auctori.

1859 725 1957 780 tati
1987 723 2182 795 lgnatii
2215 725 2455 796 iniquior
2481 723 2662 780 factus
2686 734 2788 781 est.
2817 724 2956 781 Ecce
2979 725 3126 781 enim
3169 725 3227 779 in
3256 723 3439 792 Appa-

1858 825 1980 872 ratu
2010 817 2079 872 ad
2123 817 2295 871 libros
2332 816 2411 870 De
2441 816 2678 885 primatu
2728 816 2930 888 Papae:
2971 816 3187 883 Varias,
3234 813 3436 885 inquit,

1859 903 2056 958 diversi
2091 905 2340 973 temporis
2362 905 2476 974 ejus
2501 906 2672 975 operis
2707 904 3140 976 interpolationes
3197 920 3308 958 esse
3355 903 3440 971 fa-

1859 1003 1974 1047 ctas
2005 992 2189 1047 multis
2233 994 2465 1048 ostendit
2491 995 2952 1048 reverendissimus
2999 1005 3049 1048 et
3099 994 3440 1048 doctissimus

1857 1085 1940 1141 vir
1961 1083 2196 1139 Iacobus
2227 1085 2476 1140 Usserius
2500 1086 2891 1142 Armachanus.
2943 1085 3114 1152 Quale
3146 1094 3321 1141 autem
3371 1084 3438 1138 ab

1859 1188 2076 1232 auctore
2105 1180 2334 1246 primum
2359 1177 2583 1247 prodiit,
2633 1195 2695 1232 ne
2723 1180 3005 1248 genuinum
3038 1177 3249 1248 quidem
3272 1175 3440 1247 Igna-

1861 1271 1924 1323 tii
1955 1286 2086 1337 esse,
2116 1287 2330 1339 possum
2358 1272 2502 1324 omni
2539 1272 2921 1326 asseveratione
2955 1273 3290 1341 confirmare.
3314 1268 3442 1324 Haec

1859 1365 2028 1437 paulo
2059 1365 2323 1421 sedatius.
2347 1365 2483 1432 Quae
2505 1380 2615 1420 non
2641 1366 2802 1438 longe
2821 1375 2944 1437 post
2968 1373 3295 1436 sequuntur,
3321 1363 3444 1420 Sal-

1859 1459 2096 1514 masium
2133 1458 2309 1528 magis
2364 1458 2606 1528 sapiunt.
2655 1459 2777 1524 Qua
2829 1469 3006 1513 autem
3045 1469 3202 1514 astate
3253 1457 3442 1513 vixerit

1858 1548 1946 1602 hic
1965 1550 2246 1619 impostor,
2269 1550 2360 1620 qui
2385 1565 2569 1604 nomen
2601 1547 2804 1620 Ignatii
2823 1551 3108 1604 ementitus
3135 1558 3212 1603 est
3236 1551 3293 1604 in
3320 1549 3443 1603 istis

1857 1642 2096 1714 epistolis
2124 1643 2536 1711 conscribendis,
2560 1643 2936 1713 inquirendum
2965 1652 3066 1697 est.
3096 1641 3241 1697 Nam
3274 1643 3444 1713 lgna-

1861 1737 1995 1789 tium
2021 1751 2124 1789 non
2139 1749 2252 1788 esse
2269 1750 2455 1788 earum
2478 1743 2748 1789 auctorem
2775 1743 2886 1788 tam
2913 1742 3112 1788 certum
3135 1743 3261 1804 puto
3283 1751 3443 1804 quam

165 1829 512 1900 interpretis,
545 1838 676 1884 tunc
707 1829 946 1899 primum
989 1828 1059 1883 ab
1085 1827 1208 1898 ipso
1235 1826 1390 1890 editi,
1422 1827 1630 1882 indicio
1659 1827 1758 1882 de—
1788 1821 1833 1877 B
1861 1848 1943 1886 me
1979 1831 2091 1886 hac
2118 1829 2365 1884 scribere.
2397 1827 2496 1884 Hic
2521 1844 2655 1886 sane
2670 1845 2868 1900 purum
2895 1838 3086 1899 putum
3109 1828 3444 1885 Salmasium

161 1924 555 1994 prehendcrat.
585 1921 737 1976 Felix
767 1922 874 1977 hoc
904 1921 1125 1992 quidem
1162 1921 1442 1989 inceptum
1467 1921 1759 1989 quo'reve—

163 2018 373 2073 rendus
405 2032 596 2081 senex,
626 2032 752 2072 cum
787 2016 1013 2087 ingenii,
1041 2015 1231 2086 iudicii
1263 2023 1319 2070 et
1343 2014 1608 2070 doctrinae
1634 2029 1761 2084 spe-

161 2109 341 2164 cimen
368 2107 649 2178 singulare
669 2107 940 2170 exhibuit,
967 2115 1081 2160 tum
1108 2105 1370 2161 Ecclesiae
1399 2105 1756 2160 utilissimam

162 2210 216 2254 et
239 2200 397 2255 hisce
421 2197 761 2270 temporibus
785 2198 1025 2252 maxime
1055 2197 1354 2252 salutarem
1379 2211 1602 2266 operam
1618 2210 1758 2264 prae-

163 2293 324 2348 stitit.

231 2385 293 2440 ld
323 2400 460 2442 vero
492 2385 560 2440 ad
589 2384 870 2440 cumulum
909 2382 1162 2446 accessit,
1195 2381 1343 2453 quod
1370 2379 1458 2435 vir
1487 2389 1758 2451 praestan-

163 2481 421 2535 tissimus
445 2487 500 2534 et
527 2479 679 2533 omni
718 2477 982 2532 doctrina:
1009 2489 1207 2546 genere
1236 2472 1536 2528 admodum
1565 2471 1758 2527 excul-

165 2581 273 2636 tus,
305 2569 536 2627 lsaacus
567 2567 800 2624 Vossius
820 2568 1079 2650 Graecum
1110 2565 1390 2636 exemplar
1420 2563 1614 2634 (quod,
1639 2562 1760 2634 Opi-

167 2681 286 2732 nor,
315 2665 552 2718 intinita:
578 2663 831 2734 lectionis
871 2661 1178 2717 Turrianus
1204 2669 1426 2716 centum
1459 2657 1571 2713 lere
1598 2657 1760 2711 annis

163 2765 290 2811 ante
323 2755 560 2821 viderat,
583 2762 638 2808 et
661 2753 1103 2809 vetustissimum
1134 2748 1760 2818 emendatissimumque

164 2863 284 2904 esse
309 2855 550 2902 testatus
578 2844 684 2916 est)
733 2861 764 2900 e
791 2843 1031 2900 Medicea
1057 2840 1396 2898 Bibliotheca
1419 2839 1759 2910 exscriptum

163 2938 518 3010 produceret,
554 2937 689 2991 viris
711 2933 1048 2991 doctissimis
1075 2932 1415 2988 amicissime
1444 2929 1758 2986 communi-

165 3040 346 3096 caret,
380 3039 437 3084 et
475 3029 740 3100 quoniam
773 3027 985 3082 Latinae
1011 3025 1253 3083 versioni
1293 3025 1364 3080 ab
1400 3023 1629 3080 Usserio
1659 3039 1760 3094 pu-

163 3125 383 3179 blicata:
434 3121 686 3193 apprime
726 3135 1035 3176 consonum
1084 3118 1493 3184 animadvertit,
1524 3132 1652 3172 cum
1694 3131 1761 3170 ea

167 3218 334 3273 simul
367 3214 798 3286 imprimendum
832 3228 899 3268 ac
927 3211 1072 3267 notis
1103 3208 1493 3266 illustrandum
1521 3216 1762 3264 curaret.

165 3307 299 3374 Qua
339 3322 472 3362 cum
523 3314 634 3360 tam
682 3303 858 3358 amice
889 3302 1294 3372 conspirarent,
1324 3315 1436 3354 non
1482 3297 1758 3354 dubitavit

166 3415 424 3456 asserere
467 3399 759 3453 doctorum
799 3395 1047 3451 virorum
1078 3408 1201 3463 par,
1237 3393 1458 3448 easdem
1488 3390 1764 3462 Epistolas

166 3493 395 3548 tandem
421 3506 526 3546 nos
555 3491 778 3553 habere,
824 3503 968 3559 quas
1000 3486 1217 3554 {habuit
1267 3484 1574 3552 Eusebius,
1624 3496 1764 3553 quas

165 3585 339 3641 edidit
368 3583 732 3653 l‘olycarpus,
766 3596 905 3651 quas
940 3579 1163 3650 scripsit
1189 3578 1454 3649 lgnatius.

235 3676 422 3744 Quam
455 3675 588 3729 viris
614 3671 846 3728 eruditis
867 3680 1018 3743 grata
1047 3669 1213 3726 fuerit
1237 3671 1352 3725 haec
1365 3668 1546 3725 Vossii
1571 3667 1760 3735 editio,

166 3771 250 3826 vel
297 3769 432 3824 inde
479 3775 651 3838 patet,
690 3766 839 3836 quod
880 3763 1145 3820 Claudius
1194 3762 1509 3829 Sarravius,
1542 3769 1764 3817 senator

167 3861 529 3926 Parisiensis,
559 3860 628 3913 ab
656 3841 783 3928 ipso.
812 3858 868 3912 in
900 3857 1046 3914 notis
1071 3857 1248 3912 obiter
1277 3855 1554 3920 laudatus,
1575 3853 1626 3908 ei
1647 3853 1764 3908 haec

169 3953 554 4025 rescripserit:
605 3952 719 4023 Ago
765 3951 945 4022 itaque
993 3950 1222 4021 gratias,
1270 3964 1368 4018 ago
1412 3947 1619 4016 gratias
1650 3945 1764 3998 ’tibi

172 4064 439 4113 summas,
459 4045 534 4099 mi
572 4042 726 4100 Vossi
744 4061 761 4110 ,'
793 4054 1043 4098 teternum
1075 4041 1215 4096 enim
1239 4029 1320 4093 me
1351 4039 1446 4093 tibi
1475 4037 1763 4092 devinmisti

171 4151 322 4195 tanto
359 4150 412 4194 et
457 4147 567 4192 tam
593 4137 852 4208 pra'claro
889 4152 1018 4206 erga
1043 4135 1402 4188 immerentem
1433 4131 1759 4184 testimonio.

183 4233 348 4288 Video
371 4233 517 4285 enim
541 4231 614 4284 ibi
639 4230 839 4300 famam
863 4243 1036 4282 meam
1062 4226 1349 4281 aeternitati
1380 4231 1760 4290 consecratam,

170 4348 229 4385 eo
276 4333 657 4391 monumento,
712 4321 851 4392 quod
888 4327 1114 4390 saxaget
1159 4333 1432 4372 marmora
1482 4317 1766 4371 duratione

172 4426 378 4480 uincat.

1861 1922 2150 1978 habemus.
2180 1921 2263 1976 Ad
2291 1931 2507 1992 tempus
2531 1931 2716 1977 autem
2739 1922 2887 1992 quod
2921 1921 3138 1988 attinet,
3171 1921 3442 1991 impostoe

1859 2027 1976 2068 rem
2002 2012 2197 2068 eodem
2225 2027 2352 2068 cum
2371 2012 2680 2069 Valentino
2723 2013 2931 2070 vixisse
2959 2015 3302 2084 suspicatur;
3341 2015 3444 2069 im-‘

1858 2113 2106 2184 perante,
2149 2106 2434 2171 nimirum,
2467 2107 2768 2175 Antonino,
2805 2116 2901 2162 aut
2926 2117 3072 2162 certe
3105 2107 3208 2163 sub
3258 2105 3444 2161 Marco

1858 2196 2105 2252 Aurelio.
2156 2196 2336 2268 Atque
2381 2197 2497 2252 haec
2543 2206 2628 2252 est
2669 2211 2884 2252 summa
2913 2197 3198 2252 sententiae
3224 2195 3444 2250 Salma-

1861 2289 2053 2346 sianae.
2087 2288 2205 2359 Ipse
2238 2298 2420 2344 autem
2449 2304 2575 2345 cum
2618 2289 2737 2343 haec
2762 2289 2817 2343 in
2847 2290 3125 2358 Apparatu
3165 2297 3277 2343 tam
3306 2298 3445 2342 stre-

1860 2396 1970 2437 nue
1996 2383 2348 2450 asseruisset,
2393 2382 2451 2436 in
2485 2382 2606 2452 ipso
2640 2396 2807 2451 opere
2851 2381 3184 2436 auctoritate
3243 2380 3442 2450 lgnatii

1860 2475 2186 2544 saepiuscule
2215 2474 2408 2530 utitur.
2441 2470 2574 2540 Quae
2604 2489 2731 2529 cum
2761 2473 2988 2529 vidisset
3025 2471 3289 2528 Claudius
3315 2472 3447 2526 Sar-

1860 2565 2068 2634 ravius,
2105 2581 2296 2621 aurem
2355 2563 2629 2619 Salmasio
2679 2564 2829 2620 vellit
2862 2574 2917 2618 et
2959 2565 3284 2618 admonuit:
3322 2561 3448 2616 Non

1861 2657 2033 2728 placet
2063 2699 2078 2724 ,
2137 2659 2278 2729 quod
2306 2675 2368 2712 ea
2397 2658 2452 2711 in
2503 2658 2782 2729 Apparatu
2846 2657 3048 2726 culpes,
3083 2671 3202 2726 qua:
3239 2656 3297 2708 in
3325 2656 3444 2725 ipso

1861 2765 2013 2821 opere
2037 2751 2249 2806 laudas.
2279 2749 2356 2804 De
2396 2749 2700 2821 Ignatianis
2722 2748 2983 2819 Epistolis
3017 2749 3278 2819 intelligo,
3313 2765 3446 2818 quas

1860 2847 1920 2925 in
1939 2846 2238 2917 Apparatu,
2269 2847 2360 2916 qui
2392 2847 2542 2916 prior
2592 2844 2790 2916 legitur
2813 2885 2828 2910 ,
2883 2844 3074 2899 merito
3103 2845 3203 2916 τῆς
3235 2841 3447 2905 νοθείας

1863 2941 2116 2994 revincis.
2150 2946 2202 2992 et
2235 2947 2411 2992 tamen
2441 2954 2627 2993 earum
2652 2937 2976 2991 auctoritate
3009 2945 3192 3006 postea
3221 2935 3448 3005 swpius-

1863 3033 1978 3088 cule
2016 3033 2204 3098 uteris,
2236 3031 2393 3100 quasi
2425 3041 2594 3084 essent
2624 3029 2896 3100 legitimae,
2929 3045 3019 3082 nec
3044 3027 3231 3082 titulus
3263 3033 3448 3080 aucto-

1866 3142 1975 3180 rem
2001 3127 2332 3179 mentiretur.
2377 3122 2581 3178 Saltem
2613 3123 2679 3177 de
2718 3125 2829 3177 ista
2855 3134 2947 3175 tua
2973 3121 3244 3174 sententia:
3270 3129 3447 3172 muta-

1869 3217 2009 3272 tione
2033 3215 2239 3288 aliquid
2266 3217 2645 3288 signiﬁcasses.
2681 3214 2859 3286 Epist.
2895 3231 2950 3284 p.
2992 3214 3115 3269 181.
3150 3211 3296 3281 Huic,
3321 3214 3447 3283 cpi-

1866 3325 1990 3376 nor,
2022 3309 2075 3363 in
2116 3307 2374 3363 Sarravio
2397 3349 2413 3376 ,
2451 3308 2696 3362 maximo
2733 3305 2989 3362 Salmasii
3041 3304 3445 3379 hyperaspista,

1865 3401 2031 3457 etiam
2064 3401 2139 3455 illi
2165 3399 2309 3456 ferre
2341 3406 2597 3472 possunt,
2635 3400 2732 3472 qui
2759 3399 2953 3455 eadem
3009 3399 3066 3452 in
3101 3395 3446 3452 Hammondo

1864 3508 1974 3548 non
2016 3491 2219 3548 ferunt.

1935 3584 2106 3640 David
2155 3585 2320 3640 etiam
2370 3583 2709 3652 Blondellus,
2742 3592 2805 3640 ut
2853 3583 2973 3655 ipse
3020 3582 3076 3637 in
3122 3580 3448 3637 Pratfatione

1863 3677 2140 3748 Apologia:
2171 3676 2395 3744 fatetur,
2425 3677 2838 3749 quamprimum
2885 3675 3246 3748 epistolarum
3295 3675 3449 3744 prio-

1862 3785 1988 3824 rum
2027 3785 2123 3826 sex
2171 3768 2392 3826 lsaacus
2423 3769 2654 3826 Vossius
2688 3770 2903 3840 copiam
2939 3767 3089 3833 fecit,
3131 3782 3228 3823 eas
3267 3767 3446 3822 avidis

1863 3862 2040 3919 oculis
2069 3863 2275 3930 hausit,
2306 3877 2475 3918 manu
2506 3862 2732 3933 propria
2761 3860 3069 3931 descripsit,
3097 3876 3224 3916 cum
3264 3859 3447 3915 citatis

1865 3966 1898 4006 a
1925 3951 2196 4007 veteribus
2244 3951 2380 4007 locis
2432 3950 2676 4006 studiose
2714 3948 2966 4014 contulit,
3008 3947 3208 4004 saeculo
3254 3959 3447 4002 nostro

1862 4045 2187 4116 gratulatus,
2233 4043 2382 4115 quod
2427 4043 2562 4098 illud
2609 4041 2790 4114 ipsum
2836 4040 3134 4111 exemplar,
3167 4055 3276 4110 quo
3323 4049 3448 4093 ante

1864 4137 2005 4191 1500
2032 4152 2206 4192 annos
2235 4152 2370 4192 usus
2396 4147 2515 4190 erat
2556 4133 2849 4199 Eusebius,
2882 4147 3080 4187 novam
3115 4131 3219 4201 ipsi
3249 4145 3448 4200 prope-

1863 4227 2005 4284 diem
2038 4224 2354 4284 all'ulsuram
2386 4227 2565 4282 lucem
2595 4225 2906 4296 sponderet.
2924 4221 3030 4279 Sed
3051 4232 3340 4295 postquam
3365 4230 3447 4275 at-

1866 4321 2095 4376 tentiore
2124 4322 2310 4376 animo
2350 4319 2691 4388 singularum
2723 4326 2779 4373 et
2803 4317 3030 4388 phrasin
3073 4323 3129 4371 et
3157 4313 3443 4370 materiam

1863 4421 1917 4469 et
1956 4413 2207 4469 ordinem
2241 4413 2518 4483 expendit,
2545 4409 2886 4466 blandientes
2917 4418 3078 4464 antea
3123 4422 3248 4478 spes
3287 4405 3448 4475 pudi-

246 4521 438 4589 Quare
460 4517 648 4576 statim
677 4529 744 4571 ex
775 4510 1210 4584 protestantibus
1234 4507 1482 4562 Andreas
1505 4502 1757 4569 Rivetus,
1788 4511 1837 4568 D
1863 4503 2083 4561 bundus
2126 4503 2363 4573 abjicere
2391 4510 2637 4570 coactus,
2667 4501 2825 4558 bonae
2851 4499 3076 4555 Patrum
3105 4497 3230 4554 ﬁdei
3261 4498 3444 4567 impu-

171 4633 302 4674 cum
336 4615 388 4670 ei
429 4612 689 4668 Usserius
719 4623 920 4663 novam
949 4603 1142 4676 lgnatii
1174 4618 1242 4657 ex
1271 4601 1444 4656 veteri
1477 4599 1620 4654 libro
1650 4597 1767 4653 edi-

173 4711 385 4766 tionem
416 4703 917 4765 communicasset,
962 4699 1018 4753 in
1051 4695 1243 4751 ultima
1284 4692 1476 4748 Critici
1509 4692 1595 4747 sui
1625 4689 1769 4745 sacri

172 4799 558 4872 recognitione
589 4796 735 4850 illius
761 4791 1026 4864 judicium
1071 4797 1295 4844 secutus
1320 4793 1442 4840 est:
1495 4791 1548 4838 et
1580 4798 1644 4836 ex
1677 4779 1767 4835 εἰει-

175 4899 347 4956 suitis
389 4891 683 4954 Petavius,
736 4884 942 4943 Graecis
985 4879 1168 4936 Vossii
1216 4886 1271 4933 et
1315 4875 1526 4932 Latinis
1556 4872 1766 4932 Usserii

176 4985 500 5059 conspectis
533 5002 548 5040 :
585 4981 738 5046 Haec,
756 4980 954 5049 inquit,
988 4977 1218 5046 prudens
1261 4983 1311 5028 et.
1353 4971 1507 5042 justa
1533 4968 1766 5039 suspicio

175 5091 276 5147 est,
314 5077 447 5132 illas
493 5091 602 5130 esse
633 5072 887 5145 genuinas
917 5067 1123 5140 Ignatii
1153 5063 1458 5136 Epistolas,
1486 5077 1618 5133 quas
1668 5076 1766 5113 an-

179 5175 459 5244 tiquorum
489 5169 770 5221 consensus
798 5160 1098 5217 illustribus
1145 5155 1460 5212 testimoniis
1497 5167 1765 5208 commen-

177 5266 344 5318 datus
373 5269 424 5314 et
467 5255 786 5328 approbatas
823 5251 1058 5323 reliquit.
1105 5247 1252 5304 Idem
1300 5247 1463 5302 etiam
1497 5243 1766 5316 judicium

179 5359 397 5418 Nicolai
444 5354 668 5410 Fabroti
721 5349 847 5413 fuit,
875 5356 934 5402 ut
983 5345 1280 5403 ostendunt
1335 5351 1478 5398 nota:
1524 5338 1647 5410 ejus
1696 5338 1767 5392 ad

181 5451 560 5510 Anastasium.
625 5443 684 5500 S.
743 5440 1026 5512 Ignatius,
1085 5433 1332 5508 Epistola
1383 5434 1453 5488 ad
1512 5431 1766 5502 Ephesios

183 5541 382 5608 (edidit
396 5538 638 5593 eruditus
659 5533 740 5588 uir
755 5529 784 5586 1
789 5546 980 5585 saacus
1004 5526 1245 5600 Vossius)
1263 5533 1318 5582 et
1334 5525 1519 5580 statim
1537 5522 1770 5577 Pseudo-

185 5647 440 5705 tgnattus
472 5631 526 5684 in
555 5625 782 5698 epistola
821 5623 890 5677 ad
921 5620 1296 5688 Antiochenos,
1327 5626 1382 5673 et
1423 5616 1575 5684 alibi,
1611 5613 1767 5670 Vetus

183 5728 450 5794 interpres
483 5716 740 5789 Epistolis
785 5715 855 5770 ad
881 5712 1266 5784 Philippenses,
1301 5725 1417 5780 qua
1459 5706 1521 5764 S.
1553 5706 1771 5793 [gnatio

187 5817 502 5874 ascribitur.
521 5812 600 5869 lta
625 5813 713 5869 illc
743 5810 1010 5883 genuinas
1032 5804 1307 5880 Epistolas
1333 5817 1364 5859 a
1397 5799 1598 5875 spuriis
1627 5797 1769 5872 Saepe

1865 4595 2056 4653 denter
2081 4594 2302 4649 illusum
2331 4593 2528 4662 doluit,
2575 4600 2630 4648 et
2677 4592 3015 4664 argumentis
3046 4590 3376 4662 quibusdam
3412 4604 3444 4644 a

1866 4689 2060 4760 priori,
2075 4704 2239 4759 quam
2255 4688 2322 4744 de
2344 4685 2640 4758 lgnatianis
2655 4686 2906 4758 epistolis
2920 4684 3446 4754 imbiberat,opinio—

1867 4796 1937 4837 ne
1978 4779 2260 4851 depulsus,
2289 4795 2384 4836 eas
2429 4792 2622 4835 omnes
2666 4778 3044 4849 supposititias
3087 4777 3308 4832 credere
3351 4791 3448 4832 co-

1868 4882 2022 4931 actus
2069 4882 2172 4930 est.
2221 4872 2406 4945 Ipsum
2455 4881 2639 4928 autem
2690 4871 3069 4947 impostorem,
3106 4870 3202 4941 qui
3251 4868 3444 4942 lgnatii

1867 4960 2124 5038 martyris
2171 4981 2373 5021 nomen
2408 4973 2636 5036 septem,
2664 4961 2920 5030 Eusebio,
2953 4961 3274 5029 Athanasio,
3315 4958 3446 5014 Hie-

1867 5068 2101 5125 ronymo
2132 5053 2390 5119 laudatis,
2425 5051 2683 5123 Epistolis
2710 5051 2979 5124 appinxit,
2997 5050 3158 5123 longe
3186 5059 3312 5121 post
3342 5065 3444 5104 an-

1867 5160 2001 5201 num
2048 5145 2408 5202 centesimum
2453 5143 2935 5216 quadragesimum
2965 5151 3242 5214 quartum,
3279 5141 3445 5196 adeo-

1871 5251 1977 5308 que
2009 5247 2131 5308 post
2160 5235 2463 5293 Clementis
2488 5235 2864 5304 Alexandrini,
2900 5241 3014 5290 toto
3049 5234 3163 5290 fere
3184 5243 3443 5291 centena-

1867 5330 1952 5386 rio
1986 5331 2195 5403 lgnatio
2219 5328 2562 5403 posterioris,
2591 5328 2823 5394 obitum,
2855 5326 3125 5398 prodiisse
3151 5327 3334 5380 tradit.

1862 5463 1864 5468 μ
1891 5425 1895 5430 '
1939 5424 2248 5494 Antequam
2279 5422 2395 5478 haec
2421 5436 2454 5477 a
2483 5419 2760 5477 Blondello
2794 5421 3107 5486 ederentur,
3152 5429 3444 5490 postquam

1870 5531 2002 5573 vero
2029 5515 2098 5571 ab
2123 5514 2403 5586 opinione,
2451 5527 2616 5584 quam
2647 5527 2678 5567 e
2707 5511 2948 5568 Mediceo
2987 5511 3174 5567 codice
3203 5511 3442 5581 primum

1870 5608 2181 5674 imbiberat,
2208 5605 2470 5678 depulsus
2493 5614 2598 5673 est,
2626 5605 2898 5661 sententia
2921 5604 3042 5676 ejus
3067 5603 3280 5674 Hugoni
3306 5601 3444 5658 Gro-

1871 5702 1969 5771 tio,
1997 5701 2114 5759 viro
2139 5699 2402 5766 maximo,
2430 5697 2689 5764 innotuit,
2710 5699 2827 5769 qui,
2855 5698 2985 5768 quid
3015 5696 3081 5753 de
3108 5713 3169 5752 ea
3195 5696 3443 5762 sentiret,

1873 5795 1928 5854 in
1954 5793 2186 5868 epistola
2214 5791 2280 5850 ad
2303 5789 2604 5850 Gerardum
2636 5789 2891 5850 Vossium
2922 5790 3045 5848 data
3076 5794 3334 5862 protenus
3359 5790 3438 5845 si-
