3868 6208
346 327 417 394 05

1409 329 1469 386 8.
1505 325 1852 385 lGNATlUS.
1891 341 1963 369 -‘--
1998 325 2531 384 PROLECOMENA.

3523 328 3592 382 ω

347 443 622 517 gniﬁcavlt
642 462 656 500 :
675 442 1006 511 Blondellus,
1033 459 1238 515 magne
1261 444 1338 499 vir
1363 444 1671 515 diligentiae,
1689 445 1777 498 sed
1803 459 1913 497 sum
1941 449 1990 506 Α
2017 441 2287 498 Salmasio
2305 453 2360 498 et
2377 441 2674 508 Blondello;
2691 439 3098 497 dissertationes
3111 449 3364 508 quatuor,
3387 439 3593 509 quibus

343 535 490 605 parti
534 551 690 604 super
732 550 944 605 aequum
983 534 1252 602 addictus,
1299 535 1428 605 quid
1472 537 1538 590 de
1574 536 1831 604 episcopis
1866 545 1916 589 et

343 627 660 696 presbyteris
687 629 905 694 sentiat,
927 643 992 682 ea:
1013 628 1223 695 scriptis
1246 627 1358 696 ejus
1381 627 1602 681 antehae
1631 627 1789 680 editis
1813 641 1918 679 non

342 720 625 775 obscurum
664 730 763 774 est.
799 719 1137 791 Imprimitur
1166 735 1306 773 nunc
1333 719 1476 788 apud
1502 718 1748 773 Blavium
1785 718 1918 772 liber

339 812 455 880 ejus
483 811 788 880 specialiter
819 811 885 866 de
909 826 971 866 eo
1013 821 1362 882 argumento:
1392 809 1620 880 Cognovi
1648 820 1824 864 autem
1851 825 1918 864 ea:

341 917 582 955 sermone
614 902 777 970 ipsius
805 901 1020 955 omnino
1043 917 1163 955 eum
1189 901 1286 954 hoc
1330 916 1484 970 agere
1505 899 1654 966 uelle,
1701 909 1759 951 ut
1813 898 1918 952 ali-

340 991 468 1054 quid
507 991 733 1061 reperiat
767 989 904 1044 unde
928 990 1130 1060 famam
1167 1000 1408 1060 spargat,
1433 999 1481 1044 te
1509 989 1566 1042 in
1591 1005 1654 1042 ea
1679 1005 1735 1042 re
1762 988 1917 1057 plane

338 1100 516 1138 secum
554 1084 768 1138 sentire.
813 1081 1016 1152 lgnatii
1049 1081 1339 1152 Epistolas,
1368 1097 1502 1152 quas
1533 1080 1679 1150 ﬁlius
1705 1089 1826 1133 tuus
1851 1093 1917 1132 ea:

341 1173 508 1228 Italia
536 1173 718 1229 attulit
750 1190 912 1244 puras
935 1173 1000 1228 ab
1031 1172 1273 1227 omnibus
1300 1173 1390 1236 iis,
1414 1187 1534 1242 qute
1560 1171 1755 1225 eruditi
1785 1169 1915 1223 liac-

341 1273 489 1317 tenus
513 1272 753 1333 suspecta
785 1263 1032 1329 habuere,
1060 1264 1177 1318 ideo
1203 1263 1484 1316 admittere
1505 1277 1608 1315 non
1632 1260 1762 1322 uult.
1792 1261 1917 1330 quia

339 1356 734 1425 episcopatuum
764 1356 1013 1410 vetustati
1045 1354 1252 1408 clarum
1277 1355 1507 1424 pratbent
1537 1353 1915 1408 testimonium.

341 1449 662 1518 Argumenta
687 1448 796 1501 alio
824 1464 926 1502 non
957 1448 1150 1512 utitur,
1198 1463 1356 1517 quam
1391 1447 1529 1517 quod
1552 1447 1607 1500 in
1632 1445 1740 1499 illis
1762 1443 1916 1499 verba

339 1540 581 1608 quaedam
599 1547 890 1610 appareant
915 1539 1239 1610 elegantiora
1257 1555 1416 1610 quam
1437 1538 1602 1593 solent
1626 1539 1679 1591 in
1705 1546 1918 1607 aposto-

340 1633 564 1685 licorum
613 1631 826 1701 scriptis
875 1631 1130 1701 reperiri;
1169 1630 1353 1700 quales
1397 1637 1520 1684 sunt
1575 1627 1915 1692 ἀξιέπαινυι,

339 1722 839 1795 ἀξιομνημόνευτα,
868 1734 918 1778 et
945 1724 1166 1778 similia.
1206 1722 1336 1776 Dixi
1372 1739 1487 1792 ego,
1521 1722 1666 1790 paris
1697 1730 1918 1773 moneta

341 1816 595 1870 vocabula
620 1832 723 1869 non
743 1832 916 1886 pauca
940 1831 1050 1870 esse
1074 1816 1131 1868 in
1157 1813 1439 1870 Clementis
1469 1811 1732 1883 Epistola,
1757 1827 1916 1882 quam

339 1917 633 1977 suspectam
660 1924 763 1962 non
790 1908 945 1962 habet
974 1925 994 1964 :
1024 1907 1307 1962 adhazsisse
1337 1905 1448 1960 lttec
1475 1905 1569 1958 diu
1598 1919 1663 1958 ea:
1695 1902 1914 1956 lectione

340 2000 668 2066 Grecorum,
699 2001 790 2070 qui
813 2001 1037 2054 nitidius
1067 2000 1415 2070 scripserant.
1880 1986 1884 1988 Ὗ

408 2091 825 2161 Quamprimum
857 2101 1037 2149 autem
1069 2090 1438 2146 Blondelliana
1475 2089 1528 2143 in
1577 2088 1752 2142 lucem
1782 2099 1911 2156 ιιι-οη

339 2183 538 2246 dirent,
565 2191 619 2238 et
647 2181 867 2239 lsaacus
885 2182 1114 2238 Vossius
1139 2182 1384 2238 codicem
1408 2181 1732 2245 Mediceum,
1749 2191 1912 2247 quem

339 2285 448 2331 tam
482 2273 710 2330 feliciter
733 2275 998 2335 ediderat.
1024 2283 1135 2329 tam
1180 2275 1323 2330 male
1363 2279 1652 2328 tractatum
1681 2271 1912 2336 videret,

336 2367 522 2423 statim
551 2367 780 2437 epistola
810 2368 878 2422 ad
905 2365 1156 2421 Rivetum
1183 2365 1426 2420 rationes
1452 2361 1792 2434 perscripsit,
1812 2375 1913 2416 cur

333 2475 460 2515 cum
515 2475 625 2514 non
676 2459 903 2514 omnino
931 2471 1252 2528 permovere
1298 2453 1576 2525 potuerint
1603 2459 1913 2521 argumenta

332 2550 452 2618 illa,
476 2566 594 2620 quae
631 2549 804 2604 David
848 2547 1158 2603 Blondellus
1184 2545 1254 2600 ad
1286 2542 1616 2600 evertendam
1641 2538 1912 2609 Epistola-

333 2659 454 2697 rum
479 2642 680 2714 Ignatii
700 2643 971 2697 veritatem
993 2640 1202 2695 attulit.
1229 2637 1367 2692 Huic
1394 2635 1636 2708 epistolas
1657 2632 1910 2687 Blondel-

333 2734 423 2790 lus
470 2735 725 2789 adnotata
775 2748 876 2788 sua
925 2732 1176 2803 aspersit,
1207 2739 1264 2786 et
1307 2736 1570 2800 praeterea
1623 2724 1910 2782 stricturas

331 2827 596 2896 quasdam
625 2823 694 2878 ad
724 2823 906 2879 Vossii
930 2820 1099 2877 Notas
1129 2829 1256 2876 ante
1277 2819 1480 2884 editas;
1508 2815 1709 2887 quibus
1739 2813 1909 2869 altera

331 2916 614 2986 prolixiori
637 2915 868 2984 epistola
892 2913 960 2970 ad
987 2912 1240 2968 Rivetum
1263 2911 1468 2982 pariter
1489 2909 1658 2964 missa
1687 2905 1910 2961 lsaacus

331 3015 590 3064 accurate
627 3005 930 3077 respondit.
961 3003 1090 3060 Haec
1134 3010 1315 3059 autem
1367 3001 1551 3056 omnia
1595 3013 1722 3054 cum
1765 2995 1908 3066 apud

330 3096 511 3166 ipsum
540 3094 797 3151 Vossium
830 3095 926 3150 diu
965 3094 1302 3160 delituerint,
1337 3108 1436 3163 pro
1467 3105 1681 3146 summa
1712 3087 1909 3141 huma-

1949 1835 1990 1890 Β

2015 535 2361 606 episcopatus
2396 535 2520 604 jura
2555 549 2619 588 es
2662 532 2867 588 sanctis
2900 531 3200 601 Scripturis
3237 540 3293 586 et
3329 532 3594 601 primaeva

2017 626 2340 697 antiquitate
2384 636 2730 688 astrunntur,
2759 624 2950 690 edidit,
2985 634 3040 678 et
3071 639 3260 679 earum
3290 623 3589 678 secundam

2016 718 2084 773 de
2114 717 2304 788 lgnatii
2335 717 2554 786 scriptis
2583 715 2838 771 instituit.
2869 713 2928 769 In
2970 715 3062 769 illa
3107 723 3287 768 autem
3327 713 3591 768 disserta-

2018 810 2166 864 tione
2193 809 2374 878 primo
2403 806 2670 878 quidquid
2712 806 2778 861 ad
2807 807 2909 861 has
2949 804 3161 875 lgnatio
3198 803 3594 873 abjudicandas

2015 899 2275 970 epistolas
2301 899 2504 954 dictum
2535 908 2641 965 est,
2673 897 2990 954 solemniter
3009 896 3077 951 ad
3105 910 3332 951 examen
3353 895 3590 958 vocavit;

2016 991 2257 1047 secundo
2282 991 2529 1061 quaedam
2560 990 2791 1059 addidit,
2824 1005 2948 1060 quae
2991 988 3308 1044 earumdem
3351 987 3592 1042 auctori-

2015 1091 2184 1136 tatem
2211 1081 2511 1138 stabiliant.

2086 1173 2167 1226 Ad
2201 1173 2316 1228 hac
2344 1172 2675 1228 Hammondi
2710 1173 2846 1228 nihil
2876 1171 3202 1237 Salmasius,
3247 1168 3382 1225 nihil
3426 1167 3584 1223 Blon-

2017 1264 2191 1319 dellus
2237 1266 2498 1335 reposuit.
2548 1265 2706 1320 Domi
2757 1274 2937 1320 autem
2989 1263 3298 1333 theologus,
3347 1259 3594 1315 Joannes

2017 1350 2254 1409 Owenus
2318 1363 2536 1412 nostras
2583 1356 2637 1410 in
2693 1354 3023 1410 Praelatione
3073 1356 3311 1425 quadam
3365 1353 3593 1424 Anglice

2018 1443 2221 1513 scripta
2253 1445 2427 1501 multa
2473 1446 2531 1500 in
2576 1445 3010 1501 Hammondiana
3053 1443 3244 1516 lgnatii
3273 1444 3593 1500 defensione

2017 1535 2220 1604 culpat,
2245 1552 2368 1607 quae
2409 1538 2670 1608 peculiari
2711 1539 2939 1609 scripto,
2970 1538 3154 1608 lingua
3197 1538 3360 1591 etiam
3402 1545 3592 1590 nostra

2018 1623 2394 1684 Hammondus
2433 1627 2694 1686 defendit.
2729 1627 2849 1684 Non
2899 1639 3078 1684 tamen
3123 1625 3358 1683 Owenus
3397 1641 3594 1682 eorum

2018 1719 2344 1774 sententiam
2391 1721 2607 1790 probat,
2635 1722 2729 1791 qui
2758 1720 3021 1790 epistolas
3049 1735 3243 1774 omnes
3281 1718 3592 1789 lgnatianas

2017 1817 2279 1880 tanquam
2323 1812 2479 1867 ﬁctas
2521 1822 2576 1868 et
2619 1813 2997 1882 supposititias
3044 1811 3293 1868 absolute
3327 1811 3590 1865 condem-

2017 1909 2152 1956 nant
2176 1919 2191 1956 :
2223 1901 2334 1957 imo
2358 1905 2414 1957 in
2443 1919 2632 1958 earum
2657 1905 2932 1974 aliquibus
2962 1919 3173 1958 suavem
3200 1911 3250 1956 et
3278 1903 3592 1974 gratiosum,

2017 2002 2078 2050 ut
2101 2003 2377 2052 nostrates
2404 1997 2721 2066 loquuntur,
2747 1998 2892 2067 ﬁdei,
2923 1997 3243 2060 dilectionis,
3267 1996 3591 2056 sanctitatis.

2013 2096 2063 2140 et
2092 2086 2192 2141 zeli
2224 2087 2324 2142 Dei
2353 2089 2602 2158 spiritum
2649 2090 2936 2155 spirantem
2983 2099 3033 2143 et
3085 2098 3385 2157 operantem
3416 2102 3585 2156 agno.

2015 2178 2140 2233 scit.
2172 2177 2406 2234 Ministri
2432 2181 2596 2235 etiam
2629 2181 3005 2236 Londinenses
3028 2195 3154 2236 cum
3185 2180 3449 2241 Sculteto.
3480 2178 3586 2234 Vc-

2013 2269 2157 2324 delio
2193 2279 2248 2325 et
2293 2269 2486 2326 Riveto
2532 2272 2762 2342 professi
2809 2282 2938 2329 sunt
2997 2288 3057 2328 se
3118 2272 3346 2327 minime
3397 2287 3592 2326 omnes

2013 2361 2343 2430 reprobare;
2383 2363 2478 2418 sed
2509 2364 2584 2418 ita
2611 2365 2678 2419 de
2702 2364 3030 2434 corruptelis
3057 2363 3228 2418 locuti
3268 2371 3418 2426 sunt,
3447 2377 3513 2418 ac
3545 2364 3591 2418 si

2011 2451 2281 2507 editiones
2331 2441 2538 2508 Usserii
2594 2453 2885 2525 Vossiique
2937 2470 3222 2526 nunquam
3274 2453 3592 2521 vidissent;

2012 2553 2156 2600 certe
2186 2547 2317 2616 quid
2345 2546 2416 2600 de
2445 2545 2704 2616 Epistolis
2736 2546 3010 2603 defaecatis
3049 2547 3336 2618 sentirent,
3365 2549 3592 2604 minimc

2013 2635 2343 2692 indicarunt.

2082 2725 2417 2798 Theophilus
2439 2739 2622 2784 autem
2645 2727 2977 2800 Raynaudus
3003 2729 3058 2784 in
3083 2728 3474 2788 Erotematibus
3493 2749 3577 2788 ne-

2011 2827 2103 2888 gat
2120 2819 2406 2889 epistolam
2430 2821 2499 2876 ad
2523 2821 2750 2877 Mariam
2776 2820 3059 2892 Deiparam
3078 2838 3200 2879 esse
3227 2824 3594 2893 lgnatianam.

2011 2907 2310 2980 Epistolam
2356 2920 2553 2978 tamen,
2597 2912 2794 2983 inquit,
2837 2914 2907 2967 ad
2954 2913 3188 2967 Mariam
3223 2913 3593 2970 Cassoboliten

2008 3015 2119 3054 esse
2144 2997 2202 3054 S.
2232 2999 2437 3071 Ignatii
2462 3003 2644 3072 [cetum
2672 3005 2975 3074 genuinum,
2999 3017 3152 3060 extra
3180 3007 3591 3061 controversiam

2010 3106 2184 3159 pono;
2226 3093 2482 3164 quidquid
2533 3095 2860 3149 contrarium
2904 3095 3062 3164 pauci
3103 3095 3321 3166 quidam
3374 3095 3596 3152 sectarii

330 3188 520 3254 nitate,
547 3197 600 3243 et
622 3187 797 3244 bonas
821 3187 1033 3243 litteras
1061 3186 1284 3257 juvandi
1309 3183 1636 3252 studio,quo
1667 3194 1778 3249 prze
1805 3192 1909 3232 cae-
1937 3167 1980 3224 C
2011 3180 2354 3249 e/J‘utiverint.

329 3279 465 3335 teris
517 3279 774 3335 omnibus
809 3279 956 3344 ,viris
1005 3277 1180 3332 doctis
1231 3275 1464 3346 ﬂagrare
1508 3272 1745 3335 videtur,
1772 3267 1906 3322 mihi

2080 3270 2401 3330 Edmundus
2426 3274 2592 3330 etiam
2621 3273 2936 3330 Albertinus
2968 3274 3174 3331 Usserii
3212 3277 3590 3347 responsioni-

329 3371 548 3428 tandem
584 3372 639 3426 in
671 3373 774 3426 hac
801 3385 968 3426 arena
995 3367 1280 3425 desudanti
1309 3365 1640 3422 amicissime
1659 3378 1910 3418 commu-
2008 3363 2111 3420 bus
2155 3374 2212 3420 et
2260 3364 2589 3422 Hammondi
2629 3367 3005 3423 dissertationi
3037 3370 3262 3424 minime
3289 3369 3585 3438 acquievit,

329 3463 555 3530 nicavit,
583 3471 637 3517 et
671 3463 984 3533 elllagitanti
1017 3470 1078 3517 ut
1103 3475 1228 3517 cum
1256 3458 1458 3515 nostris
1497 3456 1807 3520 ederentur,
1839 3453 1909 3508 li-
2011 3456 2109 3512 sed
2150 3457 2206 3510 in
2252 3457 2408 3514 libris
2459 3458 2536 3513 De
2579 3459 2902 3515 eucharistia
2940 3459 3134 3516 Latine
3157 3459 3318 3516 editis
3345 3462 3578 3517 decreto

326 3553 650 3610 bentissime
675 3553 970 3608 concessit.

398 3643 707 3712 Quinetiam
741 3644 1188 3714 archiepiscopus
1209 3642 1590 3697 Armachanus
1612 3639 1667 3695 in
1690 3639 1907 3709 Appen-

327 3735 468 3803 dice,
495 3735 744 3804 proximo
772 3742 895 3804 post
926 3731 1190 3789 Blondelli
1218 3731 1536 3802 Apologiam
1566 3745 1713 3784 anno
1737 3729 1902 3797 edita,

329 3832 519 3888 mirari
564 3833 698 3888 satis
744 3846 805 3887 se
849 3846 960 3886 non
1012 3829 1259 3900 potuisse
1288 3827 1592 3898 proﬁtetur,
1623 3825 1762 3880 duos
1803 3824 1903 3879 hos

329 3922 515 3994 magni
564 3921 807 3977 nominis
851 3920 1022 3987 viros,
1069 3918 1401 3974 Salmasium
1443 3924 1498 3972 et
1537 3915 1901 3978 Blondellum,

327 4013 662 4084 coniecturis
685 4013 802 4069 suis
831 4020 1044 4067 tantum
1068 4012 1352 4078 tribuisse,
1375 4025 1500 4065 cum
1531 4005 1808 4079 Polycarpi
1833 4005 1901 4060 ad

329 4105 707 4176 Philippenses
733 4103 964 4166 litteras,
996 4103 1198 4173 quibus
1231 4101 1542 4172 lgnatianas
1565 4114 1597 4153 a
1627 4113 1688 4153 se
1714 4096 1899 4166 subje-

332 4205 446 4252 ctas
471 4195 642 4250 fuisse
682 4194 799 4264 ipse
827 4193 1134 4258 conﬁrmat,
1173 4207 1462 4263 germanas
1490 4192 1662 4246 fuisse
1691 4189 1901 4243 latean—

331 4296 440 4347 tur,
472 4294 526 4340 et
572 4285 671 4339 has
715 4283 861 4353 ipsas
893 4299 1014 4354 quae
1041 4281 1251 4353 Ignatio
1280 4283 1600 4338 tribuuntur
1628 4280 1900 4352 Epistolas

328 4383 385 4438 in
412 4382 656 4437 Mediceo
688 4375 878 4433 codice
903 4389 934 4430 a
957 4373 1178 4430 novitiis
1206 4378 1542 4430 assumentis
1570 4379 1790 4432 demum
1837 4380 1902 4433 li-

2007 3549 2146 3603 riam
2204 3549 2529 3605 sententiam
2592 3551 2650 3605 in
2705 3551 2822 3606 haec
2876 3552 3044 3607 verba
3106 3551 3333 3621 protulit
3383 3571 3400 3608 :
3458 3551 3586 3607 Non

2006 3642 2298 3710 negaverim
2322 3640 2595 3712 Ignatium
2617 3643 2870 3712 epistolas
2893 3643 3101 3714 aliquas
3131 3645 3403 3709 scripsisse
3425 3660 3445 3698 :
3467 3647 3582 3708 sed,

2005 3733 2052 3786 si
2081 3749 2212 3802 quas
2240 3735 2475 3804 scripsit,
2515 3734 2626 3790 illa:
2666 3735 2931 3805 perierunt
2963 3750 2982 3788 :
3012 3745 3062 3789 et
3106 3735 3284 3805 plures
3326 3735 3451 3789 alia:
3483 3736 3582 3789 sub

2003 3823 2152 3878 illius
2175 3827 2382 3880 nomine
2408 3827 2551 3880 circa
2574 3827 2805 3880 medium
2833 3828 3050 3880 secundi
3073 3827 3257 3882 saeculi
3276 3829 3585 3896 composita

2003 3928 2149 3984 sunt,
2202 3935 2265 3971 ac
2307 3919 2518 3973 incaute
2567 3927 2617 3973 et
2650 3919 2846 3990 absque
2878 3920 3122 3974 examine
3152 3937 3184 3973 a
3211 3920 3466 3974 veteribus
3496 3938 3582 3975 re-

2003 4019 2184 4079 ceplte.
2215 4008 2282 4064 Et
2316 4010 2507 4066 eodem
2551 4025 2696 4064 anno
2739 4009 2981 4066 Joannes
3026 4010 3285 4078 Dallzeus,
3327 4011 3473 4068 libro
3505 4011 3584 4068 De

1993 4101 2216 4171 jejuniis
2261 4111 2311 4156 et
2361 4102 2788 4172 Quadragesima
2832 4101 3016 4170 tertio,
3051 4101 3240 4157 Totum
3292 4104 3388 4159 hoc
3434 4107 3582 4176 quod

2005 4191 2204 4264 Ignatii
2237 4195 2446 4248 nomine
2474 4194 2847 4264 circumfertur
2875 4193 3240 4263 Epistolarum
3281 4213 3410 4266 opus
3451 4214 3582 4267 sup-

2001 4287 2296 4354 posititium
2324 4302 2457 4350 esse,
2491 4287 2927 4358 sanctissimoque
2969 4287 3193 4356 martyri
3236 4304 3340 4341 non
3389 4291 3579 4356 paucis

1999 4387 2115 4447 post
2144 4378 2256 4448 ejus
2287 4387 2506 4432 mortem
2534 4378 2689 4432 annis
2721 4378 2860 4448 falso
2903 4389 2952 4432 et
2991 4396 3084 4446 per
3125 4380 3368 4448 fraudem
3407 4383 3582 4435 ascri-

327 4476 568 4535 beratas.
605 4487 716 4527 non
747 4469 931 4526 minus
952 4484 1117 4526 uuam
1151 4468 1432 4539 Polycarpi
1459 4469 1655 4540 ipsam,
1685 4472 1903 4530 Eusebii
1929 4501 1974 4556 Β
2001 4480 2150 4538 ptum
2199 4470 2363 4540 fuisse
2409 4479 2520 4524 tam
2570 4470 2894 4524 euidentibus
2930 4479 3072 4540 patet
3119 4471 3468 4538 documentis,
3515 4486 3582 4527 ut

329 4560 663 4631 temporibus
691 4561 746 4614 in
774 4561 1020 4615 omnium
1050 4561 1306 4616 manibus
1333 4559 1506 4617 fuisse
1536 4576 1646 4616 non
1663 4568 1894 4630 negent;

329 4667 382 4704 ιιι
404 4651 555 4706 hisce
581 4659 762 4706 tamen
785 4643 1103 4722 eﬁingcndis
1135 4653 1488 4724 impostorem
1525 4652 1762 4722 aliquem
1795 4668 1898 4706 no-

328 4756 452 4796 men
498 4740 694 4813 lgnatii
741 4745 1065 4798 ementitum
1099 4758 1241 4812 esse,
1272 4743 1739 4799 conﬁdentissime
1767 4757 1897 4812 pro~

327 4832 598 4888 nuntient.
627 4832 861 4905 Pupugit
891 4834 1228 4890 Blondellum
1261 4849 1448 4890 severa
1479 4835 1596 4890 haec
1619 4833 1898 4889 mitissimi

325 4923 474 4978 senis
524 4923 895 4994 reprehensio,
947 4924 1268 4980 admirantis
1315 4933 1523 4980 tantam
1567 4941 1636 4980 ex
1686 4925 1897 4980 levibus

324 5012 653 5083 conjecturis
685 5015 1071 5070 conﬁdentiam
1105 5033 1119 5070 :
1151 5031 1324 5086 quare
1370 5015 1603 5086 epistola
1653 5016 1722 5071 ad
1768 5031 1895 5085 eum

322 5105 470 5171 data,
496 5112 551 5160 et
580 5115 817 5175 quatuor
842 5106 1126 5176 productis
1167 5109 1524 5178 argumentis,
1556 5123 1677 5178 qua:
1715 5109 1894 5179 ipsum

323 5196 649 5252 sententiam
697 5207 910 5254 mutare
953 5206 1217 5267 vetarent,
1271 5199 1478 5255 haerere
1507 5214 1568 5255 se
1593 5199 1894 5258 etiamnum

323 5290 600 5359 professus
629 5300 733 5346 est.

393 5381 590 5437 Postea
641 5382 870 5454 insignis
916 5385 1210 5441 admodum
1261 5385 1575 5456 theologus,
1624 5384 1894 5443 Henricus

322 5472 718 5540 Hammondus,
743 5491 867 5530 cum
891 5477 1092 5534 videret
1116 5478 1448 5549 theologieas
1475 5479 1656 5534 theses
1684 5481 1740 5535 in
1766 5478 1894 5535 Gal-

321 5564 394 5619 lia
423 5566 750 5636 propositas,
775 5569 1191 5639 proclamantes,
1214 5571 1359 5628 litem
1383 5585 1437 5628 et
1461 5574 1891 5628 controversiam

321 5655 389 5708 de
410 5669 790 5726 episcoporum
832 5674 998 5728 supra
1027 5662 1370 5732 presbyteros
1404 5666 1761 5735 praemgativa
1791 5665 1889 5720 dc-

323 5745 530 5803 tinitam
555 5749 668 5820 jam
694 5749 860 5808 videri
893 5767 922 5808 a
957 5753 1090 5810 viris
1119 5754 1280 5829 longe
1305 5755 1640 5815 doctissimis
1665 5757 1887 5818 domino

2003 4562 2195 4614 mirum
2237 4561 2329 4625 sit,
2371 4561 2507 4616 hanc
2551 4562 2894 4631 imposturam
2932 4562 3165 4616 homines
3187 4565 3579 4620 eruditissimos

2003 4653 2190 4708 tandiu
2233 4653 2398 4709 latere
2445 4656 2700 4725 potuisse,
2735 4663 2791 4711 et
2841 4654 2909 4710 de
2953 4670 3046 4711 sex
3081 4655 3210 4721 illis,
3238 4671 3378 4726 quas
3407 4655 3580 4713 L‘sse-

1999 4746 2117 4802 rius
2157 4747 2330 4802 voluit
2363 4762 2485 4803 esse
2531 4763 2657 4802 vere
2688 4745 2996 4817 lgnatianas
3027 4765 3043 4802 :
3073 4747 3177 4803 Sed
3211 4749 3350 4819 quod
3393 4753 3590 4820 magni-

1999 4838 2099 4891 viri
2128 4855 2255 4907 pace
2283 4839 2484 4893 dictum
2509 4841 2602 4906 sit,
2631 4855 2692 4893 ne
2723 4841 2841 4893 ista
2869 4840 3100 4911 quidem,
3125 4858 3256 4912 quas
3286 4842 3376 4896 ille
3397 4841 3578 4912 publi-

1998 4930 2161 4994 cavit,
2189 4945 2223 4982 a
2259 4929 2467 4984 meliori
2495 4947 2653 5000 quam
2677 4941 2883 4987 cazteraz
2913 4949 3072 4986 manu
3097 4950 3210 4989 esse
3233 4937 3497 4992 uidentur.

2069 5020 2292 5075 Interim
2325 5030 2503 5076 tamen
2537 5037 2648 5077 non
2699 5032 2783 5078 est
2825 5025 3211 5094 omittendum,
3241 5028 3479 5082 nobilem
3512 5029 3573 5086 in

1999 5113 2268 5186 theologia
2314 5113 2588 5180 criticum,
2627 5113 2894 5170 Joannem
2923 5115 3214 5180 Morinum.
3247 5121 3462 5177 collatis
3485 5122 3576 5176 di-

1995 5207 2171 5262 versis
2201 5206 2532 5262 editionibus
2568 5223 2633 5262 ex
2677 5205 3000 5278 Augustano
3030 5220 3083 5266 et
3109 5209 3428 5270 Florentino
3470 5231 3572 5272 ce-

1993 5298 2210 5356 dicibus
2232 5300 2586 5369 depromptis,
2619 5300 2672 5354 in
2703 5301 2865 5356 aliam
2897 5303 3056 5372 plane
3086 5303 3360 5360 diversam
3387 5309 3571 5363 maxi-

1995 5406 2191 5461 meque
2213 5392 2517 5446 mirandam
2547 5393 2871 5447 sententiam
2900 5394 3174 5449 incidisse.
3193 5396 3451 5468 Antiqua,
3477 5401 3570 5454 in~

1992 5484 2152 5554 quit,
2193 5481 2604 5554 Ignatianarum
2647 5483 3013 5554 Epistolarum
3062 5488 3228 5541 editio
3275 5482 3596 5559 genuinum'

1993 5583 2190 5628 textum
2215 5573 2363 5629 nobis
2385 5574 2608 5643 exhibet,
2640 5589 2773 5628 nova
2799 5591 2916 5630 vero
2940 5591 3184 5630 mancum
3204 5587 3253 5632 et
3274 5565 3592 5656 interpola--:

1983 5678 2122 5724 tum.
3581 5677 3585 5682 ’

2063 5760 2282 5819 Samuel
2312 5772 2491 5819 autem
2519 5760 2842 5830 Bochartus,
2875 5761 2956 5817 vir
2984 5761 3358 5833 doctissimus,
3389 5771 3444 5823 in
3474 5767 3566 5823 in-
