3868 6208
141 337 217 392 (ἱεὶ

857 331 905 389 J.
953 328 1318 387 PEABSONI!
1355 323 1682 385 VlNDlClE
1727 320 2151 382 IGNATIANE.
2189 352 2258 362 -—
2292 316 2695 376 PllO(EMlUM

3367 311 3437 368 66

144 453 295 522 genti
346 466 534 524 opere,
576 449 929 515 llierozoico,
977 445 1278 518 Epistolam
1326 444 1395 500 ad
1438 442 1743 509 Romanos,
1775 445 1819 504 Α
1849 454 2026 492 revera
2050 437 2346 505 scripsisse,
2371 436 2479 489 sive
2501 433 2572 488 ad
2596 431 2978 504 Polycamum,
3001 433 3200 524 sioead
3229 431 3438 524 Philip—

143 545 389 602 Eusebio
436 545 638 611 visam,
692 544 1006 615 probatam,
1038 549 1206 611 atque
1255 537 1600 602 deﬁoratam,
1629 551 1743 592 non

142 649 274 694 ante
294 636 649 693 Constantini
678 634 1029 706 imperatoris
1053 646 1234 689 aevum
1261 631 1523 702 scriptam
1547 629 1741 698 fuisse,

141 745 399 789 asserere
429 745 544 787 non
573 729 869 786 dubitavit.

774 864 1004 922 CAPUT
1047 865 1138 922 Vl.

145 958 430 1014 Sententia
490 959 704 1024 Dalltei,
755 960 964 1029 aliquas
1003 958 1258 1028 epistolas
1304 956 1580 1029 Ignatium
1611 959 1748 1013 scri-

218 1034 414 1100 psisse.
450 1030 740 1100 Epistolas,
769 1046 902 1100 quas
926 1030 1198 1100 habemus,
1227 1030 1435 1084 easdem
1463 1045 1593 1092 esse,
1617 1046 1747 1100 quas

221 1099 412 1154 habuit
440 1099 720 1154 Eusebius.
751 1099 857 1154 Sex
876 1103 940 1153 ab
970 1099 1196 1154 Eusebio
1212 1110 1556 1165 memoratas,
1583 1101 1749 1169 fuisse

215 1189 326 1227 non
353 1176 418 1226 ab
454 1171 667 1242 lgnatio
687 1175 935 1240 scriptas,
962 1172 1053 1225 sed
1076 1170 1138 1224 ab
1169 1173 1474 1242 impostore,
1507 1171 1748 1242 ducentis

218 1253 341 1311 post
366 1240 570 1313 Ignatii
601 1251 821 1295 mortem
852 1243 1030 1313 annis_,
1058 1244 1330 1313 conﬁctas.
1358 1240 1654 1313 Epistulam
1679 1240 1748 1313 ad

223 1311 586 1382 Polycarpum
635 1328 738 1364 non
785 1313 944 1381 fuisse
985 1311 1209 1382 Eusebio
1245 1314 1531 1380 cognitam,
1563 1311 1654 1365 sed
1684 1311 1748 1363 ab

217 1381 663 1451 alio’impostore,
693 1382 932 1436 ducentis
961 1395 1078 1452 post
1106 1381 1394 1436 Eusebium
1417 1383 1592 1444 annis,
1620 1398 1747 1452 ηιρ-

222 1456 478 1521 positam.
506 1453 780 1507 Sententia
805 1451 1010 1506 nostra.
1045 1452 1251 1522 Septem
1275 1453 1525 1522 epistolas
1550 1453 1612 1522 ab
1641 1451 1752 1504 En-

223 1525 368 1578 scbio
399 1525 728 1587 memorari;
766 1540 958 1592 easque
1004 1521 1180 1576 omnes
1213 1521 1377 1586 fuiSse
1421 1522 1485 1575 ab
1536 1521 1751 1594 Ignatio

224 1596 342 1662 ipso
373 1595 718 1648 sanctissimo
759 1606 992 1664 martyre
1021 1597 1372 1664 conscriptas.

224 1707 476 1764 Tandem
503 1706 746 1762 Joannes
779 1707 1036 1776 Dallaeus,
1072 1709 1362 1780 theologus
1390 1726 1421 1764 e
1451 1708 1627 1766 Gallia
1657 1725 1752 1766 ce—

1844 545 2054 599 penses,
2085 528 2194 583 sive
2221 525 2291 582 ad
2318 525 2454 580 alios
2481 524 2687 580 litteras
2711 526 2736 580 .’
2760 524 2924 596 Atqui
2948 541 3050 579 non
3081 523 3218 578 illud
3243 523 3442 596 qucri~

1846 630 1954 687 tur,
1995 635 2066 673 an
2109 616 2358 689 Ignatius
2392 617 2646 687 epistolas
2676 615 2886 686 aliquas
2915 615 3187 684 scripserit
3244 615 3442 684 (incre-

1844 714 2008 770 dibile
2042 723 2152 780 est,
2188 712 2494 783 hujusmodi
2525 711 2696 764 uirum
2722 705 2901 762 nullas
2937 708 3251 778 scripsisse;
3281 722 3441 768 neque

1846 808 2121 878 scripsisse
2147 805 2357 876 aliquas
2387 803 2668 875 quisquam
2694 802 2870 873 negat)
2895 804 3182 872 quceritur,
3213 815 3285 854 an
3319 799 3437 860 has,

1845 917 1979 971 quas
2022 914 2160 954 nunc
2203 897 2478 959 habemus,
2502 893 2819 963 scripserit?
2847 890 2966 947 Non
3002 891 3168 962 igitur
3191 904 3336 961 opus
3361 896 3443 944 est

1849 1001 1910 1047 ut
1948 991 2250 1062 probemus
2289 988 2507 1058 aliquas
2531 987 2600 1041 ab
2630 986 2752 1056 ipso
2781 983 2839 1040 S.
2866 984 3078 1056 lgnatio
3101 982 3445 1053 conscriptas

1849 1081 2024 1138 fuisse
2052 1079 2338 1151 epistolas,
2369 1077 2617 1146 adeoque
2663 1076 2943 1132 exsutisse
2988 1073 3289 1144 aliquando
3339 1071 3443 1128 ali-

1849 1174 1976 1230 cubi
2011 1174 2229 1243 aliquas
2277 1169 2578 1241 genuinas;
2631 1169 2684 1223 id
2713 1168 2858 1224 enim
2888 1167 3015 1237 jure
3045 1180 3145 1236 pro
3174 1177 3445 1220 concesso

1852 1265 2146 1328 sumimus,
2170 1278 2296 1319 cum
2325 1259 2703 1316 adversarium
2735 1259 3086 1314 conﬁtentem
3115 1255 3438 1311 habeamus.

1924 1352 2180 1409 Secundo
2227 1351 2494 1421 epistolas
2543 1364 2660 1415 eas,
2699 1363 2840 1418 quas
2892 1362 3039 1402 nunc
3087 1347 3357 1401 habemus
3386 1343 3442 1398 in

1853 1444 2189 1501 cditionibus
2220 1441 2432 1498 Usserii
2456 1450 2511 1496 et
2542 1438 2724 1495 Vossii
2764 1439 2834 1493 ab
2868 1437 3206 1493 assumcntis
3245 1436 3446 1491 liberas

1853 1539 2074 1594 easdem
2132 1537 2363 1592 omnino
2415 1551 2563 1600 esse,
2595 1551 2736 1605 quas
2765 1534 2957 1589 habuit
2986 1531 3279 1599 Eusebius,
3318 1546 3445 1587 cum

1857 1628 2138 1685 Blondello
2167 1643 2270 1685 suo
2300 1627 2508 1682 fatetur
2535 1626 2794 1681 Dallaaus.
2823 1624 2892 1679 In
2927 1641 3109 1680 eorum
3147 1623 3444 1690 codicibus,

1857 1721 2058 1791 inquit,
2089 1720 2171 1776 ha:
2194 1719 2324 1788 ipsa
2345 1717 2586 1788 epistola:
2605 1715 2884 1785 descripta:
2909 1724 3056 1780 sunt,
3079 1713 3237 1784 plane
3265 1711 3445 1783 quales

152 1802 512 1864 leberrimus,
542 1800 905 1872 plurimisque
950 1803 1005 1856 in
1053 1803 1161 1857 hoc
1201 1803 1505 1873 praesertim
1559 1820 1756 1874 genere

1866 1813 2102 1881 Eusebii,
2126 1811 2432 1876 Athanasii,
2461 1819 2510 1864 et
2538 1820 2851 1862 cazterorum
2878 1822 3009 1877 quos
3035 1805 3273 1859 diximus
3303 1803 3446 1877 (Ilie-

151 1895 668 1950 controversiarum
714 1896 1010 1952 elaboratis
1063 1898 1324 1966 operibus
1378 1897 1704 1953 notissimus
1733 1937 1750 1962 ,

153 2004 266 2044 non
301 1998 598 2045 contentus
637 1989 706 2045 iis
734 2005 858 2060 qua:
889 1989 956 2045 de
985 1990 1278 2047 manifesta
1308 1989 1611 2062 impostura
1635 1992 1757 2046 obi-

154 2091 258 2147 ter,
291 2080 442 2134 libro
470 2079 547 2134 De
566 2081 816 2151 jejuniis,
850 2092 1162 2149 monuerat,
1191 2092 1248 2138 et
1280 2083 1336 2136 in
1365 2099 1563 2139 novam
1597 2085 1756 2154 plane

153 2175 495 2231 sententiam
523 2175 594 2230 de
625 2184 785 2230 etate
815 2175 1134 2245 impostoris
1178 2175 1458 2246 delapsus,
1505 2176 1758 2246 miraque

153 2283 272 2324 suae
327 2267 667 2338 conjecturae
710 2267 1000 2323 dulcedine
1057 2276 1272 2338 captus,
1321 2268 1755 2323 controversiam

157 2364 306 2417 hanc
367 2376 571 2432 magna
626 2359 800 2416 animi
855 2360 1208 2416 contentione
1253 2360 1666 2430 redintegravit,
1704 2369 1760 2416 et

155 2455 358 2527 grandi
387 2453 671 2510 volumine
694 2453 963 2510 adversus
985 2468 1180 2510 omnes
1205 2468 1664 2524 quarumcunque
1695 2453 1752 2511 S.

157 2547 358 2620 Ignatii
385 2547 758 2618 Epistolarum
789 2545 1110 2603 defensores
1155 2546 1263 2602 late
1287 2546 1609 2616 disputavit.
1644 2545 1761 2603 Sub

161 2642 278 2711 ejus
305 2641 462 2696 enim
493 2640 720 2695 nomine
748 2639 1076 2710 prodierunt
1137 2638 1216 2692 De
1254 2639 1491 2709 scriptis,
1515 2655 1634 2710 qua:
1661 2639 1760 2694 sub

161 2734 411 2804 Dionysii
442 2733 782 2803 Areopagitae
812 2739 862 2786 et
887 2729 1094 2802 Ignatii
1121 2731 1437 2785 Anticcheni
1459 2729 1762 2786 nominibus

157 2826 637 2896 circumferuntur,
669 2825 796 2879 libri
825 2825 933 2878 duo
963 2839 983 2878 :
1021 2825 1210 2895 quibus
1236 2823 1654 2891 demonstratur,
1684 2823 1763 2878 uti

161 2922 385 2990 prastert
413 2918 655 2984 Titulus,
687 2918 786 2972 illa
819 2917 1101 2972 subdititia
1128 2935 1261 2983 esse,
1290 2917 1384 2970 diu
1417 2925 1535 2986 post
1560 2928 1766 2988 marty-

161 3031 304 3078 rum,
337 3013 536 3083 quibus
569 3012 714 3082 falso
745 3011 1075 3076 tribuuntur,
1099 3010 1300 3064 obitum
1329 3010 1479 3079 ﬁcta.

234 3107 303 3161 Et
338 3105 566 3176 quidem
592 3105 661 3161 de
685 3104 995 3159 indubitata
1022 3102 1406 3173 suppositione
1436 3103 1764 3172 scriptorum

163 3199 412 3270 Dionysii
446 3199 806 3268 Areopagitae
837 3195 1040 3252 Dallaeo
1077 3197 1237 3266 plane
1267 3197 1573 3263 assentior;
1605 3195 1769 3266 idque

158 3303 298 3363 puto
343 3300 476 3347 ante
523 3291 810 3356 Dallaaum,
863 3289 1242 3355 Sirmondum,
1279 3287 1585 3356 Petavium,
1623 3287 1769 3344 Lau-

164 3399 396 3455 lt03um,
429 3382 732 3447 Morinum,
765 3383 1016 3452 aliosque
1045 3383 1128 3437 vel
1157 3381 1292 3451 ipsis
1318 3381 1614 3451 pontiﬁciis
1645 3396 1770 3451 per-

159 3479 436 3533 suasisse.
491 3475 599 3531 Sed
629 3476 699 3531 de
728 3484 888 3530 aetate
926 3475 1198 3542 auctoris,
1234 3475 1330 3546 qui
1361 3490 1424 3530 ea
1465 3475 1684 3546 scripsit
1713 3486 1770 3530 et

158 3570 515 3641 Areopagitae
563 3568 874 3638 supposuit,
906 3569 1225 3638 quicunque
1269 3567 1389 3632 fuit,
1419 3569 1582 3627 ab-eo
1611 3583 1768 3638 pror—

160 3678 257 3717 sus
283 3662 599 3727 dissentio;
629 3669 684 3716 et
709 3659 816 3715 erit
843 3660 1003 3714 nobis
1030 3658 1085 3712 in
1116 3659 1222 3713 hoc
1251 3660 1371 3729 ipso
1399 3674 1566 3729 opere
1597 3660 1767 3714 ratio-

163 3770 261 3810 nes
287 3754 584 3810 sententia:
606 3761 813 3808 nostra;
835 3750 1098 3808 aﬁ‘erendi
1119 3753 1338 3808 occasio
1364 3766 1474 3807 non
1508 3752 1766 3823 inoppor-

161 3857 318 3902 tuna.

235 3941 313 3996 De
365 3939 583 4010 lgnatio
626 3937 897 4008 duplicem
949 3936 1184 3994 Dallteus
1225 3937 1485 4008 proponit
1507 3936 1765 4008 quaestio-

163 4047 316 4098 nem,
364 4045 607 4102 quarum
657 4031 834 4099 prima
867 4030 984 4085 haec
1024 4038 1110 4084 est
1136 4048 1150 4084 :
1180 4030 1264 4083 An
1303 4045 1480 4084 omnes
1503 4027 1762 4099 epistolaz,

163 4138 282 4192 qua
305 4129 406 4175 sub
434 4120 553 4185 eius
577 4121 785 4176 nomine
799 4121 1267 4191 circumferuntur,
1289 4121 1522 4190 ejusdem
1548 4121 1655 4175 sint
1667 4136 1764 4189 pa-

169 4215 374 4270 rentia?
394 4212 555 4268 Hanc
587 4221 788 4281 negat;
812 4200 986 4282 neque
1006 4228 1108 4284 ego
1131 4213 1363 4278 afﬁrmo,
1389 4221 1485 4267 aut
1509 4212 1578 4267 de
1602 4226 1666 4267 ea
1692 4211 1728 4265 li
1744 4239 1762 4250 -

167 4319 275 4363 tem
313 4321 536 4362 moveo.
571 4303 824 4361 Secunda
868 4306 1101 4376 quaestio
1134 4314 1220 4361 est
1252 4325 1267 4361 :
1298 4305 1384 4360 An
1427 4321 1612 4360 earum
1645 4305 1761 4374 epi-

168 4401 456 4464 stolarum,
509 4413 630 4468 qua:
661 4407 786 4451 sunt
833 4397 897 4451 ab
946 4395 1176 4452 Eusebio
1214 4406 1263 4451 et
1301 4396 1626 4468 Hieronymo
1655 4411 1763 4448 me-

1858 1903 2098 1976 ronymi,
2164 1901 2396 1964 scilicet,
2447 1899 2776 1954 Theodoreti
2824 1907 2990 1968 atque
3035 1896 3305 1967 Gelasii),
3341 1911 3448 1951 levo

1857 1997 2122 2059 castitisse
2143 1992 2585 2048 verisimillimum
2607 2001 2704 2046 est.
2761 1990 2924 2061 quue
2947 1989 3150 2058 liquido
3175 2004 3444 2058 apparere,

1859 2090 2037 2160 capite
2064 2087 2308 2144 secundo
2340 2086 2518 2140 tribus
2542 2084 2882 2155 argumentis
2912 2083 3128 2154 probat.
3153 2081 3238 2137 Ad
3267 2091 3451 2137 osten-

1858 2182 2095 2239 dendam
2125 2180 2292 2251 igitur
2317 2177 2728 2249 lgnatianorum
2758 2175 3046 2230 veritatem
3071 2189 3181 2228 non
3206 2187 3346 2243 opus
3367 2181 3452 2227 est

1861 2285 1920 2330 ut
1961 2275 2256 2345 probemus
2289 2271 2510 2327 easdem
2559 2284 2663 2325 nos
2711 2267 2974 2339 epistolas
3024 2267 3267 2330 habere,
3311 2279 3451 2335 quas

1862 2369 2054 2424 habuit
2089 2366 2392 2431 Eusebius;
2428 2365 2533 2418 hoc
2561 2363 2708 2417 cnim
2746 2361 2908 2416 nobis
2931 2359 3164 2431 largitur
3194 2359 3453 2414 adversa-

1859 2461 2000 2517 ‘ius.
2025 2458 2140 2513 Hoc
2165 2467 2375 2513 tantum
2409 2455 2814 2512 observandum
2839 2461 2944 2520 est,
2972 2453 3176 2507 habere
3205 2465 3310 2506 nos
3336 2450 3454 2520 epi-

1860 2552 2036 2608 stolas
2061 2549 2285 2619 Eusebii
2316 2563 2434 2604 tevo
2479 2547 2752 2620 cognitas,
2783 2546 2878 2602 sed
2909 2559 2976 2600 eo
3003 2543 3168 2599 modo
3199 2559 3230 2598 a
3282 2542 3452 2596 libra-

1865 2646 1962 2701 riis
1992 2653 2278 2710 tractatas,
2310 2655 2423 2713 quo
2460 2639 2569 2695 alia
2598 2647 2844 2694 veterum
2875 2637 3081 2707 scripta
3114 2634 3184 2690 ab
3227 2635 3295 2690 iis
3343 2643 3456 2689 tra-

1861 2737 2001 2794 ctari
2034 2736 2233 2803 solent,
2263 2735 2368 2790 hoc
2397 2741 2502 2798 est,
2528 2730 2854 2802 sacpiuscule
2881 2739 2978 2784 aut
3006 2729 3336 2794 litterarum,
3359 2736 3456 2781 aut

1863 2829 2030 2885 etiam
2080 2825 2479 2884 vocabulorum
2531 2820 3021 2893 permutationem,
3080 2818 3223 2875 forte
3288 2819 3452 2874 etiam

1867 2920 2324 2978 sententiolarum
2356 2915 2761 2971 mutilationem
2807 2913 3010 2969 alicubi
3049 2927 3265 2982 passas.
3296 2910 3454 2978 Quod

1830 3022 1992 3070 'cum
2041 3014 2095 3067 in
2146 3011 2380 3066 aliorum
2434 3008 2655 3078 scriptis
2684 3022 2789 3062 usu
2815 3006 3004 3061 venire
3032 3005 3224 3072 soleat,
3272 3020 3373 3060 cur
3400 3004 3454 3058 in

1793 3136 1838 3195 ο
1870 3105 2074 3162 nostris
2099 3105 2245 3159 idem
2278 3103 2486 3159 factum
2520 3101 2645 3173 quis
2679 3109 2861 3172 neget,
2899 3099 3042 3154 ratio
3064 3097 3215 3152 nulla
3245 3107 3363 3164 est;
3397 3107 3460 3153 ut

1870 3217 1936 3258 ea
1955 3201 2092 3256 locis
2114 3199 2299 3255 minus
2324 3197 2477 3254 sanis
2503 3195 2776 3250 medicina
2806 3193 3004 3249 merito
3029 3191 3340 3247 adhibenda
3362 3191 3456 3257 sit,

1870 3309 1995 3364 qua:
2023 3292 2149 3348 aliis
2177 3297 2423 3346 veterum
2459 3287 2680 3358 scriptis
2722 3285 2866 3341 male
2913 3283 3164 3340 tractatis
3210 3282 3458 3338 adhiberi

1871 3390 2034 3444 solet.

1941 3479 2130 3536 Tertio
2175 3478 2434 3549 epistolas
2477 3477 2621 3541 illas,
2655 3489 2796 3546 quas
2846 3473 3038 3529 habuit
3061 3471 3355 3538 Eusebius,
3386 3471 3458 3528 ab

1867 3571 2081 3644 lgnatio
2104 3572 2341 3641 scriptas
2376 3570 2550 3625 fuisse
2573 3578 2775 3638 negat;
2824 3567 2894 3622 ab
2933 3567 3237 3636 impostore
3269 3565 3458 3635 aliquo

1869 3665 2025 3721 ﬁctas
2052 3673 2108 3720 et
2135 3662 2450 3733 suppositas
2487 3660 2740 3715 aﬁirmat.
2771 3658 3138 3729 lmpostorem
3166 3659 3317 3712 illum
3348 3673 3459 3712 non

1869 3759 2020 3814 circa
2050 3757 2292 3812 medium
2339 3754 2566 3810 secundi
2612 3752 2820 3818 seaculi,
2850 3759 2912 3806 ut
2951 3749 3306 3816 Albertinus;
3348 3763 3459 3803 non

1867 3850 1971 3907 sub
2017 3847 2302 3902 Antonino
2353 3846 2439 3901 vel
2495 3843 2570 3899 M.
2603 3844 2852 3910 Aurelio,
2882 3852 2940 3898 ut
2976 3841 3316 3908 Salmasius;
3349 3855 3457 3896 non

1866 3940 2052 3996 statim
2104 3949 2230 4011 post
2281 3939 2580 3995 Clementis
2630 3937 2990 3993 Alexandrini
3041 3937 3456 3997 dormitionem,

1865 4036 1982 4090 sive
2010 4045 2229 4089 centum
2259 4033 2330 4088 ab
2357 4032 2553 4103 Ignatii
2581 4040 2758 4087 morte
2784 4031 2968 4097 annis,
3002 4038 3062 4085 ut
3096 4029 3414 4084 Blondellus
3439 4045 3454 4094 ;

1865 4126 1958 4182 sed
1988 4125 2256 4196 praecipiti
2289 4125 2454 4180 tertio
2491 4124 2694 4179 saeculo
2737 4122 3013 4193 Epistolas
3064 4122 3361 4188 eﬁinxisse,
3406 4131 3461 4176 et

1863 4234 2003 4290 epus
2048 4217 2284 4274 edictum
2327 4218 2382 4272 in
2430 4218 2608 4272 lucem
2656 4217 2861 4271 exiisse
2894 4217 3042 4271 circa
3083 4215 3228 4270 tertii
3274 4215 3457 4272 saacult

1863 4310 2052 4377 ﬁnem,
2079 4309 2165 4365 vel
2196 4308 2378 4380 quarti
2414 4308 2591 4375 initia,
2637 4307 2926 4363 ariolatur.
2961 4305 3096 4373 lmo,
3129 4314 3189 4360 ut
3219 4305 3347 4359 alibi
3379 4306 3462 4358 lo-

1865 4403 2076 4473 quitur,
2108 4402 2363 4457 ducentis
2390 4411 2513 4471 post
2545 4400 2817 4473 lgnatium
2866 4401 3028 4456 annis
3075 4401 3164 4455 hic
3191 4399 3461 4468 impostor

168 4500 418 4554 moratae,
470 4503 588 4541 vere
631 4495 820 4540 auctor
858 4487 926 4540 sit
968 4488 1049 4540 vir
1082 4488 1452 4541 sanctissimus
1497 4487 1767 4558 Ignatius,
1799 4492 1846 4548 D
1877 4495 2031 4562 vixit,
2059 4494 2388 4564 scripsitque
2420 4504 2572 4560 tunc,
2602 4511 2722 4548 cum
2740 4493 2928 4564 aliqua
2956 4493 3069 4562 jam
3090 4491 3287 4546 εταιάε
3315 4491 3457 4544 Con-

166 4583 258 4651 qui
285 4598 432 4635 anno
466 4579 693 4650 Trajani
738 4580 1014 4634 undecimo
1042 4581 1361 4649 martyrium
1392 4579 1575 4634 Romae
1599 4581 1722 4645 fecit
1745 4581 1772 4635 2

169 4675 328 4730 lianc
364 4675 462 4729 ille
497 4673 705 4744 pariter
732 4680 929 4743 negat;
961 4687 1064 4743 ego
1094 4672 1247 4727 nullo
1274 4671 1437 4726 modo
1464 4673 1768 4743 negandam

169 4779 327 4839 puto,
359 4777 418 4824 et
446 4767 597 4822 omni
629 4767 1040 4822 asseveratione
1077 4767 1259 4836 potius
1289 4765 1521 4820 atﬁrmo.

240 4857 320 4914 Ut
345 4868 534 4912 autem
563 4858 856 4927 utriusque
878 4866 1133 4913 nostrum
1157 4858 1429 4913 sententia
1455 4857 1637 4914 adhuc
1660 4873 1772 4913 ma-

171 4952 432 5008 nifestius
483 4950 749 5020 pateﬁat,
807 4950 1072 5004 nonnulla
1142 4949 1372 5004 ulterius
1427 4949 1768 5007 observanda

170 5046 463 5104 duximus,
498 5050 668 5113 atque
701 5041 836 5095 illud
880 5041 1151 5111 imprimis
1181 5060 1195 5096 :
1235 5040 1534 5112 Scripsisse
1558 5041 1770 5112 aliquas

173 5140 452 5208 Ignatium
503 5134 770 5205 epistolas
812 5149 922 5189 non
960 5142 1125 5205 negat
1165 5132 1431 5201 Dallzeus;
1464 5144 1520 5190 et
1548 5152 1616 5192 ne
1645 5135 1770 5192 talis

173 5232 276 5302 ipsi
316 5229 616 5299 aﬂingatur
644 5228 942 5293 sententia,
973 5242 1326 5297 summopere
1357 5238 1532 5284 cavet.
1559 5229 1772 5295 Quaeri-

171 5336 279 5388 tur,
308 5325 518 5393 inquit,
549 5338 656 5374 non
687 5338 758 5373 an
778 5321 1030 5388 epistolas
1059 5321 1329 5389 scripserit
1356 5319 1601 5390 lgnatius
1632 5324 1770 5394 (quis

169 5423 314 5475 enim
337 5430 455 5473 tam
479 5418 666 5486 fatuus
689 5423 790 5477 est,
811 5424 870 5468 ut
885 5415 1162 5484 scripsisse
1185 5430 1300 5468 eum
1317 5415 1528 5485 aliquas
1549 5417 1768 5487 πέραν),

169 5515 282 5577 sed,
315 5530 390 5566 an
430 5511 554 5574 has,
589 5526 708 5580 qua:
737 5508 1210 5577 circumferuntur,
1235 5508 1552 5576 scripserit?
1579 5507 1643 5562 Et
1672 5509 1773 5562 ali-

171 5607 222 5661 bi
262 5626 278 5661 :
315 5605 496 5672 Quasi
530 5619 650 5657 vero
677 5603 958 5672 quisquam
983 5617 1147 5670 usque
1181 5601 1314 5655 adeo
1338 5601 1566 5656 stolidus
1589 5603 1683 5669 sit,
1712 5611 1772 5656 ut

171 5707 322 5769 neget
349 5697 707 5764 amplissima:
731 5695 963 5748 civitatis
987 5694 1309 5763 episcopum,
1335 5693 1404 5746 ad
1420 5693 1532 5748 haec
1561 5704 1773 5763 apostoc

173 5795 346 5845 totum
365 5788 719 5858 discipulum,
734 5786 876 5842 ullas
898 5786 976 5844 vel
997 5787 1224 5841 scribere
1238 5786 1492 5857 potuisse,
1513 5786 1590 5841 vel
1610 5788 1768 5842 etiam

1870 4588 2059 4645 stantii
2088 4585 2167 4642 vel
2189 4587 2532 4641 Constantini
2552 4585 2668 4656 ejus
2691 4586 2795 4656 ﬁlii
2823 4585 2900 4640 vel
2923 4584 3354 4649 Christianismo,
3383 4585 3460 4640 vel

1869 4681 1941 4738 ad
1965 4679 2434 4736 Christianismum
2453 4681 2798 4750 propensione
2823 4695 3011 4750 sparsa
3035 4679 3222 4745 fama:
3253 4687 3307 4730 et
3339 4677 3460 4745 ejus

1871 4775 2024 4844 operi
2063 4775 2119 4829 in
2154 4771 2333 4827 lucem
2375 4771 2687 4842 ernmpenti
2735 4770 3008 4826 Eusebius
3040 4786 3104 4826 a.
3140 4767 3206 4822 D.
3241 4769 3460 4823 circiter

1870 4867 1977 4924 ’550
2009 4866 2401 4924 obstetricatus
2443 4875 2547 4920 est.
2600 4863 2803 4934 Lepida
2835 4863 2999 4933 plane
3030 4863 3145 4916 haec
3171 4859 3380 4924 fabula,
3407 4872 3461 4914 et

1871 4967 1998 5014 ante
2039 4959 2187 5015 hunc
2214 4960 2359 5014 diem
2392 4956 2674 5023 inaudita;
2703 4955 2810 5010 nisi
2838 4957 2986 5025 quod
3018 4953 3184 5008 etiam
3217 4951 3450 5007 Bcchar-

1873 5060 1961 5106 tus
2003 5051 2292 5120 epistolam
2337 5049 2406 5104 ad
2455 5047 2739 5103 Romanos
2780 5045 2884 5102 sub
2913 5042 3276 5100 Constantino
3323 5043 3462 5097 scri-

1869 5151 2019 5214 ptam
2049 5141 2362 5197 somniavit.

1942 5235 2057 5308 Ego
2089 5244 2238 5291 certe
2265 5252 2298 5290 e
2326 5244 2541 5301 contra,
2571 5234 2666 5303 qui
2702 5232 2769 5287 de
2800 5232 3103 5300 impostore
3143 5227 3260 5292 illo,
3291 5240 3455 5294 quem

1871 5327 1964 5382 alii
1992 5327 2260 5400 secundo,
2291 5327 2384 5381 alii
2431 5326 2614 5390 tertio,
2645 5325 2736 5378 alii
2780 5331 2980 5393 quarto
3019 5321 3222 5376 saeculo
3251 5319 3458 5372 vixisse

1872 5429 2142 5487 statuunt,
2179 5419 2316 5474 nihil
2352 5433 2598 5488 unquam
2627 5432 2657 5471 a
2686 5415 2946 5486 quopiam
2995 5423 3121 5468 ante
3154 5412 3257 5466 hoc
3283 5425 3455 5466 saecu-

1873 5513 1986 5567 lum
2015 5514 2286 5584 scriptum
2315 5511 2518 5582 reperi,
2539 5510 2633 5579 qui
2665 5510 2734 5564 de
2760 5509 3064 5577 impostura
3096 5505 3205 5560 ulla
3239 5503 3294 5556 in
3325 5499 3454 5570 Epi-

1873 5605 2030 5662 stolis
2057 5603 2298 5660 Eusebio
2325 5602 2459 5658 visis
2488 5601 2695 5656 nullam
2721 5613 2966 5670 unquam
2994 5595 3362 5666 suspicionem
3397 5591 3450 5644 iu

1874 5693 2116 5749 Ecclesia
2161 5695 2456 5749 excitatam
2501 5693 2651 5754 novi,
2699 5691 2796 5761 qui
2842 5689 3182 5760 ipsissimum
3208 5685 3266 5738 S.
3297 5682 3454 5752 lgna-

1880 5787 2022 5842 tium'
2055 5802 2243 5843 earum
2277 5794 2557 5842 auctorem
2581 5784 2730 5840 omni
2763 5783 2832 5841 ab
2861 5781 3033 5852 ipsius
3061 5786 3218 5834 :rtatc
3251 5772 3451 5834 saeculo
