  <div class='ocr_page' id='page_1' title='image "/cluster/home/n/w/nwhite01/storage/ocr_20150623/5/nnc1.0046978607/041.png"; bbox 0 0 3878 6210; ppageno 0'>
   <div class='ocr_carea' id='block_1_1' title="bbox 453 314 3731 381">
    <p class='ocr_par' dir='ltr' id='par_1_1' title="bbox 453 314 3731 381">
     <span class='ocr_line' id='line_1_1' title="bbox 453 314 3731 381; baseline 0.002 -5"><span class='ocrx_word' id='word_1_1' title='bbox 453 321 520 376; x_wconf 78' lang='lat'><strong>67</strong></span> <span class='ocrx_word' id='word_1_2' title='bbox 1525 316 1582 374; x_wconf 75' lang='grc' dir='ltr'><strong>Β.</strong></span> <span class='ocrx_word' id='word_1_3' title='bbox 1626 315 1975 376; x_wconf 76' lang='lat' dir='ltr'><strong>lGNA&#39;I&#39;llis.</strong></span> <span class='ocrx_word' id='word_1_4' title='bbox 2009 345 2080 358; x_wconf 95' lang='lat'><strong>—</strong></span> <span class='ocrx_word' id='word_1_5' title='bbox 2109 314 2653 376; x_wconf 82' lang='lat' dir='ltr'><strong>PROLEGOMENA.</strong></span> <span class='ocrx_word' id='word_1_6' title='bbox 3654 323 3731 381; x_wconf 76' lang='lat'><strong><em>68</em></strong></span> 
     </span>
    </p>
   </div>
   <div class='ocr_carea' id='block_1_2' title="bbox 449 437 2040 517">
    <p class='ocr_par' dir='ltr' id='par_1_2' title="bbox 449 437 2035 517">
     <span class='ocr_line' id='line_1_2' title="bbox 449 437 2035 517; baseline -0.005 -16"><span class='ocrx_word' id='word_1_7' title='bbox 449 444 696 517; x_wconf 85' lang='lat' dir='ltr'><strong>agnitum</strong></span> <span class='ocrx_word' id='word_1_8' title='bbox 733 439 1122 508; x_wconf 77' lang='lat' dir='ltr'><strong>animadverti,</strong></span> <span class='ocrx_word' id='word_1_9' title='bbox 1158 437 1254 511; x_wconf 87' lang='lat' dir='ltr'><strong>qui</strong></span> <span class='ocrx_word' id='word_1_10' title='bbox 1302 453 1494 496; x_wconf 88' lang='lat' dir='ltr'><strong>omnes</strong></span> <span class='ocrx_word' id='word_1_11' title='bbox 1523 439 1788 511; x_wconf 74' lang='lat' dir='ltr'><strong>epistolas</strong></span> <span class='ocrx_word' id='word_1_12' title='bbox 1819 454 1850 493; x_wconf 92' lang='lat' dir='ltr'><strong>a</strong></span> <span class='ocrx_word' id='word_1_13' title='bbox 1882 446 2035 493; x_wconf 91' lang='lat' dir='ltr'><strong>tanto</strong></span> 
     </span>
    </p>
   </div>
   <div class='ocr_carea' id='block_1_3' title="bbox 2144 437 3734 517">
    <p class='ocr_par' dir='ltr' id='par_1_3' title="bbox 2144 438 3734 514">
     <span class='ocr_line' id='line_1_3' title="bbox 2144 438 3734 514; baseline 0.006 -20"><span class='ocrx_word' id='word_1_14' title='bbox 2144 457 2215 512; x_wconf 82' lang='grc' dir='ltr'>νῳ</span> <span class='ocrx_word' id='word_1_15' title='bbox 2235 442 2568 512; x_wconf 83' lang='grc' dir='ltr'>προσφωνεῖ,</span> <span class='ocrx_word' id='word_1_16' title='bbox 2585 440 2726 511; x_wconf 86' lang='lat' dir='ltr'><strong>apud</strong></span> <span class='ocrx_word' id='word_1_17' title='bbox 2750 438 3106 514; x_wconf 80' lang='lat' dir='ltr'><strong>ﬂesyehium,</strong></span> <span class='ocrx_word' id='word_1_18' title='bbox 3137 451 3190 498; x_wconf 89' lang='lat' dir='ltr'><strong>et</strong></span> <span class='ocrx_word' id='word_1_19' title='bbox 3209 441 3430 508; x_wconf 79' lang='grc' dir='ltr'>ίδιάσαι,</span> <span class='ocrx_word' id='word_1_20' title='bbox 3451 448 3575 502; x_wconf 75' lang='grc' dir='ltr'>κατ’</span> <span class='ocrx_word' id='word_1_21' title='bbox 3590 447 3734 504; x_wconf 77' lang='grc' dir='ltr'>ἰδίαν</span> 
     </span>
    </p>
   </div>
   <div class='ocr_carea' id='block_1_4' title="bbox 448 529 2037 604">
    <p class='ocr_par' dir='ltr' id='par_1_4' title="bbox 448 529 2037 604">
     <span class='ocr_line' id='line_1_4' title="bbox 448 529 2037 604; baseline -0.006 -11"><span class='ocrx_word' id='word_1_22' title='bbox 448 540 570 593; x_wconf 86' lang='lat' dir='ltr'><strong>viro</strong></span> <span class='ocrx_word' id='word_1_23' title='bbox 616 537 849 604; x_wconf 88' lang='lat' dir='ltr'><strong>scriptas</strong></span> <span class='ocrx_word' id='word_1_24' title='bbox 892 533 1077 589; x_wconf 87' lang='lat' dir='ltr'><strong>statim</strong></span> <span class='ocrx_word' id='word_1_25' title='bbox 1127 532 1360 602; x_wconf 83' lang='lat' dir='ltr'><strong>periisse</strong></span> <span class='ocrx_word' id='word_1_26' title='bbox 1405 531 1651 586; x_wconf 89' lang='lat' dir='ltr'><strong>animum</strong></span> <span class='ocrx_word' id='word_1_27' title='bbox 1683 529 1947 586; x_wconf 85' lang='lat' dir='ltr'><strong>inducere</strong></span> <span class='ocrx_word' id='word_1_28' title='bbox 1974 540 2037 584; x_wconf 89' lang='lat' dir='ltr'><strong>ut</strong></span> 
     </span>
    </p>
   </div>
   <div class='ocr_carea' id='block_1_5' title="bbox 450 619 2037 694">
    <p class='ocr_par' dir='ltr' id='par_1_5' title="bbox 450 619 2037 694">
     <span class='ocr_line' id='line_1_5' title="bbox 450 619 2037 694; baseline -0.008 -9"><span class='ocrx_word' id='word_1_29' title='bbox 450 630 669 687; x_wconf 84' lang='lat' dir='ltr'><strong>credam</strong></span> <span class='ocrx_word' id='word_1_30' title='bbox 699 625 928 681; x_wconf 87' lang='lat' dir='ltr'><strong>minime</strong></span> <span class='ocrx_word' id='word_1_31' title='bbox 954 638 1218 694; x_wconf 87' lang='lat' dir='ltr'><strong>possum;</strong></span> <span class='ocrx_word' id='word_1_32' title='bbox 1261 637 1371 676; x_wconf 90' lang='lat' dir='ltr'><strong>non</strong></span> <span class='ocrx_word' id='word_1_33' title='bbox 1421 629 1635 676; x_wconf 87' lang='lat' dir='ltr'><strong>tantum</strong></span> <span class='ocrx_word' id='word_1_34' title='bbox 1677 620 1893 690; x_wconf 88' lang='lat' dir='ltr'><strong>aliquas</strong></span> <span class='ocrx_word' id='word_1_35' title='bbox 1921 619 2037 689; x_wconf 84' lang='lat' dir='ltr'><strong>epi-</strong></span> 
     </span>
    </p>
   </div>
   <div class='ocr_carea' id='block_1_6' title="bbox 452 711 2037 789">
    <p class='ocr_par' dir='ltr' id='par_1_6' title="bbox 452 711 2037 789">
     <span class='ocr_line' id='line_1_6' title="bbox 452 711 2037 789; baseline -0.006 -13"><span class='ocrx_word' id='word_1_36' title='bbox 452 721 622 777; x_wconf 84' lang='lat' dir='ltr'><strong>stolas</strong></span> <span class='ocrx_word' id='word_1_37' title='bbox 651 732 914 789; x_wconf 86' lang='lat' dir='ltr'><strong>agnosco,</strong></span> <span class='ocrx_word' id='word_1_38' title='bbox 940 717 1037 771; x_wconf 90' lang='lat' dir='ltr'><strong>sed</strong></span> <span class='ocrx_word' id='word_1_39' title='bbox 1062 723 1118 770; x_wconf 89' lang='lat' dir='ltr'><strong>et</strong></span> <span class='ocrx_word' id='word_1_40' title='bbox 1146 715 1442 784; x_wconf 62' lang='lat' dir='ltr'><strong>hasjipsas,</strong></span> <span class='ocrx_word' id='word_1_41' title='bbox 1461 713 1532 768; x_wconf 90' lang='lat' dir='ltr'><strong>ab</strong></span> <span class='ocrx_word' id='word_1_42' title='bbox 1555 711 1793 768; x_wconf 87' lang='lat' dir='ltr'><strong>Eusebio</strong></span> <span class='ocrx_word' id='word_1_43' title='bbox 1824 726 2037 767; x_wconf 87' lang='lat' dir='ltr'><strong>memo-</strong></span> 
     </span>
    </p>
   </div>
   <div class='ocr_carea' id='block_1_7' title="bbox 451 803 2038 877">
    <p class='ocr_par' dir='ltr' id='par_1_7' title="bbox 451 803 2038 877">
     <span class='ocr_line' id='line_1_7' title="bbox 451 803 2038 877; baseline -0.006 -9"><span class='ocrx_word' id='word_1_44' title='bbox 451 821 623 875; x_wconf 86' lang='lat' dir='ltr'><strong>ratas,</strong></span> <span class='ocrx_word' id='word_1_45' title='bbox 653 820 710 866; x_wconf 90' lang='lat' dir='ltr'><strong>et</strong></span> <span class='ocrx_word' id='word_1_46' title='bbox 754 817 907 864; x_wconf 88' lang='lat' dir='ltr'><strong>tanto</strong></span> <span class='ocrx_word' id='word_1_47' title='bbox 938 807 1060 861; x_wconf 81' lang='lat' dir='ltr'><strong>viro</strong></span> <span class='ocrx_word' id='word_1_48' title='bbox 1101 820 1503 877; x_wconf 85' lang='lat' dir='ltr'><strong>usquequaque</strong></span> <span class='ocrx_word' id='word_1_49' title='bbox 1547 804 1929 874; x_wconf 88' lang='lat' dir='ltr'><strong>dignissimas,</strong></span> <span class='ocrx_word' id='word_1_50' title='bbox 1969 803 2038 858; x_wconf 91' lang='lat' dir='ltr'><strong>ab</strong></span> 
     </span>
    </p>
   </div>
   <div class='ocr_carea' id='block_1_8' title="bbox 454 898 2037 974">
    <p class='ocr_par' dir='ltr' id='par_1_8' title="bbox 454 898 2037 974">
     <span class='ocr_line' id='line_1_8' title="bbox 454 898 2037 974; baseline -0.006 -15"><span class='ocrx_word' id='word_1_51' title='bbox 454 906 576 974; x_wconf 87' lang='lat' dir='ltr'><strong>ipso</strong></span> <span class='ocrx_word' id='word_1_52' title='bbox 622 902 852 974; x_wconf 88' lang='lat' dir='ltr'><strong>lgnatio,</strong></span> <span class='ocrx_word' id='word_1_53' title='bbox 909 898 1262 955; x_wconf 86' lang='lat' dir='ltr'><strong>sanctissimo</strong></span> <span class='ocrx_word' id='word_1_54' title='bbox 1313 899 1408 953; x_wconf 88' lang='lat' dir='ltr'><strong>illo</strong></span> <span class='ocrx_word' id='word_1_55' title='bbox 1473 906 1737 968; x_wconf 80' lang='lat' dir='ltr'><strong>martyre,</strong></span> <span class='ocrx_word' id='word_1_56' title='bbox 1784 906 2037 952; x_wconf 74' lang='lat' dir='ltr'><strong>exaratas</strong></span> 
     </span>
    </p>
   </div>
   <div class='ocr_carea' id='block_1_9' title="bbox 458 995 867 1050">
    <p class='ocr_par' dir='ltr' id='par_1_9' title="bbox 458 995 867 1050">
     <span class='ocr_line' id='line_1_9' title="bbox 458 995 867 1050; baseline -0.005 -2"><span class='ocrx_word' id='word_1_57' title='bbox 458 995 629 1050; x_wconf 80' lang='lat' dir='ltr'><strong>fuisse</strong></span> <span class='ocrx_word' id='word_1_58' title='bbox 659 1008 867 1049; x_wconf 86' lang='lat' dir='ltr'><strong>assero.</strong></span> 
     </span>
    </p>
   </div>
   <div class='ocr_carea' id='block_1_10' title="bbox 523 1079 2036 1153">
    <p class='ocr_par' dir='ltr' id='par_1_10' title="bbox 523 1079 2036 1153">
     <span class='ocr_line' id='line_1_10' title="bbox 523 1079 2036 1153; baseline -0.003 -13"><span class='ocrx_word' id='word_1_59' title='bbox 523 1087 751 1153; x_wconf 80' lang='lat' dir='ltr'><strong>Quarto,</strong></span> <span class='ocrx_word' id='word_1_60' title='bbox 775 1084 842 1139; x_wconf 93' lang='lat' dir='ltr'><strong>de</strong></span> <span class='ocrx_word' id='word_1_61' title='bbox 873 1097 1104 1138; x_wconf 88' lang='lat' dir='ltr'><strong>numero</strong></span> <span class='ocrx_word' id='word_1_62' title='bbox 1118 1081 1478 1153; x_wconf 86' lang='lat' dir='ltr'><strong>epistolarum</strong></span> <span class='ocrx_word' id='word_1_63' title='bbox 1506 1095 1630 1149; x_wconf 64' lang='lat' dir='ltr'><strong>quae</strong></span> <span class='ocrx_word' id='word_1_64' title='bbox 1655 1079 1897 1136; x_wconf 87' lang='lat' dir='ltr'><strong>Eusebio</strong></span> <span class='ocrx_word' id='word_1_65' title='bbox 1919 1095 2036 1135; x_wconf 91' lang='lat' dir='ltr'><strong>me-</strong></span> 
     </span>
    </p>
   </div>
   <div class='ocr_carea' id='block_1_11' title="bbox 453 1173 2039 1247">
    <p class='ocr_par' dir='ltr' id='par_1_11' title="bbox 453 1173 2039 1247">
     <span class='ocr_line' id='line_1_11' title="bbox 453 1173 2039 1247; baseline -0.005 -13"><span class='ocrx_word' id='word_1_66' title='bbox 453 1187 682 1234; x_wconf 60' lang='lat' dir='ltr'><strong>morata;</strong></span> <span class='ocrx_word' id='word_1_67' title='bbox 697 1186 845 1242; x_wconf 88' lang='lat' dir='ltr'><strong>sunt,</strong></span> <span class='ocrx_word' id='word_1_68' title='bbox 875 1175 1170 1247; x_wconf 88' lang='lat' dir='ltr'><strong>aliquando</strong></span> <span class='ocrx_word' id='word_1_69' title='bbox 1192 1175 1408 1230; x_wconf 90' lang='lat' dir='ltr'><strong>dubitat</strong></span> <span class='ocrx_word' id='word_1_70' title='bbox 1429 1173 1684 1237; x_wconf 71' lang='lat' dir='ltr'><strong>Dallaeus,</strong></span> <span class='ocrx_word' id='word_1_71' title='bbox 1709 1187 1918 1242; x_wconf 87' lang='lat' dir='ltr'><strong>easque</strong></span> <span class='ocrx_word' id='word_1_72' title='bbox 1943 1188 2039 1227; x_wconf 81' lang='lat' dir='ltr'><strong>sex</strong></span> 
     </span>
    </p>
   </div>
   <div class='ocr_carea' id='block_1_12' title="bbox 455 1264 2040 1342">
    <p class='ocr_par' dir='ltr' id='par_1_12' title="bbox 455 1264 2040 1342">
     <span class='ocr_line' id='line_1_12' title="bbox 455 1264 2040 1342; baseline -0.004 -17"><span class='ocrx_word' id='word_1_73' title='bbox 455 1280 729 1342; x_wconf 84' lang='lat' dir='ltr'><strong>septemve</strong></span> <span class='ocrx_word' id='word_1_74' title='bbox 749 1284 893 1339; x_wconf 59' lang='lat' dir='ltr'><strong>saepe</strong></span> <span class='ocrx_word' id='word_1_75' title='bbox 913 1268 1191 1336; x_wconf 84' lang='lat' dir='ltr'><strong>nominat;</strong></span> <span class='ocrx_word' id='word_1_76' title='bbox 1213 1283 1282 1322; x_wconf 81' lang='lat' dir='ltr'><strong>ex</strong></span> <span class='ocrx_word' id='word_1_77' title='bbox 1299 1266 1532 1336; x_wconf 83' lang='lat' dir='ltr'><strong>vulgari,</strong></span> <span class='ocrx_word' id='word_1_78' title='bbox 1552 1265 1762 1320; x_wconf 84' lang='lat' dir='ltr'><strong>scilicet</strong></span> <span class='ocrx_word' id='word_1_79' title='bbox 1780 1264 2040 1334; x_wconf 81' lang='lat' dir='ltr'><strong>opinione</strong></span> 
     </span>
    </p>
   </div>
   <div class='ocr_carea' id='block_1_13' title="bbox 455 1357 2038 1432">
    <p class='ocr_par' dir='ltr' id='par_1_13' title="bbox 455 1357 2038 1432">
     <span class='ocr_line' id='line_1_13' title="bbox 455 1357 2038 1432; baseline -0.005 -14"><span class='ocrx_word' id='word_1_80' title='bbox 455 1372 684 1432; x_wconf 85' lang='lat' dir='ltr'><strong>septem,</strong></span> <span class='ocrx_word' id='word_1_81' title='bbox 701 1377 768 1416; x_wconf 79' lang='lat' dir='ltr'><strong>ex</strong></span> <span class='ocrx_word' id='word_1_82' title='bbox 788 1361 1051 1431; x_wconf 85' lang='lat' dir='ltr'><strong>singulari</strong></span> <span class='ocrx_word' id='word_1_83' title='bbox 1071 1359 1279 1416; x_wconf 83' lang='lat' dir='ltr'><strong>Usserii</strong></span> <span class='ocrx_word' id='word_1_84' title='bbox 1303 1358 1570 1414; x_wconf 81' lang='lat' dir='ltr'><strong>sententia</strong></span> <span class='ocrx_word' id='word_1_85' title='bbox 1591 1373 1686 1414; x_wconf 81' lang='lat' dir='ltr'><strong>sex</strong></span> <span class='ocrx_word' id='word_1_86' title='bbox 1706 1376 1719 1411; x_wconf 88' lang='lat'><strong>:</strong></span> <span class='ocrx_word' id='word_1_87' title='bbox 1742 1357 2038 1428; x_wconf 85' lang='lat' dir='ltr'><strong>aliquando</strong></span> 
     </span>
    </p>
   </div>
   <div class='ocr_carea' id='block_1_14' title="bbox 455 1451 2037 1520">
    <p class='ocr_par' dir='ltr' id='par_1_14' title="bbox 455 1451 2037 1520">
     <span class='ocr_line' id='line_1_14' title="bbox 455 1451 2037 1520; baseline -0.005 -12"><span class='ocrx_word' id='word_1_88' title='bbox 455 1469 745 1508; x_wconf 88' lang='lat' dir='ltr'><strong>numerum</strong></span> <span class='ocrx_word' id='word_1_89' title='bbox 780 1453 912 1508; x_wconf 89' lang='lat' dir='ltr'><strong>satis</strong></span> <span class='ocrx_word' id='word_1_90' title='bbox 934 1452 1272 1508; x_wconf 83' lang='lat' dir='ltr'><strong>conﬁdenter</strong></span> <span class='ocrx_word' id='word_1_91' title='bbox 1305 1451 1570 1520; x_wconf 79' lang='lat' dir='ltr'><strong>assignat,</strong></span> <span class='ocrx_word' id='word_1_92' title='bbox 1605 1457 1660 1504; x_wconf 89' lang='lat' dir='ltr'><strong>et</strong></span> <span class='ocrx_word' id='word_1_93' title='bbox 1691 1465 1785 1504; x_wconf 83' lang='lat' dir='ltr'><strong>sex</strong></span> <span class='ocrx_word' id='word_1_94' title='bbox 1826 1457 2037 1503; x_wconf 91' lang='lat' dir='ltr'><strong>tantum</strong></span> 
     </span>
    </p>
   </div>
   <div class='ocr_carea' id='block_1_15' title="bbox 455 1539 2038 1614">
    <p class='ocr_par' dir='ltr' id='par_1_15' title="bbox 455 1539 2038 1614">
     <span class='ocr_line' id='line_1_15' title="bbox 455 1539 2038 1614; baseline -0.006 -14"><span class='ocrx_word' id='word_1_95' title='bbox 455 1544 838 1610; x_wconf 81' lang='lat' dir='ltr'><strong>asserit.Quod</strong></span> <span class='ocrx_word' id='word_1_96' title='bbox 865 1561 1006 1609; x_wconf 81' lang='lat' dir='ltr'><strong>vero,</strong></span> <span class='ocrx_word' id='word_1_97' title='bbox 1042 1543 1238 1614; x_wconf 87' lang='lat' dir='ltr'><strong>inquit,</strong></span> <span class='ocrx_word' id='word_1_98' title='bbox 1257 1541 1410 1611; x_wconf 82' lang='lat' dir='ltr'><strong>vulgo</strong></span> <span class='ocrx_word' id='word_1_99' title='bbox 1437 1549 1628 1611; x_wconf 88' lang='lat' dir='ltr'><strong>putant</strong></span> <span class='ocrx_word' id='word_1_100' title='bbox 1659 1540 1949 1610; x_wconf 86' lang='lat' dir='ltr'><strong>quamdam</strong></span> <span class='ocrx_word' id='word_1_101' title='bbox 1975 1539 2038 1592; x_wconf 86' lang='lat' dir='ltr'><strong>ab</strong></span> 
     </span>
    </p>
   </div>
   <div class='ocr_carea' id='block_1_16' title="bbox 455 1633 2041 1704">
    <p class='ocr_par' dir='ltr' id='par_1_16' title="bbox 455 1633 2041 1704">
     <span class='ocr_line' id='line_1_16' title="bbox 455 1633 2041 1704; baseline -0.004 -13"><span class='ocrx_word' id='word_1_102' title='bbox 455 1636 686 1691; x_wconf 88' lang='lat' dir='ltr'><strong>Eusebio</strong></span> <span class='ocrx_word' id='word_1_103' title='bbox 713 1637 996 1692; x_wconf 87' lang='lat' dir='ltr'><strong>memorari</strong></span> <span class='ocrx_word' id='word_1_104' title='bbox 1018 1652 1253 1690; x_wconf 77' lang='lat' dir='ltr'><strong>seorsum</strong></span> <span class='ocrx_word' id='word_1_105' title='bbox 1289 1634 1358 1688; x_wconf 87' lang='lat' dir='ltr'><strong>ad</strong></span> <span class='ocrx_word' id='word_1_106' title='bbox 1389 1633 1752 1704; x_wconf 86' lang='lat' dir='ltr'><strong>Polycarpum</strong></span> <span class='ocrx_word' id='word_1_107' title='bbox 1781 1635 2041 1704; x_wconf 78' lang='lat' dir='ltr'><strong>scriptam</strong></span> 
     </span>
    </p>
   </div>
   <div class='ocr_carea' id='block_1_17' title="bbox 455 1727 2040 1793">
    <p class='ocr_par' dir='ltr' id='par_1_17' title="bbox 455 1727 2040 1793">
     <span class='ocr_line' id='line_1_17' title="bbox 455 1727 2040 1793; baseline -0.003 -11"><span class='ocrx_word' id='word_1_108' title='bbox 455 1730 790 1784; x_wconf 81' lang='lat' dir='ltr'><strong>doctissimus</strong></span> <span class='ocrx_word' id='word_1_109' title='bbox 819 1729 1060 1784; x_wconf 83' lang='lat' dir='ltr'><strong>Usserius</strong></span> <span class='ocrx_word' id='word_1_110' title='bbox 1088 1729 1224 1782; x_wconf 85' lang='lat' dir='ltr'><strong>hanc</strong></span> <span class='ocrx_word' id='word_1_111' title='bbox 1255 1745 1356 1782; x_wconf 89' lang='lat' dir='ltr'><strong>non</strong></span> <span class='ocrx_word' id='word_1_112' title='bbox 1379 1727 1769 1793; x_wconf 81' lang='lat' dir='ltr'><strong>diversam,sed</strong></span> <span class='ocrx_word' id='word_1_113' title='bbox 1806 1741 1967 1780; x_wconf 89' lang='lat' dir='ltr'><strong>unam</strong></span> <span class='ocrx_word' id='word_1_114' title='bbox 1988 1734 2040 1779; x_wconf 89' lang='lat' dir='ltr'><strong>et</strong></span> 
     </span>
    </p>
   </div>
   <div class='ocr_carea' id='block_1_18' title="bbox 2134 529 3736 608">
    <p class='ocr_par' dir='ltr' id='par_1_18' title="bbox 2134 529 3736 608">
     <span class='ocr_line' id='line_1_18' title="bbox 2134 529 3736 608; baseline 0.007 -26"><span class='ocrx_word' id='word_1_115' title='bbox 2134 529 2416 601; x_wconf 80' lang='grc' dir='ltr'><strong>ὁμιλῆσαι.</strong></span> <span class='ocrx_word' id='word_1_116' title='bbox 2451 529 2528 584; x_wconf 92' lang='lat' dir='ltr'><strong>lta</strong></span> <span class='ocrx_word' id='word_1_117' title='bbox 2555 532 2700 600; x_wconf 88' lang='lat' dir='ltr'><strong>apud</strong></span> <span class='ocrx_word' id='word_1_118' title='bbox 2727 530 3146 602; x_wconf 76' lang='lat' dir='ltr'><strong>Xenophontem</strong></span> <span class='ocrx_word' id='word_1_119' title='bbox 3177 534 3481 602; x_wconf 73' lang='lat' dir='ltr'><strong>Agesilaus,</strong></span> <span class='ocrx_word' id='word_1_120' title='bbox 3507 534 3580 592; x_wconf 88' lang='lat' dir='ltr'><strong>de</strong></span> <span class='ocrx_word' id='word_1_121' title='bbox 3607 538 3736 608; x_wconf 80' lang='lat' dir='ltr'><strong>epi-</strong></span> 
     </span>
    </p>
   </div>
   <div class='ocr_carea' id='block_1_19' title="bbox 2140 620 3735 694">
    <p class='ocr_par' dir='ltr' id='par_1_19' title="bbox 2140 620 3735 694">
     <span class='ocr_line' id='line_1_19' title="bbox 2140 620 3735 694; baseline 0.004 -17"><span class='ocrx_word' id='word_1_122' title='bbox 2140 621 2278 677; x_wconf 86' lang='lat' dir='ltr'><strong>stola</strong></span> <span class='ocrx_word' id='word_1_123' title='bbox 2315 636 2346 676; x_wconf 87' lang='lat' dir='ltr'><strong>a</strong></span> <span class='ocrx_word' id='word_1_124' title='bbox 2395 620 2686 677; x_wconf 87' lang='lat' dir='ltr'><strong>Persarum</strong></span> <span class='ocrx_word' id='word_1_125' title='bbox 2719 638 2847 694; x_wconf 88' lang='lat' dir='ltr'><strong>rege</strong></span> <span class='ocrx_word' id='word_1_126' title='bbox 2875 624 2944 679; x_wconf 92' lang='lat' dir='ltr'><strong>ad</strong></span> <span class='ocrx_word' id='word_1_127' title='bbox 2972 625 3152 694; x_wconf 90' lang='lat' dir='ltr'><strong>ipsum</strong></span> <span class='ocrx_word' id='word_1_128' title='bbox 3187 625 3377 692; x_wconf 89' lang='lat' dir='ltr'><strong>missa,</strong></span> <span class='ocrx_word' id='word_1_129' title='bbox 3419 641 3522 682; x_wconf 92' lang='lat' dir='ltr'><strong>nec</strong></span> <span class='ocrx_word' id='word_1_130' title='bbox 3557 627 3632 682; x_wconf 88' lang='lat' dir='ltr'><strong>ab</strong></span> <span class='ocrx_word' id='word_1_131' title='bbox 3661 644 3735 684; x_wconf 87' lang='lat' dir='ltr'><strong>eo</strong></span> 
     </span>
    </p>
   </div>
   <div class='ocr_carea' id='block_1_20' title="bbox 2140 710 3737 787">
    <p class='ocr_par' dir='ltr' id='par_1_20' title="bbox 2140 710 3737 787">
     <span class='ocr_line' id='line_1_20' title="bbox 2140 710 3737 787; baseline 0.003 -21"><span class='ocrx_word' id='word_1_132' title='bbox 2140 723 2382 782; x_wconf 83' lang='lat' dir='ltr'><strong>recepta,</strong></span> <span class='ocrx_word' id='word_1_133' title='bbox 2423 712 2502 783; x_wconf 85' lang='grc' dir='ltr'>τῷ</span> <span class='ocrx_word' id='word_1_134' title='bbox 2535 713 2757 786; x_wconf 83' lang='grc' dir='ltr'><strong>φέροντι</strong></span> <span class='ocrx_word' id='word_1_135' title='bbox 2799 710 2954 768; x_wconf 74' lang='grc' dir='ltr'>εἶπεν</span> <span class='ocrx_word' id='word_1_136' title='bbox 3001 715 3339 784; x_wconf 79' lang='grc' dir='ltr'>ἀπαγγεῖλαι</span> <span class='ocrx_word' id='word_1_137' title='bbox 3379 716 3611 787; x_wconf 86' lang='grc' dir='ltr'>βασιλεῖ,</span> <span class='ocrx_word' id='word_1_138' title='bbox 3653 718 3737 783; x_wconf 84' lang='grc' dir='ltr'><strong>ὡς</strong></span> 
     </span>
    </p>
   </div>
   <div class='ocr_carea' id='block_1_21' title="bbox 2142 804 3734 880">
    <p class='ocr_par' dir='ltr' id='par_1_21' title="bbox 2142 804 3734 880">
     <span class='ocr_line' id='line_1_21' title="bbox 2142 804 3734 880; baseline 0.004 -23"><span class='ocrx_word' id='word_1_139' title='bbox 2142 804 2250 876; x_wconf 79' lang='grc' dir='ltr'>ἰδίᾳ</span> <span class='ocrx_word' id='word_1_140' title='bbox 2291 804 2390 876; x_wconf 84' lang='grc' dir='ltr'>μὲν</span> <span class='ocrx_word' id='word_1_141' title='bbox 2422 805 2559 877; x_wconf 83' lang='grc' dir='ltr'>πρὸς</span> <span class='ocrx_word' id='word_1_142' title='bbox 2602 805 2765 859; x_wconf 79' lang='grc' dir='ltr'>αὑτὸν</span> <span class='ocrx_word' id='word_1_143' title='bbox 2799 805 2953 859; x_wconf 78' lang='grc' dir='ltr'>οὐδὲν</span> <span class='ocrx_word' id='word_1_144' title='bbox 2980 806 3096 860; x_wconf 69' lang='grc' dir='ltr'>’δέοι</span> <span class='ocrx_word' id='word_1_145' title='bbox 3138 807 3428 872; x_wconf 77' lang='grc' dir='ltr'>ἐπιστολὰς</span> <span class='ocrx_word' id='word_1_146' title='bbox 3464 809 3734 880; x_wconf 80' lang='grc' dir='ltr'><strong>πέμπειν.</strong></span> 
     </span>
    </p>
   </div>
   <div class='ocr_carea' id='block_1_22' title="bbox 2142 895 3734 969">
    <p class='ocr_par' dir='ltr' id='par_1_22' title="bbox 2142 895 3734 969">
     <span class='ocr_line' id='line_1_22' title="bbox 2142 895 3734 969; baseline 0.004 -20"><span class='ocrx_word' id='word_1_147' title='bbox 2142 895 2282 950; x_wconf 86' lang='lat' dir='ltr'><strong>Eum</strong></span> <span class='ocrx_word' id='word_1_148' title='bbox 2313 913 2346 950; x_wconf 92' lang='lat' dir='ltr'><strong>a</strong></span> <span class='ocrx_word' id='word_1_149' title='bbox 2368 912 2471 966; x_wconf 89' lang='lat' dir='ltr'><strong>quo</strong></span> <span class='ocrx_word' id='word_1_150' title='bbox 2501 895 2672 950; x_wconf 88' lang='lat' dir='ltr'><strong>allata</strong></span> <span class='ocrx_word' id='word_1_151' title='bbox 2693 906 2790 960; x_wconf 86' lang='lat' dir='ltr'><strong>est,</strong></span> <span class='ocrx_word' id='word_1_152' title='bbox 2822 898 3127 952; x_wconf 85' lang='lat' dir='ltr'><strong>renuntiare</strong></span> <span class='ocrx_word' id='word_1_153' title='bbox 3141 898 3307 966; x_wconf 83' lang='lat' dir='ltr'><strong>jussit</strong></span> <span class='ocrx_word' id='word_1_154' title='bbox 3335 900 3465 969; x_wconf 89' lang='lat' dir='ltr'><strong>regi,</strong></span> <span class='ocrx_word' id='word_1_155' title='bbox 3485 917 3592 953; x_wconf 87' lang='lat' dir='ltr'><strong>non</strong></span> <span class='ocrx_word' id='word_1_156' title='bbox 3614 917 3734 956; x_wconf 85' lang='lat' dir='ltr'><strong>esse</strong></span> 
     </span>
    </p>
   </div>
   <div class='ocr_carea' id='block_1_23' title="bbox 2139 989 3735 1061">
    <p class='ocr_par' dir='ltr' id='par_1_23' title="bbox 2139 989 3735 1061">
     <span class='ocr_line' id='line_1_23' title="bbox 2139 989 3735 1061; baseline 0.003 -17"><span class='ocrx_word' id='word_1_157' title='bbox 2139 989 2480 1061; x_wconf 81' lang='lat' dir='ltr'><strong>quamobrem</strong></span> <span class='ocrx_word' id='word_1_158' title='bbox 2517 991 2773 1060; x_wconf 76' lang='lat' dir='ltr'><strong>privatim</strong></span> <span class='ocrx_word' id='word_1_159' title='bbox 2813 991 3024 1044; x_wconf 81' lang='lat' dir='ltr'><strong>litteras</strong></span> <span class='ocrx_word' id='word_1_160' title='bbox 3070 992 3140 1045; x_wconf 91' lang='lat' dir='ltr'><strong>ad</strong></span> <span class='ocrx_word' id='word_1_161' title='bbox 3173 1008 3231 1045; x_wconf 89' lang='lat' dir='ltr'><strong>se</strong></span> <span class='ocrx_word' id='word_1_162' title='bbox 3273 993 3586 1047; x_wconf 82' lang='lat' dir='ltr'><strong>missitaret.</strong></span> <span class='ocrx_word' id='word_1_163' title='bbox 3651 992 3735 1048; x_wconf 83' lang='lat' dir='ltr'><strong>Ita</strong></span> 
     </span>
    </p>
   </div>
   <div class='ocr_carea' id='block_1_24' title="bbox 2140 1081 3738 1157">
    <p class='ocr_par' dir='ltr' id='par_1_24' title="bbox 2140 1081 3738 1157">
     <span class='ocr_line' id='line_1_24' title="bbox 2140 1081 3738 1157; baseline -0.001 -18"><span class='ocrx_word' id='word_1_164' title='bbox 2140 1083 2337 1154; x_wconf 82' lang='lat' dir='ltr'><strong>Cyrus,</strong></span> <span class='ocrx_word' id='word_1_165' title='bbox 2354 1081 2500 1152; x_wconf 91' lang='lat' dir='ltr'><strong>apud</strong></span> <span class='ocrx_word' id='word_1_166' title='bbox 2521 1082 2796 1149; x_wconf 88' lang='lat' dir='ltr'><strong>eumdem,</strong></span> <span class='ocrx_word' id='word_1_167' title='bbox 2819 1083 2887 1138; x_wconf 86' lang='lat' dir='ltr'><strong>ad</strong></span> <span class='ocrx_word' id='word_1_168' title='bbox 2917 1082 3251 1154; x_wconf 85' lang='lat' dir='ltr'><strong>Cyaxarem:</strong></span> <span class='ocrx_word' id='word_1_169' title='bbox 3284 1084 3460 1148; x_wconf 82' lang='grc' dir='ltr'>Εὐθὺς</span> <span class='ocrx_word' id='word_1_170' title='bbox 3483 1085 3738 1157; x_wconf 75' lang='grc' dir='ltr'><strong>ἔπεμπες</strong></span> 
     </span>
    </p>
   </div>
   <div class='ocr_carea' id='block_1_25' title="bbox 2141 1175 3739 1248">
    <p class='ocr_par' dir='ltr' id='par_1_25' title="bbox 2141 1175 3739 1248">
     <span class='ocr_line' id='line_1_25' title="bbox 2141 1175 3739 1248; baseline 0.001 -18"><span class='ocrx_word' id='word_1_171' title='bbox 2141 1177 2277 1247; x_wconf 85' lang='grc' dir='ltr'>πρός</span> <span class='ocrx_word' id='word_1_172' title='bbox 2303 1193 2364 1229; x_wconf 86' lang='grc' dir='ltr'><strong>τε</strong></span> <span class='ocrx_word' id='word_1_173' title='bbox 2379 1175 2438 1229; x_wconf 83' lang='grc' dir='ltr'><strong>τὸ</strong></span> <span class='ocrx_word' id='word_1_174' title='bbox 2454 1175 2679 1248; x_wconf 82' lang='grc' dir='ltr'>Περσῶν</span> <span class='ocrx_word' id='word_1_175' title='bbox 2709 1175 2909 1239; x_wconf 83' lang='grc' dir='ltr'>κοινὸν,</span> <span class='ocrx_word' id='word_1_176' title='bbox 2935 1175 3258 1246; x_wconf 80' lang='grc' dir='ltr'><strong>συμμάχους</strong></span> <span class='ocrx_word' id='word_1_177' title='bbox 3280 1176 3620 1246; x_wconf 76' lang='grc' dir='ltr'><strong>αἰτούμενος,</strong></span> <span class='ocrx_word' id='word_1_178' title='bbox 3636 1179 3739 1232; x_wconf 78' lang='grc' dir='ltr'><strong>καὶ</strong></span> 
     </span>
    </p>
   </div>
   <div class='ocr_carea' id='block_1_26' title="bbox 2141 1267 3738 1340">
    <p class='ocr_par' dir='ltr' id='par_1_26' title="bbox 2141 1267 3738 1340">
     <span class='ocr_line' id='line_1_26' title="bbox 2141 1267 3738 1340; baseline 0 -18"><span class='ocrx_word' id='word_1_179' title='bbox 2141 1269 2278 1340; x_wconf 83' lang='grc' dir='ltr'>πρὸς</span> <span class='ocrx_word' id='word_1_180' title='bbox 2305 1269 2408 1340; x_wconf 73' lang='grc' dir='ltr'><strong>ἐμὲ</strong></span> <span class='ocrx_word' id='word_1_181' title='bbox 2447 1268 2575 1340; x_wconf 76' lang='grc' dir='ltr'>ἰδίᾳ,</span> <span class='ocrx_word' id='word_1_182' title='bbox 2618 1267 2873 1338; x_wconf 81' lang='grc' dir='ltr'>δεόμενος</span> <span class='ocrx_word' id='word_1_183' title='bbox 2912 1267 3208 1339; x_wconf 77' lang='grc' dir='ltr'>πειρᾶσθαι</span> <span class='ocrx_word' id='word_1_184' title='bbox 3248 1269 3410 1322; x_wconf 75' lang='grc' dir='ltr'>αὐτόν</span> <span class='ocrx_word' id='word_1_185' title='bbox 3443 1286 3510 1340; x_wconf 90' lang='grc' dir='ltr'><strong>με</strong></span> <span class='ocrx_word' id='word_1_186' title='bbox 3553 1269 3738 1323; x_wconf 73' lang='grc' dir='ltr'>ἐλθεῖν</span> 
     </span>
    </p>
   </div>
   <div class='ocr_carea' id='block_1_27' title="bbox 2139 1359 3739 1432">
    <p class='ocr_par' dir='ltr' id='par_1_27' title="bbox 2139 1359 3739 1432">
     <span class='ocr_line' id='line_1_27' title="bbox 2139 1359 3739 1432; baseline 0.001 -18"><span class='ocrx_word' id='word_1_187' title='bbox 2139 1361 2463 1432; x_wconf 82' lang='grc' dir='ltr'>ἡγούμενον,</span> <span class='ocrx_word' id='word_1_188' title='bbox 2496 1361 2705 1424; x_wconf 78' lang='grc' dir='ltr'>είτινες</span> <span class='ocrx_word' id='word_1_189' title='bbox 2733 1359 2960 1432; x_wconf 84' lang='grc' dir='ltr'>Περσῶν</span> <span class='ocrx_word' id='word_1_190' title='bbox 2992 1361 3141 1418; x_wconf 77' lang='grc' dir='ltr'>ἴοιεν.</span> <span class='ocrx_word' id='word_1_191' title='bbox 3165 1360 3323 1415; x_wconf 78' lang='lat' dir='ltr'><strong>Illico</strong></span> <span class='ocrx_word' id='word_1_192' title='bbox 3347 1371 3460 1415; x_wconf 90' lang='lat' dir='ltr'><strong>tum</strong></span> <span class='ocrx_word' id='word_1_193' title='bbox 3491 1363 3560 1415; x_wconf 90' lang='lat' dir='ltr'><strong>ad</strong></span> <span class='ocrx_word' id='word_1_194' title='bbox 3589 1379 3739 1416; x_wconf 89' lang='lat' dir='ltr'><strong>com-</strong></span> 
     </span>
    </p>
   </div>
   <div class='ocr_carea' id='block_1_28' title="bbox 2142 1453 3737 1523">
    <p class='ocr_par' dir='ltr' id='par_1_28' title="bbox 2142 1453 3737 1523">
     <span class='ocr_line' id='line_1_28' title="bbox 2142 1453 3737 1523; baseline 0 -15"><span class='ocrx_word' id='word_1_195' title='bbox 2142 1471 2298 1509; x_wconf 83' lang='lat' dir='ltr'><strong>mune</strong></span> <span class='ocrx_word' id='word_1_196' title='bbox 2337 1454 2622 1508; x_wconf 83' lang='lat' dir='ltr'><strong>Persarum</strong></span> <span class='ocrx_word' id='word_1_197' title='bbox 2655 1454 2871 1518; x_wconf 81' lang='lat' dir='ltr'><strong>misisti,</strong></span> <span class='ocrx_word' id='word_1_198' title='bbox 2900 1453 3256 1506; x_wconf 87' lang='lat' dir='ltr'><strong>subsidiarias</strong></span> <span class='ocrx_word' id='word_1_199' title='bbox 3278 1455 3455 1523; x_wconf 86' lang='lat' dir='ltr'><strong>copias</strong></span> <span class='ocrx_word' id='word_1_200' title='bbox 3479 1470 3737 1523; x_wconf 78' lang='lat' dir='ltr'><strong>poscens;</strong></span> 
     </span>
    </p>
   </div>
   <div class='ocr_carea' id='block_1_29' title="bbox 2144 1545 3738 1616">
    <p class='ocr_par' dir='ltr' id='par_1_29' title="bbox 2144 1545 3738 1616">
     <span class='ocr_line' id='line_1_29' title="bbox 2144 1545 3738 1616; baseline 0.002 -19"><span class='ocrx_word' id='word_1_201' title='bbox 2144 1557 2256 1598; x_wconf 89' lang='lat' dir='ltr'><strong>tum</strong></span> <span class='ocrx_word' id='word_1_202' title='bbox 2300 1545 2369 1598; x_wconf 89' lang='lat' dir='ltr'><strong>ad</strong></span> <span class='ocrx_word' id='word_1_203' title='bbox 2408 1561 2486 1598; x_wconf 90' lang='lat' dir='ltr'><strong>me</strong></span> <span class='ocrx_word' id='word_1_204' title='bbox 2530 1545 2802 1615; x_wconf 84' lang='lat' dir='ltr'><strong>privatim,</strong></span> <span class='ocrx_word' id='word_1_205' title='bbox 2841 1561 3033 1614; x_wconf 85' lang='lat' dir='ltr'><strong>rogans</strong></span> <span class='ocrx_word' id='word_1_206' title='bbox 3068 1555 3124 1597; x_wconf 94' lang='lat' dir='ltr'><strong>ut</strong></span> <span class='ocrx_word' id='word_1_207' title='bbox 3155 1562 3367 1614; x_wconf 86' lang='lat' dir='ltr'><strong>operam</strong></span> <span class='ocrx_word' id='word_1_208' title='bbox 3410 1547 3597 1600; x_wconf 87' lang='lat' dir='ltr'><strong>darem</strong></span> <span class='ocrx_word' id='word_1_209' title='bbox 3627 1562 3738 1616; x_wconf 85' lang='lat' dir='ltr'><strong>quo</strong></span> 
     </span>
    </p>
   </div>
   <div class='ocr_carea' id='block_1_30' title="bbox 2142 1632 3740 1705">
    <p class='ocr_par' dir='ltr' id='par_1_30' title="bbox 2142 1632 3740 1705">
     <span class='ocr_line' id='line_1_30' title="bbox 2142 1632 3740 1705; baseline 0.001 -17"><span class='ocrx_word' id='word_1_210' title='bbox 2142 1635 2369 1688; x_wconf 81' lang='lat' dir='ltr'><strong>venirem</strong></span> <span class='ocrx_word' id='word_1_211' title='bbox 2407 1635 2538 1703; x_wconf 88' lang='lat' dir='ltr'><strong>ipse,</strong></span> <span class='ocrx_word' id='word_1_212' title='bbox 2571 1635 2944 1702; x_wconf 88' lang='lat' dir='ltr'><strong>copiarumque</strong></span> <span class='ocrx_word' id='word_1_213' title='bbox 2983 1632 3344 1696; x_wconf 80' lang='lat' dir='ltr'><strong>Persicarum,</strong></span> <span class='ocrx_word' id='word_1_214' title='bbox 3367 1635 3414 1688; x_wconf 91' lang='lat' dir='ltr'><strong>si</strong></span> <span class='ocrx_word' id='word_1_215' title='bbox 3445 1652 3563 1705; x_wconf 78' lang='lat' dir='ltr'><strong>qua:</strong></span> <span class='ocrx_word' id='word_1_216' title='bbox 3588 1638 3658 1688; x_wconf 91' lang='lat' dir='ltr'><strong>ad</strong></span> <span class='ocrx_word' id='word_1_217' title='bbox 3688 1646 3740 1690; x_wconf 90' lang='lat' dir='ltr'><strong>te</strong></span> 
     </span>
    </p>
   </div>
   <div class='ocr_carea' id='block_1_31' title="bbox 2145 1724 3740 1799">
    <p class='ocr_par' dir='ltr' id='par_1_31' title="bbox 2145 1724 3740 1799">
     <span class='ocr_line' id='line_1_31' title="bbox 2145 1724 3740 1799; baseline 0.002 -18"><span class='ocrx_word' id='word_1_218' title='bbox 2145 1728 2301 1791; x_wconf 86' lang='lat' dir='ltr'><strong>irent,</strong></span> <span class='ocrx_word' id='word_1_219' title='bbox 2327 1726 2517 1779; x_wconf 90' lang='lat' dir='ltr'><strong>ductor</strong></span> <span class='ocrx_word' id='word_1_220' title='bbox 2538 1742 2722 1779; x_wconf 88' lang='lat' dir='ltr'><strong>essem.</strong></span> <span class='ocrx_word' id='word_1_221' title='bbox 2758 1724 2904 1785; x_wconf 87' lang='lat' dir='ltr'><strong>Idem</strong></span> <span class='ocrx_word' id='word_1_222' title='bbox 2933 1726 3073 1780; x_wconf 75' lang='lat' dir='ltr'><strong>valet</strong></span> <span class='ocrx_word' id='word_1_223' title='bbox 3106 1727 3271 1793; x_wconf 82' lang='grc' dir='ltr'><strong>ἰδίως,</strong></span> <span class='ocrx_word' id='word_1_224' title='bbox 3309 1728 3453 1798; x_wconf 90' lang='lat' dir='ltr'><strong>quod</strong></span> <span class='ocrx_word' id='word_1_225' title='bbox 3501 1738 3740 1799; x_wconf 87' lang='lat' dir='ltr'><strong>usurpat</strong></span> 
     </span>
    </p>
   </div>
   <div class='ocr_carea' id='block_1_32' title="bbox 454 1805 2040 1894">
    <p class='ocr_par' dir='ltr' id='par_1_32' title="bbox 454 1817 2032 1891">
     <span class='ocr_line' id='line_1_32' title="bbox 454 1817 2032 1891; baseline -0.004 -15"><span class='ocrx_word' id='word_1_226' title='bbox 454 1822 693 1876; x_wconf 85' lang='lat' dir='ltr'><strong>eamdem</strong></span> <span class='ocrx_word' id='word_1_227' title='bbox 723 1837 899 1877; x_wconf 84' lang='lat' dir='ltr'><strong>revera</strong></span> <span class='ocrx_word' id='word_1_228' title='bbox 931 1837 1049 1874; x_wconf 87' lang='lat' dir='ltr'><strong>cum</strong></span> <span class='ocrx_word' id='word_1_229' title='bbox 1078 1821 1304 1889; x_wconf 87' lang='lat' dir='ltr'><strong>epistola</strong></span> <span class='ocrx_word' id='word_1_230' title='bbox 1341 1837 1460 1891; x_wconf 73' lang='lat' dir='ltr'><strong>qua:</strong></span> <span class='ocrx_word' id='word_1_231' title='bbox 1492 1829 1570 1874; x_wconf 86' lang='lat' dir='ltr'><strong>est</strong></span> <span class='ocrx_word' id='word_1_232' title='bbox 1607 1819 1677 1872; x_wconf 90' lang='lat' dir='ltr'><strong>ad</strong></span> <span class='ocrx_word' id='word_1_233' title='bbox 1706 1817 2032 1888; x_wconf 67' lang='lat' dir='ltr'><strong>Smyrnaeos,</strong></span> 
     </span>
    </p>
   </div>
   <div class='ocr_carea' id='block_1_33' title="bbox 2144 1805 3738 1894">
    <p class='ocr_par' dir='ltr' id='par_1_33' title="bbox 2144 1817 3738 1894">
     <span class='ocr_line' id='line_1_33' title="bbox 2144 1817 3738 1894; baseline 0.001 -22"><span class='ocrx_word' id='word_1_234' title='bbox 2144 1818 2428 1874; x_wconf 84' lang='lat' dir='ltr'><strong>Eusebius.</strong></span> <span class='ocrx_word' id='word_1_235' title='bbox 2464 1818 2698 1872; x_wconf 89' lang='lat' dir='ltr'><strong>Suidas:</strong></span> <span class='ocrx_word' id='word_1_236' title='bbox 2743 1817 2930 1881; x_wconf 85' lang='grc' dir='ltr'>’ἰδίως,</span> <span class='ocrx_word' id='word_1_237' title='bbox 2963 1819 3298 1889; x_wconf 83' lang='grc' dir='ltr'>καταμόνας,</span> <span class='ocrx_word' id='word_1_238' title='bbox 3333 1820 3526 1894; x_wconf 83' lang='grc' dir='ltr'>χωρίς.</span> <span class='ocrx_word' id='word_1_239' title='bbox 3559 1819 3628 1873; x_wconf 88' lang='lat' dir='ltr'><strong>Et</strong></span> <span class='ocrx_word' id='word_1_240' title='bbox 3660 1820 3738 1874; x_wconf 90' lang='lat' dir='ltr'><strong>ita</strong></span> 
     </span>
    </p>
   </div>
   <div class='ocr_carea' id='block_1_34' title="bbox 457 1908 2031 1982">
    <p class='ocr_par' dir='ltr' id='par_1_34' title="bbox 457 1908 2031 1982">
     <span class='ocr_line' id='line_1_34' title="bbox 457 1908 2031 1982; baseline -0.004 -15"><span class='ocrx_word' id='word_1_241' title='bbox 457 1914 524 1968; x_wconf 90' lang='lat' dir='ltr'><strong>ab</strong></span> <span class='ocrx_word' id='word_1_242' title='bbox 561 1912 786 1967; x_wconf 86' lang='lat' dir='ltr'><strong>Eusebio</strong></span> <span class='ocrx_word' id='word_1_243' title='bbox 808 1911 1035 1982; x_wconf 83' lang='lat' dir='ltr'><strong>intelligi</strong></span> <span class='ocrx_word' id='word_1_244' title='bbox 1054 1920 1102 1965; x_wconf 92' lang='lat' dir='ltr'><strong>et</strong></span> <span class='ocrx_word' id='word_1_245' title='bbox 1133 1913 1439 1966; x_wconf 83' lang='lat' dir='ltr'><strong>acutissime</strong></span> <span class='ocrx_word' id='word_1_246' title='bbox 1462 1912 1701 1981; x_wconf 85' lang='lat' dir='ltr'><strong>conjicit,</strong></span> <span class='ocrx_word' id='word_1_247' title='bbox 1733 1921 1783 1965; x_wconf 87' lang='lat' dir='ltr'><strong>et</strong></span> <span class='ocrx_word' id='word_1_248' title='bbox 1809 1925 1874 1964; x_wconf 69' lang='lat' dir='ltr'><strong>ea:</strong></span> <span class='ocrx_word' id='word_1_249' title='bbox 1899 1908 2031 1962; x_wconf 86' lang='lat' dir='ltr'><strong>Hie—</strong></span> 
     </span>
    </p>
   </div>
   <div class='ocr_carea' id='block_1_35' title="bbox 457 1985 2036 2073">
    <p class='ocr_par' dir='ltr' id='par_1_35' title="bbox 457 1985 2036 2073">
     <span class='ocr_line' id='line_1_35' title="bbox 457 1985 2036 2073; baseline -0.002 -17"><span class='ocrx_word' id='word_1_250' title='bbox 457 2019 678 2073; x_wconf 85' lang='lat' dir='ltr'><strong>ronymo</strong></span> <span class='ocrx_word' id='word_1_251' title='bbox 700 2003 1048 2057; x_wconf 82' lang='lat' dir='ltr'><strong>demonstrat.</strong></span> <span class='ocrx_word' id='word_1_252' title='bbox 1083 2001 1153 2056; x_wconf 83' lang='lat' dir='ltr'><strong>Et</strong></span> <span class='ocrx_word' id='word_1_253' title='bbox 1198 1985 1334 2056; x_wconf 77' lang='lat' dir='ltr'><strong>hanc</strong></span> <span class='ocrx_word' id='word_1_254' title='bbox 1358 2003 1544 2056; x_wconf 89' lang='lat' dir='ltr'><strong>merito</strong></span> <span class='ocrx_word' id='word_1_255' title='bbox 1575 2003 1640 2056; x_wconf 88' lang='lat' dir='ltr'><strong>ab</strong></span> <span class='ocrx_word' id='word_1_256' title='bbox 1666 2001 2036 2071; x_wconf 86' lang='lat' dir='ltr'><strong>Epistolarum</strong></span> 
     </span>
    </p>
   </div>
   <div class='ocr_carea' id='block_1_36' title="bbox 458 2093 2034 2165">
    <p class='ocr_par' dir='ltr' id='par_1_36' title="bbox 458 2093 2034 2165">
     <span class='ocr_line' id='line_1_36' title="bbox 458 2093 2034 2165; baseline -0.001 -18"><span class='ocrx_word' id='word_1_257' title='bbox 458 2095 524 2148; x_wconf 90' lang='lat' dir='ltr'><strong>ab</strong></span> <span class='ocrx_word' id='word_1_258' title='bbox 557 2093 786 2148; x_wconf 84' lang='lat' dir='ltr'><strong>Eusebio</strong></span> <span class='ocrx_word' id='word_1_259' title='bbox 837 2095 1108 2162; x_wconf 75' lang='lat' dir='ltr'><strong>dicturum</strong></span> <span class='ocrx_word' id='word_1_260' title='bbox 1155 2110 1312 2148; x_wconf 88' lang='lat' dir='ltr'><strong>censu</strong></span> <span class='ocrx_word' id='word_1_261' title='bbox 1349 2094 1751 2165; x_wconf 71' lang='lat' dir='ltr'><strong>expungendum</strong></span> <span class='ocrx_word' id='word_1_262' title='bbox 1782 2093 2034 2164; x_wconf 87' lang='lat' dir='ltr'><strong>colligit;</strong></span> 
     </span>
    </p>
   </div>
   <div class='ocr_carea' id='block_1_37' title="bbox 457 2184 2038 2258">
    <p class='ocr_par' dir='ltr' id='par_1_37' title="bbox 457 2184 2038 2258">
     <span class='ocr_line' id='line_1_37' title="bbox 457 2184 2038 2258; baseline 0 -20"><span class='ocrx_word' id='word_1_263' title='bbox 457 2196 800 2256; x_wconf 75' lang='lat' dir='ltr'><strong>numeratque</strong></span> <span class='ocrx_word' id='word_1_264' title='bbox 822 2188 960 2240; x_wconf 79' lang='lat' dir='ltr'><strong>inter</strong></span> <span class='ocrx_word' id='word_1_265' title='bbox 987 2203 1094 2252; x_wconf 88' lang='lat' dir='ltr'><strong>eas,</strong></span> <span class='ocrx_word' id='word_1_266' title='bbox 1128 2205 1261 2258; x_wconf 88' lang='lat' dir='ltr'><strong>quas</strong></span> <span class='ocrx_word' id='word_1_267' title='bbox 1296 2187 1530 2242; x_wconf 88' lang='lat' dir='ltr'><strong>nondum</strong></span> <span class='ocrx_word' id='word_1_268' title='bbox 1571 2184 1787 2239; x_wconf 86' lang='lat' dir='ltr'><strong>Eusebii</strong></span> <span class='ocrx_word' id='word_1_269' title='bbox 1818 2195 1867 2240; x_wconf 90' lang='lat' dir='ltr'><strong>et</strong></span> <span class='ocrx_word' id='word_1_270' title='bbox 1905 2184 2038 2238; x_wconf 83' lang='lat' dir='ltr'><strong>Hie-</strong></span> 
     </span>
    </p>
   </div>
   <div class='ocr_carea' id='block_1_38' title="bbox 457 2275 2038 2348">
    <p class='ocr_par' dir='ltr' id='par_1_38' title="bbox 457 2275 2038 2348">
     <span class='ocr_line' id='line_1_38' title="bbox 457 2275 2038 2348; baseline 0.001 -18"><span class='ocrx_word' id='word_1_271' title='bbox 457 2279 664 2347; x_wconf 82' lang='lat' dir='ltr'><strong>ronymi</strong></span> <span class='ocrx_word' id='word_1_272' title='bbox 681 2279 999 2348; x_wconf 83' lang='lat' dir='ltr'><strong>temporibus</strong></span> <span class='ocrx_word' id='word_1_273' title='bbox 1015 2280 1282 2334; x_wconf 73' lang='lat' dir='ltr'><strong>exstitisse</strong></span> <span class='ocrx_word' id='word_1_274' title='bbox 1303 2278 1628 2333; x_wconf 87' lang='lat' dir='ltr'><strong>validissime</strong></span> <span class='ocrx_word' id='word_1_275' title='bbox 1649 2277 1859 2346; x_wconf 86' lang='lat' dir='ltr'><strong>probat.</strong></span> <span class='ocrx_word' id='word_1_276' title='bbox 1886 2275 2038 2331; x_wconf 83' lang='lat' dir='ltr'><strong>Hane</strong></span> 
     </span>
    </p>
   </div>
   <div class='ocr_carea' id='block_1_39' title="bbox 457 2369 2038 2442">
    <p class='ocr_par' dir='ltr' id='par_1_39' title="bbox 457 2369 2038 2442">
     <span class='ocr_line' id='line_1_39' title="bbox 457 2369 2038 2442; baseline 0 -19"><span class='ocrx_word' id='word_1_277' title='bbox 457 2370 622 2440; x_wconf 84' lang='lat' dir='ltr'><strong>igitur</strong></span> <span class='ocrx_word' id='word_1_278' title='bbox 647 2371 933 2440; x_wconf 89' lang='lat' dir='ltr'><strong>epistolam</strong></span> <span class='ocrx_word' id='word_1_279' title='bbox 953 2372 1018 2426; x_wconf 88' lang='lat' dir='ltr'><strong>ad</strong></span> <span class='ocrx_word' id='word_1_280' title='bbox 1036 2370 1398 2442; x_wconf 89' lang='lat' dir='ltr'><strong>Polycarpum</strong></span> <span class='ocrx_word' id='word_1_281' title='bbox 1412 2371 1481 2425; x_wconf 91' lang='lat' dir='ltr'><strong>ab</strong></span> <span class='ocrx_word' id='word_1_282' title='bbox 1494 2371 1604 2425; x_wconf 88' lang='lat' dir='ltr'><strong>alio</strong></span> <span class='ocrx_word' id='word_1_283' title='bbox 1623 2370 1921 2440; x_wconf 90' lang='lat' dir='ltr'><strong>impostore</strong></span> <span class='ocrx_word' id='word_1_284' title='bbox 1935 2369 2038 2423; x_wconf 89' lang='lat' dir='ltr'><strong>sub</strong></span> 
     </span>
    </p>
   </div>
   <div class='ocr_carea' id='block_1_40' title="bbox 456 2464 1290 2534">
    <p class='ocr_par' dir='ltr' id='par_1_40' title="bbox 456 2464 1290 2534">
     <span class='ocr_line' id='line_1_40' title="bbox 456 2464 1290 2534; baseline -0.001 -17"><span class='ocrx_word' id='word_1_285' title='bbox 456 2464 652 2534; x_wconf 84' lang='lat' dir='ltr'><strong>quinto</strong></span> <span class='ocrx_word' id='word_1_286' title='bbox 681 2465 882 2518; x_wconf 66' lang='lat' dir='ltr'><strong>saeculo</strong></span> <span class='ocrx_word' id='word_1_287' title='bbox 908 2464 1086 2518; x_wconf 87' lang='lat' dir='ltr'><strong>lictam</strong></span> <span class='ocrx_word' id='word_1_288' title='bbox 1116 2471 1290 2532; x_wconf 88' lang='lat' dir='ltr'><strong>putat.</strong></span> 
     </span>
    </p>
   </div>
   <div class='ocr_carea' id='block_1_41' title="bbox 529 2552 2040 2626">
    <p class='ocr_par' dir='ltr' id='par_1_41' title="bbox 529 2552 2040 2626">
     <span class='ocr_line' id='line_1_41' title="bbox 529 2552 2040 2626; baseline -0.001 -18"><span class='ocrx_word' id='word_1_289' title='bbox 529 2554 642 2626; x_wconf 85' lang='lat' dir='ltr'><strong>Ego</strong></span> <span class='ocrx_word' id='word_1_290' title='bbox 681 2569 812 2610; x_wconf 87' lang='lat' dir='ltr'><strong>vero</strong></span> <span class='ocrx_word' id='word_1_291' title='bbox 863 2570 968 2608; x_wconf 90' lang='lat' dir='ltr'><strong>nec</strong></span> <span class='ocrx_word' id='word_1_292' title='bbox 1019 2556 1292 2624; x_wconf 85' lang='lat' dir='ltr'><strong>priorem,</strong></span> <span class='ocrx_word' id='word_1_293' title='bbox 1341 2569 1440 2609; x_wconf 90' lang='lat' dir='ltr'><strong>nec</strong></span> <span class='ocrx_word' id='word_1_294' title='bbox 1469 2553 1830 2624; x_wconf 62' lang='lat' dir='ltr'><strong>posteriorem</strong></span> <span class='ocrx_word' id='word_1_295' title='bbox 1872 2552 2040 2623; x_wconf 60' lang='lat' dir='ltr'><strong>nius</strong></span> 
     </span>
    </p>
   </div>
   <div class='ocr_carea' id='block_1_42' title="bbox 456 2645 2041 2718">
    <p class='ocr_par' dir='ltr' id='par_1_42' title="bbox 456 2645 2041 2718">
     <span class='ocr_line' id='line_1_42' title="bbox 456 2645 2041 2718; baseline -0.003 -14"><span class='ocrx_word' id='word_1_296' title='bbox 456 2648 702 2718; x_wconf 76' lang='lat' dir='ltr'><strong>epistola:</strong></span> <span class='ocrx_word' id='word_1_297' title='bbox 735 2648 979 2702; x_wconf 86' lang='lat' dir='ltr'><strong>lictorem</strong></span> <span class='ocrx_word' id='word_1_298' title='bbox 1014 2663 1278 2718; x_wconf 88' lang='lat' dir='ltr'><strong>agnosco,</strong></span> <span class='ocrx_word' id='word_1_299' title='bbox 1314 2657 1369 2702; x_wconf 88' lang='lat' dir='ltr'><strong>et</strong></span> <span class='ocrx_word' id='word_1_300' title='bbox 1403 2649 1545 2701; x_wconf 90' lang='lat' dir='ltr'><strong>inter</strong></span> <span class='ocrx_word' id='word_1_301' title='bbox 1570 2656 1775 2718; x_wconf 90' lang='lat' dir='ltr'><strong>septem</strong></span> <span class='ocrx_word' id='word_1_302' title='bbox 1803 2645 2041 2702; x_wconf 83' lang='lat' dir='ltr'><strong>Eusebio</strong></span> 
     </span>
    </p>
   </div>
   <div class='ocr_carea' id='block_1_43' title="bbox 458 2737 2040 2800">
    <p class='ocr_par' dir='ltr' id='par_1_43' title="bbox 458 2737 2040 2800">
     <span class='ocr_line' id='line_1_43' title="bbox 458 2737 2040 2800; baseline -0.001 -8"><span class='ocrx_word' id='word_1_303' title='bbox 458 2747 812 2800; x_wconf 87' lang='lat' dir='ltr'><strong>memoratas,</strong></span> <span class='ocrx_word' id='word_1_304' title='bbox 842 2746 896 2791; x_wconf 90' lang='lat' dir='ltr'><strong>et</strong></span> <span class='ocrx_word' id='word_1_305' title='bbox 920 2751 952 2791; x_wconf 90' lang='lat' dir='ltr'><strong>a</strong></span> <span class='ocrx_word' id='word_1_306' title='bbox 980 2737 1142 2792; x_wconf 85' lang='lat' dir='ltr'><strong>nobis</strong></span> <span class='ocrx_word' id='word_1_307' title='bbox 1173 2737 1543 2792; x_wconf 80' lang='lat' dir='ltr'><strong>defendendas</strong></span> <span class='ocrx_word' id='word_1_308' title='bbox 1584 2737 1814 2792; x_wconf 91' lang='lat' dir='ltr'><strong>omnino</strong></span> <span class='ocrx_word' id='word_1_309' title='bbox 1844 2751 2040 2791; x_wconf 53' lang='lat' dir='ltr'><strong>nume.</strong></span> 
     </span>
    </p>
   </div>
   <div class='ocr_carea' id='block_1_44' title="bbox 457 2827 2042 2901">
    <p class='ocr_par' dir='ltr' id='par_1_44' title="bbox 457 2827 2042 2901">
     <span class='ocr_line' id='line_1_44' title="bbox 457 2827 2042 2901; baseline 0 -17"><span class='ocrx_word' id='word_1_310' title='bbox 457 2830 688 2884; x_wconf 87' lang='lat' dir='ltr'><strong>randam</strong></span> <span class='ocrx_word' id='word_1_311' title='bbox 727 2844 951 2884; x_wconf 89' lang='lat' dir='ltr'><strong>censeo.</strong></span> <span class='ocrx_word' id='word_1_312' title='bbox 989 2827 1176 2900; x_wconf 85' lang='lat' dir='ltr'><strong>Neque</strong></span> <span class='ocrx_word' id='word_1_313' title='bbox 1203 2831 1348 2884; x_wconf 88' lang='lat' dir='ltr'><strong>enim</strong></span> <span class='ocrx_word' id='word_1_314' title='bbox 1394 2829 1784 2901; x_wconf 80' lang='lat' dir='ltr'><strong>Hieronymum</strong></span> <span class='ocrx_word' id='word_1_315' title='bbox 1816 2831 1906 2885; x_wconf 89' lang='lat' dir='ltr'><strong>hic</strong></span> <span class='ocrx_word' id='word_1_316' title='bbox 1936 2831 2042 2884; x_wconf 91' lang='lat' dir='ltr'><strong>im-</strong></span> 
     </span>
    </p>
   </div>
   <div class='ocr_carea' id='block_1_45' title="bbox 457 2921 2041 2993">
    <p class='ocr_par' dir='ltr' id='par_1_45' title="bbox 457 2921 2041 2993">
     <span class='ocr_line' id='line_1_45' title="bbox 457 2921 2041 2993; baseline 0.001 -17"><span class='ocrx_word' id='word_1_317' title='bbox 457 2922 651 2993; x_wconf 89' lang='lat' dir='ltr'><strong>primis</strong></span> <span class='ocrx_word' id='word_1_318' title='bbox 677 2922 1034 2991; x_wconf 87' lang='lat' dir='ltr'><strong>speetandum</strong></span> <span class='ocrx_word' id='word_1_319' title='bbox 1056 2936 1178 2976; x_wconf 91' lang='lat' dir='ltr'><strong>esse</strong></span> <span class='ocrx_word' id='word_1_320' title='bbox 1210 2931 1342 2992; x_wconf 87' lang='lat' dir='ltr'><strong>puto</strong></span> <span class='ocrx_word' id='word_1_321' title='bbox 1377 2942 1390 2977; x_wconf 92' lang='lat'>:</span> <span class='ocrx_word' id='word_1_322' title='bbox 1427 2937 1606 2992; x_wconf 90' lang='lat' dir='ltr'><strong>neque</strong></span> <span class='ocrx_word' id='word_1_323' title='bbox 1639 2921 1940 2978; x_wconf 86' lang='lat' dir='ltr'><strong>Eusebium</strong></span> <span class='ocrx_word' id='word_1_324' title='bbox 1975 2939 2041 2977; x_wconf 65' lang='lat' dir='ltr'><strong>et</strong></span> 
     </span>
    </p>
   </div>
   <div class='ocr_carea' id='block_1_46' title="bbox 458 3013 2043 3088">
    <p class='ocr_par' dir='ltr' id='par_1_46' title="bbox 458 3013 2043 3088">
     <span class='ocr_line' id='line_1_46' title="bbox 458 3013 2043 3088; baseline 0 -20"><span class='ocrx_word' id='word_1_325' title='bbox 458 3014 794 3084; x_wconf 85' lang='lat' dir='ltr'><strong>Hieronymo</strong></span> <span class='ocrx_word' id='word_1_326' title='bbox 840 3014 1192 3082; x_wconf 89' lang='lat' dir='ltr'><strong>interpretor,</strong></span> <span class='ocrx_word' id='word_1_327' title='bbox 1248 3015 1341 3069; x_wconf 90' lang='lat' dir='ltr'><strong>sed</strong></span> <span class='ocrx_word' id='word_1_328' title='bbox 1360 3057 1375 3080; x_wconf 92' lang='lat'><strong>,</strong></span> <span class='ocrx_word' id='word_1_329' title='bbox 1406 3015 1485 3069; x_wconf 89' lang='lat' dir='ltr'><strong>uti</strong></span> <span class='ocrx_word' id='word_1_330' title='bbox 1515 3030 1615 3084; x_wconf 91' lang='lat' dir='ltr'><strong>par</strong></span> <span class='ocrx_word' id='word_1_331' title='bbox 1643 3025 1747 3082; x_wconf 91' lang='lat' dir='ltr'><strong>est,</strong></span> <span class='ocrx_word' id='word_1_332' title='bbox 1772 3013 2043 3088; x_wconf 82' lang='lat' dir='ltr'><strong>Hierony-</strong></span> 
     </span>
    </p>
   </div>
   <div class='ocr_carea' id='block_1_47' title="bbox 2135 1909 3737 1982">
    <p class='ocr_par' dir='ltr' id='par_1_47' title="bbox 2135 1909 3737 1982">
     <span class='ocr_line' id='line_1_47' title="bbox 2135 1909 3737 1982; baseline 0.001 -19"><span class='ocrx_word' id='word_1_333' title='bbox 2135 1910 2284 1981; x_wconf 90' lang='lat' dir='ltr'><strong>loqui</strong></span> <span class='ocrx_word' id='word_1_334' title='bbox 2322 1909 2594 1964; x_wconf 88' lang='lat' dir='ltr'><strong>Eusebius</strong></span> <span class='ocrx_word' id='word_1_335' title='bbox 2619 1909 2758 1963; x_wconf 91' lang='lat' dir='ltr'><strong>solet</strong></span> <span class='ocrx_word' id='word_1_336' title='bbox 2792 1927 2805 1963; x_wconf 92' lang='lat'>:</span> <span class='ocrx_word' id='word_1_337' title='bbox 2839 1918 2898 1962; x_wconf 92' lang='lat' dir='ltr'><strong>ut</strong></span> <span class='ocrx_word' id='word_1_338' title='bbox 2927 1925 3050 1964; x_wconf 92' lang='lat' dir='ltr'><strong>cum</strong></span> <span class='ocrx_word' id='word_1_339' title='bbox 3078 1910 3145 1964; x_wconf 88' lang='lat' dir='ltr'><strong>de</strong></span> <span class='ocrx_word' id='word_1_340' title='bbox 3177 1909 3437 1964; x_wconf 86' lang='lat' dir='ltr'><strong>Melitone</strong></span> <span class='ocrx_word' id='word_1_341' title='bbox 3477 1921 3532 1965; x_wconf 90' lang='lat' dir='ltr'><strong>et</strong></span> <span class='ocrx_word' id='word_1_342' title='bbox 3560 1911 3737 1982; x_wconf 90' lang='lat' dir='ltr'><strong>Apol-</strong></span> 
     </span>
    </p>
   </div>
   <div class='ocr_carea' id='block_1_48' title="bbox 2137 1999 3739 2076">
    <p class='ocr_par' dir='ltr' id='par_1_48' title="bbox 2137 1999 3739 2076">
     <span class='ocr_line' id='line_1_48' title="bbox 2137 1999 3739 2076; baseline 0.001 -21"><span class='ocrx_word' id='word_1_343' title='bbox 2137 2001 2298 2056; x_wconf 88' lang='lat' dir='ltr'><strong>linari</strong></span> <span class='ocrx_word' id='word_1_344' title='bbox 2353 2000 2502 2072; x_wconf 86' lang='lat' dir='ltr'><strong>agit:</strong></span> <span class='ocrx_word' id='word_1_345' title='bbox 2533 2000 2595 2059; x_wconf 85' lang='grc' dir='ltr'><strong>Οἳ</strong></span> <span class='ocrx_word' id='word_1_346' title='bbox 2643 2001 2932 2071; x_wconf 83' lang='grc' dir='ltr'>Ῥωμαίων</span> <span class='ocrx_word' id='word_1_347' title='bbox 2969 1999 3178 2070; x_wconf 84' lang='grc' dir='ltr'>βασιλεῖ</span> <span class='ocrx_word' id='word_1_348' title='bbox 3212 2001 3404 2070; x_wconf 81' lang='grc' dir='ltr'>λόγους</span> <span class='ocrx_word' id='word_1_349' title='bbox 3439 2002 3583 2074; x_wconf 81' lang='grc' dir='ltr'>ὑπὲρ</span> <span class='ocrx_word' id='word_1_350' title='bbox 3631 2005 3739 2076; x_wconf 85' lang='grc' dir='ltr'><strong>τῆς</strong></span> 
     </span>
    </p>
   </div>
   <div class='ocr_carea' id='block_1_49' title="bbox 2137 2091 3730 2167">
    <p class='ocr_par' dir='ltr' id='par_1_49' title="bbox 2137 2091 3730 2167">
     <span class='ocr_line' id='line_1_49' title="bbox 2137 2091 3730 2167; baseline 0.003 -22"><span class='ocrx_word' id='word_1_351' title='bbox 2137 2093 2376 2156; x_wconf 87' lang='grc' dir='ltr'>πίστεως</span> <span class='ocrx_word' id='word_1_352' title='bbox 2435 2092 2578 2156; x_wconf 81' lang='grc' dir='ltr'>ἰδίως</span> <span class='ocrx_word' id='word_1_353' title='bbox 2615 2093 2874 2164; x_wconf 80' lang='grc' dir='ltr'>ἑκάτερος</span> <span class='ocrx_word' id='word_1_354' title='bbox 2915 2091 3214 2162; x_wconf 82' lang='grc' dir='ltr'>ἀπολογίας</span> <span class='ocrx_word' id='word_1_355' title='bbox 3266 2093 3730 2167; x_wconf 78' lang='grc' dir='ltr'>προσεφώνησαν.</span> 
     </span>
    </p>
   </div>
   <div class='ocr_carea' id='block_1_50' title="bbox 2140 2183 3736 2258">
    <p class='ocr_par' dir='ltr' id='par_1_50' title="bbox 2140 2183 3736 2258">
     <span class='ocr_line' id='line_1_50' title="bbox 2140 2183 3736 2258; baseline 0.003 -20"><span class='ocrx_word' id='word_1_356' title='bbox 2140 2183 2379 2250; x_wconf 86' lang='lat' dir='ltr'><strong>Quorum</strong></span> <span class='ocrx_word' id='word_1_357' title='bbox 2434 2193 2651 2254; x_wconf 87' lang='lat' dir='ltr'><strong>uterque</strong></span> <span class='ocrx_word' id='word_1_358' title='bbox 2713 2185 2983 2238; x_wconf 88' lang='lat' dir='ltr'><strong>orationes</strong></span> <span class='ocrx_word' id='word_1_359' title='bbox 3057 2202 3152 2254; x_wconf 90' lang='lat' dir='ltr'><strong>pro</strong></span> <span class='ocrx_word' id='word_1_360' title='bbox 3204 2187 3308 2254; x_wconf 90' lang='lat' dir='ltr'><strong>ﬁde</strong></span> <span class='ocrx_word' id='word_1_361' title='bbox 3368 2189 3736 2258; x_wconf 85' lang='lat' dir='ltr'><strong>apologeticas</strong></span> 
     </span>
    </p>
   </div>
   <div class='ocr_carea' id='block_1_51' title="bbox 2139 2276 3735 2349">
    <p class='ocr_par' dir='ltr' id='par_1_51' title="bbox 2139 2276 3735 2349">
     <span class='ocr_line' id='line_1_51' title="bbox 2139 2276 3735 2349; baseline 0.004 -18"><span class='ocrx_word' id='word_1_362' title='bbox 2139 2294 2372 2332; x_wconf 87' lang='lat' dir='ltr'><strong>seorsum</strong></span> <span class='ocrx_word' id='word_1_363' title='bbox 2401 2278 2720 2348; x_wconf 87' lang='lat' dir='ltr'><strong>nuncupavit</strong></span> <span class='ocrx_word' id='word_1_364' title='bbox 2756 2276 2918 2348; x_wconf 85' lang='lat' dir='ltr'><strong>(Hist.</strong></span> <span class='ocrx_word' id='word_1_365' title='bbox 2944 2277 2981 2332; x_wconf 90' lang='lat' dir='ltr'><strong>l.</strong></span> <span class='ocrx_word' id='word_1_366' title='bbox 3009 2294 3082 2345; x_wconf 79' lang='lat' dir='ltr'><strong>Iv,</strong></span> <span class='ocrx_word' id='word_1_367' title='bbox 3109 2295 3160 2334; x_wconf 91' lang='lat' dir='ltr'><strong>c.</strong></span> <span class='ocrx_word' id='word_1_368' title='bbox 3194 2279 3318 2349; x_wconf 66' lang='lat'><strong>26);</strong></span> <span class='ocrx_word' id='word_1_369' title='bbox 3346 2295 3469 2335; x_wconf 90' lang='lat' dir='ltr'><strong>cum</strong></span> <span class='ocrx_word' id='word_1_370' title='bbox 3497 2281 3566 2336; x_wconf 90' lang='lat' dir='ltr'><strong>de</strong></span> <span class='ocrx_word' id='word_1_371' title='bbox 3598 2281 3735 2338; x_wconf 87' lang='lat' dir='ltr'><strong>Flo-</strong></span> 
     </span>
    </p>
   </div>
   <div class='ocr_carea' id='block_1_52' title="bbox 2141 2368 3740 2443">
    <p class='ocr_par' dir='ltr' id='par_1_52' title="bbox 2141 2368 3740 2443">
     <span class='ocr_line' id='line_1_52' title="bbox 2141 2368 3740 2443; baseline 0.001 -20"><span class='ocrx_word' id='word_1_372' title='bbox 2141 2369 2330 2423; x_wconf 85' lang='lat' dir='ltr'><strong>rinoet</strong></span> <span class='ocrx_word' id='word_1_373' title='bbox 2346 2368 2530 2423; x_wconf 79' lang='lat' dir='ltr'><strong>Blasto</strong></span> <span class='ocrx_word' id='word_1_374' title='bbox 2548 2370 2820 2424; x_wconf 70' lang='lat' dir='ltr'><strong>haereticis</strong></span> <span class='ocrx_word' id='word_1_375' title='bbox 2846 2389 2857 2422; x_wconf 90' lang='lat'><strong>:</strong></span> <span class='ocrx_word' id='word_1_376' title='bbox 2887 2369 3125 2441; x_wconf 85' lang='grc' dir='ltr'>Θὰτερος</span> <span class='ocrx_word' id='word_1_377' title='bbox 3151 2369 3294 2433; x_wconf 88' lang='grc' dir='ltr'>ἰδίως</span> <span class='ocrx_word' id='word_1_378' title='bbox 3317 2373 3446 2442; x_wconf 77' lang='grc' dir='ltr'>περὶ</span> <span class='ocrx_word' id='word_1_379' title='bbox 3471 2371 3569 2443; x_wconf 82' lang='grc' dir='ltr'>τὴν</span> <span class='ocrx_word' id='word_1_380' title='bbox 3599 2372 3740 2443; x_wconf 62' lang='grc' dir='ltr'><strong>ἁλήη</strong></span> 
     </span>
    </p>
   </div>
   <div class='ocr_carea' id='block_1_53' title="bbox 2140 2460 3737 2534">
    <p class='ocr_par' dir='ltr' id='par_1_53' title="bbox 2140 2460 3737 2534">
     <span class='ocr_line' id='line_1_53' title="bbox 2140 2460 3737 2534; baseline 0.002 -19"><span class='ocrx_word' id='word_1_381' title='bbox 2140 2462 2290 2516; x_wconf 85' lang='grc' dir='ltr'>θειαν</span> <span class='ocrx_word' id='word_1_382' title='bbox 2321 2460 2664 2533; x_wconf 77' lang='grc' dir='ltr'><strong>νεωτερίζειν</strong></span> <span class='ocrx_word' id='word_1_383' title='bbox 2699 2462 3058 2533; x_wconf 83' lang='grc' dir='ltr'>πειρώμενος.</span> <span class='ocrx_word' id='word_1_384' title='bbox 3087 2462 3219 2516; x_wconf 86' lang='lat' dir='ltr'><strong>Cum</strong></span> <span class='ocrx_word' id='word_1_385' title='bbox 3255 2472 3471 2534; x_wconf 85' lang='lat' dir='ltr'><strong>uterque</strong></span> <span class='ocrx_word' id='word_1_386' title='bbox 3506 2467 3737 2520; x_wconf 85' lang='lat' dir='ltr'><strong>seorsim</strong></span> 
     </span>
    </p>
   </div>
   <div class='ocr_carea' id='block_1_54' title="bbox 2141 2553 3739 2623">
    <p class='ocr_par' dir='ltr' id='par_1_54' title="bbox 2141 2553 3739 2623">
     <span class='ocr_line' id='line_1_54' title="bbox 2141 2553 3739 2623; baseline 0.003 -17"><span class='ocrx_word' id='word_1_387' title='bbox 2141 2570 2332 2608; x_wconf 88' lang='lat' dir='ltr'><strong>novam</strong></span> <span class='ocrx_word' id='word_1_388' title='bbox 2371 2553 2672 2607; x_wconf 85' lang='lat' dir='ltr'><strong>doctrinam</strong></span> <span class='ocrx_word' id='word_1_389' title='bbox 2715 2555 2962 2608; x_wconf 88' lang='lat' dir='ltr'><strong>adversus</strong></span> <span class='ocrx_word' id='word_1_390' title='bbox 3005 2555 3131 2623; x_wconf 87' lang='lat' dir='ltr'><strong>ﬁdei</strong></span> <span class='ocrx_word' id='word_1_391' title='bbox 3179 2557 3451 2609; x_wconf 87' lang='lat' dir='ltr'><strong>veritatem</strong></span> <span class='ocrx_word' id='word_1_392' title='bbox 3492 2557 3739 2610; x_wconf 80' lang='lat' dir='ltr'><strong>invehere</strong></span> 
     </span>
    </p>
   </div>
   <div class='ocr_carea' id='block_1_55' title="bbox 2095 2630 3741 2720">
    <p class='ocr_par' dir='ltr' id='par_1_55' title="bbox 2095 2630 3741 2720">
     <span class='ocr_line' id='line_1_55' title="bbox 2095 2630 3741 2720; baseline 0.002 -22"><span class='ocrx_word' id='word_1_393' title='bbox 2095 2630 2111 2644; x_wconf 89' lang='lat'><strong>&#39;</strong></span> <span class='ocrx_word' id='word_1_394' title='bbox 2141 2645 2408 2699; x_wconf 88' lang='lat' dir='ltr'><strong>laboraret</strong></span> <span class='ocrx_word' id='word_1_395' title='bbox 2438 2645 2500 2708; x_wconf 81' lang='grc' dir='ltr'><strong>(ι.</strong></span> <span class='ocrx_word' id='word_1_396' title='bbox 2526 2661 2579 2712; x_wconf 80' lang='grc' dir='ltr'><strong>ν,</strong></span> <span class='ocrx_word' id='word_1_397' title='bbox 2614 2660 2662 2699; x_wconf 93' lang='lat' dir='ltr'><strong>c.</strong></span> <span class='ocrx_word' id='word_1_398' title='bbox 2694 2645 2967 2716; x_wconf 82' lang='lat' dir='ltr'><strong>l5);cum</strong></span> <span class='ocrx_word' id='word_1_399' title='bbox 2999 2647 3066 2701; x_wconf 92' lang='lat' dir='ltr'><strong>de</strong></span> <span class='ocrx_word' id='word_1_400' title='bbox 3091 2644 3360 2717; x_wconf 88' lang='lat' dir='ltr'><strong>Origene:</strong></span> <span class='ocrx_word' id='word_1_401' title='bbox 3412 2647 3579 2710; x_wconf 85' lang='grc' dir='ltr'>’ἰδίως</span> <span class='ocrx_word' id='word_1_402' title='bbox 3627 2649 3741 2720; x_wconf 83' lang='grc' dir='ltr'><strong>τὴν</strong></span> 
     </span>
    </p>
   </div>
   <div class='ocr_carea' id='block_1_56' title="bbox 2155 2736 3737 2812">
    <p class='ocr_par' dir='ltr' id='par_1_56' title="bbox 2155 2736 3737 2812">
     <span class='ocr_line' id='line_1_56' title="bbox 2155 2736 3737 2812; baseline 0.001 -22"><span class='ocrx_word' id='word_1_403' title='bbox 2155 2736 2378 2790; x_wconf 78' lang='grc' dir='ltr'>’Λκύλου</span> <span class='ocrx_word' id='word_1_404' title='bbox 2399 2738 2492 2791; x_wconf 74' lang='grc' dir='ltr'><strong>καὶ</strong></span> <span class='ocrx_word' id='word_1_405' title='bbox 2508 2738 2578 2789; x_wconf 90' lang='grc' dir='ltr'><strong>Συ</strong></span> <span class='ocrx_word' id='word_1_406' title='bbox 2587 2756 2626 2808; x_wconf 89' lang='grc' dir='ltr'><strong>μ</strong></span> <span class='ocrx_word' id='word_1_407' title='bbox 2631 2737 2826 2809; x_wconf 85' lang='grc' dir='ltr'>μάχου,</span> <span class='ocrx_word' id='word_1_408' title='bbox 2843 2738 2937 2793; x_wconf 75' lang='grc' dir='ltr'>καὶ</span> <span class='ocrx_word' id='word_1_409' title='bbox 2952 2738 3302 2801; x_wconf 86' lang='grc' dir='ltr'>Θεοδοτίωνος</span> <span class='ocrx_word' id='word_1_410' title='bbox 3312 2739 3520 2792; x_wconf 76' lang='grc' dir='ltr'>ἔκδοσιν</span> <span class='ocrx_word' id='word_1_411' title='bbox 3533 2741 3567 2792; x_wconf 76' lang='grc' dir='ltr'>ἃ</span> <span class='ocrx_word' id='word_1_412' title='bbox 3573 2757 3648 2810; x_wconf 84' lang='grc' dir='ltr'><strong>μα</strong></span> <span class='ocrx_word' id='word_1_413' title='bbox 3663 2743 3737 2812; x_wconf 75' lang='grc' dir='ltr'>τῇ</span> 
     </span>
    </p>
   </div>
   <div class='ocr_carea' id='block_1_57' title="bbox 2141 2828 3738 2902">
    <p class='ocr_par' dir='ltr' id='par_1_57' title="bbox 2141 2828 3738 2902">
     <span class='ocr_line' id='line_1_57' title="bbox 2141 2828 3738 2902; baseline 0.002 -20"><span class='ocrx_word' id='word_1_414' title='bbox 2141 2828 2250 2882; x_wconf 81' lang='grc' dir='ltr'><strong>τῶν</strong></span> <span class='ocrx_word' id='word_1_415' title='bbox 2265 2829 2663 2900; x_wconf 79' lang='grc' dir='ltr'>Ἑϐδομήκοντα</span> <span class='ocrx_word' id='word_1_416' title='bbox 2690 2833 2746 2884; x_wconf 85' lang='grc' dir='ltr'>ὲν</span> <span class='ocrx_word' id='word_1_417' title='bbox 2783 2833 2898 2895; x_wconf 82' lang='grc' dir='ltr'>τοῖς</span> <span class='ocrx_word' id='word_1_418' title='bbox 2927 2831 3250 2902; x_wconf 82' lang='grc' dir='ltr'>τετραπλοῖς</span> <span class='ocrx_word' id='word_1_419' title='bbox 3284 2833 3738 2886; x_wconf 78' lang='grc' dir='ltr'>ἐπικατασκευά-</span> 
     </span>
    </p>
   </div>
   <div class='ocr_carea' id='block_1_58' title="bbox 2146 2922 3739 2996">
    <p class='ocr_par' dir='ltr' id='par_1_58' title="bbox 2146 2922 3739 2996">
     <span class='ocr_line' id='line_1_58' title="bbox 2146 2922 3739 2996; baseline 0.002 -19"><span class='ocrx_word' id='word_1_420' title='bbox 2146 2941 2264 2987; x_wconf 85' lang='grc' dir='ltr'>σας.</span> <span class='ocrx_word' id='word_1_421' title='bbox 2295 2922 2598 2978; x_wconf 86' lang='lat' dir='ltr'><strong>Editionem</strong></span> <span class='ocrx_word' id='word_1_422' title='bbox 2627 2925 2853 2996; x_wconf 71' lang='lat' dir='ltr'><strong>Aquilat,</strong></span> <span class='ocrx_word' id='word_1_423' title='bbox 2875 2934 2923 2980; x_wconf 90' lang='lat' dir='ltr'><strong>et</strong></span> <span class='ocrx_word' id='word_1_424' title='bbox 2955 2924 3259 2996; x_wconf 81' lang='lat' dir='ltr'><strong>Symmachi</strong></span> <span class='ocrx_word' id='word_1_425' title='bbox 3279 2936 3328 2980; x_wconf 90' lang='lat' dir='ltr'><strong>et</strong></span> <span class='ocrx_word' id='word_1_426' title='bbox 3358 2926 3739 2981; x_wconf 83' lang='lat' dir='ltr'><strong>Theodotionis</strong></span> 
     </span>
    </p>
   </div>
   <div class='ocr_carea' id='block_1_59' title="bbox 2144 3012 3739 3088">
    <p class='ocr_par' dir='ltr' id='par_1_59' title="bbox 2144 3012 3739 3088">
     <span class='ocr_line' id='line_1_59' title="bbox 2144 3012 3739 3088; baseline 0.003 -20"><span class='ocrx_word' id='word_1_427' title='bbox 2144 3029 2265 3068; x_wconf 89' lang='lat' dir='ltr'><strong>cum</strong></span> <span class='ocrx_word' id='word_1_428' title='bbox 2284 3013 2439 3067; x_wconf 81' lang='lat' dir='ltr'><strong>LXX</strong></span> <span class='ocrx_word' id='word_1_429' title='bbox 2455 3012 2486 3065; x_wconf 88' lang='grc' dir='ltr'><em>Ι</em></span> <span class='ocrx_word' id='word_1_430' title='bbox 2490 3023 2811 3083; x_wconf 89' lang='lat' dir='ltr'><strong>nterpretum</strong></span> <span class='ocrx_word' id='word_1_431' title='bbox 2822 3017 3058 3070; x_wconf 88' lang='lat' dir='ltr'><strong>versione</strong></span> <span class='ocrx_word' id='word_1_432' title='bbox 3069 3033 3303 3072; x_wconf 87' lang='lat' dir='ltr'><strong>seorsum</strong></span> <span class='ocrx_word' id='word_1_433' title='bbox 3318 3019 3374 3070; x_wconf 88' lang='lat' dir='ltr'><strong>in</strong></span> <span class='ocrx_word' id='word_1_434' title='bbox 3389 3020 3629 3088; x_wconf 88' lang='lat' dir='ltr'><strong>tetraplis</strong></span> <span class='ocrx_word' id='word_1_435' title='bbox 3645 3020 3739 3072; x_wconf 89' lang='lat' dir='ltr'><strong>di-</strong></span> 
     </span>
    </p>
   </div>
   <div class='ocr_carea' id='block_1_60' title="bbox 458 3103 3733 3207">
    <p class='ocr_par' dir='ltr' id='par_1_60' title="bbox 458 3103 3733 3207">
     <span class='ocr_line' id='line_1_60' title="bbox 458 3103 3733 3207; baseline 0.001 -46"><span class='ocrx_word' id='word_1_436' title='bbox 458 3123 610 3161; x_wconf 91' lang='lat' dir='ltr'><strong>mum</strong></span> <span class='ocrx_word' id='word_1_437' title='bbox 641 3123 706 3162; x_wconf 82' lang='lat' dir='ltr'><strong>ex</strong></span> <span class='ocrx_word' id='word_1_438' title='bbox 730 3106 988 3172; x_wconf 90' lang='lat' dir='ltr'><strong>Eusebio,</strong></span> <span class='ocrx_word' id='word_1_439' title='bbox 1019 3121 1048 3161; x_wconf 93' lang='lat' dir='ltr'><strong>e</strong></span> <span class='ocrx_word' id='word_1_440' title='bbox 1070 3121 1181 3176; x_wconf 91' lang='lat' dir='ltr'><strong>quo</strong></span> <span class='ocrx_word' id='word_1_441' title='bbox 1212 3123 1311 3162; x_wconf 93' lang='lat' dir='ltr'><strong>sua</strong></span> <span class='ocrx_word' id='word_1_442' title='bbox 1332 3109 1629 3164; x_wconf 88' lang='lat' dir='ltr'><strong>transtulit.</strong></span> <span class='ocrx_word' id='word_1_443' title='bbox 1648 3108 1836 3166; x_wconf 90' lang='lat' dir='ltr'><strong>Primo</strong></span> <span class='ocrx_word' id='word_1_444' title='bbox 1857 3110 2042 3183; x_wconf 80' lang='lat' dir='ltr'><strong>itaque</strong></span> <span class='ocrx_word' id='word_1_445' title='bbox 2067 3144 2115 3207; x_wconf 74' lang='lat' dir='ltr'>c</span> <span class='ocrx_word' id='word_1_446' title='bbox 2145 3105 2306 3175; x_wconf 88' lang='lat' dir='ltr'><strong>gessit</strong></span> <span class='ocrx_word' id='word_1_447' title='bbox 2328 3103 2478 3175; x_wconf 78' lang='grc' dir='ltr'>(Ι.νι,</span> <span class='ocrx_word' id='word_1_448' title='bbox 2498 3106 2676 3175; x_wconf 74' lang='lat' dir='ltr'><strong>c.16).</strong></span> <span class='ocrx_word' id='word_1_449' title='bbox 2703 3105 2778 3161; x_wconf 87' lang='lat' dir='ltr'><strong>lta</strong></span> <span class='ocrx_word' id='word_1_450' title='bbox 2795 3107 2872 3160; x_wconf 91' lang='lat' dir='ltr'><strong>illi</strong></span> <span class='ocrx_word' id='word_1_451' title='bbox 2897 3108 3169 3178; x_wconf 86' lang='lat' dir='ltr'><strong>peculiare</strong></span> <span class='ocrx_word' id='word_1_452' title='bbox 3191 3109 3410 3179; x_wconf 89' lang='lat' dir='ltr'><strong>aliquod</strong></span> <span class='ocrx_word' id='word_1_453' title='bbox 3435 3111 3733 3180; x_wconf 87' lang='lat' dir='ltr'><strong>scriptum,</strong></span> 
     </span>
    </p>
   </div>
   <div class='ocr_carea' id='block_1_61' title="bbox 464 3199 2040 3273">
    <p class='ocr_par' dir='ltr' id='par_1_61' title="bbox 464 3199 2040 3273">
     <span class='ocr_line' id='line_1_61' title="bbox 464 3199 2040 3273; baseline 0.005 -20"><span class='ocrx_word' id='word_1_454' title='bbox 464 3199 764 3256; x_wconf 88' lang='lat' dir='ltr'><strong>Eusebium</strong></span> <span class='ocrx_word' id='word_1_455' title='bbox 800 3217 990 3258; x_wconf 88' lang='lat' dir='ltr'><strong>assero</strong></span> <span class='ocrx_word' id='word_1_456' title='bbox 1020 3211 1228 3273; x_wconf 89' lang='lat' dir='ltr'><strong>septem</strong></span> <span class='ocrx_word' id='word_1_457' title='bbox 1255 3203 1478 3257; x_wconf 89' lang='lat' dir='ltr'><strong>omnino</strong></span> <span class='ocrx_word' id='word_1_458' title='bbox 1523 3204 1784 3273; x_wconf 90' lang='lat' dir='ltr'><strong>epistolas</strong></span> <span class='ocrx_word' id='word_1_459' title='bbox 1809 3222 2040 3261; x_wconf 84' lang='lat' dir='ltr'><strong>enume-</strong></span> 
     </span>
    </p>
   </div>
   <div class='ocr_carea' id='block_1_62' title="bbox 459 3295 2043 3370">
    <p class='ocr_par' dir='ltr' id='par_1_62' title="bbox 459 3295 2043 3370">
     <span class='ocr_line' id='line_1_62' title="bbox 459 3295 2043 3370; baseline 0.006 -24"><span class='ocrx_word' id='word_1_460' title='bbox 459 3308 634 3359; x_wconf 89' lang='lat' dir='ltr'><strong>rasse,</strong></span> <span class='ocrx_word' id='word_1_461' title='bbox 659 3303 714 3349; x_wconf 90' lang='lat' dir='ltr'><strong>et</strong></span> <span class='ocrx_word' id='word_1_462' title='bbox 737 3295 888 3351; x_wconf 90' lang='lat' dir='ltr'><strong>illius</strong></span> <span class='ocrx_word' id='word_1_463' title='bbox 917 3296 985 3350; x_wconf 93' lang='lat' dir='ltr'><strong>ad</strong></span> <span class='ocrx_word' id='word_1_464' title='bbox 1017 3295 1377 3367; x_wconf 87' lang='lat' dir='ltr'><strong>Polycarpum</strong></span> <span class='ocrx_word' id='word_1_465' title='bbox 1410 3304 1671 3366; x_wconf 87' lang='lat' dir='ltr'><strong>tanquam</strong></span> <span class='ocrx_word' id='word_1_466' title='bbox 1701 3299 1771 3354; x_wconf 89' lang='lat' dir='ltr'><strong>ab</strong></span> <span class='ocrx_word' id='word_1_467' title='bbox 1805 3314 1871 3354; x_wconf 91' lang='lat' dir='ltr'><strong>ea</strong></span> <span class='ocrx_word' id='word_1_468' title='bbox 1918 3314 2043 3370; x_wconf 62' lang='lat' dir='ltr'><strong>quae</strong></span> 
     </span>
    </p>
   </div>
   <div class='ocr_carea' id='block_1_63' title="bbox 458 3386 2039 3459">
    <p class='ocr_par' dir='ltr' id='par_1_63' title="bbox 458 3386 2039 3459">
     <span class='ocr_line' id='line_1_63' title="bbox 458 3386 2039 3459; baseline 0.002 -18"><span class='ocrx_word' id='word_1_469' title='bbox 458 3386 663 3455; x_wconf 91' lang='lat' dir='ltr'><strong>scripta</strong></span> <span class='ocrx_word' id='word_1_470' title='bbox 695 3395 781 3441; x_wconf 91' lang='lat' dir='ltr'><strong>est</strong></span> <span class='ocrx_word' id='word_1_471' title='bbox 803 3389 870 3441; x_wconf 86' lang='lat' dir='ltr'><strong>ad</strong></span> <span class='ocrx_word' id='word_1_472' title='bbox 913 3386 1224 3459; x_wconf 80' lang='lat' dir='ltr'><strong>Smyrnaeos</strong></span> <span class='ocrx_word' id='word_1_473' title='bbox 1250 3389 1409 3458; x_wconf 87' lang='lat' dir='ltr'><strong>plane</strong></span> <span class='ocrx_word' id='word_1_474' title='bbox 1437 3388 1669 3444; x_wconf 72' lang='lat' dir='ltr'><strong>diversa:</strong></span> <span class='ocrx_word' id='word_1_475' title='bbox 1700 3391 2039 3446; x_wconf 85' lang='lat' dir='ltr'><strong>meminisse.</strong></span> 
     </span>
    </p>
   </div>
   <div class='ocr_carea' id='block_1_64' title="bbox 457 3475 2045 3551">
    <p class='ocr_par' dir='ltr' id='par_1_64' title="bbox 457 3475 2045 3551">
     <span class='ocr_line' id='line_1_64' title="bbox 457 3475 2045 3551; baseline 0.004 -22"><span class='ocrx_word' id='word_1_476' title='bbox 457 3475 594 3531; x_wconf 89' lang='lat' dir='ltr'><strong>Nam</strong></span> <span class='ocrx_word' id='word_1_477' title='bbox 618 3487 856 3547; x_wconf 89' lang='lat' dir='ltr'><strong>quatuor</strong></span> <span class='ocrx_word' id='word_1_478' title='bbox 885 3493 916 3532; x_wconf 92' lang='lat' dir='ltr'><strong>e</strong></span> <span class='ocrx_word' id='word_1_479' title='bbox 945 3478 1176 3550; x_wconf 88' lang='lat' dir='ltr'><strong>Smyrna</strong></span> <span class='ocrx_word' id='word_1_480' title='bbox 1232 3480 1452 3546; x_wconf 91' lang='lat' dir='ltr'><strong>missas,</strong></span> <span class='ocrx_word' id='word_1_481' title='bbox 1503 3481 1713 3536; x_wconf 90' lang='lat' dir='ltr'><strong>scilicet</strong></span> <span class='ocrx_word' id='word_1_482' title='bbox 1761 3482 1826 3535; x_wconf 92' lang='lat' dir='ltr'><strong>ad</strong></span> <span class='ocrx_word' id='word_1_483' title='bbox 1866 3481 2045 3551; x_wconf 87' lang='lat' dir='ltr'><strong>Ephe-</strong></span> 
     </span>
    </p>
   </div>
   <div class='ocr_carea' id='block_1_65' title="bbox 459 3569 2043 3641">
    <p class='ocr_par' dir='ltr' id='par_1_65' title="bbox 459 3569 2043 3641">
     <span class='ocr_line' id='line_1_65' title="bbox 459 3569 2043 3641; baseline 0.004 -17"><span class='ocrx_word' id='word_1_484' title='bbox 459 3571 593 3635; x_wconf 85' lang='lat' dir='ltr'><strong>sios,</strong></span> <span class='ocrx_word' id='word_1_485' title='bbox 622 3571 688 3624; x_wconf 82' lang='lat' dir='ltr'><strong>ad</strong></span> <span class='ocrx_word' id='word_1_486' title='bbox 720 3569 1129 3641; x_wconf 84' lang='lat' dir='ltr'><strong>Magnesianos,</strong></span> <span class='ocrx_word' id='word_1_487' title='bbox 1161 3573 1229 3627; x_wconf 87' lang='lat' dir='ltr'><strong>ad</strong></span> <span class='ocrx_word' id='word_1_488' title='bbox 1273 3571 1604 3640; x_wconf 85' lang='lat' dir='ltr'><strong>Trallianos,</strong></span> <span class='ocrx_word' id='word_1_489' title='bbox 1649 3575 1716 3629; x_wconf 89' lang='lat' dir='ltr'><strong>ad</strong></span> <span class='ocrx_word' id='word_1_490' title='bbox 1764 3573 2043 3630; x_wconf 79' lang='lat' dir='ltr'><strong>Rntnanos</strong></span> 
     </span>
    </p>
   </div>
   <div class='ocr_carea' id='block_1_66' title="bbox 461 3662 2044 3730">
    <p class='ocr_par' dir='ltr' id='par_1_66' title="bbox 461 3662 2044 3730">
     <span class='ocr_line' id='line_1_66' title="bbox 461 3662 2044 3730; baseline 0.004 -15"><span class='ocrx_word' id='word_1_491' title='bbox 461 3672 722 3730; x_wconf 88' lang='lat' dir='ltr'><strong>tanquam</strong></span> <span class='ocrx_word' id='word_1_492' title='bbox 755 3662 1049 3718; x_wconf 88' lang='lat' dir='ltr'><strong>distinctas</strong></span> <span class='ocrx_word' id='word_1_493' title='bbox 1090 3663 1386 3719; x_wconf 88' lang='lat' dir='ltr'><strong>Eusebium</strong></span> <span class='ocrx_word' id='word_1_494' title='bbox 1425 3681 1764 3721; x_wconf 89' lang='lat' dir='ltr'><strong>memorasse</strong></span> <span class='ocrx_word' id='word_1_495' title='bbox 1802 3665 2044 3721; x_wconf 73' lang='lat' dir='ltr'><strong>fatentur</strong></span> 
     </span>
    </p>
   </div>
   <div class='ocr_carea' id='block_1_67' title="bbox 462 3757 2044 3830">
    <p class='ocr_par' dir='ltr' id='par_1_67' title="bbox 462 3757 2044 3830">
     <span class='ocr_line' id='line_1_67' title="bbox 462 3757 2044 3830; baseline 0.006 -25"><span class='ocrx_word' id='word_1_496' title='bbox 462 3767 655 3809; x_wconf 89' lang='lat' dir='ltr'><strong>omnes</strong></span> <span class='ocrx_word' id='word_1_497' title='bbox 694 3771 708 3806; x_wconf 91' lang='lat'><strong>:</strong></span> <span class='ocrx_word' id='word_1_498' title='bbox 746 3765 859 3812; x_wconf 87' lang='lat' dir='ltr'><strong>tres</strong></span> <span class='ocrx_word' id='word_1_499' title='bbox 888 3766 1070 3811; x_wconf 88' lang='lat' dir='ltr'><strong>autem</strong></span> <span class='ocrx_word' id='word_1_500' title='bbox 1101 3774 1132 3813; x_wconf 92' lang='lat' dir='ltr'><strong>e</strong></span> <span class='ocrx_word' id='word_1_501' title='bbox 1158 3757 1372 3814; x_wconf 88' lang='lat' dir='ltr'><strong>Troade</strong></span> <span class='ocrx_word' id='word_1_502' title='bbox 1409 3761 1610 3816; x_wconf 90' lang='lat' dir='ltr'><strong>missas</strong></span> <span class='ocrx_word' id='word_1_503' title='bbox 1639 3763 1848 3830; x_wconf 89' lang='lat' dir='ltr'><strong>pariter</strong></span> <span class='ocrx_word' id='word_1_504' title='bbox 1865 3762 2044 3816; x_wconf 85' lang='lat' dir='ltr'><strong>diver-</strong></span> 
     </span>
    </p>
   </div>
   <div class='ocr_carea' id='block_1_68' title="bbox 463 3848 2043 3916">
    <p class='ocr_par' dir='ltr' id='par_1_68' title="bbox 463 3848 2043 3916">
     <span class='ocr_line' id='line_1_68' title="bbox 463 3848 2043 3916; baseline 0.005 -16"><span class='ocrx_word' id='word_1_505' title='bbox 463 3861 556 3900; x_wconf 92' lang='lat' dir='ltr'><strong>sas</strong></span> <span class='ocrx_word' id='word_1_506' title='bbox 585 3855 749 3916; x_wconf 91' lang='lat' dir='ltr'><strong>atque</strong></span> <span class='ocrx_word' id='word_1_507' title='bbox 777 3848 1071 3903; x_wconf 89' lang='lat' dir='ltr'><strong>distinctas</strong></span> <span class='ocrx_word' id='word_1_508' title='bbox 1101 3849 1219 3904; x_wconf 67' lang='lat' dir='ltr'><strong>haec</strong></span> <span class='ocrx_word' id='word_1_509' title='bbox 1246 3849 1467 3905; x_wconf 89' lang='lat' dir='ltr'><strong>Eusebii</strong></span> <span class='ocrx_word' id='word_1_510' title='bbox 1502 3852 1668 3906; x_wconf 86' lang='lat' dir='ltr'><strong>verba</strong></span> <span class='ocrx_word' id='word_1_511' title='bbox 1698 3867 1808 3906; x_wconf 88' lang='lat' dir='ltr'><strong>non</strong></span> <span class='ocrx_word' id='word_1_512' title='bbox 1858 3853 2043 3908; x_wconf 90' lang='lat' dir='ltr'><strong>minus</strong></span> 
     </span>
    </p>
   </div>
   <div class='ocr_carea' id='block_1_69' title="bbox 461 3939 2044 4016">
    <p class='ocr_par' dir='ltr' id='par_1_69' title="bbox 461 3939 2044 4016">
     <span class='ocr_line' id='line_1_69' title="bbox 461 3939 2044 4016; baseline 0.004 -24"><span class='ocrx_word' id='word_1_513' title='bbox 461 3948 612 3992; x_wconf 90' lang='lat' dir='ltr'><strong>certo</strong></span> <span class='ocrx_word' id='word_1_514' title='bbox 644 3939 932 3995; x_wconf 79' lang='lat' dir='ltr'><strong>evincunt:</strong></span> <span class='ocrx_word' id='word_1_515' title='bbox 955 3941 1096 4012; x_wconf 82' lang='grc' dir='ltr'><strong>Ἤδη</strong></span> <span class='ocrx_word' id='word_1_516' title='bbox 1121 3941 1177 3994; x_wconf 86' lang='grc' dir='ltr'>δὲ</span> <span class='ocrx_word' id='word_1_517' title='bbox 1208 3943 1465 3996; x_wconf 77' lang='grc' dir='ltr'>ἐπέκεινα</span> <span class='ocrx_word' id='word_1_518' title='bbox 1481 3944 1578 4015; x_wconf 84' lang='grc' dir='ltr'>τῆς</span> <span class='ocrx_word' id='word_1_519' title='bbox 1611 3944 1866 4016; x_wconf 81' lang='grc' dir='ltr'><strong>Σμύρνης</strong></span> <span class='ocrx_word' id='word_1_520' title='bbox 1888 3947 2044 4014; x_wconf 86' lang='grc' dir='ltr'>γενό-</span> 
     </span>
    </p>
   </div>
   <div class='ocr_carea' id='block_1_70' title="bbox 465 4030 2044 4108">
    <p class='ocr_par' dir='ltr' id='par_1_70' title="bbox 465 4030 2044 4108">
     <span class='ocr_line' id='line_1_70' title="bbox 465 4030 2044 4108; baseline 0.005 -25"><span class='ocrx_word' id='word_1_521' title='bbox 465 4047 645 4101; x_wconf 83' lang='grc' dir='ltr'>μενος,</span> <span class='ocrx_word' id='word_1_522' title='bbox 682 4030 788 4084; x_wconf 86' lang='grc' dir='ltr'><strong>ἀπὸ</strong></span> <span class='ocrx_word' id='word_1_523' title='bbox 813 4033 1066 4104; x_wconf 81' lang='grc' dir='ltr'><strong>Τρωάδος</strong></span> <span class='ocrx_word' id='word_1_524' title='bbox 1089 4036 1203 4097; x_wconf 89' lang='grc' dir='ltr'>τοῖς</span> <span class='ocrx_word' id='word_1_525' title='bbox 1231 4051 1290 4086; x_wconf 87' lang='grc' dir='ltr'><strong>τε</strong></span> <span class='ocrx_word' id='word_1_526' title='bbox 1319 4036 1376 4086; x_wconf 84' lang='grc' dir='ltr'>ὲν</span> <span class='ocrx_word' id='word_1_527' title='bbox 1407 4035 1758 4108; x_wconf 77' lang='grc' dir='ltr'>Φιλαδελφείᾳ</span> <span class='ocrx_word' id='word_1_528' title='bbox 1785 4034 1938 4101; x_wconf 81' lang='grc' dir='ltr'>αὖθις</span> <span class='ocrx_word' id='word_1_529' title='bbox 1957 4038 2044 4093; x_wconf 85' lang='grc' dir='ltr'>διὰ</span> 
     </span>
    </p>
   </div>
   <div class='ocr_carea' id='block_1_71' title="bbox 461 4124 2044 4202">
    <p class='ocr_par' dir='ltr' id='par_1_71' title="bbox 461 4124 2044 4202">
     <span class='ocr_line' id='line_1_71' title="bbox 461 4124 2044 4202; baseline 0.016 -33"><span class='ocrx_word' id='word_1_530' title='bbox 461 4124 681 4195; x_wconf 82' lang='grc' dir='ltr'>γραφῆς</span> <span class='ocrx_word' id='word_1_531' title='bbox 706 4125 906 4196; x_wconf 81' lang='grc' dir='ltr'>ὁμιλεῖ,</span> <span class='ocrx_word' id='word_1_532' title='bbox 944 4127 1038 4179; x_wconf 72' lang='grc' dir='ltr'><strong>καὶ</strong></span> <span class='ocrx_word' id='word_1_533' title='bbox 1069 4128 1136 4197; x_wconf 85' lang='grc' dir='ltr'>τῇ</span> <span class='ocrx_word' id='word_1_534' title='bbox 1174 4126 1498 4198; x_wconf 84' lang='grc' dir='ltr'>Σμυρναίων</span> <span class='ocrx_word' id='word_1_535' title='bbox 1539 4129 1859 4202; x_wconf 72' lang='grc' dir='ltr'>Ἐκκλησίᾳ,</span> <span class='ocrx_word' id='word_1_536' title='bbox 1899 4130 2044 4195; x_wconf 82' lang='grc' dir='ltr'>ἰδίως</span> 
     </span>
    </p>
   </div>
   <div class='ocr_carea' id='block_1_72' title="bbox 460 4216 2042 4293">
    <p class='ocr_par' dir='ltr' id='par_1_72' title="bbox 460 4216 2042 4293">
     <span class='ocr_line' id='line_1_72' title="bbox 460 4216 2042 4293; baseline 0.005 -26"><span class='ocrx_word' id='word_1_537' title='bbox 460 4233 521 4268; x_wconf 90' lang='grc' dir='ltr'><strong>τε</strong></span> <span class='ocrx_word' id='word_1_538' title='bbox 551 4216 631 4286; x_wconf 82' lang='grc' dir='ltr'><strong>τῷ</strong></span> <span class='ocrx_word' id='word_1_539' title='bbox 664 4216 867 4288; x_wconf 79' lang='grc' dir='ltr'>ταύτης</span> <span class='ocrx_word' id='word_1_540' title='bbox 888 4220 1285 4292; x_wconf 78' lang='grc' dir='ltr'>προηγουμὲνῳ</span> <span class='ocrx_word' id='word_1_541' title='bbox 1316 4221 1685 4293; x_wconf 85' lang='grc' dir='ltr'>Πολυκάρπῳ.</span> <span class='ocrx_word' id='word_1_542' title='bbox 1717 4222 1849 4277; x_wconf 88' lang='lat' dir='ltr'><strong>Cum</strong></span> <span class='ocrx_word' id='word_1_543' title='bbox 1868 4231 2042 4275; x_wconf 83' lang='lat' dir='ltr'><strong>autent</strong></span> 
     </span>
    </p>
   </div>
   <div class='ocr_carea' id='block_1_73' title="bbox 462 4308 2045 4379">
    <p class='ocr_par' dir='ltr' id='par_1_73' title="bbox 462 4308 2045 4379">
     <span class='ocr_line' id='line_1_73' title="bbox 462 4308 2045 4379; baseline 0.006 -18"><span class='ocrx_word' id='word_1_544' title='bbox 462 4309 570 4375; x_wconf 79' lang='lat' dir='ltr'><strong>iam</strong></span> <span class='ocrx_word' id='word_1_545' title='bbox 600 4308 742 4362; x_wconf 82' lang='lat' dir='ltr'><strong>ultra</strong></span> <span class='ocrx_word' id='word_1_546' title='bbox 775 4308 1057 4379; x_wconf 83' lang='lat' dir='ltr'><strong>Smyrnam</strong></span> <span class='ocrx_word' id='word_1_547' title='bbox 1085 4322 1237 4373; x_wconf 82' lang='lat' dir='ltr'><strong>esset,</strong></span> <span class='ocrx_word' id='word_1_548' title='bbox 1263 4330 1288 4365; x_wconf 86' lang='lat' dir='ltr'><strong>e</strong></span> <span class='ocrx_word' id='word_1_549' title='bbox 1321 4312 1727 4367; x_wconf 78' lang='lat' dir='ltr'><strong>Troaderursus</strong></span> <span class='ocrx_word' id='word_1_550' title='bbox 1759 4326 1870 4368; x_wconf 89' lang='lat' dir='ltr'><strong>tum</strong></span> <span class='ocrx_word' id='word_1_551' title='bbox 1892 4316 2045 4370; x_wconf 88' lang='lat' dir='ltr'><strong>Phil-</strong></span> 
     </span>
    </p>
   </div>
   <div class='ocr_carea' id='block_1_74' title="bbox 461 4399 2041 4471">
    <p class='ocr_par' dir='ltr' id='par_1_74' title="bbox 461 4399 2041 4471">
     <span class='ocr_line' id='line_1_74' title="bbox 461 4399 2041 4471; baseline 0.006 -20"><span class='ocrx_word' id='word_1_552' title='bbox 461 4399 798 4468; x_wconf 83' lang='lat' dir='ltr'><strong>adelphenos,</strong></span> <span class='ocrx_word' id='word_1_553' title='bbox 824 4408 934 4452; x_wconf 90' lang='lat' dir='ltr'><strong>tum</strong></span> <span class='ocrx_word' id='word_1_554' title='bbox 951 4399 1345 4470; x_wconf 72' lang='lat' dir='ltr'><strong>Smgrnworum</strong></span> <span class='ocrx_word' id='word_1_555' title='bbox 1363 4401 1676 4471; x_wconf 87' lang='lat' dir='ltr'><strong>Ecclesiam,</strong></span> <span class='ocrx_word' id='word_1_556' title='bbox 1692 4413 1802 4458; x_wconf 92' lang='lat' dir='ltr'><strong>tum</strong></span> <span class='ocrx_word' id='word_1_557' title='bbox 1824 4412 2041 4460; x_wconf 83' lang='lat' dir='ltr'><strong>seorsim</strong></span> 
     </span>
    </p>
   </div>
   <div class='ocr_carea' id='block_1_75' title="bbox 2147 3196 3733 3272">
    <p class='ocr_par' dir='ltr' id='par_1_75' title="bbox 2147 3196 3733 3272">
     <span class='ocr_line' id='line_1_75' title="bbox 2147 3196 3733 3272; baseline 0.003 -22"><span class='ocrx_word' id='word_1_558' title='bbox 2147 3211 2294 3251; x_wconf 90' lang='lat' dir='ltr'><strong>nunc</strong></span> <span class='ocrx_word' id='word_1_559' title='bbox 2311 3196 2414 3250; x_wconf 82' lang='grc' dir='ltr'>ἰδία</span> <span class='ocrx_word' id='word_1_560' title='bbox 2430 3198 2635 3268; x_wconf 86' lang='grc' dir='ltr'>γραφή,</span> <span class='ocrx_word' id='word_1_561' title='bbox 2656 3206 2751 3252; x_wconf 88' lang='lat' dir='ltr'><strong>ant</strong></span> <span class='ocrx_word' id='word_1_562' title='bbox 2784 3199 2887 3252; x_wconf 79' lang='grc' dir='ltr'>ἰδία</span> <span class='ocrx_word' id='word_1_563' title='bbox 2906 3199 3089 3272; x_wconf 82' lang='grc' dir='ltr'>σχολή,</span> <span class='ocrx_word' id='word_1_564' title='bbox 3117 3216 3262 3255; x_wconf 90' lang='lat' dir='ltr'><strong>nunc</strong></span> <span class='ocrx_word' id='word_1_565' title='bbox 3291 3200 3418 3252; x_wconf 76' lang='grc' dir='ltr'>ἴδιον</span> <span class='ocrx_word' id='word_1_566' title='bbox 3437 3199 3733 3272; x_wconf 83' lang='grc' dir='ltr'>σύγγραμ-</span> 
     </span>
    </p>
   </div>
   <div class='ocr_carea' id='block_1_76' title="bbox 2147 3291 3732 3363">
    <p class='ocr_par' dir='ltr' id='par_1_76' title="bbox 2147 3291 3732 3363">
     <span class='ocr_line' id='line_1_76' title="bbox 2147 3291 3732 3363; baseline 0.001 -17"><span class='ocrx_word' id='word_1_567' title='bbox 2147 3309 2246 3363; x_wconf 87' lang='grc' dir='ltr'><strong>μα,</strong></span> <span class='ocrx_word' id='word_1_568' title='bbox 2297 3291 2382 3346; x_wconf 87' lang='lat' dir='ltr'><strong>vel</strong></span> <span class='ocrx_word' id='word_1_569' title='bbox 2440 3291 2569 3345; x_wconf 79' lang='grc' dir='ltr'>ἴδιον</span> <span class='ocrx_word' id='word_1_570' title='bbox 2624 3291 2943 3362; x_wconf 79' lang='grc' dir='ltr'>σπούδασμα</span> <span class='ocrx_word' id='word_1_571' title='bbox 3003 3292 3327 3361; x_wconf 90' lang='lat' dir='ltr'><strong>appellatur.</strong></span> <span class='ocrx_word' id='word_1_572' title='bbox 3380 3291 3732 3347; x_wconf 88' lang='lat' dir='ltr'><strong>Peculiarem</strong></span> 
     </span>
    </p>
   </div>
   <div class='ocr_carea' id='block_1_77' title="bbox 2145 3382 3732 3455">
    <p class='ocr_par' dir='ltr' id='par_1_77' title="bbox 2145 3382 3732 3455">
     <span class='ocr_line' id='line_1_77' title="bbox 2145 3382 3732 3455; baseline -0.001 -18"><span class='ocrx_word' id='word_1_573' title='bbox 2145 3383 2312 3454; x_wconf 87' lang='lat' dir='ltr'><strong>igitur</strong></span> <span class='ocrx_word' id='word_1_574' title='bbox 2337 3382 2622 3452; x_wconf 91' lang='lat' dir='ltr'><strong>epistolam</strong></span> <span class='ocrx_word' id='word_1_575' title='bbox 2648 3385 2998 3454; x_wconf 73' lang='lat' dir='ltr'><strong>(praeteream</strong></span> <span class='ocrx_word' id='word_1_576' title='bbox 3015 3384 3083 3437; x_wconf 85' lang='lat' dir='ltr'><strong>ad</strong></span> <span class='ocrx_word' id='word_1_577' title='bbox 3111 3383 3423 3454; x_wconf 65' lang='lat' dir='ltr'><strong>Smyrnatos</strong></span> <span class='ocrx_word' id='word_1_578' title='bbox 3437 3383 3732 3455; x_wconf 87' lang='lat' dir='ltr'><strong>scriptam)</strong></span> 
     </span>
    </p>
   </div>
   <div class='ocr_carea' id='block_1_78' title="bbox 2144 3472 3736 3543">
    <p class='ocr_par' dir='ltr' id='par_1_78' title="bbox 2144 3472 3736 3543">
     <span class='ocr_line' id='line_1_78' title="bbox 2144 3472 3736 3543; baseline 0.002 -18"><span class='ocrx_word' id='word_1_579' title='bbox 2144 3483 2198 3528; x_wconf 92' lang='lat' dir='ltr'><strong>et</strong></span> <span class='ocrx_word' id='word_1_580' title='bbox 2221 3472 2450 3529; x_wconf 88' lang='lat' dir='ltr'><strong>seorsim</strong></span> <span class='ocrx_word' id='word_1_581' title='bbox 2480 3472 2785 3543; x_wconf 80' lang='lat' dir='ltr'><strong>Polycarpo</strong></span> <span class='ocrx_word' id='word_1_582' title='bbox 2804 3482 3177 3542; x_wconf 85' lang='lat' dir='ltr'><strong>nuncupatam</strong></span> <span class='ocrx_word' id='word_1_583' title='bbox 3204 3473 3428 3526; x_wconf 90' lang='lat' dir='ltr'><strong>omnino</strong></span> <span class='ocrx_word' id='word_1_584' title='bbox 3460 3473 3736 3528; x_wconf 77' lang='lat' dir='ltr'><strong>intellexit</strong></span> 
     </span>
    </p>
   </div>
   <div class='ocr_carea' id='block_1_79' title="bbox 2145 3563 2436 3620">
    <p class='ocr_par' dir='ltr' id='par_1_79' title="bbox 2145 3563 2436 3620">
     <span class='ocr_line' id='line_1_79' title="bbox 2145 3563 2436 3620; baseline 0.003 -3"><span class='ocrx_word' id='word_1_585' title='bbox 2145 3563 2436 3620; x_wconf 88' lang='lat' dir='ltr'><strong>Eusebius.</strong></span> 
     </span>
    </p>
   </div>
   <div class='ocr_carea' id='block_1_80' title="bbox 2215 3655 3733 3728">
    <p class='ocr_par' dir='ltr' id='par_1_80' title="bbox 2215 3655 3733 3728">
     <span class='ocr_line' id='line_1_80' title="bbox 2215 3655 3733 3728; baseline 0.002 -18"><span class='ocrx_word' id='word_1_586' title='bbox 2215 3655 2401 3726; x_wconf 88' lang='lat' dir='ltr'><strong>Neque</strong></span> <span class='ocrx_word' id='word_1_587' title='bbox 2439 3664 2648 3712; x_wconf 89' lang='lat' dir='ltr'><strong>tantum</strong></span> <span class='ocrx_word' id='word_1_588' title='bbox 2684 3657 2985 3712; x_wconf 90' lang='lat' dir='ltr'><strong>modushic</strong></span> <span class='ocrx_word' id='word_1_589' title='bbox 3004 3657 3285 3728; x_wconf 89' lang='lat' dir='ltr'><strong>loquendi,</strong></span> <span class='ocrx_word' id='word_1_590' title='bbox 3314 3659 3407 3727; x_wconf 92' lang='lat' dir='ltr'><strong>qui</strong></span> <span class='ocrx_word' id='word_1_591' title='bbox 3445 3659 3605 3713; x_wconf 88' lang='lat' dir='ltr'><strong>aliter</strong></span> <span class='ocrx_word' id='word_1_592' title='bbox 3628 3673 3733 3713; x_wconf 80' lang='lat' dir='ltr'><strong>ex-</strong></span> 
     </span>
    </p>
   </div>
   <div class='ocr_carea' id='block_1_81' title="bbox 2148 3749 3728 3819">
    <p class='ocr_par' dir='ltr' id='par_1_81' title="bbox 2148 3749 3728 3819">
     <span class='ocr_line' id='line_1_81' title="bbox 2148 3749 3728 3819; baseline 0.002 -18"><span class='ocrx_word' id='word_1_593' title='bbox 2148 3749 2341 3817; x_wconf 90' lang='lat' dir='ltr'><strong>plicari</strong></span> <span class='ocrx_word' id='word_1_594' title='bbox 2375 3764 2485 3802; x_wconf 90' lang='lat' dir='ltr'><strong>non</strong></span> <span class='ocrx_word' id='word_1_595' title='bbox 2516 3761 2717 3818; x_wconf 63' lang='lat' dir='ltr'><strong>potest,</strong></span> <span class='ocrx_word' id='word_1_596' title='bbox 2750 3750 2844 3804; x_wconf 92' lang='lat' dir='ltr'><strong>sed</strong></span> <span class='ocrx_word' id='word_1_597' title='bbox 2869 3759 2923 3803; x_wconf 92' lang='lat' dir='ltr'><strong>et</strong></span> <span class='ocrx_word' id='word_1_598' title='bbox 2950 3765 3012 3803; x_wconf 90' lang='lat' dir='ltr'><strong>ea</strong></span> <span class='ocrx_word' id='word_1_599' title='bbox 3043 3765 3166 3819; x_wconf 81' lang='lat' dir='ltr'><strong>quae</strong></span> <span class='ocrx_word' id='word_1_600' title='bbox 3213 3758 3541 3818; x_wconf 90' lang='lat' dir='ltr'><strong>sequuntur,</strong></span> <span class='ocrx_word' id='word_1_601' title='bbox 3579 3749 3728 3804; x_wconf 75' lang='lat' dir='ltr'><strong>idem</strong></span> 
     </span>
    </p>
   </div>
   <div class='ocr_carea' id='block_1_82' title="bbox 2146 3839 3734 3911">
    <p class='ocr_par' dir='ltr' id='par_1_82' title="bbox 2146 3839 3734 3911">
     <span class='ocr_line' id='line_1_82' title="bbox 2146 3839 3734 3911; baseline -0.002 -16"><span class='ocrx_word' id='word_1_602' title='bbox 2146 3841 2424 3895; x_wconf 79' lang='lat' dir='ltr'><strong>evincunt.</strong></span> <span class='ocrx_word' id='word_1_603' title='bbox 2455 3841 2590 3894; x_wconf 88' lang='lat' dir='ltr'><strong>Nam</strong></span> <span class='ocrx_word' id='word_1_604' title='bbox 2620 3855 2746 3894; x_wconf 84' lang='lat' dir='ltr'><strong>cum</strong></span> <span class='ocrx_word' id='word_1_605' title='bbox 2784 3841 3052 3911; x_wconf 88' lang='lat' dir='ltr'><strong>lgnatium</strong></span> <span class='ocrx_word' id='word_1_606' title='bbox 3095 3841 3325 3894; x_wconf 89' lang='lat' dir='ltr'><strong>seorsim</strong></span> <span class='ocrx_word' id='word_1_607' title='bbox 3356 3839 3426 3894; x_wconf 85' lang='lat' dir='ltr'><strong>ad</strong></span> <span class='ocrx_word' id='word_1_608' title='bbox 3469 3839 3734 3910; x_wconf 82' lang='lat' dir='ltr'><strong>Polycar—</strong></span> 
     </span>
    </p>
   </div>
   <div class='ocr_carea' id='block_1_83' title="bbox 2147 3930 3734 4001">
    <p class='ocr_par' dir='ltr' id='par_1_83' title="bbox 2147 3930 3734 4001">
     <span class='ocr_line' id='line_1_83' title="bbox 2147 3930 3734 4001; baseline 0 -17"><span class='ocrx_word' id='word_1_609' title='bbox 2147 3947 2274 4001; x_wconf 91' lang='lat' dir='ltr'><strong>pum</strong></span> <span class='ocrx_word' id='word_1_610' title='bbox 2309 3931 2597 4000; x_wconf 88' lang='lat' dir='ltr'><strong>seripsisse</strong></span> <span class='ocrx_word' id='word_1_611' title='bbox 2622 3941 3002 3993; x_wconf 88' lang='lat' dir='ltr'><strong>memorasset,</strong></span> <span class='ocrx_word' id='word_1_612' title='bbox 3028 3931 3299 3984; x_wconf 89' lang='lat' dir='ltr'><strong>rationem</strong></span> <span class='ocrx_word' id='word_1_613' title='bbox 3327 3930 3448 3999; x_wconf 86' lang='lat' dir='ltr'><strong>ejus</strong></span> <span class='ocrx_word' id='word_1_614' title='bbox 3480 3931 3559 3984; x_wconf 87' lang='lat' dir='ltr'><strong>rei</strong></span> <span class='ocrx_word' id='word_1_615' title='bbox 3591 3932 3734 3999; x_wconf 84' lang='lat' dir='ltr'><strong>opti-</strong></span> 
     </span>
    </p>
   </div>
   <div class='ocr_carea' id='block_1_84' title="bbox 2147 4021 3734 4093">
    <p class='ocr_par' dir='ltr' id='par_1_84' title="bbox 2147 4021 3734 4093">
     <span class='ocr_line' id='line_1_84' title="bbox 2147 4021 3734 4093; baseline -0.001 -16"><span class='ocrx_word' id='word_1_616' title='bbox 2147 4040 2293 4078; x_wconf 90' lang='lat' dir='ltr'><strong>mam</strong></span> <span class='ocrx_word' id='word_1_617' title='bbox 2325 4024 2588 4093; x_wconf 77' lang='lat' dir='ltr'><strong>assignat,</strong></span> <span class='ocrx_word' id='word_1_618' title='bbox 2621 4024 2973 4078; x_wconf 86' lang='lat' dir='ltr'><strong>tenerrimam</strong></span> <span class='ocrx_word' id='word_1_619' title='bbox 3009 4038 3224 4092; x_wconf 89' lang='lat' dir='ltr'><strong>nempe,</strong></span> <span class='ocrx_word' id='word_1_620' title='bbox 3259 4023 3440 4093; x_wconf 80' lang='lat' dir='ltr'><strong>gregis</strong></span> <span class='ocrx_word' id='word_1_621' title='bbox 3478 4021 3563 4077; x_wconf 92' lang='lat' dir='ltr'><strong>sui</strong></span> <span class='ocrx_word' id='word_1_622' title='bbox 3614 4022 3734 4075; x_wconf 86' lang='lat' dir='ltr'><strong>An-</strong></span> 
     </span>
    </p>
   </div>
   <div class='ocr_carea' id='block_1_85' title="bbox 2146 4110 3734 4187">
    <p class='ocr_par' dir='ltr' id='par_1_85' title="bbox 2146 4110 3734 4187">
     <span class='ocr_line' id='line_1_85' title="bbox 2146 4110 3734 4187; baseline -0.002 -14"><span class='ocrx_word' id='word_1_623' title='bbox 2146 4119 2382 4173; x_wconf 92' lang='lat' dir='ltr'><strong>tiocheni</strong></span> <span class='ocrx_word' id='word_1_624' title='bbox 2399 4134 2586 4172; x_wconf 90' lang='lat' dir='ltr'><strong>curam</strong></span> <span class='ocrx_word' id='word_1_625' title='bbox 2611 4118 2686 4171; x_wconf 90' lang='lat' dir='ltr'><strong>illi</strong></span> <span class='ocrx_word' id='word_1_626' title='bbox 2711 4117 3058 4187; x_wconf 91' lang='lat' dir='ltr'><strong>potissimum</strong></span> <span class='ocrx_word' id='word_1_627' title='bbox 3084 4117 3500 4171; x_wconf 77' lang='lat' dir='ltr'><strong>tlemandatam:</strong></span> <span class='ocrx_word' id='word_1_628' title='bbox 3526 4116 3622 4168; x_wconf 86' lang='grc' dir='ltr'><strong>’Ὀν</strong></span> <span class='ocrx_word' id='word_1_629' title='bbox 3637 4110 3734 4170; x_wconf 72' lang='grc' dir='ltr'>οἷα</span> 
     </span>
    </p>
   </div>
   <div class='ocr_carea' id='block_1_86' title="bbox 2144 4206 3732 4281">
    <p class='ocr_par' dir='ltr' id='par_1_86' title="bbox 2144 4206 3732 4281">
     <span class='ocr_line' id='line_1_86' title="bbox 2144 4206 3732 4281; baseline -0.003 -16"><span class='ocrx_word' id='word_1_630' title='bbox 2144 4213 2202 4266; x_wconf 83' lang='grc' dir='ltr'>δὲ</span> <span class='ocrx_word' id='word_1_631' title='bbox 2233 4210 2587 4265; x_wconf 75' lang='grc' dir='ltr'>ἀποστολικὸν</span> <span class='ocrx_word' id='word_1_632' title='bbox 2629 4210 2798 4281; x_wconf 87' lang='grc' dir='ltr'>ἄνδρα</span> <span class='ocrx_word' id='word_1_633' title='bbox 2831 4206 2888 4262; x_wconf 82' lang='grc' dir='ltr'><strong>εὖ</strong></span> <span class='ocrx_word' id='word_1_634' title='bbox 2930 4209 3075 4280; x_wconf 84' lang='grc' dir='ltr'>μάλα</span> <span class='ocrx_word' id='word_1_635' title='bbox 3116 4209 3419 4280; x_wconf 76' lang='grc' dir='ltr'>γνωρίζων,</span> <span class='ocrx_word' id='word_1_636' title='bbox 3459 4209 3557 4279; x_wconf 77' lang='grc' dir='ltr'><strong>τὴν</strong></span> <span class='ocrx_word' id='word_1_637' title='bbox 3605 4210 3732 4262; x_wconf 76' lang='grc' dir='ltr'>κατ’</span> 
     </span>
    </p>
   </div>
   <div class='ocr_carea' id='block_1_87' title="bbox 2159 4301 3734 4376">
    <p class='ocr_par' dir='ltr' id='par_1_87' title="bbox 2159 4301 3734 4376">
     <span class='ocr_line' id='line_1_87' title="bbox 2159 4301 3734 4376; baseline -0.003 -18"><span class='ocrx_word' id='word_1_638' title='bbox 2159 4305 2480 4376; x_wconf 79' lang='grc' dir='ltr'>Ἀντιόχειαν</span> <span class='ocrx_word' id='word_1_639' title='bbox 2502 4303 2650 4374; x_wconf 85' lang='grc' dir='ltr'>αύτῷ</span> <span class='ocrx_word' id='word_1_640' title='bbox 2673 4304 2926 4374; x_wconf 82' lang='grc' dir='ltr'>ποίμνην,</span> <span class='ocrx_word' id='word_1_641' title='bbox 2957 4303 3032 4364; x_wconf 83' lang='grc' dir='ltr'>ὡς</span> <span class='ocrx_word' id='word_1_642' title='bbox 3061 4302 3124 4355; x_wconf 87' lang='grc' dir='ltr'>ἂν</span> <span class='ocrx_word' id='word_1_643' title='bbox 3153 4305 3372 4372; x_wconf 84' lang='grc' dir='ltr'>γνήσιος</span> <span class='ocrx_word' id='word_1_644' title='bbox 3401 4301 3496 4354; x_wconf 76' lang='grc' dir='ltr'><strong>καὶ</strong></span> <span class='ocrx_word' id='word_1_645' title='bbox 3524 4301 3734 4370; x_wconf 81' lang='grc' dir='ltr'>ἀγαθὸς</span> 
     </span>
    </p>
   </div>
   <div class='ocr_carea' id='block_1_88' title="bbox 2145 4393 3734 4469">
    <p class='ocr_par' dir='ltr' id='par_1_88' title="bbox 2145 4393 3734 4469">
     <span class='ocr_line' id='line_1_88' title="bbox 2145 4393 3734 4469; baseline -0.003 -18"><span class='ocrx_word' id='word_1_646' title='bbox 2145 4399 2349 4469; x_wconf 81' lang='grc' dir='ltr'>ποιμὴν</span> <span class='ocrx_word' id='word_1_647' title='bbox 2389 4397 2769 4467; x_wconf 82' lang='grc' dir='ltr'>παρατίθεται,</span> <span class='ocrx_word' id='word_1_648' title='bbox 2823 4395 2921 4466; x_wconf 84' lang='grc' dir='ltr'><strong>τὴν</strong></span> <span class='ocrx_word' id='word_1_649' title='bbox 2963 4397 3091 4466; x_wconf 83' lang='grc' dir='ltr'><strong>περί</strong></span> <span class='ocrx_word' id='word_1_650' title='bbox 3125 4395 3294 4465; x_wconf 78' lang='grc' dir='ltr'>αὐτῆς</span> <span class='ocrx_word' id='word_1_651' title='bbox 3339 4393 3598 4465; x_wconf 81' lang='grc' dir='ltr'>φροντίδα</span> <span class='ocrx_word' id='word_1_652' title='bbox 3641 4393 3734 4448; x_wconf 74' lang='grc' dir='ltr'><strong>διὰ</strong></span> 
     </span>
    </p>
   </div>
   <div class='ocr_carea' id='block_1_89' title="bbox 461 4485 2040 4567">
    <p class='ocr_par' dir='ltr' id='par_1_89' title="bbox 461 4490 2037 4567">
     <span class='ocr_line' id='line_1_89' title="bbox 461 4490 2037 4567; baseline 0.004 -22"><span class='ocrx_word' id='word_1_653' title='bbox 461 4490 819 4561; x_wconf 84' lang='lat' dir='ltr'><strong>Polycarpum</strong></span> <span class='ocrx_word' id='word_1_654' title='bbox 861 4493 1018 4563; x_wconf 85' lang='lat' dir='ltr'><strong>hujus</strong></span> <span class='ocrx_word' id='word_1_655' title='bbox 1053 4493 1306 4548; x_wconf 67' lang='lat' dir='ltr'><strong>Ecclesia:</strong></span> <span class='ocrx_word' id='word_1_656' title='bbox 1334 4495 1638 4564; x_wconf 86' lang='lat' dir='ltr'><strong>episcopum</strong></span> <span class='ocrx_word' id='word_1_657' title='bbox 1682 4499 1878 4567; x_wconf 89' lang='lat' dir='ltr'><strong>scripto</strong></span> <span class='ocrx_word' id='word_1_658' title='bbox 1905 4499 2037 4552; x_wconf 86' lang='lat' dir='ltr'><strong>allo-</strong></span> 
     </span>
    </p>
   </div>
   <div class='ocr_carea' id='block_1_90' title="bbox 2144 4485 3730 4567">
    <p class='ocr_par' dir='ltr' id='par_1_90' title="bbox 2146 4485 3730 4564">
     <span class='ocr_line' id='line_1_90' title="bbox 2146 4485 3730 4564; baseline -0.006 -18"><span class='ocrx_word' id='word_1_659' title='bbox 2146 4493 2381 4564; x_wconf 81' lang='grc' dir='ltr'>σπουδῆς</span> <span class='ocrx_word' id='word_1_660' title='bbox 2413 4491 2557 4562; x_wconf 79' lang='grc' dir='ltr'>ἔχειν</span> <span class='ocrx_word' id='word_1_661' title='bbox 2585 4490 2746 4542; x_wconf 84' lang='grc' dir='ltr'>αὐτὸν</span> <span class='ocrx_word' id='word_1_662' title='bbox 2781 4488 2969 4554; x_wconf 79' lang='grc' dir='ltr'>ἀξιῶν.</span> <span class='ocrx_word' id='word_1_663' title='bbox 3028 4488 3192 4551; x_wconf 78' lang='lat' dir='ltr'><strong>Quem</strong></span> <span class='ocrx_word' id='word_1_664' title='bbox 3225 4504 3343 4540; x_wconf 88' lang='lat' dir='ltr'><strong>cum</strong></span> <span class='ocrx_word' id='word_1_665' title='bbox 3375 4485 3730 4554; x_wconf 82' lang='lat' dir='ltr'><strong>apostolicum</strong></span> 
     </span>
    </p>
   </div>
   <div class='ocr_carea' id='block_1_91' title="bbox 461 4581 2044 4654">
    <p class='ocr_par' dir='ltr' id='par_1_91' title="bbox 461 4581 2044 4654">
     <span class='ocr_line' id='line_1_91' title="bbox 461 4581 2044 4654; baseline 0.002 -18"><span class='ocrx_word' id='word_1_666' title='bbox 461 4584 666 4654; x_wconf 86' lang='lat' dir='ltr'><strong>quitur.</strong></span> <span class='ocrx_word' id='word_1_667' title='bbox 696 4581 792 4639; x_wconf 84' lang='lat' dir='ltr'><strong>His</strong></span> <span class='ocrx_word' id='word_1_668' title='bbox 824 4584 1007 4639; x_wconf 86' lang='lat' dir='ltr'><strong>verbis</strong></span> <span class='ocrx_word' id='word_1_669' title='bbox 1036 4592 1148 4639; x_wconf 90' lang='lat' dir='ltr'><strong>tres</strong></span> <span class='ocrx_word' id='word_1_670' title='bbox 1177 4585 1422 4654; x_wconf 68' lang='lat' dir='ltr'><strong>epistolae</strong></span> <span class='ocrx_word' id='word_1_671' title='bbox 1445 4599 1477 4638; x_wconf 91' lang='lat' dir='ltr'><strong>e</strong></span> <span class='ocrx_word' id='word_1_672' title='bbox 1501 4583 1714 4639; x_wconf 90' lang='lat' dir='ltr'><strong>Troade</strong></span> <span class='ocrx_word' id='word_1_673' title='bbox 1747 4587 1932 4640; x_wconf 75' lang='lat' dir='ltr'><strong>missa:</strong></span> <span class='ocrx_word' id='word_1_674' title='bbox 1959 4587 2044 4641; x_wconf 86' lang='lat' dir='ltr'><strong>di-</strong></span> 
     </span>
    </p>
   </div>
   <div class='ocr_carea' id='block_1_92' title="bbox 462 4676 2041 4749">
    <p class='ocr_par' dir='ltr' id='par_1_92' title="bbox 462 4676 2041 4749">
     <span class='ocr_line' id='line_1_92' title="bbox 462 4676 2041 4749; baseline -0.001 -16"><span class='ocrx_word' id='word_1_675' title='bbox 462 4685 607 4733; x_wconf 88' lang='lat' dir='ltr'><strong>serte</strong></span> <span class='ocrx_word' id='word_1_676' title='bbox 646 4678 970 4745; x_wconf 90' lang='lat' dir='ltr'><strong>traduntur;</strong></span> <span class='ocrx_word' id='word_1_677' title='bbox 1004 4691 1180 4748; x_wconf 91' lang='lat' dir='ltr'><strong>neque</strong></span> <span class='ocrx_word' id='word_1_678' title='bbox 1228 4677 1411 4732; x_wconf 91' lang='lat' dir='ltr'><strong>minus</strong></span> <span class='ocrx_word' id='word_1_679' title='bbox 1443 4677 1534 4732; x_wconf 92' lang='lat' dir='ltr'><strong>illa</strong></span> <span class='ocrx_word' id='word_1_680' title='bbox 1576 4677 1645 4732; x_wconf 80' lang='lat' dir='ltr'><strong>ad</strong></span> <span class='ocrx_word' id='word_1_681' title='bbox 1679 4676 2041 4749; x_wconf 83' lang='lat' dir='ltr'><strong>Polycarpum</strong></span> 
     </span>
    </p>
   </div>
   <div class='ocr_carea' id='block_1_93' title="bbox 461 4765 2039 4839">
    <p class='ocr_par' dir='ltr' id='par_1_93' title="bbox 461 4765 2039 4839">
     <span class='ocr_line' id='line_1_93' title="bbox 461 4765 2039 4839; baseline -0.001 -17"><span class='ocrx_word' id='word_1_682' title='bbox 461 4768 817 4838; x_wconf 83' lang='lat' dir='ltr'><strong>distinguitur</strong></span> <span class='ocrx_word' id='word_1_683' title='bbox 846 4769 915 4822; x_wconf 91' lang='lat' dir='ltr'><strong>ab</strong></span> <span class='ocrx_word' id='word_1_684' title='bbox 949 4769 1118 4822; x_wconf 80' lang='lat' dir='ltr'><strong>altera</strong></span> <span class='ocrx_word' id='word_1_685' title='bbox 1158 4768 1227 4822; x_wconf 86' lang='lat' dir='ltr'><strong>ad</strong></span> <span class='ocrx_word' id='word_1_686' title='bbox 1271 4765 1678 4839; x_wconf 75' lang='lat' dir='ltr'><strong>Smyrnteorum</strong></span> <span class='ocrx_word' id='word_1_687' title='bbox 1718 4767 2039 4831; x_wconf 86' lang='lat' dir='ltr'><strong>Eeclesiam,</strong></span> 
     </span>
    </p>
   </div>
   <div class='ocr_carea' id='block_1_94' title="bbox 459 4859 2038 4932">
    <p class='ocr_par' dir='ltr' id='par_1_94' title="bbox 459 4859 2038 4932">
     <span class='ocr_line' id='line_1_94' title="bbox 459 4859 2038 4932; baseline -0.001 -18"><span class='ocrx_word' id='word_1_688' title='bbox 459 4877 626 4932; x_wconf 90' lang='lat' dir='ltr'><strong>quam</strong></span> <span class='ocrx_word' id='word_1_689' title='bbox 662 4862 750 4915; x_wconf 89' lang='lat' dir='ltr'><strong>illa</strong></span> <span class='ocrx_word' id='word_1_690' title='bbox 779 4861 846 4915; x_wconf 90' lang='lat' dir='ltr'><strong>ad</strong></span> <span class='ocrx_word' id='word_1_691' title='bbox 862 4859 1174 4932; x_wconf 72' lang='lat' dir='ltr'><strong>Smyrnams</strong></span> <span class='ocrx_word' id='word_1_692' title='bbox 1197 4861 1266 4915; x_wconf 90' lang='lat' dir='ltr'><strong>ab</strong></span> <span class='ocrx_word' id='word_1_693' title='bbox 1282 4861 1454 4916; x_wconf 90' lang='lat' dir='ltr'><strong>altera</strong></span> <span class='ocrx_word' id='word_1_694' title='bbox 1475 4861 1543 4915; x_wconf 90' lang='lat' dir='ltr'><strong>ad</strong></span> <span class='ocrx_word' id='word_1_695' title='bbox 1565 4859 2038 4928; x_wconf 84' lang='lat' dir='ltr'><strong>Philadelphenos.</strong></span> 
     </span>
    </p>
   </div>
   <div class='ocr_carea' id='block_1_95' title="bbox 460 4949 2043 5009">
    <p class='ocr_par' dir='ltr' id='par_1_95' title="bbox 460 4949 2043 5009">
     <span class='ocr_line' id='line_1_95' title="bbox 460 4949 2043 5009; baseline 0 -4"><span class='ocrx_word' id='word_1_696' title='bbox 460 4951 618 5009; x_wconf 84' lang='lat' dir='ltr'><strong>Hand</strong></span> <span class='ocrx_word' id='word_1_697' title='bbox 667 4953 826 5007; x_wconf 88' lang='lat' dir='ltr'><strong>aliter</strong></span> <span class='ocrx_word' id='word_1_698' title='bbox 876 4952 1180 5006; x_wconf 88' lang='lat' dir='ltr'><strong>Eusebium</strong></span> <span class='ocrx_word' id='word_1_699' title='bbox 1224 4953 1542 5006; x_wconf 76' lang='lat' dir='ltr'><strong>intellexere</strong></span> <span class='ocrx_word' id='word_1_700' title='bbox 1571 4950 1764 5005; x_wconf 74' lang='lat' dir='ltr'><strong>Graeci.</strong></span> <span class='ocrx_word' id='word_1_701' title='bbox 1795 4949 1874 5005; x_wconf 88' lang='lat' dir='ltr'><strong>Ita</strong></span> <span class='ocrx_word' id='word_1_702' title='bbox 1909 4967 2043 5005; x_wconf 89' lang='lat' dir='ltr'><strong>sane</strong></span> 
     </span>
    </p>
   </div>
   <div class='ocr_carea' id='block_1_96' title="bbox 460 5043 2043 5116">
    <p class='ocr_par' dir='ltr' id='par_1_96' title="bbox 460 5043 2043 5116">
     <span class='ocr_line' id='line_1_96' title="bbox 460 5043 2043 5116; baseline -0.002 -18"><span class='ocrx_word' id='word_1_703' title='bbox 460 5045 803 5113; x_wconf 88' lang='lat' dir='ltr'><strong>Nicephorus</strong></span> <span class='ocrx_word' id='word_1_704' title='bbox 831 5061 844 5096; x_wconf 86' lang='lat'><strong>:</strong></span> <span class='ocrx_word' id='word_1_705' title='bbox 880 5046 990 5098; x_wconf 77' lang='grc' dir='ltr'>Καὶ</span> <span class='ocrx_word' id='word_1_706' title='bbox 1019 5045 1344 5116; x_wconf 85' lang='grc' dir='ltr'>Σμυρναίοις</span> <span class='ocrx_word' id='word_1_707' title='bbox 1373 5044 1539 5114; x_wconf 66' lang='grc' dir='ltr'><strong>ἀλλην</strong></span> <span class='ocrx_word' id='word_1_708' title='bbox 1555 5043 1926 5114; x_wconf 81' lang='grc' dir='ltr'>διαχαράττει,</span> <span class='ocrx_word' id='word_1_709' title='bbox 1946 5044 2043 5096; x_wconf 78' lang='grc' dir='ltr'>καὶ</span> 
     </span>
    </p>
   </div>
   <div class='ocr_carea' id='block_1_97' title="bbox 461 5134 2039 5208">
    <p class='ocr_par' dir='ltr' id='par_1_97' title="bbox 461 5134 2039 5208">
     <span class='ocr_line' id='line_1_97' title="bbox 461 5134 2039 5208; baseline -0.003 -16"><span class='ocrx_word' id='word_1_710' title='bbox 461 5136 613 5207; x_wconf 80' lang='grc' dir='ltr'>αύτῷ</span> <span class='ocrx_word' id='word_1_711' title='bbox 639 5137 696 5190; x_wconf 86' lang='grc' dir='ltr'>δὲ</span> <span class='ocrx_word' id='word_1_712' title='bbox 725 5137 830 5208; x_wconf 69' lang='grc' dir='ltr'>ἰδίᾳ</span> <span class='ocrx_word' id='word_1_713' title='bbox 851 5136 930 5208; x_wconf 84' lang='grc' dir='ltr'>τῷ</span> <span class='ocrx_word' id='word_1_714' title='bbox 962 5136 1208 5208; x_wconf 81' lang='grc' dir='ltr'>προέδρῳ</span> <span class='ocrx_word' id='word_1_715' title='bbox 1232 5137 1438 5208; x_wconf 82' lang='grc' dir='ltr'>ταύτης</span> <span class='ocrx_word' id='word_1_716' title='bbox 1455 5134 1806 5207; x_wconf 82' lang='grc' dir='ltr'>Πολυκάρπῳ</span> <span class='ocrx_word' id='word_1_717' title='bbox 1842 5135 2039 5206; x_wconf 77' lang='grc' dir='ltr'>ἑτέραν</span> 
     </span>
    </p>
   </div>
   <div class='ocr_carea' id='block_1_98' title="bbox 461 5227 2041 5300">
    <p class='ocr_par' dir='ltr' id='par_1_98' title="bbox 461 5227 2041 5300">
     <span class='ocr_line' id='line_1_98' title="bbox 461 5227 2041 5300; baseline -0.001 -19"><span class='ocrx_word' id='word_1_718' title='bbox 461 5229 771 5284; x_wconf 77' lang='grc' dir='ltr'>ἐπέστελλε.</span> <span class='ocrx_word' id='word_1_719' title='bbox 801 5229 869 5283; x_wconf 90' lang='lat' dir='ltr'><strong>Et</strong></span> <span class='ocrx_word' id='word_1_720' title='bbox 902 5231 970 5284; x_wconf 90' lang='lat' dir='ltr'><strong>ad</strong></span> <span class='ocrx_word' id='word_1_721' title='bbox 1004 5229 1305 5300; x_wconf 83' lang='lat' dir='ltr'><strong>Smyrmeos</strong></span> <span class='ocrx_word' id='word_1_722' title='bbox 1344 5229 1509 5283; x_wconf 88' lang='lat' dir='ltr'><strong>aliam</strong></span> <span class='ocrx_word' id='word_1_723' title='bbox 1537 5227 1813 5298; x_wconf 89' lang='lat' dir='ltr'><strong>epistolam</strong></span> <span class='ocrx_word' id='word_1_724' title='bbox 1844 5244 2041 5282; x_wconf 73' lang='lat' dir='ltr'><strong>exara-</strong></span> 
     </span>
    </p>
   </div>
   <div class='ocr_carea' id='block_1_99' title="bbox 460 5318 2040 5391">
    <p class='ocr_par' dir='ltr' id='par_1_99' title="bbox 460 5318 2040 5391">
     <span class='ocr_line' id='line_1_99' title="bbox 460 5318 2040 5391; baseline -0.003 -15"><span class='ocrx_word' id='word_1_725' title='bbox 460 5325 556 5388; x_wconf 89' lang='lat' dir='ltr'><strong>vit,</strong></span> <span class='ocrx_word' id='word_1_726' title='bbox 600 5331 652 5376; x_wconf 89' lang='lat' dir='ltr'><strong>et</strong></span> <span class='ocrx_word' id='word_1_727' title='bbox 699 5323 919 5389; x_wconf 84' lang='lat' dir='ltr'><strong>seorsim</strong></span> <span class='ocrx_word' id='word_1_728' title='bbox 952 5323 1019 5375; x_wconf 92' lang='lat' dir='ltr'><strong>ad</strong></span> <span class='ocrx_word' id='word_1_729' title='bbox 1055 5323 1224 5391; x_wconf 85' lang='lat' dir='ltr'><strong>ipsum</strong></span> <span class='ocrx_word' id='word_1_730' title='bbox 1253 5322 1411 5390; x_wconf 85' lang='lat' dir='ltr'><strong>hujus</strong></span> <span class='ocrx_word' id='word_1_731' title='bbox 1464 5318 1714 5374; x_wconf 76' lang='lat' dir='ltr'><strong>Ecclesia:</strong></span> <span class='ocrx_word' id='word_1_732' title='bbox 1743 5321 2040 5373; x_wconf 87' lang='lat' dir='ltr'><strong>antistitem</strong></span> 
     </span>
    </p>
   </div>
   <div class='ocr_carea' id='block_1_100' title="bbox 463 5408 2039 5482">
    <p class='ocr_par' dir='ltr' id='par_1_100' title="bbox 463 5408 2039 5482">
     <span class='ocr_line' id='line_1_100' title="bbox 463 5408 2039 5482; baseline -0.001 -18"><span class='ocrx_word' id='word_1_733' title='bbox 463 5411 629 5465; x_wconf 82' lang='lat' dir='ltr'><strong>aliam</strong></span> <span class='ocrx_word' id='word_1_734' title='bbox 659 5412 827 5466; x_wconf 86' lang='lat' dir='ltr'><strong>misit.</strong></span> <span class='ocrx_word' id='word_1_735' title='bbox 858 5408 1047 5482; x_wconf 84' lang='lat' dir='ltr'><strong>Neque</strong></span> <span class='ocrx_word' id='word_1_736' title='bbox 1073 5421 1131 5465; x_wconf 90' lang='lat' dir='ltr'><strong>ut</strong></span> <span class='ocrx_word' id='word_1_737' title='bbox 1151 5411 1306 5465; x_wconf 89' lang='lat' dir='ltr'><strong>aliter</strong></span> <span class='ocrx_word' id='word_1_738' title='bbox 1323 5410 1621 5466; x_wconf 85' lang='lat' dir='ltr'><strong>Eusebium</strong></span> <span class='ocrx_word' id='word_1_739' title='bbox 1649 5411 2039 5480; x_wconf 88' lang='lat' dir='ltr'><strong>intelligamus,</strong></span> 
     </span>
    </p>
   </div>
   <div class='ocr_carea' id='block_1_101' title="bbox 464 5504 2041 5574">
    <p class='ocr_par' dir='ltr' id='par_1_101' title="bbox 464 5504 2041 5574">
     <span class='ocr_line' id='line_1_101' title="bbox 464 5504 2041 5574; baseline -0.003 -16"><span class='ocrx_word' id='word_1_740' title='bbox 464 5513 578 5558; x_wconf 89' lang='lat' dir='ltr'><strong>tum</strong></span> <span class='ocrx_word' id='word_1_741' title='bbox 614 5504 879 5569; x_wconf 85' lang='lat' dir='ltr'><strong>particula</strong></span> <span class='ocrx_word' id='word_1_742' title='bbox 902 5505 1250 5574; x_wconf 85' lang='lat' dir='ltr'><strong>conjunctiva</strong></span> <span class='ocrx_word' id='word_1_743' title='bbox 1285 5520 1345 5556; x_wconf 88' lang='grc' dir='ltr'><strong>τε</strong></span> <span class='ocrx_word' id='word_1_744' title='bbox 1376 5514 1458 5558; x_wconf 90' lang='lat' dir='ltr'><strong>ter</strong></span> <span class='ocrx_word' id='word_1_745' title='bbox 1487 5505 1744 5574; x_wconf 85' lang='lat' dir='ltr'><strong>repetita,</strong></span> <span class='ocrx_word' id='word_1_746' title='bbox 1772 5518 1898 5558; x_wconf 92' lang='lat' dir='ltr'><strong>cum</strong></span> <span class='ocrx_word' id='word_1_747' title='bbox 1934 5517 2041 5555; x_wconf 81' lang='lat' dir='ltr'><strong>vox</strong></span> 
     </span>
    </p>
   </div>
   <div class='ocr_carea' id='block_1_102' title="bbox 465 5591 2040 5665">
    <p class='ocr_par' dir='ltr' id='par_1_102' title="bbox 465 5591 2040 5665">
     <span class='ocr_line' id='line_1_102' title="bbox 465 5591 2040 5665; baseline -0.001 -17"><span class='ocrx_word' id='word_1_748' title='bbox 465 5593 557 5648; x_wconf 87' lang='lat' dir='ltr'><strong>illa</strong></span> <span class='ocrx_word' id='word_1_749' title='bbox 585 5593 751 5660; x_wconf 85' lang='grc' dir='ltr'>ἰδίως,</span> <span class='ocrx_word' id='word_1_750' title='bbox 779 5595 1024 5661; x_wconf 86' lang='lat' dir='ltr'><strong>seorsim,</strong></span> <span class='ocrx_word' id='word_1_751' title='bbox 1055 5596 1170 5650; x_wconf 84' lang='lat' dir='ltr'><strong>sive</strong></span> <span class='ocrx_word' id='word_1_752' title='bbox 1199 5596 1512 5664; x_wconf 88' lang='lat' dir='ltr'><strong>separatim,</strong></span> <span class='ocrx_word' id='word_1_753' title='bbox 1543 5594 1844 5665; x_wconf 88' lang='lat' dir='ltr'><strong>patiuntur.</strong></span> <span class='ocrx_word' id='word_1_754' title='bbox 1878 5591 2040 5647; x_wconf 88' lang='lat' dir='ltr'><strong>Nice-</strong></span> 
     </span>
    </p>
   </div>
   <div class='ocr_carea' id='block_1_103' title="bbox 466 5685 2038 5758">
    <p class='ocr_par' dir='ltr' id='par_1_103' title="bbox 466 5685 2038 5758">
     <span class='ocr_line' id='line_1_103' title="bbox 466 5685 2038 5758; baseline -0.002 -19"><span class='ocrx_word' id='word_1_755' title='bbox 466 5689 671 5754; x_wconf 81' lang='lat' dir='ltr'><strong>phorus</strong></span> <span class='ocrx_word' id='word_1_756' title='bbox 697 5702 800 5757; x_wconf 84' lang='lat' dir='ltr'><strong>pro</strong></span> <span class='ocrx_word' id='word_1_757' title='bbox 841 5686 1008 5753; x_wconf 86' lang='grc' dir='ltr'>ἰδίως,</span> <span class='ocrx_word' id='word_1_758' title='bbox 1041 5688 1148 5758; x_wconf 67' lang='grc' dir='ltr'>ἰδίᾳ</span> <span class='ocrx_word' id='word_1_759' title='bbox 1187 5687 1344 5753; x_wconf 78' lang='lat' dir='ltr'><strong>dixit,</strong></span> <span class='ocrx_word' id='word_1_760' title='bbox 1394 5697 1454 5741; x_wconf 90' lang='lat' dir='ltr'><strong>ut</strong></span> <span class='ocrx_word' id='word_1_761' title='bbox 1477 5686 1650 5742; x_wconf 62' lang='lat' dir='ltr'><strong>Grieci</strong></span> <span class='ocrx_word' id='word_1_762' title='bbox 1677 5685 2038 5754; x_wconf 86' lang='lat' dir='ltr'><strong>elegantiores</strong></span> 
     </span>
    </p>
   </div>
   <div class='ocr_carea' id='block_1_104' title="bbox 465 5775 2038 5851">
    <p class='ocr_par' dir='ltr' id='par_1_104' title="bbox 465 5775 2038 5851">
     <span class='ocr_line' id='line_1_104' title="bbox 465 5775 2038 5851; baseline -0.003 -18"><span class='ocrx_word' id='word_1_763' title='bbox 465 5778 608 5850; x_wconf 76' lang='lat' dir='ltr'><strong>loqui</strong></span> <span class='ocrx_word' id='word_1_764' title='bbox 635 5778 1075 5837; x_wconf 82' lang='lat' dir='ltr'><strong>solent.Suidas:</strong></span> <span class='ocrx_word' id='word_1_765' title='bbox 1096 5778 1242 5850; x_wconf 77' lang='grc' dir='ltr'>Ἱδίᾳ,</span> <span class='ocrx_word' id='word_1_766' title='bbox 1266 5779 1446 5851; x_wconf 79' lang='grc' dir='ltr'>χωρίς.</span> <span class='ocrx_word' id='word_1_767' title='bbox 1468 5777 1620 5836; x_wconf 84' lang='lat' dir='ltr'><strong>Unde</strong></span> <span class='ocrx_word' id='word_1_768' title='bbox 1639 5777 1920 5842; x_wconf 79' lang='grc' dir='ltr'>ἰδιάζεται,</span> <span class='ocrx_word' id='word_1_769' title='bbox 1941 5775 2038 5846; x_wconf 81' lang='grc' dir='ltr'><strong>μό-</strong></span> 
     </span>
    </p>
   </div>
   <div class='ocr_carea' id='block_1_105' title="bbox 2147 4581 3732 4651">
    <p class='ocr_par' dir='ltr' id='par_1_105' title="bbox 2147 4581 3732 4651">
     <span class='ocr_line' id='line_1_105' title="bbox 2147 4581 3732 4651; baseline -0.004 -14"><span class='ocrx_word' id='word_1_770' title='bbox 2147 4585 2315 4638; x_wconf 89' lang='lat' dir='ltr'><strong>virum</strong></span> <span class='ocrx_word' id='word_1_771' title='bbox 2341 4600 2450 4636; x_wconf 87' lang='lat' dir='ltr'><strong>esse</strong></span> <span class='ocrx_word' id='word_1_772' title='bbox 2488 4581 2644 4651; x_wconf 86' lang='lat' dir='ltr'><strong>plane</strong></span> <span class='ocrx_word' id='word_1_773' title='bbox 2673 4589 3022 4651; x_wconf 82' lang='lat' dir='ltr'><strong>cognosceret,</strong></span> <span class='ocrx_word' id='word_1_774' title='bbox 3054 4581 3156 4648; x_wconf 83' lang='lat' dir='ltr'><strong>ipsi</strong></span> <span class='ocrx_word' id='word_1_775' title='bbox 3191 4589 3442 4647; x_wconf 85' lang='lat' dir='ltr'><strong>tanquam</strong></span> <span class='ocrx_word' id='word_1_776' title='bbox 3484 4584 3651 4631; x_wconf 84' lang='lat' dir='ltr'><strong>bonus</strong></span> <span class='ocrx_word' id='word_1_777' title='bbox 3681 4587 3732 4630; x_wconf 85' lang='lat' dir='ltr'><strong>et</strong></span> 
     </span>
    </p>
   </div>
   <div class='ocr_carea' id='block_1_106' title="bbox 2145 4668 3731 4746">
    <p class='ocr_par' dir='ltr' id='par_1_106' title="bbox 2145 4668 3731 4746">
     <span class='ocr_line' id='line_1_106' title="bbox 2145 4668 3731 4746; baseline -0.005 -16"><span class='ocrx_word' id='word_1_778' title='bbox 2145 4675 2317 4746; x_wconf 87' lang='lat' dir='ltr'><strong>ﬁdelis</strong></span> <span class='ocrx_word' id='word_1_779' title='bbox 2345 4691 2528 4744; x_wconf 82' lang='lat' dir='ltr'><strong>pastor</strong></span> <span class='ocrx_word' id='word_1_780' title='bbox 2560 4689 2762 4745; x_wconf 84' lang='lat' dir='ltr'><strong>gregem</strong></span> <span class='ocrx_word' id='word_1_781' title='bbox 2787 4672 3127 4724; x_wconf 74' lang='lat' dir='ltr'><strong>Antiochenw</strong></span> <span class='ocrx_word' id='word_1_782' title='bbox 3158 4668 3410 4723; x_wconf 67' lang='lat' dir='ltr'><strong>Ecclesiae</strong></span> <span class='ocrx_word' id='word_1_783' title='bbox 3457 4686 3731 4723; x_wconf 84' lang='lat' dir='ltr'><strong>commen-</strong></span> 
     </span>
    </p>
   </div>
   <div class='ocr_carea' id='block_1_107' title="bbox 2144 4758 3730 4834">
    <p class='ocr_par' dir='ltr' id='par_1_107' title="bbox 2144 4758 3730 4834">
     <span class='ocr_line' id='line_1_107' title="bbox 2144 4758 3730 4834; baseline -0.004 -15"><span class='ocrx_word' id='word_1_784' title='bbox 2144 4767 2311 4829; x_wconf 85' lang='lat' dir='ltr'><strong>davit,</strong></span> <span class='ocrx_word' id='word_1_785' title='bbox 2343 4781 2534 4834; x_wconf 87' lang='lat' dir='ltr'><strong>rogans</strong></span> <span class='ocrx_word' id='word_1_786' title='bbox 2568 4773 2623 4817; x_wconf 87' lang='lat' dir='ltr'><strong>ut</strong></span> <span class='ocrx_word' id='word_1_787' title='bbox 2668 4763 2811 4815; x_wconf 90' lang='lat' dir='ltr'><strong>omni</strong></span> <span class='ocrx_word' id='word_1_788' title='bbox 2849 4777 2977 4813; x_wconf 82' lang='lat' dir='ltr'><strong>cura</strong></span> <span class='ocrx_word' id='word_1_789' title='bbox 3004 4775 3065 4812; x_wconf 91' lang='lat' dir='ltr'><strong>ac</strong></span> <span class='ocrx_word' id='word_1_790' title='bbox 3096 4758 3378 4828; x_wconf 88' lang='lat' dir='ltr'><strong>diligentia</strong></span> <span class='ocrx_word' id='word_1_791' title='bbox 3408 4775 3523 4811; x_wconf 90' lang='lat' dir='ltr'><strong>eam</strong></span> <span class='ocrx_word' id='word_1_792' title='bbox 3553 4758 3730 4827; x_wconf 79' lang='lat' dir='ltr'><strong>fovere</strong></span> 
     </span>
    </p>
   </div>
   <div class='ocr_carea' id='block_1_108' title="bbox 2143 4851 3720 4923">
    <p class='ocr_par' dir='ltr' id='par_1_108' title="bbox 2143 4851 3720 4923">
     <span class='ocr_line' id='line_1_108' title="bbox 2143 4851 3720 4923; baseline -0.005 -11"><span class='ocrx_word' id='word_1_793' title='bbox 2143 4858 2312 4913; x_wconf 85' lang='lat' dir='ltr'><strong>vellet.</strong></span> <span class='ocrx_word' id='word_1_794' title='bbox 2339 4860 2408 4911; x_wconf 86' lang='lat' dir='ltr'><strong>At</strong></span> <span class='ocrx_word' id='word_1_795' title='bbox 2439 4857 2492 4910; x_wconf 92' lang='lat' dir='ltr'><strong>in</strong></span> <span class='ocrx_word' id='word_1_796' title='bbox 2521 4857 2624 4910; x_wconf 83' lang='lat' dir='ltr'><strong>hac.</strong></span> <span class='ocrx_word' id='word_1_797' title='bbox 2650 4855 2715 4908; x_wconf 84' lang='lat' dir='ltr'><strong>ad</strong></span> <span class='ocrx_word' id='word_1_798' title='bbox 2752 4852 3113 4923; x_wconf 82' lang='lat' dir='ltr'><strong>Polycarpum</strong></span> <span class='ocrx_word' id='word_1_799' title='bbox 3141 4851 3368 4921; x_wconf 79' lang='lat' dir='ltr'><strong>epistola</strong></span> <span class='ocrx_word' id='word_1_800' title='bbox 3408 4851 3583 4919; x_wconf 81' lang='lat' dir='ltr'><strong>ipsius</strong></span> <span class='ocrx_word' id='word_1_801' title='bbox 3623 4854 3720 4905; x_wconf 86' lang='lat' dir='ltr'><strong>Po-</strong></span> 
     </span>
    </p>
   </div>
   <div class='ocr_carea' id='block_1_109' title="bbox 2143 4943 3730 5022">
    <p class='ocr_par' dir='ltr' id='par_1_109' title="bbox 2143 4943 3730 5022">
     <span class='ocr_line' id='line_1_109' title="bbox 2143 4943 3730 5022; baseline -0.004 -18"><span class='ocrx_word' id='word_1_802' title='bbox 2143 4949 2350 5022; x_wconf 87' lang='lat' dir='ltr'><strong>lycarpi</strong></span> <span class='ocrx_word' id='word_1_803' title='bbox 2385 4963 2533 5003; x_wconf 74' lang='lat' dir='ltr'><strong>cura:</strong></span> <span class='ocrx_word' id='word_1_804' title='bbox 2575 4956 2738 5015; x_wconf 89' lang='lat' dir='ltr'><strong>atque</strong></span> <span class='ocrx_word' id='word_1_805' title='bbox 2773 4944 3067 5014; x_wconf 73' lang='lat' dir='ltr'><strong>diligentiae</strong></span> <span class='ocrx_word' id='word_1_806' title='bbox 3096 4943 3398 4998; x_wconf 86' lang='lat' dir='ltr'><strong>Ecclesiam</strong></span> <span class='ocrx_word' id='word_1_807' title='bbox 3430 4943 3730 4997; x_wconf 85' lang='lat' dir='ltr'><strong>Antioche-</strong></span> 
     </span>
    </p>
   </div>
   <div class='ocr_carea' id='block_1_110' title="bbox 2144 5033 3728 5104">
    <p class='ocr_par' dir='ltr' id='par_1_110' title="bbox 2144 5033 3728 5104">
     <span class='ocr_line' id='line_1_110' title="bbox 2144 5033 3728 5104; baseline -0.005 -7"><span class='ocrx_word' id='word_1_808' title='bbox 2144 5057 2269 5096; x_wconf 91' lang='lat' dir='ltr'><strong>nam</strong></span> <span class='ocrx_word' id='word_1_809' title='bbox 2300 5039 2672 5102; x_wconf 87' lang='lat' dir='ltr'><strong>commendat,</strong></span> <span class='ocrx_word' id='word_1_810' title='bbox 2698 5035 2828 5090; x_wconf 84' lang='lat' dir='ltr'><strong>alibi</strong></span> <span class='ocrx_word' id='word_1_811' title='bbox 2873 5050 3168 5104; x_wconf 89' lang='lat' dir='ltr'><strong>nusquam.</strong></span> <span class='ocrx_word' id='word_1_812' title='bbox 3218 5033 3354 5088; x_wconf 88' lang='lat' dir='ltr'><strong>Nam</strong></span> <span class='ocrx_word' id='word_1_813' title='bbox 3397 5036 3450 5088; x_wconf 88' lang='lat' dir='ltr'><strong>in</strong></span> <span class='ocrx_word' id='word_1_814' title='bbox 3493 5035 3728 5104; x_wconf 83' lang='lat' dir='ltr'><strong>epistola</strong></span> 
     </span>
    </p>
   </div>
   <div class='ocr_carea' id='block_1_111' title="bbox 2143 5127 3731 5204">
    <p class='ocr_par' dir='ltr' id='par_1_111' title="bbox 2143 5127 3731 5204">
     <span class='ocr_line' id='line_1_111' title="bbox 2143 5127 3731 5204; baseline -0.006 -15"><span class='ocrx_word' id='word_1_815' title='bbox 2143 5136 2211 5188; x_wconf 89' lang='lat' dir='ltr'><strong>ad</strong></span> <span class='ocrx_word' id='word_1_816' title='bbox 2236 5133 2618 5204; x_wconf 89' lang='lat' dir='ltr'><strong>Smyrnenses,</strong></span> <span class='ocrx_word' id='word_1_817' title='bbox 2644 5128 2941 5182; x_wconf 86' lang='lat' dir='ltr'><strong>Ecclesiam</strong></span> <span class='ocrx_word' id='word_1_818' title='bbox 2976 5127 3121 5180; x_wconf 90' lang='lat' dir='ltr'><strong>illam</strong></span> <span class='ocrx_word' id='word_1_819' title='bbox 3152 5136 3332 5195; x_wconf 79' lang='lat' dir='ltr'><strong>rogat,</strong></span> <span class='ocrx_word' id='word_1_820' title='bbox 3377 5137 3435 5180; x_wconf 91' lang='lat' dir='ltr'><strong>nt</strong></span> <span class='ocrx_word' id='word_1_821' title='bbox 3464 5127 3731 5197; x_wconf 81' lang='grc' dir='ltr'>Θεοπρεσ-</span> 
     </span>
    </p>
   </div>
   <div class='ocr_carea' id='block_1_112' title="bbox 2144 5219 3727 5296">
    <p class='ocr_par' dir='ltr' id='par_1_112' title="bbox 2144 5219 3727 5296">
     <span class='ocr_line' id='line_1_112' title="bbox 2144 5219 3727 5296; baseline -0.004 -17"><span class='ocrx_word' id='word_1_822' title='bbox 2144 5226 2341 5296; x_wconf 76' lang='grc' dir='ltr'>δευτήν</span> <span class='ocrx_word' id='word_1_823' title='bbox 2377 5225 2765 5287; x_wconf 84' lang='lat' dir='ltr'><strong>instituerent;</strong></span> <span class='ocrx_word' id='word_1_824' title='bbox 2809 5223 2903 5276; x_wconf 87' lang='lat' dir='ltr'><strong>sed</strong></span> <span class='ocrx_word' id='word_1_825' title='bbox 2952 5219 3314 5292; x_wconf 85' lang='lat' dir='ltr'><strong>Polycarpum</strong></span> <span class='ocrx_word' id='word_1_826' title='bbox 3348 5220 3577 5272; x_wconf 92' lang='lat' dir='ltr'><strong>omnino</strong></span> <span class='ocrx_word' id='word_1_827' title='bbox 3616 5234 3727 5272; x_wconf 91' lang='lat' dir='ltr'><strong>non</strong></span> 
     </span>
    </p>
   </div>
   <div class='ocr_carea' id='block_1_113' title="bbox 2143 5311 3729 5388">
    <p class='ocr_par' dir='ltr' id='par_1_113' title="bbox 2143 5311 3729 5388">
     <span class='ocr_line' id='line_1_113' title="bbox 2143 5311 3729 5388; baseline -0.004 -15"><span class='ocrx_word' id='word_1_828' title='bbox 2143 5319 2464 5388; x_wconf 80' lang='lat' dir='ltr'><strong>alloquitur,</strong></span> <span class='ocrx_word' id='word_1_829' title='bbox 2511 5332 2690 5386; x_wconf 89' lang='lat' dir='ltr'><strong>neque</strong></span> <span class='ocrx_word' id='word_1_830' title='bbox 2722 5331 2847 5371; x_wconf 90' lang='lat' dir='ltr'><strong>eum</strong></span> <span class='ocrx_word' id='word_1_831' title='bbox 2884 5314 2937 5368; x_wconf 90' lang='lat' dir='ltr'><strong>in</strong></span> <span class='ocrx_word' id='word_1_832' title='bbox 2983 5323 3094 5368; x_wconf 88' lang='lat' dir='ltr'><strong>tota</strong></span> <span class='ocrx_word' id='word_1_833' title='bbox 3132 5314 3222 5366; x_wconf 88' lang='lat' dir='ltr'><strong>illa</strong></span> <span class='ocrx_word' id='word_1_834' title='bbox 3256 5311 3486 5381; x_wconf 86' lang='lat' dir='ltr'><strong>epistola</strong></span> <span class='ocrx_word' id='word_1_835' title='bbox 3519 5311 3729 5366; x_wconf 84' lang='lat' dir='ltr'><strong>diserte</strong></span> 
     </span>
    </p>
   </div>
   <div class='ocr_carea' id='block_1_114' title="bbox 2143 5402 3728 5478">
    <p class='ocr_par' dir='ltr' id='par_1_114' title="bbox 2143 5402 3728 5478">
     <span class='ocr_line' id='line_1_114' title="bbox 2143 5402 3728 5478; baseline -0.004 -15"><span class='ocrx_word' id='word_1_836' title='bbox 2143 5410 2412 5472; x_wconf 89' lang='lat' dir='ltr'><strong>nominat,</strong></span> <span class='ocrx_word' id='word_1_837' title='bbox 2451 5423 2613 5478; x_wconf 91' lang='lat' dir='ltr'><strong>quem</strong></span> <span class='ocrx_word' id='word_1_838' title='bbox 2655 5408 2708 5460; x_wconf 91' lang='lat' dir='ltr'><strong>in</strong></span> <span class='ocrx_word' id='word_1_839' title='bbox 2738 5405 2987 5477; x_wconf 83' lang='lat' dir='ltr'><strong>epistolis</strong></span> <span class='ocrx_word' id='word_1_840' title='bbox 3023 5405 3090 5458; x_wconf 89' lang='lat' dir='ltr'><strong>ad</strong></span> <span class='ocrx_word' id='word_1_841' title='bbox 3117 5403 3384 5473; x_wconf 87' lang='lat' dir='ltr'><strong>Ephesios</strong></span> <span class='ocrx_word' id='word_1_842' title='bbox 3415 5412 3470 5457; x_wconf 89' lang='lat' dir='ltr'><strong>et</strong></span> <span class='ocrx_word' id='word_1_843' title='bbox 3489 5405 3557 5457; x_wconf 92' lang='lat' dir='ltr'><strong>ad</strong></span> <span class='ocrx_word' id='word_1_844' title='bbox 3608 5402 3728 5457; x_wconf 83' lang='lat' dir='ltr'><strong>Ma-</strong></span> 
     </span>
    </p>
   </div>
   <div class='ocr_carea' id='block_1_115' title="bbox 2145 5493 3729 5573">
    <p class='ocr_par' dir='ltr' id='par_1_115' title="bbox 2145 5493 3729 5573">
     <span class='ocr_line' id='line_1_115' title="bbox 2145 5493 3729 5573; baseline -0.003 -19"><span class='ocrx_word' id='word_1_845' title='bbox 2145 5500 2442 5573; x_wconf 84' lang='lat' dir='ltr'><strong>gnesianos</strong></span> <span class='ocrx_word' id='word_1_846' title='bbox 2495 5499 2892 5552; x_wconf 88' lang='lat' dir='ltr'><strong>nominaverat.</strong></span> <span class='ocrx_word' id='word_1_847' title='bbox 2943 5493 3116 5564; x_wconf 87' lang='lat' dir='ltr'><strong>Cujus</strong></span> <span class='ocrx_word' id='word_1_848' title='bbox 3162 5494 3241 5547; x_wconf 86' lang='lat' dir='ltr'><strong>rei</strong></span> <span class='ocrx_word' id='word_1_849' title='bbox 3289 5494 3382 5547; x_wconf 77' lang='lat' dir='ltr'><strong>vix</strong></span> <span class='ocrx_word' id='word_1_850' title='bbox 3422 5495 3527 5548; x_wconf 89' lang='lat' dir='ltr'><strong>alia</strong></span> <span class='ocrx_word' id='word_1_851' title='bbox 3581 5496 3729 5550; x_wconf 88' lang='lat' dir='ltr'><strong>ratio</strong></span> 
     </span>
    </p>
   </div>
   <div class='ocr_carea' id='block_1_116' title="bbox 2143 5587 3725 5661">
    <p class='ocr_par' dir='ltr' id='par_1_116' title="bbox 2143 5587 3725 5661">
     <span class='ocr_line' id='line_1_116' title="bbox 2143 5587 3725 5661; baseline -0.003 -15"><span class='ocrx_word' id='word_1_852' title='bbox 2143 5591 2410 5661; x_wconf 84' lang='lat' dir='ltr'><strong>assignari</strong></span> <span class='ocrx_word' id='word_1_853' title='bbox 2430 5600 2630 5660; x_wconf 91' lang='lat' dir='ltr'><strong>potest,</strong></span> <span class='ocrx_word' id='word_1_854' title='bbox 2650 5603 2814 5660; x_wconf 90' lang='lat' dir='ltr'><strong>quam</strong></span> <span class='ocrx_word' id='word_1_855' title='bbox 2843 5587 2986 5658; x_wconf 88' lang='lat' dir='ltr'><strong>quod</strong></span> <span class='ocrx_word' id='word_1_856' title='bbox 3011 5587 3200 5641; x_wconf 91' lang='lat' dir='ltr'><strong>eodem</strong></span> <span class='ocrx_word' id='word_1_857' title='bbox 3224 5595 3466 5656; x_wconf 90' lang='lat' dir='ltr'><strong>tempore</strong></span> <span class='ocrx_word' id='word_1_858' title='bbox 3491 5587 3725 5641; x_wconf 84' lang='lat' dir='ltr'><strong>seorsim</strong></span> 
     </span>
    </p>
   </div>
   <div class='ocr_carea' id='block_1_117' title="bbox 2144 5679 3728 5755">
    <p class='ocr_par' dir='ltr' id='par_1_117' title="bbox 2144 5679 3728 5755">
     <span class='ocr_line' id='line_1_117' title="bbox 2144 5679 3728 5755; baseline -0.001 -18"><span class='ocrx_word' id='word_1_859' title='bbox 2144 5685 2212 5737; x_wconf 83' lang='lat' dir='ltr'><strong>ad</strong></span> <span class='ocrx_word' id='word_1_860' title='bbox 2255 5685 2434 5753; x_wconf 91' lang='lat' dir='ltr'><strong>ipsum</strong></span> <span class='ocrx_word' id='word_1_861' title='bbox 2478 5684 2844 5755; x_wconf 74' lang='lat' dir='ltr'><strong>Polycarpum</strong></span> <span class='ocrx_word' id='word_1_862' title='bbox 2869 5680 3172 5750; x_wconf 89' lang='lat' dir='ltr'><strong>scripserit.</strong></span> <span class='ocrx_word' id='word_1_863' title='bbox 3214 5679 3272 5733; x_wconf 88' lang='lat' dir='ltr'><strong>ln</strong></span> <span class='ocrx_word' id='word_1_864' title='bbox 3319 5679 3550 5749; x_wconf 90' lang='lat' dir='ltr'><strong>epistola</strong></span> <span class='ocrx_word' id='word_1_865' title='bbox 3580 5690 3728 5735; x_wconf 84' lang='lat' dir='ltr'><strong>certe</strong></span> 
     </span>
    </p>
   </div>
   <div class='ocr_carea' id='block_1_118' title="bbox 2145 5764 3726 5848">
    <p class='ocr_par' dir='ltr' id='par_1_118' title="bbox 2145 5764 3726 5848">
     <span class='ocr_line' id='line_1_118' title="bbox 2145 5764 3726 5848; baseline -0.003 -17"><span class='ocrx_word' id='word_1_866' title='bbox 2145 5775 2212 5831; x_wconf 84' lang='lat' dir='ltr'><strong>ad</strong></span> <span class='ocrx_word' id='word_1_867' title='bbox 2243 5792 2366 5832; x_wconf 88' lang='lat' dir='ltr'><strong>eum</strong></span> <span class='ocrx_word' id='word_1_868' title='bbox 2400 5778 2750 5848; x_wconf 88' lang='lat' dir='ltr'><strong>peculiariter</strong></span> <span class='ocrx_word' id='word_1_869' title='bbox 2795 5776 2944 5844; x_wconf 91' lang='lat' dir='ltr'><strong>data,</strong></span> <span class='ocrx_word' id='word_1_870' title='bbox 2986 5779 3089 5832; x_wconf 90' lang='lat' dir='ltr'><strong>hoc</strong></span> <span class='ocrx_word' id='word_1_871' title='bbox 3132 5764 3411 5844; x_wconf 60' lang='lat' dir='ltr'><strong>negotium</strong></span> <span class='ocrx_word' id='word_1_872' title='bbox 3460 5774 3566 5841; x_wconf 87' lang='lat' dir='ltr'><strong>ipsi</strong></span> <span class='ocrx_word' id='word_1_873' title='bbox 3597 5771 3726 5828; x_wconf 83' lang='lat' dir='ltr'><strong>dili-</strong></span> 
     </span>
    </p>
   </div>
  </div>
