3868 6208
422 320 485 374 7|
1475 315 1532 371 3.
1574 310 1924 372 IGNA'I'IUS.
1966 343 2035 354 -—
2065 307 2617 368 PROLEGOMENA.

3619 315 3698 370 72

417 443 535 496 dem
563 443 840 512 epistolam
869 444 938 498 ad
975 441 1282 514 Dionysium
1319 446 1368 491 et
1407 434 1703 490 Maximum
1728 449 1745 496 ;
1770 433 1825 488 in
1857 431 1994 487 Gre-
2025 439 2064 492 Λ
2095 429 2198 492 tio,
2222 444 2386 498 quam
2416 438 2640 484 secutus
2655 437 2745 484 est
2787 428 3057 499 interpres
3088 429 3230 499 ejus,
3257 438 3314 485 et
3342 443 3465 499 quae
3497 428 3552 482 in
3581 428 3696 482 Me-

417 532 573 602 gorio
604 531 1063 599 Neocaesarcensi,
1082 529 1464 601 Panegyricum
1485 528 1553 580 ad
1587 525 1901 596 Origenem;
1936 523 1990 576 in

417 621 728 687 Lactantio,
764 623 1125 695 Symposium,
1147 631 1202 678 et
1225 621 1308 674 Ad
1369 618 1764 672 Demetrianum
1793 613 1994 682 episto-

415 716 593 772 larum
621 717 784 771 libros
813 717 989 780 duos;
1023 717 1077 771 in
1101 713 1425 776 Athanasio,
1477 710 1847 767 lleortasticas
1873 707 1992 776 epi—

416 810 614 873 stolas;
647 812 700 864 in
732 810 949 875 Aeacio,
972 808 1332 878 Συμμίκτων
1355 801 1701 872 ζητημάτων
1718 799 1993 854 volumina

416 918 542 966 sex;
573 903 627 956 in
665 901 957 957 Theodoro
997 899 1414 956 Commentariox
1443 895 1498 949 in
1539 892 1904 956 Psalterium;
1937 890 1992 945 in

415 997 622 1068 Cyrillo
672 993 1082 1065 Κατηχήσεις;
1125 993 1179 1048 in
1235 989 1459 1055 Basilio,
1491 985 1878 1055 Ἀσκητικόν;
1936 983 1993 1038 in

416 1088 680 1159 Gregorio
691 1085 1058 1149 Nazianzeno,
1073 1084 1209 1153 Περὶ
1228 1078 1666 1153 φιλοπτωχείας
1679 1093 1698 1141 ;
1710 1076 1766 1130 in
1785 1074 1995 1131 Joanne

415 1177 774 1242 Antiocheno,
797 1177 937 1244 Περὶ
967 1176 1297 1245 ἱερωσύνης
1321 1191 1338 1239 ;
1366 1175 1420 1228 in
1454 1173 1576 1240 ipso
1597 1170 1834 1240 denique
1861 1167 1990 1224 Hic-

415 1285 664 1341 ronymo,
708 1269 1091 1324 Hebraicorum
1142 1267 1414 1320 nominum
1447 1265 1641 1318 librum
1671 1278 1856 1327 unum,
1893 1261 1993 1314 ad-

413 1379 591 1416 versus
637 1360 980 1428 Iovinianum
1008 1360 1172 1414 libros
1197 1359 1355 1426 duos,
1395 1363 1450 1412 et
1485 1356 1554 1410 ad
1581 1352 1990 1409 Pammachium

415 1453 808 1524 Apologeticum
866 1465 924 1510 et
964 1449 1314 1522 Epitaphium
1361 1447 1583 1520 penitus
1626 1444 1832 1511 omisit,
1869 1458 1993 1516 quze

413 1545 597 1599 omnia
647 1544 701 1598 in
763 1542 1082 1614 Hieronymi
1125 1540 1384 1611 Catalogo
1438 1539 1620 1595 adhuc
1649 1545 1885 1594 exstant.
1929 1537 1987 1592 In

413 1635 675 1708 Dionysio
703 1644 888 1692 autem
918 1634 1314 1700 Alexandrino,
1344 1642 1424 1688 tot
1448 1632 1710 1703 epistolas
1741 1641 1796 1687 et
1823 1645 1991 1701 opus-

411 1731 536 1786 cula
584 1729 787 1783 intacta
857 1726 1146 1798 praeteriit,
1204 1735 1266 1780 ut
1311 1725 1430 1780 sine
1468 1724 1708 1779 maximo
1767 1723 1989 1778 lectoris

2095 521 2252 576 dieeo
2278 521 2468 576 codice
2495 531 2875 588 conservatur,
2915 524 3152 577 multum
3181 537 3211 576 a
3235 521 3527 576 recentiori
3559 521 3686 576 edi-

2095 611 2244 666 tione
2268 610 2470 675 dilIcrt,
2491 627 2615 681 quae
2639 627 2669 666 e
2699 613 2926 682 reliquis
2957 612 3244 666 codicibus
3266 611 3539 681 descripta
3567 621 3682 676 est,

2095 712 2149 757 et
2177 703 2376 773 partim
2400 719 2432 757 a
2461 703 2683 774 vulgato
2731 703 3027 774 interprete
3062 719 3348 760 conversa.
3394 702 3514 758 Duo
3543 719 3683 774 prae-

2096 796 2254 866 cipue
2297 795 2416 850 loca
2471 795 2811 862 memorabo,
2857 811 2924 849 ex
2973 793 3329 864 inscriptione
3368 811 3564 860 unum,
3612 810 3684 849 ex

2097 903 2328 959 corpore
2367 886 2625 958 Epistolas
2667 887 2924 952 alterum,
2960 895 3022 940 ut
3044 885 3453 954 lnterpolatoris
3477 903 3684 941 manus

2096 975 2389 1031 manifeste
2431 984 2710 1046 appareat.
2762 975 2948 1030 Codex
3003 973 3311 1030 Mediceus:
3359 976 3623 1045 Ἰγνάτιος
3652 981 3684 1030 ό

2095 1066 2190 1119 καὶ
2210 1065 2497 1137 Θεοφόρος,
2515 1065 2857 1136 Πολυκάρπῳ
2872 1065 3152 1136 ὲπισκότοῳ
3165 1064 3488 1136 Ἐκκλησξας
3509 1068 3687 1140 Σμυρ-

2095 1158 2278 1212 ναίων.
2314 1156 2590 1227 lnterpres
2623 1155 2984 1212 Usserianus:
3030 1155 3296 1227 Ignatius,
3320 1160 3411 1229 qui
3433 1170 3480 1212 et
3515 1160 3682 1214 Theo-

2093 1249 2315 1318 phorus,
2347 1247 2644 1318 Polycarpo
2690 1249 2930 1318 episcopo
2976 1247 3227 1302 Ecclesia:
3259 1248 3676 1320 Smyrnteorum.

2094 1339 2314 1411 Vulgati
2367 1339 2541 1394 Graeci
2603 1340 2854 1393 codices:
2901 1340 3161 1408 Ἰγνάτιος
3204 1339 3527 1412 [ἐπίσκοπος
3562 1345 3680 1398 Ἀν-

2091 1432 2346 1503 τιοχείας,
2387 1434 2416 1485 ὁ
2445 1430 2535 1484 καὶ
2567 1433 2774 1501 μάρτυς
2817 1430 2990 1502 Ἰησοῦ
3019 1431 3301 1503 Χριστοῦ],
3335 1433 3678 1507 Πολυκάρπῳ

2092 1523 2376 1594 ὲπισκόπῳ
2407 1521 2733 1592 Ἐκκλησίας
2766 1522 3110 1593 Σμυρναίων.
3157 1523 3237 1577 Et'
3277 1523 3542 1594 Vulgatns
3593 1527 3678 1581 in-

2091 1624 2334 1686 terpres:
2368 1613 2606 1685 lgnatius
2633 1611 2925 1683 [episcopus
2949 1613 3262 1678 Antiochia,
3290 1618 3381 1686 qui
3402 1627 3449 1671 et
3475 1628 3678 1688 martyr

2092 1707 2218 1762 Iesu
2240 1704 2490 1777 Christi],
2525 1703 2823 1775 Polycarpo
2869 1707 3108 1775 episcopo
3163 1705 3584 1777 Smyrnensium.
3615 1710 3674 1764 In

411 1821 574 1877 taedio
604 1836 670 1876 ea
696 1793 1023 1875 enumerare
1045 1834 1155 1874 non
1185 1819 1418 1888 possim.
1449 1816 1650 1882 Quidni
1675 1817 1841 1888 igitur
1868 1818 1986 1887 epi-

2093 1811 2323 1866 corpore
2375 1793 2632 1865 Epistolas
2698 1795 2872 1850 codex
2929 1794 3247 1852 Medieeus:
3297 1798 3463 1852 Πλέον
3511 1818 3676 1854 σπου-

411 1914 610 1970 stolam
641 1911 858 1985 lgnatii,
909 1913 1128 1983 proprie
1176 1911 1245 1967 ad
1291 1910 1654 1982 Polyearpum
1689 1911 1982 1981 scriptam,

410 2004 615 2077 pariter
659 2003 974 2059 omitteret?
1020 2000 1163 2057 Leve
1196 2009 1282 2056 est
1329 2000 1567 2065 idcirco,
1620 1997 1732 2053 imo
1760 2013 1986 2067 prorsus

409 2097 704 2154 evanidum
736 2103 1146 2166 argumentum,
1193 2093 1340 2163 quod
1370 2109 1437 2147 ex
1467 2091 1685 2146 silentio
1710 2091 1987 2160 Augusto-

409 2191 674 2246 dunensis
702 2187 950 2252 Honorii,
985 2198 1095 2242 tam
1128 2185 1255 2241 mali
1293 2184 1626 2254 interpretis,
1662 2191 1776 2238 tam
1833 2183 1986 2237 inlidi

409 2280 808 2352 epitomatoris,
846 2279 1064 2334 deducit
1088 2277 1494 2343 Armachanus,
1526 2285 1585 2330 ut
1606 2275 1732 2330 inde
1762 2275 1988 2330 conclu-

408 2375 523 2440 dat,
545 2374 602 2428 in
629 2387 714 2439 ea,
746 2387 869 2443 qua:
890 2369 1208 2442 Hieronymi
1240 2377 1398 2424 aetate
1428 2368 1674 2423 omnium
1709 2367 1988 2422 terebatur

408 2467 667 2522 manibus
694 2464 1102 2535 lgnatianarum
1128 2450 1488 2532 epistularum
1517 2461 1745 2532 sylloge,
1777 2460 1984 2514 nullam

408 2557 710 2629 Polycarpo
727 2555 986 2628 privatim
1017 2555 1338 2624 inscriptam
1371 2553 1648 2609 exstitisse
1663 2553 1981 2624 epistolam:

406 2649 711 2719 praesertim
727 2663 856 2704 eum
872 2645 1143 2702 Eusebius
1166 2647 1331 2712 ἰδίως,
1356 2644 1719 2717 Hieronymus
1750 2647 1983 2716 proprie,

409 2741 515 2796 hoc
558 2749 644 2797 est
695 2737 1296 2813 priuatim,Polycarpo
1329 2738 1650 2807 inscriptam
1686 2737 1857 2792 fuisse
1915 2747 1988 2792 tc-

407 2841 640 2888 stentur.
698 2832 857 2887 Certe
886 2831 1005 2901 pari
1041 2841 1365 2902 argumento
1425 2832 1696 2888 deducere
1750 2839 1983 2902 poterat,

406 2933 562 2979 artate
592 2922 812 2979 Eusebii
849 2922 1056 2978 nullam
1110 2922 1302 2992 lgnatii
1349 2923 1416 2977 ad
1446 2923 1866 2992 Philadelpheos
1897 2937 1985 2975 ea-

407 3017 612 3072 stitisse
629 3015 936 3086 epistolam,
961 3015 1107 3085 quod
1121 3030 1242 3069 eam
1275 3013 1522 3069 Bullinus
1539 3013 1986 3083 interpretatione

406 3125 508 3166 sua
537 3108 806 3164 omiserit.

477 3202 744 3256 Praeterea
773 3208 933 3255 aetate
963 3199 1281 3271 Hieronymi
1319 3199 1539 3269 scripsit
1566 3198 1624 3253 S.
1651 3198 1979 3271 Chrysosto-

406 3311 551 3357 mus,
585 3303 637 3348 et
664 3292 1068 3364 lgnatianarum
1096 3292 1450 3363 epistolarum
1476 3291 1694 3364 Sylloge
1715 3308 1852 3349 usus
1874 3303 1981 3360 est,

405 3403 527 3456 quae
559 3385 846 3456 epistola'm
881 3385 1136 3455 privatim
1167 3383 1469 3456 Polycarpo
1498 3384 1818 3454 inscriptam
1852 3403 1985 3441 ron-

406 3477 631 3536 Iinebat.
653 3475 791 3531 Nam
817 3477 871 3531 in
893 3477 1168 3542 oratione,
1200 3476 1354 3542 Quod
1377 3493 1514 3531 unus
1548 3475 1747 3532 Veteris
1771 3486 1820 3531 et
1845 3476 1984 3532 Novi

409 3568 730 3625 Testamenti
753 3568 1046 3639 legislator,
1073 3569 1176 3638 ipsi
1193 3569 1511 3625 aveteribus
1543 3570 1828 3635 attributa,
1855 3587 1984 3626 seu-

405 3662 628 3716 tentiam
652 3661 974 3731 quamdam,
1015 3662 1118 3717 sub
1148 3660 1345 3732 lgnatii
1381 3663 1604 3717 nomine
1640 3677 1707 3717 ex
1734 3665 1836 3718 hac
1867 3663 1982 3733 ipsa

404 3751 638 3822 cpistola
667 3751 962 3821 depromit,
999 3767 1163 3820 quam
1192 3751 1334 3806 inter
1377 3760 1620 3806 veterum
1671 3754 1984 3808 testimonia

405 3853 597 3914 postea
634 3858 735 3898 suo
774 3844 900 3898 loco
929 3842 1299 3913 proferemus.
1331 3842 1504 3914 Negat
1535 3845 1757 3914 quidem
1791 3843 1982 3898 Arma-

405 3937 638 4004 chanus,
675 3936 981 3991 orationem
1011 3935 1163 3991 illam
1192 3951 1314 3991 esse
1347 3935 1404 3990 S.
1427 3937 1808 4008 Cbrysostomi
1841 3955 1855 3993 :
1890 3938 1984 3993 sed

407 4027 648 4082 rationes
675 4026 795 4096 ejus
819 4036 1073 4083 accurate
1100 4027 1559 4096 examinabimus,
1593 4045 1716 4084 cum
1741 4031 1986 4085 testimo-

407 4118 496 4171 nia
520 4133 620 4188 pro
638 4117 848 4189 Ignatio
873 4118 1111 4174 adducta
1141 4118 1210 4174 ab
1232 4119 1635 4190 objectionibus
1654 4120 1840 4177 Dallazi
1867 4123 1987 4178 vin-

406 4210 732 4266 dicabimus.

481 4322 697 4380 Interim
725 4326 868 4381 hanc
899 4326 968 4380 ad
998 4325 1362 4398 Polycarpum
1382 4327 1669 4398 epistolam
1699 4344 1822 4386 esse
1844 4330 1988 4387 inter

407 4430 503 4470 eas
531 4432 654 4486 qua:
693 4415 934 4473 Eusebio
981 4419 1214 4489 cognita:
1265 4427 1396 4474 sunt
1449 4423 1846 4478 numerandum
1897 4439 1987 4479 res

409 4509 528 4578 ipsa
552 4509 771 4575 clamat,
795 4509 947 4580 quia,
982 4511 1061 4565 uti
1089 4511 1312 4582 reliqua:
1339 4527 1636 4584 germanm,

411 4602 815 4671 interpolatoris
859 4617 1025 4657 manu
1075 4605 1484 4661 contaminata:
1510 4607 1655 4676 quod
1687 4608 1755 4662 de
1785 4623 1986 4678 suppo-

411 4693 597 4748 sititiis
626 4708 736 4747 non
755 4701 841 4748 est
873 4692 1101 4749 omnino
1132 4694 1499 4750 sentiendum.
1531 4697 1695 4752 Aliud
1729 4698 1875 4752 enim
1902 4705 1987 4753 est

409 4784 694 4854 epistolam
735 4783 940 4856 lingere
964 4823 979 4849 ,
1021 4784 1167 4839 aliud
1198 4800 1571 4856 corrumpere.
1605 4787 1739 4854 Quae
1768 4799 1896 4845 sunt
1917 4790 1986 4846 ab

411 4877 712 4946 impostore
745 4877 924 4932 serius
953 4877 1112 4944 fictae,
1143 4877 1336 4932 eodem
1380 4879 1546 4934 modo
1597 4880 1819 4951 integrae
1853 4897 1988 4936 con-

411 4975 717 5034 servantur,
761 4983 871 5037 quo
909 4967 1147 5038 primum
1201 4979 1330 5024 sunt
1360 4972 1930 5042 consarcinataezquae
1954 4989 1986 5028 a

411 5072 541 5112 vero
592 5068 818 5114 auctore
847 5061 1086 5129 primum
1125 5058 1302 5128 factae,
1341 5072 1530 5132 postea
1562 5071 1691 5118 sunt
1719 5080 1747 5117 a
1779 5066 1986 5120 stellio-

411 5152 576 5206 uibus
603 5152 772 5207 variis
807 5157 1140 5210 assumentis
1179 5164 1573 5226 conspurcataa.
1604 5158 1986 5214 Armachanus

411 5244 655 5312 quidem,
687 5247 846 5316 cujus
891 5263 1079 5302 animo
1107 5249 1381 5303 contraria
1413 5250 1680 5303 sententia
1704 5250 1810 5304 alte
1839 5252 1986 5306 inse-

411 5337 585 5401 derat,
621 5337 799 5392 nullas
837 5339 928 5393 hic
975 5339 1425 5410 interpolationes
1475 5340 1829 5408 observavit;
1875 5344 1987 5396 imo

412 5435 663 5481 asserere
691 5442 802 5482 non
838 5437 922 5484 est
943 5430 1172 5496 veritus,
1217 5431 1571 5500 interpretem
1602 5447 1784 5497 suum,
1823 5449 1986 5502 quem

413 5519 532 5586 ipse
551 5533 583 5573 e
612 5519 852 5575 tenebris
876 5523 1088 5590 primus
1109 5523 1276 5590 eruit,
1303 5523 1599 5593 Epistolam
1628 5525 1695 5580 ad
1728 5523 1987 5597 Polycar-

415 5625 544 5681 pum
573 5610 840 5682 integram
868 5627 935 5667 ex
962 5615 1266 5672 recentiore
1310 5616 1551 5672 editione
1584 5621 1986 5688 assumpsisse;

415 5701 559 5773 quod
592 5719 766 5772 primo
818 5705 1017 5762 intuitu
1045 5722 1076 5761 a
1101 5709 1329 5764 veritate
1379 5711 1617 5765 alienum
1653 5726 1775 5766 esse
1795 5711 1988 5781 depre-

418 5795 692 5852 henditur.
721 5795 856 5853 Nam
897 5800 1155 5870 primaeva
1182 5801 1345 5871 hujus
1383 5803 1547 5857 etiam
1585 5803 1840 5872 Epistolae
1868 5803 1984 5858 edi-

2089 1887 2242 1951 δαῖος
2301 1887 2453 1956 γίνου
2487 1880 2549 1941 οὗ
2573 1882 2645 1950 εἷ,
2675 1887 2802 1951 τοὺς
2851 1887 3080 1959 καιροὺς
3131 1891 3542 1960 καταμάνθανε·
3583 1890 3674 1946 τὸν

2089 1976 2425 2048 ὑπέρκαιρον
2467 1975 2760 2048 προσδόκα,
2792 1975 2884 2029 τὸν
2926 1978 3173 2048 ἄχρονον,
3195 1977 3286 2032 τὸν
3307 1981 3558 2052 ἀόρατον,
3583 1983 3674 2036 τὸν

2087 2067 2154 2121 δι’
2199 2069 2348 2138 ἡμᾶς
2402 2068 2620 2138 ὁρατὸν,
2670 2067 2762 2121 τὸν
2814 2067 3190 2140 ὰψηλάφητον,
3221 2070 3314 2124 τὸν
3345 2071 3551 2143 ἀπαθῆ,
3586 2075 3674 2127 τὸν

2086 2158 2315 2230 δι’ήμᾶς
2343 2159 2603 2229 παθητόν.
2631 2159 2900 2229 lnterpres
2923 2159 3254 2217 Usserianus
3275 2180 3288 2216 :
3308 2160 3439 2216 Plus
3470 2167 3674 2220 studio-

2088 2267 2180 2304 sus
2206 2252 2506 2322 ﬂas,quam
2533 2267 2622 2315 es;
2653 2259 2886 2319 tempora
2920 2253 3194 2306 considera
3221 2270 3239 2315 ;
3261 2270 3377 2307 eum
3395 2256 3485 2324 qui
3511 2272 3673 2324 supra

2091 2352 2295 2412 tempus
2345 2353 2610 2414 exspecta,
2643 2345 3062 2413 intemporalem,
3098 2345 3435 2411 inuisibilem,
3462 2361 3672 2417 propter

2089 2453 2184 2490 nos
2216 2435 2492 2502 visibilem,
2532 2436 2945 2506 impalpabilem,
2998 2438 3402 2506 impassibilem,
3462 2453 3671 2510 propter

2092 2543 2187 2582 nos
2211 2528 2539 2598 passibilem.
2573 2527 2782 2600 Vulgati
2806 2528 2977 2584 Graeci
3007 2531 3257 2587 codices:
3291 2533 3481 2585 Πλεῑον
3515 2537 3672 2604 πρόσ-

2090 2619 2181 2685 θες
2222 2622 2286 2691 τῇ
2330 2620 2532 2691 σπουδῇ
2557 2613 2617 2674 οὗ
2663 2616 2714 2673 εἴ
2750 2621 2907 2692 (satis
2956 2621 3672 2698 absurde),[suwowbrspov

2088 2710 2310 2783 δράμε],
2344 2713 2468 2773 τοὺς
2508 2712 2731 2780 καιροὺς
2775 2712 3156 2782 καταμάνθανε
3211 2712 3310 2785 [ὡς
3369 2715 3598 2770 ἐνταῦθα
3619 2713 3673 2770 εἴ

2088 2803 2307 2873 νίκησον
2327 2819 2340 2832 ·
2375 2795 2477 2856 ὧδε
2507 2804 2616 2875 γὰρ
2658 2804 2774 2857 ἐστὶ
2800 2803 2860 2856 τὸ
2895 2804 3128 2866 στάδιον,
3160 2808 3278 2858 ἐκεῖ
3303 2805 3358 2858 δὲ
3391 2809 3439 2860 οἱ
3473 2809 3666 2876 στέφα-

2089 2893 2212 2965 νοι].
2255 2894 2537 2965 Προσδὸκα
2600 2893 2856 2966 [Χριστὸν
2893 2894 2984 2947 τὸν
3041 2896 3170 2949 Υἱὸν
3217 2898 3310 2950 τοῦ
3365 2899 3547 2971 Θεοῦ],
3581 2903 3669 2954 τὸν

2088 2986 2317 3056 ἄχρονον
2351 2985 2432 3056 [ἐν
2466 2985 2687 3057 χρόνῳ],
2722 2985 2813 3038 τὸν
2852 2986 3082 3056 ἀόρατον
3115 2987 3203 3057 [τῇ
3245 2988 3448 3060 quasi],
3479 2992 3668 3061 ὁρατὸν

2090 3075 2173 3147 [ἐν
2212 3076 2420 3148 capiti],
2449 3076 2542 3130 τὸν
2573 3076 2925 3148 ἀψηλάφητον
2954 3077 3072 3148 [καὶ
3098 3079 3278 3148 ἀναφῆ
3327 3079 3403 3143 ὡς
3448 3082 3669 3152 ἀσώμα-

2009 3185 2051 3243 C
2086 3184 2198 3232 τον,
2231 3168 2297 3221 δι’
2339 3169 2488 3239 ἡμᾶς
2514 3167 2570 3220 δὲ
2612 3169 2782 3222 ἁπτὸν
2832 3171 2924 3223 καὶ
2969 3169 3287 3241 ψηλαφητὸν
3314 3172 3372 3224 ὲν
3412 3173 3667 3245 σώματι],

2083 3259 2175 3312 τὸν
2207 3259 2414 3331 ἀπαθῆ,
2448 3258 2548 3330 [ὡς
2590 3259 2768 3331 Θεὸν],
2803 3259 2869 3313 δι’
2895 3262 3044 3331 ἡμᾶς
3088 3261 3146 3314 δὲ
3183 3262 3422 3333 παθητὸν
3451 3263 3549 3334 [ὡς
3579 3265 3671 3319 ἆν-

2086 3350 2421 3421 θρωπον].Ει
2447 3349 2713 3419 Vulgatus
2758 3353 3057 3422 interpres:
3099 3351 3402 3406 Plurimum
3426 3355 3563 3409 adde
3597 3357 3665 3410 ad

2085 3441 2898 3514 [estinationem,[con:inuanter
2923 3443 3123 3517 curre],
3151 3456 3385 3515 tempora
3415 3463 3669 3517 cognosce

2086 3539 2248 3608 [utin
2297 3538 2430 3604 ipsis
2478 3553 2680 3601 semper
2726 3538 2927 3592 vincas.
2978 3538 3080 3592 Hic
3126 3540 3266 3597 enim
3303 3551 3378 3594 est
3409 3541 3666 3606 stadium,

2080 3625 2197 3679 illic
2227 3624 2474 3696 corona].
2511 3623 2770 3695 Exspecta
2811 3627 3110 3699 [Christum
3159 3628 3362 3683 Filium
3414 3629 3556 3702 Dei],
3589 3632 3669 3685 in-

2087 3717 2427 3782 temporalem
2460 3715 2539 3787 [in
2587 3715 2860 3788 tempore],
2909 3719 3219 3773 inuisibilem
3269 3719 3340 3791 [et
3383 3722 3664 3786 intactum,

2084 3817 2140 3858 ut
2163 3807 2553 3876 incorporeum,
2587 3823 2894 3875 corporeum
2941 3825 3058 3862 vero
3089 3821 3303 3880 propter
3347 3829 3440 3866 nos
3467 3822 3515 3866 et
3538 3829 3665 3866 con-

2087 3895 2457 3969 trectabilem],
2517 3897 2900 3966 impassibilem
2953 3897 3031 3970 [ut
3085 3901 3300 3974 Deum],
3361 3905 3668 3973 passibilem

2101 4005 2222 4042 vero
2252 3999 2465 4059 propter
2493 4005 2586 4042 nos
2618 3989 2696 4060 [ut
2740 3990 3048 4062 hominem].
3106 3991 3244 4048 Hinc
3295 3994 3460 4064 igitur
3521 4005 3669 4066 patet

2085 4077 2223 4132 duas
2253 4076 2421 4133 fuisse
2447 4077 2716 4133 editiones
2743 4078 2999 4148 Epistola:
3027 4081 3096 4134 ad
3127 4082 3488 4154 Polycarpum
3521 4087 3668 4140 mul-

2088 4175 2202 4222 tum
2240 4169 2508 4237 diversas,
2543 4186 2860 4239 germanam
2895 4187 3081 4238 unam,
3112 4173 3496 4244 interpolatam
3529 4179 3668 4232 alte-

2087 4275 2202 4316 ram
2230 4276 2579 4332 :germanam
2603 4271 2657 4316 et
2688 4263 2998 4331 primmvam
3049 4278 3300 4320 secutum
3331 4283 3451 4324 esse
3501 4271 3671 4324 inter—

2089 4360 2293 4422 pretem
2326 4350 2714 4421 Usserianum,
2761 4357 3121 4426 posteriorem
3152 4374 3250 4414 seu
3282 4360 3668 4431 interpolatam

2087 4445 2316 4501 vertisse
2346 4447 2690 4516 interpretem
2729 4447 3036 4520 Vulgatum.
3089 4448 3233 4505 Idem
3283 4453 3446 4508 etiam
3499 4454 3670 4523 liquet

1663 4514 1768 4616 τιξίῐ
1792 4522 1847 4570 εί
1869 4515 1985 4586 ipsa
2017 4528 2061 4583 D
2089 4552 2154 4592 ex
2184 4539 2366 4594 verbis
2392 4539 2459 4594 ad
2483 4514 2643 4594 linem
2685 4514 2961 4610 Epistulae,
2992 4545 3045 4596 in
3079 4541 3315 4616 Vulgato
3355 4514 3676 4604 Graeco-co-

2087 4629 2209 4684 dice
2233 4629 2456 4697 additis,
2506 4630 2702 4702 Ἀμὴν,
2733 4634 2766 4704 ἡ
2794 4634 2973 4705 χάρις,
3012 4634 3214 4704 quibus
3254 4639 3589 4707 respondent
3613 4641 3672 4696 in

2087 4719 2321 4792 Vulgato
2371 4722 2686 4793 interprete,
2731 4725 2916 4788 Amen,
2968 4727 3170 4796 gratia,
3217 4744 3395 4798 quma
3425 4728 3674 4786 Mediceo

2087 4812 2273 4867 codice
2293 4822 2347 4866 et
2369 4813 2662 4884 interprete
2693 4813 2992 4870 Usseriano
3024 4833 3252 4886 prorsus
3283 4821 3502 4875 absunt.
3530 4820 3675 4879 Hinc

2086 4903 2234 4957 enim
2275 4902 2656 4961 Armachanus
2715 4907 2831 4976 ipse
2901 4909 3107 4979 colligit
3167 4911 3517 4967 Anastasium
3570 4931 3673 4983 pa-

2086 4993 2384 5048 triarcham
2412 4996 2816 5051 Antiochenum
2865 4997 3012 5053 circa
3055 5018 3262 5055 annum
3286 5003 3415 5067 595,
3446 5005 3670 5074 vulgata

2088 5084 2202 5138 sive
2229 5085 2549 5156 interpolata
2579 5086 2814 5142 editione
2835 5087 3022 5143 Graeca
3047 5108 3206 5145 usum
3233 5092 3422 5148 fuisse.
3455 5095 3672 5165 Quippe

2087 5176 2381 5248 Gregorius
2409 5194 2547 5249 papa
2574 5179 2874 5246 Romanus,
2907 5181 3141 5254 Registri
3174 5186 3212 5238 l.
3241 5203 3315 5250 tv,
3354 5187 3542 5241 indict.
3580 5190 3668 5254 l5,

2088 5269 2248 5338 epist.
2274 5267 2364 5336 '57,
2395 5284 2518 5323 cum
2544 5270 2609 5324 ad
2634 5272 2795 5325 tinem
2819 5275 3061 5340 epistolae
3081 5291 3194 5330 suae
3217 5277 3284 5330 ad
3310 5279 3668 5334 Anastasium

2089 5359 2306 5428 scripta:
2335 5361 2701 5429 apposuisset,
2747 5364 2934 5431 Amen,
2965 5368 3164 5434 gratia,
3209 5371 3394 5423 statim
3426 5371 3538 5425 hzec
3567 5374 3671 5426 ad-

2087 5451 2200 5504 dit:
2237 5450 2387 5516 Quw,
2423 5451 2679 5516 videlicet,
2711 5456 2865 5507 verba
2896 5457 2961 5508 de
2988 5459 3202 5526 scriptis
3234 5463 3421 5515 vestris
3453 5476 3670 5532 accepta

2087 5539 2145 5592 in
2183 5542 2310 5595 meis
2339 5542 2576 5610 epistolis
2613 5559 2770 5612 pono,
2804 5554 2863 5598 ut
2888 5541 2952 5600 de
2983 5547 3042 5602 S.
3084 5547 3300 5619 lgnatio
3345 5564 3519 5607 vestra
3543 5555 3671 5610 bea-

2089 5630 2260 5684 titudo
2291 5643 2592 5702 cognoscat,
2638 5635 2766 5705 quia
2794 5651 2897 5688 non
2939 5638 3114 5692 solum
3153 5650 3320 5696 vester
3358 5652 3459 5708 est,
3497 5647 3592 5700 sed
3618 5659 3670 5700 et

2087 5730 2284 5776 noster.
2320 5721 2468 5800 Sicut
2493 5726 2631 5779 enim
2650 5726 2957 5795 magistrum
2981 5731 3097 5798 ejus
3126 5735 3486 5800 apostolorum
3514 5741 3670 5807 prin-

2087 5809 2252 5881 cipem
2281 5809 2894 5883 habemuscommunem.
2916 5821 2991 5874 ita
3019 5837 3219 5892 auoque
3245 5825 3482 5902 ejusdem
3504 5831 3654 5901 prim
