3868 6208
66 301 154 357 73
848 303 1218 364 PEARSDNII
1282 303 1604 368 VINDICIE
1679 312 2099 369 ICNATIANIE.
2138 345 2208 354 —
2259 313 2674 373 PROGSMIUM.
3291 315 3360 374 Ἠ

51 419 222 486 cipis
264 418 592 490 discipulum
643 421 824 476 nullus
874 433 1114 478 nostrum
1151 422 1342 479 habeat
1387 425 1672 494 privatum.
1705 430 1754 487 Α
1778 425 1991 481 cbanus
2016 441 2135 481 eam
2163 435 2372 498 partem
2405 429 2551 484 velut
2568 429 2903 498 adjectitiam
2931 443 3196 490 resectam
3224 435 3366 494 fuis-

49 510 222 564 Cum
271 511 438 581 igitur
482 513 602 568 haec
651 515 819 570 verba
859 516 1048 587 Ἀμὴν,
1090 519 1124 587 ἡ
1179 517 1360 587 χάρις,
1401 516 1468 570 ad
1512 516 1678 571 linem

54 600 340 672 Epistulae
377 603 446 658 ad
481 602 776 674 Ephesios,
802 616 857 661 et
876 607 1081 676 pariter
1118 607 1285 678 hujus
1321 607 1389 661 ad
1414 607 1677 678 Polycar-

54 709 211 762 pum
240 694 502 765 apposita
532 696 908 765 reperiantur,
936 707 1186 767 apparet,
1211 707 1504 769 utramque
1529 699 1678 768 pari-

52 793 160 837 ter
188 783 360 837 etiam
395 784 492 838 illo
523 801 639 839 aevo
663 785 837 841 fuisse
875 788 1280 857 interpolatam.

143 873 228 930 Ad
254 874 378 930 haec
399 878 588 932 omnia
610 878 840 934 ulterius
863 881 1241 936 confirmanda
1265 882 1502 936 multum
1533 882 1678 937 valet

58 967 124 1021 id
153 968 310 1037 quod
343 983 450 1024 nos
481 969 646 1039 primi
693 972 1135 1038 observavimus,
1164 971 1340 1029 fuisse
1369 973 1675 1042 antiquitus

62 1059 240 1114 aliam
297 1057 720 1132 lgnatianurum
771 1062 1094 1129 editionem,
1150 1077 1346 1134 praeter
1395 1080 1491 1121 eas
1535 1075 1672 1132 tres,

63 1167 213 1221 quas
267 1162 553 1208 memorat
598 1152 880 1210 Usserius.
927 1154 1060 1210 Erat
1109 1165 1292 1211 autem
1343 1157 1461 1213 haec
1504 1159 1676 1215 editio

66 1245 327 1300 omnium
365 1255 422 1301 et
449 1248 696 1301 solarum
733 1248 1093 1317 epistularum
1136 1264 1276 1320 quas
1317 1251 1455 1305 vidit
1494 1249 1664 1306 Euse-

67 1339 218 1405 bius,
250 1338 351 1393 sed
383 1338 865 1408 interpolatarum.
891 1338 1080 1412 Neque
1118 1343 1234 1396 haec
1255 1352 1337 1398 est
1353 1344 1673 1413 conjectura

65 1445 245 1484 mera.
273 1428 470 1485 Habeo
492 1431 641 1484 enim
673 1432 954 1502 exemplar
978 1447 1087 1489 ms.
1129 1433 1380 1490 Graecum
1409 1436 1675 1505 epistola-

67 1539 194 1577 rum
242 1521 687 1594 Ignatianarum,
721 1525 856 1579 mihi
886 1539 916 1580 a
936 1525 1056 1580 viro
1103 1526 1267 1582 doctu
1294 1535 1349 1582 et
1373 1528 1674 1598 antiquita-

71 1625 187 1668 tum
226 1615 455 1671 curioso
491 1615 989 1684 communicatum,
1021 1617 1141 1672 sine
1173 1618 1316 1674 fictis
1343 1627 1398 1674 et
1419 1620 1673 1690 supposi-

71 1706 206 1762 titiis
235 1706 477 1778 (septem
501 1707 650 1763 enim
668 1715 885 1762 tantum
909 1710 1086 1781 sunt,)
1119 1709 1216 1766 sed
1239 1726 1364 1766 cum
1389 1727 1672 1768 assumen-

1783 533 1842 572 se
1867 519 2185 586 arbitratur,
2215 521 2352 590 quod
2389 531 2501 574 tam
2549 521 2717 575 multa
2771 524 2826 576 in
2879 541 2940 577 ea
2992 529 3368 596 reperirentur,

1779 627 1898 669 aute
1929 611 1999 664 ad
2032 610 2326 666 Ecclesiam
2363 613 2762 684 Smyrnworum
2797 619 2965 688 magis
3015 621 3368 688 pertinebant.
3447 681 3449 684 ,

1779 719 1939 772 quam
1991 703 2060 756 ad
2120 702 2268 757 illius
2323 705 2624 774 episcopum
2672 705 3086 778 Polycarvum;
3146 711 3211 764 ab
3258 714 3369 768 illis

1777 791 2038 856 videlicet,
2072 793 2238 846 verbis
2255 795 2337 847 sui
2369 794 2709 864 interpretis:
2740 817 2758 847 ι
2787 797 3046 870 Episcopo
3080 803 3370 862 attendite:

1779 890 1837 934 ut
1862 893 1910 936 et
1933 881 2075 938 Deus
2111 885 2278 938 vobis.
2310 904 2329 936 ι
2375 884 2480 940 Sed
2519 887 2637 943 haec
2658 889 2979 959 conjectura
3003 895 3242 962 seipsam
3267 896 3363 964 ju-

1778 973 1950 1043 gulat.
1976 972 2162 1044 Neque
2193 978 2338 1032 enim
2364 988 2575 1034 resecta
2603 980 2982 1053 interpretatio
3005 984 3236 1040 dicenda
3260 994 3365 1051 est,

1777 1081 1944 1136 quam
2002 1082 2245 1136 unquam
2274 1070 2554 1126 exstitisse
2613 1086 2723 1126 non
2767 1083 3007 1130 constat.
3059 1075 3266 1146 Neque,
3319 1089 3370 1135 st

1778 1178 2024 1233 unquam
2071 1162 2366 1224 exstiterit,
2417 1163 2490 1216 ibi
2543 1174 2755 1220 resecta
2823 1175 2928 1234 cst,
2983 1169 3076 1223 ubi
3123 1168 3368 1241 lgnatius

1780 1250 2096 1308 varnzeos
2126 1252 2449 1320 alloquitur,
2505 1254 2601 1308 sed
2633 1255 2806 1309 multo
2832 1258 3120 1326 superius;
3158 1277 3266 1315 non
3297 1263 3366 1316 ad

1776 1359 1839 1399 ea
1869 1345 2056 1409 verba,
2102 1344 2362 1412 Episcopo
2403 1344 2678 1408 attendite,
2709 1353 2766 1396 ut
2804 1355 2853 1398 et
2895 1345 3038 1402 Deus
3072 1348 3235 1415 vobis,
3270 1352 3364 1406 sed

1779 1436 1847 1491 ad
1878 1436 1979 1490 ista
2004 1436 2167 1505 longe
2199 1434 2424 1503 priora:
2455 1430 2755 1488 Secundum
2781 1452 2985 1490 omnem
3015 1441 3227 1494 modum
3249 1458 3370 1511 pro-

1774 1535 1890 1596 pter
1920 1542 2014 1580 nos
2056 1526 2425 1579 sustinentem.
2470 1524 2805 1594 lneptissimi
2849 1537 2996 1580 certe
3041 1527 3284 1584 hominis
3313 1536 3368 1584 et

1775 1618 1918 1674 male
1967 1617 2170 1682 feriati,
2202 1631 2271 1671 ne
2304 1617 2483 1671 dicam
2541 1617 2722 1671 insani
2775 1618 2990 1685 fuisset,
3034 1629 3115 1674 tot
3154 1631 3368 1677 senten-

1775 1710 1880 1765 tias
1917 1709 1986 1765 ad
2018 1709 2384 1780 Pulycarpum
2418 1708 2676 1778 utrinque
2712 1710 3045 1779 pertinentes
3066 1713 3187 1768 ideo
3217 1729 3374 1770 rese-

68 1800 142 1855 tis
169 1799 397 1869 quidem
433 1799 528 1855 diu
561 1808 690 1870 post
714 1800 1016 1857 Eusebium
1047 1802 1161 1858 imo
1188 1811 1244 1860 et
1271 1802 1552 1862 Gelasium
1583 1805 1668 1861 fa-
1705 1816 1747 1872 Β
1773 1817 1918 1866 care,
1953 1801 2101 1872 quod
2129 1798 2408 1857 nonnullae
2453 1800 2754 1871 interjectae
2803 1802 2870 1857 ad
2909 1800 3220 1874 Smyrnazus
3245 1821 3334 1860 ma
3353 1832 3370 1843 η

69 1894 195 1958 etis,
218 1893 492 1964 epistolas
517 1895 624 1950 hoc
649 1895 844 1951 ordine
866 1908 1291 1968 repraesentans.

141 1983 287 2056 Πρὸς
321 1984 699 2056 Τραλλησίους
730 1988 808 2043 A'.
844 1987 991 2062 Πρὸς
1020 1991 1375 2064 Μαγνησίους
1405 1989 1480 2045 Β’.
1525 1991 1670 2066 Πρὸς

69 2076 433 2148 Φιλαδελφεῖς
454 2078 529 2132 Γ’.
567 2073 714 2150 Πρὸς
755 2080 1095 2153 Σμυρναίους
1117 2085 1193 2136 Δ⁹.
1217 2081 1362 2154 Πρδς
1385 2083 1669 2156 Πολύκαρ-

71 2190 167 2225 πον
189 2173 499 2229 ἐπίσκοπον
522 2174 779 2247 Σμύρνης
809 2176 885 2230 E'.
914 2176 1061 2249 Πρὸς
1088 2172 1370 2248 Ἐφεσίους
1400 2181 1490 2247 ς’.
1525 2177 1671 2250 Πρὸς

82 2260 391 2335 Ῥωμαίους
420 2268 495 2320 Ζ’.

137 2355 296 2414 Hanc
328 2373 438 2430 ego
467 2359 764 2416 editionem
812 2360 1144 2431 peculiarem
1186 2369 1240 2417 et
1278 2363 1349 2416 ab
1387 2363 1510 2418 aliis
1555 2365 1671 2420 dis-

74 2450 302 2504 tinctam
363 2451 608 2517 invenio,
660 2451 895 2522 ideoque
930 2466 1032 2522 pro
1073 2453 1251 2508 tribus
1281 2450 1492 2510 Usserii
1533 2469 1672 2524 qua-

75 2552 194 2597 tuor
223 2542 482 2598 diversas
523 2540 720 2612 lgnatii
770 2542 1042 2599 editiones
1067 2543 1199 2600 olim
1226 2546 1532 2601 obtinuisse
1557 2556 1670 2603 sta-

72 2643 185 2689 tuo.
214 2633 413 2690 Prima
444 2633 549 2689 fuit
588 2651 872 2703 germana,
923 2637 1283 2707 epistularum
1335 2648 1547 2694 tantum
1578 2655 1670 2696 se-

69 2736 215 2796 ptem
238 2743 320 2799 :.a
348 2726 657 2800 Polycarpo
680 2728 847 2794 edita,
882 2737 935 2783 et
963 2727 1138 2800 ipsius
1165 2729 1423 2801 Epistulae
1449 2733 1517 2787 ad
1538 2731 1668 2786 Phi-

69 2821 376 2892 lippenses,
417 2821 474 2875 in
505 2830 783 2877 conventu
815 2821 961 2877 Asiae
1004 2823 1178 2889 lectae,
1233 2824 1504 2894 subjecta,
1559 2825 1670 2880 Ire-

69 2928 216 2979 naeo,
271 2911 622 2982 Theophila,
675 2909 931 2984 Origeni,
983 2911 1254 2979 Eusebio,
1323 2915 1669 2984 Athanasio,

69 3005 501 3075 Chrysostomo,
575 3002 931 3076 Hieronymo,
998 3003 1371 3070 Theodoreto,
1421 3005 1666 3074 Gelasio,

74 3094 396 3165 Ephraimo,
426 3094 705 3148 Antiocho
729 3093 966 3164 cognita.
1027 3093 1281 3148 Secunda
1319 3093 1424 3149 fuit
1447 3109 1670 3150 earum-

1773 1892 1857 1964 gis
1891 1893 2167 1962 pertinere
2195 1892 2533 1947 viderentur.
2561 1891 2682 1948 Alia
2717 1893 2883 1964 igitur
2925 1894 3093 1965 hujus
3121 1897 3198 1952 rei
3223 1898 3368 1953 ratio

1772 1982 2048 2038 reddenda
2076 1991 2198 2050 est;
2224 1993 2279 2038 et
2315 1997 2447 2040 sane
2474 1997 2542 2038 ex
2569 1985 2842 2038 sententia
2876 1996 3066 2041 nostra
3101 2002 3366 2059 perquam

1772 2075 2070 2130 luculenta.
2099 2073 2367 2145 Vulgatus
2398 2074 2488 2130 ille
2514 2076 2786 2146 interpres
2817 2091 2921 2132 nec
2943 2077 3160 2147 plenam
3207 2079 3366 2134 nobis

1773 2167 2193 2238 inscriptionem
2240 2167 2411 2234 dedit,
2444 2183 2548 2222 nec
2579 2167 2902 2238 Epistulam.
2953 2168 3116 2225 Ratio
3147 2173 3362 2226 utrius-

1773 2275 1879 2330 que
1899 2259 2143 2315 defectus
2191 2260 2420 2314 eadem:
2453 2260 2717 2328 quoniam
2762 2261 3021 2329 epistolas
3051 2263 3165 2332 jam
3193 2263 3365 2318 inter-

1773 2351 1984 2421 polatas
2014 2349 2206 2405 Latine
2232 2351 2460 2406 reddere
2489 2351 2824 2406 instituerat.
2866 2351 3158 2424 Inscriptio
3188 2355 3363 2424 priori

1773 2452 1930 2514 parte
1952 2443 2287 2514 interpolata
2317 2454 2403 2500 est
2432 2486 2448 2512 ,
2480 2444 2772 2515 posteriori
2809 2445 3070 2511 minime:
3123 2451 3364 2517 priorem

1774 2538 1943 2608 igitur
1995 2546 2212 2607 partem
2285 2539 2701 2609 interpretatus,
2760 2538 3121 2607 posteriorem
3203 2542 3367 2610 plane

1774 2631 1983 2685 omisit.
2040 2629 2254 2685 Pariter
2303 2632 2453 2701 prior
2489 2647 2619 2702 pars
2661 2631 2915 2702 Epistulae
2961 2633 3250 2704 insigniter
3279 2635 3364 2688 in-

1773 2723 2035 2792 terpolata
2057 2732 2142 2778 est
2169 2741 2184 2789 ;
2216 2724 2507 2792 posteriori
2545 2740 2712 2778 unum
2743 2733 2840 2778 aut
2885 2725 3119 2779 alterum
3165 2726 3368 2782 verbu-

1772 2813 1888 2868 lem
1920 2815 2220 2884 adjectum.
2252 2813 2502 2870 Priorem
2555 2814 2720 2886 igitur
2771 2824 2981 2886 partem
3033 2817 3364 2887 interpreta-

1774 2915 1885 2974 tus,
1937 2908 2301 2976 posteriorem
2333 2909 2556 2978 penitus
2583 2910 2792 2973 omisit,
2849 2908 2996 2979 quod
3043 2920 3210 2976 esset,
3243 2912 3367 2981 upio

1773 3013 1897 3064 nor,
1931 2997 1998 3052 ab
2030 2997 2138 3052 alio
2183 2997 2482 3066 interprete
2521 2997 2673 3067 prius
2712 2997 2942 3051 reddita.
2978 2994 3156 3066 Hujus
3180 3006 3364 3051 autem

1773 3091 1854 3145 rei
1899 3089 2116 3161 signum
2152 3090 2631 3145 evidentissimum
2681 3089 2816 3143 mihi
2849 3091 3087 3156 videtur,
3117 3090 3265 3160 quod
3307 3090 3364 3144 in

73 3188 190 3242 dem
239 3187 610 3257 epistularum
662 3195 894 3256 septem,
939 3187 1035 3242 sed
1088 3186 1455 3257 interpolata:
1488 3187 1670 3257 qualis
1698 3165 1744 3224 C
1774 3182 1958 3238 verbis
2002 3183 2366 3253 interpolatis,
2413 3188 2471 3234 ut
2512 3181 2798 3245 hominem,
2837 3181 3091 3236 desinat:
3126 3182 3364 3251 reliqua,

76 3299 124 3351 in
147 3290 346 3337 nostro
375 3279 687 3350 exemplari
727 3277 920 3335 Graeco
970 3294 1079 3334 ms.
1130 3287 1336 3344 exstat,
1390 3278 1671 3350 Stephano

73 3373 313 3440 Gubaro,
341 3373 645 3429 Anastasio
675 3373 1004 3444 patriarchae
1032 3371 1400 3439 Antiuchcno,
1420 3380 1477 3427 et
1495 3371 1672 3427 Chro-

73 3469 170 3524 uici
218 3466 596 3522 Alexandrini
644 3464 1086 3521 consarcinaturi
1135 3473 1451 3534 conspecta.
1483 3462 1670 3519 Tertia

72 3563 232 3616 editio
287 3559 520 3624 fuit,ex
554 3569 762 3628 septem
818 3558 1096 3629 genuinis,
1128 3565 1184 3612 et
1230 3565 1472 3627 quatuor
1526 3557 1670 3612 fictis

73 3676 156 3713 seu
187 3657 571 3729 supposititiis
596 3654 854 3723 conflata,
887 3654 1070 3725 qualis
1092 3653 1148 3708 in
1183 3653 1428 3709 Mediceo
1452 3655 1664 3718 codice,

71 3761 114 3806 et
134 3753 450 3821 interprete
490 3746 788 3805 Usseriano
841 3756 1149 3818 comparet,
1209 3746 1408 3802 Joanni
1460 3746 1664 3804 Dama-

70 3843 359 3909 sceno,'et
384 3841 628 3897 Antonio
682 3852 964 3912 usurpata.
1016 3838 1226 3907 Quarta
1275 3840 1513 3911 denique
1542 3839 1666 3909 fuit,

69 3949 125 3989 ex
177 3943 406 4006 septem
458 3933 825 4004 interpolatis,
889 3940 944 3987 et
993 3932 1240 4002 quinque
1300 3933 1668 4003 supposititiis

70 4039 358 4093 constans,
394 4027 599 4093 addita,
631 4026 862 4092 scilicet,
891 4025 1136 4096 Epistula
1169 4025 1237 4080 ad
1261 4024 1664 4098 Philippenses,

69 4125 354 4182 postremo
395 4115 521 4170 loco
552 4113 698 4180 ficta,
736 4115 918 4185 qualis
961 4115 1014 4168 in
1043 4114 1364 4186 Augustano
1397 4117 1587 4174 codice
1614 4126 1669 4174 et

69 4205 480 4279 Nidprucciano
525 4216 946 4278 repraesentatur
978 4217 1031 4263 et
1054 4223 1084 4262 a
1108 4209 1330 4280 vulgato
1371 4209 1668 4282 interprete

72 4301 344 4365 redditur,
370 4300 672 4354 Anastasio
699 4300 1040 4370 presbytero,
1072 4308 1127 4354 et
1152 4300 1328 4356 Adoni
1362 4300 1667 4359 Viennensi

75 4390 200 4446 visa.
232 4387 404 4444 Unde
445 4389 620 4459 liquet
668 4388 973 4458 Epistulam
1004 4389 1073 4445 ad
1101 4387 1466 4462 Polycarpum
1499 4394 1554 4448 in
1580 4409 1667 4451 se-

1775 3275 2062 3329 secundum
2124 3291 2328 3329 onmem
2399 3271 2616 3326 modum
2680 3283 2895 3342 propter
2951 3289 3045 3327 nos
3096 3275 3365 3328 sustinen-

1778 3378 1900 3435 tem,
1925 3369 2052 3424 licet
2075 3367 2141 3422 ad
2165 3367 2416 3423 eamdem
2446 3367 2772 3422 sententiam
2803 3365 3155 3435 pertinentia,
3193 3367 3363 3421 omit-

1773 3472 1874 3519 tat.

1846 3553 2086 3608 Proinde
2130 3562 2336 3623 septem
2385 3552 2651 3622 epistolas
2678 3551 2747 3605 ab
2777 3551 3015 3607 Eusebio
3045 3551 3102 3606 S.
3153 3550 3364 3622 Ignatio

1774 3647 2067 3701 attributas
2093 3661 2328 3712 censeo;
2365 3646 2505 3700 inter
2547 3659 2641 3698 eas
2680 3643 2979 3713 Epistulam
3008 3644 3076 3697 ad
3108 3643 3368 3714 Polycar~

1773 3753 1903 3807 pum
1936 3737 2336 3792 numerandam
2368 3736 2610 3801 aﬂirmo;
2636 3735 2860 3790 easdem
2898 3748 3092 3788 omnes
3117 3734 3173 3787 in
3199 3732 3368 3804 Puly-

1771 3826 2032 3898 carpiana
2065 3827 2358 3896 συναγωγῇ
2392 3824 2674 3888 collectas,
2707 3821 2949 3892 epistulae
2973 3821 3115 3890 ejus,
3148 3820 3204 3874 in
3227 3824 3367 3874 con-

1770 3930 1938 3978 ventu
1980 3919 2123 3975 Asiae
2146 3934 2244 3990 per
2277 3918 2486 3988 aliquot
2511 3915 2711 3972 saecula
2756 3913 2974 3985 publice
3010 3912 3185 3982 lectae,
3229 3912 3367 3968 sub-

1771 4014 2011 4086 junctas,
2037 4021 2091 4068 et
2110 4027 2138 4066 a
2166 4019 2360 4067 sancto
2381 4019 2622 4080 martyre
2646 4016 2989 4077 conscriptas
3010 4007 3184 4062 fuisse
3212 4020 3366 4062 asse-

1770 4115 2028 4162 veranter
2052 4104 2347 4160 contendo.
2384 4101 2721 4158 Sententiam
2748 4100 2934 4156 Dallaei
2965 4101 3033 4155 de
3058 4100 3365 4169 impostore

1771 4200 1974 4271 primo,
2027 4213 2124 4252 sex
2152 4195 2414 4266 epistulas
2443 4203 2566 4264 post
2594 4194 2860 4248 ducentos
2885 4193 2954 4247 ab
2985 4191 3181 4263 lgnatii
3214 4207 3364 4246 mar-

1772 4291 1916 4364 tyrio
1939 4303 2116 4345 annos
2148 4287 2207 4342 in
2238 4287 2414 4342 lucem
2459 4283 2796 4355 proferente,
2839 4293 2894 4339 et
2919 4283 3184 4349 secundo,
3211 4281 3360 4337 illam

1770 4385 1839 4440 ad
1874 4383 2237 4454 Polycarpum
2291 4386 2416 4450 post
2466 4377 2734 4434 ducentos
2782 4375 2947 4432 etiam
3001 4375 3141 4432 alios
3172 4385 3360 4446 partu-

75 4483 245 4539 cunda
278 4492 332 4538 et
366 4490 564 4551 quarta
595 4481 836 4537 editione
884 4482 1204 4552 apparuisse
1251 4483 1662 4554 interpolatam,
1697 4509 1745 4567 D
1769 4478 1968 4544 riente,
2000 4475 2338 4545 figmentum.
2369 4472 2482 4526 imo
2506 4478 2818 4541 Ρονῑεηῑυῐη
2839 4484 2962 4524 esse
2983 4469 3195 4540 Ῑυάίθοο

77 4588 120 4625 m
139 4573 308 4627 tertia
337 4571 413 4625 ab
437 4569 590 4625 omni
624 4582 942 4625 assumento
966 4570 1217 4634 liberam,
1249 4585 1312 4625 ac
1341 4570 1573 4640 proinde
1591 4583 1661 4625 ex

75 4663 329 4730 primaeva
363 4661 424 4715 in
468 4660 687 4715 tertiam
733 4660 852 4715 sine
882 4660 995 4715 ulla
1042 4659 1464 4730 iuterpulatiune
1490 4658 1663 4716 fuisse

75 4755 397 4809 derivatam.

135 4847 278 4901 llinr
307 4847 480 4902 etiam
510 4853 696 4916 patere
725 4853 924 4915 potest,
963 4845 1095 4916 quid
1119 4843 1464 4900 sentiendum
1500 4845 1572 4900 sit
1595 4851 1661 4901 de

87 4939 303 5012 Yulgato
334 4941 640 5013 interprete
695 4936 910 5002 Latino,
960 4939 1104 5007 apud
1160 4954 1323 5008 quem
1387 4939 1661 5008 posterior

85 5049 191 5099 pars
225 5033 495 5104 Epistula:
521 5031 589 5086 ad
633 5030 993 5103 Polycarpum
1025 5046 1136 5087 non
1166 5039 1412 5102 apparet.
1458 5031 1659 5086 Arma-

399 5858 670 5918 Ρηιιοι..
719 5850 810 5912 Gn
861 5843 938 5906 νο

1840 4574 2018 4642 Atque
2049 4572 2167 4626 haec
2190 4571 2257 4627 de
2283 4579 2428 4637 ortu,
2488 4584 2784 4640 progressu
2818 4574 2872 4622 et
2913 4567 3181 4622 hodierno
3213 4573 3357 4621 statu

1769 4665 1936 4735 hujus
1962 4665 2370 4731 controversiae,
2397 4662 2822 4720 intruductionis
2853 4675 3026 4726 more,
3047 4667 3212 4730 atque
3241 4676 3360 4730 per-

1769 4756 2083 4827 spicuitatis
2109 4755 2286 4827 gratia
2319 4755 2527 4811 dixisse
2564 4753 2798 4810 sufficiat
2827 4773 2839 4809 :
2885 4770 3008 4824 quae
3035 4753 3160 4808 loco
3189 4752 3355 4806 trium

1773 4863 2018 4917 priorum
2054 4848 2295 4918 capitum
2351 4847 2479 4902 libri
2533 4845 2812 4913 Dallaeaui,
2870 4854 2925 4900 ct
2953 4843 3156 4916 prioris
3186 4842 3352 4897 etiam

1769 4939 1951 5011 quarti
1988 4941 2161 5011 partis
2191 4939 2441 5010 ponenda
2475 4935 2690 5002 censui,
2741 4947 2801 4994 ut
2839 4939 2910 4995 ad
2931 4953 2993 4994 ea
3017 4935 3162 4992 aliud
3196 4935 3356 5007 quid~

1769 5032 1915 5102 piam
1947 5047 2210 5102 reponere
2235 5047 2461 5089 necesse
2487 5047 2598 5087 nun
2624 5031 2696 5086 sit
