3868 6208
472 289 548 347 Ib
1529 294 1588 350 S.
1626 290 1978 351 lGNATlUS.
2009 320 2081 333 —
2116 290 2654 349 PROLEGOIENA.
3677 297 3760 357 τε

472 446 3744 479 W

1255 637 2089 731 VINDICIARUM
2170 639 2458 731 PARS
2529 640 2908 733 PRIMA

466 822 603 897 Qua
667 829 1044 903 argumenta
1097 840 1214 902 pro
1242 824 1307 887 S.
1345 822 1581 904 lgnatii
1612 818 1908 913 epistolis
1946 837 1996 913 _e
2065 828 2353 913 veterum
2398 822 2792 913 testimoniis
2858 826 3241 906 afferuntur,
3292 836 3356 894 et
3415 849 3452 895 a
3496 831 3753 897 Dalloi

1592 901 2088 978 exceptionibus
2147 901 2579 967 vindicantur.

912 1070 1145 1128 CAPUT
1164 1068 1462 1127 PRIMUM.

465 1162 798 1240 Argumenta
826 1161 1004 1240 prqS.
1036 1162 1241 1233 Ignatii
1272 1158 1509 1240 epistolis
1549 1165 1673 1240 sunt
1711 1157 1790 1214 vel
1825 1166 2045 1240 emerita

535 1221 612 1290 uel
634 1221 863 1289 intentu.
892 1221 1134 1289 Externa
1161 1249 1193 1286 a
1220 1221 1553 1293 testimoniis,
1586 1230 1795 1284 interna
1825 1229 1889 1282 ab
1914 1229 2044 1298 ipsis

533 1304 797 1373 epistolis.

533 1417 608 1474 Ut
632 1418 948 1489 probemus,
966 1424 1069 1471 aut
1093 1430 1415 1485 persuasum
1445 1413 1769 1480 habeamus,
1787 1412 2044 1482 epistolas

460 1513 650 1578 hasce,
699 1510 769 1566 de
811 1510 1013 1581 quibus
1041 1507 1297 1573 dicimus,
1338 1521 1459 1576 quae
1500 1520 1648 1561 nunc
1694 1506 1748 1560 in
1793 1506 2040 1560 omnium

458 1601 718 1657 manibus
746 1608 897 1666 sunt,
926 1609 980 1655 et
1017 1597 1208 1669 lgnatii
1244 1612 1355 1667 pra:
1390 1611 1450 1651 se
1476 1612 1678 1651 nomen
1716 1595 1919 1662 ferunt,
1951 1612 2043 1651 re-

457 1709 592 1749 vera
622 1693 692 1748 ab
721 1692 815 1747 illo
845 1691 1202 1746 Antiochense
1236 1687 1492 1744 Ecclesia:
1519 1688 1783 1753 antistite,
1822 1698 2043 1758 aposto-

458 1787 639 1841 lorum
670 1784 941 1855 discipulo
995 1796 1050 1839 et
1079 1783 1427 1839 sanctissimo
1458 1792 1716 1853 martyre,
1758 1782 1905 1835 circa
1937 1782 2042 1835 ini-

459 1878 600 1934 tium
638 1875 865 1932 secundi
910 1874 1093 1931 steculi
1126 1872 1297 1929 fuisse
1333 1873 1694 1943 conscriptas,
1739 1887 1851 1927 non
1892 1872 2043 1926 aliud

458 1972 760 2042 quidquam
787 1984 819 2024 a
842 1968 1025 2035 nobis,
1067 1967 1164 2038 qui
1201 1967 1305 2022 hac
1338 1975 1495 2022 aetate
1533 1966 1790 2031 vivimus,
1829 1973 1925 2020 aut
1954 1980 2045 2020 re-

457 2063 606 2135 quiri
663 2070 761 2118 aut
808 2060 1116 2131 exspectari
1157 2066 1357 2130 potest,
1406 2075 1571 2130 quam
1616 2067 1676 2113 ut
1718 2074 1785 2114 ex
1829 2058 2042 2113 idoneis

458 2154 795 2212 testimoniis
819 2169 1033 2220 eorum,
1076 2153 1279 2224 quibus
1302 2154 1355 2207 in
1397 2152 1561 2208 rebus
1593 2152 1910 2222 bujusmodi
1942 2168 2041 2223 par

456 2257 546 2304 est
566 2248 810 2311 credere,
844 2246 896 2301 id
929 2246 1163 2301 fideliter
1201 2245 1540 2314 ﬁrmiterque
1566 2244 1928 2315 colligamus;
1987 2251 2042 2299 et

457 2340 719 2411 epistolas
766 2339 918 2409 ipsas
961 2346 1110 2393 tanto
1146 2346 1370 2393 auctore
1416 2338 1631 2405 dignas,
1679 2347 1734 2392 et
1779 2338 2042 2407 temporis

457 2444 756 2501 rerumque
796 2428 1229 2485 circumstantiis
1273 2429 1520 2498 apprime
1561 2443 1832 2499 congruas
1861 2437 2044 2484 osten-
2073 2423 2119 2478 B

2075 1072 2122 1130 Α
2151 1070 2419 1143 miterque
2437 1074 2780 1146 colligemus.
2812 1076 3041 1137 ldoneos
3061 1086 3243 1139 autem
3272 1097 3438 1145 testes
3463 1100 3751 1161 putamus

2148 1164 2445 1233 scriptores
2472 1167 2874 1226 ecclesiasticos
2890 1180 3125 1239 veteres,
3156 1178 3250 1246 qui
3281 1188 3574 1252 antequam
3608 1185 3752 1241 hac

2149 1254 2203 1308 in
2234 1254 2477 1313 Ecclesia
2512 1269 2654 1326 orta,
2690 1270 2787 1317 aut
2822 1273 3111 1336 postquam
3141 1271 3417 1341 aliquibus
3452 1277 3589 1331 oriri
3608 1279 3751 1335 visa

2147 1358 2251 1414 est,
2287 1354 2686 1421 controversia,
2725 1362 3050 1414 sententiam
3075 1377 3252 1429 suam,
3308 1372 3369 1420 ut
3417 1383 3478 1423 se
3528 1370 3752 1427 obtulit

2146 1443 2388 1507 occasio,
2411 1444 2531 1500 sine
2559 1446 2669 1501 ulla
2695 1448 3032 1508 dubitatione
3058 1464 3153 1510 aut
3172 1456 3512 1517 haesitatione
3531 1474 3750 1532 protu—

2145 1534 2349 1590 lerunt.
2397 1535 2508 1592 Hos
2542 1553 2644 1609 ego
2670 1548 2838 1596 testes
2874 1545 3217 1617 incorruptos
3245 1551 3522 1618 faddu‘cam
3560 1565 3751 1626 atque

2144 1628 2423 1699 integros:
2449 1645 2515 1685 ex
2548 1631 2745 1689 horum
2773 1636 2993 1705 scriptis
3025 1638 3365 1709 indubitatis,
3406 1652 3502 1701 aut
3525 1647 3599 1702 ab
3623 1649 3751 1703 im-

2145 1734 2378 1790 portuna
2433 1723 2775 1782 dubitatione
2833 1730 3148 1799 vindicatis,
3187 1737 3498 1793 testimonia
3541 1740 3752 1810 profe-

2145 1823 2298 1875 ram;
2326 1810 2489 1881 idque
2509 1828 2573 1868 ea
2594 1815 2862 1872 modestia
2894 1822 3298 1892 praestabimus,
3323 1839 3382 1881 ut
3402 1829 3609 1887 nullius
3640 1847 3751 1888 vo-

2143 1909 2320 1956 terum
2351 1903 2511 1961 famae
2542 1907 2882 1978 detrahatur,
2919 1913 3123 1969 nullius
3145 1917 3353 1974 nomini
3379 1921 3577 1992 injuria
3607 1926 3743 1994 ﬁat,

2146 2008 2245 2049 sua
2277 1997 2478 2068 cuique
2505 2002 2830 2071 auctoritas,
2872 2009 3050 2078 qualis
3074 2019 3129 2066 et
3154 2021 3360 2083 quanta
3390 2016 3445 2071 in
3475 2017 3747 2077 Ecclesia

2144 2085 2241 2142 Dei
2276 2089 2542 2148 hactenus
2569 2095 2672 2150 fuit
2708 2097 2914 2154 illibata
2950 2116 3336 2176 conservetur;
3382 2119 3446 2165 ea
3491 2111 3622 2180 ﬁde,
3670 2126 3745 2171 ut

2142 2183 2414 2239 neminem
2461 2187 2680 2243 obtorto
2719 2191 2864 2246 collo
2892 2194 2958 2247 ad
2990 2193 3258 2264 judicium
3292 2200 3577 2259 ferendum
3609 2215 3743 2263 tra-

2143 2273 2360 2341 hamus,
2393 2277 2575 2331 omnia
2599 2279 2761 2347 plane
2788 2290 2843 2336 et
2874 2285 3019 2339 nude
3056 2300 3529 2363 repraesentemus,
3558 2308 3743 2366 prout

2145 2363 2199 2417 in
2231 2379 2423 2420 eorum
2458 2369 2675 2436 scriptis
2711 2373 3078 2441 reperiuntur.
3129 2378 3267 2434 Cum
3314 2382 3478 2453 igitur
3523 2363 3747 2457 lgnatii

2144 2458 2386 2526 epistola;
2415 2460 2629 2517 decimo
2652 2464 2848 2533 quinto
2868 2469 3067 2525 saeculo
3094 2471 3319 2543 jamjam
3340 2489 3576 2537 exeunte
3599 2499 3742 2539 eruo

457 2522 675 2577 damus.
733 2520 813 2576 Ad
850 2519 1234 2576 auctoritatem
1274 2520 1424 2574 enim
1470 2519 1901 2620 lgnatianorum,
1948 2528 2044 2573 aut
2260 2560 2315 2604 et
2357 2550 2639 2622 impressae
2668 2519 2918 2626 ‘primum
2971 2519 3439 2635 cons‘picéremur’
3483 2519 3699 2629 erm;

457 2612 690 2635 -I:.........
726 2624 1180 2635 -..-....m-....-...‘
1221 2617 1463 2635 ..ΑιΛ-...νι
1521 2619 1849 2635 ..Α-....ιΑ-......
1893 2626 2014 2635 Α---

455 2612 692 2666 aliorum
722 2624 1181 2682 quorumcunque
1221 2617 1466 2665 veterum
1521 2609 1851 2679 scriptorum
1889 2626 2045 2666 asse-
2144 2640 2430 2698 hominum

456 2703 684 2760 rendam
710 2701 1252 2770 eonﬁrmandamque
1290 2702 1400 2757 duo
1437 2710 1645 2757 tantum
1691 2712 2043 2772 argumento-

454 2809 580 2850 rum
625 2808 825 2866 genera
867 2792 1051 2848 afferri
1090 2803 1344 2862 possunt.
1388 2801 1634 2857 externa,
1676 2792 1905 2857 scilicet,
1954 2792 2042 2847 vel

457 2885 707 2953 interna;
753 2900 986 2957 quorum
1028 2884 1213 2954 priora
1250 2900 1317 2938 ex
1348 2885 1697 2949 testimoniis,
1734 2885 2040 2955 posteriora

453 2992 487 3033 e
517 2978 739 3048 scriptis
758 2978 893 3048 ipsis
908 2985 1187 3048 petuntur.
1210 2975 1579 3043 Quamobrem
1600 2978 2039 3033 dissertationem

447 3079 697 3130 nostram
743 3071 819 3127 oin
859 3070 1000 3127 duas
1053 3080 1236 3141 partes
1278 3071 1693 3141 dispescendam
1737 3070 2031 3136 duximus;

450 3177 686 3232 quarum
704 3162 924 3233 quidem
947 3163 1123 3233 prima
1141 3162 1450 3218 testimonia
1465 3162 1722 3233 proferet,
1735 3162 2036 3231 eademque

455 3254 525 3308 ab
566 3252 865 3309 adversarii
906 3253 1305 3323 objectionibus
1350 3254 1677 3321 vindicabit;
1707 3263 1761 3309 et
1800 3267 1923 3322 quae
1967 3252 2037 3307 ab

454 3342 575 3412 ipso
597 3342 906 3400 testimonia
929 3344 1112 3399 aﬂ‘erri
1149 3345 1456 3413 videantur,
1478 3363 1709 3418 quaeque
1733 3348 1836 3403 sub
1858 3347 2038 3417 specie

453 3436 759 3507 argumenti
786 3438 1037 3507 negantis
1062 3436 1434 3506 disputantur,
1462 3439 1719 3495 refutabit
1751 3456 1764 3492 :
1797 3440 2035 3495 secunda

454 3525 719 3595 epistolas
744 3525 891 3594 ipsas
915 3523 1306 3590 considerabit,
1324 3540 1527 3595 easque
1557 3526 1806 3581 ostendet
1840 3536 1893 3581 et
1921 3543 2038 3583 aevo

451 3616 734 3686 lgnatiano
781 3632 1074 3687 rerumque
1114 3618 1548 3673 circumstantiis
1602 3619 1850 3687 apprime
1903 3634 2039 3673 con-

452 3723 639 3777 gruas,
664 3716 718 3762 et
750 3721 814 3762 ex
845 3707 965 3777 ipsa
997 3707 1227 3762 materia
1274 3718 1438 3778 atque
1471 3708 1766 3778 scriptione
1796 3719 2035 3779 martyre

2455 2646 2662 2716 judicia
2693 2654 3046 2719 postmodum
3082 2669 3316 2728 expertae
3344 2662 3484 2732 sint;
3510 2665 3588 2724 ita
3618 2683 3742 2725 ve-

2144 2742 2320 2790 terum
2357 2742 2666 2798 testimonia
2695 2744 2962 2801 adducam
2994 2758 3157 2819 atque
3178 2752 3486 2823 disponam.
3516 2766 3582 2814 ut
3600 2775 3743 2816 om-

2144 2831 2221 2897 ni,
2252 2831 2322 2885 ab
2356 2832 2476 2902 ipso
2528 2851 2642 2905 quo
2674 2840 2892 2911 scriptae
2925 2853 3054 2897 sunt
3078 2852 3340 2914 tempore,
3374 2851 3595 2918 saeculo,
3624 2869 3739 2911 us-

2142 2936 2251 2991 que
2301 2924 2366 2978 ad
2412 2942 2532 2981 eam
2571 2939 2783 2985 aetatem
2830 2944 2939 3003 qua
2988 2935 3269 3005 impressae
3308 2940 3657 3015 prodierunt,
3699 2963 3740 3002 a

2144 3016 2278 3072 viris
2309 3021 2564 3076 maximis
2594 3024 2809 3093 agnitas
2832 3035 2887 3081 et
2912 3029 3244 3097 approbatas
3269 3034 3573 3091 ostendam.

2770 3180 2999 3235 CAPUT
3028 3181 3090 3240 IL

2146 3260 2470 3355 Testimonia
2491 3268 2680 3355 prcus.
2715 3269 2916 3355 Ignatii
2944 3276 3203 3355 epislqlis.
3257 3278 3390 3355 Qum
3421 3281 3503 3355 ita
3528 3284 3736 3355 dispo-

2214 3346 2411 3388 nuntur
2448 3349 2504 3424 ut
2524 3341 2728 3393 nullum
2749 3341 3000 3423 surculum
3024 3349 3135 3400 suis
3164 3341 3479 3424 testimoniis
3508 3341 3732 3420 careat,

2213 3422 2246 3457 a
2282 3407 2532 3489 secundo,
2580 3427 2683 3480 quo
2717 3414 2948 3480 primaut
2976 3427 3148 3496 nunc,
3172 3420 3241 3474 ad
3270 3415 3529 3477 decimum
3558 3407 3735 3496 quin;

2212 3485 2343 3540 tum,
2373 3492 2475 3547 quo
2497 3485 2766 3549 impressa:
2794 3496 2916 3538 sunt
2947 3490 3207 3556 epistoa'a.

2209 3585 2354 3641 Intra
2383 3604 2589 3658 paucos
2630 3602 2755 3661 post
2798 3593 3013 3650 initium
3051 3602 3276 3655 secundi
3314 3606 3500 3660 saeculi
3540 3622 3740 3665 annos

2141 3688 2297 3735 natas
2332 3696 2453 3736 esse
2494 3683 2593 3739 has
2631 3684 2893 3753 epistolas
2934 3702 3162 3744 assero:
3192 3692 3330 3749 duos
3370 3695 3533 3766 igitur
3567 3701 3618 3771 ej

450 3772 507 3854 ἐι
562 3772 826 3870 episcopo
868 3772 1231 3854 kmiochensi
1296 3772 1525 3870 (πὲπωῆ
1582 3772 2033 3871 'arsumemisciue
2060 3797 2101 3854 ο
2136 3772 2263 3871 dem
2288 3776 2386 3828 avi
2419 3775 2717 3845 scriptores
2752 3778 3150 3847 nobilissimos,
3181 3782 3239 3838 S.
3269 3783 3633 3857 Polycarpqu
3667 3805 3733 3849 es

452 3890 736 3956 omnibus,
769 3889 854 3944 vel
879 3904 948 3943 ex
972 3890 1159 3955 rebus,
1184 3889 1270 3944 vel
1298 3905 1364 3943 ex
1389 3889 1592 3955 verbis,
1624 3890 1693 3945 ab
1719 3892 2035 3946 adversario

451 3979 668 4045 ductis,
749 3978 1146 4049 respondebit,
1212 3979 1638 4050 plenissimeque
1711 3979 2033 4037 satisfaciet.

451 4069 613 4136 Quod
669 4068 717 4125 si
773 4077 883 4123 tam
929 4068 1102 4123 multa
1138 4065 1397 4123 Veterum
1440 4069 1773 4137 testimonia,
1812 4078 2037 4140 tamque

451 4161 701 4231 apposita
727 4175 828 4231 pro
862 4159 948 4215 his
970 4159 1224 4230 epistolis
1262 4159 1455 4217 aﬂerre
1492 4163 1820 4232 poterimus,
1868 4181 2035 4234 quam

359 4301 370 4307 .
449 4269 574 4324 quae
614 4254 669 4308 in
702 4253 825 4309 aliis
853 4252 1169 4322 huiusmodi
1195 4253 1413 4323 scriptis
1445 4254 1805 4321 stabiliendis,
1856 4265 1910 4311 et
1936 4272 2035 4312 ex-

449 4353 535 4399 tra
583 4358 803 4400 omnem
848 4342 1281 4399 controversiam
1330 4344 1599 4414 ponendis
1649 4348 1921 4417 acceptari
1966 4348 2035 4402 ab

448 4436 708 4492 erunibus
740 4435 947 4503 solent;
980 4450 1045 4490 ac
1070 4435 1238 4490 simul
1273 4437 1440 4491 etiam
1480 4436 1740 4506 epistolas
1776 4439 1922 4508 ipsas
1954 4448 2036 4496 ta-

447 4530 531 4587 les
555 4544 679 4585 esse
713 4528 1140 4593 ostenderimus,
1167 4537 1229 4583 ut
1252 4545 1318 4585 eo
1348 4530 1466 4600 ipso
1480 4531 1600 4586 viro
1619 4531 1797 4602 dignae
1812 4532 2029 4587 videan-

449 4633 559 4691 tur,
587 4624 732 4679 cuia
759 4622 1032 4679 veteribus
1055 4623 1394 4691 tribuuntur,
1432 4622 1679 4693 nihilque
1722 4625 1778 4678 in
1813 4624 1881 4680 iis
1916 4639 2034 4679 om-

450 4717 583 4772 nino
608 4716 901 4782 contineri,
926 4715 1073 4786 quod
1104 4724 1386 4771 auctorem
1421 4713 1482 4770 S.
1507 4712 1715 4785 lgnatio
1740 4715 1824 4770 vel
1850 4715 2034 4772 minus

448 4809 734 4878 antiquum
747 4807 831 4863 vel
854 4808 1035 4862 minus
1056 4806 1230 4877 pium,
1252 4816 1348 4860 aut
1368 4806 1689 4876 prudentem
1711 4807 1970 4876 postulet,
1985 4809 2032 4863 si

449 4899 652 4955 Itaacita
678 4900 1119 4964 tractaverimus,
1142 4906 1202 4953 ut
1225 4913 1452 4953 summae
1479 4896 1699 4951 testium
1719 4900 2032 4954 auctoritati

445 4993 527 5048 rei
546 4993 718 5063 ipsius
738 4993 976 5064 dignitas
999 4991 1348 5061 suffragetur,
1369 4991 1503 5045 nihil
1525 4992 1576 5044 in
1595 4991 1699 5046 hoc
1716 4991 2031 5061 disputandi

445 5100 644 5155 genere
681 5084 910 5139 ulterius
932 5083 1135 5154 requiri
1157 5096 1317 5153 posse
1345 5082 1692 5137 confidimus.
1716 5080 1901 5152 Neque
1927 5082 2030 5136 ali-

442 5193 552 5245 qua
578 5177 717 5231 ratio
739 5176 1007 5247 assignari
1031 5175 1251 5246 poterit,
1275 5188 1446 5244 quare
1464 5173 1633 5227 ullum
1662 5174 1872 5243 antiqui
1889 5176 2027 5229 scri-

446 5269 618 5338 ptoris
634 5283 773 5338 opus
793 5283 894 5338 pro
916 5267 1160 5338 legitimo
1177 5267 1462 5331 habeatur,
1480 5265 1525 5320 si
1551 5265 1668 5320 haec
1694 5279 1725 5318 a
1744 5265 1904 5319 nobis
1921 5265 2025 5319 rite

444 5361 669 5429 probata
705 5360 1085 5429 repudientur.

518 5448 588 5506 Ut
624 5450 788 5520 primi
817 5451 1034 5521 generis
1076 5458 1400 5522 argumento
1435 5450 1696 5520 epistolas
1731 5450 1797 5502 de
1820 5449 2021 5519 quibus

442 5542 624 5612 agitur
672 5541 741 5595 ab
788 5538 998 5612 lgnatio
1048 5551 1287 5613 martyre
1329 5540 1671 5609 conscriptas
1718 5539 1887 5596 fuisse
1925 5542 2023 5596 de-

442 5643 802 5697 monstretur,
844 5649 912 5689 ex
946 5634 1158 5689 idoneis
1203 5633 1530 5688 testimoniis
1569 5648 1784 5694 eorum,
1818 5632 2019 5701 quibus

445 5719 498 5774 in
531 5721 1036 5794 rebus‘hujustuodi
1069 5737 1162 5780 oar
1190 5734 1275 5778 est
1298 5720 1542 5789 credere,
1591 5722 1644 5777 id
1670 5720 1899 5776 ﬁdeliter
1924 5721 2019 5776 ﬁr-

2141 3863 2197 3918 S.
2242 3865 2506 3922 Irenaeum
2548 3876 2716 3926 testes
2747 3871 2877 3928 cito.
2925 3873 2983 3929 S.
3012 3874 3347 3947 Polycarpus
3393 3880 3451 3935 S.
3481 3881 3733 3940 Joannis

2138 3959 2368 4027 apostoli
2394 3961 2717 4031 discipulus,
2763 3965 2832 4019 ab
2862 3980 2927 4021 eo
2959 3966 3207 4039 Smyrnae
3242 3973 3529 4044 episcopus
3564 3978 3733 4033 ordi-

2137 4059 2319 4117 natus,
2350 4053 2518 4109 totius
2544 4055 2689 4111 Asiae
2718 4056 2992 4129 princeps,
3034 4062 3091 4116 S.
3127 4062 3337 4135 lgnatio
3366 4076 3556 4122 nostro
3588 4084 3732 4140 per-

2137 4141 2425 4201 familiaris
2464 4145 2604 4215 fuit;
2654 4151 2812 4220 cujus
2842 4165 3048 4225 martyr
3074 4155 3189 4224 ipse
3224 4157 3277 4210 in
3317 4158 3563 4227 epistolis
3593 4177 3728 4218 me-

2137 4238 2319 4305 minit,
2351 4240 2440 4295 cui
2461 4256 2651 4296 earum
2682 4244 2847 4298 etiam
2874 4262 3040 4301 unam
3065 4250 3321 4318 privatim
3351 4253 3520 4308 misit.
3551 4253 3729 4312 Hunc

2138 4338 2321 4384 autem
2362 4331 2556 4386 harum
2606 4336 2960 4405 epistolarum
3019 4343 3350 4399 mentionem
3384 4344 3583 4403 fecisse
3627 4350 3728 4404 di-

2138 4431 2283 4476 serte
2312 4424 2477 4478 tradit
2502 4422 2770 4483 Eusebius
2795 4428 2941 4484 Hist.
2968 4430 3115 4487 Eccl.
3140 4434 3177 4488 l.
3203 4451 3287 4497 tu,
3316 4452 3366 4491 c.
3401 4437 3469 4491 57
3498 4456 3511 4491 :
3549 4439 3666 4493 Καὶ
3692 4444 3734 4496 ὁ

2136 4513 2493 4588 Πολύχαρπος
2522 4517 2578 4570 δὲ
2618 4518 2821 4573 τούτων
2854 4522 3031 4576 αὐτῶν
3061 4524 3330 4597 μέμνηται
3360 4530 3417 4583 ἐν
3445 4531 3511 4602 τῇ
3544 4548 3722 4603 φερο-

2140 4607 2274 4679 μένῃ
2308 4608 2474 4662 αὐτοῦ
2514 4611 2650 4681 πρὸς
2685 4612 3074 4686 Φιλιππησίους
3111 4619 3383 4693 ἐπιστολῇ.
3434 4620 3548 4677 Hoc
3604 4634 3727 4693 est,

2137 4701 2436 4772 interprete
2483 4700 2701 4760 Valcsio
2734 4705 2876 4760 :Sed
2922 4720 2972 4761 et
3025 4708 3351 4781 Polycarpus
3401 4715 3459 4767 in
3501 4731 3603 4768 sua
3638 4719 3723 4771 ad

2136 4792 2501 4863 Philippenses
2522 4796 2746 4864 cpistola
2766 4802 3069 4853 earumdem
3086 4804 3321 4856 meminit
3337 4806 3720 4875 epistolarum.

2133 4882 2211 4939 Ita
2247 4884 2536 4953 Eusebius,
2569 4902 2694 4941 cum
2728 4888 2842 4957 jam
2886 4900 3090 4962 septem
3140 4892 3199 4948 S.
3234 4893 3427 4965 lgnatii
3448 4898 3726 4966 epistolas

2133 4990 2534 5045 enumerasset,
2570 4989 2624 5035 et
2649 4982 3047 5053 descripsisset.
3098 4984 3343 5043 Meminit
3386 4990 3609 5060 quidem
3649 4992 3719 5051 S.

2135 5070 2331 5143 lgnatii
2373 5073 2572 5142 saepius
2618 5074 2675 5128 in
2713 5073 2956 5146 Epistola
3003 5094 3104 5134 sua
3142 5081 3209 5135 ad
3234 5080 3619 5154 Philippenses
3650 5087 3719 5143 S.

2133 5161 2464 5235 Polycarpus
2490 5183 2504 5218 :
2536 5175 2737 5220 nostrae
2766 5177 2948 5222 autem
2974 5172 3267 5227 assertioni
3296 5172 3412 5229 haec
3434 5177 3723 5247 praecipue

2131 5259 2297 5313 verba
2348 5260 2720 5315 testimonium
2749 5264 3008 5331 praebent,
3043 5282 3164 5335 quae
3197 5268 3313 5337 ipse
3338 5268 3613 5329 Eusebius
3645 5292 3723 5332 ex

2130 5349 2250 5419 ejus
2275 5349 2501 5419 epistola
2536 5360 2665 5407 tunc
2704 5357 2966 5423 temporis
3005 5371 3131 5410 cum
3158 5359 3414 5416 omnibus
3436 5373 3588 5418 esset
3611 5380 3723 5420 no—

2128 5441 2367 5507 tissima,
2402 5454 2455 5497 et
2496 5443 2549 5499 iu
2583 5444 2728 5499 Asiae
2765 5458 3039 5503 conventu
3081 5450 3375 5521 legeretur,
3420 5453 3714 5526 descripit.

2126 5530 2241 5597 Τὰς
2266 5534 2555 5598 ὲπιοτολὰς
2599 5536 2879 5604 ἰγνατίου,
2924 5539 3024 5601 τὰς
3052 5542 3396 5612 πεμφθείσας
3436 5546 3572 5616 ἡμῖν
3617 5549 3714 5602 ὑπ’

2125 5626 2289 5679 αὐτοῦ
2317 5628 2410 5680 καὶ
2441 5627 2606 5691 ἄλλας
2633 5629 2764 5692 ὅσας
2790 5630 3006 5701 εἴχομεν
3037 5635 3166 5705 παρ’
3189 5637 3340 5705 ἡμῖν,
3378 5639 3719 5712 ἐπέμψαμεν

2126 5723 2273 5794 ὑμῖν,
2302 5719 2483 5787 καθὼς
2503 5723 2859 5791 ὲνετείλασθε,
2895 5726 3095 5789 αἵτινες
3121 5728 3557 5799 ὑποτεταγμέναι
3600 5734 3718 5790 εἰσὶ
