3868 6208
123 329 192 384 π
932 328 982 385 J.
1012 327 1378 385 PEARSONII
1413 326 1697 385 VINDICU:

1802 324 2204 383 GNATIANE.
2243 359 2317 374 -—
2353 332 2536 390 PARS
2572 335 2616 392 ἰ.
3322 350 3402 408 ’78

109 432 182 502 τῇ
208 432 479 504 ἐπιστολῇ
511 432 709 507 ταύτῃ.
740 432 876 501 Quae
910 434 967 490 in
996 436 1165 492 veteri
1195 436 1443 507 ejusdem
1474 437 1697 507 epistola

1827 442 2018 510 tarios,
2048 459 2189 515 quos
2222 460 2283 503 se
2306 448 2504 517 legisse
2529 457 2764 508 testatur
2788 453 2846 510 S.
2880 453 3266 531 Hieronymus,
3300 479 3404 520 an-

110 523 378 580 versione
423 526 503 581 ita
549 527 853 582 etiamnum
896 527 1090 585 Latine
1131 530 1368 601 legimus
1398 548 1414 587 :
1442 531 1719 598 Epistolas
1819 544 2039 605 tequam
2089 552 2223 594 suos
2272 539 2327 593 in
2371 543 2625 600 eumdem
2651 550 3061 620 evangelistam
3087 523 3398 615 scriberet.

111 636 243 675 sane
260 618 497 692 Ignatii,
519 624 983 693 quatransmissa:
995 633 1121 679 sunt
1136 626 1279 680 vobis
1305 628 1430 696 (pro
1455 626 1633 696 nobis)
1650 626 1718 682 ab
1819 624 1935 682 Sub
1978 628 2147 699 hujus
2180 629 2472 703 Theophili
2497 639 2720 694 nomine
2752 618 3056 701 etiamnum
3090 658 3312 707 exstant
3337 651 3398 709 in

109 729 195 776 eo,
224 724 277 767 et
300 713 448 768 alias
470 725 908 786 quantuscunque
928 718 1072 786 apud
1091 734 1186 773 nos
1215 719 1522 785 habuimus,
1547 729 1723 775 trans-
1819 714 1876 771 S.
1903 715 2216 777 Matthaaum
2248 722 2666 794 Commentarii,
2700 734 2793 788 sed
2833 733 3029 792 Latine
3065 746 3304 809 tantum,
3337 741 3398 799 in

111 806 364 860 misimus
393 807 568 873 nobis,
595 809 883 863 secundum
910 809 1052 882 quod
1084 812 1423 878 mandastis;
1450 828 1570 881 qua:
1594 820 1721 867 sunt
1814 808 2018 877 quibus
2061 810 2128 866 ad
2161 812 2251 868 illa
2286 816 2451 873 verba
2498 835 2516 874 :
2559 819 2692 875 Cum
2714 836 2847 880 esset
2869 827 3190 897 desponsata
3228 806 3403 893 mater

114 903 374 971 subjectis
407 902 535 954 huic
571 899 848 971 Epistolis.
870 900 1022 955 Alter
1051 900 1216 970 hujus
1238 901 1421 955 saeculi
1443 900 1621 968 testis,
1649 899 1708 955 S.
1813 900 1929 969 ejus
1953 900 2135 956 Maria
2153 901 2371 971 Ioseph,
2406 908 2599 967 Matth.
2626 915 2775 981 1,18,
2802 916 2918 973 haec
2943 919 3174 993 legimus
3208 943 3223 980 :
3247 926 3401 992 Qua.

114 992 386 1057 lrenaaus,
438 993 727 1065 Polycarpi
774 993 1104 1063 discipulus,
1166 1002 1222 1046 et
1276 994 1708 1062 apostolicorum
1813 1008 1869 1045 re
1900 1010 2005 1049 non
2042 1013 2109 1052 ea:
2138 1002 2369 1071 simplici
2404 1003 2625 1073 virgine,
2662 1008 2753 1061 sed
2778 1024 2844 1063 ea:
2866 992 3187 1080 desponsata
3221 1020 3402 1073 conci-

112 1097 437 1157 temporum
469 1086 557 1140 vir
582 1105 598 1152 ;
625 1101 787 1156 quem
811 1086 1006 1140 harum
1033 1084 1393 1154 epistularum
1425 1086 1712 1141 meminis-

111 1195 172 1235 se
200 1195 317 1234 non
350 1179 525 1233 semel
549 1187 783 1234 testatur
812 1177 1106 1235 Eusebius.
1164 1177 1236 1234 Ut
1279 1179 1427 1241 Eccl.
1464 1179 1612 1236 Hist.
1666 1181 1705 1235 Ι.

108 1287 163 1337 v,
190 1286 243 1325 c.
276 1270 315 1325 8
349 1288 364 1322 :
404 1271 529 1324 Ἔτι
557 1271 654 1324 καὶ
688 1270 972 1325 Ἱουστίνου
995 1270 1090 1325 τοῦ
1113 1268 1391 1345 μάρτυρος
1419 1272 1514 1327 καὶ
1538 1274 1711 1342 Ἰγνα-

106 1363 228 1417 τίου
281 1364 513 1434 μνήμην
553 1361 871 1435 πεποίηται,
926 1363 1257 1435 μαρτυρίαις
1284 1358 1441 1428 αὖθις
1471 1364 1566 1418 καὶ
1598 1365 1709 1419 ἀπὸ

106 1454 220 1508 τῶν
248 1454 468 1518 τούτοις
487 1454 813 1527 γραφέντων
841 1454 1200 1528 κεχρημένος.
1233 1455 1505 1511 Praeterea
1532 1455 1709 1511 Iusti-

52 1541 65 1595 .'
106 1549 161 1601 ni
214 1548 487 1617 martyris
540 1558 589 1602 et
647 1544 854 1618 Ignatii
893 1549 1211 1602 mentionem
1242 1548 1395 1618 facit,
1426 1563 1491 1603 ea:
1525 1566 1708 1604 eorum

101 1637 326 1707 scriptis
386 1637 697 1692 testimonia
746 1638 1037 1708 proferens.
1094 1637 1239 1705 Quot
1286 1641 1507 1709 quidem
1544 1658 1612 1696 ex
1643 1641 1701 1697 S.

104 1725 323 1797 lgnatio
351 1728 676 1805 testimonia
700 1729 987 1797 protulerit
1018 1729 1077 1785 S.
1106 1728 1367 1794 lrenaeus,
1390 1735 1533 1787 scire
1560 1749 1707 1788 nunc

104 1834 216 1872 non
271 1819 428 1885 licet,
479 1819 632 1889 quod
664 1823 836 1875 multa
866 1822 1014 1878 illius
1056 1836 1224 1891 opera
1262 1823 1376 1893 jam
1419 1825 1701 1894 perierint.

106 1909 291 1965 Unum
325 1926 596 1981 expresse
638 1914 846 1967 notavit
882 1912 1153 1969 Eusebius
1184 1914 1335 1969 Hist.
1368 1914 1518 1973 Eccl.
1545 1918 1584 1971 l.
1618 1934 1703 1985 ιιι,

104 2020 152 2057 c.
186 2003 261 2057 56
294 2020 310 2055 ε
346 2000 475 2057 Οἵδε
502 2004 560 2057 δὲ
583 2004 751 2058 αὐτοῦ
780 2005 840 2059 τὸ
875 2006 1176 2077 μαρτύριον
1202 2010 1231 2060 ὁ
1267 2008 1576 2080 Εἰρηναῖος,
1611 2010 1706 2062 καὶ

102 2095 210 2148 τῶν
240 2096 557 2150 ἐπιστολῶν
594 2096 762 2151 αὐτοῦ
798 2099 1126 2170 μνημονεύει
1162 2099 1337 2169 λέγων
1370 2100 1545 2166 οὕτως
1568 2119 1580 2132 ·
1618 2103 1704 2167 Ὠς

104 2183 220 2242 εἶά
241 2206 331 2251 τις
366 2189 481 2242 τῶν
511 2191 795 2263 ἡμετέρων
815 2190 903 2245 διὰ
933 2192 1032 2262 τὴν
1061 2193 1199 2264 πρὸς
1230 2193 1364 2247 Θεὸν
1399 2194 1704 2268 μαρτυρίαν

105 2278 470 2351 κατακριθεὶς
498 2280 637 2353 πρὸς
674 2282 861 2354 θηρία,
895 2282 978 2337 ὅτι
1003 2299 1018 2314 ο
1052 2282 1226 2350 Σῖτός
1253 2286 1370 2354 ειμι
1401 2287 1570 2351 Θεοῦ,
1602 2287 1704 2341 καὶ

102 2368 173 2422 δι’
203 2370 482 2425 ὀδόντων
509 2373 731 2441 θηριων
756 2372 1072 2445 ἁλήθομαι,
1105 2376 1207 2429 ἵνα
1233 2378 1494 2447 καθαρὸς
1522 2380 1703 2448 ἄρτος

102 2460 345 2529 εὑρεθῶ.
416 2460 534 2518 Hoc
567 2471 673 2526 est,
713 2464 1011 2535 interprete
1043 2465 1264 2523 Ruiiino
1302 2484 1314 2519 :
1358 2467 1475 2523 Scit
1522 2480 1701 2525 autem

103 2560 153 2606 at
181 2550 429 2608 Irenteus
465 2557 787 2625 martyrium
809 2557 946 2626 ejus,
977 2566 1028 2612 et
1056 2560 1371 2614 mentionem
1403 2560 1536 2631 facit
1564 2564 1701 2616 scri-

102 2656 315 2713 ptorum
354 2647 486 2716 (pro
513 2648 882 2720 epistolarum)
914 2649 1030 2719 ejus
1057 2667 1151 2721 per
1180 2652 1291 2708 haec
1322 2652 1514 2710 verba:
1540 2653 1695 2712 Sicut

98 2738 259 2805 dixit,
292 2740 501 2809 inquit,
524 2740 745 2809 quidam
769 2756 836 2795 es;
859 2743 1057 2796 nostris
1085 2760 1181 2814 pro
1211 2747 1470 2817 martyrio
1497 2745 1699 2802 Christi

98 2831 394 2885 damnatus
423 2833 498 2886 ad
541 2831 769 2888 bestias:
808 2852 826 2886 ι
851 2833 1225 2903 Frumentum,
1278 2853 1371 2908 ego
1413 2854 1531 2892 sum
1559 2837 1694 2905 Dei;

99 2922 400 2977 bestiarum
470 2925 719 2980 dentibus
779 2926 948 2980 molor
1012 2936 1065 2982 et
1122 2928 1367 2999 subigor,
1427 2939 1485 2986 ut
1537 2933 1692 3001 panis

98 3015 330 3069 mundus
345 3014 549 3084 eﬁiciar
560 3014 796 3071 Christo.
821 3035 839 3067 ›
856 3014 983 3072 Hac
997 3026 1179 3072 autem
1195 3017 1355 3072 verba
1370 3018 1439 3072 ab
1451 3016 1692 3074 Eusebio

1810 1087 1958 1156 pitur
1984 1087 2229 1147 Christus
2246 1096 2272 1149 ?
2300 1093 2508 1163 Primo,
2550 1105 2609 1149 ut
2651 1113 2746 1165 per
2789 1105 3177 1171 generationem
3201 1105 3400 1177 Ioseph

1811 1180 1958 1249 origo
1987 1180 2178 1239 Mariae
2200 1195 2616 1253 monstraretur;
2643 1191 2893 1259 “eundo,
2920 1208 2983 1247 ne
3008 1193 3343 1263 lapidaretur
3363 1214 3401 1254 ιι

1809 1266 2019 1325 Iudaeis
2046 1282 2105 1326 ut
2140 1274 2410 1331 adultera.
2448 1276 2491 1331 Τ
2492 1278 2646 1342 ertio,
2680 1289 2739 1333 ut
2765 1281 2823 1335 in
2844 1280 3139 1355 Egyptum
3183 1287 3399 1343 haberet

1809 1361 2063 1416 solatium
2094 1364 2215 1421 viri.
2259 1364 2484 1433 Quarto,
2529 1380 2585 1422 ut
2615 1381 2801 1440 partus
2823 1373 2937 1443 ejus
2962 1376 3172 1444 falleret
3201 1380 3396 1435 diabo-

1809 1452 1941 1520 lum,
1966 1466 2242 1522 putantem
2262 1457 2448 1512 Iesum
2471 1460 2535 1515 de
2563 1472 2816 1532 uxorata,
2863 1482 2967 1520 non
2992 1467 3058 1522 de
3083 1469 3283 1540 virgine
3303 1488 3400 1527 na-

1810 1556 1943 1602 tum.
1973 1547 2032 1602 Si
2060 1548 2174 1605 haec
2201 1549 2490 1622 Theophili
2522 1553 2652 1619 sint,
2680 1555 2800 1610 sine
2829 1557 2999 1613 dubio
3022 1568 3274 1628 quartam
3305 1572 3399 1618 ra-’

1808 1638 2014 1693 tionem
2056 1655 2121 1695 ex
2153 1642 2383 1711 epistola
2426 1643 2485 1699 S.
2517 1643 2711 1716 lgnatii
2737 1648 2944 1702 hausit.
2992 1647 3129 1703 Nam
3163 1665 3289 1706 cum
3332 1651 3394 1709 S.

1809 1727 2199 1803 Hieronymus,
2226 1734 2322 1804 qui
2347 1749 2406 1790 se
2422 1734 2714 1807 Theophili
2740 1740 3171 1798 commentarios
3195 1741 3397 1814 legisse

1807 1820 2090 1890 professus
2129 1834 2234 1890 est,
2284 1834 2523 1895 quatuor
2573 1829 2674 1883 has
2716 1830 2956 1886 rationes
3007 1833 3391 1903 expressisset,

1807 1922 2060 1982 quartam
2094 1916 2144 1969 in
2173 1917 2320 1972 hunc
2347 1919 2570 1972 modum
2601 1921 2829 1989 protulit
2860 1935 2874 1974 :
2910 1921 3123 1994 Martyr
3144 1922 3390 1995 Ignatitts

1804 2004 1968 2056 etiam
1989 2015 2238 2074 quartam
2262 2007 2475 2061 addidit
2496 2024 2735 2077 causam,
2759 2027 2857 2064 cur
2877 2028 2909 2066 a
2929 2013 3246 2083 desponsata
3265 2034 3395 2072 con-

1805 2105 1985 2162 ceptus
2015 2096 2103 2162 sit,
2132 2105 2191 2149 ut
2225 2105 2435 2165 partus,
2471 2098 2735 2168 inquiens,
2770 2098 2885 2168 ejus
2911 2099 3175 2155 celaretur
3202 2103 3395 2158 diabo~

1803 2183 1878 2253 lo,
1899 2185 2027 2238 dum
2051 2202 2169 2240 eum
2200 2199 2353 2257 putat
2386 2205 2492 2243 non
2518 2190 2581 2243 de
2602 2191 2821 2260 virgine,
2848 2189 2939 2245 sed
2965 2192 3029 2246 de
3054 2209 3218 2249 umore
3237 2211 3393 2266 gene-

1804 2284 2003 2330 ratum.
2029 2274 2164 2342 Quis
2198 2277 2343 2332 enim
2377 2293 2486 2333 non
2522 2279 2687 2348 videt,
2718 2280 2764 2335 si
2789 2280 2906 2336 haec
2932 2279 3301 2357 Hieronymus
3321 2303 3390 2344 ex

1803 2365 2111 2437 Theophilo
2142 2370 2509 2441 transcripsit,
2540 2386 2666 2427 eum
2697 2387 2797 2442 pro
2829 2388 2983 2430 more
3005 2389 3109 2430 suo
3145 2376 3391 2435 indicare

1799 2458 2043 2516 voluisse
2071 2458 2129 2515 S.
2160 2459 2528 2531 Theophilum
2571 2463 2689 2520 haec
2728 2464 2799 2519 ab
2848 2463 3061 2534 lgnatio
3100 2468 3390 2525 decessore

1802 2564 1904 2605 suo
1926 2551 2206 2607 habuisse.
2229 2549 2475 2623 lgnatius
2499 2553 2649 2608 enim
2678 2555 2798 2625 ipse
2818 2570 2927 2611 non
2959 2557 3103 2614 hanc
3125 2571 3386 2630 quartam

1800 2656 2021 2698 causam
2051 2642 2278 2710 addidit,
2311 2657 2488 2714 neque
2514 2643 2679 2699 ullam
2704 2660 2930 2701 causam
2954 2649 3201 2717 protulit,
3232 2666 3333 2707 cur
3353 2665 3386 2707 a

1798 2733 2130 2803 desponsata
2172 2744 2475 2805 conceptus
2506 2733 2672 2791 fuerit
2705 2736 2961 2795 Christus
2998 2755 3014 2791 :
3048 2741 3143 2796 sed
3169 2752 3385 2800 tantum

1796 2825 1934 2880 dixit
1969 2825 2340 2897 virginitatem
2373 2826 2560 2883 Maria:
2601 2827 2881 2884 diabolum
2929 2830 3190 2901 latuisse;
3239 2834 3388 2893 hanc

1795 2923 1979 2971 autem
2015 2918 2342 2972 sententiam
2372 2916 2570 2988 lgnatii
2606 2926 2865 2990 tanquam
2912 2936 3136 2979 causam
3175 2924 3388 2982 addidit

1795 3006 2159 3077 Theophilus,
2183 3021 2347 3079 atque
2369 3011 2506 3065 adeo
2533 3025 2755 3066 causam
2779 3011 2922 3068 hanc
2944 3015 3199 3070 attribuit
3223 3014 3384 3087 lgna-

98 3105 286 3161 Graece
317 3115 612 3175 excerpta,
642 3116 931 3177 postquam
968 3105 1154 3163 Graeca
1183 3106 1241 3162 S.
1271 3106 1458 3163 lreumi
1507 3124 1694 3163 exem-
1719 3126 1763 3184 ο
1795 3103 1872 3158 tio
1909 3091 2309 3173 Hieronymus;
2334 3102 2483 3173 quod
2532 3118 2660 3159 eum
2689 3104 2837 3161 illius
2864 3107 3150 3163 sententiae
3185 3119 3385 3165 aucto-

98 3199 267 3268 plaria
305 3200 620 3269 perierunt,
668 3200 724 3254 in
772 3200 943 3255 veteri
986 3198 1180 3255 Latina
1218 3202 1471 3257 versione
1517 3202 1699 3257 adhuc

100 3293 484 3362 reperiuntur,
520 3292 559 3346 Ι.
591 3308 676 3359 ιιι,
724 3308 775 3348 c.
803 3291 874 3347 28
912 3309 926 3345 :
968 3292 1426 3359 Quemadmodum
1479 3295 1698 3366 quidam

98 3390 158 3443 de
189 3388 399 3442 nostris
429 3387 606 3454 dixit,
641 3395 857 3457 propter
895 3389 1213 3457 martyrium
1240 3390 1298 3443 in
1338 3389 1503 3445 Deum
1533 3392 1695 3462 adju-

98 3482 309 3536 dicatus
383 3481 457 3534 ad
519 3479 749 3548 bestias,
803 3498 822 3531 ι
878 3482 1133 3551 quoniam
1193 3481 1519 3550 frumentum
1579 3500 1697 3537 sum

102 3572 327 3640 Christi,
352 3584 408 3627 et
436 3589 531 3643 per
548 3574 728 3628 dentes
757 3573 1047 3629 bestiarum
1078 3576 1248 3629 molor
1271 3586 1326 3629 ut
1352 3577 1578 3631 mundus
1599 3595 1696 3646 pa-

103 3670 181 3723 nis
206 3670 482 3724 inveniar.
521 3688 541 3721 ι
586 3667 901 3740 Eademque
945 3670 1000 3725 in
1037 3669 1096 3726 S.
1128 3671 1319 3741 lguatii
1350 3671 1592 3742 Epistola
1626 3674 1692 3728 ad

104 3758 393 3815 Romanos
449 3768 669 3814 exstant
700 3778 712 3814 :
743 3760 915 3827 Σῖτός
960 3763 1078 3831 ειμι
1129 3762 1236 3816 τοῦ
1279 3762 1427 3817 Θεοῦ
1473 3764 1570 3817 καὶ
1619 3762 1693 3817 δι’

101 3850 370 3905 ὀδόντων
419 3852 642 3920 θηρίων
692 3849 1007 3920 ἀλήθομαι,
1061 3852 1161 3907 ἵνα
1208 3853 1466 3922 καθαρὸς
1516 3854 1696 3924 ἄρτος

102 3943 250 3998 Θεοῦ
273 3942 526 4011 εὑρεθῶ.

168 4031 666 4088 Luculentissimis
710 4030 861 4087 hisce
891 4030 1227 4090 testimoniis
1274 4041 1386 4091 tres
1413 4035 1694 4106 conjectu-

104 4138 192 4178 ras
240 4120 664 4193 subjungendas
703 4122 911 4193 putavi,
958 4136 1025 4177 ex
1072 4122 1262 4178 eodem
1311 4125 1510 4180 senculo
1556 4126 1697 4195 peti-

105 4224 184 4270 tas
219 4231 234 4267 :
266 4230 401 4286 qua:
455 4214 503 4268 si
565 4213 798 4269 eruditis
848 4213 1119 4284 placeant,
1183 4215 1321 4270 bene
1386 4225 1504 4283 est;
1556 4216 1693 4270 mihi

102 4314 248 4359 certe
289 4304 535 4373 placent,
588 4311 648 4356 ut
694 4302 1049 4372 conjecturae,
1103 4301 1332 4368 scilicet,
1368 4317 1548 4373 neque
1583 4301 1692 4356 alio

103 4398 328 4453 nomine
357 4409 628 4465 propono.
682 4392 1037 4465 Smyrnensis
1059 4393 1319 4451 Ecclesia:
1341 4395 1592 4464 epistola,
1621 4395 1691 4448 li-

104 4498 187 4541 cet
213 4488 268 4541 in
296 4486 570 4557 martyrio
595 4484 653 4540 S.
677 4483 962 4557 Polycarpi
988 4487 1313 4543 celebrando
1341 4486 1689 4557 potissimum
1723 4471 1768 4527 D

103 4586 380 4643 versetur,
424 4587 609 4634 tamen
654 4587 709 4633 et
734 4576 1045 4634 Germanici
1074 4579 1283 4634 exitum
1314 4579 1552 4635 breviter
1589 4579 1688 4634 de-

104 4673 321 4740 scribit,
352 4672 473 4743 qui,
510 4672 658 4727 velut
690 4670 827 4726 alter
856 4669 1122 4743 lgnatius,
1162 4674 1449 4745 ἐπισήμως
1480 4671 1694 4744 ἐθηριο-

107 4766 347 4838 μάχησε,
399 4765 629 4836 gloriose
679 4770 932 4838 pugnavit
988 4767 1060 4822 ad
1109 4766 1323 4823 bestias.
1361 4765 1500 4820 Cum
1544 4766 1690 4820 enim

106 4859 408 4930 proconsul
442 4875 568 4914 eum
606 4859 677 4913 ab
718 4860 888 4914 animi
935 4860 1218 4931 proposito
1270 4858 1551 4914 retrahere
1598 4871 1694 4912 co-

106 4962 357 5018 naretur,
415 4949 593 5022 ἑαυτῷ
650 4952 1003 5006 ἐπεσπάσατο
1047 4951 1107 5005 τὸ
1140 4950 1325 5023 θηρίον
1361 4949 1695 5023 προσϐιασά-

108 5062 288 5116 navos,
328 5042 611 5113 inquiunt,
649 5042 819 5112 [eram
878 5042 947 5096 ad
979 5058 1034 5097 se
1076 5042 1325 5107 attraxit,
1370 5042 1420 5095 vi
1452 5041 1691 5111 adigens.

106 5137 322 5204 Quibus
356 5136 539 5191 verbis
566 5135 825 5189 existimo
861 5133 1165 5190 Ecclesiam
1207 5132 1596 5203 Smyrnenscm
1626 5132 1692 5186 ad

105 5228 399 5298 epistolam
430 5226 488 5281 S.
521 5226 716 5297 lgnatii
741 5225 968 5281 omnino
997 5226 1326 5295 respexisse,
1366 5234 1421 5281 et
1450 5224 1504 5278 in
1528 5224 1694 5279 simili

107 5321 395 5391 proposito
423 5320 615 5375 eodem
640 5318 909 5374 vocabulo
933 5318 1014 5374 uti
1040 5319 1297 5374 voluisse.
1325 5315 1399 5372 Ita
1430 5318 1576 5372 enim
1605 5316 1693 5369 ille

111 5413 173 5466 ad
203 5409 518 5475 Romanos,
548 5409 616 5464 de
637 5407 772 5464 feris
797 5409 998 5480 quibus
1025 5408 1370 5479 objiciendus
1396 5406 1501 5463 fuit
1528 5424 1541 5460 :
1576 5404 1694 5459 Κᾶν

110 5504 242 5558 αὐτὰ
273 5504 335 5557 δὲ
370 5501 574 5556 ἄκοντα
610 5503 685 5574 μὴ
714 5501 841 5573 θέλῃ
873 5500 984 5570 ἐγὼ
1016 5499 1437 5575 προσϐιάσομαι,
1477 5498 1616 5570 quod
1646 5500 1693 5553 si

112 5598 242 5665 forte
268 5596 406 5665 ipsa:
430 5594 772 5657 recusabant,
802 5611 894 5665 ego
915 5611 1003 5649 eas
1022 5596 1071 5649 vi
1099 5590 1694 5665 adigam.S.Thcophi-

111 5688 214 5751 lus,
235 5695 436 5743 sextus
455 5686 846 5743 Antiochensis
870 5686 1129 5744 Ecclesiae
1151 5687 1464 5757 episcopus,
1481 5693 1607 5755 post
1632 5682 1690 5738 S.

112 5778 379 5852 lgnaIium
407 5788 661 5851 quartus,
677 5780 897 5852 scripsit
923 5781 975 5835 in
994 5778 1050 5835 S.
1070 5779 1382 5835 Manlianum
1398 5773 1695 5835 Commen-

1798 3210 1912 3249 rem
1944 3204 2283 3264 agnosceret.
2310 3194 2470 3250 Certe
2492 3194 2604 3251 haec
2628 3195 2995 3269 Hieronymus
3017 3215 3084 3253 cx
3108 3216 3212 3256 suo
3236 3217 3382 3272 penu

1795 3301 1907 3341 non
1947 3287 2201 3356 sumpsit,
2250 3286 2346 3342 sed
2391 3302 2423 3343 a
2466 3289 2637 3343 veteri
2682 3300 3115 3348 commentatore
3156 3294 3379 3366 hausit;

1796 3394 1928 3447 uno,
1950 3379 2180 3447 scilicet,
2212 3394 2278 3435 ex
2306 3380 2435 3447 illis,
2468 3396 2610 3447 quos
2641 3381 2758 3451 ipse
2779 3382 2833 3436 in
2860 3381 3184 3442 Praefatione
3204 3388 3384 3442 nomi-

1795 3483 1911 3540 nat,
1931 3490 2091 3544 quem
2118 3475 2284 3529 alium
2312 3490 2477 3546 quam
2497 3473 2861 3546 Theophilum
2886 3476 3060 3534 fuisse
3085 3494 3196 3535 non
3220 3490 3378 3551 puto.

1796 3566 1930 3620 Nam
1957 3566 1995 3620 S
2048 3566 2319 3634 Basilius,
2350 3567 2599 3622 oratione
2643 3570 2701 3621 in
2740 3567 2938 3623 Natali
2967 3569 3169 3627 Christi
3217 3573 3381 3629 habi-

1794 3670 1871 3726 ta,
1895 3660 2146 3714 eumdem
2172 3661 2292 3715 sine
2309 3660 2479 3714 dubio
2502 3671 2781 3715 auctorem
2803 3661 3128 3731 respiciens,
3153 3664 3264 3718 ait:
3292 3665 3385 3718 Εῐ-

1795 3770 1958 3825 ρηται
2010 3750 2069 3805 δὲ
2117 3751 2227 3804 τῶν
2273 3750 2521 3805 παλαιῶν
2566 3768 2672 3805 τινι
2723 3751 2812 3805 καὶ
2856 3751 3044 3826 ἕτερος
3084 3753 3266 3823 λόγος,
3298 3757 3383 3810 ὅτι

1796 3844 1935 3916 ὑπὲρ
1988 3842 2081 3897 τοῦ
2129 3843 2313 3897 λαθεῖν
2358 3843 2448 3897 τὸν
2497 3844 2733 3917 ἄρχοντα
2783 3843 2879 3898 τοῦ
2938 3845 3135 3912 αἰῶνος
3189 3848 3382 3904 τούτου

1793 3937 1891 4008 τὴν
1937 3938 2235 4010 παρθενίαν
2267 3939 2367 4008 τῆς
2399 3939 2618 4011 Μαρίας
2669 3942 2703 4011 ἡ
2737 3939 2830 3994 τοῦ
2878 3940 3077 4013 Ἰωσὴφ
3109 3944 3382 4021 ἐπενοήθη

1797 4031 2079 4103 μνηστεῑα.
2138 4031 2275 4086 Cum
2308 4031 2454 4086 enim
2499 4042 2609 4088 tres
2634 4047 2833 4087 causas
2876 4034 3172 4104 attulisset,
3206 4052 3381 4108 quar—

1795 4138 1903 4181 tam
1939 4124 2018 4179 sic
2049 4123 2298 4195 adjungit
2331 4142 2344 4178 :
2374 4123 2500 4179 Alia
2534 4133 2709 4180 autem
2744 4124 2885 4179 ratio
2926 4142 2958 4179 a
2988 4136 3221 4184 veterum
3248 4147 3383 4201 quo-

1794 4216 1919 4269 dam
1939 4214 2154 4285 prolata
2187 4224 2287 4280 est,
2318 4215 2458 4285 quod
2492 4225 2550 4268 ut
2582 4217 2873 4287 principem
2903 4219 3061 4289 hujus
3085 4221 3269 4275 saeculi
3296 4221 3382 4277 la-

1796 4318 1920 4363 teret
1958 4308 2238 4378 virginitas
2264 4306 2476 4373 Marica,
2505 4308 2842 4378 desponsatio
2872 4309 3091 4382 Iosephi
3115 4322 3193 4367 est
3223 4328 3384 4368 exco-

1795 4401 1987 4470 gitata.
2040 4398 2157 4453 Non
2195 4398 2364 4469 igitur
2410 4396 2736 4455 Theodorus
2777 4399 2902 4466 fuit,
2948 4418 3058 4457 non
3098 4402 3382 4473 Apolline-

1798 4491 1935 4557 rius,
1958 4505 2068 4545 non
2108 4489 2407 4562 Didymus;
2439 4490 2493 4543 hi
2524 4495 2667 4546 enim
2700 4505 2894 4548 omnes
2925 4492 2983 4550 S.
3015 4493 3221 4550 Basilio
3249 4511 3383 4567 syn-

1796 4582 1988 4637 chroni
2020 4580 2193 4648 fuere,
2225 4580 2319 4636 sed
2360 4580 2444 4636 vel
2486 4580 2837 4654 Hippolytus,
2861 4584 2946 4639 vel
2974 4582 3262 4656 Origenes,
3289 4587 3379 4643 vel

1796 4674 2153 4746 Theophilus,
2179 4676 2325 4745 quod
2342 4674 2527 4745 potius
2547 4691 2691 4731 reor.
2709 4672 3004 4747 Utcunque
3023 4678 3116 4744 sit,
3140 4679 3381 4749 scriptor

1795 4768 1886 4824 ille
1908 4768 2001 4840 qui
2027 4784 2056 4822 a
2088 4767 2146 4823 S.
2175 4767 2377 4823 Basilio
2417 4766 2681 4837 antiquus
2711 4768 3020 4836 dicebatur,
3055 4769 3203 4827 haud
3230 4771 3381 4843 inju-

1794 4861 1877 4916 ria
1899 4875 1930 4915 a
1958 4860 2118 4916 nobis
2147 4858 2390 4915 secundo
2418 4859 2619 4915 saeculo
2657 4859 2994 4915 vindicatur.

1862 4953 2036 5009 Porro
2074 4954 2423 5025 l’eregrinus,
2460 4952 2576 5009 sive
2596 4953 2847 5021 Proteus,
2872 4969 2938 5009 ex
2963 4955 3183 5013 ethnico
3208 4958 3342 5014 Chri
3358 4988 3375 5003 -

1795 5045 2029 5111 stianus,
2060 5060 2123 5099 ex
2156 5043 2471 5116 Christiano
2492 5044 2752 5116 Cynicus,
2779 5044 2889 5114 igni
2925 5060 2984 5100 se
3007 5047 3233 5103 tradidit
3256 5049 3375 5103 val-

1795 5136 1861 5190 de
1888 5151 2083 5202 senex;
2118 5135 2185 5190 de
2214 5150 2323 5205 quo
2346 5133 2614 5190 Eusebius
2641 5133 2695 5187 in
2718 5132 2995 5188 Chronico
3019 5135 3087 5189 ad
3118 5136 3372 5205 quintum

1796 5227 2007 5295 Marci,
2050 5228 2202 5296 Apud
2247 5227 2404 5283 Pisas
2452 5225 2773 5296 Peregrinus
2824 5223 3166 5294 philosophus
3214 5244 3371 5299 rogo,

1795 5336 1943 5391 quem
1970 5335 2035 5373 ea:
2065 5319 2222 5390 lignis
2257 5328 2639 5389 composuerat,
2687 5318 2897 5371 incenso
2930 5316 3161 5387 seipsum
3189 5335 3375 5389 super-

1795 5410 1995 5479 injecit.
2029 5408 2167 5464 Cum
2190 5410 2338 5464 enim
2369 5407 2671 5463 vilissimus
2694 5406 2992 5461 homuncio
3020 5407 3211 5463 insana
3236 5423 3374 5478 qua-

1795 5501 1918 5556 dam
1943 5499 2129 5571 gloriae
2152 5499 2445 5569 cupiditate
2468 5496 2741 5568 ﬂagraret,
2764 5498 2838 5554 ita
2862 5515 2921 5556 se
2946 5499 3135 5570 gessit,
3166 5509 3225 5555 ut
3248 5515 3371 5555 eam

1795 5607 1959 5663 quam
2000 5600 2205 5662 posset,
2237 5590 2532 5645 maximam
2579 5588 2683 5645 sibi
2714 5591 3053 5648 conciliaret.
3082 5591 3373 5665 Excogita—

1794 5685 2077 5739 vitantem
2104 5684 2157 5739 id
2186 5683 2331 5754 quod
2356 5684 2491 5739 nulli
2515 5699 2754 5757 unquam
2778 5685 3107 5756 philosopho
3137 5684 3191 5739 in
3215 5699 3372 5740 men-

1797 5786 1906 5834 tem
1932 5776 2078 5833 venit
2107 5794 2120 5832 :
2147 5776 2646 5851 epistolasjamjam
2694 5778 2993 5838 moriturus
3022 5778 3088 5834 ad
3126 5776 3371 5849 insignes
