3868 6208
478 334 547 389 79
1513 324 1569 382 S.
1609 323 1960 383 IGNATIUS.
2001 357 2072 372 —-
2114 330 2650 393 PROLEGOMENA.

3695 328 3777 387 80

474 454 715 509 maxime
741 450 1026 516 civitates,
1074 457 1126 504 et
1167 448 1316 503 viros
1354 446 1627 518 quosdam
1663 446 1811 501 velut
1856 446 2067 518 legatos
2096 450 2145 508 Α
2174 451 2357 517 tritus,
2387 449 2853 520 locupletissimus
2885 447 3047 503 nobis
3074 446 3232 503 testis
3257 455 3361 503 est.
3390 444 3442 504 Is
3463 446 3620 503 enim
3657 462 3780 501 un-

473 548 657 613 misit;
688 553 750 601 ut
780 544 946 615 igitur
966 544 1091 614 igne
1115 540 1404 598 llerculem
1431 550 1527 596 aut
1554 539 1965 611 Empedoclem,
1992 541 2067 597 ita

471 638 717 709 epistolis
741 679 756 703 ,
788 646 842 692 et
884 636 1078 707 legatis
1110 634 1173 689 S.
1209 632 1480 704 lgnatium
1515 642 1767 688 nostrum
1807 632 1877 688 de
1908 628 2075 688 indui

473 732 607 787 atria
640 731 915 786 imitatum
941 744 1063 784 esse
1079 727 1409 783 nebulonem
1438 727 1639 790 sentio,
1669 734 1727 783 et
1751 726 1917 796 hujus
1939 742 2070 783 con-

468 827 700 897 jectura
720 823 991 878 rationem
1016 821 1245 877 minime
1274 821 1543 877 incertam
1576 820 1768 875 reddo.
1797 818 2069 875 Christia-

472 934 601 975 nam
632 916 954 988 religionem
997 914 1102 971 sub
1131 914 1372 968 Adriano
1416 912 1699 983 pr‘ol'essus
1745 920 1865 968 erat
1907 912 2070 968 Pere-

472 1011 689 1083 grinus,
720 1016 775 1064 et
804 1022 915 1062 non
942 1005 1273 1061 mediocrem
1314 1006 1461 1059 inter
1504 1004 2070 1063 Cliristianos.aucto-

470 1104 691 1158 ritatem
733 1101 838 1156 sibi
876 1107 1320 1170 comparaverat,
1360 1097 1504 1152 unde
1533 1097 1587 1151 in
1628 1096 1847 1152 vincula
1882 1096 2071 1166 conje-

469 1203 593 1250 ctus
622 1192 801 1248 factus
824 1200 908 1248 est
933 1189 1222 1247 confessor
1252 1189 1452 1245 nobilis
1471 1230 1487 1253 ,
1518 1197 1573 1244 et
1612 1189 1681 1244 ad
1721 1204 1847 1245 eum
1881 1189 2069 1245 suble-

468 1286 707 1342 vandum
737 1284 1154 1357 quamplurimi,
1181 1282 1347 1338 etiam
1374 1283 1425 1336 oi
1469 1284 1529 1336 ὲν
1559 1281 1724 1349 τέλει,
1750 1281 2065 1352 presbyteri,

466 1380 828 1449 episcopique,
864 1377 1111 1447 undique
1133 1374 1522 1431 convolabant.
1546 1370 1869 1445 Martyrium
1900 1373 2068 1445 igitur

468 1471 659 1527 subire
689 1469 929 1525 maxime
954 1467 1092 1521 velle
1116 1464 1425 1529 videbatur,
1452 1472 1509 1518 et
1546 1462 1844 1533 proconsul
1870 1460 2066 1533 Syriae,

464 1579 591 1618 cum
639 1562 967 1632 intelligeret
1008 1559 1093 1613 ὅτι
1123 1557 1325 1625 δέξαιτ’
1361 1556 1429 1611 ἂν
1461 1555 1755 1611 ἀποθανεῖν
1785 1554 1860 1619 ὼς
1908 1554 2070 1622 δόξαν

465 1657 559 1712 ἐπὶ
593 1655 769 1726 τούτῳ
803 1654 1067 1718 ἐπιλίποι,
1103 1652 1243 1718 quod
1277 1651 1418 1705 mori
1461 1658 1705 1721 cuperet,
1736 1659 1796 1703 ut
1828 1647 1951 1705 inde
1975 1649 2067 1721 fa»

465 1763 609 1801 mam
633 1747 859 1817 posteris
885 1745 1221 1815 relinqueret,
1239 1759 1364 1799 eum
1390 1758 1564 1815 poenae
1586 1744 1920 1799 subduxitet
1941 1759 2031 1799 ear
2050 1773 2067 1789 ο

2173 543 2388 600 decimo
2422 542 2610 598 Severi
2640 557 2806 606 anno,
2836 540 2998 595 tertio
3021 540 3351 610 steculojam
3377 539 3626 604 ineunte,
3654 538 3786 593 Ca-

2174 635 2443 692 techeseon
2459 648 2598 704 opus
2627 648 2943 704 aggressus,
2974 634 3156 687 adhuc
3170 632 3391 703 juvenis
3412 630 3696 686 Romilius
3725 631 3784 684 in

2178 726 2236 783 S.
2264 726 2464 781 Lucam
2496 726 2719 796 scripsit
2747 741 2887 797 quas
2915 726 3307 796 interpretatus
3342 734 3429 783 est
3472 724 3532 780 S.
3568 723 3787 779 Hiero—

2179 836 2399 893 nymus.
2429 819 2669 876 Homilia
2702 826 2883 872 autem
2905 827 3059 873 sexta
3079 818 3193 872 haec
3218 818 3450 887 legimus
3475 834 3490 870 :
3524 814 3787 886 Elegan-

2178 925 2257 969 ter
2299 915 2357 968 in
2394 912 2674 983 cujusdam
2718 911 2970 981 martyris
3003 910 3224 977 epistola
3266 910 3523 977 scriptum
3559 907 3787 977 reperi;

2178 1004 2452 1077 Ignatium
2481 1006 2625 1070 dico,
2647 1006 2950 1073 episcopum
2974 1001 3270 1057 Antiochia:
3288 1010 3403 1071 post
3430 999 3668 1054 Petrum
3697 1012 3791 1050 se-

2169 1096 2425 1161 cundum,
2464 1097 2556 1166 qui
2586 1097 2643 1150 in
2670 1096 3030 1166 persecutione
3061 1094 3240 1149 Roma
3276 1092 3530 1163 pugnauit
3556 1091 3628 1146 ad
3675 1089 3783 1145 be—

2169 1186 2301 1241 stias
2326 1200 2346 1239 :
2382 1204 2402 1237 ι
2431 1185 2734 1255 Principem
2756 1184 2940 1241 saeculi
2965 1184 3123 1255 hujus
3150 1182 3309 1237 latuit
3328 1181 3610 1253 uirginitas
3641 1179 3781 1234 lla-

2169 1279 2285 1334 rite.
2327 1296 2347 1330 ι
2382 1276 2460 1333 lta
2506 1294 2653 1334 nunc
2698 1277 2933 1348 legimus
2972 1277 3027 1331 in
3073 1275 3316 1347 Epistola
3360 1276 3431 1330 ad
3462 1273 3779 1345 Ephesios,

2167 1369 2387 1426 ἔλαθεν
2415 1366 2528 1425 τὸν
2553 1368 2816 1438 ἄρχοντα
2846 1367 2953 1423 τοῦ
2984 1367 3199 1433 αἰῶνος
3230 1366 3445 1420 τούτου
3476 1366 3515 1433 ἡ
3550 1367 3787 1433 παρθε-

2167 1462 2269 1521 rla
2297 1464 2548 1531 Μαρίας.
2587 1460 2757 1518 Vetus
2790 1460 3066 1531 Interpres
3100 1477 3115 1513 :
3145 1460 3330 1515 Latuit
3354 1460 3653 1530 principem
3670 1474 3762 1514 sa

2167 1554 2276 1612 tuli
2324 1554 2492 1624 hujus
2542 1554 2824 1625 virginitas
2874 1553 3090 1608 Mariae.
3136 1552 3285 1608 idem
3318 1550 3588 1623 Origenes
3623 1559 3781 1605 natu

2167 1649 2427 1721 grandior
2449 1651 2872 1705 Commentarios
2899 1651 2953 1703 in
2970 1649 3252 1704 Canticum
3268 1650 3507 1719 scripsit,
3546 1651 3604 1703 in
3625 1664 3785 1718 quo-

2170 1759 2290 1797 rum
2324 1742 2558 1814 Prologn
2592 1743 2707 1799 haec
2729 1744 2960 1814 legimus
2986 1761 2999 1797 :
3022 1743 3259 1814 Denique
3285 1742 3621 1796 meminimus
3656 1741 3781 1795 ali-

465 1855 589 1895 cere
619 1838 889 1895 liberavit.
919 1836 985 1891 Et
1026 1836 1248 1906 quidem
1297 1845 1483 1906 postea
1509 1836 1783 1907 gloriosus
1810 1836 1900 1889 hic
1925 1849 2061 1891 con-
2094 1823 2137 1878 Β
2166 1853 2320 1905 quem
2352 1848 2658 1891 sanctorum
2688 1838 2909 1904 dixisse,
2944 1836 3217 1907 Ignatium
3242 1835 3473 1901 nomine,
3501 1834 3571 1887 de
3596 1832 3781 1888 Chri-

464 1930 643 1988 fessor
668 1944 732 1984 ex
762 1928 1007 1985 Ecclesia
1037 1929 1247 1999 ejectus
1275 1935 1389 1994 est;
1421 1928 1514 1983 sed
1542 1928 1673 1981 dum
1699 1927 1790 1982 illa
1822 1928 1927 1983 sub
1955 1927 2057 1999 Sy-

463 2029 559 2082 riae
583 2026 910 2096 proconsule
932 2040 1130 2095 passus
1158 2034 1263 2088 est,
1299 2040 1409 2079 non
1441 2025 1619 2095 potuit
1643 2040 1769 2081 eum
1801 2026 1969 2085 Latere
1994 2026 2054 2082 S.

464 2115 660 2187 lgnatii
690 2114 858 2179 fama,
891 2114 1054 2183 cujus
1091 2114 1334 2183 reliquiae
1364 2122 1514 2168 tanta
1547 2131 1674 2170 cum
1707 2118 2057 2173 veneratione

463 2207 768 2262 Antiochiae
793 2213 1135 2262 conservatae
1169 2216 1334 2273 sunt;
1369 2216 1424 2261 et
1464 2222 1589 2262 cum
1626 2215 1705 2261 tot
1733 2222 1801 2261 ex
1827 2208 1956 2263 Asia
1988 2208 2057 2263 ad

463 2315 590 2354 eum
621 2300 675 2353 in
721 2313 943 2354 carcere
985 2299 1265 2353 detentum
1308 2296 1682 2364 confluerent,
1725 2300 1844 2354 sine
1889 2300 2057 2364 dubio

464 2388 659 2461 lgnatii
688 2389 875 2445 omnia
926 2389 1230 2459 szepissime
1278 2390 1879 2445 commemorabantur.
1928 2379 2055 2447 Pla-

461 2480 580 2537 cuit
611 2481 794 2551 itaque
829 2481 1174 2552 ineptissimo
1194 2481 1334 2549 viro,
1365 2482 1436 2537 ab
1462 2480 1705 2537 Ecclesia
1729 2482 1924 2554 ejecto,
1949 2494 2005 2540 et
2022 2501 2055 2541 α

464 2571 1070 2643 pbilosopbisrecepto,
1095 2572 1233 2627 mori
1263 2572 1484 2642 quidem
1518 2581 1780 2645 tanquam
1807 2576 2054 2645 philosoo

462 2664 659 2734 pbum,
707 2662 908 2718 famam
943 2673 1126 2718 autem
1173 2663 1367 2718 eodem
1403 2665 1566 2719 modo
1606 2666 1912 2735 acquirere,
1943 2684 2054 2740 quo

465 2755 824 2827 acquisivisse
864 2754 1130 2827 lgnatium
1165 2758 1408 2826 putavit;
1446 2757 1711 2827 epistolas
1751 2769 1878 2815 ante
1906 2776 2055 2815 mor-

467 2858 575 2904 tem
599 2849 665 2904 ad
696 2849 943 2905 civitates
968 2849 1345 2905 nobilissimas
1372 2851 1674 2917 exarando,
1696 2861 1750 2907 et
1773 2853 1911 2909 tales
1932 2870 2054 2908 om-

464 2943 598 2996 nino
625 2941 774 2997 viros
801 2940 1167 3007 instituenda,
1198 2940 1390 3011 qualus
1430 2943 1584 2996 illum
1624 2943 1823 3013 sapius
1857 2955 2052 3014 postu-

462 3032 608 3088 lasse
629 3040 876 3088 noverat.
904 3031 1021 3088 lloc
1046 3048 1173 3087 vero
1191 3048 1220 3086 a
1250 3031 1495 3089 Luciano
1521 3026 1903 3094 disertissimis
1929 3053 2053 3094 ver-

462 3122 550 3180 bis
581 3122 915 3193 descriptum
942 3131 1028 3178 est
1076 3122 1133 3176 in
1164 3121 1455 3193 Peregrino
1504 3140 1607 3180 suo
1635 3144 1649 3181 :
1680 3127 1816 3180 Φασὶ
1848 3127 1906 3181 δὲ
1939 3129 2049 3184 πά-
2077 3164 2121 3227 c

462 3231 585 3280 σαις
617 3214 805 3287 σχεδὸν
837 3217 958 3279 ταῖς
990 3214 1223 3279 ἐνδόξοις
1240 3216 1457 3270 πόλεσιν
1490 3218 1782 3283 ἐπιστολὰς
1812 3218 2048 3293 διαπέμ-

458 3308 557 3379 ψαι
591 3309 775 3372 αὐτὸν,
808 3307 1071 3381 διαθήκας
1104 3308 1277 3374 τινὰς,
1313 3309 1409 3364 καὶ
1443 3311 1814 3383 παραινέσεις,
1851 3314 2051 3369 καινό-

462 3412 597 3470 μους
621 3439 635 3465 ,
670 3399 764 3453 καί
796 3414 948 3462 τινας
981 3397 1075 3451 ἐπὶ
1123 3395 1327 3453 τούτων
1371 3401 1714 3473 πρεσϐευτὰς
1745 3401 1854 3458 τῶν
1904 3404 2051 3459 ἑται-

458 3507 570 3561 ρων
601 3492 1001 3563 ἐχειροτόνησε,
1039 3489 1433 3563 νεκραγγέλους
1467 3493 1559 3546 xui.
1591 3497 2050 3568 νερτεροδρόμους

438 3581 927 3654 προσαγορεύσας.
946 3583 1109 3636 Aiunt
1142 3594 1319 3636 autent
1340 3600 1460 3638 eum
1483 3585 1553 3638 ad
1569 3603 1746 3641 ontnes
1775 3588 1882 3657 fere
1905 3605 2047 3659 prte-

458 3669 634 3724 claras
668 3671 909 3726 civitates
956 3673 1209 3742 epistolas
1252 3675 1492 3743 misisse,
1540 3680 1741 3732 monitu
1778 3685 2043 3750 quwdam,

455 3762 865 3831 exhortationes,
898 3773 1054 3836 atque
1077 3765 1214 3835 leges
1244 3780 1261 3819 :
1294 3776 1344 3821 et
1373 3783 1437 3821 ea:
1461 3770 1617 3822 sociis
1648 3773 1758 3825 suis
1784 3774 1848 3826 de
1870 3774 1951 3827 his
1972 3774 2048 3828 le—

456 3864 605 3924 gatos
632 3856 918 3921 ordinavit,
950 3875 982 3910 α
1013 3858 1238 3911 mortuis
1270 3860 1505 3927 nuntios,
1537 3872 1585 3916 ct
1612 3862 1676 3917 ab
1706 3864 1894 3934 inferis
1920 3883 2045 3921 cur-

456 3961 599 4001 sores
636 3946 932 4016 appellans.

528 4037 808 4095 llabemus
834 4040 925 4094 hic
950 4042 1215 4111 epistolas
1254 4058 1287 4098 a
1307 4043 1538 4116 jamjam
1573 4049 1839 4107 morituro
1867 4053 1935 4107 ad
1962 4054 2045 4109 in-

458 4129 731 4199 signiores
778 4132 1028 4187 civitates
1076 4133 1313 4201 missas,
1347 4153 1471 4191 cum
1510 4140 1993 4202 exhortationibus
2024 4164 2038 4201 :

456 4224 602 4292 quod
629 4223 757 4279 fecit
791 4223 850 4279 S.
876 4225 1138 4295 lgnatins,
1161 4244 1340 4298 neque
1363 4240 1489 4286 ante
1515 4231 1870 4304 Peregrinum
1905 4254 2043 4307 prae-

456 4325 538 4369 ter
568 4330 716 4379 eum,
742 4315 961 4384 Opinor,
996 4318 1290 4387 quisquam
1319 4334 1334 4372 :
1368 4320 1632 4378 habemus
1668 4327 1814 4379 viros
1849 4343 1911 4382 es
1944 4344 2040 4385 so-

452 4409 554 4465 ciis
580 4410 696 4465 suis
716 4409 997 4464 institutos
1023 4418 1281 4480 tanquam
1307 4411 1549 4482 legatos:
1577 4417 1808 4483 scilicet,
1831 4422 2042 4494 ἐχειρο-

2160 1937 2241 1982 sto
2282 1945 2301 1982 .·
2350 1948 2369 1980 ι
2423 1929 2572 1984 Meus
2611 1940 2790 1983 autem
2834 1946 2988 1983 amor
3027 1929 3319 1998 cruciﬁxus
3346 1937 3446 1992 est,
3471 1947 3492 1981 ι
3525 1943 3625 1981 nec
3680 1943 3777 1981 re-

2159 2022 2410 2091 prehendi
2459 2039 2579 2076 eum
2623 2040 2720 2093 pro
2763 2022 2861 2076 hoc
2900 2023 3120 2094 dignum
3166 2021 3368 2092 iudico.
3406 2020 3533 2077 Haec
3566 2029 3774 2076 autem

2160 2114 2325 2167 verba
2364 2113 2419 2167 in
2454 2113 2698 2183 Epistula
2734 2116 2800 2169 ad
2840 2114 3124 2170 Romanos
3159 2115 3342 2170 adhuc
3378 2115 3772 2185 reperiuntur,

2171 2205 2224 2258 '0
2255 2202 2398 2274 ἐμὸς
2426 2208 2576 2274 ἐρως
2606 2206 2989 2275 ἐσταύρωται.
3030 2205 3197 2264 Vetus
3229 2208 3535 2277 lnterpres:
3571 2208 3772 2263 Heum

2158 2298 2479 2353 desiderium
2509 2301 2825 2369 cruciﬁxum
2856 2310 2955 2355 est.

2227 2388 2419 2456 Quarti
2455 2391 2638 2445 saeculi
2664 2432 2679 2458 ,
2717 2407 2851 2447 sane
2893 2392 3288 2459 ﬂorentissimi,
3325 2404 3385 2448 ut
3418 2394 3598 2448 multo
3630 2393 3741 2464 plus

2157 2497 2247 2537 res
2298 2482 2703 2539 ecclesiasticos
2755 2484 3089 2554 scriptores,
3125 2485 3200 2540 ita
3234 2493 3290 2539 et
3336 2484 3769 2556 lgnatianorum

2158 2582 2325 2629 testes
2360 2574 2645 2631 habemus.
2682 2574 2887 2630 Eorum
2923 2577 3136 2647 primus
3173 2579 3306 2632 mihi
3341 2579 3562 2649 quidem
3599 2579 3743 2634 vide

2158 2671 2248 2720 tur
2284 2665 2374 2720 ille
2397 2707 2413 2730 ,
2466 2666 2720 2736 quisquis
2766 2677 2890 2734 est,
2926 2669 3023 2738 qni
3059 2667 3358 2741 Dionysius
3408 2670 3769 2741 AreOpagita

2156 2757 2322 2828 vulgo
2356 2759 2713 2825 nominatur;
2746 2775 2857 2814 non
2891 2761 3054 2832 longe
3086 2762 3235 2816 enim
3281 2763 3352 2817 ab
3386 2763 3544 2818 initio
3579 2764 3771 2834 hujus

2155 2850 2256 2905 aevi
2291 2866 2414 2905 eum
2452 2852 2746 2921 scripsisse
2781 2854 2979 2908 sentio.
3016 2852 3112 2910 llle
3144 2862 3328 2909 autem
3365 2854 3504 2910 libro
3536 2854 3619 2909 De
3669 2857 3769 2911 di-

2153 2941 2289 2995 vinis
2312 2943 2637 3008 nontinibus,
2675 2944 2744 2999 de
2776 2960 2966 3000 amore
2998 2945 3290 3017 disputans
3316 2990 3330 3014 ,
3366 2957 3422 3001 et
3453 2946 3767 3018 Origenem

2154 3046 2392 3103 ecqnens
2420 3073 2434 3097 ,
2490 3036 2561 3089 ita
2598 3036 2839 3106 loquitur
2877 3055 2891 3091 :
2927 3037 3120 3092 Καίτοι
3153 3037 3301 3106 ἔδοξὲ
3335 3057 3443 3093 τισι
3476 3039 3587 3094 τῶν
3622 3039 3777 3096 καθ’

2152 3125 2301 3196 ἡμᾶς
2336 3124 2626 3198 ἱερολόγων
2677 3127 2771 3181 καὶ
2821 3128 3092 3202 θειότερον
3142 3126 3282 3186 εἶναι
3315 3132 3376 3185 τὸ
3411 3132 3506 3186 τοῦ
3538 3133 3767 3206 ἔρωτος

2150 3215 2321 3288 ὄνομα
2354 3217 2446 3271 τοῦ
2481 3219 2579 3289 τῆς
2611 3220 2851 3292 ἀγάπης·
2887 3221 3091 3293 γράφει
3119 3221 3177 3276 δὲ
3211 3222 3305 3276 καὶ
3336 3225 3366 3277 ὁ
3398 3224 3539 3289 Gelo;
3572 3224 3767 3295 Ἰγνά-

2148 3325 2261 3372 τιος
2284 3324 2303 3340 σ
2348 3310 2402 3362 '0
2432 3310 2576 3380 ἐμὸς
2607 3312 2755 3381 ἔρως
2786 3313 3171 3384 ἐσταύρωται.
3220 3316 3401 3373 Visum
3426 3327 3506 3374 est
3548 3319 3743 3391 aliqui

2149 3400 2245 3456 bus
2280 3412 2479 3458 nostra
2522 3405 2701 3459 (etatis
2739 3407 2911 3460 sacris
2960 3408 3311 3477 scriptoribus
3345 3412 3544 3466 artioris
3580 3428 3767 3482 quam

2150 3494 2431 3551 charitatis
2452 3513 2643 3551 nomen
2665 3498 2899 3555 divinius
2927 3515 3059 3555 esse.
3091 3498 3293 3557 Scribit
3325 3514 3502 3559 autem
3521 3514 3575 3559 et
3602 3506 3763 3561 diui-

2156 3603 2256 3642 nus
2313 3586 2561 3660 Ignatius
2590 3606 2609 3644 :
2647 3609 2666 3643 ι
2694 3590 3030 3674 Amonmeus
3052 3595 3345 3664 cruciﬁxus
3384 3606 3481 3651 est.
3505 3615 3525 3648 ι
3560 3595 3765 3668 Hujus

2158 3690 2341 3736 autem
2378 3681 2478 3735 viri
2516 3682 2676 3753 longe
2708 3682 3038 3753 doctissimi,
3074 3686 3122 3742 si
3158 3687 3315 3742 initio
3347 3688 3513 3759 hujus
3546 3693 3761 3748 saeculi

2147 3785 2339 3825 revera
2393 3772 2700 3842 scripserit,
2736 3783 2797 3830 ut
2829 3777 3197 3842 arbitramur,
3232 3779 3753 3840 luculentissimnm

2147 3862 2523 3917 testimonium
2558 3874 2673 3932 est;
2728 3867 2981 3937 quisquis
3023 3879 3208 3925 autem
3244 3871 3441 3941 fuerit,
3476 3875 3598 3931 sive
3631 3877 3723 3932 bu

2143 3954 2256 4025 jus,
2292 3956 2408 4011 sive
2440 3959 2721 4027 sequentis
2754 3962 2856 4015 aevi
2889 3962 3148 4033 scriptor,
3184 3965 3338 4020 varia
3372 3967 3441 4022 de
3472 3968 3581 4024 hoc
3613 3969 3755 4040 ipso

2144 4046 2267 4101 loco
2300 4048 2587 4103 hominum
2620 4050 2831 4120 judicia
2866 4051 3279 4124 lgnatianorum
3315 4060 3744 4127 auctoritatem,

2144 4148 2205 4193 ut
2236 4138 2494 4210 deinceps
2527 4142 2915 4211 ostendemus,
2951 4145 3250 4215 plurimum
3299 4149 3745 4209 conﬁrmabunt.

2216 4226 2504 4287 Secundus
2547 4231 2712 4301 hujus
2764 4234 2864 4288 avi
2917 4236 3074 4291 testis
3106 4249 3191 4291 est
3223 4236 3493 4295 Eusebius
3538 4239 3749 4299 Caesa-

2144 4319 2342 4377 riensis
2375 4323 2699 4393 episcopus,
2749 4325 2845 4396 qui
2879 4327 3083 4382 multos
3138 4326 3392 4400 Origenis
3423 4330 3749 4402 discipulos

2140 4414 2299 4469 vidit.
2336 4413 2387 4470 is
2420 4425 2600 4471 autem
2635 4433 2761 4472 cum
2796 4417 3043 4490 singulos
3077 4423 3401 4478 nominatim
3435 4440 3744 4483 recensere

451 4499 644 4571 τόνησε
691 4498 1071 4571 πρεσϐευτάς,
1107 4502 1267 4570 plane
1320 4513 1378 4558 ut
1428 4507 1570 4574 apud
1628 4508 1895 4577 lgnatium
1938 4528 2039 4568 no-

2147 4522 2250 4562 non
2286 4515 2492 4578 posset,
2514 4509 2608 4579 qui
2642 4510 2836 4579 primis
2870 4512 3182 4580 apostolicae
3200 4516 3569 4573 successionis
3586 4526 3745 4574 tem-

452 4602 626 4649 .sfrum
650 4592 880 4661 epistola
921 4593 989 4646 ad
1027 4591 1360 4662 Smyrnaeos,
1404 4599 1778 4670 χειροτονῆσαι
1812 4602 2038 4678 θεοπρε-

451 4678 705 4751 σόευτήν,
738 4689 792 4736 et
822 4680 888 4736 ad
927 4680 1331 4750 Magnesianos,
1380 4689 1756 4760 χειροτονῆσαι
1789 4692 2038 4750 διάκονον

450 4773 529 4835 εἰς
559 4772 620 4824 τὸ
653 4772 986 4844 πρεσϐεῦσαι
1008 4775 1125 4826 ἐκεῖ
1141 4772 1276 4827 Θεοῦ
1298 4777 1616 4849 πρεσϐείαν
1644 4781 1913 4840 habemus
1937 4802 2034 4842 eos

451 4863 656 4932 legatos
705 4878 736 4916 a
786 4862 1083 4934 Peregrino
1126 4867 1427 4936 appellatos
1459 4872 1936 4945 νερτεροδρόμους,
1974 4887 2035 4933 ut

449 4953 590 5020 apud
624 4951 911 5023 lgnatinm,
936 4957 1312 5028 χειροτονῆσαι
1331 4976 1471 5026 τινα,
1505 4961 1565 5029 ὃς
1595 4963 1883 5034 δυνήσεται
1917 4968 2034 5022 θεο-

445 5043 644 5116 δρόμος
678 5045 978 5102 καλεῖσθαι.
1017 5048 1075 5102 Si
1107 5050 1236 5105 huic
1263 5050 1593 5121 conjectura:
1621 5055 1775 5112 locus
1807 5058 1901 5125 sit,
1930 5060 2031 5118 has

443 5135 704 5204 epistolas
730 5152 869 5206 quas
895 5136 1240 5195 defendimus
1269 5142 1440 5210 probe
1482 5145 1637 5199 novit
1679 5144 2025 5220 Peregrinus,

443 5225 538 5296 qui
568 5235 693 5281 ante
720 5228 1044 5298 martyrium
1077 5228 1269 5301 lgnatii
1302 5240 1483 5300 natus,
1509 5245 1634 5303 post
1661 5239 1897 5294 medium
1922 5257 2025 5298 saa-

443 5317 553 5373 culi
587 5318 816 5372 secundi
846 5319 1084 5377 ﬂammis
1111 5338 1168 5378 se
1190 5323 1358 5379 dedit.

515 5407 685 5465 Tcrtii
740 5412 962 5480 quidem
1012 5417 1198 5471 saeculi
1242 5419 1540 5490 scriptores
1577 5422 2022 5494 ecclesiasticos,

443 5503 745 5570 praesertim
789 5502 1029 5571 Graecos,
1060 5509 1262 5577 quibus
1293 5512 1534 5567 maxime
1559 5522 1672 5568 tum
1720 5525 1884 5572 notus
1922 5518 2026 5573 fuit

446 5590 503 5646 S.
540 5591 801 5662 lgnatius,
835 5597 1100 5654 habemus
1126 5615 1257 5656 sane
1299 5606 1619 5674 superstites
1655 5610 2023 5678 perpaucissi-

444 5699 596 5751 mos;
626 5700 861 5755 quorum
887 5691 1192 5759 praecipuus
1214 5692 1500 5766 Origenes,
1534 5701 1727 5753 eodem
1752 5717 1861 5770 quo
1891 5705 2023 5759 scri-

441 5776 548 5835 psit
576 5775 819 5845 lgnatius
856 5796 971 5837 aevo
1009 5792 1195 5852 natus,
1219 5794 1271 5843 et
1312 5787 1478 5846 rebus
1505 5789 1823 5858 theologicis
1853 5792 2019 5850 innu-

2140 4599 2367 4668 poribus
2400 4601 2694 4667 antistites,
2730 4609 2826 4656 aut
2858 4605 3207 4674 evangelista:
3237 4604 3489 4675 fuerant,
3524 4624 3737 4668 eorum

2137 4690 2404 4745 duntaxat
2436 4692 2660 4747 nomina
2694 4709 2979 4751 recensere
3003 4697 3214 4763 statuit,
3242 4713 3481 4770 quorum
3516 4716 3739 4759 monu-

2139 4782 2340 4837 mentis
2375 4785 2690 4854 apostolieae
2733 4787 2997 4843 doctrinae
3033 4790 3257 4846 traditio
3301 4792 3370 4847 ad
3403 4808 3502 4849 sua
3540 4809 3736 4866 usque

2135 4882 2379 4943 tempora
2415 4874 2714 4933 ferebatur.
2752 4877 2897 4934 Hist.
2926 4882 3108 4936 eccles.
3141 4923 3157 4950 ,
3192 4883 3231 4938 l.
3268 4900 3352 4951 ιιι,
3388 4900 3439 4940 c.
3476 4885 3567 4952 37,
3606 4888 3682 4944 38
3711 4906 3735 4945 :

2162 4966 2347 5041 Ωσπερ
2379 4963 2471 5022 οὖν
2498 4969 2690 5039 ἀμέλει
2723 4971 2816 5025 τοῦ
2865 4973 3125 5042 ’Ῑγνατίου
3148 4978 3207 5029 ὲν
3239 4971 3328 5041 αἶς
3348 4978 3732 5053 κατελέξαμεν

2130 5059 2443 5124 ἐπιστολαῖς
2465 5101 2480 5125 ,
2535 5063 2629 5116 καὶ
2676 5065 2769 5118 τοῦ
2804 5067 3121 5139 Κλήμεντος
3152 5072 3213 5124 ὲν
3257 5073 3324 5143 τῇ
3358 5073 3726 5148 ἀνωμολογηα

2133 5150 2271 5225 μένῃ
2303 5153 2454 5225 παρὰ
2485 5156 2670 5210 πᾶσιν.
2708 5155 2863 5222 Quod
2896 5161 3098 5229 factum
3123 5171 3202 5217 est
3222 5164 3528 5235 inepistolis
3550 5164 3731 5237 Igna-

2131 5244 2192 5296 tii
2216 5261 2348 5314 quas
2376 5248 2755 5315 recensuimus,
2776 5261 2827 5304 et
2851 5250 3131 5307 Clementis
3148 5254 3246 5310 illa
3273 5260 3339 5309 ab
3368 5257 3613 5312 omnibus
3631 5277 3727 5315 re—

2131 5345 2299 5405 cepta.
2351 5335 2623 5395 Eusebius
2672 5341 2859 5411 igitur,
2911 5360 3079 5400 unam
3129 5345 3465 5417 Clementis,
3518 5350 3725 5420 plures

2126 5423 2321 5496 lgnatii
2355 5430 2618 5499 epistolas
2650 5435 3022 5504 proponebat,
3057 5448 3119 5493 ut
3151 5441 3539 5512 antiquissima
3574 5459 3723 5516 apo-

2125 5519 2331 5574 stolicae
2384 5524 2756 5581 successionis
2801 5528 3042 5598 scripta,
3093 5540 3150 5586 et
3195 5535 3572 5603 apostolorum
3608 5536 3721 5593 do-

2125 5613 2316 5668 ctrinae
2348 5615 2693 5673 traditionem
2717 5620 3076 5678 continentia.
3102 5621 3211 5680 Illae
3230 5636 3413 5682 autem
3434 5628 3714 5699 epistolae,

2123 5721 2261 5775 quas
2298 5715 2578 5780 tantopere
2626 5712 2868 5768 laudavit
2902 5712 3175 5772 Eusebius
3199 5759 3214 5783 ,
3252 5718 3545 5790 ipsissimse
3577 5735 3717 5780 sunt

2122 5813 2259 5865 quas
2306 5816 2408 5858 nos
2456 5802 2758 5869 habemus,
2793 5814 2847 5861 et
2900 5806 3267 5867 defendimus.
3323 5809 3515 5885 Tradit
3556 5813 3715 5871 enim
