3868 6208
110 341 175 396 8|
910 345 961 402 «Ι.
1000 343 1370 401 PEARSONll
1401 339 1728 401 VINDlCllE
1772 340 2195 400 IGNATIANE.
2236 371 2306 383 —
2339 341 2520 396 PARS
2550 338 2590 396 Ι.
3339 340 3408 394 82

117 457 264 516 Hist.
299 461 512 528 cccles.,
548 459 588 518 Ι.
627 477 713 524 ιιι.
751 477 802 519 c.
841 463 1222 535 56,]gnatium
1255 479 1355 536 per
1389 464 1573 520 Asiam
1610 463 1714 518 sub
1743 465 1790 522 Α
1821 461 2002 516 adhuc
2038 461 2270 516 Arimini
2296 460 2540 531 synodus
2574 457 2832 516 bmrcret.
2861 458 2968 513 hoc
2997 467 3101 521 est,
3131 459 3276 514 circa
3311 475 3403 514 an—

110 552 536 607 accuratisslma
574 553 874 610 satellitum
910 555 1160 610 custodia
1193 555 1442 618 ductum,
1471 555 1716 625 singula-

110 661 237 699 rum
276 645 566 700 civitatum
603 663 745 716 quas
779 648 1064 718 ingressus
1097 657 1184 704 est
1216 649 1478 705 ecclesias
1503 664 1716 705 sermo-

111 737 276 790 nibus
309 747 367 790 et
401 739 881 795 cohortationibus
914 740 1296 807 conﬁrmasse,
1333 750 1497 812 atque
1537 742 1714 812 inpri~

107 830 216 884 mis
250 832 546 887 monuisse
567 872 585 896 ,
621 843 681 887 ut
716 835 784 889 ab
817 835 1121 892 haeresibus
1155 845 1416 892 caverent
1448 846 1566 891 tum
1603 837 1715 905 pri-

106 937 260 975 mum
296 925 532 981 exortis.
559 936 613 981 et
635 927 1129 994 invalescentibus;
1161 930 1551 1000 hortatumque
1567 944 1711 998 esse,

105 1023 168 1067 ut
219 1017 614 1084 apostolorum
670 1022 952 1078 traditioni
1005 1027 1272 1080 tenaciter
1338 1028 1714 1096 adhmrerent,

105 1123 303 1174 quam,
341 1111 580 1165 cautelae
613 1115 812 1183 gratia,
850 1117 1016 1171 etiam
1054 1119 1278 1189 scriptis
1311 1121 1578 1176 mandare
1612 1135 1712 1175 ne-

103 1200 421 1256 cessarium
488 1203 667 1259 duxit.
715 1205 899 1273 Quare
941 1226 1066 1265 cum
1122 1211 1371 1285 Smyrna:
1415 1225 1584 1279 esset,
1626 1217 1712 1271 in-

102 1291 246 1360 quit,
285 1303 538 1363 quatuor
569 1299 835 1368 epistolas
869 1304 1124 1374 scripsit,
1163 1307 1230 1361 ad
1267 1306 1558 1377 Ephesios,
1596 1307 1714 1364 Ma-

103 1385 448 1453 gnesianos,
485 1388 794 1450 Trallianos
821 1437 836 1460 ,
883 1393 1198 1464 Romanos;
1235 1415 1264 1454 a
1300 1399 1516 1456 Troade
1565 1408 1710 1468 tres,

102 1481 170 1533 ad
205 1478 727 1554 Philadelphcnses,
765 1488 831 1541 ad
869 1487 1184 1561 Smyrnteos
1209 1535 1223 1557 ,
1260 1503 1314 1547 et
1349 1493 1606 1563 privatim
1643 1494 1711 1548 ad

101 1568 503 1644 Polycarpum.
541 1575 670 1633 Haec
691 1580 875 1636 omnia
899 1580 1320 1652 diligentissime
1350 1601 1418 1639 ex
1443 1585 1579 1655 ipsis
1595 1587 1714 1654 epi-

101 1663 287 1730 stolis,
323 1674 392 1720 ut
445 1668 643 1736 opinor
667 1709 683 1732 ,
720 1671 1037 1728 observavit
1083 1673 1384 1744 Eusebius;
1421 1673 1711 1746 epiStolam

1821 569 1954 608 num
1987 551 2193 608 Christi
2226 550 2332 605 360
2376 552 2612 619 scripta,
2657 547 2763 603 hoc
2805 548 2965 604 nobis
3010 547 3223 604 illustre
3258 557 3413 603 testi—

1818 643 2065 698 monium
2101 643 2326 714 praebet.
2369 641 2442 696 De
2479 640 2718 712 synodis,
2745 657 2799 710 p.
2827 638 2971 694 922:
3009 640 3268 708 Ἰγνάτιος
3289 632 3401 701 οὖν,

1816 737 1844 789 ὁ
1879 736 2016 807 μετὰ
2050 737 2176 800 τοὺς
2225 734 2558 797 ἀποστόλους
2608 735 2666 787 ὲν
2712 732 3011 803 Ἀντιοχείᾳ
3044 728 3402 789 κατασταθεὶς

1817 828 2137 907 ἐπίσκοπος,
2160 827 2254 882 καὶ
2291 827 2502 898 μάρτυς
2535 824 2629 879 τοῦ
2663 823 2902 897 Χριστοῦ
2937 824 3249 893 γενόμενος,
3271 822 3394 892 γρό-

1817 939 1934 992 φων
1967 921 2098 994 περὶ
2130 921 2224 976 τοῦ
2257 920 2465 993 Κυρίου
2501 919 2741 992 εἴρηκεν
2763 915 3083 985 Εἶςιατρός
3097 918 3225 970 ἐστι
3259 933 3396 984 au;-

1814 1017 1985 1082 κικὸς
2029 1015 2127 1069 καὶ
2175 1011 2613 1083 πνευματικὸς,
2660 1011 2912 1082 γενητὸς
2959 1010 3057 1064 καὶ
3091 1009 3396 1080 ἀγένητοςε

1813 1107 1884 1162 ἐν
1910 1104 2202 1176 ἀνθρώπῳ
2237 1105 2400 1171 Θεὸς,
2433 1105 2505 1159 ἐν
2551 1102 2782 1167 θανάτῳ
2827 1102 2938 1170 ζωὴ
2972 1100 3230 1169 ἀληθινὴ
3254 1142 3268 1165 ,
3305 1100 3402 1154 καὶ

1813 1200 1884 1254 ἐκ
1915 1200 2146 1268 Μαρίας
2178 1198 2277 1252 καὶ
2311 1197 2380 1251 ἐκ
2413 1197 2587 1252 Θεοῦ.
2626 1195 2868 1267 Ignatius
2913 1195 3080 1265 igitur
3129 1195 3242 1263 qui,
3282 1201 3402 1262 post

1815 1293 2107 1362 apostolos,
2124 1290 2421 1344 Antiochiet:
2441 1285 3049 1357 episcopusfconstilutus
3067 1291 3171 1348 est,
3187 1291 3236 1337 et
3255 1298 3401 1334 mar-

1816 1394 1901 1456 tyr
1929 1384 2131 1438 Christi
2165 1382 2320 1452 [uit,,
2343 1381 2576 1434 scribens
2616 1378 2682 1432 de
2709 1375 2940 1433 Domino
2981 1376 3118 1430 dixit
3147 1390 3167 1429 .'
3203 1396 3221 1426 ι
3256 1373 3402 1428 Unus

1811 1476 2049 1529 medicus
2093 1483 2193 1539 est,
2235 1471 2472 1526 carnalis
2524 1481 2574 1524 et
2615 1468 2952 1541 spiritualis,
2978 1469 3154 1537 fartus
3199 1475 3249 1520 et
3295 1481 3401 1519 non

1814 1568 2011 1637 factus,
2035 1567 2091 1620 in
2117 1566 2328 1620 homine
2354 1564 2512 1626 Deus,
2539 1563 2594 1616 in
2619 1568 2788 1615 morte
2816 1561 2926 1614 vita
2955 1575 3097 1623 vera,
3127 1568 3174 1612 et
3201 1573 3265 1611 ea:
3288 1556 3403 1610 Ma-

1815 1657 1898 1710 ria
1926 1666 1975 1710 et
2005 1671 2070 1709 ea:
2085 1653 2382 1712 Demsi-latae
2408 1651 2555 1708 enim
2585 1651 2749 1705 verba
2778 1665 2842 1704 ex
2867 1649 3111 1719 Epistola
3134 1649 3201 1702 ad
3227 1647 3403 1718 Ephe-

102 1758 253 1812 enim
292 1760 364 1814 ad
403 1759 677 1830 Ephesios
703 1761 954 1836 Smyrna;
984 1766 1247 1836 scriptam
1272 1739 1596 1838 fuisse-ipsa
1630 1775 1714 1825 ιε-
1743 1817 1785 1838 n
1815 1749 1929 1803 sius
1961 1755 2092 1801 sunt
2129 1746 2458 1814 transcripta
2483 1784 2498 1809 ,
2535 1758 2703 1813 quam
2750 1741 3041 1810 scripsisse
3072 1755 3180 1794 non
3217 1739 3400 1793 larva-

453 1817 466 1830 .
664 1817 667 1818 ν
805 1817 877 1836 επ
913 1817 950 1820 --
986 1817 1247 1836 "nr—m-
1273 1817 1443 1824 --ηπ
1479 1817 1596 1838 -r——
1632 1817 1684 1825 vv

101 1859 286 1906 statur
323 1869 339 1904 :
385 1851 671 1910 Unanimis
701 1857 970 1912 uobiscum
1000 1876 1115 1930 ego,
1140 1870 1190 1914 et
1216 1879 1370 1932 quem
1401 1863 1624 1917 misistis
1655 1864 1710 1916 in

1820 1850 1929 1896 tum
1964 1841 2202 1909 aliquem
2229 1836 2496 1908 lgnatium
2518 1876 2532 1898 ,
2560 1835 2654 1889 sed
2679 1847 2867 1888 verum
2909 1832 3086 1897 illum,
3126 1831 3403 1901 apostolo-

99 1947 204 2001 Dei
241 1948 500 2002 honorem
531 1949 587 2002 in
623 1947 932 2021 Smyrnam,
975 1953 1114 2007 unde
1139 1963 1190 2008 et
1223 1956 1397 2010 scribo
1420 1959 1584 2012 vobis.
1628 1957 1711 2013 Ad

100 2037 430 2111 Magnesios
465 2059 480 2095 :
519 2039 775 2096 Salutant
799 2061 887 2098 vos
915 2043 1128 2113 Ephesii
1159 2064 1191 2100 a
1221 2045 1474 2118 Smyrna,
1496 2052 1635 2105 unde
1661 2061 1712 2106 et

101 2132 279 2186 scribo
301 2133 479 2190 vobis.
512 2133 593 2187 Ad
628 2132 937 2193 Trallianos
975 2155 989 2192 :
1029 2137 1218 2193 Saluto
1263 2159 1352 2196 vos
1391 2159 1425 2196 a
1456 2141 1710 2214 Smyrna.

102 2223 184 2278 Ad
220 2223 519 2281 Romanos
555 2245 569 2280 :
607 2225 795 2282 Scriba
841 2239 1016 2284 autem
1047 2231 1192 2286 vobis
1229 2232 1342 2288 [nec
1377 2252 1410 2289 a
1457 2235 1710 2307 Smyrna.

105 2313 243 2370 Tres
269 2315 526 2384 reliquas
559 2317 824 2387 epistolas
869 2317 1084 2376 Troade
1127 2322 1367 2393 scriptas
1409 2325 1602 2394 fuisse,
1643 2344 1713 2384 ex

107 2406 240 2475 ipsis
293 2407 516 2476 pariter
566 2418 738 2479 patet.
773 2411 856 2467 Ad
901 2411 1393 2485 Philadelphenses
1431 2437 1446 2474 :
1494 2417 1713 2476 Salutat

109 2514 194 2551 ros
217 2500 464 2554 Charitas
483 2501 795 2569 multorum,
820 2505 914 2574 qui
949 2506 1003 2559 in
1043 2503 1271 2573 Troade,
1299 2509 1437 2564 unde
1465 2519 1518 2565 et
1538 2514 1712 2568 scribo

109 2589 248 2644 vobis
269 2609 372 2661 per
413 2593 674 2647 Burrum.
707 2596 788 2650 Ad
826 2596 1178 2669 Smyrnaeos:
1215 2598 1434 2658 Salutat
1467 2622 1555 2660 vos
1586 2609 1714 2661 cha-

110 2683 240 2736 ritas
271 2684 538 2753 fratrum,
565 2687 657 2756 qui
683 2688 741 2741 in
773 2686 998 2754 Troade,
1020 2691 1162 2745 unde
1182 2702 1234 2746 et
1256 2693 1428 2748 scribo
1456 2697 1599 2750 vobis
1621 2712 1714 2765 per

106 2774 367 2830 Burrum.
403 2778 481 2832 Ad
517 2777 879 2850 Polycarpum
921 2801 933 2836 :
971 2782 1113 2849 Quia
1155 2788 1321 2856 igitur
1349 2790 1594 2844 omnibus
1623 2808 1712 2846 ec-

106 2867 282 2921 clesiis
323 2883 435 2920 non
471 2869 626 2936 potui
663 2871 926 2936 scribere,
966 2884 1182 2944 propter
1211 2888 1418 2947 repente
1463 2883 1713 2953 navigare

105 2977 189 3015 nte
238 2978 272 3014 a
321 2959 540 3015 Troade
582 2961 638 3016 in
687 2961 1011 3033 Neapolim,
1057 2977 1113 3020 ut
1153 2969 1399 3026 voluntas
1447 2976 1708 3044 praecipit,

104 3053 303 3107 s:ribes
343 3053 476 3107 aliis
508 3054 765 3110 ecclesiis.
802 3053 1072 3113 Ohservat
1106 3057 1400 3128 Eusebius,
1440 3065 1709 3136 lgnatium

1815 1949 1937 1988 rum
1971 1945 2371 1992 successorem,
2408 1937 2464 1983 et
2486 1935 2783 1997 martyrem
2817 1933 3050 1980 testatur
3072 1922 3132 1978 S.
3164 1923 3403 1976 Athana-

1815 2027 1951 2082 sius.
1985 2023 2132 2078 Idem
2180 2023 2343 2092 paulo
2394 2028 2562 2092 post:
2607 2019 2664 2073 Ὀ
2702 2018 2971 2090 μακάριος
3018 2016 3276 2086 Ἰγνάτιος
3309 2016 3402 2088 ὀρ-

1813 2117 1920 2181 θῶς
1957 2115 2163 2188 ἔγραψε
2187 2153 2201 2174 .
2236 2112 2462 2183 γενητὸν
2495 2111 2656 2164 αὐτὸν
2689 2109 2862 2178 λέγων
2893 2109 2983 2163 διά
3014 2109 3111 2180 τὴν
3147 2109 3346 2180 σάρκα,
3370 2107 3400 2159 ὁ

1813 2209 1922 2280 γὰρ
1943 2205 2179 2278 Χριστὸς
2201 2201 2339 2275 σὰρξ
2371 2202 2607 2271 ἐγένετοδ
2643 2201 2909 2272 ἀγένητον
2939 2200 3021 2264 δὲ,
3051 2200 3133 2252 δτι
3173 2199 3248 2269 μὴ
3291 2196 3400 2251 τῶν

1814 2299 2138 2372 ποιημάτων
2169 2297 2264 2351 καὶ
2295 2293 2540 2367 γενητῶν
2575 2296 2742 2360 ἔστιν,
2777 2294 2915 2348 ἀλλὰ
2937 2292 3064 2356 Υἱὸς
3083 2295 3148 2346 ὲκ
3163 2291 3396 2364 Πατρός.

1814 2393 1973 2448 Recte
2001 2390 2221 2460 scripsit
2244 2391 2426 2444 beatus
2451 2383 2722 2458 Ignatius,
2747 2386 2947 2457 factum
2969 2401 3088 2439 eum
3124 2385 3305 2438 dicens
3335 2383 3400 2436 ob

1814 2500 2059 2551 carnem;
2089 2484 2333 2541 Christus
2375 2485 2514 2539 enim
2547 2496 2674 2536 caro
2701 2480 2875 2550 factus
2918 2487 3027 2543 est;
3054 2493 3160 2530 non
3195 2476 3400 2546 factum

1815 2588 2025 2646 autent,
2065 2578 2207 2651 quod
2251 2594 2356 2632 non
2394 2579 2464 2631 sit
2498 2591 2563 2631 ea:
2597 2572 2858 2629 creaturis
2879 2611 2894 2638 ,
2920 2579 2970 2624 et
3007 2571 3077 2624 iis
3099 2584 3218 2640 quae
3253 2567 3402 2638 facta

1814 2681 1959 2740 sunt,
1987 2674 2076 2726 sed
2103 2670 2278 2726 Filius
2306 2687 2334 2725 e
2363 2667 2546 2722 Patre.

1886 2766 2027 2822 Huic
2083 2766 2252 2821 etiam
2301 2764 2506 2819 saeculo
2563 2761 2622 2817 S.
2669 2759 2912 2816 Joannes
2970 2757 3398 2828 Chrysostomus

1815 2858 2176 2916 ascribendus
2209 2865 2294 2911 est
2330 2875 2342 2910 :
2387 2855 2674 2926 presbyter
2713 2851 2860 2907 enim
2893 2848 3176 2904 ordinatus
3209 2847 3402 2902 Antio-

1815 2952 1954 3009 chia:
1995 2965 2143 3005 anno
2185 2949 2312 3014 386,
2347 2944 2826 3014 Constantinopoli
2869 2941 3160 3012 cpiscopus
3204 2954 3401 2995 conse-

1815 3052 2002 3101 cratus
2025 3051 2109 3099 est
2138 3055 2284 3097 anno
2317 3039 2440 3096 598.
2478 3037 2616 3092 Dum
2652 3046 2833 3092 autem
2886 3033 3191 3088 Antiochiae
3233 3038 3400 3097 esset,

105 3146 160 3199 in
193 3145 438 3214 epistola
475 3145 545 3200 ad
587 3145 860 3216 Ephesios
893 3147 1140 3205 Onesimi
1189 3123 1435 3222 ipsorum
1464 3123 1713 3227 pastoris
1739 3159 1783 3217 ο
1815 3137 2138 3207 praeclaram
2214 3134 2268 3187 in
2340 3131 2398 3186 S.
2465 3128 2658 3200 lgnatii
2715 3125 3036 3196 martyrium
3093 3123 3400 3177 orationem

106 3238 476 3305 meminisse,
513 3238 571 3293 in
613 3241 844 3310 epistola
881 3243 947 3297 ad
984 3243 1298 3315 Magnesios
1336 3247 1560 3304 Damam
1598 3253 1713 3322 epi-

106 3345 337 3399 scopum
377 3331 734 3397 nominasse,
768 3333 827 3388 in
875 3335 1108 3404 epistola
1155 3338 1222 3392 ad
1257 3337 1570 3397 Trallianos
1609 3340 1714 3397 Po-

105 3421 232 3488 lybii
265 3422 550 3478 antistitis
583 3425 925 3480 mentionem
961 3426 1190 3497 fecisse;
1217 3445 1358 3499 quos
1393 3447 1587 3489 omnes
1616 3449 1713 3490 ea-

105 3514 362 3571 rumdem
421 3514 802 3572 Ecclesiarum
867 3520 1158 3590 episcopos
1209 3531 1412 3580 nostras
1469 3525 1714 3595 epistola:

105 3615 445 3677 agnoscunt.
470 3606 615 3662 Dicit
646 3623 771 3663 eum
806 3609 1111 3683 Polycarpo
1146 3613 1496 3672 Antiochense
1525 3616 1716 3674 Eccle-

108 3700 198 3752 sia
217 3713 448 3769 gregem
475 3701 917 3770 commendasse,
945 3719 1281 3776 rogasseque
1315 3717 1374 3763 ut
1396 3710 1548 3765 omni
1579 3726 1713 3766 cura

108 3799 160 3844 et
178 3791 478 3860 diligentia
510 3792 664 3847 illum
701 3792 886 3852 fovere
916 3797 1099 3864 vellet,
1129 3799 1275 3869 quod
1299 3800 1354 3854 iu
1379 3802 1610 3872 epistola
1645 3805 1713 3860 ad

109 3898 231 3936 eun
268 3883 407 3938 data
442 3885 697 3954 pluribus
729 3899 1004 3958 narratur.
1042 3889 1224 3963 Pergit
1258 3895 1508 3960 ulterius,
1545 3908 1599 3952 et
1634 3901 1714 3963 ei;

111 3976 379 4044 ἐπίδειξιν
426 3977 540 4031 τῶν
579 3981 888 4051 εἰρημένων
912 4023 928 4049 ,
962 3998 1030 4038 ex
1065 3985 1294 4055 epistola
1334 3988 1401 4041 ad
1436 3987 1714 4048 Romanos

112 4067 252 4125 bene
300 4071 529 4142 longam
587 4072 749 4143 ῥῆσιν
814 4076 1096 4146 excerpit,
1150 4087 1210 4132 ut
1274 4079 1393 4149 ipse
1443 4080 1712 4152 loquitur,

112 4160 255 4213 κατὰ
303 4158 480 4225 λέξινο
525 4161 658 4216 Ἀπὸ
703 4163 906 4235 Συρίας
960 4165 1122 4238 μέχρι
1181 4167 1402 4240 Ῥώμης
1451 4170 1716 4245 θηριομαφ

113 4251 213 4322 χῶ,
249 4261 391 4319 etc.,
425 4269 552 4323 quae
589 4255 827 4311 versioni
861 4267 1066 4314 nostrae
1099 4258 1310 4315 Latina
1343 4276 1570 4332 prorsus
1591 4280 1716 4321 con-

110 4345 374 4411 veniunt,
413 4347 552 4401 adeo
585 4355 648 4402 ut
681 4349 798 4404 haec
832 4351 1142 4407 accuratior
1172 4353 1243 4409 sit
1268 4352 1711 4411 Eusebianorum

114 4435 433 4499 translatio,
467 4452 632 4506 quam
668 4438 754 4492 vel
803 4436 1228 4512 Hieronymiana
1262 4444 1348 4499 vel
1383 4443 1710 4502 Ruﬂiniana.

110 4525 298 4580 Aliam
334 4527 505 4582 etiam
540 4544 608 4583 ex
651 4528 895 4598 Epistola
931 4499 1352 4606 ad'Smyrnaaos
1385 4499 1713 4593 sententiain
1746 4499 1792 4557 Β

113 4619 497 4688 transcripsit,
530 4636 655 4690 qua:
689 4624 744 4677 in
780 4625 988 4680 nostris
1021 4626 1307 4683 codicibus
1329 4629 1556 4685 totidem
1589 4645 1715 4685 ver-

109 4709 200 4764 bis
235 4719 441 4766 esstat.
495 4710 743 4784 Denique
790 4716 857 4770 ad
895 4717 1330 4774 conﬁrmandam
1373 4719 1716 4791 superiorem

109 4803 180 4858 de
216 4803 309 4858 his
344 4807 744 4872 narrationem,
781 4807 1066 4880 Polycarpi
1091 4819 1147 4866 et
1178 4809 1368 4866 lrenaei
1403 4813 1716 4868 testimonia

109 4895 353 4964 profert,
390 4898 459 4951 de
495 4899 698 4967 quibus
731 4910 858 4955 anle
906 4902 1179 4970 diximus,
1213 4911 1267 4959 et
1307 4915 1496 4974 postea
1530 4905 1718 4961 dicen-

111 4989 249 5043 dum
282 4989 416 5044 erit.
455 4988 582 5046 llam
616 4995 746 5048 sunt
778 4994 848 5049 ab
877 4993 1119 5052 Eusebio
1149 4997 1285 5052 adeo
1318 4997 1606 5068 diligenter
1633 4999 1719 5053 lu-

113 5082 457 5151 culenteque
491 5086 760 5153 exposita,
797 5094 857 5140 ut
882 5085 1114 5144 Dallteus
1146 5088 1262 5159 ipse
1287 5089 1488 5145 dixerit
1517 5087 1719 5144 :Fate-

113 5190 242 5228 mur
279 5172 578 5230 Eusebium
617 5177 740 5232 illas
781 5180 1036 5249 epistolas
1069 5197 1368 5251 agnoscere,
1397 5191 1446 5235 et
1478 5198 1573 5252 pro
1604 5198 1718 5236 vere

114 5264 432 5334 Ignatianis
461 5267 654 5323 habere
683 5286 700 5323 :
727 5286 890 5340 neque
913 5271 1316 5326 dissimulamus
1350 5289 1470 5340 eas,
1503 5273 1567 5326 de
1595 5274 1717 5343 qui-

116 5360 216 5413 bus
249 5358 348 5414 ille
373 5360 533 5414 verba
563 5361 720 5429 facit,
755 5363 852 5417 has
875 5363 1019 5432 ipsas
1055 5365 1220 5433 fuisse
1266 5367 1453 5432 videri,
1484 5381 1602 5437 qua:
1637 5365 1718 5418 his

116 5454 278 5506 hodie
315 5453 624 5508 nominibus
655 5456 1126 5526 circumferuntur,
1158 5458 1338 5528 quales
1363 5476 1451 5512 eas
1483 5476 1719 5513 reveren-

117 5543 381 5598 dissimus
409 5543 660 5600 Usserius
676 5545 867 5601 Latine
884 5565 903 5612 ;
920 5549 1314 5604 eruditissimus
1329 5549 1544 5604 Vossius
1572 5550 1722 5605 Cra:-

122 5651 200 5701 ce,
235 5650 302 5688 ex
337 5634 498 5688 libris
529 5634 627 5689 ille
657 5636 989 5707 Anglicanis,
1015 5639 1098 5692 hic
1133 5639 1382 5694 Mediceis
1415 5641 1717 5695 ediderunt.

104 5715 112 5757 ι
195 5725 444 5784 Eusebio
481 5729 729 5783 suecedit
761 5729 1121 5796 Athanasius,
1156 5747 1284 5787 vere
1318 5747 1550 5804 magnus
1574 5774 1589 5800 ,
1625 5731 1719 5802 qui

124 5816 183 5874 in
213 5817 453 5890 epismla
500 5817 569 5874 de
615 5819 839 5889 synodis
883 5821 1117 5878 Arimini
1164 5832 1218 5880 ct
1261 5822 1552 5890 Seleuciae,
1585 5821 1710 5878 dum

1818 3230 2032 3292 habuit,
2060 3229 2114 3282 in
2145 3241 2254 3297 qua
2284 3224 2451 3278 verba
2484 3223 2624 3292 ejus,
2662 3234 2784 3289 qua:
2816 3225 2947 3273 sunt
2975 3215 3030 3268 in
3062 3214 3303 3284 Epistula
3331 3211 3400 3266 ad

1821 3318 2103 3372 Romanos
2159 3315 2401 3371 adducit.
2453 3311 2610 3366 Tom.
2652 3307 2718 3372 V,
2755 3315 2894 3362 orat.
2940 3305 3029 3370 70,
3085 3320 3211 3375 pag.
3269 3302 3395 3358 504:

1830 3410 2095 3473 Ἀκούσας
2127 3408 2236 3480 γὰρ
2285 3407 2368 3460 ὃτι
2400 3397 2553 3467 οὗτος
2585 3401 2749 3456 αὑτὸν
2780 3398 2880 3469 τῆς
2913 3393 3180 3468 τιμωρίας
3212 3395 3241 3447 ὁ
3272 3393 3400 3465 τρόο

1817 3519 1918 3567 πος
1972 3503 2141 3574 μένει,
2189 3495 2330 3569 Ἐγὼ
2382 3495 2501 3551 τῶν
2563 3495 2782 3562 θηρίων
2843 3491 3089 3544 ἐκείνων
3121 3486 3396 3556 ὀναίμην,

1816 3595 1989 3664 ἔλεγεκ
2026 3591 2254 3648 τοιοῦτοι
2303 3591 2412 3662 γὰρ
2445 3590 2494 3642 οἱ
2529 3586 2761 3659 ἐρῶντες
2786 3602 2799 3616 ⁸
2833 3585 2969 3654 ὅπερ
3016 3580 3084 3635 ἂν
3117 3580 3399 3650 πάσχωσιν

1818 3688 1957 3759 ὑπὲρ
2007 3685 2114 3738 τῶν
2174 3682 2467 3756 ἐρωμένων
2528 3677 2645 3749 μεθ’
2707 3675 2900 3747 ἡδονῆς
2944 3673 3208 3744 δέχονται.
3263 3668 3400 3725 Cum

1815 3783 1955 3838 enim
1980 3779 2290 3843 audivisset,
2318 3773 2455 3846 quod
2485 3774 2570 3826 hic
2589 3787 2706 3826 eum
2728 3769 2977 3840 supplicii
3002 3767 3189 3820 modus
3220 3780 3401 3819 mane-

1817 3881 1918 3938 ret,
1957 3891 1974 3923 t
2001 3870 2220 3925 Utinam
2249 3884 2342 3938 ego
2372 3866 2481 3920 illis
2507 3864 2686 3918 bestiis
2713 3862 2890 3932 fruar,
2918 3878 2937 3911 ι
2963 3857 3255 3929 inquiebat.
3291 3855 3400 3910 Ta-

1815 3965 1890 4021 les
1912 3965 2052 4019 enim
2075 3971 2202 4016 sunt
2223 3962 2313 4031 qui
2340 3967 2526 4013 amant
2549 3973 2567 4022 ;
2589 3953 2846 4027 quidquid
2861 3969 2955 4022 pro
2975 3952 3040 4006 iis
3057 3966 3188 4022 quos
3217 3958 3400 4004 amant

1816 4058 2116 4128 patiantur,
2148 4069 2268 4108 cum
2297 4051 2562 4120 voluptate
2587 4048 2786 4117 ferunt.
2809 4044 2956 4100 idem
2984 4056 3181 4097 rursus
3207 4041 3263 4094 in
3283 4056 3388 4095 ora-

1815 4150 1966 4204 tione
1993 4147 2099 4218 ipsi
2126 4144 2432 4216 antiquitus
2459 4140 2742 4205 attributa,
2775 4135 2928 4201 Quod
2951 4150 3086 4189 unus
3124 4130 3323 4187 Veteris
3349 4141 3400 4186 et

1821 4241 1961 4297 Novi
1990 4237 2314 4294 Testamenti
2344 4232 2624 4304 legislator
2653 4231 2746 4297 sit,
2783 4229 2901 4284 haec
2922 4225 3108 4291 habet,
3145 4233 3280 4280 tom.
3308 4223 3396 4284 Vl,

1816 4349 1939 4404 pag.
1977 4330 2084 4386 645
2120 4346 2133 4382 :
2182 4328 2283 4382 Διὰ
2315 4324 2472 4381 τοῦτό
2503 4340 2587 4387 τις
2619 4321 2728 4375 τῶν
2759 4316 3021 4392 ἀρχαίων,
3069 4313 3328 4383 Ἰγνάτιος
3344 4309 3402 4404 δὲ

1817 4402 1988 4498 ὄνομα
2021 4421 2171 4494 αὐτῷ
2195 4461 2209 4486 ,
2243 4412 2398 4482 οὗτος
2433 4413 2702 4488 ιερωσύνῃ
2735 4412 2828 4467 καὶ
2865 4407 3150 4482 μαρτυρῑῳ
3181 4402 3405 4498 διαπρέ-

1818 4495 1948 4590 ψας,
1967 4514 2300 4572 ἐπιστέλλων
2333 4510 2441 4566 τινὶ
2475 4510 2613 4581 ἱερεῖ
2644 4500 3042 4576 ἐλεγε,Μηδὲν
3071 4499 3219 4553 ἄνευ

1811 4588 1933 4683 ρης
1964 4624 2081 4664 σου
2115 4605 2385 4679 γινέσθω·
2418 4599 2574 4672 μηδὲ
2605 4598 2687 4655 σὺ
2717 4598 2862 4652 ἄνευ
2893 4591 3132 4665 γνώμης
3165 4588 3404 4683 Θεοῦντι

1818 4682 2056 4774 πρᾶττε.
2123 4699 2414 4769 Propterea
2475 4695 2698 4766 quidam
2746 4706 2811 4746 ea:
2864 4686 3136 4758 antiquis,
3194 4682 3410 4736 nomine»

1821 4796 2100 4869 Ignatius,
2128 4789 2425 4848 sacerdotio
2454 4795 2505 4841 et
2537 4783 2802 4854 martyrio
2835 4785 3015 4834 clarus
3037 4819 3051 4844 ,
3083 4777 3142 4830 in
3176 4773 3403 4845 epistola

1819 4866 1888 4943 ad
1915 4887 2237 4942 sacerdotem
2265 4880 2545 4954 quemdam
2566 4878 2702 4932 dixit
2729 4891 2748 4928 :
2783 4894 2802 4926 ι
2827 4871 2982 4927 Nihil
3005 4872 3118 4924 sine
3144 4866 3403 4922 sententia

1823 4993 1916 5036 tua
1954 4981 2082 5046 ﬁat;
2117 4993 2279 5048 neque
2317 4985 2374 5028 tu
2407 4974 2520 5028 sine
2558 4968 2820 5025 sententia
2859 4965 2957 5019 Dei
2991 4963 3284 5034 quidquam
3320 4959 3406 5027 fa-

1821 5077 1952 5129 cias.
1989 5093 2008 5126 r
2049 5070 2181 5138 Quae
2208 5068 2437 5122 totidem
2459 5063 2644 5118 verbis
2683 5062 2736 5115 in
2779 5057 3009 5129 epistola
3047 5053 3115 5108 ad
3147 5052 3406 5122 Polycar-

1820 5183 1950 5238 pum
1985 5165 2287 5220 etiamnum
2314 5165 2552 5215 exstant.

1891 5258 2080 5313 Eidem
2116 5270 2231 5310 aevo
2255 5248 2544 5307 tribuenda
2575 5252 2705 5302 sunt
2740 5240 3053 5298 testimonia
3104 5236 3162 5292 S.
3211 5235 3378 5289 Hiero

1822 5352 1994 5424 nymi,
2046 5347 2143 5418 qui
2199 5360 2344 5400 anno
2377 5342 2446 5396 M
2495 5335 2843 5408 imperatoris
2894 5331 3226 5394 Theodosii,
3259 5329 3407 5384 circa

1822 5419 2029 5505 annum
2069 5440 2287 5498 Domini
2338 5437 2476 5500 595,
2520 5431 2839 5501 Catalogum
2881 5429 3200 5496 scriptorum
3243 5419 3407 5475 eccle—

1823 5540 2165 5594 siasticorum
2206 5548 2266 5587 se
2303 5527 2685 5597 composuisse
2717 5529 2969 5585 testatur,
3005 5520 3058 5571 in
3099 5530 3210 5584 quo
3243 5512 3418 5567 Cato-

1824 5635 1942 5703 loga
1981 5632 2099 5685 hate
2125 5626 2288 5682 habet
2316 5641 2328 5676 :
2363 5620 2634 5692 Ignatius,
2660 5614 3000 5669 Antiochente
3033 5607 3285 5664 Ecclesia:
3310 5615 3409 5658 ter—

1825 5727 1954 5789 tius,
1989 5729 2106 5793 post
2139 5721 2358 5773 Petrum
2394 5710 2693 5783 apostolum
2725 5707 3028 5776 episcopus,
3060 5705 3411 5754 commovente

1828 5791 2240 5874 persecutionem
2265 5808 2500 5879 Trojano
2543 5805 2831 5860 damnatus
2856 5799 2924 5856 ad
2945 5797 3161 5852 bestias,
3187 5791 3423 5849 Romam.
