3878 6210
504 300 579 356 85
1569 296 1625 353 S.
1669 296 2023 356 IGNATIUS.
2058 330 2125 341 -—
2161 296 2696 358 PROLEGOMENA.
3728 300 3793 353 Rt

504 417 714 475 vinctus
744 415 1005 472 mittitur.
1031 416 1269 489 Cumque
1308 420 1565 491 navigans
1601 419 1889 491 Smyrnam
1928 400 2100 474 venis-
2130 426 2176 483 Α
2203 423 2329 476 vina
2354 422 2724 478 incarnatione
2752 422 3094 487 sententiam,
3120 428 3178 476 ut
3198 437 3487 492 cognoscas
3516 422 3584 476 de
3611 438 3797 476 susce-

502 516 585 562 set
612 506 702 562 ubi
744 506 1076 579 Polycarpus
1122 509 1343 564 auditor
1381 508 1612 565 Joannis
1640 512 1916 581 episcopus
1956 520 2094 578 erat,

501 601 717 672 scripsit
737 617 899 656 unam
917 600 1198 672 epistolam
1222 600 1291 655 ad
1319 600 1599 673 Ephesios,
1631 602 1860 657 alteram
1880 602 1951 656 ad
1977 602 2099 657 Ma-

502 694 805 765 gnesianos,
838 694 1050 748 tertiam
1074 694 1143 748 ad
1182 692 1501 759 Trallenses,
1527 705 1778 766 quartam
1801 698 1871 749 ad
1896 694 2097 749 Roma-

502 802 601 841 nos
627 804 646 843 :
676 797 726 842 et
766 787 887 842 inde
909 789 1181 858 egrediens
1208 788 1422 858 scripsit
1458 789 1528 843 ad
1562 787 1865 859 Philippeos
1889 831 1905 856 ,
1937 797 1987 844 et
2025 788 2097 842 ad

501 876 830 949 Smyrnaos,
860 888 911 934 et
938 880 1151 949 proprie
1179 879 1249 933 ad
1290 878 1650 952 Polycarpum
1672 922 1688 947 ,
1722 883 2096 937 commendans

499 970 1018 1028 illiAntiochensem
1047 972 1368 1039 Ecclesiam,
1420 983 1476 1030 et
1523 976 1734 1046 reliqua
1781 974 2096 1031 Eusebiana

501 1060 622 1119 fere
645 1062 853 1131 omnia,
887 1065 1056 1119 tacito
1078 1062 1304 1121 Eusebii
1331 1067 1577 1131 nomine,
1606 1066 1980 1138 transcripsit,
1999 1067 2097 1123 ad-

499 1169 679 1226 eoque
729 1168 830 1210 sua
866 1153 1017 1211 fecit.
1071 1155 1187 1213 lmo
1227 1156 1415 1213 libello
1459 1159 1728 1213 Adversus
1760 1157 2094 1227 Helvidium,

499 1261 665 1317 quem
696 1253 825 1303 ante
848 1244 1168 1320 Catalogum
1192 1249 1437 1320 scripsit,
1455 1250 1605 1305 circa
1637 1265 1867 1316 annum,
1898 1260 1959 1305 ut
1976 1253 2097 1322 opi-

499 1352 605 1392 nor
634 1336 763 1406 585,
797 1337 867 1393 ad
910 1336 1118 1394 fontem
1149 1340 1400 1396 veritatis
1449 1355 1780 1412 provocans,
1825 1341 2094 1413 Ignatium

500 1438 767 1502 tanquam
798 1440 1049 1486 veterum
1101 1432 1436 1502 scriptorum
1478 1433 1783 1504 principem
1822 1434 2092 1490 nominat.

499 1523 760 1598 Nunquid
803 1542 908 1580 non
929 1543 1149 1598 possum
1179 1527 1275 1583 tibi
1298 1539 1468 1584 totam
1503 1539 1735 1585 veterum
1774 1532 2096 1601 scriptorum

499 1619 689 1674 seriem
709 1634 1052 1688 commovere,
1078 1618 1375 1692 Ignatium,
1395 1622 1778 1695 Polycarpum,
1802 1623 2091 1694 Irenaum,

498 1711 778 1768 Iustinum
818 1722 1111 1784 martyrem
1132 1753 1149 1780 ,
1189 1714 1486 1788 multosque
1512 1716 1649 1772 alios
1691 1718 2013 1788 apostolicos
2042 1729 2093 1775 et

2199 522 2295 583 pta
2346 524 2547 570 natura
2599 515 2729 587 quid
2779 515 3025 570 senserit.
3072 514 3341 570 Audivisti
3380 517 3525 569 enim
3573 532 3797 584 prorsus

2201 604 2479 678 Ignatium
2520 608 2702 672 illum,
2754 609 2848 679 qui
2888 609 2954 663 de
2991 607 3141 662 Petri
3186 608 3407 662 dextera
3444 609 3796 678 pontiﬁcatus

2199 701 2433 771 gratiam
2477 702 2730 771 suscepit,
2767 709 2818 754 et
2856 708 2977 769 post
3011 700 3451 754 administratam
3497 698 3797 754 Ecclesiam

2196 794 2587 848 Antiochenam
2636 793 2890 864 martyrii
2935 809 3189 847 coronam
3233 793 3455 862 adeptus
3496 802 3600 847 est.
3657 791 3797 847 Cum

2197 894 2311 942 tam
2346 886 2712 941 honoriﬁcam
2763 887 3012 941 auctoris
3060 887 3398 942 mentionem
3448 885 3702 951 fecisset,
3731 902 3797 939 ex

2197 978 2444 1050 epistolis
2471 979 2593 1049 ejus
2621 979 2939 1034 testimonia
2968 978 3197 1049 subjicit
3227 997 3241 1033 :
3281 978 3389 1032 Τοῦ
3419 979 3579 1049 ἁγίου
3626 978 3797 1047 1m-

2196 1072 2314 1126 τίου
2374 1070 2678 1131 ἐπισκόπου
2742 1071 3074 1142 Ἀντιοχείας
3120 1072 3216 1126 καὶ
3264 1071 3542 1144 μάρτυρος
3581 1071 3654 1124 ὲκ
3697 1072 3798 1142 τῆς

2197 1164 2338 1235 πρὸς
2380 1164 2727 1237 Σμυρναίους
2774 1162 2872 1232 (ita
2919 1163 3247 1233 legendum,
3300 1179 3411 1217 non
3463 1163 3801 1234 Ῥωμαίους)

2211 1257 2555 1329 Ἐπιστολῆς.
2609 1257 2667 1316 S.
2698 1256 2927 1328 Ignatii,
2973 1258 3205 1327 episcopi
3225 1256 3547 1311 Antiochcni
3572 1265 3628 1311 et
3658 1273 3811 1310 mar—

2198 1352 2332 1422 tyris
2354 1367 2420 1405 ea:
2448 1350 2696 1420 Epistola
2750 1350 2821 1405 ad
2859 1348 3186 1420 Smyrnaos.
3250 1350 3796 1420 Πεπληροςρορημέ-

2194 1460 2344 1510 νους
2377 1442 2616 1510 ἀληθῶς
2661 1445 2749 1509 εις
2788 1442 2898 1496 τὸν
2914 1443 3138 1511 Κύριον
3181 1442 3374 1512 ἡμῶν,
3401 1441 3553 1496 ὄντα
3591 1443 3667 1496 ἐκ
3697 1440 3795 1512 τέ-

2194 1551 2343 1601 νους
2373 1535 2551 1589 Δαϐὶδ
2582 1535 2733 1589 κατὰ
2760 1534 2975 1603 σάρκα,
3012 1535 3150 1590 Υίοῦ
3184 1534 3332 1589 Θεοῦ
3359 1535 3511 1589 κατὰ
3541 1536 3803 1602 θεότητα

2196 1626 2295 1682 καὶ
2321 1626 2598 1697 δύναμιν,
2620 1628 3060 1698 γεγεννημένον
3087 1628 3327 1696 ἀληθῶς
3356 1629 3427 1682 ἐκ
3454 1627 3800 1697 Παρθένου,

2189 1720 2678 1790 βεϐαπτισμένον
2702 1721 2823 1777 ὑπὸ
2864 1720 3135 1775 Ἰωάννου
3171 1722 3273 1776 ἵνα
3299 1719 3592 1789 πληρωθῇ
3625 1720 3802 1775 πᾶσα

495 1806 798 1879 eloquentes
816 1808 981 1877 viros,
1003 1808 1095 1879 qui
1118 1807 1372 1863 adversus
1407 1807 1717 1876 Hebionem,
1753 1823 1803 1866 et
1848 1810 2086 1866 Theodo-

2194 1808 2548 1878 δικαιοσύνη
2579 1811 2681 1865 ὑπ’
2718 1810 2907 1865 αὐτοῦ
2929 1850 2944 1877 ,
2977 1810 3220 1879 ἀληθῶς
3250 1810 3372 1866 ὑπὸ
3404 1812 3669 1865 Ποντίου
3700 1816 3813 1865 Πι-

497 1906 613 1954 tum
653 1898 974 1970 Byzantium
998 1941 1013 1967 ,
1042 1908 1095 1954 et
1140 1898 1480 1956 Valentinum
1517 1901 1628 1957 hac
1654 1904 1837 1958 eadem
1869 1905 2098 1959 sentiem-

496 2001 577 2048 tes
620 1993 778 2064 plena
824 1993 1100 2063 sapientia
1130 1993 1402 2049 volumina
1444 1995 2095 2066 conscripserunt?ldem

497 2084 558 2138 in
598 2080 657 2139 S.
690 2082 1010 2140 Malthaum
1043 2100 1057 2137 :
1091 2082 1340 2156 Ignatius
1369 2087 1535 2141 etiam
1576 2096 1826 2158 quartam
1885 2089 2095 2143 addidit

496 2192 718 2230 causam
753 2193 852 2231 cur
883 2194 918 2232 a
948 2177 1272 2249 desponsata
1296 2189 1578 2250 conceptus
1620 2184 1713 2248 sit,
1747 2200 1767 2233 ι
1793 2190 1851 2236 ut
1883 2192 2093 2252 partus,

494 2267 761 2339 inquiens,
788 2268 904 2339 ejus
945 2268 1212 2325 celaretur
1253 2271 1490 2328 diabolo.
1529 2290 1551 2324 ι
1594 2266 1661 2327 Et
1689 2274 1822 2344 quid
1850 2275 1923 2333 de
1956 2276 2096 2331 scri-

493 2360 607 2430 ptis
634 2358 830 2433 lgnatii
881 2363 1062 2417 nostri
1091 2364 1350 2430 senserit,
1384 2365 1549 2420 etiam
1581 2380 1709 2421 cum
1738 2368 1964 2432 erravit,
1997 2383 2089 2424 os-

496 2452 696 2521 tendit,
726 2453 862 2509 Adv.
893 2452 1217 2526 Pelagianos
1250 2456 1288 2511 1.
1324 2473 1385 2512 ιιι
1413 2455 1713 2527 :Ignatius,
1732 2461 1814 2513 vir
1833 2460 2092 2530 apostoli-

495 2560 592 2599 cus
621 2553 673 2599 et
698 2557 931 2618 martyr,
962 2548 1149 2602 scribit
1191 2549 1450 2604 audacter
1486 2566 1504 2604 :
1555 2569 1574 2602 ι
1606 2549 1783 2622 Elegit
1835 2552 2090 2608 Dominus

495 2637 789 2706 apostolos,
813 2640 905 2710 qui
929 2655 1086 2710 super
1106 2656 1285 2695 omnes
1309 2641 1543 2697 homines
1563 2655 1863 2713 peccatores
1880 2654 2053 2700 erant.
2068 2666 2088 2700 ι

507 2727 686 2785 Verba
716 2731 866 2786 enim
895 2745 1006 2786 non
1035 2741 1165 2788 sunt
1190 2732 1406 2805 lgnatii,
1440 2735 1537 2792 sed
1564 2734 1854 2803 Barnabas,
1894 2738 1950 2793 in
1994 2753 2093 2795 cu-

491 2818 588 2893 jus
612 2819 856 2892 Epistola
876 2823 1183 2879 etiamnum
1212 2834 1452 2882 exstant.
1572 2888 1575 2893 ,

569 2908 761 2978 Quinti
808 2914 999 2970 saeculi
1041 2914 1258 2985 primus
1293 2917 1453 2974 testis
1481 2927 1570 2975 est
1612 2919 1677 2977 B.
1711 2921 2090 2982 Theodoretus

493 3005 791 3076 episcopus
814 3005 966 3079 Cyri,
994 3008 1090 3078 qui
1117 3016 1173 3065 et
1194 3010 1356 3066 tertio
1377 3020 1431 3067 et
1455 3022 1662 3085 Quarto
1691 3019 1933 3087 generali
1956 3034 2092 3078 conv.

492 3097 626 3153 cilio
653 3096 925 3154 interfuit.
960 3098 1057 3155 Ille
1096 3111 1300 3170 autem,
1333 3120 1458 3160 cum
1505 3114 1672 3164 testes
1700 3110 2089 3167 ecclesiastica

493 3189 762 3246 doctrina
796 3192 1136 3261 posteriores
1158 3206 1563 3263 enumerasset,
1585 3198 1704 3255 haec
1733 3201 1801 3256 de
1829 3204 2088 3259 vetustis-
2114 3176 2157 3234 ο

491 3282 655 3338 simis
674 3282 903 3351 addidit,
927 3283 1090 3353 epist.
1106 3284 1174 3340 ad
1188 3287 1499 3356 monachos
1516 3288 2087 3361 Constantinopolita-

492 3388 619 3440 nos,
650 3390 707 3445 ι).
734 3374 876 3430 1οἳ7
911 3395 926 3431 :
956 3377 1067 3431 Καὶ
1087 3378 1137 3431 oi
1160 3378 1368 3435 τούτων
1389 3380 1757 3454 πρεσϐύτεροι
1805 3383 2085 3452 Ἰγνάτιος,

491 3464 592 3521 καὶ
625 3465 1006 3540 Πολύκαρπος,
1044 3470 1139 3525 καὶ
1171 3470 1484 3544 Εἰρηναῖος,
1535 3472 1630 3529 καὶ
1666 3473 1970 3540 Ἰουστῖνος,
1994 3478 2087 3531 καὶ

501 3557 857 3627 Ἱππόλυτος,
893 3554 970 3616 ὧν
1019 3565 1070 3616 oi
1103 3564 1322 3629 πλείους
1371 3566 1474 3623 οὐκ
1505 3567 1808 3640 ἀρχιερέων
1842 3569 2089 3641 προλάμ-

487 3665 656 3704 πουσι
691 3651 852 3724 μόνον
873 3691 890 3718 ,
925 3652 1062 3708 ἀλλὰ
1097 3655 1191 3708 καὶ
1224 3655 1334 3710 τῶν
1386 3657 1684 3730 μαρτύρων
1732 3658 2086 3732 διακοσμοῦσι

489 3743 859 3816 χορόν.Αιᾳιιε
883 3744 966 3800 his
991 3748 1341 3817 antiquiores,
1359 3747 1627 3819 Ignatius,
1652 3761 1703 3805 et
1729 3751 2083 3823 Polycarpus,

488 3841 542 3887 et
557 3830 800 3890 Irenaus
811 3876 824 3899 ,
836 3845 886 3891 et
901 3833 1174 3902 Justinus,
1188 3849 1238 3893 et
1254 3838 1600 3912 Hippolytus,
1613 3860 1837 3914 quorum
1852 3845 2087 3916 plerique

489 3937 597 3979 non
627 3926 785 3980 modo
825 3928 968 3983 inter
995 3931 1275 4000 pontiﬁces
1303 3932 1611 4002 pralucent,
1659 3935 1751 3989 sed
1788 3946 2086 4006 martyrum

487 4015 656 4069 etiam
676 4015 897 4071 chorum
917 4030 1202 4076 exornant.
1231 4019 1377 4077 Idem
1412 4022 1592 4094 Epist.
1643 4025 1713 4080 ad
1741 4024 2085 4081 Florentium

487 4105 815 4175 Patricium,
842 4127 968 4183 pag.
1007 4112 1113 4170 966
1152 4130 1166 4166 :
1213 4113 1401 4169 Ταῦτα
1434 4117 1494 4171 δὲ
1521 4121 1656 4190 ἡμῖν
1685 4119 1992 4192 παρέδοσαν
2022 4121 2083 4175 οὐ

488 4199 654 4274 μόνον
697 4203 750 4255 οί
787 4202 1076 4259 ἀπόστολοι
1119 4208 1215 4263 καὶ
1259 4209 1569 4282 προφῆται,
1602 4210 1740 4265 ἀλλὰ
1783 4212 1878 4266 καὶ
1919 4215 1969 4271 οἱ
2016 4215 2085 4269 τὰ

487 4294 698 4350 τούτων
737 4297 1149 4370 ἡρμηνευκότες
1179 4298 1616 4374 συγγράμματα,
1660 4303 1939 4372 Ἰγνάτιος,
1974 4306 2083 4359 Εὐ-

490 4390 745 4457 στάθιος,
783 4390 1127 4458 Ἀθανάσιος,
1166 4393 1481 4460 Βασίλειος,
1525 4395 1854 4468 Γρηγόριος,
1901 4397 2083 4452 Ἰωάν-

2198 1901 2389 1961 λάτου
2414 1902 2513 1956 καὶ
2548 1901 2806 1971 Ἡρώδου
2832 1902 3156 1972 τετράρχου
3182 1904 3613 1973 καθηλωμένον
3639 1903 3799 1972 ὑπὲρ

2199 1992 2369 2063 ἡμῶν
2382 1996 2584 2064 σαρκί.
2600 1995 2771 2050 Plane
2794 1996 3162 2066 cumulateque
3186 2012 3466 2066 persuasos
3482 1996 3548 2050 de
3562 1995 3799 2049 Domina

2200 2095 2402 2153 nostro,
2427 2088 2517 2157 qui
2548 2097 2625 2142 est
2658 2104 2727 2144 ea:
2751 2104 2936 2159 genere
2961 2087 3136 2142 David
3170 2088 3457 2143 secundum
3479 2104 3719 2152 carnem,
3744 2099 3797 2142 et

2200 2177 2378 2234 Filius
2396 2178 2494 2233 Dei
2509 2181 2798 2234 secundum
2814 2180 3150 2237 divinitatem
3168 2188 3217 2235 et
3234 2179 3550 2249 potentiam,
3566 2180 3662 2249 qui
3678 2196 3800 2234 vere

2198 2279 2355 2324 natus
2384 2281 2550 2325 estea:
2575 2270 2809 2343 Virgine,
2837 2272 3141 2343 baptizatus
3167 2288 3199 2327 a
3219 2271 3430 2331 Joanne
3452 2280 3513 2326 ut
3536 2274 3712 2327 omnis
3728 2273 3796 2326 ab

2195 2363 2310 2433 ipso
2331 2362 2551 2433 justitia
2583 2364 2924 2435 impleretur;
2956 2380 3073 2420 vere
3129 2364 3226 2420 sub
3272 2362 3470 2420 Pontio
3512 2364 3701 2419 Pilato
3743 2376 3798 2420 et

2198 2454 2407 2510 Ilerode
2440 2458 2710 2511 tetrarcha
2733 2473 2829 2527 pro
2857 2458 3004 2515 nobis
3042 2459 3101 2515 in
3143 2474 3302 2513 carne
3329 2458 3648 2528 cruciﬁxus.
3682 2458 3797 2511 Τοῦ

2194 2547 2357 2601 αὑτοῦ
2396 2549 2460 2602 ὲκ
2499 2549 2600 2621 τῆς
2643 2549 2812 2621 αὐτῆς
2845 2549 3182 2620 Ἐπιστολῆς.
3213 2549 3471 2620 Ejusdem
3512 2565 3579 2605 ea:
3604 2550 3799 2604 eadem

2194 2638 2441 2709 Epistola
2461 2655 2482 2702 ζ
2502 2640 2562 2695 Τί
2581 2639 2693 2709 γὰρ
2723 2639 2962 2710 ὠφελεῖ,
2991 2640 3159 2708 εἷπερ
3180 2656 3260 2710 με
3290 2639 3527 2694 ἐπαινεῖ
3543 2656 3660 2707 τις,
3685 2640 3798 2695 τόν

2192 2731 2262 2786 δὲ
2292 2734 2516 2801 Κύριόν
2544 2750 2666 2803 μου
2693 2731 3084 2803 βλασφημεῖ,
3119 2731 3202 2802 μὴ
3245 2732 3557 2803 ὁμολοώ
3599 2735 3797 2790 αὐτὸν

2192 2827 2575 2895 σαρκοφόρον
2594 2843 2607 2856 ·
2640 2829 2674 2881 ό
2697 2824 2767 2881 δὲ
2798 2825 2973 2880 τοῦτο
2993 2824 3080 2897 μὴ
3113 2825 3308 2896 λέγων
3339 2827 3580 2893 τελείως
3599 2827 3796 2881 αὐτὸν

2192 2914 2447 2986 ἤρνηται
2484 2915 2568 2982 ὡς
2608 2916 2999 2985 νεκροφόρον.
3038 2914 3182 2982 Quid
3228 2924 3409 2971 autem
3454 2918 3708 2986 prodest,
3747 2920 3795 2973 si

2190 3008 2309 3078 quis
2338 3023 2420 3061 me
2451 3008 2652 3072 laudet,
2678 3007 2970 3062 Dominum
3011 3017 3188 3062 autem
3228 3024 3404 3064 meum
3431 3008 3793 3079 blasphemet,

2193 3113 2297 3152 non
2340 3098 2594 3168 conﬁtens
2637 3114 2756 3151 eum
2804 3113 3018 3152 carnem
3059 3097 3312 3168 gestare?
3351 3095 3505 3163 Quod
3537 3097 3633 3167 qui
3680 3113 3794 3151 non

2190 3190 2496 3259 proﬁtetur,
2527 3189 2684 3260 plane
2715 3189 2893 3260 ipsum
2933 3198 3108 3261 negat,
3151 3198 3210 3243 ut
3240 3189 3467 3244 cadaver
3500 3190 3798 3258 circumfe-

2190 3292 2411 3335 rentem.
2438 3280 2544 3334 Τοῢ
2578 3278 2744 3334 αὑτοῦ
2796 3281 2861 3334 ὲκ
2893 3280 2994 3349 τῆς
3024 3280 3197 3351 αὐτῆς
3239 3280 3578 3351 Ἐπιστολῆς.
3626 3279 3799 3350 Ejus-~

2188 3375 2307 3428 dem
2354 3390 2419 3429 ea:
2452 3375 2634 3428 eadem
2676 3373 2925 3444 Epistola
2952 3387 2971 3425 :
3004 3376 3077 3427 Εὶ
3103 3373 3213 3443 γὰρ
3246 3372 3326 3439 τῷ
3359 3371 3562 3426 δοκεῖν
3593 3372 3797 3434 ταῦτα

2188 3463 2455 3533 ἐπράχθη
2499 3463 2619 3521 ὑπὸ
2652 3464 2759 3519 τοῦ
2791 3464 3013 3533 Κυρίου
3050 3463 3241 3534 ἡμῶν,
3275 3460 3445 3533 κάγὼ
3470 3462 3550 3528 τῷ
3580 3462 3795 3518 δοκεῖν

2188 3554 2426 3626 δέδεμαι
2449 3572 2462 3585 °
2514 3557 2574 3609 τί
2613 3554 2682 3609 δὲ
2713 3554 2812 3615 καὶ
2843 3555 3105 3626 ἐμαυτὸν
3148 3554 3398 3610 ἔκδοτον
3439 3553 3671 3609 δέδωκα
3704 3555 3797 3621 τῷ

2190 3648 2441 3715 θανάτῳ,
2477 3647 2627 3716 πρὸς
2659 3647 2801 3715 πῦρ,
2841 3647 2991 3715 πρὸς
3028 3648 3354 3718 μάχαιραν,
3397 3649 3548 3716 πρὸς
3580 3650 3795 3717 θηρίαί

2189 3739 2326 3794 ἀλλ’
2347 3742 2376 3793 ὁ
2405 3739 2585 3810 ἐγγὺς
2609 3740 2928 3809 μαχαίρας,
2964 3739 3147 3810 ἐγγὺς
3164 3740 3312 3794 Θεοῦ
3334 3757 3349 3772 ο
3379 3741 3573 3810 μόνον
3604 3741 3676 3794 ἐν
3704 3741 3792 3807 τῷ

2189 3830 2435 3899 ὀνόματι
2488 3829 2691 3899 Ἰησοῦ
2722 3831 3002 3900 Χριστοῦ,
3032 3834 3121 3899 εἰς
3149 3832 3215 3885 τὸ
3238 3830 3578 3902 συμπαθεῖν
3619 3831 3792 3896 αὺτῷ

2188 3924 2389 3978 πάντα
2436 3923 2736 3994 ὑπομένω,
2782 3924 2972 3981 αὑτοῦ
3013 3942 3092 3995 με
3136 3925 3625 3995 ὲνδυναμοῦντος
3672 3929 3798 3982 τοῦ.

2187 4017 2421 4071 τελείου
2436 4015 2771 4085 ἀνθρώπου,
2785 4016 2858 4071 ὅν
2869 4035 3027 4093 τινες
3052 4018 3413 4089 ἀγνοοῦντες
3431 4020 3784 4088 ἀρνοῦνται.

2189 4108 2251 4165 Si
2285 4111 2425 4165 enim
2460 4111 2702 4181 opinione
2752 4120 2961 4166 tantum
2982 4113 3093 4175 hac
3118 4128 3152 4166 a
3174 4113 3402 4166 Domino
3424 4122 3605 4167 nostra
3631 4125 3793 4184 gesta

2189 4213 2338 4272 sunt,
2371 4220 2465 4275 ego
2504 4220 2707 4275 quoque
2751 4204 2997 4275 opinione
3040 4205 3246 4260 vinctus
3271 4221 3411 4267 sum,
3456 4203 3567 4260 Cur
3598 4216 3790 4261 autem

2184 4308 2235 4353 et
2278 4299 2538 4368 meipsum
2583 4298 2744 4351 morti
2792 4297 3018 4364 tradidi,
3061 4298 3131 4351 ad
3172 4299 3367 4369 ignem,
3405 4298 3475 4351 ad
3507 4297 3783 4369 gladium,

2188 4391 2259 4445 ad
2286 4392 2523 4445 bestias?
2570 4389 2763 4444 Verum
2799 4391 2890 4462 qui
2928 4392 3132 4445 vicinus
3165 4390 3368 4462 gladio,
3400 4390 3603 4444 vicinus
3628 4390 3781 4457 Deo;

486 4502 617 4557 νης,
658 4485 753 4540 καὶ
797 4485 849 4539 οἱ
893 4484 1042 4540 ἄλλοι
1088 4485 1190 4558 τῆς
1236 4486 1564 4559 οἰκουμένης
1599 4489 1904 4561 φωστῆρες,
1950 4489 2083 4547 Hac

2189 4482 2362 4536 solum
2405 4482 2463 4536 in
2509 4483 2720 4536 nomine
2754 4480 2885 4543 Jesu
2921 4481 3155 4548 Christi,
3212 4492 3271 4536 ut
3311 4484 3621 4552 passionum
3657 4484 3783 4554 ejus

485 4577 640 4632 nobis
690 4577 962 4633 tradidere
998 4594 1103 4633 non
1141 4578 1374 4649 apostoli
1404 4580 1558 4634 modo
1592 4588 1642 4635 et
1678 4583 1965 4651 propheta,
1995 4600 2082 4640 ve-

485 4683 609 4721 rum
649 4668 817 4723 etiam
851 4668 915 4733 ii,
962 4669 1057 4739 qui
1089 4668 1281 4725 horum
1326 4668 1492 4725 libros
1541 4672 1879 4742 interpretati
1929 4684 2078 4744 sunt,

484 4755 763 4837 Ignatius,
782 4758 1750 4837 Eustathius,.4thanasius,Basilius,
1770 4762 2077 4837 Gregorius,

484 4849 746 4916 Joannes.
783 4864 835 4909 et
873 4853 1078 4925 reliqua
1103 4855 1244 4909 orbis
1277 4856 1504 4910 lumina.
1553 4856 1750 4926 lgnatii
1783 4868 1966 4914 autem
1999 4870 2080 4914 te-

485 4944 748 5000 stimonia
797 4944 1066 5003 adversus
1107 4948 1427 5003 hareticum
1471 4948 1880 5018 producturus,
1925 4951 2073 5006 Dial.

483 5035 782 5092 Immutab.
831 5038 912 5094 sic
942 5039 1011 5095 de
1059 5038 1178 5110 ipso
1207 5039 1514 5110 praefatur:
1563 5041 1848 5107 Ἐπιδείξω
1898 5042 1956 5097 δέ
1995 5062 2077 5105 σοι

479 5129 574 5185 τὸν
613 5129 971 5203 πανεύφημον
1020 5132 1119 5204 τῆς
1157 5132 1484 5205 Ἐκκλησίας
1514 5133 1851 5201 διδάσκαλον,
1888 5136 1981 5190 καὶ
2016 5138 2078 5191 τὸ

479 5222 694 5279 ἐκείνου
746 5224 876 5296 περὶ
922 5224 1027 5296 τῆς
1068 5224 1219 5290 θείας
1268 5225 1736 5299 ὲνανθρωπήσεως
1784 5228 2073 5301 φρόνημα,

478 5313 569 5369 ἵνα
590 5314 739 5387 γνῷς
772 5316 897 5370 τινα
939 5317 1067 5388 περὶ
1108 5318 1209 5390 τῆς
1239 5317 1538 5390 ληφθείσης
1573 5318 1794 5384 ὲδὸξασε
1824 5321 2038 5390 φύσεως
2058 5339 2071 5352 ·

475 5409 726 5481 ἀκήκοας
753 5409 813 5464 δὲ
840 5408 1059 5474 πάντως
1096 5411 1354 5480 Ἰγνάτιον
1383 5415 1612 5479 ἐκεῖνον,
1642 5412 1703 5476 ὃς
1734 5412 1824 5467 διὰ
1850 5415 1950 5485 τῆς
1978 5414 2074 5468 τοῦ

480 5499 721 5570 μεγάλου
754 5501 966 5574 Πέτρου
991 5501 1172 5569 δεξιᾶς
1196 5503 1298 5573 τῆς
1327 5504 1743 5577 ἀρχιερωσύνης
1778 5507 1878 5578 τὴν
1916 5508 2073 5581 χάριν

487 5591 731 5660 εδέξατο,
766 5594 861 5649 καὶ
899 5594 1000 5667 τὴν
1043 5594 1367 5667 Ἐκκλησίαν
1420 5598 1736 5670 Ἀντιοχέων
1770 5599 1956 5665 ίθύνας
1982 5602 2072 5655 τὸν

482 5686 575 5742 τοῦ
607 5689 906 5761 μαρτυρίου
937 5688 1198 5758 στέφανον
1228 5690 1542 5762 ἀνεδήσατο.
1580 5691 1869 5747 Ostendam
1898 5705 2072 5748 autem

484 5772 580 5828 “ibi
606 5774 1001 5832 celeberrimum
1028 5774 1283 5833 Ecclesia
1319 5778 1614 5854 doctorem,
1639 5791 1689 5837 et
1716 5780 1864 5837 illius
1890 5783 1954 5839 de
1980 5783 2069 5839 di-

2185 4578 2360 4633 socius
2390 4579 2540 4648 ﬁam,
2575 4578 2758 4632 omnia
2805 4578 3061 4644 sustineo,
3100 4577 3216 4646 ipso
3253 4592 3334 4634 me
3371 4575 3777 4641 corroborante,

2180 4672 2391 4725 homine
2434 4672 2707 4741 perfecto,
2769 4687 2925 4741 quem
2976 4667 3145 4738 aliqui
3188 4669 3494 4739 ignorantes
3553 4680 3776 4739 negant.

2181 4761 2295 4823 Has
2339 4772 2450 4818 tres
2483 4763 2706 4835 ῥήσεις,
2748 4762 2817 4827 ab
2863 4762 2958 4817 illo
3002 4770 3130 4817 ante
3166 4774 3344 4814 annos
3382 4758 3498 4814 fere
3540 4760 3694 4815 mille
3724 4770 3782 4815 ct

2180 4855 2446 4910 ducentos
2468 4864 2776 4923 excerptas,
2804 4853 2857 4909 in
2881 4852 3071 4907 eadem
3097 4850 3341 4921 Epismla
3367 4850 3435 4906 ad
3458 4848 3781 4921 Smyrnams

2179 4948 2484 5003 etiamnum
2545 4947 2798 5017 legimus.
2854 4944 3040 5015 Pergit
3090 4943 3152 5003 B,
3192 4943 3573 4999 Theodoretus
3619 4944 3778 4997 εΤοῦ

2178 5039 2344 5095 αὐτοῦ
2383 5042 2449 5093 ὲκ
2481 5040 2580 5111 τῆς
2610 5039 2747 5111 πρὸς
2787 5038 3070 5107 Ἐφεσίους
3116 5036 3457 5106 Ἐπιστολῆς.
3508 5034 3776 5105 Ejusdem

2176 5149 2243 5193 ex
2270 5132 2517 5203 Epistola
2563 5131 2632 5189 ad
2678 5131 2955 5201 Ephesios.
3010 5131 3073 5183 '0
3106 5129 3217 5200 γὰρ
3252 5129 3396 5195 Θεὸς
3443 5127 3617 5197 ἡμῶν
3654 5129 3774 5197 ἰη-

2178 5224 2333 5290 σοῦς
2362 5223 2619 5292 Χριστὸς
2641 5221 3018 5292 ἐκυοερορήθη
3044 5221 3163 5277 ὑπὸ
3195 5222 3427 5290 Μαρίας
3458 5220 3584 5275 κατ’
3611 5223 3775 5276 οἱκο-

2175 5319 2394 5388 νομίαν
2428 5318 2600 5383 Θεοῦ,
2633 5319 2702 5373 ἐκ
2731 5319 3074 5388 σπέρματος
3092 5318 3211 5389 μὲν
3242 5318 3440 5383 Δαϐὶδ,
3474 5319 3545 5373 ἐκ
3569 5321 3770 5374 Πνεύ-

2169 5428 2360 5481 ματος
2396 5411 2464 5464 δὲ
2490 5412 2682 5481 ἁγίου,
2709 5410 2777 5477 ὃς
2802 5412 3116 5481 ἐγεννήθη,
3157 5412 3256 5465 καὶ
3281 5412 3636 5479 ἐϐαπτίσθη,
3667 5413 3771 5465 ἵνα

2174 5503 2244 5557 τὸ
2284 5502 2508 5570 θνητὸν
2553 5504 2725 5574 ἡμῶν
2767 5506 3121 5576 καθαρισθῇ.
3180 5505 3317 5560 Deus
3380 5516 3559 5562 noster
3604 5507 3767 5563 Jesus

2175 5598 2423 5654 Christus
2452 5603 2509 5654 in
2532 5601 2723 5657 Maria
2755 5614 2905 5656 utero
2935 5612 3172 5674 gestatus
3207 5615 3308 5668 est,
3343 5604 3634 5658 secundum
3669 5604 3767 5659 Dei

2174 5692 2649 5761 dispensationem,
2706 5711 2771 5748 ex
2811 5696 3008 5749 semine
3057 5696 3271 5766 quidem
3317 5695 3517 5765 David,
3558 5698 3652 5751 sed
3700 5712 3766 5751 ea:

2176 5784 2385 5843 Spiritu
2409 5797 2595 5843 sancto
2624 5790 2755 5846 :aui
2787 5799 2945 5844 natus
2975 5800 3051 5845 est
3089 5799 3137 5844 et
3169 5790 3494 5846 baptizatus.
3528 5802 3584 5845 ut
3621 5807 3765 5848 mors-
