3868 6208
161 385 230 439 ss
944 377 996 432 ι.
1040 374 1408 432 PEARSONH
1445 373 1767 429 vmmcnn
1800 370 2225 428 lGNA'l‘lAN/E.
2257 404 2327 413 —
2365 372 2544 427 PARS
2584 358 2627 426 ις
3338 364 3419 421 s6-

161 503 349 556 talitas
384 504 571 553 nostra
597 504 938 568 purgaretur.
1017 494 1124 549 T06
1163 492 1327 548 αὑτοῦ
1363 495 1427 546 ὲκ
1452 492 1550 562 τῆς
1578 490 1747 560 αὐτῆς

1878 489 1946 544 'al
1983 488 2329 558 προσφορὰς
2357 490 2468 542 οὐκ
2498 485 2915 554 ἀποδέχονται,
2951 479 3049 536 διὰ
3081 477 3146 535 τὸ
3170 478 3256 550 μὴ
3289 483 3430 551 ὀμο-

170 589 516 658 Ἐπιστσλῆς.
579 586 832 657 Ejusdem
883 601 947 639 ex
999 584 1184 639 eadem
1224 582 1490 652 Epistola.
1531 583 1658 634 Ἔτι
1693 583 1748 633 οὶ

1878 581 2055 650 ῐογεῗν
2081 580 2196 648 τὴν
2225 579 2613 647 εὐχαριστίαν
2641 577 2837 645 σάρκα
2862 575 3014 630 εἶναι
3037 573 3144 628 τοῦ
3164 573 3434 641 Σωτῆρος

157 685 285 737 κατ’
319 679 514 748 ἄνδρα
547 677 721 746 κοινῇ
743 676 964 742 πάντες
995 676 1065 728 ἐν
1096 675 1173 744 τῇ
1207 674 1400 745 χάριτι
1431 673 1501 737 ἐξ
1536 672 1749 741 όνόμα-
1851 672 2021 743 ἡμῶν
2067 671 2270 739 Ἰησοῦ
2307 670 2588 738 Χριστοῦ,
2641 669 2755 737 τὴν
2795 665 2948 734 ὑπὲρ
2990 665 3107 719 τῶν
3135 665 3434 733 ἁμαρτιῶν

157 790 261 838 τος
293 769 675 839 συνέρχεσθε
719 768 788 822 ἐν
825 765 934 836 μιᾷ
972 767 1204 828 πίστει,
1248 764 1343 818 καὶ
1393 763 1482 816 ἐνὶ
1545 760 1749 828 Ἰησοῦ
1852 765 2022 835 ἡμῶν
2064 763 2400 826 παθοῦσαν,
2444 759 2524 828 ἣν
2558 759 2916 830 χρηστότητι
2966 758 2999 809 ό
3031 753 3232 823 Πατὴρ
3273 753 3433 823 ἤγει-

158 861 423 933 Χριστῷ,
457 860 613 916 κατὰ
659 857 854 926 σάρκα
899 858 968 910 ἐκ
1012 855 1230 925 τένσυς
1263 853 1469 916 Δαϐὶδ,
1519 851 1598 918 τῷ
1642 849 1752 916 Υίῷ

1878 875 1980 911 ιεν.
2044 855 2420 908 Eucharistias
2485 862 2534 906 et
2594 851 2886 904 oblationes
2947 863 3052 902 non
3105 846 3432 909 admittunt,

159 957 267 1012 τοῦ
310 955 655 1023 ἀνθρώπου,
691 951 790 1004 καὶ
825 950 936 1016 Υίῷ
967 949 1075 1002 τοῦ
1121 947 1288 1002 Θεοῦ.
1328 945 1601 1016 Siquidem
1641 945 1753 998 sin-

1878 949 1994 1002 ntod
2061 964 2166 1001 non
2223 946 2576 1014 conﬁteantur
2625 941 3007 997 eucharistiam
3063 953 3276 991 carnem
3323 952 3435 990 esse

162 1048 276 1120 guli
315 1061 500 1100 omnes
538 1046 775 1098 universe
807 1042 865 1096 in
906 1041 1084 1112 gratia
1117 1039 1432 1093 nominatim
1465 1036 1754 1090 convenitis
1856 1040 2156 1094 Saluatoris
2194 1038 2360 1091 nostri
2387 1035 2516 1090 Jesu
2545 1035 2769 1100 Christi,
2802 1047 2919 1104 qua:
2955 1045 3050 1100 pro
3079 1029 3307 1100 peccatis
3339 1043 3435 1080 no-

161 1142 218 1192 in
257 1154 369 1192 una
407 1136 514 1206 ﬁde
545 1145 596 1190 et
629 1137 685 1190 in
713 1152 820 1189 uno
846 1133 976 1188 Jesu
1007 1133 1242 1197 Christo,
1297 1130 1584 1185 secundum
1631 1146 1755 1182 car-

162 1248 281 1286 nem
317 1245 387 1285 ex
418 1245 602 1301 genere
629 1227 837 1292 David,
865 1226 1012 1281 Filio
1060 1225 1312 1289 hominis,
1351 1233 1400 1276 et
1442 1221 1581 1276 Filio
1632 1221 1753 1277 Dei.

161 1323 272 1378 T06
311 1321 482 1376 αὑτοῦ
520 1323 585 1374 ὲκ
617 1321 718 1392 τῆς
773 1321 947 1391 αὐτῆς
989 1317 1329 1388 Ἐπιστολῆς.
1391 1315 1646 1387 Ejusdem
1693 1331 1758 1368 ex

161 1414 350 1466 eadem
401 1410 672 1481 Epistola.
736 1411 841 1476 Εἷς
895 1409 1094 1477 ἱατρός
1137 1409 1270 1461 ἐστι
1320 1406 1607 1475 σαρκικὸς
1658 1405 1757 1458 καὶ

162 1505 594 1574 πνευματικὸς,
629 1501 918 1572 γεννητὸς
948 1500 1017 1566 ἐξ
1045 1498 1400 1571 ἀτεννήτου,
1433 1500 1503 1552 ὲν
1533 1496 1759 1565 ἀνθρώ-

163 1612 258 1660 mp
291 1595 463 1662 Θεὸς,
502 1595 576 1648 ἐν
607 1593 841 1656 θανάτῳ
877 1592 989 1660 ζωὴ
1039 1589 1331 1658 ἀληθινὴ,
1383 1588 1480 1642 καὶ
1521 1587 1590 1640 ἐκ
1637 1589 1762 1640 Μα-

159 1690 300 1759 ρίας
346 1688 450 1742 καὶ
491 1689 564 1741 ἐκ
609 1686 788 1753 Θεοῦ,
850 1684 1084 1754 πρῶτον
1125 1683 1427 1750 παθητὸς,
1478 1681 1576 1734 καὶ
1628 1681 1762 1734 τότε

165 1779 432 1849 ἀπαθὴς,
482 1779 725 1848 Ἰησοῦς
766 1776 1021 1846 Χριστὸς
1065 1779 1098 1830 ὁ
1127 1777 1342 1844 Κύριος
1380 1771 1566 1843 ημῶν.
1615 1771 1761 1826 Unus

1855 1129 1981 1181 stris
2018 1144 2180 1196 passa
2223 1135 2324 1192 est,
2364 1141 2523 1194 quam
2557 1123 2720 1177 Pater
2763 1120 3083 1191 benignitate
3124 1135 3224 1172 sua
3260 1117 3435 1171 susci-

1859 1222 2007 1273 tavit.

1932 1311 2224 1368 Secundus
2271 1308 2438 1378 huius
2493 1308 2680 1365 saaculi
2729 1308 2889 1364 testis
2918 1317 3003 1363 est
3032 1303 3309 1370 Gelasius,
3341 1303 3436 1372 qui

1859 1405 2004 1462 circa
2035 1419 2240 1458 annum
2273 1402 2402 1468 492,
2443 1401 2688 1472 pontifex
2713 1400 2994 1455 Romanus
3023 1404 3260 1462 creatus,
3291 1395 3438 1450 circa

1860 1499 1966 1552 496
1996 1495 2290 1550 defunctus
2322 1504 2426 1550 est.
2479 1494 2529 1550 ls
2555 1494 2702 1548 enim
2745 1494 2800 1547 in
2834 1493 2941 1547 line
2967 1491 3089 1546 libri
3121 1489 3198 1542 De
3229 1489 3437 1542 duabus

1861 1589 2072 1641 naturis
2114 1587 2166 1640 in
2193 1585 2405 1641 Christo
2441 1584 2554 1655 jam
2593 1584 2813 1638 tandem
2865 1597 2896 1636 a
2924 1579 3220 1652 pontificiis
3268 1578 3435 1648 agniti

1861 1690 1916 1734 et
1961 1680 2195 1748 recepti,
2243 1677 2638 1732 catholicorum
2689 1674 3004 1729 testimonia
3048 1672 3438 1741 magistrorum

1864 1771 2184 1841 subjiciens,
2219 1785 2248 1822 a
2279 1779 2469 1824 nostro
2499 1769 2703 1838 pariter
2749 1781 2814 1821 ac
2855 1765 2918 1820 Β.
2943 1765 3319 1821 Theodoretus
3345 1779 3440 1818 or-

165 1881 244 1926 est
271 1871 514 1925 medicus
545 1870 778 1924 carnalis
809 1879 856 1923 et
881 1868 1165 1939 spiritalis,
1192 1868 1395 1938 genitus
1419 1883 1484 1920 ex
1507 1868 1761 1936 ingenito,
1795 1883 1839 1941 Β
1867 1864 2033 1919 ditur.
2096 1861 2300 1933 Ignatii
2346 1862 2577 1932 episcopi
2623 1869 2673 1913 et
2725 1859 2978 1929 martyris
3015 1857 3328 1911 Antiocheni
3375 1869 3442 1908 ea:

165 1967 221 2020 in
270 1966 492 2020 homine
520 1964 695 2032 Deus,
727 1965 782 2017 in
813 1972 980 2017 morte
1021 1963 1134 2016 vita
1199 1977 1350 2023 vera,
1381 1971 1429 2013 et
1481 1974 1546 2012 ea:
1581 1957 1760 2011 Maria

165 2067 218 2113 et
236 2073 303 2113 ea:
329 2057 463 2124 Deo,
488 2058 718 2127 primum
742 2055 1005 2126 putibilis,
1021 2065 1068 2109 et
1085 2065 1209 2108 tunc
1242 2051 1578 2122 impatibilis,
1605 2051 1761 2106 Jesus

167 2151 421 2205 Christus
452 2149 712 2203 Dominus
757 2158 954 2203 noster.
990 2147 1055 2200 Et
1100 2149 1184 2201 hcc
1231 2155 1342 2200 tres
1382 2144 1665 2200 sententia:
1705 2145 1762 2198 in

167 2243 365 2299 eadem
416 2241 488 2296 ad
541 2240 807 2312 Ephesios
859 2239 1101 2310 Epistola
1159 2239 1339 2293 adhuc
1394 2237 1761 2306 reperiuntur.

169 2333 359 2406 Pergit
385 2350 560 2406 porro
581 2333 1048 2389 B.'l‘heodoretus:
1075 2332 1183 2385 T06
1208 2330 1372 2385 αὑτοῦ
1404 2333 1467 2384 ὲκ
1495 2330 1598 2400 τῆς
1625 2330 1764 2401 πρὸς

171 2427 553 2498 Τραλλιανοὺς
597 2426 938 2498 Ἐπιστολῆς.
1011 2425 1268 2495 Ejusdem
1320 2440 1385 2478 ea:
1415 2421 1662 2492 Epistola
1693 2422 1762 2475 ad

175 2516 517 2572 Trallianos.
573 2516 902 2587 Κωρώθητε
953 2517 1086 2582 οὖν,
1139 2516 1285 2569 ὅταν
1333 2515 1511 2584 χωρὶς
1557 2513 1762 2582 Ἰησοῦ

173 2612 437 2680 Χριστοῦ
457 2612 602 2681 ὑμῖν
619 2609 786 2679 λαλῇ
808 2629 918 2676 τις,
944 2610 1050 2664 τοῦ
1082 2610 1151 2663 ἐκ
1183 2609 1397 2679 γένους
1417 2607 1623 2670 Δαόὶδ,
1659 2605 1766 2660 τοῦ

175 2704 242 2756 ὲκ
271 2703 552 2772 Μαρίας,
589 2702 658 2770 ὃς
689 2701 931 2770 ἀληθῶς
961 2701 1254 2772 ἐγεννήθη
1277 2743 1290 2766 ,
1343 2699 1527 2770 ἐφαγέ
1566 2717 1630 2753 τε
1667 2699 1765 2753 καὶ

173 2795 343 2854 ἔπιεν
394 2793 673 2863 άληθῶς,
727 2794 978 2862 ἐδιώχθη
1025 2793 1126 2846 ἐπὶ
1176 2793 1432 2846 Ποντίου
1481 2789 1764 2856 Πιλάτου,

173 2883 532 2953 ἐσταυρώθη
565 2885 663 2939 καὶ
697 2883 979 2948 ἀπέθανε,
1008 2884 1364 2949 βλεπόντων
1393 2880 1514 2934 τῶν
1545 2880 1767 2950 ἐπιγεί-

175 2997 281 3043 ων,
351 2978 453 3032 καὶ
509 2977 918 3044 ἐπουρανίων,
967 2977 1065 3030 καὶ
1121 2975 1549 3045 καταχθονίων.
1601 2973 1770 3028 Obtu-

176 3079 293 3124 rate
307 3085 470 3122 aures
494 3077 697 3123 uestras
710 3068 920 3140 quando
943 3069 1211 3137 quispiam
1237 3065 1381 3119 vobis
1398 3064 1633 3134 loquitur
1650 3064 1764 3117 sine

176 3157 308 3216 Iesu
341 3159 588 3224 Christo,
614 3160 704 3228 qui
731 3167 807 3212 est
840 3173 907 3212 ea:
933 3174 1117 3228 genere
1135 3156 1328 3220 David,
1362 3156 1451 3225 qui
1480 3171 1545 3208 ea:
1565 3153 1765 3219 Maria,

1867 1953 2114 2025 Epistola
2141 1953 2208 2006 ad
2232 1951 2510 2021 Ephesios.
2576 1969 2594 2001 ι
2635 1948 2780 2003 Unus
2813 1947 3044 2001 medicus
3072 1955 3170 2012 est,
3205 1945 3442 1998 carnalis

1863 2059 1911 2102 et
1941 2046 2265 2118 spiritualis,
2298 2047 2470 2115 factus
2504 2052 2556 2098 et
2589 2060 2694 2097 non
2722 2043 2919 2112 factus,
2955 2042 3012 2094 in
3041 2040 3252 2092 homine
3277 2037 3440 2102 Deus,

1863 2141 1918 2192 in
1951 2147 2117 2191 morte
2154 2139 2264 2190 vita
2309 2145 2528 2198 interna,
2571 2149 2634 2188 ex
2665 2132 2840 2186 Maria
2871 2141 2923 2186 et
2958 2147 3022 2186 ea:
3053 2131 3184 2191 Deo,
3213 2131 3445 2199 primum

1862 2227 2130 2299 passibilis
2160 2238 2207 2280 et
2231 2225 2598 2296 impassibilis,
2625 2223 2882 2276 Dominus
2909 2231 3085 2275 noster
3110 2219 3266 2274 Jesus
3291 2217 3449 2272 Chrs-

1864 2330 2000 2376 stus.
2028 2340 2046 2372 ι
2113 2319 2181 2373 Et
2207 2329 2320 2390 post
2344 2335 2515 2388 pauca
2549 2331 2566 2369 :
2626 2335 2644 2366 ι
2677 2314 2909 2384 Singuli,
2943 2314 3134 2384 inquit,
3166 2312 3266 2365 viri
3303 2326 3450 2362 com-

1864 2412 2095 2465 muniter
2137 2427 2314 2464 omnes
2362 2425 2427 2464 ex
2469 2409 2645 2479 gratia
2701 2421 2766 2460 ea:
2811 2406 3019 2458 nomine
3078 2405 3346 2459 convenite
3390 2403 3449 2455 in

1866 2517 2028 2557 unam
2075 2501 2270 2570 ﬁdem,
2321 2509 2371 2554 et
2417 2501 2473 2552 in
2515 2515 2620 2552 uno
2669 2497 2797 2552 Jesu
2849 2496 3102 2561 Christo,
3161 2494 3448 2548 secundum

1867 2608 2081 2647 carnem
2127 2607 2192 2645 e1:
2241 2607 2426 2661 genere
2467 2589 2662 2655 David,
2709 2588 2854 2642 Filio
2900 2587 3165 2654 hominis,
3220 2596 3271 2641 et
3301 2586 3450 2639 Filio

1868 2685 1988 2740 Dei.
2037 2704 2056 2737 ι

1943 2793 2360 2850 Observandum
2407 2805 2590 2850 autem
2639 2805 2742 2862 est,
2767 2795 2908 2851 duos
2939 2794 3104 2869 hujus
3151 2792 3251 2848 aevi
3286 2800 3452 2847 testes

1872 2886 2276 2944 Theodorctum
2302 2897 2356 2942 et
2379 2887 2682 2954 Gelasium,
2717 2887 3097 2942 tantummodo
3123 2900 3222 2955 pro
3253 2883 3450 2953 seipsis

1872 2981 2048 3050 loqui,
2082 2981 2176 3036 sed
2207 2981 2376 3035 totius
2414 2979 2596 3050 quinti
2631 2979 2826 3034 saeculi
2847 2979 3116 3049 judicium
3163 2975 3321 3030 nobis
3366 2990 3453 3028 re-

1873 3080 2242 3140 praesentare;
2294 3069 2707 3134 auctoritatem,
2750 3069 2990 3132 scilicet,
3040 3065 3448 3136 lgnatianorum

1873 3171 2005 3217 tunc
2057 3161 2318 3230 temporis
2379 3161 2520 3215 inter
2569 3175 2762 3214 omnes
2809 3169 2924 3214 tum
2979 3157 3278 3210 catholicos
3337 3163 3450 3208 tum

175 3251 265 3320 qui
300 3265 423 3302 uere
444 3258 605 3302 natus
625 3258 722 3315 est,
737 3265 852 3302 rere
874 3247 1099 3301 comedit
1123 3257 1170 3300 et
1199 3245 1353 3311 bibit,
1387 3247 1477 3313 qui
1501 3246 1596 3299 sub
1622 3243 1759 3297 Pono

1878 3254 2160 3309 haereticos
2186 3263 2355 3308 ratam
2389 3263 2442 3308 et
2470 3254 2632 3306 lixam
2664 3251 2853 3307 fuisse.
2881 3249 3018 3304 Nam
3045 3257 3104 3303 ut
3131 3264 3199 3305 ex
3229 3247 3455 3302 Socrate

177 3345 251 3406 tio
275 3342 468 3397 Pilato
495 3357 687 3411 passus
718 3348 819 3405 est,
857 3340 1146 3408 cruciﬁxus
1184 3348 1234 3392 et
1267 3348 1528 3404 mortuus,
1548 3337 1775 3391 videnti-

175 3433 271 3488 bus
317 3434 651 3498 calestibus,
704 3429 1040 3485 terrestribus
1079 3438 1128 3482 et
1169 3429 1375 3498 inferis.
1414 3427 1540 3482 Haac
1589 3427 1776 3482 omnia

172 3541 288 3581 uno
318 3525 454 3580 loco
482 3540 552 3579 ex
580 3524 762 3578 tribus
791 3521 850 3577 S.
881 3521 1073 3593 lgnatii
1105 3521 1350 3591 epistolis
1382 3518 1778 3574 B.Theodore-

178 3628 270 3675 tus
305 3619 585 3673 adversus
615 3615 701 3670 sui
744 3616 1008 3685 temporis
1038 3615 1326 3669 haereticos
1373 3613 1646 3682 excerpsit
1693 3619 1777 3664 at-

177 3727 289 3782 que
315 3709 635 3780 congessit.
667 3707 816 3764 Idem
851 3707 982 3762 alibi
1013 3721 1231 3769 rursus,
1254 3704 1470 3774 Dialog.
1494 3701 1774 3771 lnconfus.

176 3820 232 3875 ρ.
259 3804 333 3858 86
364 3823 379 3857 :
415 3802 527 3855 T06
586 3801 744 3872 ἁγίου
800 3800 1058 3870 Ἰγνατίου
1100 3798 1398 3852 ἐπισκόπου
1451 3795 1778 3866 Ἀντιοχείας

180 3895 275 3948 καὶ
323 3893 610 3965 μάρτυρος
647 3895 716 3946 ὲκ
745 3892 844 3962 τῆς
886 3891 1022 3963 πρὸς
1054 3889 1393 3961 Σμυρναίους
1437 3886 1775 3956 Ἐπιστολῆς.

183 3982 243 4038 S.
265 3983 810 4054 IgnatiiAntiocheni
840 3984 1070 4053 episcopi
1099 3993 1146 4037 et
1172 3982 1426 4050 martyris
1453 3996 1516 4033 ea:
1534 3977 1780 4048 Epistola

182 4078 253 4130 ad
284 4076 619 4146 Smgrnazos.
665 4074 814 4145 Ἐγὼ
843 4075 954 4145 γὰρ
986 4076 1084 4128 καὶ
1113 4078 1264 4144 μετὰ
1298 4073 1414 4142 τὴν
1440 4071 1780 4126 ἀνάστασιν

183 4167 256 4224 ὲν
285 4168 477 4236 σαρκὶ
507 4167 695 4222 αὐτὸν
727 4166 860 4221 οῖδα
905 4166 1005 4221 καὶ
1046 4167 1308 4221 πιστεύω
1341 4165 1512 4218 ὄντα·
1550 4161 1647 4216 καὶ
1681 4160 1781 4213 ὅτε

186 4260 341 4328 πρὸς
370 4259 517 4326 τσὺς
549 4261 680 4328 περὶ
733 4258 962 4328 Πέτρον
1005 4259 1212 4328 ἦλθεν,
1247 4258 1362 4327 ἔφη
1393 4254 1624 4320 αὐτοῖς·
1661 4252 1779 4308 Λά-

189 4353 346 4415 σεῖε,
361 4350 775 4419 ψηλαφήσατέ
799 4367 892 4420 με,
924 4351 1022 4404 καὶ
1057 4348 1214 4403 ἴδετε
1244 4348 1335 4402 ὅτι
1363 4351 1474 4402 οὐκ
1504 4347 1618 4416 είμὶ
1654 4345 1779 4398 δαι-

183 4446 407 4513 μόνιον
437 4444 782 4513 ἀσώματον,
817 4443 915 4497 καὶ
944 4443 1125 4510 εὐθὺς
1159 4441 1346 4497 αὐτοῦ
1386 4441 1644 4510 ἥψαντο,
1681 4440 1779 4493 καὶ

189 4537 592 4591 ἐπίστευσαν.
627 4535 741 4606 Ego
787 4536 927 4589 enim
954 4544 1072 4604 post
1114 4534 1572 4599 resurrectionem,
1607 4533 1781 4602 ipsum

190 4629 252 4682 in
285 4645 445 4682 carne
489 4629 598 4682 scio
640 4637 690 4682 et
722 4628 877 4682 credo
915 4644 1025 4681 esse
1057 4647 1077 4682 :
1115 4636 1165 4681 et
1200 4626 1414 4696 quando
1459 4629 1527 4677 ad
1567 4641 1652 4679 eos
1689 4625 1781 4693 qui

193 4738 318 4781 cum
344 4706 508 4774 Petro
540 4728 717 4787 erant,
750 4713 912 4786 venit,
942 4720 1080 4774 dixit
1111 4721 1187 4774 eis
1225 4737 1245 4774 :
1270 4717 1533 4788 Accipite,
1569 4713 1803 4787 palpate.

192 4827 302 4877 me,
326 4821 378 4864 et
407 4811 595 4877 ridete,
624 4814 749 4881 quia
776 4828 880 4864 non
905 4828 1023 4866 sum
1042 4811 1366 4866 dwmonium
1394 4812 1780 4879 incorporeum.

197 4904 271 4958 Et
319 4904 506 4956 statim
552 4906 724 4973 ipsum
777 4904 1062 4974 tetigerunt
1106 4913 1157 4957 et
1206 4903 1568 4958 crediderunt.
1675 4902 1784 4954 T06

196 4997 464 5066 αὑτοῦὲκ
494 4999 594 5069 τῆς
616 4998 785 5067 αὐτῆς
818 4997 1156 5068 Ἐπιστολῆς.
1201 4995 1457 5065 Ejusdem
1501 5011 1566 5049 ex
1603 4995 1782 5048 eadem

197 5087 477 5158 Epistola.
529 5087 691 5142 Μετὰ
719 5087 789 5141 δὲ
820 5086 936 5157 τὴν
963 5086 1307 5142 ἀνάστασιν
1348 5085 1445 5140 καὶ
1480 5086 1786 5154 συνέςραγε

198 5183 302 5236 καὶ
336 5180 630 5236 συνέπιεν
661 5180 885 5247 αὐτοῖς,
919 5180 1001 5246 ὠς
1041 5177 1342 5248 σαρκικῶς
1385 5179 1484 5232 καὶ
1523 5192 1788 5246 πνευμα-

197 5273 385 5339 τικῶς
423 5272 730 5344 ἡνωμένος
787 5272 866 5339 τῷ
898 5274 1103 5341 Πατρί.
1159 5271 1292 5327 Post
1343 5272 1786 5327 resurrectionem

201 5376 387 5420 autem
432 5382 544 5418 una
584 5381 704 5418 cum
749 5366 824 5420 eis
870 5374 921 5418 et
957 5365 1182 5419 comedit
1231 5373 1280 5418 et
1324 5365 1488 5430 bibit,
1533 5372 1786 5434 tanquam

202 5456 504 5512 carnaliter
530 5465 581 5510 et
621 5457 974 5527 spiritualiter
1011 5458 1192 5511 unitus
1243 5455 1420 5512 Patri.
1453 5456 1518 5510 Et
1569 5471 1782 5519 rursus,

199 5547 359 5603 Dial.
390 5549 662 5618 impatib.,
685 5564 738 5618 p.
766 5549 870 5604 154
890 5565 904 5601 :
927 5548 1034 5601 T06
1068 5549 1224 5617 ἁγίου
1269 5547 1530 5616 Ἱγνατιου
1561 5546 1786 5601 ἐπισκό-

205 5659 311 5696 που
354 5640 680 5711 Ἀντιοχείας
724 5641 820 5695 καὶ
874 5641 1167 5712 μάρτυρος,
1199 5642 1266 5693 ἐκ
1304 5639 1404 5710 τῆς
1438 5639 1574 5710 πρὸς
1606 5638 1788 5709 Σμυρ-

204 5734 393 5798 vatem;
454 5733 790 5807 Ἐπιστολῆς.
856 5732 915 5788 S.
949 5733 1154 5804 [gnatii
1199 5733 1430 5802 episcopi
1478 5732 1786 5785 Antiocheni

211 5841 261 5884 α
290 5827 570 5896 martyris,
603 5842 667 5882 ea:
684 5823 924 5897 Epistola
950 5826 1018 5880 ad
1038 5823 1359 5895 Smyrnazos.
1388 5824 1789 5894 Εὐχαριστιάς

1876 3359 1929 3400 et
1955 3346 2284 3412 Sozomeno,
2316 3344 2664 3400 Theodoreto
2692 3353 2746 3398 et
2776 3343 3006 3398 Leontio
3048 3341 3280 3410 aliisque
3321 3353 3454 3394 con-

1879 3451 2020 3506 stat;
2060 3439 2301 3493 haeretici
2332 3438 2426 3508 qui
2466 3437 2534 3492 ad
2567 3437 2738 3490 linem
2753 3435 2854 3490 εξνί
2885 3433 3068 3504 quarti
3100 3431 3450 3502 antiquorum

1876 3530 2099 3585 Patrum
2131 3529 2426 3584 consensui
2459 3528 2812 3598 acquiescere
2854 3531 3216 3589 recusarunt,
3260 3521 3451 3593 quinto

1878 3623 2060 3676 statim
2092 3630 2147 3676 et
2169 3621 2545 3692 sequentibus,
2578 3635 2676 3677 eos
2698 3618 2890 3674 Patres
2925 3626 3188 3687 tanquam
3217 3615 3451 3670 arbitros

1879 3714 2257 3778 admiserunt,
2307 3714 2403 3783 qui
2451 3721 2576 3767 ante
2621 3712 2946 3767 divisionem
2975 3749 2990 3774 ,
3039 3709 3154 3764 sive
3201 3716 3453 3763 exortum

1879 3805 2172 3875 cujuslibet
2223 3805 2495 3859 haereseos
2544 3805 2916 3875 scripserant:
2957 3801 3103 3858 unde
3137 3803 3272 3858 tales
3301 3809 3454 3857 cata-

1879 3898 2010 3969 logi,
2049 3898 2241 3967 quales
2277 3897 2420 3966 apud
2453 3897 2858 3953 Theodoretum
2895 3905 2950 3951 et
2973 3895 3252 3952 Gelasium
3301 3909 3455 3964 repe-

1880 3991 2119 4058 riuntur,
2167 3989 2404 4045 confecti
2449 4000 2598 4046 sunt.
2632 3989 2706 4046 De
2731 4005 2841 4060 qua
2866 4004 2926 4044 re
2950 3997 3136 4058 postea
3159 3987 3266 4043 erit
3294 3986 3457 4043 nobis

1879 4083 2264 4138 disserendum
2307 4081 2496 4136 latius.
2530 4080 2587 4135 In
2619 4081 2707 4136 his
2733 4081 2898 4152 igitur
2925 4079 3254 4135 Theodoreti
3285 4077 3459 4135 dialo-

1883 4175 1965 4243 gis
2009 4174 2351 4228 orthodoxus
2402 4171 2728 4227 sententiam
2775 4171 2980 4240 promit
3027 4169 3457 4234 catholicorum,

1882 4266 2250 4321 utEranistes
2287 4265 2674 4320 lmreticorum
2723 4262 2873 4318 illius
2922 4262 3042 4316 arvi.
3089 4259 3229 4316 Cum
3275 4270 3458 4314 autem

1882 4359 2225 4413 orthodoxus
2287 4374 2353 4413 ex
2419 4355 2723 4425 Scripturis
2785 4354 3066 4424 copiosius
3126 4353 3461 4424 disputassct

1881 4451 2078 4520 quaerit
2113 4449 2424 4515 Eranistes,
2477 4449 2609 4518 quid
2657 4446 2867 4516 antiqui
2903 4444 3162 4500 Ecclesiae
3208 4444 3461 4500 doctores

1884 4541 2181 4606 senserint,
2229 4539 2508 4606 celebres,
2559 4537 2791 4601 scilicet,
2829 4544 2884 4590 et
2929 4533 3247 4600 indubitati;
3301 4541 3464 4604 negat

1884 4633 2031 4688 enim
2061 4647 2120 4686 se
2149 4641 2496 4701 recepturum
2537 4629 2738 4699 ἄνδρας
2769 4628 3014 4698 ἀσήμους
3045 4625 3078 4697 ἢ
3107 4625 3460 4696 ἀμφιϐόλους,

1885 4725 2134 4778 obscuros
2166 4733 2259 4776 aut
2300 4723 2598 4792 ambiguos.
2644 4720 2960 4789 Interrogat.
2993 4717 3158 4788 igitur
3197 4717 3464 4772 orthodo-

1883 4831 2011 4881 xus,
2053 4830 2121 4868 an
2145 4801 2527 4879 Athanasium,
2562 4807 2906 4882 Gregorium,
2934 4809 3308 4874 Ambrosium,
3335 4807 3463 4865 Fla-

1885 4909 2134 4972 vianum,
2174 4905 2442 4960 Joannem
2481 4905 2935 4974 Ghrysostomum
2982 4917 3082 4971 pro
3113 4901 3313 4958 talibus
3360 4902 3461 4957 ba-

1887 5000 2045 5066 beat;
2097 4999 2336 5054 admittit
2388 4999 2488 5052 hos
2523 5012 2714 5052 omnes
2758 5009 2812 5052 et
2855 4996 3098 5065 ipsorum
3149 4994 3460 5051 testimonia

1891 5092 2208 5159 Eranistes;
2254 5102 2368 5146 tum
2401 5107 2531 5145 vero
2561 5090 2860 5161 lgnatium,
2883 5087 3172 5154 lrenaaum,
3202 5087 3461 5158 Hippoly-

1888 5193 2004 5239 tum
2033 5194 2086 5239 et
2107 5184 2463 5251 Methodium,
2507 5183 2755 5252 aliosque
2792 5195 2852 5236 se
2881 5180 3272 5250 producturum
3310 5193 3463 5233 asse-

1887 5276 1987 5342 rit;
2033 5277 2185 5330 valde
2225 5276 2456 5346 cupienti
2489 5274 2619 5327 mihi
2668 5272 2825 5327 etiam
2855 5271 2966 5326 hate
2998 5270 3301 5325 testimonia
3333 5285 3460 5339 pro-

1887 5382 2066 5434 pones,
2093 5367 2270 5437 inquit
2294 5367 2673 5421 haereticorum
2709 5363 2929 5418 nomine
2957 5361 3257 5419 Eranistes.
3286 5354 3464 5432 Atque

1888 5463 1963 5514 ita
2002 5461 2221 5515 demum
2254 5461 2526 5529 prolixum
2578 5459 2712 5514 satis
2757 5458 3064 5527 catalogum
3111 5457 3461 5526 antiquorum

1887 5550 2112 5605 Patrum
2162 5552 2296 5605 texit
2340 5550 2682 5606 orthodoxus
2731 5565 2800 5604 ex
2839 5558 2994 5619 parte
3041 5547 3462 5613 catholicorum,

1888 5651 1942 5696 et
1967 5651 2221 5710 tanquam
2246 5640 2512 5710 τηλαυγὲς
2540 5640 2828 5710 πρόσωπον
2859 5647 3062 5708 septem
3094 5637 3489 5709 longiusculas.

1890 5732 2191 5786 sententias
2227 5747 2292 5786 ex
2333 5731 2512 5786 tribus
2545 5729 2735 5801 Iguatii
2773 5729 2950 5785 nostri
2988 5728 3233 5799 epistolis
3276 5742 3466 5789 excer-

1890 5834 2011 5896 ptas
2056 5825 2282 5896 reliquis
2326 5823 2614 5896 prmponit.
2670 5823 2943 5880 Adversus
2992 5822 3108 5879 haec
3155 5818 3494 5882 testimonia.
