3868 6208
466 327 534 384 87
1502 337 1559 393 S.
1593 338 1941 400 IGNATIUS.
1983 375 2050 384 —
2081 340 2618 404 PROLEGOMENA.
3659 351 3730 402 8b

466 458 536 496 ne
573 442 785 499 hiscere
814 445 1034 516 quidem
1093 465 1150 504 se
1179 449 1421 520 potuisse
1483 451 1683 509 fatetur
1737 454 2040 512 Eranistes.
2072 465 2119 522 Α
2147 458 2540 511 devorationem
2587 459 2710 524 mei,
2758 468 2808 512 et
2847 460 3170 530 deprecabor
3222 482 3285 519 ne
3328 466 3466 536 forte
3528 467 3547 533 (
3569 473 3629 520 ut
3672 481 3731 518 ut

463 531 621 590 Unde
669 536 840 608 liquet
885 548 940 594 et
987 541 1353 606 orthodoxum
1435 555 1489 600 et
1551 546 1892 616 Eranistem,
1941 551 2047 606 hoc

460 635 698 690 est.tum
730 630 1035 688 catholicos
1083 643 1196 690 tum
1242 637 1530 695 haereticos
1575 639 1724 696 illius
1765 643 1888 709 sevi,
1923 643 2045 713 epi-

459 721 632 777 stolas
671 722 887 794 lgnatii,
932 742 1070 796 quas
1121 728 1502 797 defendimus,
1546 748 1645 802 pro
1675 735 1820 789 veris
1862 743 1918 790 et
1960 735 2045 789 in-

458 812 724 870 dubitatis
765 818 1008 888 episcopi
1045 817 1372 876 Antiocheni
1405 825 1624 894 scriptis
1654 825 1932 882 habuisse.

535 905 687 961 Sexti
741 909 928 964 saeculi
980 910 1196 980 primus
1244 912 1397 969 testis
1450 912 1506 968 S.
1536 913 1924 986 Ephraemius,
1976 933 2040 974 ex

455 998 662 1054 comite
706 1000 938 1056 orientis
980 1003 1292 1071 patriarcha
1344 1003 1806 1075 Theopolitanus,
1858 1018 1918 1064 ut
1963 1009 2038 1064 lo«

455 1089 646 1159 quitur
679 1089 944 1160 Photius,
993 1093 1047 1148 id
1100 1102 1186 1150 est
1229 1096 1644 1166 Antiochenus;
1689 1100 1779 1154 cui
1822 1101 2039 1171 episco-

453 1183 609 1253 patui
657 1184 806 1240 circa
847 1200 1053 1241 annum
1085 1187 1191 1242 529
1226 1189 1480 1246 admotus
1521 1200 1626 1250 est.
1675 1191 1777 1250 Hic
1803 1195 1947 1249 enim
1984 1194 2038 1248 in

451 1277 595 1333 libro
630 1276 704 1332 De
727 1276 913 1334 Sacris
944 1279 1244 1336 Antiochia:
1274 1280 1498 1353 legibus,
1547 1285 1632 1354 (ut
1666 1285 1914 1356 loquitur
1953 1287 2039 1342 in-

401 1363 410 1371 ’
447 1377 662 1439 terpres
693 1368 1023 1447 thiainus)
1053 1371 1122 1429 de
1161 1373 1380 1428 articuli
1417 1373 1592 1431 Graeci
1636 1393 1741 1432 usu
1771 1378 2038 1437 adversus

450 1459 780 1518 Severianos
840 1447 1161 1533 disputans,
1212 1465 1391 1537 primo
1439 1465 1498 1524 S.
1527 1465 1860 1538 Scriptura,
1909 1470 2035 1527 dein

449 1551 552 1608 SS.
572 1551 798 1608 Patrum
831 1555 1161 1612 testimoniis
1189 1555 1362 1611 utitur
1393 1566 1444 1612 et
1475 1558 1619 1613 inter
1649 1574 1766 1626 eos,
1827 1569 1889 1616 ut
1915 1560 2033 1618 ﬂeri

447 1643 682 1710 solebat,
715 1642 774 1699 S.
802 1643 1073 1716 Ignatium
1103 1645 1344 1715 primum
1377 1649 1625 1704 nominat
1653 1668 1667 1705 :
1704 1651 1814 1706 Καὶ
1856 1653 1885 1706 ό
1913 1653 2034 1706 Θεο-

447 1736 613 1808 φόρος
641 1735 700 1795 δδ
728 1737 990 1806 Ἰγνάτιος
1027 1737 1122 1792 καὶ
1153 1738 1398 1811 μάρτυς,
1427 1741 1755 1815 Σμυρναίοις
1785 1745 2028 1804 ἐπιστέλ-

2149 550 2417 605 nonnullis
2456 551 2710 622 [ecerunt)
2751 554 2972 606 timeant
3001 555 3260 626 attingere
3296 574 3486 634 corpus
3517 575 3730 624 meum;

2147 644 2382 713 quinimo
2423 644 2469 699 si
2503 644 2914 712 cunctabantur,
2965 662 3058 718 ego
3109 649 3213 702 vim
3250 648 3471 719 faciam,
3511 667 3607 720 ego
3646 668 3730 704 me

2145 733 2402 804 ingeram.
2420 733 2788 806 Date,quwso,
2807 739 3042 803 veniam;
3073 756 3167 810 ego
3192 742 3310 794 novi
3330 743 3457 813 quid
3481 743 3729 812 expediat

2146 827 2316 882 mihi:
2349 843 2488 881 nunc
2514 829 2710 898 incipio
2748 847 2861 884 esse
2883 830 3080 886 Christi
3117 833 3433 903 discipulus.
3471 832 3728 889 Facessat

2144 918 2350 972 invidia
2379 918 2458 974 vel
2481 919 2702 974 humani
2733 922 2980 990 affectus,
3010 923 3087 978 vel
3114 926 3364 996 nequitia:
3400 926 3729 996 spiritualis,

2142 1017 2201 1061 ut
2232 1007 2417 1064 Iesum
2452 1009 2726 1066 Christum
2774 1028 2977 1066 merear
3030 1015 3278 1082 adipisci.
3313 1015 3492 1087 Ignes,
3517 1033 3730 1084 cruces,

2143 1100 2345 1170 bestiae,
2383 1102 2737 1172 dispersiones
2779 1106 3012 1173 ossium,
3050 1108 3528 1180 discerptionesque
3568 1126 3731 1164 mem-

2142 1188 2379 1256 brorum,
2428 1209 2491 1247 ac
2538 1195 2702 1249 totius
2743 1198 2979 1266 corporis
3023 1214 3210 1268 ροεηω,
3252 1211 3301 1254 et
3337 1202 3519 1254 omnia
3555 1202 3613 1254 in
3643 1218 3729 1256 me

2142 1299 2306 1338 unum
2353 1284 2619 1355 supplicia
2661 1288 2863 1344 diaboli
2906 1299 3022 1344 arte
3056 1293 3282 1363 quaesita
3331 1292 3726 1362 compleantur,

2138 1375 2427 1432 dummodo
2455 1377 2641 1434 Iesum
2669 1380 2943 1437 Christum
2977 1399 3182 1440 merear
3219 1385 3466 1455 adipisci.
3501 1403 3522 1437 ι
3561 1384 3727 1441 Chri-

2137 1467 2345 1524 stianus
2385 1485 2489 1525 non
2523 1472 2803 1529 mediocris
2854 1475 2946 1529 sed
2986 1477 3279 1546 perfectus,
3324 1477 3570 1532 sacerdos
3616 1495 3728 1532 non

2135 1562 2258 1616 vilis
2289 1563 2380 1619 sed
2413 1581 2672 1633 summus,
2711 1577 2918 1640 martyr
2942 1586 3044 1625 non
3070 1571 3243 1640 segnis
3278 1571 3368 1625 sed
3395 1572 3725 1641 praecipuus,

2135 1653 2300 1721 dixit,
2335 1674 2354 1708 ι
2385 1655 2544 1712 Nunc
2571 1659 2770 1729 incipio
2801 1677 2913 1718 esse
2937 1663 3139 1719 Christi
3168 1664 3486 1733 discipulus.
3513 1683 3534 1716 ι

2209 1743 2429 1802 Tertius
2458 1747 2624 1818 hujus
2656 1752 2846 1807 saeculi
2874 1753 3031 1809 testis
3060 1763 3144 1810 est
3167 1753 3361 1810 Jobius
3388 1755 3724 1823 monachus,

441 1828 571 1894 λων,
605 1829 808 1900 ὁμοίως
850 1829 1118 1903 κέχρηται
1150 1833 1228 1904 τῷ
1277 1834 1486 1908 ἄρθρῳ.
1526 1835 1709 1891 Etiam
1755 1837 2005 1912 Ignatius

2134 1839 2228 1909 qui
2260 1841 2525 1898 adversus
2560 1841 2824 1900 Severum
2874 1846 3115 1918 scripsit.
3169 1846 3219 1904 ls
3259 1849 3407 1905 enim
3455 1850 3510 1904 in
3549 1865 3726 1922 opere

441 1924 525 1978 vir
550 1924 760 1978 divinus
790 1932 840 1978 et
873 1933 1101 1995 martyr,
1134 1926 1417 1997 epistolam
1457 1929 1526 1982 ad
1553 1928 1857 2002 Smyrnteos
1891 1937 2029 1989 scri-

442 2016 600 2084 bens,
647 2019 896 2076 similiter
933 2023 1164 2080 articulo
1215 2027 1406 2082 utitur.
1455 2025 1709 2097 Photius,
1764 2031 2022 2088 Biblioth.

439 2124 595 2164 num.
622 2109 752 2168 228.
803 2111 951 2171 Loca
991 2131 1115 2186 quae
1160 2133 1228 2174 ex
1269 2133 1334 2173 ea
1382 2117 1625 2188 Epistola
1675 2139 2028 2196 excerpserat

439 2199 502 2255 S.
530 2199 906 2272 Ephraemius,
952 2206 1140 2263 omisit
1183 2209 1515 2279 epitomator
1557 2211 1820 2284 Photius;
1867 2229 2026 2276 erant

438 2301 624 2346 autem
651 2293 791 2361 haec,
827 2304 888 2350 ut
918 2297 1158 2354 arbitror
1183 2317 1198 2354 :
1223 2300 1453 2368 Δοξάζω
1493 2305 1736 2374 Ἰησοῦν
1764 2311 2026 2378 Χριστὸν

436 2380 546 2438 τὸν
578 2381 752 2449 Θεὸν,
815 2385 1057 2456 glori/ica
1109 2386 1294 2442 Jesum
1345 2388 1620 2447 Christum
1670 2393 1878 2462 Deum;
1935 2408 2018 2453 et:

433 2471 640 2532 Πάντα
685 2477 991 2548 ὑπομένω,
1041 2480 1227 2536 αὑτοῦ
1270 2499 1348 2554 με
1387 2484 1871 2558 ἐνδυναμοῦντος
1914 2491 2020 2546 τοῦ

432 2568 668 2624 τελείου
719 2569 1034 2639 ἀνθρώπου
1091 2573 1440 2644 γενομένου.
1506 2577 1698 2632 Omnia
1748 2583 2017 2651 sustineo,

433 2660 548 2728 ipso
586 2677 667 2714 me
705 2660 1032 2731 fortiﬁcante
1063 2667 1156 2736 qui
1197 2667 1462 2738 perfectus
1511 2670 1666 2725 homo
1709 2672 1885 2742 [actus
1914 2687 2014 2733 est.

431 2750 586 2809 Licet
615 2754 764 2808 enim
797 2756 1064 2813 articulus
1095 2758 1189 2812 τοῦ
1220 2761 1287 2814 ad
1321 2762 1615 2835 γενομένου
1649 2766 1831 2835 potius
1869 2766 2017 2823 refe.

429 2855 604 2912 ratur,
645 2864 810 2918 quam
853 2849 1166 2922 ἀνθρώπου,
1205 2853 1374 2909 alium
1417 2862 1600 2912 tamen
1642 2857 1698 2912 in
1745 2860 1846 2916 hac
1895 2862 2016 2932 epi-

429 2939 566 2995 stola
619 2940 821 3005 locum,
870 2943 1088 3013 opinor,
1143 2947 1416 3018 respicere
1466 2966 1576 3004 non
1627 2953 1826 3020 potuit.
1907 2952 2012 3010 Sed

2132 1931 2212 1986 De
2234 1933 2626 2001 incarnatione,
2653 1937 2815 2008 cujus
2836 1948 3094 2010 excerpta
3137 1941 3299 1997 nobis
3328 1942 3558 1998 Photius
3605 1954 3726 1998 tra-

2129 2023 2288 2091 didit,
2319 2023 2576 2082 Biblioth.
2610 2043 2766 2083 num.
2793 2028 2924 2094 222,
2979 2031 3096 2086 haec
3143 2032 3332 2088 habuit
3376 2049 3394 2088 :
3437 2033 3575 2105 Φησὶ
3607 2034 3723 2106 γὰρ

2126 2117 2156 2168 ό
2185 2114 2442 2189 θεοφόρος
2499 2118 2757 2187 Ἰγνάτιος
2807 2122 2935 2192 τρία
2987 2123 3167 2177 λαθεῖν
3208 2126 3302 2179 τὸν
3347 2127 3584 2199 ἄρχοντα
3618 2128 3722 2182 τοῦ

2127 2206 2319 2272 αἰῶνος
2349 2209 2543 2264 τούτου
2567 2251 2582 2277 ,
2615 2212 2714 2282 τὴν
2753 2214 3052 2285 παρθενίαν
3081 2217 3300 2290 Μαρίας
3319 2261 3336 2287 ,
3367 2219 3468 2290 τὴν
3513 2219 3721 2291 σύλλη-

2123 2298 2215 2368 ψιν
2257 2300 2352 2354 τοῦ
2387 2302 2594 2375 Κυρίου
2619 2343 2634 2369 ,
2666 2305 2762 2359 καὶ
2794 2305 2895 2380 τὴν
2939 2307 3266 2380 σταύρωσιν.
3304 2310 3450 2366 Nam
3490 2314 3596 2368 tria
3625 2314 3717 2367 di-

2126 2393 2277 2446 vinus
2305 2391 2556 2464 Ignatius
2588 2397 2772 2451 seaculi
2800 2399 2958 2469 hujus
2987 2402 3280 2473 principem
3306 2404 3530 2460 latuisse
3563 2422 3718 2460 com-

2123 2493 2402 2550 memorat,
2430 2486 2789 2556 virginitatem
2815 2487 3027 2558 Mariae,
3057 2494 3447 2564 conceptionem
3467 2495 3716 2564 Domini,

2121 2585 2170 2629 οι
2203 2578 2621 2646 cruciﬁxionem.
2663 2580 2876 2648 Quibus
2907 2584 3090 2641 verbis
3119 2601 3182 2642 ea
3214 2603 3337 2658 quae
3375 2590 3428 2643 in
3461 2587 3715 2662 Epistola

2122 2667 2192 2721 ad
2220 2666 2498 2737 Ephesios
2535 2671 2890 2742 reperiuntur
2918 2678 3210 2746 expressit.

2189 2777 2430 2846 Quartus
2487 2782 2736 2853 ejusdem
2790 2789 2980 2845 seaculi
3037 2791 3195 2847 testis
3249 2793 3316 2848 ad
3367 2794 3532 2851 tinem
3585 2797 3711 2868 jam

2116 2873 2393 2942 vergentis
2441 2885 2526 2930 est
2563 2875 2828 2936 Leontius
2865 2880 3238 2953 Byzantinus,
3293 2887 3333 2942 Ι.
3396 2887 3474 2944 De
3520 2894 3708 2958 sectis,

2117 2971 2220 3016 act.
2249 2964 2282 3018 '5
2319 2983 2332 3018 :
2381 2964 2662 3036 Ἐγένοντο
2698 2969 2756 3022 δὲ
2800 2972 2858 3026 ὲν
2891 2976 3006 3037 τοῖς
3046 2975 3257 3046 χρόνοις
3299 2981 3413 3042 τοῖς
3454 2979 3562 3034 ἀπὸ
3603 2982 3715 3053 τῆς

426 3042 486 3086 σι
514 3031 659 3088 idem
706 3033 1162 3105 S.Ephraamius,
1210 3039 1262 3093 in
1323 3041 1552 3110 epistola
1593 3045 1662 3098 ad
1707 3043 2010 3102 Zenobiunt

2118 3057 2421 3128 γεννήσεως
2455 3031 2560 3114 ⁷τοῦ
2597 3062 2834 3134 Χριστοῦ
2877 3031 3178 3140 μέχριἈτῆς
3227 3031 3712 3140 βασιλείας

429 3127 725 3195 quemdam
781 3131 1172 3186 scholasticum
1226 3141 1278 3187 et
1323 3134 1703 3206 Acephalum,
1759 3140 2010 3210 probavit

2118 3127 2398 3202 παντίνου
2442 3127 2752 3206 διδάσκαλοι
2779 3127 2889 3207 καὶ,
2908 3127 3293 3229 πατέρες-οέδε
3315 3177 3328 3191 ·
3374 3127 3638 3232 Ἰγνάτιος
3658 3127 3710 3218 ⁷6

425 3221 689 3278 articulos
727 3224 940 3280 naturis
970 3224 1173 3281 Christi
1207 3229 1483 3285 adhibitos
1524 3247 1633 3285 non
1673 3231 1877 3288 inferre
1923 3235 2010 3289 di-

2118 3237 2406 3312 ϐεοφόρος,
2441 3243 2762 3314 Εἰρηναῖος,
2811 3221 3090 3315 Ἰουστῖνός
3118 3249 3408 3322 φιλόσοφος
3425 3221 3528 3308 ’καὶ
3559 3221 3710 3327 μάρ-

422 3313 694 3370 visionem
742 3317 992 3386 unitatis,
1042 3317 1106 3372 ἐκ
1133 3336 1194 3373 τε
1224 3319 1333 3374 τῶν
1371 3322 1743 3393 εὐαγγελικῶν
1794 3326 2009 3395 φωνῶν,

2118 3345 2212 3393 τυς
2233 3369 2248 3395 ,
2306 3313 2540 3404 Κλήμης
2570 3313 2681 3387 ruat
2735 3333 3046 3402 Ἱππόλυτος
3072 3313 3400 3395 inicum-toi
3443 3313 3700 3416 Ῥώμης,

422 3405 517 3463 καὶ
552 3408 617 3459 ὲκ
641 3405 752 3460 τῶν
780 3407 1174 3476 ἁποστολικῶν,
1227 3411 1321 3469 καὶ
1365 3412 1428 3485 δὴ
1469 3415 1564 3469 καὶ
1592 3415 1657 3470 ὲκ
1689 3416 1802 3471 τῶν
1835 3435 2014 3489 μακα-
2113 3423 2389 3489 Διονύσιος
2435 3428 2466 3481 ό
2509 3427 2901 3502 Ἀρεοπαγίτης
2920 3471 2935 3497 ,
2967 3433 3231 3499 Μεθόδιος
3258 3405 3565 3502 ἐπίσκοπος·

424 3495 558 3568 ρίων
591 3498 842 3572 πατέρων
878 3504 910 3574 ἡ
921 3501 1058 3573 μῶν,
1108 3504 1370 3573 Ἰγνατίου
1416 3505 1513 3561 τοῦ
1549 3506 1839 3581 θεοφόρου,
1879 3511 2010 3566 Ἰου-
2111 3512 2312 3584 τάρων,
2350 3495 2648 3589 Γρηγόριος
2677 3519 2707 3572 ὀ
2739 3495 3178 3595 θαυματουργὸς,
3210 3495 3417 3599 ίΙέτρος
3442 3531 3472 3582 ὁ
3518 3495 3705 3595 Ἀλεξ-

419 3586 560 3657 λίου,
592 3590 686 3644 καὶ
728 3592 1044 3648 Ἀθανασίου
1080 3596 1175 3654 καὶ
1209 3597 1554 3671 Γρηγορείων
1583 3600 1677 3654 καὶ
1704 3601 2005 3658 Βασιλείου.
2110 3605 2361 3676 ανδρείας
2397 3586 2707 3674 ⁷ἐπίσκοπος
2752 3586 3106 3689 καὶνμάρτυς.
3131 3586 3411 3672 ’σωτενᾶηᾶ
3444 3586 3704 3690 tempori-

425 3680 563 3740 Tum
600 3699 666 3738 ea:
688 3688 1026 3756 evangelicis,
1059 3698 1169 3744 tum
1208 3707 1274 3746 ea:
1297 3693 1604 3761 apostolicis
1630 3694 1821 3760 verbis,
1853 3706 2008 3768 atque

416 3775 579 3831 etiam
621 3793 688 3832 ea:
732 3777 900 3834 beatis
946 3779 1202 3838 Patribus
1248 3785 1471 3853 nostris,
1514 3785 1730 3857 Ignatio
1766 3787 2004 3858 Dei/ero,

417 3865 593 3935 Julio,
648 3868 987 3939 Athanasio,
1049 3871 1318 3945 Gregoriis
1379 3886 1429 3932 et
1488 3877 1718 3934 Basilio.
1770 3877 2002 3936 Photius

417 3959 646 4018 ibidem.

492 4051 782 4112 Secundus
824 4055 992 4126 hujus
1024 4058 1126 4112 αινί
1161 4059 1318 4114 testis
1357 4069 1442 4114 est
1473 4059 1661 4119 Gildas
1693 4060 2004 4121 Badonicus

415 4159 483 4199 ex
514 4143 796 4202 Britannia
833 4158 1044 4215 nostra,
1085 4150 1179 4220 qui
1209 4166 1356 4206 anno
1395 4151 1502 4206 564
1541 4153 1830 4222 epistolam
1861 4154 2001 4209 scri-

413 4238 526 4309 psit
549 4237 626 4293 De
651 4240 862 4294 excidio
892 4239 1218 4306 Britannice,
1253 4242 1309 4296 in
1338 4257 1445 4312 qua
1475 4243 1591 4298 haec
1625 4244 1787 4298 habet
1820 4258 1834 4296 :
1865 4244 2000 4309 Quis

413 4339 690 4398 vestrum,
735 4342 794 4385 ut
841 4329 901 4387 S.
927 4343 1134 4402 martyr
1179 4332 1447 4404 Ignatius,
1509 4333 1806 4390 Antiochia:
1850 4337 1998 4390 urbis

412 4425 723 4495 episcopus,
778 4434 898 4496 post
945 4425 1293 4481 admirabiles
1349 4427 1404 4482 in
1452 4426 1666 4482 Christo
1711 4440 1888 4496 actus,
1934 4429 1997 4483 ob

2111 3692 2207 3748 bus
2229 3697 2358 3763 illis,
2386 3712 2504 3768 qua:
2526 3715 2560 3753 a
2581 3700 2782 3755 Christi
2813 3702 3116 3761 Nativitate
3138 3724 3302 3780 usque
3323 3709 3393 3763 ad
3413 3711 3702 3780 imperium

2111 3785 2448 3844 Constantini
2469 3803 2835 3860 numerantur,
2865 3797 2922 3850 hi
2961 3798 3204 3854 doctores
3231 3811 3282 3855 et
3317 3802 3508 3858 Patres
3530 3805 3702 3859 exsti—

2111 3887 2284 3934 terunt
2301 3897 2321 3935 .'
2341 3879 2586 3952 Ignatius
2611 3883 2966 3958 Theophorus,
2982 3889 3505 3961 IrenwusJJuslinus
3527 3897 3702 3966 philo-

2106 3973 2301 4042 sophus
2323 3983 2371 4028 et
2396 3986 2621 4047 martyr,
2646 3977 2886 4035 Clemens
2913 3994 2960 4036 et
2987 3981 3309 4056 Hippolytus
3333 3989 3563 4058 episcopi
3587 3988 3699 4044 Ro-

2105 4069 2290 4130 mani,
2335 4067 2621 4140 Dionysius
2661 4073 3014 4144 Areopagita,
3060 4076 3362 4134 Methodius
3416 4083 3696 4152 episcopus

2106 4157 2451 4221 Patarensis.
2482 4161 2763 4233 Gregorius
2805 4169 3186 4223 miraculorum
3228 4172 3464 4241 elfector,
3496 4173 3695 4231 Petrus

2101 4251 2492 4309 Alexandrinus
2509 4258 2780 4328 episcopus
2802 4270 2850 4314 et
2871 4271 3096 4331 martyr.
3119 4262 3407 4320 Doctorem
3433 4277 3614 4324 autem
3639 4280 3698 4325 et

2101 4346 2318 4400 Patrem
2348 4348 2615 4418 lgnatium
2643 4349 3030 4422 Thcophorum
3055 4358 3306 4413 nominat
3333 4371 3555 4430 propter
3585 4351 3700 4418 (ἰοὶ

2100 4437 2332 4490 ctrinam
2374 4440 2751 4509 apostolicam,
2783 4459 2947 4513 quam
2976 4444 3095 4513 ejus
3136 4447 3394 4519 Epistolas
3439 4454 3694 4512 contine-

413 4519 774 4577 testimonium
821 4519 958 4588 ejus,
1009 4520 1219 4573 leonum
1264 4520 1421 4575 molis
1454 4520 1637 4577 Romae
1684 4523 1992 4591 confractus
2023 4546 2067 4600 υ
2098 4525 2247 4594 bant,
2281 4546 2403 4600 quae
2456 4534 2620 4589 toties
2661 4536 2926 4593 adversus
2974 4539 3258 4597 haereticos
3297 4543 3684 4603 laudabantur.

409 4614 533 4670 est?
584 4611 751 4682 Cujus
799 4613 988 4679 verba,
1036 4629 1157 4668 cum
1209 4615 1280 4671 ad
1329 4617 1630 4686 passionem
1689 4617 1990 4680 duceretur,

410 4705 686 4760 audientes
735 4706 819 4776 (si
859 4707 1073 4777 quando
1122 4707 1298 4763 vultus
1349 4711 1509 4764 vestri
1560 4710 1748 4764 rubore
1799 4710 1993 4778 su/fusi

408 4798 557 4854 sunt)
587 4813 688 4852 non
721 4797 896 4852 solum
937 4800 992 4853 in
1021 4801 1416 4870 comparatione
1441 4801 1555 4870 ejus
1587 4818 1674 4855 vos
1705 4818 1806 4855 non
1835 4812 1994 4870 puta-

408 4891 531 4946 bitis
562 4891 881 4957 sacerdotes,
911 4892 1001 4947 sed
1030 4909 1092 4946 ne
1118 4893 1402 4948 mediocres
1424 4895 1632 4965 quidem
1660 4893 1990 4949 Christianos

406 4998 538 5039 esse.
577 4984 670 5036 Ait
696 4984 837 5037 enim
872 4984 927 5037 in
957 4983 1222 5053 Epistola,
1267 5002 1426 5056 quam
1467 4986 1536 5039 ad
1561 4986 1854 5041 Romanam
1886 4985 1992 5039 Ec-

405 5078 624 5132 clesiam
655 5079 799 5132 misit
826 5096 841 5133 τ
872 5098 890 5129 ι
924 5079 964 5130 Α
1000 5079 1161 5148 Syria
1198 5097 1361 5149 usque
1395 5079 1619 5133 Romam
1651 5097 1771 5134 cum
1803 5080 1987 5134 bestiis

409 5177 553 5223 terra
595 5169 834 5238 marique
877 5168 1158 5238 depugno,
1207 5169 1294 5223 die
1338 5179 1388 5222 et
1435 5179 1586 5224 nocte
1631 5186 1895 5224 connexus
1939 5179 1988 5224 et

405 5259 690 5330 colligatus
727 5261 903 5314 decem
948 5261 1238 5330 leopardis,
1286 5261 1547 5317 militibus
1606 5264 1746 5330 dico,
1787 5265 1856 5317 ad
1895 5281 1989 5317 cu-

403 5351 639 5409 stadium
690 5352 872 5417 datis,
920 5355 1010 5423 qui
1060 5370 1124 5408 ea:
1175 5355 1438 5424 beneﬁciis
1501 5357 1696 5411 nostris
1745 5357 1986 5411 saeviores

403 5446 563 5513 ﬁunt.
612 5443 716 5498 Sed
759 5461 852 5514 ego
889 5463 1070 5500 eorum
1113 5448 1360 5518 nequitiis
1400 5449 1570 5519 magis
1611 5450 1860 5514 erudiar;
1896 5467 1987 5504 nec

407 5544 584 5594 tamen
613 5537 670 5590 in
695 5536 793 5588 hoc
823 5537 1158 5607 justi/iectus
1198 5556 1337 5594 sum.
1389 5539 1433 5595 Ο
1466 5540 1728 5596 salutares
1766 5543 1984 5605 bestias,

403 5643 522 5698 qua:
564 5638 940 5697 prwparantur
981 5629 1110 5682 mihi
1133 5629 1155 5683 .'
1198 5629 1425 5695 Quando
1469 5634 1712 5686 venient?
1775 5634 1985 5703 quando

401 5721 756 5778 emitteutur?
799 5723 1011 5792 Quando
1043 5724 1117 5777 eis
1157 5724 1267 5794 frui
1312 5724 1492 5779 licebit
1532 5726 1780 5780 carnibus
1813 5727 1981 5781 meis?

403 5829 535 5879 Was
576 5831 669 5895 ego
713 5825 899 5896 exopto
959 5819 1188 5874 acriores
1244 5819 1474 5891 parari,
1530 5827 1581 5874 et
1627 5819 1862 5878 inuitabo
1914 5820 1982 5876 ad

2099 4619 2336 4687 Τούτους
2379 4624 2630 4690 ἅπαντας
2661 4629 2718 4681 αἱ
2752 4631 2869 4699 μετ’
2895 4631 3093 4696 αὐτοὺς
3118 4635 3408 4707 γενόμεναι
3447 4641 3689 4711 αἱρέσεις

2095 4711 2358 4783 δέχονται.
2393 4714 2504 4772 Hos
2527 4734 2705 4774 omnes
2730 4720 2951 4792 (inquit)
2977 4733 3171 4780 secuta:
3193 4727 3436 4799 deinceps
3462 4731 3688 4787 htereses

2095 4807 2374 4875 recipiunt.
2395 4808 2780 4880 Proponebant
2801 4814 2965 4883 igitur
2987 4815 3177 4887 lgnatii
3204 4821 3464 4890 epistolas
3485 4823 3689 4880 Catho—

2092 4897 2204 4964 lici,
2229 4908 2488 4969 tanquam
2517 4903 2763 4960 doctoris
2784 4915 2836 4961 et
2857 4906 3040 4963 Patris
3065 4913 3268 4973 scripta
3301 4932 3315 4966 :
3343 4916 3687 4976 recipiebant

2093 4985 2332 5040 haeretici
2367 5002 2559 5041 omnes
2588 4998 2709 5057 post
2741 4989 2916 5058 ipsum
2941 4990 3138 5044 exorti.
3175 4992 3260 5045 Ab
3283 4993 3540 5049 omnibus
3575 4994 3680 5064 igi-

2092 5086 2181 5132 tur
2211 5077 2650 5148 agnoscebantur
2675 5080 2938 5148 epistolae,
2971 5097 3112 5151 quas
3137 5081 3505 5150 defendimus,
3554 5093 3678 5139 tum

2091 5171 2377 5227 catholicis
2425 5179 2540 5224 tum
2593 5171 2883 5228 haereticis.
2936 5173 3050 5228 lloc
3101 5175 3238 5229 adeo
3282 5176 3550 5231 disertum
3589 5189 3678 5234 est

2090 5268 2156 5320 de
2181 5265 2320 5321 sexti
2363 5266 2549 5319 sazculi
2594 5269 2865 5321 sententia
2920 5268 3322 5336 testimonium,
3357 5281 3415 5324 ut
3447 5285 3677 5326 necesse

2091 5373 2199 5411 non
2236 5357 2306 5412 sit
2329 5355 2597 5411 Joannem
2629 5357 2926 5412 Rhetorem
2981 5360 3224 5426 laudare,
3256 5360 3350 5430 qui
3382 5361 3486 5416 sub
3517 5359 3675 5415 Mau-

2089 5449 2216 5502 ritio
2246 5448 2499 5516 scripsit:
2529 5449 2661 5501 Τότε
2696 5450 2790 5502 καὶ
2821 5449 3079 5517 Ἰγνάτιος
3111 5452 3448 5517 ὁθεσπέσιος
3481 5453 3669 5524 ἐπειδὴ

2087 5555 2171 5608 γε,
2206 5538 2282 5601 ὼς
2314 5535 2596 5603 ἐϐούλετο,
2649 5539 2818 5608 τάφον
2866 5543 2966 5607 τὰς
3011 5541 3121 5596 τῶν
3169 5542 3375 5614 θηρίων
3418 5542 3674 5614 ἐσχηκὼς

2087 5630 2360 5700 γαστέρας
2413 5630 2470 5682 ὲν
2519 5628 2597 5700 τῷ
2643 5632 2743 5702 τῆς
2807 5633 3024 5705 Ῥώμης
3077 5635 3453 5708 ἀμφιθεάτρῳ.
3522 5635 3672 5690 Tune

2086 5723 2248 5780 etiam
2271 5719 2515 5791 Ignatius
2545 5721 2777 5789 divinus,
2815 5736 3115 5796 postquam,
3149 5737 3206 5796 ut
3241 5728 3352 5793 ipse
3398 5727 3583 5792 voluit,
3613 5730 3674 5782 in

2089 5813 2481 5895 amphitheatro
2501 5811 2761 5880 Romano,
2791 5817 3025 5887 ferarum
3063 5818 3260 5874 venires
3290 5835 3384 5873 oro
3426 5818 3668 5895 sepulcro
