3868 6208
242 319 317 373 89
565 343 578 354 -
1020 319 1074 374 J.
1116 315 1485 374 PEARSONII
1525 315 1850 373 VlNDICUE
1891 315 2322 374 ιΟΝΑἸΊΑΝᾸΞ.
2365 349 2433 358 -
2471 315 2654 372 PARS
2688 316 2729 370 1.
3448 314 3518 370 90

240 433 538 496 habuisset,
569 440 676 487 etc.
720 432 872 490 Licet
906 435 1060 501 illud,
1091 445 1150 489 ut
1188 436 1374 503 voluit;
1419 436 1488 492 ad
1519 437 1832 507 epistolam,
1863 443 1910 498 Α
1937 453 2036 507 pen
2069 437 2273 506 facere;
2307 435 2396 489 sed
2431 436 2571 506 quod
2599 435 2690 490 ille
2723 435 3045 506 probaverit,
3076 434 3172 488 hoc
3205 441 3256 486 et
3294 431 3402 486 Deo
3430 449 3522 487 ac-

240 541 411 595 quam
464 524 691 594 scripsit
731 523 980 597 lgnatius
1028 526 1097 581 ad
1123 525 1433 596 Romanos,
1477 527 1626 583 haud
1669 527 1834 582 dubie

238 616 563 684 referatur;
621 625 720 670 aut
766 617 1120 674 Anastasium
1176 619 1462 688 priorem,
1528 617 1835 672 Antiochia:

240 711 661 780 patriarcham,
701 709 845 763 libro
875 709 953 763 De
988 712 1146 764 rectis
1191 711 1434 766 veritatis
1475 709 1831 782 dogmatibus,

237 801 295 856 in
318 800 670 858 Bibliotheca
693 801 907 872 collegii
933 803 1108 858 nostri
1138 801 1503 874 Cantabrigia:
1533 818 1638 858 ms.
1669 818 1831 874 quem

233 889 292 942 in
325 890 534 944 exsilio
566 891 672 946 sub
693 889 911 946 Iustino
946 892 1188 963 scripsit,
1233 893 1327 948 ubi
1372 892 1531 948 libris
1575 893 1833 949 omnibus

233 981 563 1049 destitutus,
616 983 684 1038 de
710 981 934 1040 Christo
987 1000 1056 1041 ex
1103 986 1320 1056 lguatio
1372 996 1566 1042 nostro
1613 987 1833 1043 locutus

232 1080 341 1138 est,
393 1083 457 1128 ut
482 1073 686 1143 potuit,
725 1088 851 1129 cum
881 1075 1146 1146 epistolas
1173 1077 1242 1132 ad
1272 1092 1500 1132 manum
1530 1093 1641 1133 non
1665 1079 1834 1135 habe-

232 1172 364 1218 ret:
408 1165 646 1236 Μορφὴν
697 1165 888 1222 δούλου
933 1169 1333 1240 ἠμφιεσμένον,
1390 1170 1478 1224 ἵνα
1525 1170 1665 1244 λάθῃ
1698 1172 1834 1237 Θεὸς

231 1255 311 1310 ὣν
341 1255 441 1310 τὸν
472 1257 714 1328 ἄρχοντα
746 1259 844 1312 τοῦ
879 1260 1074 1324 αἰῶνος
1105 1262 1318 1326 τούτου,
1356 1263 1533 1333 forma
1562 1265 1700 1320 servi
1748 1266 1833 1318 in-

231 1349 466 1418 dutum,
516 1359 576 1404 ut
621 1350 763 1407 Deus
808 1353 1066 1408 exsistens
1109 1353 1300 1411 lateret
1340 1357 1633 1427 principem
1670 1358 1830 1427 hujus

227 1440 449 1498 seculi.

298 1553 425 1611 Non
455 1557 619 1630 longe
653 1557 724 1614 ab
755 1557 914 1614 initio
945 1561 1164 1630 septimi
1203 1561 1392 1618 saeculi
1420 1562 1563 1618 alius
1587 1561 1828 1618 Anasta-

227 1647 346 1704 sius
377 1650 712 1721 monachus,
739 1649 975 1717 Sinaita,
1009 1659 1066 1707 et
1099 1653 1498 1710 catholicorum
1527 1662 1583 1709 et
1612 1654 1829 1709 haereti-

225 1755 428 1798 corum
473 1741 726 1812 ejusdem
755 1743 859 1799 aevi
902 1742 959 1798 in
997 1745 1348 1814 agnoscendo
1389 1745 1600 1818 lgnatio
1631 1755 1827 1803 nostro

1937 541 2162 603 ceptum,
2186 545 2252 584 ex
2281 530 2494 584 eadem.
2537 529 2594 583 '0
2627 527 2718 582 τὸν
2751 528 3048 582 ἐπίσκοπον
3080 527 3255 597 τιμῶν
3288 527 3393 581 ὐπδ
3424 524 3521 580 τοῦ

1935 621 2070 676 Θεοῦ
2104 623 2360 694 τιμᾶταιο
2397 624 2425 675 ὁ
2457 619 2631 693 λάθρα
2681 620 2980 675 ἐπισκόπου
3027 638 3082 674 τι
3133 617 3395 692 πράσσων
3443 616 3521 688 τῷ

1935 715 2165 787 διαϐόλῳ
2197 713 2468 786 λατρεύει.
2490 713 2596 779 Qui
2615 714 2918 784 episcopum
2948 713 3194 776 honorat,
3225 727 3257 764 a
3287 710 3397 765 Deo
3427 709 3521 762 ho-

1935 814 2192 872 noratur;
2231 807 2320 876 qui
2361 803 2499 859 clam
2526 805 2768 874 episcopo
2808 803 3014 874 aliquid
3060 803 3214 874 facit,
3247 801 3522 856 diabolum

1935 897 2083 962 colit,
2113 912 2179 952 ex
2211 896 2423 952 eadem.
2462 897 2784 966 Ἀναγκαῖον
2832 895 2891 948 δὲ.
2930 898 3079 949 ἐστιν
3116 892 3521 948 ὑποτάσσεσθαι

1936 987 2030 1043 καὶ
2061 987 2139 1059 τῷ
2172 987 2570 1060 πρεσϐυτερίῳ,
2590 989 2665 1054 ὡς
2697 987 3016 1051 ἀποστόλοις
3047 987 3222 1060 Ἰησοῦ
3258 985 3518 1059 Χριστοῦ,

1935 1079 2033 1151 τῆς
2066 1077 2281 1144 ἐλπίδος
2313 1079 2513 1151 ὴμῶνν
2541 1120 2555 1134 .
2582 1119 2596 1132 .
2624 1119 2638 1132 .
2665 1119 2679 1132 .
2706 1119 2719 1132 .
2743 1078 2885 1133 κατὰ
2918 1079 3096 1132 πάντα
3124 1079 3320 1150 τρόπον
3355 1079 3523 1133 πᾶσιν

1933 1171 2225 1244 ἀρέσκεινο
2273 1171 2335 1225 οὐ
2386 1172 2495 1245 γὰρ
2548 1171 2852 1245 βρωμάτων
2898 1171 2991 1226 καὶ
3058 1170 3319 1242 πομάτων
3384 1169 3522 1223 είσὶν

1931 1263 2205 1331 διάκονοι,
2240 1265 2376 1320 ἀλλὰ
2415 1265 2740 1338 Ἑκκλησίας
2771 1264 2906 1318 Θεοῦ
2941 1264 3210 1336 ὑπηρέται
3231 1280 3243 1293 ·
3280 1262 3397 1316 δέον
3430 1258 3523 1316 οὖν

1934 1359 2083 1412 ἐστιν
2119 1359 2318 1424 αὐτοὺς
2363 1358 2731 1431 φυλάσσεσθαι
2773 1359 2844 1413 τὰ
2894 1357 3213 1428 ἐγκλήματα
3245 1356 3321 1420 ὡς
3369 1353 3519 1428 πῦρ·

1931 1451 2134 1522 ὁμοίως
2184 1453 2386 1516 πάντες
2437 1451 2888 1524 ἐντρεπὲσθωσαν
2939 1450 3066 1514 τοὺς
3116 1449 3398 1512 διακόνους
3447 1447 3523 1512 ὡς

1945 1542 2150 1614 Ἰησοῦν
2183 1545 2436 1616 Χριστὸν,
2473 1545 2567 1598 καὶ
2597 1543 2689 1598 τὸν
2722 1543 3018 1597 ἐπίσκοπον
3051 1541 3126 1606 ὡς
3160 1541 3250 1596 τὸν
3286 1541 3520 1613 πατέρα,

1928 1635 2056 1700 τοὺς
2093 1636 2151 1690 δὲ
2199 1636 2602 1709 πρεσϐυτέρους
2650 1635 2727 1700 ὡς
2780 1634 3056 1707 συνέδριον
3105 1632 3264 1698 Θεοῦ,
3301 1633 3396 1686 καὶ
3446 1631 3525 1696 ὡς

1928 1724 2124 1797 δεσμὸν
2173 1725 2519 1780 ἀποστόλων·
2592 1723 2763 1798 χωρὶς
2829 1723 3034 1778 τούτων
3099 1721 3393 1794 Ἐκκλησία
3457 1721 3523 1774 οὐ

226 1847 570 1891 consensum
607 1835 811 1891 innuit,
855 1835 1022 1893 Libro
1038 1812 1204 1893 13mm
1233 1812 1693 1910 quemvtoanrd,
1720 1855 1826 1895 no.
1855 1821 1900 1879 B
1929 1815 2198 1910 καλεῖται.
2230 1816 2465 1910 Necesse
2498 1817 2667 1888 igitur
2699 1826 2777 1871 est
2815 1815 2982 1889 (non,
3013 1816 3256 1910 episcopo
3297 1812 3522 1910 subjecti

223 1925 487 1992 minavit,
519 1926 663 1982 inter
692 1927 1008 1984 testimonia
1040 1943 1165 1999 qua:
1191 1939 1323 1985 tunc
1358 1931 1622 2002 temporis
1647 1929 1826 1987 Theo—

223 2017 448 2072 dosiani
493 2025 549 2072 et
590 2017 862 2074 Gaianitze
897 2034 966 2074 ex
1007 2017 1267 2076 Patribus
1305 2020 1675 2089 adducebant,
1720 2021 1826 2078 hoc

220 2107 317 2162 τοῦ
351 2107 518 2178 ἁγίου
557 2109 818 2179 Ἰγνατίου
845 2112 1147 2167 ἐπισκόπου
1187 2113 1538 2185 Ἀντιοχείας,
1568 2113 1628 2172 S.
1660 2113 1824 2188 Igna-

221 2201 285 2254 tii
315 2202 556 2270 episcopi
577 2201 900 2270 Antiochiae,
935 2205 1139 2265 habet:
1183 2207 1411 2263 Ἐάσατε
1454 2208 1700 2282 μιμητὴν
1731 2225 1825 2278 γε-

219 2291 414 2344 νέσθαι
445 2291 546 2346 τοῦ
579 2292 786 2359 πάθους
819 2293 913 2349 τοῦ
945 2296 1083 2351 Θεοῦ
1120 2316 1244 2370 μου.
1283 2297 1456 2356 Sinite
1494 2318 1577 2357 me
1616 2303 1823 2357 imitari

218 2386 530 2452 passionem
575 2385 674 2440 Dei
719 2388 853 2455 mei,
895 2403 964 2444 ex
1004 2390 1271 2460 epistola,
1317 2393 1557 2463 scilicet,
1600 2395 1667 2450 ad
1713 2393 1824 2450 Ro-

218 2489 443 2530 manos.
478 2474 739 2546 Ejusdem
777 2481 966 2535 saeculi
996 2483 1277 2540 secundus
1311 2486 1488 2553 testis,
1515 2495 1570 2543 et
1596 2488 1820 2557 quidem

217 2565 729 2636 locupletissimus,
771 2580 858 2624 est
896 2570 1206 2629 Antiochus
1251 2575 1355 2630 sub
1404 2574 1655 2633 Heraclio
1696 2594 1820 2634 mo~

219 2661 436 2714 nachus
461 2659 814 2731 Palaestinus,
838 2664 933 2734 qui
960 2665 1030 2720 ad
1051 2664 1400 2724 Eustathium
1427 2671 1650 2741 scripsit
1672 2673 1821 2740 circa

216 2766 430 2808 annum
462 2751 591 2820 620,
615 2754 779 2824 eique
805 2755 1062 2813 homilias
1091 2773 1223 2815 suas
1250 2760 1543 2817 dedicavit.
1572 2763 1821 2830 Quarum

216 2845 322 2900 HJ
371 2861 502 2916 quae
558 2849 671 2918 agit
723 2847 801 2903 De
859 2853 1189 2908 veneratione
1255 2855 1623 2910 sacerdotibus
1679 2873 1822 2927 pra-

215 2938 436 3006 standa,
485 2939 606 3004 haec
644 2940 803 2996 nobis
831 2955 863 2996 e
895 2939 952 2996 S.
979 2941 1190 3012 lgnatio
1215 2944 1472 3017 decerpta
1512 2948 1716 3005 tradit:
1762 2950 1819 3004 Ὀ

216 3027 777 3115 θεοφόροςοΊγνάτιος
804 3033 1130 3100 ἐπιστέλλει,
1159 3034 1334 3105 λέγων
1355 3054 1367 3066 ο
1391 3038 1478 3104 Τῷ
1506 3039 1821 3106 ἑπισκόπῳ

215 3119 574 3188 προσέχετε,
603 3121 706 3175 ἵνα
743 3121 844 3176 καί
870 3125 904 3178 ὀ
939 3123 1084 3191 Θεὸς
1108 3125 1271 3195 ὑμῖν.
1313 3127 1681 3198 Ἀντίψυχον
1703 3131 1821 3202 ἐγὼ

215 3209 297 3276 τῷ
315 3210 803 3282 ὐπυτασσομένῳ
825 3212 964 3284 (lege
977 3213 1087 3268 τῶν
1111 3216 1586 3289 ὑποτασσομένων,
1603 3237 1671 3276 ne
1691 3237 1820 3277 cum

216 3300 524 3361 Tilmanno
557 3302 855 3374 interprete
886 3306 959 3359 ita
990 3306 1213 3373 reddas,
1244 3325 1452 3364 recreor
1481 3311 1540 3366 in
1576 3315 1821 3386 episcopo

212 3394 306 3462 qui
341 3393 478 3446 mihi
507 3393 827 3464 subrogatus
848 3396 985 3466 est),
1017 3396 1352 3464 ἑπισκόπῳ,
1391 3404 1822 3474 πρεσϐυτέροις

215 3500 280 3540 τε
304 3485 412 3539 καὶ
429 3484 759 3553 διακόνοις·
785 3487 914 3557 μετ’
937 3490 1138 3545 αὐτῶν
1159 3509 1262 3561 μοι
1289 3492 1355 3547 τὸ
1379 3494 1563 3564 μέρος
1587 3497 1820 3566 γένοιτο

215 3580 389 3648 ἔχειν
417 3579 494 3632 ἐν
542 3578 685 3645 Θεῷ.
726 3577 971 3651 Ignatius
1023 3582 1363 3655 Theophorus
1411 3603 1505 3657 per
1537 3589 1820 3658 epistolam

215 3671 355 3724 dicit
382 3685 401 3724 :
447 3689 470 3722 ι
499 3669 759 3741 Episcopo
785 3675 1065 3743 attendite,
1101 3686 1160 3730 ut
1185 3686 1236 3733 et
1260 3675 1402 3732 Deus
1429 3678 1595 3736 vobis.
1620 3682 1818 3736 Anima

218 3778 341 3818 mea
392 3778 493 3832 pro
533 3763 626 3830 iis,
663 3766 755 3835 qui
785 3766 1051 3836 episcopo,
1100 3768 1445 3840 presbyteris,
1481 3783 1532 3828 et
1575 3772 1818 3830 diaconis

218 3870 426 3910 rnorem
462 3864 690 3926 gerunt:
717 3872 840 3910 cum
871 3856 984 3912 illis
1029 3859 1326 3928 portionem
1363 3860 1556 3919 habere
1587 3865 1721 3920 mihi
1760 3867 1818 3921 in

220 3946 337 4002 Deo
367 3949 698 4020 contingat.»
731 3947 860 4004 Haec
883 3957 1068 4005 autem
1101 3951 1157 4008 in
1188 3951 1431 4024 Epistola
1454 3956 1524 4011 ad
1555 3937 1819 4029 Pol'ycar-

222 4054 358 4111 pum
385 4048 608 4094 exstant
631 4083 644 4097 .
677 4041 790 4097 Kal
819 4037 1004 4107 αὖθιςο
1038 4043 1283 4112 Μάρτυς
1324 4063 1450 4115 μοι,
1479 4048 1551 4102 ἐν
1575 4046 1624 4114 ᾧ
1651 4047 1816 4104 δέδε-

221 4149 351 4196 μαι,
380 4132 475 4187 ὅτι
502 4133 621 4188 ἀπὸ
649 4133 878 4202 σαρκὸς
909 4135 1296 4206 ἀνθρωπίνης
1338 4138 1453 4193 οὐκ
1494 4140 1689 4210 ἔγνων
1709 4158 1724 4172 ο
1749 4140 1819 4198 τὸ

220 4223 554 4293 δὲΠνεῦμα
565 4222 914 4294 ἐκήρυσσεν
926 4227 1278 4297 λέγοντὰδεο
1317 4229 1507 4298 Χωρὶς
1540 4231 1647 4287 τοῦ
1685 4231 1816 4288 ἐπι-

220 4315 466 4368 σκόπου
495 4313 690 4383 μηδὲν
732 4315 971 4371 ποιεῖτε.
1007 4315 1078 4370 Ει
1121 4335 1345 4375 rursus:
1382 4339 1403 4372 ι
1436 4320 1606 4377 Testis
1653 4325 1813 4392 mihi,

220 4407 276 4460 in
307 4424 413 4478 quo
442 4409 648 4462 vinctus
682 4426 822 4474 sum,
857 4409 997 4480 quod
1026 4427 1092 4466 ea:
1119 4428 1277 4467 carne
1305 4413 1540 4471 humana
1588 4434 1693 4473 non
1720 4435 1818 4472 no-

1926 1916 1985 1962 ut
2015 1908 2123 1963 sint
2167 1909 2328 1964 etiam
2365 1910 2678 1980 presbyteri,
2705 1919 2762 1962 ut
2789 1917 2840 1963 et
2865 1906 3096 1977 apostoli
3126 1905 3255 1960 Iesu
3285 1903 3520 1970 Christo,

1926 1999 2007 2054 uti
2041 1999 2279 2070 pessime
2303 2000 2590 2055 transtulit
2617 1994 2965 2065 Tilmannus,
2991 1999 3109 2069 sed)
3137 1996 3330 2067 subjici
3358 1997 3522 2051 etiam

1923 2091 2272 2162 presbyterio,
2312 2100 2371 2145 ut
2413 2089 2666 2162 apostolis
2707 2091 2837 2147 Iesu
2882 2091 3118 2157 Christi,
3156 2090 3248 2160 qui
3288 2096 3367 2145 est
3405 2103 3520 2158 spes

1925 2193 2109 2238 nostra
2127 2224 2142 2240 .
2166 2224 2180 2238 .
2201 2223 2216 2238 .
2237 2224 2250 2238 .
2273 2223 2288 2238 .
2312 2224 2328 2238 .
2351 2185 2496 2238 omni
2527 2183 2682 2238 modo
2705 2183 2946 2238 omnibus
2982 2182 3214 2253 placere:
3237 2180 3359 2235 Non
3380 2181 3523 2235 enim

1923 2284 2047 2330 sunt
2097 2275 2488 2330 esculentorum
2533 2283 2584 2329 et
2649 2276 3048 2346 poculentorum
3115 2273 3384 2336 ministri,
3429 2271 3520 2326 sed

1924 2367 2182 2424 Ecclesia:
2211 2367 2310 2422 Dei
2343 2369 2500 2425 servi.
2531 2368 2747 2439 Oportet
2792 2369 2957 2439 igitur
2984 2383 3071 2422 eos
3101 2369 3270 2421 vitare
3293 2365 3520 2420 crimina

1923 2462 2140 2516 perinde
2184 2478 2247 2516 ac
2293 2462 2488 2534 ignem.
2538 2459 2805 2516 Similiter
2841 2469 2890 2515 et
2943 2476 3120 2515 omnes
3184 2467 3521 2514 revereautur

1922 2555 2198 2621 diaconos,
2240 2562 2299 2607 ut
2342 2552 2530 2608 Iesum
2573 2552 2869 2621 Christum,
2901 2563 2951 2608 et
2985 2552 3289 2622 episcopum
3318 2562 3377 2604 ut
3417 2568 3517 2620 pa-

1924 2655 2079 2712 trem,
2111 2646 2444 2717 presbyteros
2480 2656 2657 2700 autem
2688 2656 2745 2700 ut
2785 2645 3071 2701 concilium
3112 2643 3233 2712 Dei,
3257 2653 3307 2698 et
3337 2646 3519 2698 vincu-

1921 2737 2033 2792 lum
2072 2738 2458 2808 apostolorum.
2484 2736 2611 2794 Sine
2638 2738 2719 2793 his
2750 2737 2994 2793 Ecclesia
3019 2753 3123 2791 non
3155 2746 3409 2800 vocatur;
3450 2750 3518 2789 ex

1920 2828 2135 2885 eadem.
2163 2829 2389 2886 Lacuna
2423 2839 2610 2886 autem
2647 2830 2790 2902 apud
2823 2829 3156 2886 Antiochum
3188 2827 3347 2886 facile
3387 2842 3518 2897 sup-

1921 2923 2100 2994 pletur
2127 2939 2196 2980 ex
2235 2921 2470 2996 Ignatio.

1993 3015 2157 3072 Circa
2190 3017 2434 3072 medium
2474 3016 2640 3087 hujus
2666 3017 2766 3072 aevi
2805 3015 3078 3088 praecipue
3111 3015 3315 3071 claruit
3342 3013 3507 3069 Maxi-

1924 3121 2049 3161 mus
2075 3106 2266 3173 abbas,
2299 3105 2586 3162 confessor
2611 3115 2663 3161 et
2695 3114 2921 3178 martyr,
2962 3105 3056 3177 qui
3105 3104 3407 3176 Epistolam
3447 3105 3512 3159 ad

1847 3165 1889 3224 C
1925 3197 2211 3253 Romanos
2241 3197 2512 3268 agnoscit,
2540 3212 2774 3268 eamque
2806 3197 2990 3252 statim
3029 3205 3157 3252 ante
3188 3196 3510 3267 martyrium

1923 3290 2186 3360 scriptam
2229 3289 2556 3356 conlitetur;
2599 3289 2727 3344 licet
2770 3303 2834 3344 ea
2867 3288 3140 3344 sententia
3193 3288 3260 3342 de
3294 3287 3510 3357 scriptis

1921 3379 2118 3451 lgnatii
2157 3397 2189 3436 a
2221 3389 2336 3436 tota
2372 3381 2620 3436 Ecclesia
2668 3388 2885 3450 recepta
2915 3379 3092 3450 ipsius
3125 3379 3414 3437 sententia:
3443 3379 3509 3435 de

1919 3474 2320 3546 Areopagiticis
2358 3474 2520 3544 plane
2561 3481 2914 3543 repugnaret,
2957 3487 3193 3543 eumque
3235 3471 3304 3527 ad
3345 3472 3508 3526 miras

1921 3566 2236 3638 angustias,
2279 3575 2335 3620 et
2379 3563 2580 3636 effugia
2627 3573 2786 3618 tanto
2830 3564 2948 3620 viro
3007 3579 3237 3635 prorsus
3290 3563 3508 3634 indigna

1921 3657 2213 3727 redigeret.
2237 3652 2394 3711 Nunc
2421 3655 2569 3710 enim
2599 3653 2872 3727 lgnatium
2898 3663 3196 3725 martyrem
3228 3651 3362 3708 facit
3389 3660 3507 3709 ante

1921 3747 2338 3807 Domitianum:
2396 3748 2546 3820 quod
2591 3749 2642 3804 si
2686 3763 2880 3804 verum
2922 3757 3087 3814 esset,
3117 3746 3354 3817 obiectio
3384 3744 3491 3801 Dio

1921 3841 2169 3914 nysianis
2192 3839 2340 3897 facta
2367 3855 2599 3912 prorsus
2627 3849 3001 3897 evanesceret.
3032 3838 3141 3895 Sed
3171 3854 3296 3895 cum
3321 3854 3506 3895 omnes

1920 3936 2128 3992 scirent
2153 3950 2281 3991 eum
2307 3934 2412 3991 sub
2437 3932 2680 4005 Traiano
2705 3934 3030 4006 martyrium
3063 3932 3318 4000 subiisse,
3350 3947 3492 4003 agno

1920 4037 2206 4100 sceretque
2239 4027 2356 4099 ipse
2385 4029 2620 4100 scriptas
2659 4027 2834 4084 fuisse
2856 4027 2961 4084 sub
3001 4024 3285 4094 Onesimo,
3325 4024 3486 4082 Timo

1921 4120 2032 4177 thei
2056 4136 2400 4186 successore,
2425 4138 2551 4178 cum
2582 4121 2918 4193 Dionysiana
2943 4119 3231 4176 Timotheo
3262 4118 3506 4174 dedicata

1919 4214 2061 4272 sint:
2099 4215 2403 4286 respondit,
2433 4226 2494 4270 ut
2527 4215 2727 4286 potuit,
2760 4215 2961 4286 primo,
2983 4213 3150 4269 verba
3175 4212 3366 4284 lgnatii
3401 4203 3506 4267 non

1922 4311 2098 4370 fuisse
2125 4313 2195 4370 ab
2225 4315 2348 4386 ipso
2379 4314 2645 4387 Dionysio
2672 4315 2898 4386 scripta,
2937 4315 3032 4370 sed
3069 4315 3138 4370 ab
3175 4313 3360 4384 aliquo
3387 4321 3490 4369 stu-

1917 4406 2077 4462 dioso
2128 4415 2321 4477 postea
2369 4407 2617 4474 inserta;
2675 4407 2944 4474 secundo,
2986 4408 3117 4478 quia
3181 4407 3288 4462 hoc
3338 4408 3504 4478 gratis

217 4502 420 4566 peritu;
458 4499 691 4572 Spiritus
727 4511 903 4557 autem
933 4503 1270 4572 prcedicavit,
1297 4507 1410 4561 Itth
1437 4508 1616 4564 dicem
1641 4524 1660 4562 ;
1690 4507 1816 4565 sine
1847 4513 1891 4568 ι)
1919 4498 2128 4554 dictum
2154 4513 2278 4555 esse
2316 4498 2588 4566 videatur,
2617 4500 2782 4555 verba
2825 4499 2916 4554 illa
2942 4518 2956 4554 :
2991 4502 3157 4553 Amor
3202 4516 3345 4554 meus
3385 4516 3497 4554 cru-

216 4595 468 4664 episcopo
496 4594 631 4648 nihil
660 4597 842 4666 facite.
866 4616 885 4650 ι
916 4597 1051 4666 Quae
1080 4600 1306 4655 totidem
1335 4601 1560 4673 syllabis
1586 4603 1643 4658 in
1683 4602 1812 4675 Epi-

217 4687 367 4742 stola
408 4687 476 4742 ad
527 4687 1012 4758 Philadelphenses
1057 4690 1349 4763 leguntur.
1386 4692 1508 4766 Χρὴ
1539 4689 1634 4748 οῦν
1681 4695 1810 4749 ἄνευ

213 4776 320 4836 τοῦ
353 4778 653 4832 ἐπισκόπου
691 4779 856 4850 μηδὲν
889 4779 1155 4856 πράσσειν
1187 4784 1356 4853 ἡμᾶς.
1397 4783 1614 4852 Oportet
1646 4786 1813 4854 igitur

216 4887 319 4930 nos
356 4870 492 4924 nihil
522 4872 634 4925 sine
675 4873 918 4942 episcopo
949 4874 1143 4943 facere,
1175 4890 1244 4930 ex
1281 4875 1524 4946 Epistola
1554 4877 1622 4931 ad
1655 4876 1814 4932 Tral-

212 4965 419 5020 lianos.
457 4964 632 5016 Ὅπου
659 4965 769 5042 γὰρ
801 4964 866 5019 ἂν
900 4969 1042 5037 φανῇ
1079 4966 1397 5034 ἐπίσκοπος,
1434 4971 1551 5022 ἐκεῖ
1579 4969 1641 5022 τὸ
1675 4969 1813 5042 πλῆ-

214 5056 314 5118 θος
345 5055 494 5127 ήτω⁸
531 5055 720 5130 ὥσπερ
750 5057 884 5113 ὅπου
902 5058 968 5113 ἂν
999 5059 1275 5132 ὀνομασθῇ
1310 5061 1547 5133 Χριστὸς
1579 5061 1806 5134 Ἰησοῦς,

211 5151 339 5204 ἐκεῖ
370 5151 405 5220 ἡ
440 5149 702 5224 καθολικὴ
747 5151 1044 5225 Ἐκκλησία
1085 5155 1493 5225 ἐπισυνάγεται.
1535 5156 1636 5211 Ubi
1669 5158 1812 5212 enim

212 5243 579 5310 conspicietur
610 5245 792 5299 adesse
837 5246 1134 5315 episcopus,
1179 5248 1251 5300 ibi
1282 5248 1571 5303 multitudo
1603 5251 1672 5304 sit
1702 5267 1720 5304 :
1750 5260 1809 5306 ut

211 5335 310 5390 ubi
339 5336 651 5390 nominatur
680 5335 925 5394 Christus
963 5338 1144 5406 Iesus,
1169 5339 1243 5393 ibi
1271 5340 1537 5396 catholica
1570 5341 1811 5398 Ecclesia

210 5426 450 5494 cogitur,
495 5440 564 5480 ex
611 5424 855 5496 Epistola
903 5429 973 5484 ad
1024 5428 1360 5501 Smyrnazos.
1415 5432 1532 5486 Οὐκ
1563 5432 1683 5499 ἐξὸν
1715 5428 1809 5486 οῦν

211 5519 368 5570 ἐστιν
400 5517 573 5590 χωρὶς
603 5517 697 5571 τοῦ
732 5521 1032 5575 ἐπισκόπου
1082 5523 1206 5578 οὔτε
1241 5522 1478 5594 βαδίζειν
1511 5526 1584 5595 (1.
1615 5524 1810 5596 βαπτί-

210 5605 333 5672 ζειν
365 5622 433 5661 ex
470 5624 574 5663 ms.
606 5608 926 5682 Oxoniensi)
956 5611 1079 5667 οὕτε
1127 5615 1352 5686 ἀγάπην
1385 5620 1560 5671 ποιεῖν
1582 5635 1595 5648 ·
1632 5618 1746 5672 ἀλλ’
1779 5618 1808 5671 ὃ

208 5695 288 5751 ἂν
316 5697 527 5761 ἐκεῖνος
559 5698 834 5771 δοκιμάσῃ
855 5740 871 5765 ,
906 5699 1065 5754 τοῦτο
1116 5703 1210 5756 καὶ
1259 5701 1339 5774 τῷ
1388 5703 1507 5774 Θεῴ
1556 5705 1804 5776 ἀρεστόν.

213 5786 342 5845 Non
375 5792 541 5861 igitur
565 5794 688 5852 licet
719 5795 832 5851 sine
860 5797 1102 5869 episcopo
1137 5799 1214 5854 cel
1247 5798 1542 5872 baptizare,
1579 5801 1657 5857 vel
1687 5819 1809 5878 aga-

1913 4591 2106 4661 ciﬁxus
2151 4601 2262 4659 est,
2307 4591 2506 4662 saepius
2555 4590 2723 4648 fuisse
2765 4592 2835 4646 ab
2878 4592 3086 4663 Ignatio
3120 4601 3234 4646 tum
3280 4593 3334 4646 in
3384 4607 3504 4647 ser.

1913 4693 2081 4739 mone
2113 4692 2230 4739 tum
2271 4684 2327 4738 in
2359 4684 2579 4754 scriptis
2622 4693 2888 4754 usurpata
2934 4684 3256 4750 hariolatur,
3303 4682 3504 4754 Diony-

1914 4777 2172 4847 siumque
2201 4791 2312 4832 non
2353 4775 2421 4831 ad
2455 4776 2555 4832 has
2592 4777 2877 4847 epistolas,
2923 4776 3018 4832 sed
3049 4775 3115 4830 ad
3157 4777 3264 4831 alia
3300 4778 3502 4846 scripta

1913 4869 2255 4940 respexisse,
2312 4878 2368 4924 et
2437 4859 2706 4924 ratidnem
2768 4870 2988 4940 qualem
3040 4869 3258 4939 qualem
3328 4869 3500 4928 addit.

1914 4967 2225 5040 Τεκμήριον
2256 4966 2314 5020 δὲ
2362 4965 2423 5020 τὸ
2458 4965 2534 5038 μὴ
2584 4964 2940 5038 προσκεῖσθαι
2963 4982 2976 4995 ’
3014 4963 3238 5035 Γράφει
3266 4963 3334 5019 δέ
3356 4980 3500 5029 τισι,

1912 5061 2155 5118 τουτέστι
2200 5058 2521 5132 Ῥωμαίοις,
2555 5057 2672 5112 ἀλλ’
2705 5057 2893 5122 ἁπλῶς
2913 5075 2928 5090 ο
2976 5056 3202 5128 Γράφει
3237 5057 3306 5110 δὲ
3341 5055 3439 5111 καὶ
3468 5060 3502 5113 ὀ

1912 5149 2068 5215 θεῖος
2095 5145 2404 5218 Ἰγνάτιος.
2443 5146 2622 5216 Hujus
2654 5147 2731 5201 rei
2746 5147 3004 5202 indicium
3034 5164 3165 5210 esse,
3188 5147 3328 5217 quod
3357 5148 3499 5217 apud

1913 5239 2230 5311 Dionysium
2260 5255 2364 5293 non
2394 5238 2666 5294 addantur
2694 5237 2799 5303 illi,
2853 5239 2922 5291 ad
2957 5255 3085 5309 quos
3111 5238 3297 5293 scribit
3332 5236 3500 5308 lgna.-

1914 5333 2042 5390 tius.
2080 5331 2283 5386 scilicet
2333 5330 2600 5397 Romani;
2640 5332 2731 5386 sed
2772 5330 3090 5400 simpliciter
3133 5331 3336 5386 dictum
3378 5332 3497 5388 sit:

1917 5431 2112 5494 Scribit
2160 5434 2338 5479 autem
2380 5425 2590 5479 divinus
2630 5422 2902 5494 Ignatius.
2952 5423 3154 5494 Aperte
3202 5423 3370 5494 igitur
3417 5435 3498 5479 te-e

1911 5529 2088 5575 statur
2113 5517 2406 5583 Maximus,
2431 5517 2596 5572 etiam
2625 5533 2752 5572 cum
2783 5532 2848 5572 ea
2877 5516 3229 5574 confessione
3259 5519 3493 5582 nimium

1909 5619 2272 5683 premeretur,
2319 5609 2378 5666 S.
2418 5607 2691 5680 lgnatium
2740 5609 3003 5680 epistolas
3043 5625 3184 5679 quas
3228 5609 3496 5664 habemus

1911 5706 2014 5762 sub
2055 5701 2320 5758 Onesimo
2350 5701 2660 5772 scripsisse,
2691 5710 2746 5757 et
2772 5702 2936 5756 verba
2976 5699 3110 5756 illa:
3143 5702 3309 5755 Amor
3347 5715 3491 5754 meus

1911 5797 2200 5868 cruciﬁxus
2257 5803 2366 5868 est,
2419 5793 2475 5854 in
2526 5793 2765 5868 Epistola
2815 5793 2882 5850 ad
2929 5791 3206 5851 Romanos
3253 5791 3490 5856 genuina
