3868 6208
394 273 456 331 9!
1427 278 1485 333 S.
1528 277 1880 336 IGNATIUS.
1918 312 1985 321 —
2025 277 2555 338 PROLEGOMENA.
3312 287 3327 299 '
3605 270 3691 326 99

393 390 565 449 fuisse
604 392 833 463 scripta.
874 391 1021 449 Idem
1054 393 1109 447 in
1144 392 1298 449 Locis
1344 397 1709 449 communibus
1769 395 1883 450 haec
1912 412 1979 449 ex
2009 403 2053 459 Α
2082 397 2371 467 quidquam
2404 413 2585 451 eorum
2622 413 2738 467 quae
2785 398 2854 450 ad
2894 394 3191 449 Ecclesium
3226 388 3481 453 attinent,
3528 389 3689 442 citra

392 479 602 552 Ignatio
634 482 919 552 excerpit:
951 482 1158 535 Τέλειοι
1178 483 1341 561 ,ὄντες
1372 484 1553 537 τέλεια
1586 486 1852 555 φρονεῖτε,
1889 483 1979 538 θέ-

390 572 575 631 λουσιν
632 576 743 648 γὰρ
790 577 918 647 ὑμῖν
969 570 1292 648 εὖπράττειν
1340 576 1473 640 Θεὸς
1524 576 1741 647 ἕτοιμος
1790 578 1870 640 εἰς
1920 576 1980 630 τὸ

391 666 675 739 παρέχειν.
714 665 820 732 Qui
866 668 1087 737 perfecti
1122 668 1247 721 estis
1292 668 1523 737 perfecta
1564 669 1764 736 sapite;
1803 667 1981 721 volen—

392 757 534 813 tibus
575 759 717 813 enim
751 759 895 815 vobis
931 759 1056 813 bene
1100 776 1252 831 agere
1291 759 1431 814 Deus
1472 769 1694 830 paratus
1723 768 1802 814 est
1840 776 1979 830 prte-

391 847 530 917 bere,
552 866 621 906 ex
647 850 886 921 Epistola
914 851 982 906 ad
1008 850 1343 922 Smyrnaeos.

463 939 608 997 Huic
643 942 882 1013 adiungo
930 942 1281 997 Theodorum
1327 942 1738 1013 presbyterum,
1782 943 1977 1000 Photio

389 1029 446 1085 in
479 1032 660 1102 primo
690 1033 879 1087 codice
907 1031 1257 1087 Bibliotheca:
1281 1048 1395 1087 suae
1424 1042 1810 1099 memoratum,
1840 1050 1978 1104 quo-

391 1125 542 1184 niam
574 1138 699 1179 eum
734 1123 905 1179 fuisse
952 1123 1301 1179 Theodorum
1347 1122 1549 1178 Baithu
1590 1124 1814 1179 Maximi
1844 1142 1975 1197 syn-

391 1214 664 1270 chronum
702 1216 989 1285 suspicor:
1016 1215 1110 1285 qui
1151 1216 1355 1269 librum
1390 1216 1724 1287 singularem
1755 1231 1821 1271 ex
1849 1232 1977 1287 pro-

388 1303 538 1364 fesso
580 1307 913 1375 composuit,
960 1321 1071 1376 quo
1102 1308 1391 1361 ostendere
1423 1315 1654 1364 conatus
1697 1319 1813 1375 est,
1851 1308 1977 1363 licet

388 1397 683 1454 infeliciter
724 1399 845 1455 sine
883 1399 1073 1465 dubio,
1105 1408 1168 1454 ut
1216 1408 1272 1454 et
1317 1399 1609 1468 Maximus,
1651 1415 1975 1471 germanum

386 1503 509 1545 esse
556 1487 615 1547 8.
647 1489 900 1561 Dionysii
938 1489 1279 1561 Areopagitae
1326 1507 1495 1561 opus,
1538 1500 1592 1546 et
1637 1493 1975 1562 argumentis

386 1578 443 1633 in
484 1580 824 1636 contrarium
856 1580 1036 1637 allatis
1079 1591 1242 1652 prout
1285 1582 1462 1651 potuit
1502 1583 1800 1651 respondit,
1844 1597 1976 1653 quo-

2081 490 2309 558 episcopi
2361 490 2735 543 auctoritatem
2781 490 2970 558 faciat.
3003 485 3085 540 Ea
3132 486 3303 554 ﬁrma.
3337 483 3691 537 eucharistia

2081 597 2191 634 esse
2221 591 2513 648 censeatur,
2557 598 2675 652 qua:
2723 580 2789 634 ab
2828 581 3085 649 episcopis
3122 579 3202 647 fit.
3249 574 3350 629 Ubi
3389 575 3689 644 episcopus

2080 676 2407 743 apparuerit,
2450 675 2566 727 illic
2602 673 2786 745 vulgus
2825 674 2941 726 sit:
2980 670 3422 742 quemadmodum
3463 667 3560 719 ubi
3592 674 3690 720 est

2081 763 2351 833 Christus,
2396 766 2511 819 illic
2562 766 2725 819 etiam
2760 763 3026 817 catholica
3075 760 3319 814 Ecclesia
3369 766 3469 811 est.
3510 756 3692 810 Citra

2077 859 2376 927 episcopum
2419 874 2509 911 nec
2540 857 2831 927 baptizare,
2876 872 2967 909 nec
3010 854 3258 923 synaa‘im
3302 852 3474 921 facere
3505 850 3689 912 licet;

2078 950 2168 1004 sed
2196 950 2336 1021 quod
2363 949 2453 1005 ille
2478 950 2799 1021 probaverit,
2827 949 2923 1002 hoc
2955 947 3064 1002 Deo
3091 962 3293 1017 quoque
3330 953 3543 1014 gratum
3569 947 3685 995 est.

2080 1044 2185 1110 Qui
2210 1045 2510 1113 episcopum
2532 1044 2724 1096 honore
2749 1042 2927 1111 afficit,
2950 1040 2997 1095 is
3020 1057 3052 1093 a
3077 1039 3186 1093 Deo
3215 1038 3529 1091 honoratur.
3561 1033 3690 1099 Qui

2078 1136 2215 1189 clam
2248 1137 2489 1205 episcopo
2529 1134 2733 1204 aliquid
2771 1134 2937 1203 facit,
2972 1132 3055 1185 hic
3096 1129 3299 1184 diaboli
3338 1126 3511 1181 cultor
3555 1134 3686 1188 est;

2076 1244 2143 1283 ex
2186 1226 2429 1298 Epistola
2468 1227 2534 1281 ad
2575 1225 2913 1297 Smyrnams.
2948 1223 3151 1278 Ibidem
3182 1240 3195 1277 :
3231 1220 3423 1276 Omnes
3465 1217 3684 1288 perfer,

2076 1331 2135 1374 ut
2174 1330 2222 1374 te
2248 1336 2449 1390 quoque
2495 1318 2737 1373 Christus
2763 1332 2782 1369 :
2813 1317 3053 1371 omnibus
3085 1318 3142 1369 in
3190 1313 3448 1367 charitate
3493 1311 3673 1365 haere.

2076 1412 2353 1468 Prtecibus
2376 1413 2489 1467 sine
2512 1412 2625 1465 ulla
2654 1411 3043 1465 intermissione
3062 1408 3233 1462 stude.
3265 1405 3466 1461 Probos
3495 1406 3684 1458 disci-

2075 1505 2227 1576 pulos
2261 1506 2309 1559 si
2353 1506 2632 1571 amaveris,
2665 1502 2797 1557 nihil
2824 1504 3013 1573 gratiae
3044 1502 3141 1555 tibi
3183 1498 3483 1554 habendum
3529 1498 3678 1551 erit.

2078 1595 2267 1667 Itaque
2307 1596 2365 1650 in
2407 1596 2504 1649 hoc
2541 1596 2715 1665 potius
2759 1593 3020 1658 incumbe,
3051 1601 3111 1646 ut
3152 1607 3357 1645 morum
3397 1588 3684 1659 facilitate

385 1687 513 1727 rum
545 1687 739 1737 unum,
773 1680 910 1727 teste
944 1671 1164 1739 Photio,
1196 1674 1303 1729 hoc
1338 1682 1459 1728 erat
1487 1692 1499 1727 :
1536 1672 1661 1737 Πῶς
1697 1673 1973 1744 μέμνηται

2078 1698 2231 1759 atque
2289 1687 2568 1742 clementia
2621 1697 2955 1741 contumaces
3004 1685 3283 1753 subjicias.
3333 1682 3455 1737 Non
3509 1697 3683 1735 omne

386 1761 487 1833 τῆς
536 1761 630 1816 τοῦ
666 1762 925 1834 θεοφόρου
973 1764 1235 1831 Ἰγνατίου
1287 1763 1574 1834 ἐπιστολῆς
1621 1765 1654 1835 ή
1693 1761 1974 1853 storms

2079 1748 2267 1837 vulnus
2295 1782 2476 1836 eodem
2506 1780 2794 1850 emplastro
2824 1779 3119 1834 curandum
3148 1785 3245 1832 est.
3281 1774 3533 1829 Febrium
3577 1791 3682 1827 ac—

388 1855 489 1926 μὲν
528 1855 637 1928 γὰρ
685 1855 961 1921 Διονύσιος
1010 1860 1124 1920 τοῖς
1171 1855 1281 1910 τῶν
1332 1857 1647 1911 ἀποστόλων
1697 1855 1977 1927 ὲνήκμασε

384 1947 629 2020 χρόνοις,
678 1947 940 2016 Ἰγνάτιος
988 1947 1045 2001 δὲ
1087 1948 1180 2001 ἐπὶ
1215 1946 1487 2020 Τραϊανοῦ
1519 1947 1610 2001 τὸν
1643 1947 1731 2001 διὰ
1768 1962 1978 2019 μαρτυ-

386 2038 503 2110 ρίου
536 2037 769 2109 ήθλησεν
819 2038 1026 2107 ἀγῶνα,
1066 2038 1126 2102 ὃς
1158 2039 1253 2093 καὶ
1287 2039 1394 2111 πρὸ
1429 2037 1601 2111 βραχὺ
1652 2038 1751 2109 τῆς
1789 2037 1975 2091 τελευ-

383 2130 484 2201 τῆς
530 2118 734 2202 ταύτην
786 2130 1106 2202 ἐπιστολὴν,
1158 2127 1227 2204 ἦς
1274 2134 1306 2203 ή
1368 2132 1551 2203 βίϐλος
1607 2130 1973 2203 μνημονεύει,

383 2220 607 2299 γράφει.
645 2219 921 2287 Quomodo
951 2223 1116 2276 divini
1152 2222 1356 2293 Ignatii
1399 2222 1680 2293 epistolam
1718 2222 1852 2275 liber
1884 2222 1976 2275 ille

384 2314 564 2369 citat!
603 2311 893 2384 Dionysius
924 2316 1064 2369 enim
1103 2315 1470 2385 apostolorum
1510 2314 1831 2385 temporibus
1874 2315 1977 2384 ﬂo-

382 2407 515 2473 ruit,
548 2404 796 2477 Ignatius
829 2417 1007 2462 autem
1032 2407 1128 2462 sub
1164 2407 1400 2478 Trojano
1431 2409 1679 2478 martyrii
1710 2417 1976 2463 certamen

382 2497 625 2562 certavit,
656 2505 707 2551 et
734 2497 897 2567 paulo
925 2508 1050 2552 ante
1079 2508 1298 2553 mortem
1334 2499 1472 2553 hanc
1510 2500 1789 2571 epistolam
1814 2515 1975 2571 quam

382 2587 517 2642 liber
539 2588 630 2642 ille
654 2590 816 2656 citat,
846 2592 1179 2660 conscripsit.

454 2678 581 2736 Haec
624 2693 805 2736 autem
846 2697 877 2736 e
921 2681 1159 2737 Maximo
1201 2693 1256 2737 et
1311 2681 1601 2738 Theodoro
1655 2683 1975 2753 deprompta

383 2787 497 2827 non
545 2782 676 2829 sunt
723 2773 960 2829 duorum
1014 2782 1229 2829 tantum
1287 2775 1575 2830 hominum
1622 2776 1767 2831 nuda
1812 2776 1972 2830 testi—

382 2863 600 2930 monia,
645 2864 740 2920 sed
786 2864 1033 2934 ejusdem
1085 2865 1271 2920 saeculi
1320 2866 1637 2921 communia
1691 2866 1973 2938 suﬂ‘ragia.

381 2951 522 3015 Cum
564 2954 711 3009 enim
758 2954 933 3025 priori
972 2970 1089 3010 aevo
1125 2955 1366 3010 haeretici
1416 2956 1798 3011 auctoritatem
1840 2955 1973 3011 Dio-

381 3050 525 3123 nysii
554 3059 833 3123 urgerent,
862 3066 984 3122 quae
1013 3050 1235 3121 quidem
1266 3065 1414 3105 nunc
1454 3066 1484 3105 a
1526 3051 1815 3106 catholicis
1844 3051 1972 3122 reji—

2081 1874 2337 1926 cessiones
2367 1869 2761 1941 perfusionibus
2788 1870 2937 1924 seda.
2973 1868 3267 1937 Propterea
3312 1881 3469 1919 carne
3499 1863 3680 1919 simul

2078 1973 2128 2015 et
2169 1961 2360 2030 spiritu
2401 1969 2633 2025 constas,
2666 1968 2724 2011 ut
2774 1974 2893 2029 qua:
2947 1956 3117 2011 oculis
3165 1953 3260 2007 tibi
3306 1952 3680 2021 subjiciuntur

2079 2053 2349 2124 corrigas;
2393 2068 2512 2123 qua:
2549 2060 2725 2105 autem
2757 2058 3026 2120 aspectum
3062 2056 3213 2101 tuum
3253 2047 3467 2116 fugiunt
3511 2055 3673 2114 petas

2077 2154 2136 2201 ut
2185 2146 2279 2199 tibi
2313 2147 2644 2214 detegantur,
2682 2160 2784 2211 quo
2825 2140 2960 2195 nihil
2997 2140 3208 2194 omnino
3248 2139 3673 2207 prmtermittas;

2076 2252 2144 2292 ex
2181 2235 2421 2306 Epistola
2452 2235 2521 2290 ad
2570 2234 2932 2305 Polycarpum
2954 2274 2969 2299 ,
2997 2247 3048 2287 c.
3091 2232 3162 2286 35
3191 2249 3204 2284 :
3246 2229 3380 2284 Cum
3414 2230 3470 2283 in
3506 2227 3672 2282 rebus

2076 2329 2270 2383 divinis
2302 2314 2500 2397 'ﬁrmus
2539 2345 2602 2382 ac
2642 2329 2888 2381 robustus
2938 2325 3107 2394 fuero,
3150 2335 3265 2377 tum
3306 2322 3672 2377 vehementius

2076 2422 2291 2475 timeam
2326 2431 2548 2490 oportet,
2572 2418 2765 2489 absque
2791 2419 2857 2472 iis
2897 2432 3130 2481 caveam,
3159 2416 3251 2486 qui
3279 2431 3360 2468 me
3387 2416 3671 2470 incassum

2074 2515 2295 2568 instant.
2325 2512 2430 2577 Qui
2471 2513 2611 2566 enim
2648 2527 2729 2565 me
2761 2509 3015 2575 laudant,
3052 2508 3223 2578 ﬂagro
3267 2522 3348 2560 me
3384 2506 3666 2574 afficiunt;

2074 2623 2140 2662 ex
2171 2607 2400 2677 epistola
2426 2606 2492 2660 ad
2522 2604 2847 2669 Trallianos,
2878 2605 2920 2657 ι.
2952 2618 3033 2668 ιιι,
3058 2616 3107 2657 c.
3135 2599 3224 2655 50.
3253 2598 3674 2653 Mansuetudine

2075 2715 2205 2769 opus
2235 2698 2419 2765 habeo,
2453 2714 2544 2767 per
2568 2713 2727 2768 quam
2756 2698 2996 2766 princeps
3022 2694 3181 2764 hujus
3204 2692 3388 2747 sasculi
3411 2690 3668 2745 diabolus

2073 2792 2358 2855 evertitur;
2393 2806 2461 2845 ex
2491 2790 2707 2856 eadem,
2732 2804 2782 2843 c.
2810 2788 2902 2843 94.
2932 2785 3103 2841 Nemo
3142 2796 3367 2840 vestrum
3404 2783 3667 2840 adversus

2074 2885 2377 2955 proximum
2404 2883 2690 2952 quidquam
2708 2879 2919 2934 habeat.
2948 2878 3026 2932 Ne
3056 2879 3383 2932 occasionem
3418 2874 3666 2947 gentibus

2072 2976 2231 3042 detis,
2260 2990 2321 3027 ne
2363 2988 2655 3042 paucorum
2689 2972 2980 3026 stultorum
3021 2970 3176 3039 culpa
3213 2969 3333 3038 fiat,
3366 2976 3423 3019 ut
3476 2964 3669 3019 multi-

2081 3064 2208 3121 tudo
2265 3072 2451 3117 sancta
2471 3077 2532 3114 ac
2560 3060 2738 3113 divina
2774 3060 3008 3130 quadam
3048 3060 3245 3113 virtute
3272 3056 3500 3126 prwdita
3541 3070 3665 3107 ma-

382 3152 620 3211 cerctur,
648 3159 798 3199 nunc
822 3143 1192 3213 reciperetur;
1224 3143 1330 3198 hoc
1357 3143 1577 3198 demum
1603 3144 1804 3198 saeculo
1829 3144 1971 3198 inter
1999 3143 2040 3162 ν
2075 3156 2261 3211 (edici:
2289 3156 2610 3225 impetum-,-
2637 3168 2702 3207 οι
2730 3151 2941 3205 eadem,

385 3234 539 3306 ipsos
566 3235 869 3292 catholicos
900 3235 1101 3290 acriter
1124 3235 1461 3304 disputatum
1486 3244 1590 3303 est,
1621 3251 1689 3289 an
1712 3249 1776 3292 ea
1807 3250 1971 3305 opera

380 3336 568 3385 essent
612 3328 715 3398 ipsi
764 3326 1106 3398 Areopagitae
1145 3326 1472 3381 tribuenda?
1520 3326 1625 3393 Qui
1669 3328 1970 3398 negabant,

382 3417 489 3473 hoc
513 3418 658 3473 inter
685 3418 792 3474 alia
826 3426 1151 3490 argumento
1195 3418 1513 3483 utebantur,
1542 3428 1819 3473 auctorem
1849 3419 1974 3473 libri

382 3509 463 3564 De
503 3511 699 3565 divinis
751 3510 1054 3565 nominibus
1103 3510 1304 3565 citasse
1341 3510 1626 3579 epistolam
1673 3510 1865 3581 lgnatii
1905 3511 1972 3565 ad

382 3600 687 3669 Romanos,
715 3602 858 3658 hanc
881 3611 1065 3658 autem
1091 3602 1378 3673 epistolam
1404 3603 1506 3657 sub
1527 3601 1787 3673 Trajano,
1810 3603 1972 3671 paulo

381 3704 511 3751 ante
540 3704 772 3751 mortem
801 3697 1083 3767 martyris,
1113 3695 1374 3765 scriptam
1408 3687 1619 3751 luisse':
1648 3710 1774 3749 eum
1805 3695 1973 3766 igitur

384 3787 480 3857 qui
512 3787 652 3843 hanc
681 3787 893 3853 citavit,
919 3804 1028 3841 non
1065 3786 1237 3842 fuisse
1267 3786 1674 3858 Areopagitsm,
1712 3788 1806 3857 qui
1846 3803 1973 3843 cum

384 3878 651 3949 apostolis
690 3878 829 3932 vixit
856 3887 909 3933 et
945 3877 1050 3933 sub
1090 3875 1403 3931 Domitiano
1441 3883 1694 3932 mortuus
1729 3885 1834 3933 est.
1866 3876 1973 3944 Qui

382 3969 725 4035 asserebant,
765 3968 1079 4024 fatebantur
1110 3967 1306 4037 lgnatii
1332 3966 1620 4037 epistolam
1654 3968 1819 4038 paulo
1846 3976 1975 4023 ante

381 4068 617 4119 mortem
646 4060 714 4115 ad
745 4059 1028 4116 Romanos
1058 4061 1319 4131 scriptam
1356 4058 1548 4123 luisse,
1576 4066 1633 4113 et
1671 4059 1739 4114 ad
1772 4058 1971 4114 incitas

381 4152 610 4218 redacti,
625 4152 763 4208 mira
777 4152 971 4223 etl'ugia
985 4152 1565 4208 comminiscebantur.
1580 4150 1787 4206 Omnes
1805 4150 1973 4221 igitur

382 4243 665 4309 catholici,
698 4253 814 4299 tum
846 4244 943 4314 qui
977 4242 1296 4315 Dionysium
1346 4242 1689 4313 rejiciebant,
1721 4250 1839 4296 tum
1876 4242 1972 4312 qui

380 4333 752 4404 recipiebant,
796 4332 991 4405 lgnatii
1025 4333 1204 4389 nostri
1235 4332 1497 4403 epistolas
1527 4340 1586 4387 ut
1633 4332 1970 4388 indubitatas

383 4426 781 4499 agnoscebant.

454 4516 646 4575 Octavi
695 4518 877 4574 saeculi
920 4519 1136 4590 primus
1166 4519 1323 4575 testis
1360 4527 1446 4575 est
1483 4518 1727 4575 Joannes
1766 4517 1970 4575 Dama-

382 4625 607 4677 scenus,
639 4610 733 4681 qui
766 4611 912 4666 circa
945 4627 1150 4666 annum
1191 4611 1294 4665 740
1326 4613 1380 4666 in
1419 4611 1575 4683 Syria
1625 4611 1831 4667 ﬂoruit.
1869 4610 1971 4667 Hic

384 4712 569 4758 autem
615 4718 741 4758 cum
775 4701 877 4758 SS.
914 4701 1141 4758 Patrum
1186 4702 1432 4774 insignes
1466 4703 1769 4758 sententias
1802 4702 1857 4757 in
1900 4704 1970 4757 li-

383 4794 518 4851 bros
545 4793 943 4851 Parallelorum
967 4795 1273 4866 congessit,
1306 4796 1617 4866 complures
1662 4812 1731 4851 ex
1759 4796 1971 4866 Ignatio

384 4894 580 4942 nostro
642 4888 1010 4958 transcripsit.
1073 4886 1383 4943 Cardinalis
1444 4886 1660 4942 Carall‘a
1724 4888 1971 4943 codicem

384 4979 638 5036 Graecum
683 4995 810 5036 cum
854 4978 1060 5035 Jacobo
1100 4978 1260 5033 Billio
1303 4979 1763 5045 communicavit,
1806 4996 1971 5050 quem

384 5071 480 5128 ille
520 5071 578 5127 in
622 5072 771 5129 hunc
800 5073 1024 5128 modum
1070 5071 1382 5139 transtulit,
1432 5071 1471 5125 ι.
1511 5087 1561 5139 ι,
1589 5086 1639 5128 c.
1664 5070 1742 5125 9:
1785 5070 1975 5126 Valen-

388 5165 530 5220 tibus
564 5165 713 5220 nobis
744 5164 869 5219 bene
910 5181 1084 5235 agere,
1126 5162 1269 5218 Deus
1310 5163 1380 5217 ad
1411 5162 1744 5233 largiendum
1787 5180 1971 5233 prom-

385 5266 509 5327 ptus
533 5267 633 5326 est,
651 5272 719 5312 ex
748 5256 989 5327 Epistola
1015 5257 1082 5312 ad
1112 5254 1444 5328 Smyrnaaos,
1474 5271 1524 5312 c.
1553 5255 1642 5310 18.
1669 5254 1807 5310 Pace
1836 5255 1972 5310 nihil

385 5356 467 5403 est
512 5347 888 5417 prastantius,
928 5349 985 5402 in
1028 5364 1134 5420 qua
1183 5347 1376 5402 bellum
1416 5364 1567 5401 omne
1607 5346 1867 5415 aboletur,
1904 5362 1974 5402 ex

387 5440 636 5513 Epistola
668 5440 738 5497 ad
775 5440 1065 5511 Ephesios,
1095 5441 1233 5506 1.11,
1260 5456 1311 5495 c.
1338 5440 1427 5495 15.
1470 5438 1657 5493 Facite
1697 5456 1873 5494 omnes
1914 5448 1973 5492 ut

386 5534 691 5603 episcopum
727 5533 1050 5603 sequamini,
1094 5531 1539 5603 quemadmodum
1579 5530 1823 5586 Christus
1864 5529 1975 5584 Pav

392 5614 559 5689 trem;
589 5625 1011 5696 presbyterorum
1037 5624 1274 5690 chorum,
1301 5635 1357 5679 ut
1389 5623 1689 5695 apostolos;
1721 5623 1973 5678 diaconos

388 5728 570 5779 autem
600 5718 883 5776 vereamini
906 5735 1008 5777 non
1038 5734 1183 5776 secus
1216 5735 1277 5775 ac
1310 5717 1404 5775 Dei
1438 5717 1770 5775 mandatum.
1803 5715 1973 5776 Nemo

2148 3245 2288 3301 Huic
2328 3244 2569 3315 adjungo
2594 3239 2917 3304 Antonium,
2950 3237 3294 3305 Damasceni,
3330 3244 3391 3291 ut
3420 3235 3657 3299 videtur,

2075 3332 2427 3402 discipulum,
2470 3331 2566 3401 qui
2612 3330 2670 3384 in
2718 3328 2935 3383 Melissa
2981 3337 3232 3383 nostrum
3279 3326 3470 3382 crebro
3501 3326 3656 3383 citat.

2090 3427 2271 3480 Ὀυδέν
2317 3429 2465 3479 ὲστιν
2512 3425 2734 3495 ἄμεινον
2783 3424 3036 3496 εἰρήνης,
3067 3425 3125 3476 ὲν
3226 3422 3334 3484 πᾶς
3362 3423 3393 3474 6
3425 3418 3660 3489 πόλεμος

2075 3518 2421 3573 καταλύεται.
2448 3516 2603 3571 Nihil
2628 3524 2706 3571 est
2732 3532 2861 3586 pace
2892 3514 3099 3581 melius,
3131 3530 3237 3584 qua
3266 3528 3417 3568 omne
3463 3510 3659 3567 bellum

2074 3613 2384 3677 dirimitur;
2415 3627 2483 3666 ex
2517 3609 2766 3680 Epistola
2792 3610 2862 3665 ad
2914 3608 3206 3678 Ephesios.
3229 3609 3298 3663 Εί
3319 3624 3403 3671 τις
3432 3604 3658 3665 δύναται

2074 3706 2135 3759 ὲν
2166 3703 2359 3775 ἁγνείᾳ
2394 3702 2575 3774 μένειν
2606 3702 2688 3765 είς
2734 3699 2899 3771 τιμὴν
2929 3699 3032 3769 τῆς
3065 3697 3266 3771 σαρκὸς
3297 3696 3392 3755 τοῦ
3425 3695 3654 3768 Κυρίου,

2075 3798 2133 3849 ὲν
2167 3792 2481 3865 ἀκαυχησίᾳ
2531 3790 2760 3863 μενέτω,
2796 3789 2890 3844 καὶ
2941 3790 3037 3844 ἐὰν
3087 3787 3303 3858 γνωσθῇ
3352 3787 3514 3840 πλέον
3561 3784 3655 3839 τοῦ

2073 3886 2394 3950 ἐπισκόπου,
2430 3883 2697 3955 ἔφθαρται
2720 3899 2734 3913 ’
2772 3882 2974 3954 πρέπει
3004 3880 3061 3935 δὲ
3111 3883 3225 3945 τοῖς
3275 3878 3513 3951 γαμοῦσι
3563 3878 3655 3931 καὶ

2071 3980 2196 4042 ταῖς
2225 3976 2605 4049 γαμουμέναις
2641 3975 2780 4046 μετὰ
2822 3972 3049 4045 γνώμης
3080 3971 3174 4025 τοῦ
3223 3972 3523 4026 ἐπισκόπου
3555 3970 3654 4041 τὴν

2072 4070 2267 4125 ἕνωσιν
2301 4067 2599 4133 ποιεῖσθαι,
2636 4068 2724 4121 ἵνα
2754 4068 2783 4120 6
2815 4066 2991 4137 γάμος
3092 4066 3234 4119 κατὰ
3264 4065 3416 4130 Θεὸν,
3452 4065 3545 4120 καὶ⁵
3577 4064 3653 4137 μὴ

2074 4165 2195 4218 κατ’
2229 4160 2508 4235 [αἰσχρὰν]
2542 4158 2855 4231 ἐπιθυμίαν.
2893 4158 2955 4213 Si
3006 4160 3124 4229 quis
3158 4160 3213 4212 in
3252 4159 3497 4216 castitate
3536 4175 3651 4213 ma-

2074 4270 2195 4308 nere
2219 4262 2389 4323 potest
2419 4253 2488 4305 ad
2517 4252 2763 4306 honorem
2795 4252 2972 4305 carnis
2994 4249 3230 4314 Domini,
3255 4251 3366 4303 sine
3388 4249 3652 4318 jactantia

2072 4352 2276 4416 pergat.
2303 4342 2372 4397 Et
2405 4344 2452 4397 si
2480 4343 2647 4399 videri
2677 4342 2785 4396 vult
2813 4342 2932 4413 plus
2962 4341 3225 4410 episcopo,
3248 4348 3524 4409 corruptus
3552 4350 3648 4394 est.

1999 4458 2047 4514 Ι)
2075 4435 2233 4489 Decet
2266 4444 2443 4488 autem
2488 4434 2733 4487 ducentes
2763 4442 2814 4486 et
2856 4433 3045 4485 ductas
3090 4446 3210 4485 cum
3246 4431 3506 4485 sententia
3544 4433 3652 4501 epi-

2073 4526 2219 4596 scopi
2254 4524 2499 4578 unionem
2526 4523 2719 4592 facere,
2753 4532 2817 4576 ut
2843 4523 3044 4591 nuptitz
3076 4522 3208 4590 ﬁant
3239 4521 3525 4575 secundant
3554 4518 3652 4572 Do-

2073 4621 2295 4683 minum,
2326 4625 2375 4670 et
2404 4632 2508 4670 non
2549 4614 2838 4669 secundum
2884 4611 3135 4686 [turpem]
3175 4613 3549 4682 cupiditatem;
3583 4627 3650 4665 ex

2072 4709 2317 4781 Epistola
2364 4707 2431 4762 ad
2476 4705 2860 4777 Polyearpum.
2894 4705 3068 4775 Στῆκε
3102 4705 3178 4768 ὡς
3226 4704 3420 4775 ἄκμων
3454 4703 3647 4756 τυπτό-

2076 4817 2263 4874 μενος·
2305 4798 2539 4870 μεγάλου
2587 4796 2821 4867 ἀθλητοῦ
2872 4799 2987 4850 ὲστι
3018 4795 3271 4866 δέρεσθαι
3318 4796 3410 4849 καὶ
3459 4796 3644 4865 νικᾷνσ

2076 4892 2311 4964 μάλιστα
2342 4891 2398 4944 δὲ
2448 4890 2633 4943 ἕνεκεν
2664 4887 2799 4941 Θεοῦ
2834 4887 3011 4941 πάντα
3043 4886 3189 4957 ἡμᾶς
3224 4886 3515 4955 ὑπομένειν
3543 4884 3645 4947 δεῖ.

2074 4985 2162 5038 ἵνα
2210 4984 2303 5037 καὶ
2357 4981 2525 5045 αὐτὸς
2569 4981 2719 5051 ἡμᾶς
2773 4977 3066 5049 ὑπομείνῃ.
3118 4974 3271 5031 Stato
3313 4978 3469 5047 quasi
3504 4978 3646 5030 incus

2073 5075 2199 5129 dum
2232 5073 2445 5129 caederis
2472 5087 2490 5125 :
2519 5071 2753 5142 generosi
2791 5080 2868 5125 est
2906 5068 3121 5123 athlette
3155 5069 3289 5123 ca’di
3323 5079 3373 5122 et
3413 5070 3646 5123 vincere:

2073 5165 2306 5217 maaime
2344 5171 2557 5232 propter
2596 5160 2766 5215 Deum
2805 5161 2955 5216 nobis
2989 5162 3169 5215 omnia
3209 5160 3465 5231 patienda
3510 5169 3643 5223 sunt,

2074 5266 2131 5310 ut
2160 5257 2270 5325 ipse
2300 5272 2392 5310 nos
2425 5255 2697 5325 patiatur;
2727 5270 2795 5308 ex
2840 5254 3051 5309 eadem.
3082 5252 3505 5326 Μακροθυμεῖτε
3537 5253 3645 5324 μετ’

2074 5347 2318 5420 ἀλλήλων
2340 5350 2398 5401 ὲν
2431 5347 2725 5418 πραΰτητι,
2750 5346 2826 5411 ὼς
2851 5348 2879 5399 6
2910 5346 3043 5411 Θεὸς
3079 5346 3196 5417 μεθ’
3217 5349 3249 5418 ὴ
3260 5345 3376 5417 μῶν
3408 5345 3497 5400 διὰ
3528 5362 3648 5399 παν·

2074 5441 2184 5504 τός.
2222 5438 2499 5494 Patienter
2519 5439 2617 5493 alii
2644 5439 2780 5494 alios
2810 5456 2929 5493 cum
2958 5439 3362 5494 mansuetudine
3384 5438 3641 5508 patimini,

2076 5542 2133 5585 ut
2164 5546 2257 5584 nos
2279 5546 2482 5599 semper
2504 5529 2678 5594 Deus;
2701 5546 2767 5585 ex
2786 5530 3000 5584 eadem.
3025 5529 3227 5601 Χρῄζω
3250 5529 3573 5601 πραΰτητος,
3588 5532 3644 5583 ὲν

2076 5619 2470 5697 ᾖκαταλύεται
2515 5628 2544 5679 6
2576 5625 2758 5697 ἄρχων
2812 5625 2906 5678 τοῦ
2952 5624 3149 5689 αἰῶνος
3197 5625 3390 5680 τούτου
3445 5624 3643 5698 [διάϐο-

2076 5716 2220 5789 λοςῙ.
2252 5715 2543 5775 Clementia
2570 5734 2728 5794 egeo,
2768 5733 2873 5788 qua
2920 5716 3169 5773 evertitur
3207 5718 3449 5789 princeps
3496 5716 3653 5788 hujus.
