3868 6208
261 311 336 368 93
1051 320 1102 376 J.
1145 317 1520 378 PEARSONII
1559 320 1884 377 VINDICUE
1925 321 2347 383 IGNATIANIE.
2381 358 2454 370 —
2489 327 2670 384 PARS
2709 329 2749 385 ι.
3493 340 3562 400 94

259 430 451 487 seculi
500 430 851 508 [diabolus];
899 452 963 492 ex
1012 437 1257 510 Epistola
1308 441 1375 496 ad
1423 440 1756 499 Trallianos.
1804 445 1869 496 Oi
1900 447 1946 503 Α
1974 451 2387 515 persecutionem
2439 453 2790 517 excitaverat,
2836 452 2896 505 in
2920 452 3141 519 epistola
3191 453 3260 506 ad
3300 451 3561 506 Romanos

261 523 437 577 δοῦλοι
482 525 559 596 μὴ
592 527 881 598 ὲράτωσαν
914 528 1022 583 ἀπὸ
1056 531 1238 585 κοινοῦ
1272 531 1713 605 ὲλευθεροῦσθαι,
1749 535 1865 589 ἀλλ’

258 621 342 682 είς
374 618 538 684 δόξαν
572 621 709 676 Θεοῦ
753 623 916 677 πλέον
963 624 1384 692 δουλευέτωσαν,
1421 627 1509 682 ἵνα
1559 629 1866 700 κρείττονος

259 711 583 784 ἐλευθερίας
625 714 733 768 ἀπὸ
773 715 908 768 Θεοῦ
942 715 1198 786 τύχωσιν.
1235 717 1387 774 Serui
1419 737 1525 774 non
1567 722 1864 777 desiderent

260 820 295 855 α
317 809 597 859 communi
633 806 788 860 liberi
815 809 969 877 ﬁeri;
1003 810 1100 863 sed
1123 811 1178 864 in
1208 811 1437 880 gloriam
1467 811 1566 866 Dei
1594 813 1714 883 plus
1753 831 1866 868 ser-

257 897 435 961 aiant,
467 906 530 951 ut
567 898 775 953 meliori
814 899 1059 955 libertate
1089 919 1124 955 α
1159 901 1265 956 Deo
1295 904 1604 972 potiantur;
1639 921 1702 959 ex
1736 904 1866 976 Epi-

259 987 407 1044 stola
440 989 508 1043 ad
542 988 925 1062 Polycarpum.
952 993 1303 1048 Σπουδάσατε
1338 995 1413 1068 μὴ
1448 997 1866 1051 ἀντιτάσσεσθαι

257 1079 342 1150 τῷ
375 1082 690 1152 ὲπισκόπῳ,
727 1084 814 1136 ἴνα
845 1079 944 1154 ἦτε
977 1084 1096 1156 Θεῷ
1129 1087 1582 1159 ὑποτασσόμενοι,
1618 1089 1712 1142 καὶ
1744 1091 1867 1144 ὅσον

263 1170 500 1241 βλέπετε
549 1172 788 1241 σιγῶντα
840 1175 931 1227 τὸν
981 1177 1302 1244 ἐπίσκοπον,
1340 1178 1504 1232 πλέον
1554 1180 1716 1234 αὐτὸν
1767 1199 1864 1250 (ρο-

259 1262 472 1327 δεῖσθε,
521 1265 701 1318 πάντα
747 1265 859 1338 γὰρ
906 1267 967 1320 ὃν
1018 1269 1229 1340 πέμπει
1275 1273 1304 1324 ὁ
1351 1271 1737 1342 οἰκοδεσπότης
1787 1274 1867 1336 είς

264 1353 409 1408 ἰδίαν
443 1356 775 1426 οίκονομίαν,
810 1357 982 1422 οὕτως
1014 1359 1097 1413 δεῖ
1128 1362 1277 1432 ἡμᾶς
1310 1362 1472 1414 αὐτὸν
1505 1363 1758 1434 δέχεσθαι
1791 1365 1867 1428 ὡς

260 1445 432 1500 αὐτὸν
482 1446 574 1500 τὸν
609 1448 900 1518 πέμποντα
921 1467 934 1480 ο
971 1450 1064 1504 τὸν
1117 1449 1213 1506 οὖν
1247 1454 1544 1508 ἐπίσκοπον
1577 1455 1654 1520 ὡς
1703 1457 1879 1511 αὐτὸν

257 1540 354 1594 τὸν
389 1540 600 1613 Κύριον
635 1539 716 1594 δεῖ
739 1542 1128 1612 προσϐλέπειν.
1180 1545 1320 1601 Date
1369 1564 1585 1616 operam
1631 1566 1692 1603 ne
1733 1551 1866 1603 resi-

255 1633 425 1687 statis
465 1633 729 1702 episcopo,
758 1644 816 1687 ut
847 1637 968 1689 sitis
1018 1635 1129 1690 Deo
1179 1639 1447 1708 subjecti:
1479 1649 1528 1693 et
1563 1658 1664 1711 quo
1696 1642 1864 1712 magis

261 1725 492 1778 tacitum
521 1724 759 1779 videritis
804 1728 1128 1797 episcopum,
1183 1739 1332 1784 tanto
1383 1733 1554 1802 magis
1596 1749 1715 1786 eum
1758 1750 1866 1788 me-

1970 543 2208 610 scripsit.
2236 541 2311 596 Ita
2344 544 2435 598 ille
2461 531 2683 614 quidem
2717 546 2880 602 simul
2911 555 2965 600 et
2996 545 3259 617 lgnatium
3283 555 3336 601 et
3366 545 3565 616 Diony-

1969 634 2114 689 sium
2155 635 2456 691 defendens
2480 678 2494 703 ,
2527 653 2714 707 quem,
2758 647 2817 692 ut
2849 639 3040 706 lgnatii
3078 637 3365 708 epistolam
3412 637 3566 692 vide-

1970 734 2072 792 ret,
2106 743 2215 781 non
2252 736 2378 782 ante
2412 728 2576 784 ﬁnem
2610 729 2826 800 imperii
2859 728 3081 799 Traiani
3114 729 3317 785 obiisse
3353 727 3488 784 vult.
3521 726 3567 781 E

1970 826 2159 872 contra
2200 817 2431 874 Photius
2460 820 2653 875 eodem
2700 819 2921 885 saeculo,
2953 820 3084 874 dum
3115 828 3441 890 argumenta
3475 835 3564 874 re-

1969 910 2124 981 petit,
2152 910 2355 980 quibus
2383 909 2705 967 Theodorus
2744 912 3028 982 presbyter
3058 911 3362 981 respondit,
3393 911 3566 966 inter-

1970 1017 2078 1072 que
2106 1017 2169 1056 ea
2205 1001 2337 1056 illud
2374 1003 2441 1057 de
2480 1002 2675 1074 lgnatii
2704 1002 2949 1073 Epistola
2985 1003 3052 1058 ad
3084 1002 3366 1058 Romanos
3403 1004 3565 1073 paulo

1970 1105 2097 1152 ante
2127 1097 2453 1167 martyrium
2483 1098 2710 1168 scripta,
2742 1099 2910 1155 simul
2941 1108 2995 1154 et
3023 1097 3403 1154 defensionem
3430 1097 3562 1152 Dio-

1970 1188 2112 1259 nysii
2157 1188 2434 1242 inﬁrmam
2467 1203 2589 1244 esse
2630 1189 2854 1254 indicat,
2900 1198 2956 1244 et
2997 1189 3284 1260 epistolam
3327 1205 3448 1244 eam
3493 1190 3564 1244 ab

1970 1279 2090 1344 ipso
2112 1279 2346 1350 lgnatio,
2371 1282 2544 1351 paulo
2569 1292 2696 1337 ante
2723 1284 3074 1354 martyrium,
3107 1284 3361 1353 scriptam
3393 1283 3566 1338 fuisse

1969 1373 2284 1437 conlirmat,
2324 1373 2514 1428 codice
2546 1374 2744 1443 primo.
2786 1373 3045 1445 Idemque
3087 1375 3274 1430 codice
3301 1374 3406 1430 228
3431 1376 3564 1430 dum

1969 1463 2300 1532 patriarcha:
2337 1462 2634 1531 Ephrtemii
2671 1465 2996 1519 sententiam
3045 1465 3162 1521 suis
3193 1466 3378 1521 verbis
3423 1467 3563 1521 reci-

1969 1565 2088 1610 tat:
2125 1556 2302 1627 Ὅπερ
2337 1551 2430 1608 οὖν
2463 1555 2680 1628 εἴρηται
2726 1557 2867 1610 κατὰ
2913 1556 2973 1610 τὸ
3025 1558 3209 1629 τρίτον
3248 1557 3561 1626 κεφάλαιον,

1970 1647 2035 1700 ἐκ
2067 1665 2126 1699 τε
2162 1646 2269 1700 τῶν
2304 1646 2675 1715 εὐαγγελικῶν
2719 1647 2931 1716 φωνῶν,
2969 1648 3062 1700 καὶ
3096 1651 3160 1702 ἐκ
3194 1647 3302 1702 τῶν
3335 1649 3566 1702 ἀποστο-

1969 1737 2159 1801 λικῶν,
2198 1737 2290 1790 καὶ
2327 1736 2390 1807 δὴ
2420 1736 2512 1789 καὶ
2537 1739 2602 1790 ἐκ
2634 1736 2744 1790 τῶν
2780 1736 3066 1809 μακαρίων
3101 1737 3354 1810 πατέρων
3386 1738 3562 1809 ἡμῶν,

261 1818 417 1872 tuite.
453 1816 827 1890 Quemcunque
875 1823 1016 1874 enim
1063 1824 1230 1876 mittit
1264 1825 1659 1895 paterfamilias
1696 1833 1755 1878 ut
1791 1827 1865 1879 rei

1983 1829 2243 1898 Ἱγνατίου
2295 1829 2389 1882 τοῦ
2443 1830 2703 1901 θεοφόρου
2729 1870 2743 1896 ,
2797 1829 2892 1882 καὶ
2939 1829 3194 1895 Ἰουλίου,
3248 1829 3342 1884 καὶ
3405 1829 3564 1888 Ἀθα-

257 1907 572 1963 domestica:
601 1911 802 1978 praesit,
824 1913 900 1965 sic
925 1913 1071 1966 decet
1097 1929 1189 1967 nos
1211 1916 1469 1984 excipere,
1495 1925 1552 1969 ut
1582 1917 1753 1984 ipsum
1779 1917 1869 1986 qui

257 2000 455 2053 mittit.
499 1999 826 2070 Episcopum
855 2003 1025 2072 igitur
1061 2015 1316 2075 tanquam
1353 2006 1640 2060 Dominum
1693 2009 1867 2077 ipsum

257 2099 471 2159 oportet
510 2093 812 2161 suspicere;
844 2108 910 2147 ex
941 2093 1185 2164 Epistola
1215 2097 1283 2151 ad
1321 2096 1608 2165 Ephesios.
1652 2099 1869 2163 Πάντας

255 2180 504 2252 βάσταζε
538 2181 614 2246 ὥς
649 2201 709 2237 σε
741 2186 770 2238 ό
801 2184 1026 2257 Κύριος,
1063 2187 1286 2241 πάντων
1318 2188 1515 2258 ἀνέχου
1550 2191 1608 2241 ὲν
1643 2189 1864 2260 ἀγάπῃ’

252 2273 416 2329 αἰτοῦ
455 2273 673 2329 σύνεσιν
709 2275 931 2330 πλείονα
963 2273 1032 2349 ἦς
1066 2277 1232 2348 ἔχεις.
1271 2279 1499 2333 Πάντων
1546 2280 1645 2343 τὰς
1679 2281 1868 2344 νόσους

255 2367 505 2436 βάσταζε
528 2385 544 2398 ο
579 2368 714 2422 ὅπου
742 2368 854 2441 γὰρ
905 2369 1110 2424 πλείων
1143 2372 1332 2437 κόπος,
1368 2372 1505 2426 πολὺ
1539 2372 1600 2424 τὸ
1651 2372 1863 2444 κέρδος.

256 2456 458 2524 Omnes
491 2458 654 2528 ferto,
679 2469 739 2514 ut
776 2468 826 2516 te
860 2459 1154 2526 Dominus;
1185 2478 1361 2516 omnes
1392 2463 1595 2517 sustine
1637 2464 1693 2516 in
1735 2464 1869 2517 cha-

253 2551 443 2604 ritate.
484 2549 710 2605 Postula
752 2554 1090 2622 prudentiam
1119 2554 1377 2623 majorem
1401 2571 1465 2608 ea
1495 2571 1654 2625 quam
1685 2555 1862 2611 habes.

256 2642 519 2698 Omnium
557 2647 766 2698 morbos
810 2653 1004 2713 porta;
1049 2644 1142 2699 ubi
1171 2646 1313 2698 enim
1363 2645 1483 2715 plus
1527 2645 1752 2714 laboris,
1791 2628 1866 2700 ibi

254 2733 398 2789 lucri
425 2734 695 2800 multum;
724 2751 792 2791 ex
821 2735 1066 2806 Epistola
1094 2737 1160 2792 ad
1192 2735 1576 2808 Polycarpum.

323 2847 492 2905 Nono
538 2850 742 2905 saeculo
789 2850 1015 2922 assigno
1064 2851 1344 2908 Andream
1405 2853 1861 2927 Hierosolymita-

252 2957 417 3009 num,
453 2942 802 2998 Cretensium
848 2944 1349 3015 archiepiscopum,
1392 2947 1489 3018 qui
1530 2945 1772 3004 Homilia
1809 2951 1866 3004 in

1973 1922 2182 1988 νασίου,
2235 1921 2328 1974 καὶ
2379 1921 2747 1994 Γρηγορείων,
2800 1921 2894 1975 καὶ
2945 1921 3250 1988 Βασιλείου,
3302 1922 3566 1994 διελέγχει

1969 2015 2096 2078 τοὺς
2145 2013 2425 2078 δυσσεϐεῖς
2475 2013 2550 2078 ὡς
2583 2015 2617 2086 ἡ
2651 2012 2760 2066 τῶν
2810 2012 3031 2086 ἄρθρων
3080 2013 3278 2086 χρῆσις
3328 2013 3568 2084 (πάντες

1971 2106 2080 2178 γὰρ
2101 2099 2244 2160 οὗτοι
2273 2104 2486 2169 τούτοις
2516 2106 2842 2177 ἐχρήσαντο)
2863 2105 3124 2176 οὐδεμίαν
3157 2105 3330 2176 τομὴν
3363 2107 3396 2177 ἥ
3431 2106 3568 2160 διαί-

1972 2216 2124 2272 ρεσιν
2158 2201 2364 2252 ἐπινοεῖ
2397 2199 2496 2269 τῆς
2529 2196 2798 2262 ένὼσεως.
2837 2197 2992 2263 Quod
3023 2199 3186 2267 igitur
3217 2199 3372 2252 tertio
3399 2200 3568 2266 capite

1970 2291 2171 2345 dictum
2219 2299 2332 2344 tum
2381 2305 2447 2344 ex
2487 2291 2700 2359 scriptis
2748 2290 3067 2359 euangelicis
3138 2289 3565 2361 apostolicisque,

1972 2395 2086 2440 tum
2115 2399 2180 2438 ea:
2211 2382 2379 2437 beatis
2411 2381 2671 2436 Patribus
2701 2385 2918 2446 nostris,
2955 2381 3172 2452 Ignatio
3203 2383 3424 2454 deifero,
3461 2383 3568 2438 Ju-

1969 2481 2064 2546 lio,
2089 2480 2405 2545 Athanasio,
2433 2477 2701 2547 Gregoriis
2727 2487 2777 2532 et
2806 2478 3039 2546 Basilio,
3069 2479 3330 2533 convincit
3352 2480 3565 2549 impios,

1968 2573 2107 2642 quod
2136 2571 2491 2626 articulorum
2517 2587 2644 2625 usus
2673 2572 2874 2635 (omnes
2911 2573 3050 2625 enim
3084 2572 3138 2624 Iti
3165 2571 3274 2624 illis
3306 2573 3392 2625 usi
3422 2572 3566 2642 sunt)

1970 2663 2172 2717 nullam
2207 2662 2489 2717 sectionem
2516 2673 2608 2716 aut
2639 2664 2953 2716 divisionem
2979 2663 3205 2717 unitatis
3235 2665 3565 2728 subindicat,

1967 2757 2105 2812 satis
2139 2757 2382 2812 ostendit
2411 2771 2469 2810 se
2499 2754 2762 2825 epistolas
2801 2754 2925 2809 illas
2965 2754 3159 2818 lunatii
3191 2770 3289 2824 pro
3327 2755 3473 2811 veris
3515 2764 3568 2811 et

1968 2848 2224 2919 genuinis
2256 2846 2534 2903 habuisse.

2041 2941 2155 2996 Sub
2194 2941 2354 2996 initio
2397 2941 2596 2996 decimi
2646 2940 2829 2996 saeculi
2886 2939 3109 2995 Simeon
3159 2942 3189 2994 ὁ
3225 2939 3563 3011 Λογοθέτης,

255 3032 624 3089 Nativitatem
651 3032 719 3088 Β.
755 3033 988 3104 Virginis
1022 3037 1292 3104 secunda,
1335 3039 1480 3108 apud
1521 3038 1864 3097 Oxonienses
1965 3036 2060 3106 qui
2089 3036 2269 3091 dictus
2311 3045 2395 3090 est
2429 3034 2849 3104 Metaphrasles,
2901 3033 3230 3104 martyrium
3275 3031 3334 3088 S.
3373 3023 3567 3105 lgnatii

253 3143 396 3184 mss.
425 3127 548 3182 hac
574 3125 738 3181 habet
764 3145 777 3180 :
805 3128 901 3192 ’Ὧς
929 3128 1060 3200 φησι
1093 3145 1196 3182 που
1221 3129 1377 3199 ἅγιος
1410 3130 1570 3202 ἀνὴρ,
1605 3133 1862 3202 Ἰγνάτιος

1977 3131 2134 3200 longa
2177 3129 2430 3185 oratione
2473 3129 2795 3195 exornavit,
2843 3127 3142 3199 Epistolam
3189 3129 3256 3182 ad
3288 3127 3568 3184 Romanos

253 3222 434 3294 ὄνομα
478 3217 630 3289 αὐτῷ
653 3236 668 3250 ·
704 3217 817 3273 Καὶ
848 3221 1028 3274 ἔλαθε
1059 3219 1167 3274 τὸν
1201 3219 1468 3290 ἄρχοντα
1510 3222 1619 3276 τοῦ
1654 3222 1865 3290 αἰῶνος

1977 3224 2150 3278 eidem
2181 3222 2433 3290 intexuit,
2470 3220 2658 3277 [renati
2701 3223 2866 3277 etiam
2900 3231 2954 3276 et
2988 3221 3277 3293 Polycarpi
3321 3223 3570 3278 testimo-

253 3315 480 3368 τούτου
520 3313 562 3380 ἡ
595 3311 888 3380 παρθενία
930 3311 1192 3378 Μαρίας,
1229 3310 1329 3366 καὶ
1374 3314 1408 3366 ό
1443 3312 1622 3379 τόκος
1658 3311 1869 3381 αὐτῆς,

254 3408 482 3478 ὁμοίως
513 3405 614 3460 καί
641 3408 674 3459 ὁ
711 3403 972 3470 θάνατος
1000 3404 1108 3458 τοῦ
1149 3405 1433 3473 Χριστοῦ,
1465 3407 1600 3474 τρία
1635 3406 1873 3476 μυστή-

248 3517 361 3569 ρια
397 3498 637 3569 φρικτὰ,
667 3497 846 3554 ἅτινα
883 3497 953 3550 ἐν
993 3498 1229 3566 ἠσυχίᾳ
1275 3497 1426 3552 Θεοῦ
1469 3498 1762 3568 ἐπράχθη.
1803 3498 1871 3554 Ut

258 3594 341 3646 ait
388 3602 609 3646 sanctus
651 3592 754 3658 vir,
799 3593 886 3644 cui
935 3607 1121 3644 nomen
1173 3589 1422 3662 Ignatius
1461 3606 1479 3643 :
1517 3610 1536 3643 ι
1568 3591 1870 3663 Principem

258 3685 424 3754 hujus
473 3683 656 3739 swculi
708 3683 876 3737 latuit
921 3684 1254 3754 virginitatis
1312 3683 1535 3750 Marias,
1588 3695 1638 3738 et
1683 3697 1869 3755 partus

257 3782 400 3850 ejus,
432 3780 684 3834 similiter
709 3789 760 3834 et
791 3797 932 3834 mors
965 3779 1191 3845 Christi,
1219 3779 1325 3832 tria
1370 3779 1642 3833 tremenda
1675 3788 1871 3848 myste-

259 3875 373 3937 ria,
399 3888 520 3940 qua
544 3872 603 3925 in
637 3870 848 3926 silentio
874 3871 972 3924 Dei
1013 3871 1160 3941 facta
1181 3880 1343 3936 sunt;
1367 3889 1387 3922 ι
1413 3885 1480 3925 ex
1511 3869 1757 3940 Epistola
1801 3868 1868 3923 ad

260 3963 561 4036 Ephesios.

345 4056 696 4128 Freculphus
766 4055 1157 4122 Lexoviensis,
1206 4056 1303 4126 qui
1352 4055 1500 4112 circa
1545 4055 1613 4109 Α.
1659 4055 1723 4110 C.
1764 4055 1870 4111 840

260 4152 525 4221 scripsit,
567 4151 754 4206 omnia
793 4165 919 4220 qua:
967 4165 998 4204 a
1043 4150 1102 4205 S.
1131 4147 1466 4220 Hieronymo
1507 4150 1576 4205 de
1624 4149 1871 4220 epistolis

263 4238 325 4293 S.
367 4237 568 4309 Ignatii
617 4239 672 4293 in
709 4238 970 4310 Catalogo
1022 4239 1226 4308 scripta
1273 4247 1437 4305 sunt,
1483 4239 1538 4292 in
1580 4240 1868 4294 historiam

261 4347 426 4387 suam
484 4330 804 4393 transtulit,
845 4337 901 4384 et
945 4329 1117 4384 tacito
1152 4329 1274 4400 ejus
1337 4329 1563 4384 nomine
1607 4345 1706 4398 pro
1753 4330 1870 4384 suis

262 4423 459 4478 haberi
477 4422 672 4477 voluit.
699 4421 930 4476 Michael
954 4420 1243 4493 Syngelus,
1270 4420 1364 4491 qui
1387 4420 1684 4490 aliquando
1706 4421 1869 4477 desti-

1973 3316 2067 3370 nia
2101 3317 2347 3385 protulit.

2046 3403 2347 3462 Undecimo
2397 3406 3059 3476 5ωου10“38;Ῐίζῐ18ῐιίῘυῐη
3111 3415 3244 3476 puto
3286 3413 3564 3462 auctorem

1972 3494 2239 3550 Locorum
2270 3497 2629 3551 communium
2662 3514 2796 3554 mss.
2833 3498 2890 3552 in
2923 3495 3258 3553 Bibliotheca
3290 3498 3568 3554 Oxonien-

1974 3588 2018 3642 si
2039 3629 2056 3653 ,
2088 3587 2183 3657 qui
2227 3590 2555 3643 sententiam
2610 3589 2782 3656 illam,
2813 3589 3010 3642 τέλειοι
3041 3588 3196 3652 ὄντες
3225 3588 3406 3642 τέλεια
3436 3607 3568 3661 φρο-

1973 3685 2134 3750 νεῖτε,
2169 3699 2235 3738 ex
2264 3683 2506 3753 Epistola
2531 3686 2597 3740 ad
2625 3685 2938 3756 Smyrnaos
2960 3687 3110 3740 citat.
3135 3684 3292 3741 Circa
3322 3688 3564 3742 medium

1973 3776 2137 3845 hujus
2161 3777 2345 3831 saeculi
2373 3776 2642 3832 Gervinus
2657 3777 2848 3842 abbas,
2878 3779 3019 3832 inter
3042 3776 3263 3830 XXXVI
3286 3779 3565 3834 volumina
3601 3767 3611 3778 ’

1974 3869 2028 3922 in
2061 3867 2397 3924 Bibliotheca
2433 3870 2665 3924 abbatim
2709 3869 3260 3939 Centulensis,primo
3299 3870 3422 3925 loco
3461 3888 3563 3941 po-

1974 3962 2184 4018 nendas
2212 3962 2425 4017 curavit
2456 3963 2713 4033 epistolas
2755 3961 2969 4032 lgnatii,
3013 3972 3074 4016 ut
3113 3963 3355 4018 ostendit
3384 3963 3564 4018 Chro-

1973 4056 2083 4110 nici
2107 4056 2456 4111 Centulensis
2483 4055 2689 4110 Auctor
2713 4055 2806 4110 lib.
2840 4071 2912 4120 1v,
2943 4069 3064 4124 cap.
3090 4054 3181 4108 32.

2043 4149 2380 4206 Duodecimo
2437 4150 2640 4204 saeculo
2691 4149 2827 4202 vixit
2877 4147 3159 4203 Honorius
3206 4147 3561 4218 Augustodu-

1973 4243 2181 4309 nensis,
2209 4242 2305 4311 qui
2333 4243 2385 4296 in
2414 4242 2511 4296 lib.
2544 4240 2621 4295 De
2642 4240 3000 4294 luminaribus
3032 4238 3282 4293 Ecclesia:
3313 4240 3426 4294 haec
3460 4239 3564 4293 ha-

1973 4336 2064 4391 bet
2109 4354 2122 4388 :
2158 4333 2440 4405 Ignalius,
2482 4333 2823 4387 Antiochena:
2878 4331 3132 4386 Ecclesia:
3177 4341 3294 4400 post
3344 4331 3564 4384 Petrum

1974 4430 2272 4498 apostolum
2313 4428 2502 4481 tertius
2536 4427 2832 4496 episcopus,
2865 4427 3076 4495 scripsit
3106 4424 3358 4479 Ecclesice
3386 4423 3562 4494 Ephe-

260 4516 505 4570 nabatur
533 4514 849 4584 patriarcha
886 4513 1564 4583 Constantinopolitanus,
1611 4520 1668 4567 et
1698 4511 1864 4568 Nice-
1899 4529 1943 4584 ι)
1973 4523 2175 4576 δὶοηιῃι
2206 4519 2508 4590 epistolam,
2550 4518 2776 4572 alteram
2805 4517 2874 4571 ad
2923 4516 3319 4588 Magnesianos,
3352 4517 3564 4570 tertiam

258 4609 427 4679 phori
461 4622 772 4671 successor,
804 4607 860 4659 in
904 4604 1170 4660 Encomio
1204 4605 1450 4676 Dionysii
1489 4605 1865 4676 Areopagitas,

259 4702 334 4756 ad
367 4701 460 4755 illa
487 4699 691 4754 verba:
718 4699 926 4770 Γράφει
965 4697 1023 4750 δὲ
1069 4699 1098 4750 ὁ
1120 4697 1262 4761 θεῖος
1297 4697 1588 4766 Ἱγνάτιος’
1627 4698 1689 4750 '0
1729 4697 1870 4767 ἐμὸς

259 4795 415 4863 ἔρως
455 4791 844 4858 ἐσταύρωται,
877 4787 1076 4843 Scribit
1109 4797 1287 4842 autem
1331 4789 1541 4842 divinus
1572 4788 1816 4859 Ignatius
1849 4802 1868 4841 .°

267 4906 290 4938 ι
313 4885 482 4938 Amor
504 4898 648 4936 meus
672 4881 962 4949 cruciﬁxus
996 4888 1127 4946 est,»
1172 4883 1288 4935 haec
1316 4881 1477 4935 habet
1506 4899 1519 4934 :
1544 4881 1716 4934 Τοῦτο
1759 4880 1869 4951 γὰρ

258 4980 326 5033 τὺ
345 4978 508 5050 ῥητὸν
523 4979 552 5029 ὁ
573 4977 830 5049 θεοφόρος
846 4974 1127 5044 Ἰγνάτιος,
1152 4974 1362 5046 μέλλων
1385 4978 1442 5028 ὲν
1458 4973 1644 5048 Ῥώμῃ
1669 4993 1871 5046 μαρτυι-

261 5070 443 5146 ρικῶς
473 5069 750 5140 ἀθλήσειν,
780 5068 874 5122 καὶ
907 5070 1021 5131 τοῖς
1053 5067 1235 5120 λέουσι
1272 5065 1409 5138 βορὰ
1460 5067 1604 5120 κατὰ
1637 5068 1738 5139 τὴν
1770 5069 1865 5122 τοῦ

257 5164 531 5236 τυράννου
552 5160 822 5233 Τραῖανοῦ
849 5160 1147 5232 πρόσταξιν
1166 5160 1712 5232 παραϐληθήσεσθαι.
1739 5164 1867 5235 περὶ

257 5257 326 5313 τὸ
347 5257 451 5327 τῆς
470 5255 634 5309 αὑτοῦ
657 5273 720 5308 τυ
728 5253 979 5326 ραννείας
1013 5253 1232 5307 ἔννατον
1255 5252 1373 5316 ἔτος
1407 5254 1550 5307 κατὰ
1581 5254 1688 5308 τῶν
1719 5256 1869 5309 εὐσε-

258 5352 548 5404 ϐεστάτων
610 5347 956 5420 Χριστιανῶν
1005 5347 1250 5419 διωγμὸν
1310 5348 1663 5420 ἐγείραντος,
1731 5351 1866 5403 Ῥω-

263 5442 450 5514 μαίοις
494 5440 824 5494 ἐπιστέλλων
862 5441 1130 5512 γέγραφε.
1170 5438 1326 5494 Hanc
1366 5441 1504 5494 enim
1550 5443 1866 5495 sententiam

259 5537 438 5605 deifer
467 5533 743 5606 Ignatius,
775 5551 894 5588 cum
925 5535 1045 5603 jam
1084 5533 1268 5588 Roma:
1297 5537 1615 5604 martyrium
1657 5536 1866 5590 subitu-

262 5643 382 5692 rus,
408 5637 458 5680 et
491 5637 746 5698 tanquam
779 5643 899 5682 esca
929 5626 1164 5680 leonibus
1203 5627 1566 5695 projiciendus
1587 5637 1740 5693 esset,
1783 5643 1866 5680 se»

261 5722 500 5773 cundum
530 5719 755 5788 Traiani
785 5723 1000 5791 tyranni
1037 5721 1325 5785 decretum,
1357 5721 1447 5790 qui
1474 5721 1628 5775 circa.
1665 5737 1865 5773 annum

263 5814 572 5885 tyrannidis
601 5831 711 5870 sua:
733 5831 927 5870 nonum
956 5815 1204 5870 adversus
1234 5813 1500 5884 piissimos
1529 5812 1861 5868 Christianos

1976 4611 2045 4664 ad
2096 4610 2430 4677 Trallenses,
2479 4617 2727 4680 quartam
2778 4608 2848 4662 ad
2909 4607 3209 4672 Romanos,
3260 4609 3449 4662 deinde
3497 4609 3567 4662 ad

1975 4701 2413 4770 Philadelphios,
2463 4709 2512 4752 et
2566 4697 2892 4768 Smyrnazos.
2936 4697 3042 4751 llic
3105 4713 3292 4768 passus
3340 4708 3414 4751 est
3468 4697 3562 4752 sub

1977 4793 2233 4858 Traiano.

2045 4883 2162 4940 Sub
2190 4883 2348 4938 initio
2377 4883 2575 4939 decimi
2610 4883 2755 4938 tertii
2792 4881 2978 4938 saeculi
3017 4879 3236 4938 Nicelas
3271 4881 3566 4937 Choniates

1973 4980 2164 5035 eadem
2216 4980 2446 5048 protulit
2501 4980 2558 5033 in
2606 4977 2896 5043 Thesauro,
2925 4993 3047 5046 quae
3080 4984 3237 5030 antea
3271 4974 3373 5030 sub
3419 4973 3566 5028 Ana-

1977 5072 2132 5125 stasii
2165 5070 2389 5126 Sinaitae
2412 5070 2634 5124 nomine
2665 5068 3049 5139 produximus.
3075 5065 3343 5136 Georgius
3381 5080 3564 5119 autem

1973 5162 2338 5234 Pachymeres
2367 5163 2434 5218 ad
2465 5161 2784 5234 Dionysium
2817 5159 3222 5229 Areopagitam,
3250 5157 3408 5229 Φέρει
3433 5155 3564 5226 γοῦν

1971 5257 2064 5309 τὸν
2117 5257 2410 5327 Σολομῶνα
2453 5255 2739 5326 μάρτυρα,
2786 5253 2878 5306 καὶ
2921 5252 3011 5305 τὸν
3064 5252 3238 5322 μέγαν
3282 5248 3560 5318 Ἱγνὰτιον.

1973 5347 2230 5418 Epistola:
2279 5348 2446 5418 igitur
2477 5347 2543 5401 ad
2577 5346 2860 5401 Romanos
2901 5353 3213 5410 auctorem,
3238 5356 3401 5412 quem
3431 5341 3563 5396 citat

1973 5442 2304 5515 Dionysius,
2351 5457 2604 5512 magnum
2653 5440 2930 5512 Ignatium
2978 5438 3232 5509 appellat.
3287 5434 3560 5490 Robertus

1976 5545 2158 5590 autem
2205 5533 2606 5588 Lincolniensis
2655 5532 2984 5603 episc0pusf,
3033 5530 3118 5585 vir
3165 5529 3251 5585 sui
3302 5527 3561 5597 temporis

1975 5627 2354 5694 doctissimus,
2385 5625 2901 5680 Commentariorum
2931 5625 2988 5677 in
3015 5621 3257 5693 Dionysii
3287 5618 3560 5672 Ecclesia-

1974 5722 2163 5774 sticam
2215 5718 2569 5773 hierarclziam
2630 5732 2750 5786 cap.
2811 5715 2882 5781 5,
2934 5715 3050 5768 hinc
3101 5730 3168 5768 ex
3208 5709 3448 5781 Epistola
3489 5709 3557 5764 ad

1978 5814 2288 5879 Smyrnaeos
2323 5811 2526 5868 orofcrt
2561 5828 2573 5865 :
2610 5809 2703 5866 Est
2733 5810 2871 5866 enim
2897 5806 3241 5876 eucharistia,
3271 5801 3556 5861 secundum
