  <div class='ocr_page' id='page_1' title='image "/cluster/home/n/w/nwhite01/storage/ocr_20150623/5/nnc1.0046978607/055.png"; bbox 0 0 3878 6210; ppageno 0'>
   <div class='ocr_carea' id='block_1_1' title="bbox 305 219 2469 290">
    <p class='ocr_par' dir='ltr' id='par_1_1' title="bbox 305 219 2469 290">
     <span class='ocr_line' id='line_1_1' title="bbox 305 219 2469 290; baseline -0.005 0"><span class='ocrx_word' id='word_1_1' title='bbox 305 233 384 290; x_wconf 74' lang='grc'><strong><em>95</em></strong></span> <span class='ocrx_word' id='word_1_2' title='bbox 1354 229 1414 284; x_wconf 72' lang='grc'><strong><em>8.</em></strong></span> <span class='ocrx_word' id='word_1_3' title='bbox 1453 224 1804 284; x_wconf 84' lang='lat' dir='ltr'><strong><em>lGNATlUS.</em></strong></span> <span class='ocrx_word' id='word_1_4' title='bbox 1831 255 1901 266; x_wconf 93' lang='lat'><strong><em>—</em></strong></span> <span class='ocrx_word' id='word_1_5' title='bbox 1930 219 2469 280; x_wconf 62' lang='lat' dir='ltr'><strong><em>PROLEGOMENA.</em></strong></span> 
     </span>
    </p>
   </div>
   <div class='ocr_carea' id='block_1_2' title="bbox 3524 205 3616 264">
    <p class='ocr_par' dir='ltr' id='par_1_2' title="bbox 3524 205 3616 264">
     <span class='ocr_line' id='line_1_2' title="bbox 3524 205 3616 264; baseline 0 0"><span class='ocrx_word' id='word_1_6' title='bbox 3524 205 3616 264; x_wconf 72' lang='lat'><strong><em>96</em></strong></span> 
     </span>
    </p>
   </div>
   <div class='ocr_carea' id='block_1_3' title="bbox 308 325 3618 426">
    <p class='ocr_par' dir='ltr' id='par_1_3' title="bbox 308 325 3618 426">
     <span class='ocr_line' id='line_1_3' title="bbox 308 325 3618 426; baseline -0.009 -15"><span class='ocrx_word' id='word_1_7' title='bbox 308 356 516 411; x_wconf 78' lang='lat' dir='ltr'><strong><em>beatum</em></strong></span> <span class='ocrx_word' id='word_1_8' title='bbox 551 351 840 426; x_wconf 82' lang='lat' dir='ltr'><strong><em>Ignatium,</em></strong></span> <span class='ocrx_word' id='word_1_9' title='bbox 873 370 998 408; x_wconf 87' lang='lat' dir='ltr'><strong><em>caro</em></strong></span> <span class='ocrx_word' id='word_1_10' title='bbox 1022 350 1319 408; x_wconf 73' lang='lat' dir='ltr'><strong><em>Saluatoris</em></strong></span> <span class='ocrx_word' id='word_1_11' title='bbox 1342 351 1515 406; x_wconf 90' lang='lat' dir='ltr'><strong><em>nostri</em></strong></span> <span class='ocrx_word' id='word_1_12' title='bbox 1537 351 1665 404; x_wconf 85' lang='lat' dir='ltr'><strong><em>Jesu</em></strong></span> <span class='ocrx_word' id='word_1_13' title='bbox 1694 347 1898 404; x_wconf 76' lang='lat' dir='ltr'><strong><em>Christi</em></strong></span> <span class='ocrx_word' id='word_1_14' title='bbox 1932 353 1977 409; x_wconf 71' lang='grc' dir='ltr'><strong>Α</strong></span> <span class='ocrx_word' id='word_1_15' title='bbox 2009 344 2214 400; x_wconf 86' lang='lat' dir='ltr'><strong><em>Filium</em></strong></span> <span class='ocrx_word' id='word_1_16' title='bbox 2269 343 2363 398; x_wconf 87' lang='lat' dir='ltr'><strong><em>Dei</em></strong></span> <span class='ocrx_word' id='word_1_17' title='bbox 2392 340 2650 396; x_wconf 85' lang='lat' dir='ltr'><strong><em>creatoris</em></strong></span> <span class='ocrx_word' id='word_1_18' title='bbox 2680 337 2885 402; x_wconf 85' lang='lat' dir='ltr'><strong><em>mundi,</em></strong></span> <span class='ocrx_word' id='word_1_19' title='bbox 2917 337 3160 426; x_wconf 81' lang='lat' dir='ltr'><strong><em>dicetque</em></strong></span> <span class='ocrx_word' id='word_1_20' title='bbox 3192 331 3332 426; x_wconf 76' lang='lat' dir='ltr'><strong><em>quod</em></strong></span> <span class='ocrx_word' id='word_1_21' title='bbox 3372 339 3450 384; x_wconf 86' lang='lat' dir='ltr'><strong><em>est</em></strong></span> <span class='ocrx_word' id='word_1_22' title='bbox 3479 325 3618 382; x_wconf 72' lang='lat' dir='ltr'><strong><em>ius&quot;</em></strong></span> 
     </span>
    </p>
   </div>
   <div class='ocr_carea' id='block_1_4' title="bbox 307 441 1899 518">
    <p class='ocr_par' dir='ltr' id='par_1_4' title="bbox 307 441 1899 518">
     <span class='ocr_line' id='line_1_4' title="bbox 307 441 1899 518; baseline -0.005 -17"><span class='ocrx_word' id='word_1_23' title='bbox 307 466 402 518; x_wconf 87' lang='lat' dir='ltr'><strong><em>pro</em></strong></span> <span class='ocrx_word' id='word_1_24' title='bbox 448 449 680 518; x_wconf 75' lang='lat' dir='ltr'><strong><em>peccatis</em></strong></span> <span class='ocrx_word' id='word_1_25' title='bbox 713 448 906 500; x_wconf 85' lang='lat' dir='ltr'><strong><em>nostris</em></strong></span> <span class='ocrx_word' id='word_1_26' title='bbox 953 464 1144 517; x_wconf 83' lang='lat' dir='ltr'><strong><em>passa,</em></strong></span> <span class='ocrx_word' id='word_1_27' title='bbox 1179 462 1338 517; x_wconf 89' lang='lat' dir='ltr'><strong><em>quam</em></strong></span> <span class='ocrx_word' id='word_1_28' title='bbox 1381 444 1698 515; x_wconf 83' lang='lat' dir='ltr'><strong><em>benignitate</em></strong></span> <span class='ocrx_word' id='word_1_29' title='bbox 1736 441 1899 495; x_wconf 89' lang='lat' dir='ltr'><strong><em>Pater</em></strong></span> 
     </span>
    </p>
   </div>
   <div class='ocr_carea' id='block_1_5' title="bbox 309 534 1897 600">
    <p class='ocr_par' dir='ltr' id='par_1_5' title="bbox 309 534 1897 600">
     <span class='ocr_line' id='line_1_5' title="bbox 309 534 1897 600; baseline -0.005 -6"><span class='ocrx_word' id='word_1_30' title='bbox 309 541 666 596; x_wconf 72' lang='lat' dir='ltr'><strong><em>resuscitavit.</em></strong></span> <span class='ocrx_word' id='word_1_31' title='bbox 721 538 788 594; x_wconf 89' lang='lat' dir='ltr'><strong><em>Et</em></strong></span> <span class='ocrx_word' id='word_1_32' title='bbox 838 540 907 594; x_wconf 86' lang='lat' dir='ltr'><strong><em>ad</em></strong></span> <span class='ocrx_word' id='word_1_33' title='bbox 952 541 1152 594; x_wconf 91' lang='lat' dir='ltr'><strong><em>librum</em></strong></span> <span class='ocrx_word' id='word_1_34' title='bbox 1201 538 1279 592; x_wconf 93' lang='lat' dir='ltr'><strong><em>De</em></strong></span> <span class='ocrx_word' id='word_1_35' title='bbox 1331 538 1526 592; x_wconf 77' lang='lat' dir='ltr'><strong><em>divinis</em></strong></span> <span class='ocrx_word' id='word_1_36' title='bbox 1575 534 1897 600; x_wconf 75' lang='lat' dir='ltr'><strong><em>nominibus,</em></strong></span> 
     </span>
    </p>
   </div>
   <div class='ocr_carea' id='block_1_6' title="bbox 309 630 1898 702">
    <p class='ocr_par' dir='ltr' id='par_1_6' title="bbox 309 630 1898 702">
     <span class='ocr_line' id='line_1_6' title="bbox 309 630 1898 702; baseline -0.003 -14"><span class='ocrx_word' id='word_1_37' title='bbox 309 648 431 702; x_wconf 85' lang='lat' dir='ltr'><strong><em>cap.</em></strong></span> <span class='ocrx_word' id='word_1_38' title='bbox 473 633 543 698; x_wconf 79' lang='grc'>4,</span> <span class='ocrx_word' id='word_1_39' title='bbox 577 632 742 687; x_wconf 78' lang='lat' dir='ltr'><strong><em>tradit</em></strong></span> <span class='ocrx_word' id='word_1_40' title='bbox 789 630 1060 702; x_wconf 79' lang='lat' dir='ltr'><strong><em>lgnatium</em></strong></span> <span class='ocrx_word' id='word_1_41' title='bbox 1106 633 1180 686; x_wconf 89' lang='lat' dir='ltr'><strong><em>ita</em></strong></span> <span class='ocrx_word' id='word_1_42' title='bbox 1221 633 1574 687; x_wconf 80' lang='lat' dir='ltr'><strong><em>vehementer</em></strong></span> <span class='ocrx_word' id='word_1_43' title='bbox 1615 630 1898 694; x_wconf 72' lang='lat' dir='ltr'><strong><em>dilexisse,</em></strong></span> 
     </span>
    </p>
   </div>
   <div class='ocr_carea' id='block_1_7' title="bbox 309 723 1898 796">
    <p class='ocr_par' dir='ltr' id='par_1_7' title="bbox 309 723 1898 796">
     <span class='ocr_line' id='line_1_7' title="bbox 309 723 1898 796; baseline -0.003 -16"><span class='ocrx_word' id='word_1_44' title='bbox 309 726 459 796; x_wconf 89' lang='lat' dir='ltr'><strong><em>quod</em></strong></span> <span class='ocrx_word' id='word_1_45' title='bbox 479 726 686 796; x_wconf 83' lang='lat' dir='ltr'><strong><em>optavit</em></strong></span> <span class='ocrx_word' id='word_1_46' title='bbox 713 727 877 781; x_wconf 87' lang='lat' dir='ltr'><strong><em>etiam</em></strong></span> <span class='ocrx_word' id='word_1_47' title='bbox 911 725 1049 780; x_wconf 89' lang='lat' dir='ltr'><strong><em>tradi</em></strong></span> <span class='ocrx_word' id='word_1_48' title='bbox 1082 725 1243 780; x_wconf 89' lang='lat' dir='ltr'><strong><em>malis</em></strong></span> <span class='ocrx_word' id='word_1_49' title='bbox 1269 724 1646 794; x_wconf 89' lang='lat' dir='ltr'><strong><em>punitionibus</em></strong></span> <span class='ocrx_word' id='word_1_50' title='bbox 1671 723 1898 789; x_wconf 91' lang='lat' dir='ltr'><strong><em>diaboli,</em></strong></span> 
     </span>
    </p>
   </div>
   <div class='ocr_carea' id='block_1_8' title="bbox 309 816 1666 890">
    <p class='ocr_par' dir='ltr' id='par_1_8' title="bbox 309 816 1666 890">
     <span class='ocr_line' id='line_1_8' title="bbox 309 816 1666 890; baseline -0.004 -15"><span class='ocrx_word' id='word_1_51' title='bbox 309 829 372 875; x_wconf 91' lang='lat' dir='ltr'><strong><em>ut</em></strong></span> <span class='ocrx_word' id='word_1_52' title='bbox 404 820 526 890; x_wconf 91' lang='lat' dir='ltr'><strong><em>ipso</em></strong></span> <span class='ocrx_word' id='word_1_53' title='bbox 553 819 858 887; x_wconf 82' lang='lat' dir='ltr'><strong><em>frueretur;</em></strong></span> <span class='ocrx_word' id='word_1_54' title='bbox 889 834 958 874; x_wconf 74' lang='lat' dir='ltr'><strong><em>ex</em></strong></span> <span class='ocrx_word' id='word_1_55' title='bbox 988 817 1229 888; x_wconf 87' lang='lat' dir='ltr'><strong><em>Epistola</em></strong></span> <span class='ocrx_word' id='word_1_56' title='bbox 1261 819 1329 872; x_wconf 88' lang='lat' dir='ltr'><strong><em>ad</em></strong></span> <span class='ocrx_word' id='word_1_57' title='bbox 1367 816 1666 872; x_wconf 83' lang='lat' dir='ltr'><strong><em>Romanos.</em></strong></span> 
     </span>
    </p>
   </div>
   <div class='ocr_carea' id='block_1_9' title="bbox 383 906 1902 980">
    <p class='ocr_par' dir='ltr' id='par_1_9' title="bbox 383 906 1902 980">
     <span class='ocr_line' id='line_1_9' title="bbox 383 906 1902 980; baseline -0.001 -16"><span class='ocrx_word' id='word_1_58' title='bbox 383 910 594 965; x_wconf 85' lang='lat' dir='ltr'><strong><em>Decimi</em></strong></span> <span class='ocrx_word' id='word_1_59' title='bbox 624 910 807 980; x_wconf 83' lang='lat' dir='ltr'><strong><em>quarti</em></strong></span> <span class='ocrx_word' id='word_1_60' title='bbox 841 910 1025 965; x_wconf 68' lang='lat' dir='ltr'><strong><em>sreculi</em></strong></span> <span class='ocrx_word' id='word_1_61' title='bbox 1064 910 1219 964; x_wconf 90' lang='lat' dir='ltr'><strong><em>testis</em></strong></span> <span class='ocrx_word' id='word_1_62' title='bbox 1261 917 1344 964; x_wconf 91' lang='lat' dir='ltr'><strong><em>est</em></strong></span> <span class='ocrx_word' id='word_1_63' title='bbox 1370 907 1711 977; x_wconf 88' lang='lat' dir='ltr'><strong><em>Nicephorus</em></strong></span> <span class='ocrx_word' id='word_1_64' title='bbox 1737 906 1902 963; x_wconf 87' lang='lat' dir='ltr'><strong><em>Calli-</em></strong></span> 
     </span>
    </p>
   </div>
   <div class='ocr_carea' id='block_1_10' title="bbox 312 999 1904 1073">
    <p class='ocr_par' dir='ltr' id='par_1_10' title="bbox 312 999 1904 1073">
     <span class='ocr_line' id='line_1_10' title="bbox 312 999 1904 1073; baseline -0.001 -16"><span class='ocrx_word' id='word_1_65' title='bbox 312 1009 450 1068; x_wconf 87' lang='lat' dir='ltr'><strong><em>stus,</em></strong></span> <span class='ocrx_word' id='word_1_66' title='bbox 483 1002 595 1073; x_wconf 89' lang='lat' dir='ltr'><strong><em>&#39;qui</em></strong></span> <span class='ocrx_word' id='word_1_67' title='bbox 641 1017 724 1058; x_wconf 81' lang='lat' dir='ltr'><strong><em>ex.</em></strong></span> <span class='ocrx_word' id='word_1_68' title='bbox 752 1002 1026 1058; x_wconf 86' lang='lat' dir='ltr'><strong><em>veteribus</em></strong></span> <span class='ocrx_word' id='word_1_69' title='bbox 1051 1001 1448 1058; x_wconf 74' lang='lat' dir='ltr'><strong><em>Eeclesiasticre</em></strong></span> <span class='ocrx_word' id='word_1_70' title='bbox 1485 999 1739 1056; x_wconf 62' lang='lat' dir='ltr'><strong><em>Historiae</em></strong></span> <span class='ocrx_word' id='word_1_71' title='bbox 1767 1003 1904 1057; x_wconf 90' lang='lat' dir='ltr'><strong><em>scri-</em></strong></span> 
     </span>
    </p>
   </div>
   <div class='ocr_carea' id='block_1_11' title="bbox 310 1093 1904 1165">
    <p class='ocr_par' dir='ltr' id='par_1_11' title="bbox 310 1093 1904 1165">
     <span class='ocr_line' id='line_1_11' title="bbox 310 1093 1904 1165; baseline 0.001 -17"><span class='ocrx_word' id='word_1_72' title='bbox 310 1094 565 1164; x_wconf 86' lang='lat' dir='ltr'><strong><em>ptoribus</em></strong></span> <span class='ocrx_word' id='word_1_73' title='bbox 593 1093 828 1164; x_wconf 89' lang='lat' dir='ltr'><strong><em>plurima</em></strong></span> <span class='ocrx_word' id='word_1_74' title='bbox 859 1094 1156 1165; x_wconf 86' lang='lat' dir='ltr'><strong><em>congessit,</em></strong></span> <span class='ocrx_word' id='word_1_75' title='bbox 1199 1093 1385 1149; x_wconf 84' lang='lat' dir='ltr'><strong><em>omnia</em></strong></span> <span class='ocrx_word' id='word_1_76' title='bbox 1409 1109 1530 1163; x_wconf 68' lang='lat' dir='ltr'><strong><em>quae</em></strong></span> <span class='ocrx_word' id='word_1_77' title='bbox 1557 1093 1625 1148; x_wconf 89' lang='lat' dir='ltr'><strong><em>ab</em></strong></span> <span class='ocrx_word' id='word_1_78' title='bbox 1664 1093 1904 1149; x_wconf 77' lang='lat' dir='ltr'><strong><em>Eusebio</em></strong></span> 
     </span>
    </p>
   </div>
   <div class='ocr_carea' id='block_1_12' title="bbox 312 1181 1902 1255">
    <p class='ocr_par' dir='ltr' id='par_1_12' title="bbox 312 1181 1902 1255">
     <span class='ocr_line' id='line_1_12' title="bbox 312 1181 1902 1255; baseline 0.002 -18"><span class='ocrx_word' id='word_1_79' title='bbox 312 1182 381 1237; x_wconf 90' lang='lat' dir='ltr'><strong><em>de</em></strong></span> <span class='ocrx_word' id='word_1_80' title='bbox 415 1181 608 1254; x_wconf 80' lang='lat' dir='ltr'><strong><em>lgnatii</em></strong></span> <span class='ocrx_word' id='word_1_81' title='bbox 639 1184 885 1254; x_wconf 86' lang='lat' dir='ltr'><strong><em>epistolis</em></strong></span> <span class='ocrx_word' id='word_1_82' title='bbox 919 1185 1118 1255; x_wconf 89' lang='lat' dir='ltr'><strong><em>scripta</em></strong></span> <span class='ocrx_word' id='word_1_83' title='bbox 1155 1193 1290 1241; x_wconf 88' lang='lat' dir='ltr'><strong><em>sunt</em></strong></span> <span class='ocrx_word' id='word_1_84' title='bbox 1330 1186 1385 1238; x_wconf 94' lang='lat' dir='ltr'><strong><em>in</em></strong></span> <span class='ocrx_word' id='word_1_85' title='bbox 1430 1185 1712 1240; x_wconf 83' lang='lat' dir='ltr'><strong><em>historiam</em></strong></span> <span class='ocrx_word' id='word_1_86' title='bbox 1743 1200 1902 1240; x_wconf 87' lang='lat' dir='ltr'><strong><em>suam</em></strong></span> 
     </span>
    </p>
   </div>
   <div class='ocr_carea' id='block_1_13' title="bbox 312 1275 1905 1347">
    <p class='ocr_par' dir='ltr' id='par_1_13' title="bbox 312 1275 1905 1347">
     <span class='ocr_line' id='line_1_13' title="bbox 312 1275 1905 1347; baseline 0.004 -20"><span class='ocrx_word' id='word_1_87' title='bbox 312 1275 626 1342; x_wconf 84' lang='lat' dir='ltr'><strong><em>transtulit,</em></strong></span> <span class='ocrx_word' id='word_1_88' title='bbox 657 1277 753 1330; x_wconf 91' lang='lat' dir='ltr'><strong><em>lib.</em></strong></span> <span class='ocrx_word' id='word_1_89' title='bbox 803 1293 884 1340; x_wconf 78' lang='grc' dir='ltr'>ιιι,</span> <span class='ocrx_word' id='word_1_90' title='bbox 922 1293 1043 1347; x_wconf 85' lang='lat' dir='ltr'><strong><em>cap.</em></strong></span> <span class='ocrx_word' id='word_1_91' title='bbox 1078 1277 1166 1332; x_wconf 86' lang='lat' dir='ltr'><strong><em>l9.</em></strong></span> <span class='ocrx_word' id='word_1_92' title='bbox 1192 1279 1404 1332; x_wconf 88' lang='lat' dir='ltr'><strong><em>Auctor</em></strong></span> <span class='ocrx_word' id='word_1_93' title='bbox 1443 1277 1774 1334; x_wconf 82' lang='lat' dir='ltr'><strong><em>Memorialis</em></strong></span> <span class='ocrx_word' id='word_1_94' title='bbox 1815 1280 1905 1334; x_wconf 84' lang='lat' dir='ltr'><strong><em>hi-</em></strong></span> 
     </span>
    </p>
   </div>
   <div class='ocr_carea' id='block_1_14' title="bbox 313 1369 1901 1442">
    <p class='ocr_par' dir='ltr' id='par_1_14' title="bbox 313 1369 1901 1442">
     <span class='ocr_line' id='line_1_14' title="bbox 313 1369 1901 1442; baseline 0.004 -20"><span class='ocrx_word' id='word_1_95' title='bbox 313 1369 629 1437; x_wconf 72' lang='lat' dir='ltr'><strong><em>storiarum,</em></strong></span> <span class='ocrx_word' id='word_1_96' title='bbox 661 1371 786 1424; x_wconf 86' lang='lat' dir='ltr'><strong><em>libri</em></strong></span> <span class='ocrx_word' id='word_1_97' title='bbox 821 1371 875 1424; x_wconf 88' lang='lat' dir='ltr'><strong><em>in</em></strong></span> <span class='ocrx_word' id='word_1_98' title='bbox 918 1369 1253 1426; x_wconf 86' lang='lat' dir='ltr'><strong><em>Bibliotheca</em></strong></span> <span class='ocrx_word' id='word_1_99' title='bbox 1293 1370 1729 1442; x_wconf 79' lang='lat' dir='ltr'><strong><em>Cantabrigiensi</em></strong></span> <span class='ocrx_word' id='word_1_100' title='bbox 1754 1389 1856 1430; x_wconf 90' lang='lat' dir='ltr'><strong><em>ms.</em></strong></span> <span class='ocrx_word' id='word_1_101' title='bbox 1887 1393 1901 1428; x_wconf 90' lang='lat'><strong>:</strong></span> 
     </span>
    </p>
   </div>
   <div class='ocr_carea' id='block_1_15' title="bbox 313 1461 1902 1535">
    <p class='ocr_par' dir='ltr' id='par_1_15' title="bbox 313 1461 1902 1535">
     <span class='ocr_line' id='line_1_15' title="bbox 313 1461 1902 1535; baseline 0.003 -20"><span class='ocrx_word' id='word_1_102' title='bbox 313 1461 516 1515; x_wconf 83' lang='lat' dir='ltr'><strong><em>Beatus</em></strong></span> <span class='ocrx_word' id='word_1_103' title='bbox 553 1471 732 1516; x_wconf 88' lang='lat' dir='ltr'><strong><em>autem</em></strong></span> <span class='ocrx_word' id='word_1_104' title='bbox 766 1463 1078 1534; x_wconf 85' lang='lat' dir='ltr'><strong><em>Dionysius,</em></strong></span> <span class='ocrx_word' id='word_1_105' title='bbox 1105 1465 1160 1517; x_wconf 89' lang='lat' dir='ltr'><strong><em>in</em></strong></span> <span class='ocrx_word' id='word_1_106' title='bbox 1188 1465 1413 1518; x_wconf 87' lang='lat' dir='ltr'><strong><em>scientia</em></strong></span> <span class='ocrx_word' id='word_1_107' title='bbox 1445 1476 1556 1519; x_wconf 88' lang='lat' dir='ltr'><strong><em>tam</em></strong></span> <span class='ocrx_word' id='word_1_108' title='bbox 1579 1466 1902 1535; x_wconf 81' lang='lat' dir='ltr'><strong><em>profundus,</em></strong></span> 
     </span>
    </p>
   </div>
   <div class='ocr_carea' id='block_1_16' title="bbox 314 1555 1904 1630">
    <p class='ocr_par' dir='ltr' id='par_1_16' title="bbox 314 1555 1904 1630">
     <span class='ocr_line' id='line_1_16' title="bbox 314 1555 1904 1630; baseline 0.004 -22"><span class='ocrx_word' id='word_1_109' title='bbox 314 1555 536 1610; x_wconf 86' lang='lat' dir='ltr'><strong><em>adducit</em></strong></span> <span class='ocrx_word' id='word_1_110' title='bbox 574 1559 728 1626; x_wconf 88' lang='lat' dir='ltr'><strong><em>quasi</em></strong></span> <span class='ocrx_word' id='word_1_111' title='bbox 754 1574 850 1627; x_wconf 89' lang='lat' dir='ltr'><strong><em>pro</em></strong></span> <span class='ocrx_word' id='word_1_112' title='bbox 883 1559 1240 1625; x_wconf 80' lang='lat' dir='ltr'><strong><em>auctoritate,</em></strong></span> <span class='ocrx_word' id='word_1_113' title='bbox 1277 1559 1341 1612; x_wconf 91' lang='lat' dir='ltr'><strong><em>de</em></strong></span> <span class='ocrx_word' id='word_1_114' title='bbox 1374 1558 1438 1613; x_wconf 84' lang='grc' dir='ltr'><strong><em>Β.</em></strong></span> <span class='ocrx_word' id='word_1_115' title='bbox 1481 1558 1696 1630; x_wconf 87' lang='lat' dir='ltr'><strong><em>lgnatio</em></strong></span> <span class='ocrx_word' id='word_1_116' title='bbox 1725 1560 1904 1614; x_wconf 86' lang='lat' dir='ltr'><strong><em>dicens</em></strong></span> 
     </span>
    </p>
   </div>
   <div class='ocr_carea' id='block_1_17' title="bbox 314 1647 1907 1706">
    <p class='ocr_par' dir='ltr' id='par_1_17' title="bbox 314 1647 1907 1706">
     <span class='ocr_line' id='line_1_17' title="bbox 314 1647 1907 1706; baseline 0.002 -4"><span class='ocrx_word' id='word_1_117' title='bbox 314 1649 368 1702; x_wconf 94' lang='lat' dir='ltr'><strong><em>in</em></strong></span> <span class='ocrx_word' id='word_1_118' title='bbox 411 1647 505 1704; x_wconf 92' lang='lat' dir='ltr'><strong><em>lib.</em></strong></span> <span class='ocrx_word' id='word_1_119' title='bbox 539 1649 616 1706; x_wconf 93' lang='lat' dir='ltr'><strong><em>De</em></strong></span> <span class='ocrx_word' id='word_1_120' title='bbox 657 1649 864 1706; x_wconf 82' lang='lat' dir='ltr'><strong><em>divinis</em></strong></span> <span class='ocrx_word' id='word_1_121' title='bbox 905 1651 1258 1706; x_wconf 88' lang='lat' dir='ltr'><strong><em>nominibus:</em></strong></span> <span class='ocrx_word' id='word_1_122' title='bbox 1342 1653 1508 1704; x_wconf 83' lang='lat' dir='ltr'><strong><em>Amor</em></strong></span> <span class='ocrx_word' id='word_1_123' title='bbox 1537 1667 1681 1705; x_wconf 89' lang='lat' dir='ltr'><strong><em>meus</em></strong></span> <span class='ocrx_word' id='word_1_124' title='bbox 1731 1652 1907 1705; x_wconf 86' lang='lat' dir='ltr'><strong><em>cruci-</em></strong></span> 
     </span>
    </p>
   </div>
   <div class='ocr_carea' id='block_1_18' title="bbox 315 1739 1908 1812">
    <p class='ocr_par' dir='ltr' id='par_1_18' title="bbox 315 1739 1908 1812">
     <span class='ocr_line' id='line_1_18' title="bbox 315 1739 1908 1812; baseline 0.002 -20"><span class='ocrx_word' id='word_1_125' title='bbox 315 1739 457 1808; x_wconf 74' lang='lat' dir='ltr'><strong><em>ﬁxus</em></strong></span> <span class='ocrx_word' id='word_1_126' title='bbox 503 1750 603 1796; x_wconf 87' lang='lat' dir='ltr'><strong><em>est.</em></strong></span> <span class='ocrx_word' id='word_1_127' title='bbox 689 1741 834 1797; x_wconf 89' lang='lat' dir='ltr'><strong><em>ldem</em></strong></span> <span class='ocrx_word' id='word_1_128' title='bbox 874 1741 1038 1797; x_wconf 85' lang='lat' dir='ltr'><strong><em>etiam</em></strong></span> <span class='ocrx_word' id='word_1_129' title='bbox 1083 1742 1306 1796; x_wconf 86' lang='lat' dir='ltr'><strong><em>adducit</em></strong></span> <span class='ocrx_word' id='word_1_130' title='bbox 1355 1741 1478 1796; x_wconf 87' lang='lat' dir='ltr'><strong><em>loca</em></strong></span> <span class='ocrx_word' id='word_1_131' title='bbox 1528 1741 1586 1796; x_wconf 93' lang='lat' dir='ltr'><strong><em>S.</em></strong></span> <span class='ocrx_word' id='word_1_132' title='bbox 1622 1740 1908 1812; x_wconf 79' lang='lat' dir='ltr'><strong><em>Polycarpi</em></strong></span> 
     </span>
    </p>
   </div>
   <div class='ocr_carea' id='block_1_19' title="bbox 314 1828 1910 1901">
    <p class='ocr_par' dir='ltr' id='par_1_19' title="bbox 314 1828 1910 1901">
     <span class='ocr_line' id='line_1_19' title="bbox 314 1828 1910 1901; baseline -0.002 -16"><span class='ocrx_word' id='word_1_133' title='bbox 314 1839 371 1885; x_wconf 88' lang='lat' dir='ltr'><strong><em>et</em></strong></span> <span class='ocrx_word' id='word_1_134' title='bbox 393 1828 451 1884; x_wconf 90' lang='lat' dir='ltr'><strong><em>S.</em></strong></span> <span class='ocrx_word' id='word_1_135' title='bbox 479 1828 692 1897; x_wconf 76' lang='lat' dir='ltr'><strong><em>lrena-i,</em></strong></span> <span class='ocrx_word' id='word_1_136' title='bbox 716 1831 993 1900; x_wconf 88' lang='lat' dir='ltr'><strong><em>verbaque</em></strong></span> <span class='ocrx_word' id='word_1_137' title='bbox 1020 1830 1185 1885; x_wconf 87' lang='lat' dir='ltr'><strong><em>etiam</em></strong></span> <span class='ocrx_word' id='word_1_138' title='bbox 1217 1845 1284 1884; x_wconf 79' lang='lat' dir='ltr'><strong><em>ex</em></strong></span> <span class='ocrx_word' id='word_1_139' title='bbox 1327 1829 1571 1901; x_wconf 83' lang='lat' dir='ltr'><strong><em>Epistola</em></strong></span> <span class='ocrx_word' id='word_1_140' title='bbox 1599 1829 1667 1883; x_wconf 89' lang='lat' dir='ltr'><strong><em>ad</em></strong></span> <span class='ocrx_word' id='word_1_141' title='bbox 1706 1828 1910 1882; x_wconf 81' lang='lat' dir='ltr'><strong><em>Roma-</em></strong></span> 
     </span>
    </p>
   </div>
   <div class='ocr_carea' id='block_1_20' title="bbox 317 1920 1909 1992">
    <p class='ocr_par' dir='ltr' id='par_1_20' title="bbox 317 1920 1909 1992">
     <span class='ocr_line' id='line_1_20' title="bbox 317 1920 1909 1992; baseline -0.001 -16"><span class='ocrx_word' id='word_1_142' title='bbox 317 1937 424 1976; x_wconf 88' lang='lat' dir='ltr'><strong><em>nos</em></strong></span> <span class='ocrx_word' id='word_1_143' title='bbox 450 1921 519 1977; x_wconf 89' lang='lat' dir='ltr'><strong><em>ab</em></strong></span> <span class='ocrx_word' id='word_1_144' title='bbox 551 1921 791 1978; x_wconf 90' lang='lat' dir='ltr'><strong><em>Eusebio</em></strong></span> <span class='ocrx_word' id='word_1_145' title='bbox 819 1920 1146 1991; x_wconf 85' lang='lat' dir='ltr'><strong><em>transcripta</em></strong></span> <span class='ocrx_word' id='word_1_146' title='bbox 1185 1921 1459 1978; x_wconf 84' lang='lat' dir='ltr'><strong><em>Macarius</em></strong></span> <span class='ocrx_word' id='word_1_147' title='bbox 1485 1921 1909 1992; x_wconf 85' lang='lat' dir='ltr'><strong><em>Cbrysocepba-</em></strong></span> 
     </span>
    </p>
   </div>
   <div class='ocr_carea' id='block_1_21' title="bbox 317 2012 1910 2081">
    <p class='ocr_par' dir='ltr' id='par_1_21' title="bbox 317 2012 1910 2081">
     <span class='ocr_line' id='line_1_21' title="bbox 317 2012 1910 2081; baseline -0.001 -13"><span class='ocrx_word' id='word_1_148' title='bbox 317 2013 406 2068; x_wconf 93' lang='lat' dir='ltr'><strong><em>lus</em></strong></span> <span class='ocrx_word' id='word_1_149' title='bbox 434 2013 576 2068; x_wconf 90' lang='lat' dir='ltr'><strong><em>inter</em></strong></span> <span class='ocrx_word' id='word_1_150' title='bbox 615 2013 834 2069; x_wconf 87' lang='lat' dir='ltr'><strong><em>codices</em></strong></span> <span class='ocrx_word' id='word_1_151' title='bbox 863 2012 1200 2070; x_wconf 87' lang='lat' dir='ltr'><strong><em>Barocianos</em></strong></span> <span class='ocrx_word' id='word_1_152' title='bbox 1242 2012 1441 2068; x_wconf 75' lang='lat' dir='ltr'><strong><em>Oxonii</em></strong></span> <span class='ocrx_word' id='word_1_153' title='bbox 1471 2029 1578 2068; x_wconf 93' lang='lat' dir='ltr'><strong><em>ms.</em></strong></span> <span class='ocrx_word' id='word_1_154' title='bbox 1609 2012 1666 2066; x_wconf 90' lang='lat' dir='ltr'><strong><em>in</em></strong></span> <span class='ocrx_word' id='word_1_155' title='bbox 1711 2027 1910 2081; x_wconf 75' lang='lat' dir='ltr'><strong><em>magna</em></strong></span> 
     </span>
    </p>
   </div>
   <div class='ocr_carea' id='block_1_22' title="bbox 317 2103 1911 2176">
    <p class='ocr_par' dir='ltr' id='par_1_22' title="bbox 317 2103 1911 2176">
     <span class='ocr_line' id='line_1_22' title="bbox 317 2103 1911 2176; baseline 0 -18"><span class='ocrx_word' id='word_1_156' title='bbox 317 2105 636 2174; x_wconf 81' lang='lat' dir='ltr'><strong><em>Alphabeto,</em></strong></span> <span class='ocrx_word' id='word_1_157' title='bbox 669 2105 783 2160; x_wconf 86' lang='lat' dir='ltr'><strong><em>sive</em></strong></span> <span class='ocrx_word' id='word_1_158' title='bbox 813 2105 1040 2169; x_wconf 80' lang='lat' dir='ltr'><strong><em>Catena,</em></strong></span> <span class='ocrx_word' id='word_1_159' title='bbox 1064 2121 1228 2176; x_wconf 89' lang='lat' dir='ltr'><strong><em>quam</em></strong></span> <span class='ocrx_word' id='word_1_160' title='bbox 1269 2105 1324 2159; x_wconf 92' lang='lat' dir='ltr'><strong><em>in</em></strong></span> <span class='ocrx_word' id='word_1_161' title='bbox 1368 2119 1430 2160; x_wconf 88' lang='lat' dir='ltr'><strong><em>ea</em></strong></span> <span class='ocrx_word' id='word_1_162' title='bbox 1460 2103 1622 2158; x_wconf 67' lang='lat' dir='ltr'><strong><em>Lucae</em></strong></span> <span class='ocrx_word' id='word_1_163' title='bbox 1647 2119 1770 2174; x_wconf 68' lang='lat' dir='ltr'><strong><em>quat</em></strong></span> <span class='ocrx_word' id='word_1_164' title='bbox 1798 2117 1911 2158; x_wconf 90' lang='lat' dir='ltr'><strong><em>non</em></strong></span> 
     </span>
    </p>
   </div>
   <div class='ocr_carea' id='block_1_23' title="bbox 321 2195 1910 2269">
    <p class='ocr_par' dir='ltr' id='par_1_23' title="bbox 321 2195 1910 2269">
     <span class='ocr_line' id='line_1_23' title="bbox 321 2195 1910 2269; baseline -0.001 -17"><span class='ocrx_word' id='word_1_165' title='bbox 321 2207 452 2253; x_wconf 80' lang='lat' dir='ltr'><strong><em>sunt</em></strong></span> <span class='ocrx_word' id='word_1_166' title='bbox 481 2199 534 2253; x_wconf 94' lang='lat' dir='ltr'><strong><em>in</em></strong></span> <span class='ocrx_word' id='word_1_167' title='bbox 581 2197 837 2253; x_wconf 69' lang='lat' dir='ltr'><strong><em>Matthaao</em></strong></span> <span class='ocrx_word' id='word_1_168' title='bbox 883 2199 1124 2269; x_wconf 87' lang='lat' dir='ltr'><strong><em>scripsit,</em></strong></span> <span class='ocrx_word' id='word_1_169' title='bbox 1170 2199 1420 2268; x_wconf 88' lang='lat' dir='ltr'><strong><em>apposito</em></strong></span> <span class='ocrx_word' id='word_1_170' title='bbox 1467 2197 1689 2252; x_wconf 89' lang='lat' dir='ltr'><strong><em>nomine</em></strong></span> <span class='ocrx_word' id='word_1_171' title='bbox 1719 2195 1910 2267; x_wconf 81' lang='lat' dir='ltr'><strong><em>lgnatii</em></strong></span> 
     </span>
    </p>
   </div>
   <div class='ocr_carea' id='block_1_24' title="bbox 320 2285 1911 2362">
    <p class='ocr_par' dir='ltr' id='par_1_24' title="bbox 320 2285 1911 2362">
     <span class='ocr_line' id='line_1_24' title="bbox 320 2285 1911 2362; baseline -0.004 -19"><span class='ocrx_word' id='word_1_172' title='bbox 320 2288 439 2344; x_wconf 72' lang='lat' dir='ltr'><strong><em>lucc</em></strong></span> <span class='ocrx_word' id='word_1_173' title='bbox 471 2289 703 2344; x_wconf 82' lang='lat' dir='ltr'><strong><em>inseruit</em></strong></span> <span class='ocrx_word' id='word_1_174' title='bbox 738 2308 752 2344; x_wconf 93' lang='lat'><strong>:</strong></span> <span class='ocrx_word' id='word_1_175' title='bbox 794 2288 1091 2362; x_wconf 79' lang='grc' dir='ltr'><strong><em>Ἐγεννήθη</em></strong></span> <span class='ocrx_word' id='word_1_176' title='bbox 1126 2288 1236 2360; x_wconf 77' lang='grc' dir='ltr'><strong><em>γὰρ</em></strong></span> <span class='ocrx_word' id='word_1_177' title='bbox 1269 2289 1361 2342; x_wconf 73' lang='grc' dir='ltr'><strong><em>καὶ</em></strong></span> <span class='ocrx_word' id='word_1_178' title='bbox 1394 2286 1697 2358; x_wconf 74' lang='grc' dir='ltr'>ἐϐαπτίσθη</span> <span class='ocrx_word' id='word_1_179' title='bbox 1733 2287 1819 2338; x_wconf 78' lang='grc' dir='ltr'>ἵνα</span> <span class='ocrx_word' id='word_1_180' title='bbox 1849 2285 1911 2337; x_wconf 82' lang='grc' dir='ltr'>τὸ</span> 
     </span>
    </p>
   </div>
   <div class='ocr_carea' id='block_1_25' title="bbox 321 2380 1911 2456">
    <p class='ocr_par' dir='ltr' id='par_1_25' title="bbox 321 2380 1911 2456">
     <span class='ocr_line' id='line_1_25' title="bbox 321 2380 1911 2456; baseline 0 -22"><span class='ocrx_word' id='word_1_181' title='bbox 321 2380 514 2452; x_wconf 78' lang='grc' dir='ltr'>θνητὸν</span> <span class='ocrx_word' id='word_1_182' title='bbox 546 2383 703 2454; x_wconf 83' lang='grc' dir='ltr'>ἡμῶν</span> <span class='ocrx_word' id='word_1_183' title='bbox 735 2383 1064 2456; x_wconf 82' lang='grc' dir='ltr'>καθαρισθῇ,</span> <span class='ocrx_word' id='word_1_184' title='bbox 1088 2393 1246 2437; x_wconf 88' lang='lat' dir='ltr'><strong><em>natus</em></strong></span> <span class='ocrx_word' id='word_1_185' title='bbox 1269 2392 1344 2436; x_wconf 91' lang='lat' dir='ltr'><strong><em>est</em></strong></span> <span class='ocrx_word' id='word_1_186' title='bbox 1370 2383 1510 2436; x_wconf 87' lang='lat' dir='ltr'><strong><em>enim</em></strong></span> <span class='ocrx_word' id='word_1_187' title='bbox 1535 2393 1580 2436; x_wconf 88' lang='lat' dir='ltr'><strong><em>et</em></strong></span> <span class='ocrx_word' id='word_1_188' title='bbox 1609 2381 1911 2450; x_wconf 77' lang='lat' dir='ltr'><strong><em>baptizatus</em></strong></span> 
     </span>
    </p>
   </div>
   <div class='ocr_carea' id='block_1_26' title="bbox 323 2472 1910 2546">
    <p class='ocr_par' dir='ltr' id='par_1_26' title="bbox 323 2472 1910 2546">
     <span class='ocr_line' id='line_1_26' title="bbox 323 2472 1910 2546; baseline 0.001 -19"><span class='ocrx_word' id='word_1_189' title='bbox 323 2485 382 2527; x_wconf 91' lang='lat' dir='ltr'><strong><em>ut</em></strong></span> <span class='ocrx_word' id='word_1_190' title='bbox 411 2476 636 2529; x_wconf 86' lang='lat' dir='ltr'><strong><em>mortale</em></strong></span> <span class='ocrx_word' id='word_1_191' title='bbox 666 2487 908 2530; x_wconf 88' lang='lat' dir='ltr'><strong><em>nostrum</em></strong></span> <span class='ocrx_word' id='word_1_192' title='bbox 946 2476 1348 2546; x_wconf 87' lang='lat' dir='ltr'><strong><em>puriﬁcaretur.</em></strong></span> <span class='ocrx_word' id='word_1_193' title='bbox 1373 2473 1676 2530; x_wconf 87' lang='lat' dir='ltr'><strong><em>Gulielmus</em></strong></span> <span class='ocrx_word' id='word_1_194' title='bbox 1705 2472 1910 2528; x_wconf 84' lang='lat' dir='ltr'><strong><em>Wode-</em></strong></span> 
     </span>
    </p>
   </div>
   <div class='ocr_carea' id='block_1_27' title="bbox 323 2567 1914 2638">
    <p class='ocr_par' dir='ltr' id='par_1_27' title="bbox 323 2567 1914 2638">
     <span class='ocr_line' id='line_1_27' title="bbox 323 2567 1914 2638; baseline 0 -16"><span class='ocrx_word' id='word_1_195' title='bbox 323 2567 446 2622; x_wconf 79' lang='lat' dir='ltr'><strong><em>ford</em></strong></span> <span class='ocrx_word' id='word_1_196' title='bbox 473 2567 704 2638; x_wconf 85' lang='lat' dir='ltr'><strong><em>Anglus,</em></strong></span> <span class='ocrx_word' id='word_1_197' title='bbox 744 2585 809 2623; x_wconf 78' lang='lat' dir='ltr'><strong><em>ex</em></strong></span> <span class='ocrx_word' id='word_1_198' title='bbox 843 2570 1125 2625; x_wconf 89' lang='lat' dir='ltr'><strong><em>academia</em></strong></span> <span class='ocrx_word' id='word_1_199' title='bbox 1158 2568 1461 2623; x_wconf 80' lang='lat' dir='ltr'><strong><em>Oxoniensi</em></strong></span> <span class='ocrx_word' id='word_1_200' title='bbox 1497 2568 1786 2638; x_wconf 77' lang='lat' dir='ltr'><strong><em>theologia:</em></strong></span> <span class='ocrx_word' id='word_1_201' title='bbox 1819 2568 1914 2622; x_wconf 91' lang='lat' dir='ltr'><strong><em>do-</em></strong></span> 
     </span>
    </p>
   </div>
   <div class='ocr_carea' id='block_1_28' title="bbox 323 2659 1908 2732">
    <p class='ocr_par' dir='ltr' id='par_1_28' title="bbox 323 2659 1908 2732">
     <span class='ocr_line' id='line_1_28' title="bbox 323 2659 1908 2732; baseline 0.001 -20"><span class='ocrx_word' id='word_1_202' title='bbox 323 2666 462 2724; x_wconf 88' lang='lat' dir='ltr'><strong><em>ctor,</em></strong></span> <span class='ocrx_word' id='word_1_203' title='bbox 499 2667 690 2714; x_wconf 88' lang='lat' dir='ltr'><strong><em>contra</em></strong></span> <span class='ocrx_word' id='word_1_204' title='bbox 729 2659 1038 2732; x_wconf 85' lang='lat' dir='ltr'><strong><em>Trialogum</em></strong></span> <span class='ocrx_word' id='word_1_205' title='bbox 1074 2660 1288 2716; x_wconf 78' lang='lat' dir='ltr'><strong><em>Wicleﬁ</em></strong></span> <span class='ocrx_word' id='word_1_206' title='bbox 1320 2661 1435 2715; x_wconf 60' lang='lat' dir='ltr'><strong><em>haec</em></strong></span> <span class='ocrx_word' id='word_1_207' title='bbox 1477 2659 1670 2730; x_wconf 81' lang='lat' dir='ltr'><strong><em>lgnatii</em></strong></span> <span class='ocrx_word' id='word_1_208' title='bbox 1701 2659 1908 2714; x_wconf 79' lang='lat' dir='ltr'><strong><em>laudat.</em></strong></span> 
     </span>
    </p>
   </div>
   <div class='ocr_carea' id='block_1_29' title="bbox 323 2751 1912 2824">
    <p class='ocr_par' dir='ltr' id='par_1_29' title="bbox 323 2751 1912 2824">
     <span class='ocr_line' id='line_1_29' title="bbox 323 2751 1912 2824; baseline -0.002 -17"><span class='ocrx_word' id='word_1_209' title='bbox 323 2751 674 2807; x_wconf 85' lang='lat' dir='ltr'><strong><em>Considerate</em></strong></span> <span class='ocrx_word' id='word_1_210' title='bbox 703 2753 934 2824; x_wconf 84' lang='lat' dir='ltr'><strong><em>qualiter</em></strong></span> <span class='ocrx_word' id='word_1_211' title='bbox 964 2753 1446 2824; x_wconf 80' lang='lat' dir='ltr'><strong><em>Anthropomorphi</em></strong></span> <span class='ocrx_word' id='word_1_212' title='bbox 1477 2770 1510 2806; x_wconf 92' lang='lat' dir='ltr'><strong><em>a</em></strong></span> <span class='ocrx_word' id='word_1_213' title='bbox 1548 2752 1912 2806; x_wconf 84' lang='lat' dir='ltr'><strong><em>communione</em></strong></span> 
     </span>
    </p>
   </div>
   <div class='ocr_carea' id='block_1_30' title="bbox 323 2846 1910 2916">
    <p class='ocr_par' dir='ltr' id='par_1_30' title="bbox 323 2846 1910 2916">
     <span class='ocr_line' id='line_1_30' title="bbox 323 2846 1910 2916; baseline -0.001 -16"><span class='ocrx_word' id='word_1_214' title='bbox 323 2853 374 2900; x_wconf 82' lang='lat' dir='ltr'><strong><em>et</em></strong></span> <span class='ocrx_word' id='word_1_215' title='bbox 409 2846 650 2903; x_wconf 87' lang='lat' dir='ltr'><strong><em>oratione</em></strong></span> <span class='ocrx_word' id='word_1_216' title='bbox 677 2854 982 2900; x_wconf 89' lang='lat' dir='ltr'><strong><em>sanctorum</em></strong></span> <span class='ocrx_word' id='word_1_217' title='bbox 1014 2848 1296 2912; x_wconf 89' lang='lat' dir='ltr'><strong><em>recedunt,</em></strong></span> <span class='ocrx_word' id='word_1_218' title='bbox 1329 2854 1608 2916; x_wconf 83' lang='lat' dir='ltr'><strong><em>propterea</em></strong></span> <span class='ocrx_word' id='word_1_219' title='bbox 1643 2846 1782 2916; x_wconf 87' lang='lat' dir='ltr'><strong><em>quod</em></strong></span> <span class='ocrx_word' id='word_1_220' title='bbox 1805 2861 1910 2899; x_wconf 86' lang='lat' dir='ltr'><strong><em>non</em></strong></span> 
     </span>
    </p>
   </div>
   <div class='ocr_carea' id='block_1_31' title="bbox 325 2931 1912 3004">
    <p class='ocr_par' dir='ltr' id='par_1_31' title="bbox 325 2931 1912 3004">
     <span class='ocr_line' id='line_1_31' title="bbox 325 2931 1912 3004; baseline 0.003 -19"><span class='ocrx_word' id='word_1_221' title='bbox 325 2931 514 2986; x_wconf 81' lang='lat' dir='ltr'><strong><em>habent</em></strong></span> <span class='ocrx_word' id='word_1_222' title='bbox 537 2935 776 3004; x_wconf 81' lang='lat' dir='ltr'><strong><em>conﬁteri</em></strong></span> <span class='ocrx_word' id='word_1_223' title='bbox 797 2935 1179 2990; x_wconf 84' lang='lat' dir='ltr'><strong><em>eucharistiam</em></strong></span> <span class='ocrx_word' id='word_1_224' title='bbox 1201 2953 1413 2990; x_wconf 85' lang='lat' dir='ltr'><strong><em>carnem</em></strong></span> <span class='ocrx_word' id='word_1_225' title='bbox 1442 2953 1554 2990; x_wconf 88' lang='lat' dir='ltr'><strong><em>esse</em></strong></span> <span class='ocrx_word' id='word_1_226' title='bbox 1579 2935 1875 2991; x_wconf 83' lang='lat' dir='ltr'><strong><em>Saluatoris</em></strong></span> <span class='ocrx_word' id='word_1_227' title='bbox 1889 2951 1912 3003; x_wconf 85' lang='lat'><strong><em>,&#39;</em></strong></span> 
     </span>
    </p>
   </div>
   <div class='ocr_carea' id='block_1_32' title="bbox 2001 418 3621 506">
    <p class='ocr_par' dir='ltr' id='par_1_32' title="bbox 2001 418 3621 506">
     <span class='ocr_line' id='line_1_32' title="bbox 2001 418 3621 506; baseline -0.014 -16"><span class='ocrx_word' id='word_1_228' title='bbox 2001 437 2148 506; x_wconf 84' lang='lat' dir='ltr'><strong><em>ﬁlius</em></strong></span> <span class='ocrx_word' id='word_1_229' title='bbox 2189 436 2352 498; x_wconf 84' lang='lat' dir='ltr'><strong><em>alius,</em></strong></span> <span class='ocrx_word' id='word_1_230' title='bbox 2386 442 2436 486; x_wconf 89' lang='lat' dir='ltr'><strong><em>et</em></strong></span> <span class='ocrx_word' id='word_1_231' title='bbox 2465 431 2748 486; x_wconf 84' lang='lat' dir='ltr'><strong><em>substituet</em></strong></span> <span class='ocrx_word' id='word_1_232' title='bbox 2775 443 2894 482; x_wconf 83' lang='lat' dir='ltr'><strong><em>eum</em></strong></span> <span class='ocrx_word' id='word_1_233' title='bbox 2935 426 3050 479; x_wconf 88' lang='lat' dir='ltr'><strong><em>loco</em></strong></span> <span class='ocrx_word' id='word_1_234' title='bbox 3081 424 3218 493; x_wconf 83' lang='lat' dir='ltr'><strong><em>ejus,</em></strong></span> <span class='ocrx_word' id='word_1_235' title='bbox 3264 418 3329 474; x_wconf 86' lang='lat' dir='ltr'><strong><em>de</em></strong></span> <span class='ocrx_word' id='word_1_236' title='bbox 3357 435 3459 489; x_wconf 87' lang='lat' dir='ltr'><strong><em>quo</em></strong></span> <span class='ocrx_word' id='word_1_237' title='bbox 3500 433 3621 470; x_wconf 81' lang='lat' dir='ltr'><strong><em>va-</em></strong></span> 
     </span>
    </p>
   </div>
   <div class='ocr_carea' id='block_1_33' title="bbox 2003 509 3618 595">
    <p class='ocr_par' dir='ltr' id='par_1_33' title="bbox 2003 509 3618 595">
     <span class='ocr_line' id='line_1_33' title="bbox 2003 509 3618 595; baseline -0.014 -11"><span class='ocrx_word' id='word_1_238' title='bbox 2003 529 2215 584; x_wconf 86' lang='lat' dir='ltr'><strong><em>ticinati</em></strong></span> <span class='ocrx_word' id='word_1_239' title='bbox 2258 535 2382 581; x_wconf 87' lang='lat' dir='ltr'><strong><em>sunt</em></strong></span> <span class='ocrx_word' id='word_1_240' title='bbox 2416 523 2704 595; x_wconf 76' lang='lat' dir='ltr'><strong><em>prophctw,</em></strong></span> <span class='ocrx_word' id='word_1_241' title='bbox 2733 535 2986 591; x_wconf 77' lang='lat' dir='ltr'><strong><em>quemque</em></strong></span> <span class='ocrx_word' id='word_1_242' title='bbox 3028 516 3391 586; x_wconf 77' lang='lat' dir='ltr'><strong><em>prwdicarunt</em></strong></span> <span class='ocrx_word' id='word_1_243' title='bbox 3424 509 3618 563; x_wconf 80' lang='lat' dir='ltr'><strong><em>disci-</em></strong></span> 
     </span>
    </p>
   </div>
   <div class='ocr_carea' id='block_1_34' title="bbox 2002 599 3620 690">
    <p class='ocr_par' dir='ltr' id='par_1_34' title="bbox 2002 599 3620 690">
     <span class='ocr_line' id='line_1_34' title="bbox 2002 599 3620 690; baseline -0.014 -17"><span class='ocrx_word' id='word_1_244' title='bbox 2002 619 2135 690; x_wconf 88' lang='lat' dir='ltr'><strong><em>puli,</em></strong></span> <span class='ocrx_word' id='word_1_245' title='bbox 2161 617 2424 688; x_wconf 89' lang='lat' dir='ltr'><strong><em>palatium</em></strong></span> <span class='ocrx_word' id='word_1_246' title='bbox 2445 625 2523 669; x_wconf 81' lang='lat' dir='ltr'><strong><em>est</em></strong></span> <span class='ocrx_word' id='word_1_247' title='bbox 2551 611 2774 667; x_wconf 89' lang='lat' dir='ltr'><strong><em>diaboli.</em></strong></span> <span class='ocrx_word' id='word_1_248' title='bbox 2817 628 2836 661; x_wconf 70' lang='grc' dir='ltr'><strong><em>ι</em></strong></span> <span class='ocrx_word' id='word_1_249' title='bbox 2871 607 2950 660; x_wconf 85' lang='lat' dir='ltr'><strong><em>Ex</em></strong></span> <span class='ocrx_word' id='word_1_250' title='bbox 2979 607 3186 677; x_wconf 81' lang='lat' dir='ltr'><strong><em>quibus</em></strong></span> <span class='ocrx_word' id='word_1_251' title='bbox 3212 603 3428 658; x_wconf 88' lang='lat' dir='ltr'><strong><em>duobus</em></strong></span> <span class='ocrx_word' id='word_1_252' title='bbox 3457 599 3620 654; x_wconf 83' lang='lat' dir='ltr'><strong><em>locis</em></strong></span> 
     </span>
    </p>
   </div>
   <div class='ocr_carea' id='block_1_35' title="bbox 2005 691 3618 778">
    <p class='ocr_par' dir='ltr' id='par_1_35' title="bbox 2005 691 3618 778">
     <span class='ocr_line' id='line_1_35' title="bbox 2005 691 3618 778; baseline -0.014 -14"><span class='ocrx_word' id='word_1_253' title='bbox 2005 717 2250 778; x_wconf 87' lang='lat' dir='ltr'><strong><em>apparet,</em></strong></span> <span class='ocrx_word' id='word_1_254' title='bbox 2284 704 2590 761; x_wconf 86' lang='lat' dir='ltr'><strong><em>Jacobitam</em></strong></span> <span class='ocrx_word' id='word_1_255' title='bbox 2641 702 2798 756; x_wconf 90' lang='lat' dir='ltr'><strong><em>illum</em></strong></span> <span class='ocrx_word' id='word_1_256' title='bbox 2849 698 3012 753; x_wconf 88' lang='lat' dir='ltr'><strong><em>istam</em></strong></span> <span class='ocrx_word' id='word_1_257' title='bbox 3067 693 3261 765; x_wconf 82' lang='lat' dir='ltr'><strong><em>lgnatii</em></strong></span> <span class='ocrx_word' id='word_1_258' title='bbox 3296 691 3618 747; x_wconf 80' lang='lat' dir='ltr'><strong><em>editionem</em></strong></span> 
     </span>
    </p>
   </div>
   <div class='ocr_carea' id='block_1_36' title="bbox 2005 783 3619 868">
    <p class='ocr_par' dir='ltr' id='par_1_36' title="bbox 2005 783 3619 868">
     <span class='ocr_line' id='line_1_36' title="bbox 2005 783 3619 868; baseline -0.012 -14"><span class='ocrx_word' id='word_1_259' title='bbox 2005 800 2289 862; x_wconf 84' lang='lat' dir='ltr'><strong><em>habuisse,</em></strong></span> <span class='ocrx_word' id='word_1_260' title='bbox 2319 813 2488 868; x_wconf 89' lang='lat' dir='ltr'><strong><em>quam</em></strong></span> <span class='ocrx_word' id='word_1_261' title='bbox 2544 809 2648 850; x_wconf 92' lang='lat' dir='ltr'><strong><em>nos</em></strong></span> <span class='ocrx_word' id='word_1_262' title='bbox 2693 810 2760 849; x_wconf 82' lang='lat' dir='ltr'><strong><em>ex</em></strong></span> <span class='ocrx_word' id='word_1_263' title='bbox 2796 790 3039 845; x_wconf 76' lang='lat' dir='ltr'><strong><em>Mediceo</em></strong></span> <span class='ocrx_word' id='word_1_264' title='bbox 3085 786 3272 842; x_wconf 86' lang='lat' dir='ltr'><strong><em>codice</em></strong></span> <span class='ocrx_word' id='word_1_265' title='bbox 3300 783 3619 838; x_wconf 86' lang='lat' dir='ltr'><strong><em>habemus.</em></strong></span> 
     </span>
    </p>
   </div>
   <div class='ocr_carea' id='block_1_37' title="bbox 2004 874 3621 961">
    <p class='ocr_par' dir='ltr' id='par_1_37' title="bbox 2004 874 3621 961">
     <span class='ocr_line' id='line_1_37' title="bbox 2004 874 3621 961; baseline -0.014 -15"><span class='ocrx_word' id='word_1_266' title='bbox 2004 891 2154 946; x_wconf 86' lang='lat' dir='ltr'><strong><em>Citat</em></strong></span> <span class='ocrx_word' id='word_1_267' title='bbox 2178 891 2400 961; x_wconf 84' lang='lat' dir='ltr'><strong><em>quidem</em></strong></span> <span class='ocrx_word' id='word_1_268' title='bbox 2435 886 2738 959; x_wconf 88' lang='lat' dir='ltr'><strong><em>Epistolam</em></strong></span> <span class='ocrx_word' id='word_1_269' title='bbox 2771 883 2839 938; x_wconf 89' lang='lat' dir='ltr'><strong><em>ad</em></strong></span> <span class='ocrx_word' id='word_1_270' title='bbox 2869 880 3270 940; x_wconf 83' lang='lat' dir='ltr'><strong><em>Antiochenos,</em></strong></span> <span class='ocrx_word' id='word_1_271' title='bbox 3300 890 3424 945; x_wconf 65' lang='lat' dir='ltr'><strong><em>qua:</em></strong></span> <span class='ocrx_word' id='word_1_272' title='bbox 3453 874 3621 926; x_wconf 80' lang='lat' dir='ltr'><strong><em>inter</em></strong></span> 
     </span>
    </p>
   </div>
   <div class='ocr_carea' id='block_1_38' title="bbox 2005 963 3621 1054">
    <p class='ocr_par' dir='ltr' id='par_1_38' title="bbox 2005 963 3621 1054">
     <span class='ocr_line' id='line_1_38' title="bbox 2005 963 3621 1054; baseline -0.015 -13"><span class='ocrx_word' id='word_1_273' title='bbox 2005 985 2223 1054; x_wconf 79' lang='lat' dir='ltr'><strong><em>spurius</em></strong></span> <span class='ocrx_word' id='word_1_274' title='bbox 2275 981 2412 1050; x_wconf 79' lang='lat' dir='ltr'><strong><em>fuit;</em></strong></span> <span class='ocrx_word' id='word_1_275' title='bbox 2445 981 2611 1037; x_wconf 86' lang='lat' dir='ltr'><strong><em>verba</em></strong></span> <span class='ocrx_word' id='word_1_276' title='bbox 2663 985 2845 1032; x_wconf 85' lang='lat' dir='ltr'><strong><em>autem</em></strong></span> <span class='ocrx_word' id='word_1_277' title='bbox 2898 972 3082 1045; x_wconf 87' lang='lat' dir='ltr'><strong><em>priora</em></strong></span> <span class='ocrx_word' id='word_1_278' title='bbox 3133 985 3202 1024; x_wconf 79' lang='lat' dir='ltr'><strong><em>ex</em></strong></span> <span class='ocrx_word' id='word_1_279' title='bbox 3253 965 3495 1037; x_wconf 83' lang='lat' dir='ltr'><strong><em>Epistula</em></strong></span> <span class='ocrx_word' id='word_1_280' title='bbox 3528 963 3621 1018; x_wconf 80' lang='lat' dir='ltr'><strong><em>ad</em></strong></span> 
     </span>
    </p>
   </div>
   <div class='ocr_carea' id='block_1_39' title="bbox 2007 1061 3617 1149">
    <p class='ocr_par' dir='ltr' id='par_1_39' title="bbox 2007 1061 3617 1149">
     <span class='ocr_line' id='line_1_39' title="bbox 2007 1061 3617 1149; baseline -0.014 -17"><span class='ocrx_word' id='word_1_281' title='bbox 2007 1076 2322 1149; x_wconf 67' lang='lat' dir='ltr'><strong><em>Smyrnaeos</em></strong></span> <span class='ocrx_word' id='word_1_282' title='bbox 2370 1089 2482 1129; x_wconf 90' lang='lat' dir='ltr'><strong><em>non</em></strong></span> <span class='ocrx_word' id='word_1_283' title='bbox 2540 1069 2886 1140; x_wconf 88' lang='lat' dir='ltr'><strong><em>interpolata,</em></strong></span> <span class='ocrx_word' id='word_1_284' title='bbox 2935 1065 3030 1120; x_wconf 90' lang='lat' dir='ltr'><strong><em>sed</em></strong></span> <span class='ocrx_word' id='word_1_285' title='bbox 3081 1061 3316 1134; x_wconf 76' lang='lat' dir='ltr'><strong><em>genuina</em></strong></span> <span class='ocrx_word' id='word_1_286' title='bbox 3365 1071 3617 1130; x_wconf 89' lang='lat' dir='ltr'><strong><em>prorsus</em></strong></span> 
     </span>
    </p>
   </div>
   <div class='ocr_carea' id='block_1_40' title="bbox 2005 1149 3615 1239">
    <p class='ocr_par' dir='ltr' id='par_1_40' title="bbox 2005 1149 3615 1239">
     <span class='ocr_line' id='line_1_40' title="bbox 2005 1149 3615 1239; baseline -0.017 -12"><span class='ocrx_word' id='word_1_287' title='bbox 2005 1181 2134 1230; x_wconf 87' lang='lat' dir='ltr'><strong><em>sunt</em></strong></span> <span class='ocrx_word' id='word_1_288' title='bbox 2169 1171 2508 1239; x_wconf 87' lang='lat' dir='ltr'><strong><em>deprompta.</em></strong></span> <span class='ocrx_word' id='word_1_289' title='bbox 2558 1163 2744 1232; x_wconf 85' lang='lat' dir='ltr'><strong><em>Neque</em></strong></span> <span class='ocrx_word' id='word_1_290' title='bbox 2775 1160 2922 1214; x_wconf 89' lang='lat' dir='ltr'><strong><em>enim</em></strong></span> <span class='ocrx_word' id='word_1_291' title='bbox 2953 1173 3016 1212; x_wconf 89' lang='lat' dir='ltr'><strong><em>ea</em></strong></span> <span class='ocrx_word' id='word_1_292' title='bbox 3057 1156 3221 1210; x_wconf 85' lang='lat' dir='ltr'><strong><em>habet</em></strong></span> <span class='ocrx_word' id='word_1_293' title='bbox 3257 1167 3379 1223; x_wconf 70' lang='lat' dir='ltr'><strong><em>qua:</em></strong></span> <span class='ocrx_word' id='word_1_294' title='bbox 3406 1149 3475 1204; x_wconf 89' lang='lat' dir='ltr'><strong><em>ab</em></strong></span> <span class='ocrx_word' id='word_1_295' title='bbox 3508 1150 3615 1239; x_wconf 71' lang='lat' dir='ltr'><strong><em>in-</em></strong></span> 
     </span>
    </p>
   </div>
   <div class='ocr_carea' id='block_1_41' title="bbox 2003 1237 3619 1330">
    <p class='ocr_par' dir='ltr' id='par_1_41' title="bbox 2003 1237 3619 1330">
     <span class='ocr_line' id='line_1_41' title="bbox 2003 1237 3619 1330; baseline -0.015 -14"><span class='ocrx_word' id='word_1_296' title='bbox 2003 1237 2334 1330; x_wconf 82' lang='lat' dir='ltr'><strong><em>terpolatore</em></strong></span> <span class='ocrx_word' id='word_1_297' title='bbox 2365 1265 2496 1313; x_wconf 89' lang='lat' dir='ltr'><strong><em>sunt</em></strong></span> <span class='ocrx_word' id='word_1_298' title='bbox 2531 1256 2758 1316; x_wconf 87' lang='lat' dir='ltr'><strong><em>inserta,</em></strong></span> <span class='ocrx_word' id='word_1_299' title='bbox 2790 1250 2882 1304; x_wconf 82' lang='grc' dir='ltr'>τὸν</span> <span class='ocrx_word' id='word_1_300' title='bbox 2905 1247 3248 1320; x_wconf 81' lang='grc' dir='ltr'>πρωτότοκον</span> <span class='ocrx_word' id='word_1_301' title='bbox 3274 1243 3458 1311; x_wconf 80' lang='grc' dir='ltr'><strong><em>πάσης</em></strong></span> <span class='ocrx_word' id='word_1_302' title='bbox 3487 1237 3619 1293; x_wconf 81' lang='grc' dir='ltr'>κτί-</span> 
     </span>
    </p>
   </div>
   <div class='ocr_carea' id='block_1_42' title="bbox 2006 1330 3618 1415">
    <p class='ocr_par' dir='ltr' id='par_1_42' title="bbox 2006 1330 3618 1415">
     <span class='ocr_line' id='line_1_42' title="bbox 2006 1330 3618 1415; baseline -0.014 -9"><span class='ocrx_word' id='word_1_303' title='bbox 2006 1369 2164 1415; x_wconf 83' lang='grc' dir='ltr'>σεως,</span> <span class='ocrx_word' id='word_1_304' title='bbox 2198 1351 2288 1404; x_wconf 78' lang='grc' dir='ltr'>τὸν</span> <span class='ocrx_word' id='word_1_305' title='bbox 2321 1348 2454 1402; x_wconf 78' lang='grc' dir='ltr'>Θεὸν</span> <span class='ocrx_word' id='word_1_306' title='bbox 2487 1346 2679 1414; x_wconf 79' lang='grc' dir='ltr'>Λόγον,</span> <span class='ocrx_word' id='word_1_307' title='bbox 2713 1343 2804 1396; x_wconf 76' lang='grc' dir='ltr'><strong><em>τὸν</em></strong></span> <span class='ocrx_word' id='word_1_308' title='bbox 2843 1339 3102 1413; x_wconf 84' lang='grc' dir='ltr'>μονογενῆ</span> <span class='ocrx_word' id='word_1_309' title='bbox 3131 1336 3282 1390; x_wconf 80' lang='grc' dir='ltr'>Υιόν.</span> <span class='ocrx_word' id='word_1_310' title='bbox 3312 1331 3460 1388; x_wconf 88' lang='lat' dir='ltr'><strong><em>Usus</em></strong></span> <span class='ocrx_word' id='word_1_311' title='bbox 3498 1330 3618 1400; x_wconf 81' lang='lat' dir='ltr'><strong><em>igi-</em></strong></span> 
     </span>
    </p>
   </div>
   <div class='ocr_carea' id='block_1_43' title="bbox 2007 1425 3620 1500">
    <p class='ocr_par' dir='ltr' id='par_1_43' title="bbox 2007 1425 3620 1500">
     <span class='ocr_line' id='line_1_43' title="bbox 2007 1425 3620 1500; baseline -0.015 0"><span class='ocrx_word' id='word_1_312' title='bbox 2007 1455 2097 1500; x_wconf 91' lang='lat' dir='ltr'><strong><em>tur</em></strong></span> <span class='ocrx_word' id='word_1_313' title='bbox 2124 1451 2208 1498; x_wconf 90' lang='lat' dir='ltr'><strong><em>est</em></strong></span> <span class='ocrx_word' id='word_1_314' title='bbox 2237 1441 2491 1497; x_wconf 86' lang='lat' dir='ltr'><strong><em>Jacohita</em></strong></span> <span class='ocrx_word' id='word_1_315' title='bbox 2522 1439 2612 1492; x_wconf 89' lang='lat' dir='ltr'><strong><em>ille</em></strong></span> <span class='ocrx_word' id='word_1_316' title='bbox 2637 1435 2876 1490; x_wconf 88' lang='lat' dir='ltr'><strong><em>editione</em></strong></span> <span class='ocrx_word' id='word_1_317' title='bbox 2907 1431 3086 1498; x_wconf 88' lang='lat' dir='ltr'><strong><em>tertia,</em></strong></span> <span class='ocrx_word' id='word_1_318' title='bbox 3115 1444 3224 1499; x_wconf 88' lang='lat' dir='ltr'><strong><em>qua</em></strong></span> <span class='ocrx_word' id='word_1_319' title='bbox 3255 1425 3509 1497; x_wconf 79' lang='lat' dir='ltr'><strong><em>genuina:</em></strong></span> <span class='ocrx_word' id='word_1_320' title='bbox 3547 1429 3620 1476; x_wconf 69' lang='lat' dir='ltr'><strong><em>et</em></strong></span> 
     </span>
    </p>
   </div>
   <div class='ocr_carea' id='block_1_44' title="bbox 2005 1522 3618 1605">
    <p class='ocr_par' dir='ltr' id='par_1_44' title="bbox 2005 1522 3618 1605">
     <span class='ocr_line' id='line_1_44' title="bbox 2005 1522 3618 1605; baseline -0.014 -13"><span class='ocrx_word' id='word_1_321' title='bbox 2005 1537 2270 1592; x_wconf 88' lang='lat' dir='ltr'><strong><em>hactenus</em></strong></span> <span class='ocrx_word' id='word_1_322' title='bbox 2292 1537 2516 1605; x_wconf 61' lang='lat' dir='ltr'><strong><em>integra!</em></strong></span> <span class='ocrx_word' id='word_1_323' title='bbox 2538 1529 2730 1602; x_wconf 77' lang='lat' dir='ltr'><strong><em>lgnatii</em></strong></span> <span class='ocrx_word' id='word_1_324' title='bbox 2755 1527 3001 1598; x_wconf 67' lang='lat' dir='ltr'><strong><em>epistola:</em></strong></span> <span class='ocrx_word' id='word_1_325' title='bbox 3019 1522 3442 1580; x_wconf 84' lang='lat' dir='ltr'><strong><em>continebantur</em></strong></span> <span class='ocrx_word' id='word_1_326' title='bbox 3470 1532 3618 1574; x_wconf 86' lang='lat' dir='ltr'><strong><em>cum</em></strong></span> 
     </span>
    </p>
   </div>
   <div class='ocr_carea' id='block_1_45' title="bbox 2014 1611 3616 1698">
    <p class='ocr_par' dir='ltr' id='par_1_45' title="bbox 2014 1611 3616 1698">
     <span class='ocr_line' id='line_1_45' title="bbox 2014 1611 3616 1698; baseline -0.012 -15"><span class='ocrx_word' id='word_1_327' title='bbox 2014 1630 2227 1698; x_wconf 88' lang='lat' dir='ltr'><strong><em>aliquot</em></strong></span> <span class='ocrx_word' id='word_1_328' title='bbox 2274 1627 2440 1682; x_wconf 86' lang='lat' dir='ltr'><strong><em>etiam</em></strong></span> <span class='ocrx_word' id='word_1_329' title='bbox 2476 1625 2641 1690; x_wconf 86' lang='lat' dir='ltr'><strong><em>ﬁctis,</em></strong></span> <span class='ocrx_word' id='word_1_330' title='bbox 2667 1622 2886 1692; x_wconf 89' lang='lat' dir='ltr'><strong><em>qualem</em></strong></span> <span class='ocrx_word' id='word_1_331' title='bbox 2921 1619 3295 1674; x_wconf 87' lang='lat' dir='ltr'><strong><em>Damascenus</em></strong></span> <span class='ocrx_word' id='word_1_332' title='bbox 3321 1621 3377 1668; x_wconf 87' lang='lat' dir='ltr'><strong><em>et</em></strong></span> <span class='ocrx_word' id='word_1_333' title='bbox 3420 1611 3616 1665; x_wconf 84' lang='lat' dir='ltr'><strong><em>Anto—</em></strong></span> 
     </span>
    </p>
   </div>
   <div class='ocr_carea' id='block_1_46' title="bbox 1939 1701 3616 1786">
    <p class='ocr_par' dir='ltr' id='par_1_46' title="bbox 1939 1701 3616 1786">
     <span class='ocr_line' id='line_1_46' title="bbox 1939 1701 3616 1786; baseline -0.011 -13"><span class='ocrx_word' id='word_1_334' title='bbox 1939 1719 1981 1773; x_wconf 88' lang='lat' dir='ltr'>B</span> <span class='ocrx_word' id='word_1_335' title='bbox 2009 1718 2136 1773; x_wconf 89' lang='lat' dir='ltr'><strong><em>nius</em></strong></span> <span class='ocrx_word' id='word_1_336' title='bbox 2165 1716 2534 1786; x_wconf 88' lang='lat' dir='ltr'><strong><em>usurpabant;</em></strong></span> <span class='ocrx_word' id='word_1_337' title='bbox 2568 1713 2814 1781; x_wconf 87' lang='lat' dir='ltr'><strong><em>adeoque</em></strong></span> <span class='ocrx_word' id='word_1_338' title='bbox 2839 1718 3088 1774; x_wconf 85' lang='lat' dir='ltr'><strong><em>testatur,</em></strong></span> <span class='ocrx_word' id='word_1_339' title='bbox 3111 1706 3374 1777; x_wconf 86' lang='lat' dir='ltr'><strong><em>epistolas</em></strong></span> <span class='ocrx_word' id='word_1_340' title='bbox 3403 1701 3616 1773; x_wconf 74' lang='lat' dir='ltr'><strong><em>lgnatii</em></strong></span> 
     </span>
    </p>
   </div>
   <div class='ocr_carea' id='block_1_47' title="bbox 2011 1791 3617 1879">
    <p class='ocr_par' dir='ltr' id='par_1_47' title="bbox 2011 1791 3617 1879">
     <span class='ocr_line' id='line_1_47' title="bbox 2011 1791 3617 1879; baseline -0.012 -14"><span class='ocrx_word' id='word_1_341' title='bbox 2011 1808 2278 1879; x_wconf 74' lang='lat' dir='ltr'><strong><em>genuinas</em></strong></span> <span class='ocrx_word' id='word_1_342' title='bbox 2339 1819 2448 1860; x_wconf 93' lang='lat' dir='ltr'><strong><em>non</em></strong></span> <span class='ocrx_word' id='word_1_343' title='bbox 2494 1811 2708 1858; x_wconf 88' lang='lat' dir='ltr'><strong><em>tantum</em></strong></span> <span class='ocrx_word' id='word_1_344' title='bbox 2759 1817 2792 1855; x_wconf 92' lang='lat' dir='ltr'><strong><em>a</em></strong></span> <span class='ocrx_word' id='word_1_345' title='bbox 2841 1797 3046 1854; x_wconf 61' lang='lat' dir='ltr'><strong><em>Graecis</em></strong></span> <span class='ocrx_word' id='word_1_346' title='bbox 3097 1804 3153 1852; x_wconf 92' lang='lat' dir='ltr'><strong><em>et</em></strong></span> <span class='ocrx_word' id='word_1_347' title='bbox 3203 1794 3449 1858; x_wconf 87' lang='lat' dir='ltr'><strong><em>Latinis,</em></strong></span> <span class='ocrx_word' id='word_1_348' title='bbox 3506 1791 3617 1847; x_wconf 79' lang='lat' dir='ltr'><strong><em>sed</em></strong></span> 
     </span>
    </p>
   </div>
   <div class='ocr_carea' id='block_1_48' title="bbox 2010 1883 3618 1960">
    <p class='ocr_par' dir='ltr' id='par_1_48' title="bbox 2010 1883 3618 1960">
     <span class='ocr_line' id='line_1_48' title="bbox 2010 1883 3618 1960; baseline -0.011 -2"><span class='ocrx_word' id='word_1_349' title='bbox 2010 1903 2175 1958; x_wconf 84' lang='lat' dir='ltr'><strong><em>etiam</em></strong></span> <span class='ocrx_word' id='word_1_350' title='bbox 2223 1900 2293 1956; x_wconf 85' lang='lat' dir='ltr'><strong><em>ab</em></strong></span> <span class='ocrx_word' id='word_1_351' title='bbox 2330 1897 2626 1960; x_wconf 79' lang='lat' dir='ltr'><strong><em>Arabibus,</em></strong></span> <span class='ocrx_word' id='word_1_352' title='bbox 2662 1909 2772 1949; x_wconf 91' lang='lat' dir='ltr'><strong><em>non</em></strong></span> <span class='ocrx_word' id='word_1_353' title='bbox 2821 1898 3035 1946; x_wconf 86' lang='lat' dir='ltr'><strong><em>tantum</em></strong></span> <span class='ocrx_word' id='word_1_354' title='bbox 3063 1887 3387 1950; x_wconf 87' lang='lat' dir='ltr'><strong><em>catholicis,</em></strong></span> <span class='ocrx_word' id='word_1_355' title='bbox 3420 1883 3518 1940; x_wconf 86' lang='lat' dir='ltr'><strong><em>sed</em></strong></span> <span class='ocrx_word' id='word_1_356' title='bbox 3551 1891 3618 1940; x_wconf 79' lang='lat' dir='ltr'><strong><em>et.</em></strong></span> 
     </span>
    </p>
   </div>
   <div class='ocr_carea' id='block_1_49' title="bbox 2010 1985 2771 2060">
    <p class='ocr_par' dir='ltr' id='par_1_49' title="bbox 2010 1985 2771 2060">
     <span class='ocr_line' id='line_1_49' title="bbox 2010 1985 2771 2060; baseline -0.013 -10"><span class='ocrx_word' id='word_1_357' title='bbox 2010 1991 2280 2050; x_wconf 71' lang='lat' dir='ltr'><strong><em>haereticis</em></strong></span> <span class='ocrx_word' id='word_1_358' title='bbox 2309 1995 2554 2060; x_wconf 86' lang='lat' dir='ltr'><strong><em>receptas</em></strong></span> <span class='ocrx_word' id='word_1_359' title='bbox 2579 1985 2771 2042; x_wconf 83' lang='lat' dir='ltr'><strong><em>fuisse.</em></strong></span> 
     </span>
    </p>
   </div>
   <div class='ocr_carea' id='block_1_50' title="bbox 2624 2142 2980 2203">
    <p class='ocr_par' dir='ltr' id='par_1_50' title="bbox 2624 2142 2980 2203">
     <span class='ocr_line' id='line_1_50' title="bbox 2624 2142 2980 2203; baseline -0.014 0"><span class='ocrx_word' id='word_1_360' title='bbox 2624 2143 2855 2203; x_wconf 82' lang='lat' dir='ltr'><strong><em>CAPUT</em></strong></span> <span class='ocrx_word' id='word_1_361' title='bbox 2893 2142 2980 2200; x_wconf 90' lang='lat' dir='ltr'><strong><em>lll.</em></strong></span> 
     </span>
    </p>
   </div>
   <div class='ocr_carea' id='block_1_51' title="bbox 2011 2245 3615 2336">
    <p class='ocr_par' dir='ltr' id='par_1_51' title="bbox 2011 2245 3615 2336">
     <span class='ocr_line' id='line_1_51' title="bbox 2011 2245 3615 2336; baseline -0.014 -16"><span class='ocrx_word' id='word_1_362' title='bbox 2011 2265 2339 2336; x_wconf 82' lang='lat' dir='ltr'><strong><em>Argumenta</em></strong></span> <span class='ocrx_word' id='word_1_363' title='bbox 2366 2277 2461 2336; x_wconf 82' lang='lat' dir='ltr'><strong><em>pro</em></strong></span> <span class='ocrx_word' id='word_1_364' title='bbox 2493 2257 2551 2314; x_wconf 91' lang='lat' dir='ltr'><strong><em>S.</em></strong></span> <span class='ocrx_word' id='word_1_365' title='bbox 2583 2256 2819 2336; x_wconf 69' lang='lat' dir='ltr'><strong><em>lauatio,</em></strong></span> <span class='ocrx_word' id='word_1_366' title='bbox 2845 2254 3044 2336; x_wconf 82' lang='lat' dir='ltr'><strong><em>partim</em></strong></span> <span class='ocrx_word' id='word_1_367' title='bbox 3075 2269 3110 2306; x_wconf 89' lang='lat' dir='ltr'><strong><em>a</em></strong></span> <span class='ocrx_word' id='word_1_368' title='bbox 3137 2245 3615 2336; x_wconf 42' lang='lat' dir='ltr'><strong><em>testibus,&#39;par‘tirrs</em></strong></span> 
     </span>
    </p>
   </div>
   <div class='ocr_carea' id='block_1_52' title="bbox 2086 2321 3615 2399">
    <p class='ocr_par' dir='ltr' id='par_1_52' title="bbox 2086 2321 3615 2399">
     <span class='ocr_line' id='line_1_52' title="bbox 2086 2321 3615 2399; baseline -0.014 -11"><span class='ocrx_word' id='word_1_369' title='bbox 2086 2321 2118 2388; x_wconf 69' lang='grc' dir='ltr'><em>ἦ</em></span> <span class='ocrx_word' id='word_1_370' title='bbox 2149 2321 2464 2388; x_wconf 79' lang='lat' dir='ltr'><strong><em>testimoniis</em></strong></span> <span class='ocrx_word' id='word_1_371' title='bbox 2489 2321 2751 2399; x_wconf 13' lang='lat' dir='ltr'><strong><em>petit&#39;a.rA</em></strong></span> <span class='ocrx_word' id='word_1_372' title='bbox 2780 2321 2992 2380; x_wconf 80' lang='lat' dir='ltr'><strong><em>testium</em></strong></span> <span class='ocrx_word' id='word_1_373' title='bbox 3018 2321 3615 2399; x_wconf 74' lang='lat' dir='ltr'><strong><em>munero.__antiquita.&#39;e</em></strong></span> 
     </span>
    </p>
   </div>
   <div class='ocr_carea' id='block_1_53' title="bbox 2084 2391 3615 2463">
    <p class='ocr_par' dir='ltr' id='par_1_53' title="bbox 2084 2391 3615 2463">
     <span class='ocr_line' id='line_1_53' title="bbox 2084 2391 3615 2463; baseline -0.014 -4"><span class='ocrx_word' id='word_1_374' title='bbox 2084 2415 2134 2460; x_wconf 91' lang='lat' dir='ltr'><strong><em>et</em></strong></span> <span class='ocrx_word' id='word_1_375' title='bbox 2168 2405 2319 2459; x_wconf 88' lang='lat' dir='ltr'><strong><em>serie.</em></strong></span> <span class='ocrx_word' id='word_1_376' title='bbox 2354 2405 2392 2455; x_wconf 84' lang='lat' dir='ltr'><strong><em>A</em></strong></span> <span class='ocrx_word' id='word_1_377' title='bbox 2429 2391 2850 2454; x_wconf 77' lang='lat' dir='ltr'><strong><em>testimoniorum</em></strong></span> <span class='ocrx_word' id='word_1_378' title='bbox 2897 2405 3009 2448; x_wconf 89' lang='lat' dir='ltr'><strong><em>tum</em></strong></span> <span class='ocrx_word' id='word_1_379' title='bbox 3052 2391 3303 2463; x_wconf 84' lang='lat' dir='ltr'><strong><em>generali.</em></strong></span> <span class='ocrx_word' id='word_1_380' title='bbox 3333 2400 3448 2442; x_wconf 88' lang='lat' dir='ltr'><strong><em>tum</em></strong></span> <span class='ocrx_word' id='word_1_381' title='bbox 3480 2403 3615 2456; x_wconf 55' lang='lat' dir='ltr'><strong><em>par..-</em></strong></span> 
     </span>
    </p>
   </div>
   <div class='ocr_carea' id='block_1_54' title="bbox 2085 2471 2675 2532">
    <p class='ocr_par' dir='ltr' id='par_1_54' title="bbox 2085 2471 2675 2532">
     <span class='ocr_line' id='line_1_54' title="bbox 2085 2471 2675 2532; baseline -0.01 -1"><span class='ocrx_word' id='word_1_382' title='bbox 2085 2475 2303 2532; x_wconf 84' lang='lat' dir='ltr'><strong><em>ticulari</em></strong></span> <span class='ocrx_word' id='word_1_383' title='bbox 2331 2471 2675 2526; x_wconf 87' lang='lat' dir='ltr'><strong><em>indicatione.</em></strong></span> 
     </span>
    </p>
   </div>
   <div class='ocr_carea' id='block_1_55' title="bbox 2084 2570 3610 2644">
    <p class='ocr_par' dir='ltr' id='par_1_55' title="bbox 2084 2570 3610 2644">
     <span class='ocr_line' id='line_1_55' title="bbox 2084 2570 3610 2644; baseline -0.012 -1"><span class='ocrx_word' id='word_1_384' title='bbox 2084 2590 2221 2644; x_wconf 86' lang='lat' dir='ltr'><strong><em>Cum</em></strong></span> <span class='ocrx_word' id='word_1_385' title='bbox 2275 2594 2351 2640; x_wconf 85' lang='lat' dir='ltr'><strong><em>tot</em></strong></span> <span class='ocrx_word' id='word_1_386' title='bbox 2396 2583 2643 2639; x_wconf 92' lang='lat' dir='ltr'><strong><em>omnium</em></strong></span> <span class='ocrx_word' id='word_1_387' title='bbox 2697 2579 3024 2636; x_wconf 63' lang='lat' dir='ltr'><strong><em>saeculorum</em></strong></span> <span class='ocrx_word' id='word_1_388' title='bbox 3074 2573 3392 2631; x_wconf 85' lang='lat' dir='ltr'><strong><em>testimonia</em></strong></span> <span class='ocrx_word' id='word_1_389' title='bbox 3428 2570 3610 2626; x_wconf 87' lang='lat' dir='ltr'><strong><em>addu-</em></strong></span> 
     </span>
    </p>
   </div>
   <div class='ocr_carea' id='block_1_56' title="bbox 2014 2671 3612 2742">
    <p class='ocr_par' dir='ltr' id='par_1_56' title="bbox 2014 2671 3612 2742">
     <span class='ocr_line' id='line_1_56' title="bbox 2014 2671 3612 2742; baseline -0.013 -6"><span class='ocrx_word' id='word_1_390' title='bbox 2014 2681 2278 2742; x_wconf 83' lang='lat' dir='ltr'><strong><em>xerimus,</em></strong></span> <span class='ocrx_word' id='word_1_391' title='bbox 2302 2677 2438 2731; x_wconf 91' lang='lat' dir='ltr'><strong><em>nihil</em></strong></span> <span class='ocrx_word' id='word_1_392' title='bbox 2463 2676 2713 2740; x_wconf 87' lang='lat' dir='ltr'><strong><em>ulterius,</em></strong></span> <span class='ocrx_word' id='word_1_393' title='bbox 2740 2672 2888 2742; x_wconf 91' lang='lat' dir='ltr'><strong><em>quod</em></strong></span> <span class='ocrx_word' id='word_1_394' title='bbox 2919 2671 2985 2724; x_wconf 90' lang='lat' dir='ltr'><strong><em>ad</em></strong></span> <span class='ocrx_word' id='word_1_395' title='bbox 3015 2675 3398 2737; x_wconf 80' lang='lat' dir='ltr'><strong><em>argumentum</em></strong></span> <span class='ocrx_word' id='word_1_396' title='bbox 3425 2673 3612 2719; x_wconf 78' lang='lat' dir='ltr'><strong><em>exter-</em></strong></span> 
     </span>
    </p>
   </div>
   <div class='ocr_carea' id='block_1_57' title="bbox 2017 2755 3612 2833">
    <p class='ocr_par' dir='ltr' id='par_1_57' title="bbox 2017 2755 3612 2833">
     <span class='ocr_line' id='line_1_57' title="bbox 2017 2755 3612 2833; baseline -0.014 -5"><span class='ocrx_word' id='word_1_397' title='bbox 2017 2789 2147 2828; x_wconf 92' lang='lat' dir='ltr'><strong><em>num</em></strong></span> <span class='ocrx_word' id='word_1_398' title='bbox 2181 2771 2394 2833; x_wconf 87' lang='lat' dir='ltr'><strong><em>attinet,</em></strong></span> <span class='ocrx_word' id='word_1_399' title='bbox 2420 2763 2719 2822; x_wconf 90' lang='lat' dir='ltr'><strong><em>desiderari</em></strong></span> <span class='ocrx_word' id='word_1_400' title='bbox 2751 2776 2911 2832; x_wconf 88' lang='lat' dir='ltr'><strong><em>posse</em></strong></span> <span class='ocrx_word' id='word_1_401' title='bbox 2932 2760 3218 2821; x_wconf 85' lang='lat' dir='ltr'><strong><em>videatur;</em></strong></span> <span class='ocrx_word' id='word_1_402' title='bbox 3249 2757 3309 2809; x_wconf 84' lang='grc' dir='ltr'><strong><em>τδ</em></strong></span> <span class='ocrx_word' id='word_1_403' title='bbox 3342 2755 3453 2826; x_wconf 79' lang='grc' dir='ltr'><strong><em>γὰρ</em></strong></span> <span class='ocrx_word' id='word_1_404' title='bbox 3479 2770 3612 2807; x_wconf 62' lang='lat' dir='ltr'><strong><em>eoa-</em></strong></span> 
     </span>
    </p>
   </div>
   <div class='ocr_carea' id='block_1_58' title="bbox 2014 2847 3608 2935">
    <p class='ocr_par' dir='ltr' id='par_1_58' title="bbox 2014 2847 3608 2935">
     <span class='ocr_line' id='line_1_58' title="bbox 2014 2847 3608 2935; baseline -0.013 -15"><span class='ocrx_word' id='word_1_405' title='bbox 2014 2866 2190 2928; x_wconf 85' lang='grc' dir='ltr'>ούτοις</span> <span class='ocrx_word' id='word_1_406' title='bbox 2245 2864 2510 2935; x_wconf 80' lang='grc' dir='ltr'>μάρτυσιν</span> <span class='ocrx_word' id='word_1_407' title='bbox 2561 2857 2879 2912; x_wconf 79' lang='grc' dir='ltr'>ἀντιτείνειν</span> <span class='ocrx_word' id='word_1_408' title='bbox 2925 2849 3310 2924; x_wconf 80' lang='grc' dir='ltr'>παραπληξίας</span> <span class='ocrx_word' id='word_1_409' title='bbox 3343 2847 3608 2917; x_wconf 72' lang='grc' dir='ltr'><strong><em>ἐσχάτης.</em></strong></span> 
     </span>
    </p>
   </div>
   <div class='ocr_carea' id='block_1_59' title="bbox 2019 2941 3613 3015">
    <p class='ocr_par' dir='ltr' id='par_1_59' title="bbox 2019 2941 3613 3015">
     <span class='ocr_line' id='line_1_59' title="bbox 2019 2941 3613 3015; baseline -0.014 -1"><span class='ocrx_word' id='word_1_410' title='bbox 2019 2957 2118 3014; x_wconf 86' lang='grc' dir='ltr'>Τοι</span> <span class='ocrx_word' id='word_1_411' title='bbox 2163 2959 2304 3012; x_wconf 87' lang='lat' dir='ltr'><strong><em>enim</em></strong></span> <span class='ocrx_word' id='word_1_412' title='bbox 2348 2967 2397 3009; x_wconf 89' lang='lat' dir='ltr'><strong><em>et</em></strong></span> <span class='ocrx_word' id='word_1_413' title='bbox 2443 2955 2609 3007; x_wconf 89' lang='lat' dir='ltr'><strong><em>tantis</em></strong></span> <span class='ocrx_word' id='word_1_414' title='bbox 2649 2947 2867 3003; x_wconf 85' lang='lat' dir='ltr'><strong><em>testibus</em></strong></span> <span class='ocrx_word' id='word_1_415' title='bbox 2905 2944 3166 3015; x_wconf 79' lang='lat' dir='ltr'><strong><em>refragari</em></strong></span> <span class='ocrx_word' id='word_1_416' title='bbox 3215 2952 3469 2996; x_wconf 73' lang='lat' dir='ltr'><strong><em>extrema:</em></strong></span> <span class='ocrx_word' id='word_1_417' title='bbox 3513 2941 3613 2992; x_wconf 61' lang='lat' dir='ltr'><strong><em>deo</em></strong></span> 
     </span>
    </p>
   </div>
   <div class='ocr_carea' id='block_1_60' title="bbox 325 3023 1915 3125">
    <p class='ocr_par' dir='ltr' id='par_1_60' title="bbox 325 3023 1914 3097">
     <span class='ocr_line' id='line_1_60' title="bbox 325 3023 1914 3097; baseline 0.003 -19"><span class='ocrx_word' id='word_1_418' title='bbox 325 3037 395 3078; x_wconf 79' lang='lat' dir='ltr'><strong><em>ex</em></strong></span> <span class='ocrx_word' id='word_1_419' title='bbox 451 3023 693 3094; x_wconf 86' lang='lat' dir='ltr'><strong><em>Epistola</em></strong></span> <span class='ocrx_word' id='word_1_420' title='bbox 743 3026 809 3080; x_wconf 87' lang='lat' dir='ltr'><strong><em>ad</em></strong></span> <span class='ocrx_word' id='word_1_421' title='bbox 863 3025 1150 3096; x_wconf 87' lang='lat' dir='ltr'><strong><em>Ephesios.</em></strong></span> <span class='ocrx_word' id='word_1_422' title='bbox 1209 3026 1454 3097; x_wconf 87' lang='lat' dir='ltr'><strong><em>Denique</em></strong></span> <span class='ocrx_word' id='word_1_423' title='bbox 1502 3027 1744 3082; x_wconf 82' lang='lat' dir='ltr'><strong><em>Joannes</em></strong></span> <span class='ocrx_word' id='word_1_424' title='bbox 1791 3025 1914 3084; x_wconf 85' lang='lat' dir='ltr'><strong><em>Tis-</em></strong></span> 
     </span>
    </p>
   </div>
   <div class='ocr_carea' id='block_1_61' title="bbox 2031 3023 3617 3125">
    <p class='ocr_par' dir='ltr' id='par_1_61' title="bbox 2031 3027 3617 3112">
     <span class='ocr_line' id='line_1_61' title="bbox 2031 3027 3617 3112; baseline -0.015 -8"><span class='ocrx_word' id='word_1_425' title='bbox 2031 3048 2230 3103; x_wconf 73' lang='lat' dir='ltr'><strong><em>mentiaa</em></strong></span> <span class='ocrx_word' id='word_1_426' title='bbox 2267 3054 2368 3112; x_wconf 91' lang='lat' dir='ltr'><strong><em>est,</em></strong></span> <span class='ocrx_word' id='word_1_427' title='bbox 2397 3052 2457 3098; x_wconf 88' lang='lat' dir='ltr'><strong><em>ut</em></strong></span> <span class='ocrx_word' id='word_1_428' title='bbox 2499 3040 2743 3110; x_wconf 88' lang='lat' dir='ltr'><strong><em>loquitur</em></strong></span> <span class='ocrx_word' id='word_1_429' title='bbox 2787 3035 3164 3090; x_wconf 87' lang='lat' dir='ltr'><strong><em>Thcodoretus</em></strong></span> <span class='ocrx_word' id='word_1_430' title='bbox 3207 3031 3428 3101; x_wconf 85' lang='lat' dir='ltr'><strong><em>dialogo</em></strong></span> <span class='ocrx_word' id='word_1_431' title='bbox 3468 3045 3509 3083; x_wconf 89' lang='grc' dir='ltr'>ι.</span> <span class='ocrx_word' id='word_1_432' title='bbox 3543 3027 3617 3082; x_wconf 83' lang='lat' dir='ltr'><strong><em>Et</em></strong></span> 
     </span>
    </p>
   </div>
   <div class='ocr_carea' id='block_1_62' title="bbox 326 3115 1916 3190">
    <p class='ocr_par' dir='ltr' id='par_1_62' title="bbox 326 3115 1916 3190">
     <span class='ocr_line' id='line_1_62' title="bbox 326 3115 1916 3190; baseline 0.004 -19"><span class='ocrx_word' id='word_1_433' title='bbox 326 3115 570 3186; x_wconf 81' lang='lat' dir='ltr'><strong><em>sington,</em></strong></span> <span class='ocrx_word' id='word_1_434' title='bbox 600 3118 764 3172; x_wconf 90' lang='lat' dir='ltr'><strong><em>etiam</em></strong></span> <span class='ocrx_word' id='word_1_435' title='bbox 795 3119 1026 3190; x_wconf 82' lang='lat' dir='ltr'><strong><em>Anglus,</em></strong></span> <span class='ocrx_word' id='word_1_436' title='bbox 1059 3120 1112 3174; x_wconf 92' lang='lat' dir='ltr'><strong><em>in</em></strong></span> <span class='ocrx_word' id='word_1_437' title='bbox 1139 3119 1481 3190; x_wconf 68' lang='lat' dir='ltr'><strong><em>Confessionc</em></strong></span> <span class='ocrx_word' id='word_1_438' title='bbox 1503 3131 1688 3174; x_wconf 88' lang='lat' dir='ltr'><strong><em>contra</em></strong></span> <span class='ocrx_word' id='word_1_439' title='bbox 1718 3121 1916 3176; x_wconf 85' lang='lat' dir='ltr'><strong><em>Wicle-</em></strong></span> 
     </span>
    </p>
   </div>
   <div class='ocr_carea' id='block_1_63' title="bbox 327 3209 1918 3279">
    <p class='ocr_par' dir='ltr' id='par_1_63' title="bbox 327 3209 1918 3279">
     <span class='ocr_line' id='line_1_63' title="bbox 327 3209 1918 3279; baseline 0.004 -17"><span class='ocrx_word' id='word_1_440' title='bbox 327 3209 478 3279; x_wconf 80' lang='lat' dir='ltr'><strong><em>funt,</em></strong></span> <span class='ocrx_word' id='word_1_441' title='bbox 527 3211 581 3264; x_wconf 91' lang='lat' dir='ltr'><strong><em>in</em></strong></span> <span class='ocrx_word' id='word_1_442' title='bbox 632 3211 970 3268; x_wconf 83' lang='lat' dir='ltr'><strong><em>Bibliotheca</em></strong></span> <span class='ocrx_word' id='word_1_443' title='bbox 1018 3212 1315 3269; x_wconf 85' lang='lat' dir='ltr'><strong><em>Usseriana</em></strong></span> <span class='ocrx_word' id='word_1_444' title='bbox 1368 3230 1469 3268; x_wconf 91' lang='lat' dir='ltr'><strong><em>ms.</em></strong></span> <span class='ocrx_word' id='word_1_445' title='bbox 1514 3233 1526 3268; x_wconf 90' lang='lat'><strong>:</strong></span> <span class='ocrx_word' id='word_1_446' title='bbox 1569 3212 1918 3269; x_wconf 84' lang='lat' dir='ltr'><strong><em>Considerate</em></strong></span> 
     </span>
    </p>
   </div>
   <div class='ocr_carea' id='block_1_64' title="bbox 324 3304 1917 3378">
    <p class='ocr_par' dir='ltr' id='par_1_64' title="bbox 324 3304 1917 3378">
     <span class='ocr_line' id='line_1_64' title="bbox 324 3304 1917 3378; baseline 0.003 -22"><span class='ocrx_word' id='word_1_447' title='bbox 324 3304 556 3374; x_wconf 86' lang='lat' dir='ltr'><strong><em>qualiter</em></strong></span> <span class='ocrx_word' id='word_1_448' title='bbox 589 3304 1116 3378; x_wconf 74' lang='lat' dir='ltr'><strong><em>[Anthropomorphi]</em></strong></span> <span class='ocrx_word' id='word_1_449' title='bbox 1154 3323 1186 3359; x_wconf 93' lang='lat' dir='ltr'><strong><em>a</em></strong></span> <span class='ocrx_word' id='word_1_450' title='bbox 1209 3309 1575 3361; x_wconf 84' lang='lat' dir='ltr'><strong><em>communione</em></strong></span> <span class='ocrx_word' id='word_1_451' title='bbox 1602 3317 1649 3362; x_wconf 90' lang='lat' dir='ltr'><strong><em>et</em></strong></span> <span class='ocrx_word' id='word_1_452' title='bbox 1679 3309 1917 3362; x_wconf 89' lang='lat' dir='ltr'><strong><em>oratione</em></strong></span> 
     </span>
    </p>
   </div>
   <div class='ocr_carea' id='block_1_65' title="bbox 327 3399 1918 3470">
    <p class='ocr_par' dir='ltr' id='par_1_65' title="bbox 327 3399 1918 3470">
     <span class='ocr_line' id='line_1_65' title="bbox 327 3399 1918 3470; baseline -0.001 -15"><span class='ocrx_word' id='word_1_453' title='bbox 327 3413 633 3455; x_wconf 85' lang='lat' dir='ltr'><strong><em>sanctorum</em></strong></span> <span class='ocrx_word' id='word_1_454' title='bbox 678 3399 947 3465; x_wconf 88' lang='lat' dir='ltr'><strong><em>recedunt,</em></strong></span> <span class='ocrx_word' id='word_1_455' title='bbox 980 3409 1194 3469; x_wconf 88' lang='lat' dir='ltr'><strong><em>propter</em></strong></span> <span class='ocrx_word' id='word_1_456' title='bbox 1238 3417 1340 3454; x_wconf 90' lang='lat' dir='ltr'><strong><em>non</em></strong></span> <span class='ocrx_word' id='word_1_457' title='bbox 1387 3401 1628 3470; x_wconf 84' lang='lat' dir='ltr'><strong><em>conﬁteri</em></strong></span> <span class='ocrx_word' id='word_1_458' title='bbox 1674 3402 1918 3456; x_wconf 86' lang='lat' dir='ltr'><strong><em>euchari-</em></strong></span> 
     </span>
    </p>
   </div>
   <div class='ocr_carea' id='block_1_66' title="bbox 327 3487 1917 3562">
    <p class='ocr_par' dir='ltr' id='par_1_66' title="bbox 327 3487 1917 3562">
     <span class='ocr_line' id='line_1_66' title="bbox 327 3487 1917 3562; baseline 0.001 -18"><span class='ocrx_word' id='word_1_459' title='bbox 327 3491 491 3544; x_wconf 87' lang='lat' dir='ltr'><strong><em>stiam</em></strong></span> <span class='ocrx_word' id='word_1_460' title='bbox 518 3506 730 3544; x_wconf 88' lang='lat' dir='ltr'><strong><em>carnem</em></strong></span> <span class='ocrx_word' id='word_1_461' title='bbox 761 3507 872 3545; x_wconf 88' lang='lat' dir='ltr'><strong><em>esse</em></strong></span> <span class='ocrx_word' id='word_1_462' title='bbox 902 3487 1225 3557; x_wconf 79' lang='lat' dir='ltr'><strong><em>Saluatoris,</em></strong></span> <span class='ocrx_word' id='word_1_463' title='bbox 1251 3508 1410 3562; x_wconf 89' lang='lat' dir='ltr'><strong><em>quam</em></strong></span> <span class='ocrx_word' id='word_1_464' title='bbox 1443 3490 1610 3546; x_wconf 84' lang='lat' dir='ltr'><strong><em>Pater</em></strong></span> <span class='ocrx_word' id='word_1_465' title='bbox 1638 3509 1736 3545; x_wconf 90' lang='lat' dir='ltr'><strong><em>sua</em></strong></span> <span class='ocrx_word' id='word_1_466' title='bbox 1773 3491 1917 3546; x_wconf 89' lang='lat' dir='ltr'><strong><em>beni-</em></strong></span> 
     </span>
    </p>
   </div>
   <div class='ocr_carea' id='block_1_67' title="bbox 329 3564 1915 3654">
    <p class='ocr_par' dir='ltr' id='par_1_67' title="bbox 329 3564 1915 3654">
     <span class='ocr_line' id='line_1_67' title="bbox 329 3564 1915 3654; baseline 0.002 -19"><span class='ocrx_word' id='word_1_467' title='bbox 329 3585 532 3654; x_wconf 87' lang='lat' dir='ltr'><strong><em>gnitate</em></strong></span> <span class='ocrx_word' id='word_1_468' title='bbox 566 3583 918 3637; x_wconf 87' lang='lat' dir='ltr'><strong><em>resuscitavit.</em></strong></span> <span class='ocrx_word' id='word_1_469' title='bbox 957 3564 1388 3640; x_wconf 79' lang='lat' dir='ltr'><strong><em>Contradicentes</em></strong></span> <span class='ocrx_word' id='word_1_470' title='bbox 1432 3585 1554 3638; x_wconf 87' lang='lat' dir='ltr'><strong><em>huic</em></strong></span> <span class='ocrx_word' id='word_1_471' title='bbox 1613 3583 1751 3638; x_wconf 91' lang='lat' dir='ltr'><strong><em>dono</em></strong></span> <span class='ocrx_word' id='word_1_472' title='bbox 1794 3601 1915 3654; x_wconf 90' lang='lat' dir='ltr'><strong><em>per-</em></strong></span> 
     </span>
    </p>
   </div>
   <div class='ocr_carea' id='block_1_68' title="bbox 327 3675 1919 3744">
    <p class='ocr_par' dir='ltr' id='par_1_68' title="bbox 327 3675 1919 3744">
     <span class='ocr_line' id='line_1_68' title="bbox 327 3675 1919 3744; baseline 0.001 -14"><span class='ocrx_word' id='word_1_473' title='bbox 327 3683 648 3730; x_wconf 82' lang='lat' dir='ltr'><strong><em>scrutantes.</em></strong></span> <span class='ocrx_word' id='word_1_474' title='bbox 668 3675 863 3730; x_wconf 89' lang='lat' dir='ltr'><strong><em>Decens</em></strong></span> <span class='ocrx_word' id='word_1_475' title='bbox 895 3685 974 3730; x_wconf 84' lang='lat' dir='ltr'><strong><em>est</em></strong></span> <span class='ocrx_word' id='word_1_476' title='bbox 999 3693 1033 3729; x_wconf 88' lang='lat' dir='ltr'><strong><em>a</em></strong></span> <span class='ocrx_word' id='word_1_477' title='bbox 1062 3677 1258 3731; x_wconf 84' lang='lat' dir='ltr'><strong><em>talibus</em></strong></span> <span class='ocrx_word' id='word_1_478' title='bbox 1287 3677 1544 3744; x_wconf 85' lang='lat' dir='ltr'><strong><em>recedere,</em></strong></span> <span class='ocrx_word' id='word_1_479' title='bbox 1567 3687 1616 3732; x_wconf 88' lang='lat' dir='ltr'><strong><em>et</em></strong></span> <span class='ocrx_word' id='word_1_480' title='bbox 1655 3694 1746 3732; x_wconf 82' lang='lat' dir='ltr'><strong><em>nec</em></strong></span> <span class='ocrx_word' id='word_1_481' title='bbox 1775 3694 1919 3732; x_wconf 90' lang='lat' dir='ltr'><strong><em>com-</em></strong></span> 
     </span>
    </p>
   </div>
   <div class='ocr_carea' id='block_1_69' title="bbox 329 3768 1918 3840">
    <p class='ocr_par' dir='ltr' id='par_1_69' title="bbox 329 3768 1918 3840">
     <span class='ocr_line' id='line_1_69' title="bbox 329 3768 1918 3840; baseline 0.002 -19"><span class='ocrx_word' id='word_1_482' title='bbox 329 3768 562 3822; x_wconf 86' lang='lat' dir='ltr'><strong><em>muniter</em></strong></span> <span class='ocrx_word' id='word_1_483' title='bbox 615 3783 710 3822; x_wconf 89' lang='lat' dir='ltr'><strong><em>nec</em></strong></span> <span class='ocrx_word' id='word_1_484' title='bbox 759 3768 981 3822; x_wconf 84' lang='lat' dir='ltr'><strong><em>seorsim</em></strong></span> <span class='ocrx_word' id='word_1_485' title='bbox 1027 3785 1148 3822; x_wconf 87' lang='lat' dir='ltr'><strong><em>cum</em></strong></span> <span class='ocrx_word' id='word_1_486' title='bbox 1214 3770 1290 3824; x_wconf 87' lang='lat' dir='ltr'><strong><em>eis</em></strong></span> <span class='ocrx_word' id='word_1_487' title='bbox 1361 3770 1541 3840; x_wconf 87' lang='lat' dir='ltr'><strong><em>loqui,</em></strong></span> <span class='ocrx_word' id='word_1_488' title='bbox 1598 3786 1665 3826; x_wconf 81' lang='lat' dir='ltr'><strong><em>ex</em></strong></span> <span class='ocrx_word' id='word_1_489' title='bbox 1727 3771 1918 3825; x_wconf 89' lang='lat' dir='ltr'><strong><em>eodem</em></strong></span> 
     </span>
    </p>
   </div>
   <div class='ocr_carea' id='block_1_70' title="bbox 329 3859 476 3916">
    <p class='ocr_par' dir='ltr' id='par_1_70' title="bbox 329 3859 476 3916">
     <span class='ocr_line' id='line_1_70' title="bbox 329 3859 476 3916; baseline 0 -2"><span class='ocrx_word' id='word_1_490' title='bbox 329 3859 476 3916; x_wconf 86' lang='lat' dir='ltr'><strong><em>loco.</em></strong></span> 
     </span>
    </p>
   </div>
   <div class='ocr_carea' id='block_1_71' title="bbox 404 3951 1917 4027">
    <p class='ocr_par' dir='ltr' id='par_1_71' title="bbox 404 3951 1917 4027">
     <span class='ocr_line' id='line_1_71' title="bbox 404 3951 1917 4027; baseline 0.005 -22"><span class='ocrx_word' id='word_1_491' title='bbox 404 3951 607 4014; x_wconf 65' lang='lat' dir='ltr'><strong><em>Praeter</em></strong></span> <span class='ocrx_word' id='word_1_492' title='bbox 643 3954 759 4010; x_wconf 68' lang='lat' dir='ltr'><strong><em>hate</em></strong></span> <span class='ocrx_word' id='word_1_493' title='bbox 785 3963 1030 4010; x_wconf 86' lang='lat' dir='ltr'><strong><em>veterum</em></strong></span> <span class='ocrx_word' id='word_1_494' title='bbox 1063 3955 1377 4010; x_wconf 85' lang='lat' dir='ltr'><strong><em>testimonia</em></strong></span> <span class='ocrx_word' id='word_1_495' title='bbox 1418 3972 1521 4012; x_wconf 89' lang='lat' dir='ltr'><strong><em>suo</em></strong></span> <span class='ocrx_word' id='word_1_496' title='bbox 1554 3971 1785 4027; x_wconf 70' lang='lat' dir='ltr'><strong><em>quaeque</em></strong></span> <span class='ocrx_word' id='word_1_497' title='bbox 1815 3971 1917 4012; x_wconf 69' lang='lat' dir='ltr'><strong><em>sa:-</em></strong></span> 
     </span>
    </p>
   </div>
   <div class='ocr_carea' id='block_1_72' title="bbox 333 4042 1923 4119">
    <p class='ocr_par' dir='ltr' id='par_1_72' title="bbox 333 4042 1923 4119">
     <span class='ocr_line' id='line_1_72' title="bbox 333 4042 1923 4119; baseline 0.003 -22"><span class='ocrx_word' id='word_1_498' title='bbox 333 4042 459 4098; x_wconf 88' lang='lat' dir='ltr'><strong><em>culo</em></strong></span> <span class='ocrx_word' id='word_1_499' title='bbox 491 4043 791 4115; x_wconf 84' lang='lat' dir='ltr'><strong><em>assignata,</em></strong></span> <span class='ocrx_word' id='word_1_500' title='bbox 829 4054 925 4100; x_wconf 90' lang='lat' dir='ltr'><strong><em>aut</em></strong></span> <span class='ocrx_word' id='word_1_501' title='bbox 953 4061 1018 4101; x_wconf 79' lang='lat' dir='ltr'><strong><em>ex</em></strong></span> <span class='ocrx_word' id='word_1_502' title='bbox 1053 4045 1258 4102; x_wconf 71' lang='lat' dir='ltr'><strong><em>Graecis</em></strong></span> <span class='ocrx_word' id='word_1_503' title='bbox 1298 4057 1394 4102; x_wconf 90' lang='lat' dir='ltr'><strong><em>aut</em></strong></span> <span class='ocrx_word' id='word_1_504' title='bbox 1444 4047 1655 4104; x_wconf 88' lang='lat' dir='ltr'><strong><em>Latinis</em></strong></span> <span class='ocrx_word' id='word_1_505' title='bbox 1690 4048 1923 4119; x_wconf 81' lang='lat' dir='ltr'><strong><em>scripto-</em></strong></span> 
     </span>
    </p>
   </div>
   <div class='ocr_carea' id='block_1_73' title="bbox 333 4135 1924 4211">
    <p class='ocr_par' dir='ltr' id='par_1_73' title="bbox 333 4135 1924 4211">
     <span class='ocr_line' id='line_1_73' title="bbox 333 4135 1924 4211; baseline 0.004 -23"><span class='ocrx_word' id='word_1_506' title='bbox 333 4135 489 4190; x_wconf 87' lang='lat' dir='ltr'><strong><em>ribus</em></strong></span> <span class='ocrx_word' id='word_1_507' title='bbox 535 4135 822 4206; x_wconf 88' lang='lat' dir='ltr'><strong><em>producta,</em></strong></span> <span class='ocrx_word' id='word_1_508' title='bbox 850 4147 933 4194; x_wconf 90' lang='lat' dir='ltr'><strong><em>est</em></strong></span> <span class='ocrx_word' id='word_1_509' title='bbox 975 4147 1030 4194; x_wconf 88' lang='lat' dir='ltr'><strong><em>et</em></strong></span> <span class='ocrx_word' id='word_1_510' title='bbox 1083 4139 1229 4193; x_wconf 90' lang='lat' dir='ltr'><strong><em>aliud</em></strong></span> <span class='ocrx_word' id='word_1_511' title='bbox 1272 4155 1338 4194; x_wconf 74' lang='lat' dir='ltr'><strong><em>ex</em></strong></span> <span class='ocrx_word' id='word_1_512' title='bbox 1390 4141 1626 4196; x_wconf 85' lang='lat' dir='ltr'><strong><em>Arabico</em></strong></span> <span class='ocrx_word' id='word_1_513' title='bbox 1666 4142 1924 4211; x_wconf 89' lang='lat' dir='ltr'><strong><em>deprom-</em></strong></span> 
     </span>
    </p>
   </div>
   <div class='ocr_carea' id='block_1_74' title="bbox 333 4225 1926 4302">
    <p class='ocr_par' dir='ltr' id='par_1_74' title="bbox 333 4225 1926 4302">
     <span class='ocr_line' id='line_1_74' title="bbox 333 4225 1926 4302; baseline 0.005 -24"><span class='ocrx_word' id='word_1_514' title='bbox 333 4233 523 4302; x_wconf 80' lang='lat' dir='ltr'><strong><em>ptum;</em></strong></span> <span class='ocrx_word' id='word_1_515' title='bbox 561 4225 720 4296; x_wconf 89' lang='lat' dir='ltr'><strong><em>cujus</em></strong></span> <span class='ocrx_word' id='word_1_516' title='bbox 753 4243 879 4283; x_wconf 90' lang='lat' dir='ltr'><strong><em>cum</em></strong></span> <span class='ocrx_word' id='word_1_517' title='bbox 923 4245 1024 4284; x_wconf 91' lang='lat' dir='ltr'><strong><em>nec</em></strong></span> <span class='ocrx_word' id='word_1_518' title='bbox 1065 4240 1261 4284; x_wconf 90' lang='lat' dir='ltr'><strong><em>auctor</em></strong></span> <span class='ocrx_word' id='word_1_519' title='bbox 1294 4233 1427 4286; x_wconf 89' lang='lat' dir='ltr'><strong><em>satis</em></strong></span> <span class='ocrx_word' id='word_1_520' title='bbox 1453 4241 1602 4288; x_wconf 86' lang='lat' dir='ltr'><strong><em>certo</em></strong></span> <span class='ocrx_word' id='word_1_521' title='bbox 1622 4274 1636 4297; x_wconf 93' lang='lat'><strong><em>,</em></strong></span> <span class='ocrx_word' id='word_1_522' title='bbox 1663 4248 1765 4288; x_wconf 88' lang='lat' dir='ltr'><strong><em>nec</em></strong></span> <span class='ocrx_word' id='word_1_523' title='bbox 1793 4241 1926 4286; x_wconf 71' lang='lat' dir='ltr'><strong><em>tetas</em></strong></span> 
     </span>
    </p>
   </div>
   <div class='ocr_carea' id='block_1_75' title="bbox 335 4317 1924 4395">
    <p class='ocr_par' dir='ltr' id='par_1_75' title="bbox 335 4317 1924 4395">
     <span class='ocr_line' id='line_1_75' title="bbox 335 4317 1924 4395; baseline 0.006 -25"><span class='ocrx_word' id='word_1_524' title='bbox 335 4317 471 4371; x_wconf 90' lang='lat' dir='ltr'><strong><em>mihi</em></strong></span> <span class='ocrx_word' id='word_1_525' title='bbox 509 4319 775 4376; x_wconf 88' lang='lat' dir='ltr'><strong><em>hactenus</em></strong></span> <span class='ocrx_word' id='word_1_526' title='bbox 799 4321 1057 4386; x_wconf 91' lang='lat' dir='ltr'><strong><em>innotuit,</em></strong></span> <span class='ocrx_word' id='word_1_527' title='bbox 1096 4323 1228 4377; x_wconf 88' lang='lat' dir='ltr'><strong><em>illud</em></strong></span> <span class='ocrx_word' id='word_1_528' title='bbox 1257 4335 1534 4393; x_wconf 91' lang='lat' dir='ltr'><strong><em>postremo</em></strong></span> <span class='ocrx_word' id='word_1_529' title='bbox 1572 4325 1696 4379; x_wconf 89' lang='lat' dir='ltr'><strong><em>loco</em></strong></span> <span class='ocrx_word' id='word_1_530' title='bbox 1728 4324 1924 4395; x_wconf 87' lang='lat' dir='ltr'><strong><em>adjun-</em></strong></span> 
     </span>
    </p>
   </div>
   <div class='ocr_carea' id='block_1_76' title="bbox 2021 3121 3615 3207">
    <p class='ocr_par' dir='ltr' id='par_1_76' title="bbox 2021 3121 3615 3207">
     <span class='ocr_line' id='line_1_76' title="bbox 2021 3121 3615 3207; baseline -0.013 -12"><span class='ocrx_word' id='word_1_531' title='bbox 2021 3150 2202 3196; x_wconf 88' lang='lat' dir='ltr'><strong><em>tamen</em></strong></span> <span class='ocrx_word' id='word_1_532' title='bbox 2234 3145 2484 3207; x_wconf 87' lang='lat' dir='ltr'><strong><em>repertus</em></strong></span> <span class='ocrx_word' id='word_1_533' title='bbox 2531 3141 2616 3188; x_wconf 90' lang='lat' dir='ltr'><strong><em>est</em></strong></span> <span class='ocrx_word' id='word_1_534' title='bbox 2663 3128 2995 3193; x_wconf 89' lang='lat' dir='ltr'><strong><em>Blondellus,</em></strong></span> <span class='ocrx_word' id='word_1_535' title='bbox 3040 3125 3134 3197; x_wconf 91' lang='lat' dir='ltr'><strong><em>qui</em></strong></span> <span class='ocrx_word' id='word_1_536' title='bbox 3182 3126 3236 3178; x_wconf 93' lang='lat' dir='ltr'><strong><em>in</em></strong></span> <span class='ocrx_word' id='word_1_537' title='bbox 3281 3121 3615 3178; x_wconf 67' lang='lat' dir='ltr'><strong><em>Praelatione</em></strong></span> 
     </span>
    </p>
   </div>
   <div class='ocr_carea' id='block_1_77' title="bbox 2019 3213 3618 3294">
    <p class='ocr_par' dir='ltr' id='par_1_77' title="bbox 2019 3213 3618 3294">
     <span class='ocr_line' id='line_1_77' title="bbox 2019 3213 3618 3294; baseline -0.016 -5"><span class='ocrx_word' id='word_1_538' title='bbox 2019 3232 2254 3288; x_wconf 86' lang='lat' dir='ltr'><strong><em>rotunde</em></strong></span> <span class='ocrx_word' id='word_1_539' title='bbox 2283 3229 2484 3284; x_wconf 82' lang='lat' dir='ltr'><strong><em>dixerit</em></strong></span> <span class='ocrx_word' id='word_1_540' title='bbox 2515 3243 2527 3278; x_wconf 89' lang='lat'><strong>:</strong></span> <span class='ocrx_word' id='word_1_541' title='bbox 2561 3224 2664 3280; x_wconf 90' lang='lat' dir='ltr'><strong><em>Sed</em></strong></span> <span class='ocrx_word' id='word_1_542' title='bbox 2712 3222 2924 3294; x_wconf 84' lang='lat' dir='ltr'><strong><em>plenam</em></strong></span> <span class='ocrx_word' id='word_1_543' title='bbox 2962 3219 3069 3272; x_wconf 85' lang='lat' dir='ltr'><strong><em>illis</em></strong></span> <span class='ocrx_word' id='word_1_544' title='bbox 3101 3217 3229 3287; x_wconf 86' lang='lat' dir='ltr'><strong><em>ipsis</em></strong></span> <span class='ocrx_word' id='word_1_545' title='bbox 3276 3231 3410 3286; x_wconf 84' lang='lat' dir='ltr'><strong><em>quas</em></strong></span> <span class='ocrx_word' id='word_1_546' title='bbox 3443 3213 3618 3281; x_wconf 67' lang='lat' dir='ltr'><strong><em>con/iu</em></strong></span> 
     </span>
    </p>
   </div>
   <div class='ocr_carea' id='block_1_78' title="bbox 2021 3303 3612 3394">
    <p class='ocr_par' dir='ltr' id='par_1_78' title="bbox 2021 3303 3612 3394">
     <span class='ocr_line' id='line_1_78' title="bbox 2021 3303 3612 3394; baseline -0.016 -14"><span class='ocrx_word' id='word_1_547' title='bbox 2021 3337 2134 3381; x_wconf 90' lang='lat' dir='ltr'><strong><em>ctas</em></strong></span> <span class='ocrx_word' id='word_1_548' title='bbox 2171 3333 2420 3394; x_wconf 86' lang='lat' dir='ltr'><strong><em>putamus</em></strong></span> <span class='ocrx_word' id='word_1_549' title='bbox 2462 3316 2700 3388; x_wconf 85' lang='lat' dir='ltr'><strong><em>epistolis</em></strong></span> <span class='ocrx_word' id='word_1_550' title='bbox 2736 3313 2895 3383; x_wconf 81' lang='lat' dir='ltr'><strong><em>[idem</em></strong></span> <span class='ocrx_word' id='word_1_551' title='bbox 2941 3309 3166 3363; x_wconf 79' lang='lat' dir='ltr'><strong><em>habuere</em></strong></span> <span class='ocrx_word' id='word_1_552' title='bbox 3213 3305 3435 3361; x_wconf 82' lang='lat' dir='ltr'><strong><em>Patres!</em></strong></span> <span class='ocrx_word' id='word_1_553' title='bbox 3467 3303 3612 3369; x_wconf 76' lang='lat' dir='ltr'><strong><em>Quid</em></strong></span> 
     </span>
    </p>
   </div>
   <div class='ocr_carea' id='block_1_79' title="bbox 2023 3399 3617 3481">
    <p class='ocr_par' dir='ltr' id='par_1_79' title="bbox 2023 3399 3617 3481">
     <span class='ocr_line' id='line_1_79' title="bbox 2023 3399 3617 3481; baseline -0.014 -9"><span class='ocrx_word' id='word_1_554' title='bbox 2023 3419 2176 3471; x_wconf 87' lang='lat' dir='ltr'><strong><em>tum?</em></strong></span> <span class='ocrx_word' id='word_1_555' title='bbox 2221 3416 2322 3468; x_wconf 81' lang='lat' dir='ltr'><strong><em>Ain</em></strong></span> <span class='ocrx_word' id='word_1_556' title='bbox 2353 3428 2504 3474; x_wconf 88' lang='lat' dir='ltr'><strong><em>vero,</em></strong></span> <span class='ocrx_word' id='word_1_557' title='bbox 2535 3409 2662 3481; x_wconf 86' lang='lat' dir='ltr'><strong><em>quid</em></strong></span> <span class='ocrx_word' id='word_1_558' title='bbox 2699 3405 2853 3460; x_wconf 85' lang='lat' dir='ltr'><strong><em>tum?</em></strong></span> <span class='ocrx_word' id='word_1_559' title='bbox 2875 3403 3016 3457; x_wconf 92' lang='lat' dir='ltr'><strong><em>Tum</em></strong></span> <span class='ocrx_word' id='word_1_560' title='bbox 3051 3409 3198 3457; x_wconf 85' lang='lat' dir='ltr'><strong><em>certe</em></strong></span> <span class='ocrx_word' id='word_1_561' title='bbox 3226 3399 3494 3453; x_wconf 85' lang='lat' dir='ltr'><strong><em>habemus</em></strong></span> <span class='ocrx_word' id='word_1_562' title='bbox 3523 3413 3617 3450; x_wconf 91' lang='lat' dir='ltr'><strong><em>ar-</em></strong></span> 
     </span>
    </p>
   </div>
   <div class='ocr_carea' id='block_1_80' title="bbox 2023 3487 3616 3582">
    <p class='ocr_par' dir='ltr' id='par_1_80' title="bbox 2023 3487 3616 3582">
     <span class='ocr_line' id='line_1_80' title="bbox 2023 3487 3616 3582; baseline -0.015 -17"><span class='ocrx_word' id='word_1_563' title='bbox 2023 3518 2342 3582; x_wconf 81' lang='lat' dir='ltr'><strong><em>gumentum</em></strong></span> <span class='ocrx_word' id='word_1_564' title='bbox 2395 3521 2426 3559; x_wconf 88' lang='lat' dir='ltr'><strong><em>a</em></strong></span> <span class='ocrx_word' id='word_1_565' title='bbox 2468 3499 2800 3558; x_wconf 84' lang='lat' dir='ltr'><strong><em>testimoniis</em></strong></span> <span class='ocrx_word' id='word_1_566' title='bbox 2851 3498 3081 3568; x_wconf 89' lang='lat' dir='ltr'><strong><em>petitum</em></strong></span> <span class='ocrx_word' id='word_1_567' title='bbox 3131 3494 3199 3548; x_wconf 89' lang='lat' dir='ltr'><strong><em>de</em></strong></span> <span class='ocrx_word' id='word_1_568' title='bbox 3250 3491 3454 3560; x_wconf 88' lang='lat' dir='ltr'><strong><em>scripto</em></strong></span> <span class='ocrx_word' id='word_1_569' title='bbox 3504 3487 3616 3543; x_wconf 80' lang='lat' dir='ltr'><strong><em>viri</em></strong></span> 
     </span>
    </p>
   </div>
   <div class='ocr_carea' id='block_1_81' title="bbox 2027 3582 3616 3674">
    <p class='ocr_par' dir='ltr' id='par_1_81' title="bbox 2027 3582 3616 3674">
     <span class='ocr_line' id='line_1_81' title="bbox 2027 3582 3616 3674; baseline -0.015 -15"><span class='ocrx_word' id='word_1_570' title='bbox 2027 3601 2312 3674; x_wconf 88' lang='lat' dir='ltr'><strong><em>apostolici</em></strong></span> <span class='ocrx_word' id='word_1_571' title='bbox 2366 3595 2739 3654; x_wconf 90' lang='lat' dir='ltr'><strong><em>ecclesiastico</em></strong></span> <span class='ocrx_word' id='word_1_572' title='bbox 2798 3588 3290 3662; x_wconf 86' lang='lat' dir='ltr'><strong><em>locupletissimum</em></strong></span> <span class='ocrx_word' id='word_1_573' title='bbox 3357 3582 3616 3639; x_wconf 85' lang='lat' dir='ltr'><strong><em>ﬁrmissi-</em></strong></span> 
     </span>
    </p>
   </div>
   <div class='ocr_carea' id='block_1_82' title="bbox 2022 3673 3613 3763">
    <p class='ocr_par' dir='ltr' id='par_1_82' title="bbox 2022 3673 3613 3763">
     <span class='ocr_line' id='line_1_82' title="bbox 2022 3673 3613 3763; baseline -0.014 -14"><span class='ocrx_word' id='word_1_574' title='bbox 2022 3673 2320 3763; x_wconf 85' lang='lat' dir='ltr'><strong><em>mumque,</em></strong></span> <span class='ocrx_word' id='word_1_575' title='bbox 2351 3699 2405 3744; x_wconf 90' lang='lat' dir='ltr'><strong><em>et</em></strong></span> <span class='ocrx_word' id='word_1_576' title='bbox 2442 3686 2604 3758; x_wconf 83' lang='lat' dir='ltr'><strong><em>quale</em></strong></span> <span class='ocrx_word' id='word_1_577' title='bbox 2647 3697 2928 3753; x_wconf 89' lang='lat' dir='ltr'><strong><em>nunquam</em></strong></span> <span class='ocrx_word' id='word_1_578' title='bbox 2961 3681 3140 3735; x_wconf 87' lang='lat' dir='ltr'><strong><em>adhuc</em></strong></span> <span class='ocrx_word' id='word_1_579' title='bbox 3161 3690 3495 3748; x_wconf 88' lang='lat' dir='ltr'><strong><em>quemquam</em></strong></span> <span class='ocrx_word' id='word_1_580' title='bbox 3527 3673 3613 3728; x_wconf 82' lang='lat' dir='ltr'><strong><em>le-</em></strong></span> 
     </span>
    </p>
   </div>
   <div class='ocr_carea' id='block_1_83' title="bbox 2023 3768 3614 3852">
    <p class='ocr_par' dir='ltr' id='par_1_83' title="bbox 2023 3768 3614 3852">
     <span class='ocr_line' id='line_1_83' title="bbox 2023 3768 3614 3852; baseline -0.015 -12"><span class='ocrx_word' id='word_1_581' title='bbox 2023 3785 2187 3852; x_wconf 88' lang='lat' dir='ltr'><strong><em>l&#39;ellit;</em></strong></span> <span class='ocrx_word' id='word_1_582' title='bbox 2220 3797 2397 3852; x_wconf 89' lang='lat' dir='ltr'><strong><em>neque</em></strong></span> <span class='ocrx_word' id='word_1_583' title='bbox 2447 3780 2495 3835; x_wconf 89' lang='lat' dir='ltr'><strong><em>si</em></strong></span> <span class='ocrx_word' id='word_1_584' title='bbox 2522 3786 2719 3834; x_wconf 65' lang='lat' dir='ltr'><strong><em>caetera</em></strong></span> <span class='ocrx_word' id='word_1_585' title='bbox 2756 3772 3142 3843; x_wconf 88' lang='lat' dir='ltr'><strong><em>respondeant,</em></strong></span> <span class='ocrx_word' id='word_1_586' title='bbox 3185 3784 3307 3839; x_wconf 61' lang='lat' dir='ltr'><strong><em>quae</em></strong></span> <span class='ocrx_word' id='word_1_587' title='bbox 3337 3768 3393 3820; x_wconf 90' lang='lat' dir='ltr'><strong><em>in</em></strong></span> <span class='ocrx_word' id='word_1_588' title='bbox 3441 3780 3614 3835; x_wconf 81' lang='lat' dir='ltr'><strong><em>argu-</em></strong></span> 
     </span>
    </p>
   </div>
   <div class='ocr_carea' id='block_1_84' title="bbox 2023 3857 3616 3933">
    <p class='ocr_par' dir='ltr' id='par_1_84' title="bbox 2023 3857 3616 3933">
     <span class='ocr_line' id='line_1_84' title="bbox 2023 3857 3616 3933; baseline -0.016 0"><span class='ocrx_word' id='word_1_589' title='bbox 2023 3885 2210 3933; x_wconf 89' lang='lat' dir='ltr'><strong><em>mento</em></strong></span> <span class='ocrx_word' id='word_1_590' title='bbox 2244 3875 2460 3929; x_wconf 91' lang='lat' dir='ltr'><strong><em>interno</em></strong></span> <span class='ocrx_word' id='word_1_591' title='bbox 2485 3870 2797 3932; x_wconf 82' lang='lat' dir='ltr'><strong><em>all‘eremus,</em></strong></span> <span class='ocrx_word' id='word_1_592' title='bbox 2822 3865 3010 3920; x_wconf 83' lang='lat' dir='ltr'><strong><em>fallere</em></strong></span> <span class='ocrx_word' id='word_1_593' title='bbox 3034 3862 3279 3933; x_wconf 89' lang='lat' dir='ltr'><strong><em>potuisse</em></strong></span> <span class='ocrx_word' id='word_1_594' title='bbox 3307 3857 3616 3929; x_wconf 86' lang='lat' dir='ltr'><strong><em>putandum</em></strong></span> 
     </span>
    </p>
   </div>
   <div class='ocr_carea' id='block_1_85' title="bbox 2023 3949 3617 4027">
    <p class='ocr_par' dir='ltr' id='par_1_85' title="bbox 2023 3949 3617 4027">
     <span class='ocr_line' id='line_1_85' title="bbox 2023 3949 3617 4027; baseline -0.013 -6"><span class='ocrx_word' id='word_1_595' title='bbox 2023 3974 2126 4021; x_wconf 85' lang='lat' dir='ltr'><strong><em>est.</em></strong></span> <span class='ocrx_word' id='word_1_596' title='bbox 2161 3963 2276 4019; x_wconf 84' lang='lat' dir='ltr'><strong><em>Hoc</em></strong></span> <span class='ocrx_word' id='word_1_597' title='bbox 2312 3974 2372 4017; x_wconf 88' lang='lat' dir='ltr'><strong><em>ut</em></strong></span> <span class='ocrx_word' id='word_1_598' title='bbox 2395 3958 2690 4016; x_wconf 89' lang='lat' dir='ltr'><strong><em>dilucidius</em></strong></span> <span class='ocrx_word' id='word_1_599' title='bbox 2721 3963 3003 4027; x_wconf 87' lang='lat' dir='ltr'><strong><em>appareat,</em></strong></span> <span class='ocrx_word' id='word_1_600' title='bbox 3030 3969 3094 4008; x_wconf 81' lang='lat' dir='ltr'><strong><em>ex</em></strong></span> <span class='ocrx_word' id='word_1_601' title='bbox 3129 3960 3255 4006; x_wconf 88' lang='lat' dir='ltr'><strong><em>ante</em></strong></span> <span class='ocrx_word' id='word_1_602' title='bbox 3287 3949 3446 4005; x_wconf 86' lang='lat' dir='ltr'><strong><em>dictis</em></strong></span> <span class='ocrx_word' id='word_1_603' title='bbox 3472 3961 3617 4001; x_wconf 62' lang='lat' dir='ltr'><strong><em>non-</em></strong></span> 
     </span>
    </p>
   </div>
   <div class='ocr_carea' id='block_1_86' title="bbox 2023 4038 3616 4117">
    <p class='ocr_par' dir='ltr' id='par_1_86' title="bbox 2023 4038 3616 4117">
     <span class='ocr_line' id='line_1_86' title="bbox 2023 4038 3616 4117; baseline -0.013 -4"><span class='ocrx_word' id='word_1_604' title='bbox 2023 4057 2174 4113; x_wconf 89' lang='lat' dir='ltr'><strong><em>nulla</em></strong></span> <span class='ocrx_word' id='word_1_605' title='bbox 2203 4051 2638 4116; x_wconf 74' lang='lat' dir='ltr'><strong><em>observabimus,</em></strong></span> <span class='ocrx_word' id='word_1_606' title='bbox 2678 4056 2733 4104; x_wconf 88' lang='lat' dir='ltr'><strong><em>et</em></strong></span> <span class='ocrx_word' id='word_1_607' title='bbox 2778 4061 2944 4117; x_wconf 87' lang='lat' dir='ltr'><strong><em>quam</em></strong></span> <span class='ocrx_word' id='word_1_608' title='bbox 2987 4061 3050 4099; x_wconf 86' lang='lat' dir='ltr'><strong><em>ea</em></strong></span> <span class='ocrx_word' id='word_1_609' title='bbox 3080 4044 3189 4097; x_wconf 86' lang='lat' dir='ltr'><strong><em>vim</em></strong></span> <span class='ocrx_word' id='word_1_610' title='bbox 3223 4042 3288 4096; x_wconf 90' lang='lat' dir='ltr'><strong><em>ad</em></strong></span> <span class='ocrx_word' id='word_1_611' title='bbox 3321 4041 3482 4095; x_wconf 85' lang='lat' dir='ltr'><strong><em>ﬁdem</em></strong></span> <span class='ocrx_word' id='word_1_612' title='bbox 3527 4038 3616 4093; x_wconf 89' lang='lat' dir='ltr'><strong><em>l&#39;a-</em></strong></span> 
     </span>
    </p>
   </div>
   <div class='ocr_carea' id='block_1_87' title="bbox 2025 4135 3618 4209">
    <p class='ocr_par' dir='ltr' id='par_1_87' title="bbox 2025 4135 3618 4209">
     <span class='ocr_line' id='line_1_87' title="bbox 2025 4135 3618 4209; baseline -0.011 -5"><span class='ocrx_word' id='word_1_613' title='bbox 2025 4148 2277 4206; x_wconf 89' lang='lat' dir='ltr'><strong><em>ciendam</em></strong></span> <span class='ocrx_word' id='word_1_614' title='bbox 2331 4145 2588 4209; x_wconf 88' lang='lat' dir='ltr'><strong><em>habeant,</em></strong></span> <span class='ocrx_word' id='word_1_615' title='bbox 2622 4150 2736 4196; x_wconf 91' lang='lat' dir='ltr'><strong><em>tum</em></strong></span> <span class='ocrx_word' id='word_1_616' title='bbox 2787 4155 2853 4194; x_wconf 85' lang='lat' dir='ltr'><strong><em>ex</em></strong></span> <span class='ocrx_word' id='word_1_617' title='bbox 2901 4139 3133 4194; x_wconf 89' lang='lat' dir='ltr'><strong><em>testibus</em></strong></span> <span class='ocrx_word' id='word_1_618' title='bbox 3176 4135 3334 4207; x_wconf 89' lang='lat' dir='ltr'><strong><em>ipsis,</em></strong></span> <span class='ocrx_word' id='word_1_619' title='bbox 3378 4143 3494 4189; x_wconf 92' lang='lat' dir='ltr'><strong><em>tum</em></strong></span> <span class='ocrx_word' id='word_1_620' title='bbox 3544 4148 3618 4188; x_wconf 68' lang='lat' dir='ltr'><strong><em>ex</em></strong></span> 
     </span>
    </p>
   </div>
   <div class='ocr_carea' id='block_1_88' title="bbox 2026 4229 3076 4308">
    <p class='ocr_par' dir='ltr' id='par_1_88' title="bbox 2026 4229 3076 4308">
     <span class='ocr_line' id='line_1_88' title="bbox 2026 4229 3076 4308; baseline -0.01 -16"><span class='ocrx_word' id='word_1_621' title='bbox 2026 4237 2272 4308; x_wconf 87' lang='lat' dir='ltr'><strong><em>ipsorum</em></strong></span> <span class='ocrx_word' id='word_1_622' title='bbox 2304 4232 2635 4288; x_wconf 87' lang='lat' dir='ltr'><strong><em>testimoniis</em></strong></span> <span class='ocrx_word' id='word_1_623' title='bbox 2657 4229 3076 4300; x_wconf 87' lang='lat' dir='ltr'><strong><em>perpendcmus.</em></strong></span> 
     </span>
    </p>
   </div>
   <div class='ocr_carea' id='block_1_89' title="bbox 2096 4314 3617 4390">
    <p class='ocr_par' dir='ltr' id='par_1_89' title="bbox 2096 4314 3617 4390">
     <span class='ocr_line' id='line_1_89' title="bbox 2096 4314 3617 4390; baseline -0.01 -6"><span class='ocrx_word' id='word_1_624' title='bbox 2096 4331 2142 4384; x_wconf 83' lang='lat' dir='ltr'><strong><em>A</em></strong></span> <span class='ocrx_word' id='word_1_625' title='bbox 2175 4327 2406 4384; x_wconf 80' lang='lat' dir='ltr'><strong><em>testibus</em></strong></span> <span class='ocrx_word' id='word_1_626' title='bbox 2439 4341 2547 4381; x_wconf 90' lang='lat' dir='ltr'><strong><em>non</em></strong></span> <span class='ocrx_word' id='word_1_627' title='bbox 2585 4339 2755 4380; x_wconf 89' lang='lat' dir='ltr'><strong><em>unum</em></strong></span> <span class='ocrx_word' id='word_1_628' title='bbox 2787 4323 3060 4379; x_wconf 89' lang='lat' dir='ltr'><strong><em>sumimus</em></strong></span> <span class='ocrx_word' id='word_1_629' title='bbox 3100 4325 3506 4390; x_wconf 83' lang='lat' dir='ltr'><strong><em>argumentum.</em></strong></span> <span class='ocrx_word' id='word_1_630' title='bbox 3541 4314 3617 4370; x_wconf 88' lang='lat' dir='ltr'><strong><em>Ut</em></strong></span> 
     </span>
    </p>
   </div>
   <div class='ocr_carea' id='block_1_90' title="bbox 337 4406 3609 4484">
    <p class='ocr_par' dir='ltr' id='par_1_90' title="bbox 337 4406 3609 4484">
     <span class='ocr_line' id='line_1_90' title="bbox 337 4406 3609 4484; baseline -0.001 -20"><span class='ocrx_word' id='word_1_631' title='bbox 337 4411 571 4480; x_wconf 81' lang='lat' dir='ltr'><strong><em>gendum</em></strong></span> <span class='ocrx_word' id='word_1_632' title='bbox 610 4413 819 4482; x_wconf 87' lang='lat' dir='ltr'><strong><em>putavi,</em></strong></span> <span class='ocrx_word' id='word_1_633' title='bbox 853 4413 1316 4484; x_wconf 69' lang='lat' dir='ltr'><strong><em>quemadmodum</em></strong></span> <span class='ocrx_word' id='word_1_634' title='bbox 1366 4431 1398 4471; x_wconf 88' lang='lat' dir='ltr'><strong><em>a</em></strong></span> <span class='ocrx_word' id='word_1_635' title='bbox 1448 4415 1567 4471; x_wconf 87' lang='lat' dir='ltr'><strong><em>viro</em></strong></span> <span class='ocrx_word' id='word_1_636' title='bbox 1601 4416 1760 4471; x_wconf 89' lang='lat' dir='ltr'><strong><em>docto</em></strong></span> <span class='ocrx_word' id='word_1_637' title='bbox 1794 4415 1921 4470; x_wconf 55' lang='lat' dir='ltr'><strong><em>Bero</em></strong></span> <span class='ocrx_word' id='word_1_638' title='bbox 1954 4427 2000 4482; x_wconf 81' lang='grc' dir='ltr'><strong><em>Ι)</em></strong></span> <span class='ocrx_word' id='word_1_639' title='bbox 2029 4433 2060 4472; x_wconf 89' lang='lat' dir='ltr'><strong><em>a</em></strong></span> <span class='ocrx_word' id='word_1_640' title='bbox 2089 4430 2319 4471; x_wconf 90' lang='lat' dir='ltr'><strong><em>numero</em></strong></span> <span class='ocrx_word' id='word_1_641' title='bbox 2352 4414 2700 4484; x_wconf 87' lang='lat' dir='ltr'><strong><em>incipiamus,</em></strong></span> <span class='ocrx_word' id='word_1_642' title='bbox 2732 4419 2860 4466; x_wconf 91' lang='lat' dir='ltr'><strong><em>sunt</em></strong></span> <span class='ocrx_word' id='word_1_643' title='bbox 2901 4411 2976 4464; x_wconf 91' lang='lat' dir='ltr'><strong><em>illi</em></strong></span> <span class='ocrx_word' id='word_1_644' title='bbox 3009 4425 3143 4465; x_wconf 90' lang='lat' dir='ltr'><strong><em>sane</em></strong></span> <span class='ocrx_word' id='word_1_645' title='bbox 3179 4406 3609 4478; x_wconf 86' lang='lat' dir='ltr'><strong><em>quamplurimi;</em></strong></span> 
     </span>
    </p>
   </div>
   <div class='ocr_carea' id='block_1_91' title="bbox 337 4501 1929 4577">
    <p class='ocr_par' dir='ltr' id='par_1_91' title="bbox 337 4501 1929 4577">
     <span class='ocr_line' id='line_1_91' title="bbox 337 4501 1929 4577; baseline 0.004 -21"><span class='ocrx_word' id='word_1_646' title='bbox 337 4501 510 4556; x_wconf 82' lang='lat' dir='ltr'><strong><em>nardo</em></strong></span> <span class='ocrx_word' id='word_1_647' title='bbox 557 4503 855 4559; x_wconf 82' lang='lat' dir='ltr'><strong><em>Oxonicnsi</em></strong></span> <span class='ocrx_word' id='word_1_648' title='bbox 887 4520 918 4559; x_wconf 91' lang='lat' dir='ltr'><strong><em>e</em></strong></span> <span class='ocrx_word' id='word_1_649' title='bbox 961 4506 1150 4562; x_wconf 70' lang='lat' dir='ltr'><strong><em>codice</em></strong></span> <span class='ocrx_word' id='word_1_650' title='bbox 1198 4523 1304 4563; x_wconf 93' lang='lat' dir='ltr'><strong><em>ms.</em></strong></span> <span class='ocrx_word' id='word_1_651' title='bbox 1348 4507 1412 4562; x_wconf 91' lang='lat' dir='ltr'><strong><em>D.</em></strong></span> <span class='ocrx_word' id='word_1_652' title='bbox 1450 4507 1783 4573; x_wconf 88' lang='lat' dir='ltr'><strong><em>Thcvenoti,</em></strong></span> <span class='ocrx_word' id='word_1_653' title='bbox 1833 4508 1929 4577; x_wconf 90' lang='lat' dir='ltr'><strong><em>qui</em></strong></span> 
     </span>
    </p>
   </div>
   <div class='ocr_carea' id='block_1_92' title="bbox 338 4597 1928 4672">
    <p class='ocr_par' dir='ltr' id='par_1_92' title="bbox 338 4597 1928 4672">
     <span class='ocr_line' id='line_1_92' title="bbox 338 4597 1928 4672; baseline 0.003 -23"><span class='ocrx_word' id='word_1_654' title='bbox 338 4610 570 4650; x_wconf 83' lang='lat' dir='ltr'><strong><em>numero</em></strong></span> <span class='ocrx_word' id='word_1_655' title='bbox 601 4605 829 4653; x_wconf 85' lang='lat' dir='ltr'><strong><em>octavus</em></strong></span> <span class='ocrx_word' id='word_1_656' title='bbox 863 4607 948 4653; x_wconf 89' lang='lat' dir='ltr'><strong><em>est</em></strong></span> <span class='ocrx_word' id='word_1_657' title='bbox 994 4599 1049 4653; x_wconf 90' lang='lat' dir='ltr'><strong><em>in</em></strong></span> <span class='ocrx_word' id='word_1_658' title='bbox 1096 4597 1358 4672; x_wconf 85' lang='lat' dir='ltr'><strong><em>Catalogo</em></strong></span> <span class='ocrx_word' id='word_1_659' title='bbox 1407 4599 1673 4669; x_wconf 77' lang='lat' dir='ltr'><strong><em>Verlanii,</em></strong></span> <span class='ocrx_word' id='word_1_660' title='bbox 1715 4602 1928 4658; x_wconf 80' lang='lat' dir='ltr'><strong><em>exscri-</em></strong></span> 
     </span>
    </p>
   </div>
   <div class='ocr_carea' id='block_1_93' title="bbox 338 4687 1929 4765">
    <p class='ocr_par' dir='ltr' id='par_1_93' title="bbox 338 4687 1929 4765">
     <span class='ocr_line' id='line_1_93' title="bbox 338 4687 1929 4765; baseline 0.006 -27"><span class='ocrx_word' id='word_1_661' title='bbox 338 4694 515 4756; x_wconf 87' lang='lat' dir='ltr'><strong><em>ptum,</em></strong></span> <span class='ocrx_word' id='word_1_662' title='bbox 549 4687 794 4758; x_wconf 88' lang='lat' dir='ltr'><strong><em>mihique</em></strong></span> <span class='ocrx_word' id='word_1_663' title='bbox 844 4691 1314 4748; x_wconf 88' lang='lat' dir='ltr'><strong><em>communicatum</em></strong></span> <span class='ocrx_word' id='word_1_664' title='bbox 1361 4703 1464 4748; x_wconf 89' lang='lat' dir='ltr'><strong><em>est.</em></strong></span> <span class='ocrx_word' id='word_1_665' title='bbox 1510 4693 1586 4749; x_wconf 87' lang='lat' dir='ltr'><strong><em>Ita</em></strong></span> <span class='ocrx_word' id='word_1_666' title='bbox 1637 4695 1804 4765; x_wconf 80' lang='lat' dir='ltr'><strong><em>igitur</em></strong></span> <span class='ocrx_word' id='word_1_667' title='bbox 1832 4693 1929 4749; x_wconf 90' lang='lat' dir='ltr'><strong><em>lbn</em></strong></span> 
     </span>
    </p>
   </div>
   <div class='ocr_carea' id='block_1_94' title="bbox 339 4781 1926 4857">
    <p class='ocr_par' dir='ltr' id='par_1_94' title="bbox 339 4781 1926 4857">
     <span class='ocr_line' id='line_1_94' title="bbox 339 4781 1926 4857; baseline 0.006 -23"><span class='ocrx_word' id='word_1_668' title='bbox 339 4781 518 4838; x_wconf 86' lang='lat' dir='ltr'><strong><em>Zorha</em></strong></span> <span class='ocrx_word' id='word_1_669' title='bbox 569 4781 818 4840; x_wconf 81' lang='lat' dir='ltr'><strong><em>Jacobita</em></strong></span> <span class='ocrx_word' id='word_1_670' title='bbox 859 4787 940 4854; x_wconf 91' lang='lat' dir='ltr'><strong><em>(si</em></strong></span> <span class='ocrx_word' id='word_1_671' title='bbox 973 4787 1112 4842; x_wconf 90' lang='lat' dir='ltr'><strong><em>bene</em></strong></span> <span class='ocrx_word' id='word_1_672' title='bbox 1147 4790 1399 4844; x_wconf 90' lang='lat' dir='ltr'><strong><em>meminit</em></strong></span> <span class='ocrx_word' id='word_1_673' title='bbox 1426 4791 1639 4845; x_wconf 88' lang='lat' dir='ltr'><strong><em>amicus</em></strong></span> <span class='ocrx_word' id='word_1_674' title='bbox 1677 4789 1926 4857; x_wconf 88' lang='lat' dir='ltr'><strong><em>noster),</em></strong></span> 
     </span>
    </p>
   </div>
   <div class='ocr_carea' id='block_1_95' title="bbox 341 4874 1929 4954">
    <p class='ocr_par' dir='ltr' id='par_1_95' title="bbox 341 4874 1929 4954">
     <span class='ocr_line' id='line_1_95' title="bbox 341 4874 1929 4954; baseline 0.005 -26"><span class='ocrx_word' id='word_1_675' title='bbox 341 4874 465 4929; x_wconf 89' lang='lat' dir='ltr'><strong><em>libri</em></strong></span> <span class='ocrx_word' id='word_1_676' title='bbox 499 4876 584 4930; x_wconf 91' lang='lat' dir='ltr'><strong><em>sui</em></strong></span> <span class='ocrx_word' id='word_1_677' title='bbox 629 4877 894 4932; x_wconf 82' lang='lat' dir='ltr'><strong><em>Adversus</em></strong></span> <span class='ocrx_word' id='word_1_678' title='bbox 929 4878 1203 4950; x_wconf 83' lang='lat' dir='ltr'><strong><em>Eutychen</em></strong></span> <span class='ocrx_word' id='word_1_679' title='bbox 1235 4897 1357 4952; x_wconf 88' lang='lat' dir='ltr'><strong><em>cap.</em></strong></span> <span class='ocrx_word' id='word_1_680' title='bbox 1387 4883 1422 4938; x_wconf 70' lang='grc'>4</span> <span class='ocrx_word' id='word_1_681' title='bbox 1451 4899 1463 4934; x_wconf 90' lang='lat'><strong>:</strong></span> <span class='ocrx_word' id='word_1_682' title='bbox 1499 4883 1646 4936; x_wconf 89' lang='lat' dir='ltr'><strong><em>Dicit</em></strong></span> <span class='ocrx_word' id='word_1_683' title='bbox 1681 4882 1929 4954; x_wconf 84' lang='lat' dir='ltr'><strong><em>Ignatius</em></strong></span> 
     </span>
    </p>
   </div>
   <div class='ocr_carea' id='block_1_96' title="bbox 341 4969 1932 5045">
    <p class='ocr_par' dir='ltr' id='par_1_96' title="bbox 341 4969 1932 5045">
     <span class='ocr_line' id='line_1_96' title="bbox 341 4969 1932 5045; baseline 0.006 -26"><span class='ocrx_word' id='word_1_684' title='bbox 341 4969 647 5039; x_wconf 91' lang='lat' dir='ltr'><strong><em>patriarcha</em></strong></span> <span class='ocrx_word' id='word_1_685' title='bbox 694 4969 1060 5026; x_wconf 84' lang='lat' dir='ltr'><strong><em>Antiochensis</em></strong></span> <span class='ocrx_word' id='word_1_686' title='bbox 1100 4975 1288 5028; x_wconf 86' lang='lat' dir='ltr'><strong><em>tertius</em></strong></span> <span class='ocrx_word' id='word_1_687' title='bbox 1333 4992 1366 5027; x_wconf 91' lang='lat' dir='ltr'><strong><em>a</em></strong></span> <span class='ocrx_word' id='word_1_688' title='bbox 1408 4973 1569 5028; x_wconf 89' lang='lat' dir='ltr'><strong><em>Petro</em></strong></span> <span class='ocrx_word' id='word_1_689' title='bbox 1603 4976 1842 5045; x_wconf 90' lang='lat' dir='ltr'><strong><em>apostolo</em></strong></span> <span class='ocrx_word' id='word_1_690' title='bbox 1874 4977 1932 5029; x_wconf 88' lang='lat' dir='ltr'><strong><em>in</em></strong></span> 
     </span>
    </p>
   </div>
   <div class='ocr_carea' id='block_1_97' title="bbox 339 5061 1930 5137">
    <p class='ocr_par' dir='ltr' id='par_1_97' title="bbox 339 5061 1930 5137">
     <span class='ocr_line' id='line_1_97' title="bbox 339 5061 1930 5137; baseline 0.005 -24"><span class='ocrx_word' id='word_1_691' title='bbox 339 5061 563 5130; x_wconf 83' lang='lat' dir='ltr'><strong><em>epistola</em></strong></span> <span class='ocrx_word' id='word_1_692' title='bbox 610 5079 709 5115; x_wconf 89' lang='lat' dir='ltr'><strong><em>sua</em></strong></span> <span class='ocrx_word' id='word_1_693' title='bbox 755 5063 824 5116; x_wconf 90' lang='lat' dir='ltr'><strong><em>ad</em></strong></span> <span class='ocrx_word' id='word_1_694' title='bbox 859 5062 1229 5133; x_wconf 87' lang='lat' dir='ltr'><strong><em>Smyrnenses,</em></strong></span> <span class='ocrx_word' id='word_1_695' title='bbox 1276 5066 1408 5119; x_wconf 88' lang='lat' dir='ltr'><strong><em>dicit</em></strong></span> <span class='ocrx_word' id='word_1_696' title='bbox 1449 5067 1711 5137; x_wconf 87' lang='lat' dir='ltr'><strong><em>(inquam)</em></strong></span> <span class='ocrx_word' id='word_1_697' title='bbox 1744 5083 1762 5121; x_wconf 89' lang='lat'><strong><em>:</em></strong></span> <span class='ocrx_word' id='word_1_698' title='bbox 1801 5086 1818 5118; x_wconf 76' lang='grc' dir='ltr'><strong><em>ι</em></strong></span> <span class='ocrx_word' id='word_1_699' title='bbox 1861 5066 1930 5121; x_wconf 85' lang='grc' dir='ltr'>Ει</span> 
     </span>
    </p>
   </div>
   <div class='ocr_carea' id='block_1_98' title="bbox 341 5153 1929 5226">
    <p class='ocr_par' dir='ltr' id='par_1_98' title="bbox 341 5153 1929 5226">
     <span class='ocr_line' id='line_1_98' title="bbox 341 5153 1929 5226; baseline 0.006 -23"><span class='ocrx_word' id='word_1_700' title='bbox 341 5167 430 5204; x_wconf 83' lang='lat' dir='ltr'><strong><em>vos</em></strong></span> <span class='ocrx_word' id='word_1_701' title='bbox 475 5153 638 5206; x_wconf 87' lang='lat' dir='ltr'><strong><em>etiam</em></strong></span> <span class='ocrx_word' id='word_1_702' title='bbox 687 5164 851 5209; x_wconf 84' lang='lat' dir='ltr'><strong><em>estote.</em></strong></span> <span class='ocrx_word' id='word_1_703' title='bbox 900 5158 1144 5226; x_wconf 78' lang='lat' dir='ltr'><strong><em>persuasi</em></strong></span> <span class='ocrx_word' id='word_1_704' title='bbox 1187 5159 1243 5210; x_wconf 89' lang='lat' dir='ltr'><strong><em>in</em></strong></span> <span class='ocrx_word' id='word_1_705' title='bbox 1287 5158 1515 5212; x_wconf 83' lang='lat' dir='ltr'><strong><em>Domino</em></strong></span> <span class='ocrx_word' id='word_1_706' title='bbox 1567 5168 1746 5211; x_wconf 86' lang='lat' dir='ltr'><strong><em>nostro</em></strong></span> <span class='ocrx_word' id='word_1_707' title='bbox 1798 5157 1929 5213; x_wconf 85' lang='lat' dir='ltr'><strong><em>Jesu</em></strong></span> 
     </span>
    </p>
   </div>
   <div class='ocr_carea' id='block_1_99' title="bbox 346 5242 1930 5321">
    <p class='ocr_par' dir='ltr' id='par_1_99' title="bbox 346 5242 1930 5321">
     <span class='ocr_line' id='line_1_99' title="bbox 346 5242 1930 5321; baseline 0.004 -21"><span class='ocrx_word' id='word_1_708' title='bbox 346 5242 599 5313; x_wconf 87' lang='lat' dir='ltr'><strong><em>Christo,</em></strong></span> <span class='ocrx_word' id='word_1_709' title='bbox 656 5250 747 5318; x_wconf 88' lang='lat' dir='ltr'><strong><em>qui</em></strong></span> <span class='ocrx_word' id='word_1_710' title='bbox 793 5265 858 5302; x_wconf 77' lang='lat' dir='ltr'><strong><em>ea:</em></strong></span> <span class='ocrx_word' id='word_1_711' title='bbox 916 5251 1113 5305; x_wconf 66' lang='lat' dir='ltr'><strong><em>semine</em></strong></span> <span class='ocrx_word' id='word_1_712' title='bbox 1168 5251 1389 5305; x_wconf 82' lang='lat' dir='ltr'><strong><em>Davidis</em></strong></span> <span class='ocrx_word' id='word_1_713' title='bbox 1438 5251 1704 5321; x_wconf 73' lang='lat' dir='ltr'><strong><em>propheta:</em></strong></span> <span class='ocrx_word' id='word_1_714' title='bbox 1755 5253 1930 5321; x_wconf 90' lang='lat' dir='ltr'><strong><em>quoad</em></strong></span> 
     </span>
    </p>
   </div>
   <div class='ocr_carea' id='block_1_100' title="bbox 346 5340 1931 5415">
    <p class='ocr_par' dir='ltr' id='par_1_100' title="bbox 346 5340 1931 5415">
     <span class='ocr_line' id='line_1_100' title="bbox 346 5340 1931 5415; baseline 0.004 -19"><span class='ocrx_word' id='word_1_715' title='bbox 346 5355 556 5407; x_wconf 76' lang='lat' dir='ltr'><strong><em>corpus,</em></strong></span> <span class='ocrx_word' id='word_1_716' title='bbox 588 5351 644 5394; x_wconf 90' lang='lat' dir='ltr'><strong><em>at</em></strong></span> <span class='ocrx_word' id='word_1_717' title='bbox 670 5340 850 5395; x_wconf 85' lang='lat' dir='ltr'><strong><em>Filius</em></strong></span> <span class='ocrx_word' id='word_1_718' title='bbox 885 5342 980 5396; x_wconf 91' lang='lat' dir='ltr'><strong><em>Dei</em></strong></span> <span class='ocrx_word' id='word_1_719' title='bbox 1012 5345 1067 5398; x_wconf 90' lang='lat' dir='ltr'><strong><em>in</em></strong></span> <span class='ocrx_word' id='word_1_720' title='bbox 1097 5347 1320 5400; x_wconf 75' lang='lat' dir='ltr'><strong><em>ueritate</em></strong></span> <span class='ocrx_word' id='word_1_721' title='bbox 1347 5347 1483 5415; x_wconf 86' lang='lat' dir='ltr'><strong><em>ejus,</em></strong></span> <span class='ocrx_word' id='word_1_722' title='bbox 1519 5355 1676 5400; x_wconf 86' lang='lat' dir='ltr'><strong><em>natus</em></strong></span> <span class='ocrx_word' id='word_1_723' title='bbox 1711 5363 1776 5400; x_wconf 78' lang='lat' dir='ltr'><strong><em>ea:</em></strong></span> <span class='ocrx_word' id='word_1_724' title='bbox 1808 5346 1931 5402; x_wconf 86' lang='lat' dir='ltr'><strong><em>Ma-</em></strong></span> 
     </span>
    </p>
   </div>
   <div class='ocr_carea' id='block_1_101' title="bbox 348 5432 1930 5510">
    <p class='ocr_par' dir='ltr' id='par_1_101' title="bbox 348 5432 1930 5510">
     <span class='ocr_line' id='line_1_101' title="bbox 348 5432 1930 5510; baseline 0.007 -24"><span class='ocrx_word' id='word_1_725' title='bbox 348 5432 430 5486; x_wconf 82' lang='lat' dir='ltr'><strong><em>ria</em></strong></span> <span class='ocrx_word' id='word_1_726' title='bbox 478 5434 711 5503; x_wconf 74' lang='lat' dir='ltr'><strong><em>virgine,</em></strong></span> <span class='ocrx_word' id='word_1_727' title='bbox 755 5443 804 5488; x_wconf 89' lang='lat' dir='ltr'><strong><em>et</em></strong></span> <span class='ocrx_word' id='word_1_728' title='bbox 858 5436 1160 5505; x_wconf 78' lang='lat' dir='ltr'><strong><em>baptizatus</em></strong></span> <span class='ocrx_word' id='word_1_729' title='bbox 1207 5457 1237 5491; x_wconf 90' lang='lat' dir='ltr'><strong><em>a</em></strong></span> <span class='ocrx_word' id='word_1_730' title='bbox 1268 5438 1509 5506; x_wconf 81' lang='lat' dir='ltr'><strong><em>Joanne,</em></strong></span> <span class='ocrx_word' id='word_1_731' title='bbox 1557 5449 1607 5494; x_wconf 88' lang='lat' dir='ltr'><strong><em>et</em></strong></span> <span class='ocrx_word' id='word_1_732' title='bbox 1641 5441 1930 5510; x_wconf 70' lang='lat' dir='ltr'><strong><em>cruciﬁxus</em></strong></span> 
     </span>
    </p>
   </div>
   <div class='ocr_carea' id='block_1_102' title="bbox 347 5524 1931 5597">
    <p class='ocr_par' dir='ltr' id='par_1_102' title="bbox 347 5524 1931 5597">
     <span class='ocr_line' id='line_1_102' title="bbox 347 5524 1931 5597; baseline 0.008 -23"><span class='ocrx_word' id='word_1_733' title='bbox 347 5531 559 5593; x_wconf 82' lang='lat' dir='ltr'><strong><em>propter</em></strong></span> <span class='ocrx_word' id='word_1_734' title='bbox 593 5540 687 5577; x_wconf 88' lang='lat' dir='ltr'><strong><em>nos</em></strong></span> <span class='ocrx_word' id='word_1_735' title='bbox 716 5524 811 5578; x_wconf 86' lang='lat' dir='ltr'><strong><em>sub</em></strong></span> <span class='ocrx_word' id='word_1_736' title='bbox 843 5528 1162 5597; x_wconf 74' lang='lat' dir='ltr'><strong><em>prwfectura</em></strong></span> <span class='ocrx_word' id='word_1_737' title='bbox 1191 5528 1373 5583; x_wconf 86' lang='lat' dir='ltr'><strong><em>Pontii</em></strong></span> <span class='ocrx_word' id='word_1_738' title='bbox 1408 5529 1596 5586; x_wconf 86' lang='lat' dir='ltr'><strong><em>Pilati.</em></strong></span> <span class='ocrx_word' id='word_1_739' title='bbox 1642 5552 1661 5584; x_wconf 82' lang='grc'>›</span> <span class='ocrx_word' id='word_1_740' title='bbox 1699 5530 1771 5585; x_wconf 88' lang='grc' dir='ltr'>Ει</span> <span class='ocrx_word' id='word_1_741' title='bbox 1800 5533 1931 5586; x_wconf 88' lang='lat' dir='ltr'><strong><em>dicit</em></strong></span> 
     </span>
    </p>
   </div>
   <div class='ocr_carea' id='block_1_103' title="bbox 348 5614 1933 5690">
    <p class='ocr_par' dir='ltr' id='par_1_103' title="bbox 348 5614 1933 5690">
     <span class='ocr_line' id='line_1_103' title="bbox 348 5614 1933 5690; baseline 0.005 -20"><span class='ocrx_word' id='word_1_742' title='bbox 348 5614 589 5670; x_wconf 84' lang='lat' dir='ltr'><strong><em>etiamin</em></strong></span> <span class='ocrx_word' id='word_1_743' title='bbox 624 5615 866 5686; x_wconf 85' lang='lat' dir='ltr'><strong><em>Epistola</em></strong></span> <span class='ocrx_word' id='word_1_744' title='bbox 897 5637 994 5674; x_wconf 91' lang='lat' dir='ltr'><strong><em>sua</em></strong></span> <span class='ocrx_word' id='word_1_745' title='bbox 1029 5621 1098 5673; x_wconf 88' lang='lat' dir='ltr'><strong><em>ad</em></strong></span> <span class='ocrx_word' id='word_1_746' title='bbox 1127 5623 1501 5678; x_wconf 79' lang='lat' dir='ltr'><strong><em>Antiochenses</em></strong></span> <span class='ocrx_word' id='word_1_747' title='bbox 1527 5642 1545 5679; x_wconf 90' lang='lat'><strong><em>:</em></strong></span> <span class='ocrx_word' id='word_1_748' title='bbox 1578 5643 1596 5676; x_wconf 77' lang='grc' dir='ltr'><strong><em>ι</em></strong></span> <span class='ocrx_word' id='word_1_749' title='bbox 1632 5623 1738 5690; x_wconf 84' lang='lat' dir='ltr'><strong><em>Qui</em></strong></span> <span class='ocrx_word' id='word_1_750' title='bbox 1766 5625 1933 5678; x_wconf 85' lang='lat' dir='ltr'><strong><em>credit</em></strong></span> 
     </span>
    </p>
   </div>
   <div class='ocr_carea' id='block_1_104' title="bbox 351 5707 1930 5781">
    <p class='ocr_par' dir='ltr' id='par_1_104' title="bbox 351 5707 1930 5781">
     <span class='ocr_line' id='line_1_104' title="bbox 351 5707 1930 5781; baseline 0.007 -19"><span class='ocrx_word' id='word_1_751' title='bbox 351 5723 490 5764; x_wconf 79' lang='lat' dir='ltr'><strong><em>nunc</em></strong></span> <span class='ocrx_word' id='word_1_752' title='bbox 523 5707 574 5762; x_wconf 80' lang='lat' dir='ltr'><strong><em>in</em></strong></span> <span class='ocrx_word' id='word_1_753' title='bbox 606 5709 840 5770; x_wconf 77' lang='lat' dir='ltr'><strong><em>Christo.</em></strong></span> <span class='ocrx_word' id='word_1_754' title='bbox 870 5722 918 5767; x_wconf 87' lang='lat' dir='ltr'><strong><em>et</em></strong></span> <span class='ocrx_word' id='word_1_755' title='bbox 953 5729 1054 5769; x_wconf 84' lang='lat' dir='ltr'><strong><em>non</em></strong></span> <span class='ocrx_word' id='word_1_756' title='bbox 1096 5714 1148 5770; x_wconf 90' lang='lat' dir='ltr'><strong><em>in</em></strong></span> <span class='ocrx_word' id='word_1_757' title='bbox 1180 5715 1439 5771; x_wconf 79' lang='lat' dir='ltr'><strong><em>oblatione</em></strong></span> <span class='ocrx_word' id='word_1_758' title='bbox 1486 5733 1580 5772; x_wconf 88' lang='lat' dir='ltr'><strong><em>sua</em></strong></span> <span class='ocrx_word' id='word_1_759' title='bbox 1619 5718 1752 5781; x_wconf 85' lang='lat' dir='ltr'><strong><em>(esse</em></strong></span> <span class='ocrx_word' id='word_1_760' title='bbox 1791 5715 1930 5773; x_wconf 82' lang='lat' dir='ltr'><strong><em>cum)</em></strong></span> 
     </span>
    </p>
   </div>
   <div class='ocr_carea' id='block_1_105' title="bbox 2033 4500 3615 4579">
    <p class='ocr_par' dir='ltr' id='par_1_105' title="bbox 2033 4500 3615 4579">
     <span class='ocr_line' id='line_1_105' title="bbox 2033 4500 3615 4579; baseline -0.006 -15"><span class='ocrx_word' id='word_1_761' title='bbox 2033 4523 2210 4579; x_wconf 88' lang='lat' dir='ltr'><strong><em>neque</em></strong></span> <span class='ocrx_word' id='word_1_762' title='bbox 2249 4507 2357 4561; x_wconf 87' lang='lat' dir='ltr'><strong><em>ulla</em></strong></span> <span class='ocrx_word' id='word_1_763' title='bbox 2388 4506 2590 4575; x_wconf 88' lang='lat' dir='ltr'><strong><em>scripta</em></strong></span> <span class='ocrx_word' id='word_1_764' title='bbox 2618 4514 2728 4558; x_wconf 89' lang='lat' dir='ltr'><strong><em>tam</em></strong></span> <span class='ocrx_word' id='word_1_765' title='bbox 2759 4503 2943 4557; x_wconf 86' lang='lat' dir='ltr'><strong><em>brevia</em></strong></span> <span class='ocrx_word' id='word_1_766' title='bbox 2969 4509 3047 4555; x_wconf 87' lang='lat' dir='ltr'><strong><em>tot</em></strong></span> <span class='ocrx_word' id='word_1_767' title='bbox 3071 4500 3313 4556; x_wconf 79' lang='lat' dir='ltr'><strong><em>fautores</em></strong></span> <span class='ocrx_word' id='word_1_768' title='bbox 3337 4510 3388 4555; x_wconf 90' lang='lat' dir='ltr'><strong><em>et</em></strong></span> <span class='ocrx_word' id='word_1_769' title='bbox 3413 4509 3615 4564; x_wconf 87' lang='lat' dir='ltr'><strong><em>testes,</em></strong></span> 
     </span>
    </p>
   </div>
   <div class='ocr_carea' id='block_1_106' title="bbox 2035 4593 3620 4666">
    <p class='ocr_par' dir='ltr' id='par_1_106' title="bbox 2035 4593 3620 4666">
     <span class='ocr_line' id='line_1_106' title="bbox 2035 4593 3620 4666; baseline -0.006 -11"><span class='ocrx_word' id='word_1_770' title='bbox 2035 4609 2117 4655; x_wconf 91' lang='lat' dir='ltr'><strong><em>tot</em></strong></span> <span class='ocrx_word' id='word_1_771' title='bbox 2145 4607 2494 4666; x_wconf 81' lang='lat' dir='ltr'><strong><em>excerptores</em></strong></span> <span class='ocrx_word' id='word_1_772' title='bbox 2538 4596 2959 4663; x_wconf 87' lang='lat' dir='ltr'><strong><em>laudatoresque</em></strong></span> <span class='ocrx_word' id='word_1_773' title='bbox 2988 4593 3169 4647; x_wconf 88' lang='lat' dir='ltr'><strong><em>adhuc</em></strong></span> <span class='ocrx_word' id='word_1_774' title='bbox 3194 4593 3407 4662; x_wconf 90' lang='lat' dir='ltr'><strong><em>uspiam</em></strong></span> <span class='ocrx_word' id='word_1_775' title='bbox 3451 4601 3620 4646; x_wconf 85' lang='lat' dir='ltr'><strong><em>nacta</em></strong></span> 
     </span>
    </p>
   </div>
   <div class='ocr_carea' id='block_1_107' title="bbox 2031 4683 3623 4754">
    <p class='ocr_par' dir='ltr' id='par_1_107' title="bbox 2031 4683 3623 4754">
     <span class='ocr_line' id='line_1_107' title="bbox 2031 4683 3623 4754; baseline -0.006 -7"><span class='ocrx_word' id='word_1_776' title='bbox 2031 4699 2179 4747; x_wconf 90' lang='lat' dir='ltr'><strong><em>sunt.</em></strong></span> <span class='ocrx_word' id='word_1_777' title='bbox 2213 4689 2308 4744; x_wconf 85' lang='lat' dir='ltr'><strong><em>Est</em></strong></span> <span class='ocrx_word' id='word_1_778' title='bbox 2337 4689 2481 4742; x_wconf 88' lang='lat' dir='ltr'><strong><em>enim</em></strong></span> <span class='ocrx_word' id='word_1_779' title='bbox 2523 4687 2608 4740; x_wconf 89' lang='lat' dir='ltr'><strong><em>vel</em></strong></span> <span class='ocrx_word' id='word_1_780' title='bbox 2659 4701 2764 4739; x_wconf 89' lang='lat' dir='ltr'><strong><em>una</em></strong></span> <span class='ocrx_word' id='word_1_781' title='bbox 2816 4683 2875 4739; x_wconf 90' lang='lat' dir='ltr'><strong><em>S.</em></strong></span> <span class='ocrx_word' id='word_1_782' title='bbox 2925 4683 3224 4739; x_wconf 88' lang='lat' dir='ltr'><strong><em>Clementis</em></strong></span> <span class='ocrx_word' id='word_1_783' title='bbox 3276 4685 3505 4754; x_wconf 87' lang='lat' dir='ltr'><strong><em>epistola</em></strong></span> <span class='ocrx_word' id='word_1_784' title='bbox 3550 4685 3623 4738; x_wconf 87' lang='lat' dir='ltr'><strong><em>ad</em></strong></span> 
     </span>
    </p>
   </div>
   <div class='ocr_carea' id='block_1_108' title="bbox 2031 4780 3622 4858">
    <p class='ocr_par' dir='ltr' id='par_1_108' title="bbox 2031 4780 3622 4858">
     <span class='ocr_line' id='line_1_108' title="bbox 2031 4780 3622 4858; baseline -0.004 -17"><span class='ocrx_word' id='word_1_785' title='bbox 2031 4788 2346 4844; x_wconf 83' lang='lat' dir='ltr'><strong><em>Corinthios</em></strong></span> <span class='ocrx_word' id='word_1_786' title='bbox 2378 4789 2580 4858; x_wconf 82' lang='lat' dir='ltr'><strong><em>scripta</em></strong></span> <span class='ocrx_word' id='word_1_787' title='bbox 2608 4787 2696 4841; x_wconf 91' lang='lat' dir='ltr'><strong><em>his</em></strong></span> <span class='ocrx_word' id='word_1_788' title='bbox 2724 4792 2929 4854; x_wconf 87' lang='lat' dir='ltr'><strong><em>septem</em></strong></span> <span class='ocrx_word' id='word_1_789' title='bbox 2972 4783 3030 4838; x_wconf 92' lang='lat' dir='ltr'><strong><em>S.</em></strong></span> <span class='ocrx_word' id='word_1_790' title='bbox 3062 4783 3256 4854; x_wconf 78' lang='lat' dir='ltr'><strong><em>lgnatii</em></strong></span> <span class='ocrx_word' id='word_1_791' title='bbox 3283 4783 3425 4836; x_wconf 87' lang='lat' dir='ltr'><strong><em>haud</em></strong></span> <span class='ocrx_word' id='word_1_792' title='bbox 3452 4780 3622 4851; x_wconf 88' lang='lat' dir='ltr'><strong><em>paulo</em></strong></span> 
     </span>
    </p>
   </div>
   <div class='ocr_carea' id='block_1_109' title="bbox 2031 4877 3618 4952">
    <p class='ocr_par' dir='ltr' id='par_1_109' title="bbox 2031 4877 3618 4952">
     <span class='ocr_line' id='line_1_109' title="bbox 2031 4877 3618 4952; baseline -0.003 -17"><span class='ocrx_word' id='word_1_793' title='bbox 2031 4882 2332 4952; x_wconf 77' lang='lat' dir='ltr'><strong><em>prolixior;</em></strong></span> <span class='ocrx_word' id='word_1_794' title='bbox 2365 4881 2664 4952; x_wconf 62' lang='lat' dir='ltr'><strong><em>praesertim</em></strong></span> <span class='ocrx_word' id='word_1_795' title='bbox 2712 4879 2759 4934; x_wconf 93' lang='lat' dir='ltr'><strong><em>si</em></strong></span> <span class='ocrx_word' id='word_1_796' title='bbox 2809 4877 3002 4933; x_wconf 81' lang='lat' dir='ltr'><strong><em>folium</em></strong></span> <span class='ocrx_word' id='word_1_797' title='bbox 3046 4877 3178 4932; x_wconf 91' lang='lat' dir='ltr'><strong><em>illud</em></strong></span> <span class='ocrx_word' id='word_1_798' title='bbox 3226 4893 3332 4932; x_wconf 89' lang='lat' dir='ltr'><strong><em>ms.</em></strong></span> <span class='ocrx_word' id='word_1_799' title='bbox 3368 4881 3618 4932; x_wconf 80' lang='lat' dir='ltr'><strong><em>excisum</em></strong></span> 
     </span>
    </p>
   </div>
   <div class='ocr_carea' id='block_1_110' title="bbox 2031 4968 3622 5041">
    <p class='ocr_par' dir='ltr' id='par_1_110' title="bbox 2031 4968 3622 5041">
     <span class='ocr_line' id='line_1_110' title="bbox 2031 4968 3622 5041; baseline -0.004 -12"><span class='ocrx_word' id='word_1_800' title='bbox 2031 4974 2464 5038; x_wconf 80' lang='lat' dir='ltr'><strong><em>consideremus,</em></strong></span> <span class='ocrx_word' id='word_1_801' title='bbox 2494 4972 2640 5041; x_wconf 90' lang='lat' dir='ltr'><strong><em>quod</em></strong></span> <span class='ocrx_word' id='word_1_802' title='bbox 2687 4980 2810 5026; x_wconf 88' lang='lat' dir='ltr'><strong><em>octo</em></strong></span> <span class='ocrx_word' id='word_1_803' title='bbox 2856 4970 2922 5024; x_wconf 87' lang='lat' dir='ltr'><strong><em>ad</em></strong></span> <span class='ocrx_word' id='word_1_804' title='bbox 2952 4969 3240 5022; x_wconf 90' lang='lat' dir='ltr'><strong><em>minimum</em></strong></span> <span class='ocrx_word' id='word_1_805' title='bbox 3279 4968 3530 5039; x_wconf 82' lang='lat' dir='ltr'><strong><em>paginas,</em></strong></span> <span class='ocrx_word' id='word_1_806' title='bbox 3560 4976 3622 5022; x_wconf 84' lang='lat' dir='ltr'><strong><em>ut</em></strong></span> 
     </span>
    </p>
   </div>
   <div class='ocr_carea' id='block_1_111' title="bbox 2032 5057 3588 5130">
    <p class='ocr_par' dir='ltr' id='par_1_111' title="bbox 2032 5057 3588 5130">
     <span class='ocr_line' id='line_1_111' title="bbox 2032 5057 3588 5130; baseline -0.005 -12"><span class='ocrx_word' id='word_1_807' title='bbox 2032 5081 2179 5118; x_wconf 88' lang='lat' dir='ltr'><strong><em>nunc</em></strong></span> <span class='ocrx_word' id='word_1_808' title='bbox 2202 5065 2453 5119; x_wconf 78' lang='lat' dir='ltr'><strong><em>CIenu-ns</em></strong></span> <span class='ocrx_word' id='word_1_809' title='bbox 2476 5063 2653 5117; x_wconf 87' lang='lat' dir='ltr'><strong><em>editus</em></strong></span> <span class='ocrx_word' id='word_1_810' title='bbox 2682 5070 2787 5127; x_wconf 89' lang='lat' dir='ltr'><strong><em>est,</em></strong></span> <span class='ocrx_word' id='word_1_811' title='bbox 2813 5069 3082 5130; x_wconf 62' lang='lat' dir='ltr'><strong><em>exaequat.</em></strong></span> <span class='ocrx_word' id='word_1_812' title='bbox 3112 5059 3178 5114; x_wconf 89' lang='lat' dir='ltr'><strong><em>Et</em></strong></span> <span class='ocrx_word' id='word_1_813' title='bbox 3209 5059 3461 5128; x_wconf 87' lang='lat' dir='ltr'><strong><em>quamvis</em></strong></span> <span class='ocrx_word' id='word_1_814' title='bbox 3487 5057 3588 5111; x_wconf 87' lang='lat' dir='ltr'><strong><em>Dal</em></strong></span> 
     </span>
    </p>
   </div>
   <div class='ocr_carea' id='block_1_112' title="bbox 2032 5150 3623 5224">
    <p class='ocr_par' dir='ltr' id='par_1_112' title="bbox 2032 5150 3623 5224">
     <span class='ocr_line' id='line_1_112' title="bbox 2032 5150 3623 5224; baseline -0.002 -14"><span class='ocrx_word' id='word_1_815' title='bbox 2032 5157 2165 5212; x_wconf 72' lang='lat' dir='ltr'><strong><em>heus</em></strong></span> <span class='ocrx_word' id='word_1_816' title='bbox 2218 5157 2285 5210; x_wconf 89' lang='lat' dir='ltr'><strong><em>de</em></strong></span> <span class='ocrx_word' id='word_1_817' title='bbox 2337 5170 2567 5210; x_wconf 90' lang='lat' dir='ltr'><strong><em>numero</em></strong></span> <span class='ocrx_word' id='word_1_818' title='bbox 2609 5155 2829 5209; x_wconf 85' lang='lat' dir='ltr'><strong><em>testium</em></strong></span> <span class='ocrx_word' id='word_1_819' title='bbox 2881 5161 3140 5224; x_wconf 84' lang='lat' dir='ltr'><strong><em>provocet</em></strong></span> <span class='ocrx_word' id='word_1_820' title='bbox 3187 5153 3253 5206; x_wconf 89' lang='lat' dir='ltr'><strong><em>ad</em></strong></span> <span class='ocrx_word' id='word_1_821' title='bbox 3305 5150 3623 5207; x_wconf 82' lang='lat' dir='ltr'><strong><em>testimonia</em></strong></span> 
     </span>
    </p>
   </div>
   <div class='ocr_carea' id='block_1_113' title="bbox 2032 5244 3626 5321">
    <p class='ocr_par' dir='ltr' id='par_1_113' title="bbox 2032 5244 3626 5321">
     <span class='ocr_line' id='line_1_113' title="bbox 2032 5244 3626 5321; baseline -0.004 -17"><span class='ocrx_word' id='word_1_822' title='bbox 2032 5250 2241 5321; x_wconf 82' lang='lat' dir='ltr'><strong><em>lgnatio</em></strong></span> <span class='ocrx_word' id='word_1_823' title='bbox 2272 5250 2341 5303; x_wconf 88' lang='lat' dir='ltr'><strong><em>ab</em></strong></span> <span class='ocrx_word' id='word_1_824' title='bbox 2377 5247 2620 5315; x_wconf 89' lang='lat' dir='ltr'><strong><em>Usserio,</em></strong></span> <span class='ocrx_word' id='word_1_825' title='bbox 2655 5248 2922 5303; x_wconf 83' lang='lat' dir='ltr'><strong><em>Clementi</em></strong></span> <span class='ocrx_word' id='word_1_826' title='bbox 2963 5262 2994 5301; x_wconf 88' lang='lat' dir='ltr'><strong><em>a</em></strong></span> <span class='ocrx_word' id='word_1_827' title='bbox 3037 5245 3204 5300; x_wconf 83' lang='lat' dir='ltr'><strong><em>Junio</em></strong></span> <span class='ocrx_word' id='word_1_828' title='bbox 3235 5245 3493 5315; x_wconf 66' lang='lat' dir='ltr'><strong><em>praeﬁxa;</em></strong></span> <span class='ocrx_word' id='word_1_829' title='bbox 3523 5244 3626 5298; x_wconf 88' lang='lat' dir='ltr'><strong><em>ob-</em></strong></span> 
     </span>
    </p>
   </div>
   <div class='ocr_carea' id='block_1_114' title="bbox 2033 5339 3624 5412">
    <p class='ocr_par' dir='ltr' id='par_1_114' title="bbox 2033 5339 3624 5412">
     <span class='ocr_line' id='line_1_114' title="bbox 2033 5339 3624 5412; baseline -0.007 -12"><span class='ocrx_word' id='word_1_830' title='bbox 2033 5344 2360 5400; x_wconf 86' lang='lat' dir='ltr'><strong><em>servandum</em></strong></span> <span class='ocrx_word' id='word_1_831' title='bbox 2409 5343 2488 5396; x_wconf 87' lang='lat' dir='ltr'><strong><em>illi</em></strong></span> <span class='ocrx_word' id='word_1_832' title='bbox 2535 5343 2691 5412; x_wconf 89' lang='lat' dir='ltr'><strong><em>prius</em></strong></span> <span class='ocrx_word' id='word_1_833' title='bbox 2735 5342 2873 5409; x_wconf 84' lang='lat' dir='ltr'><strong><em>fuit,</em></strong></span> <span class='ocrx_word' id='word_1_834' title='bbox 2918 5341 2987 5396; x_wconf 89' lang='lat' dir='ltr'><strong><em>ab</em></strong></span> <span class='ocrx_word' id='word_1_835' title='bbox 3029 5339 3379 5393; x_wconf 85' lang='lat' dir='ltr'><strong><em>Armachano</em></strong></span> <span class='ocrx_word' id='word_1_836' title='bbox 3408 5345 3624 5407; x_wconf 89' lang='lat' dir='ltr'><strong><em>partem</em></strong></span> 
     </span>
    </p>
   </div>
   <div class='ocr_carea' id='block_1_115' title="bbox 2032 5432 3622 5509">
    <p class='ocr_par' dir='ltr' id='par_1_115' title="bbox 2032 5432 3622 5509">
     <span class='ocr_line' id='line_1_115' title="bbox 2032 5432 3622 5509; baseline -0.004 -17"><span class='ocrx_word' id='word_1_837' title='bbox 2032 5438 2192 5509; x_wconf 83' lang='lat' dir='ltr'><strong><em>longe</em></strong></span> <span class='ocrx_word' id='word_1_838' title='bbox 2221 5438 2516 5491; x_wconf 81' lang='lat' dir='ltr'><strong><em>maximam</em></strong></span> <span class='ocrx_word' id='word_1_839' title='bbox 2549 5452 2674 5492; x_wconf 90' lang='lat' dir='ltr'><strong><em>esse</em></strong></span> <span class='ocrx_word' id='word_1_840' title='bbox 2694 5437 3140 5506; x_wconf 66' lang='lat' dir='ltr'><strong><em>praetermissam,</em></strong></span> <span class='ocrx_word' id='word_1_841' title='bbox 3171 5449 3202 5488; x_wconf 89' lang='lat' dir='ltr'><strong><em>a</em></strong></span> <span class='ocrx_word' id='word_1_842' title='bbox 3231 5432 3398 5486; x_wconf 81' lang='lat' dir='ltr'><strong><em>.lunio</em></strong></span> <span class='ocrx_word' id='word_1_843' title='bbox 3425 5447 3622 5502; x_wconf 84' lang='lat' dir='ltr'><strong><em>quam-</em></strong></span> 
     </span>
    </p>
   </div>
   <div class='ocr_carea' id='block_1_116' title="bbox 2034 5525 3624 5602">
    <p class='ocr_par' dir='ltr' id='par_1_116' title="bbox 2034 5525 3624 5602">
     <span class='ocr_line' id='line_1_116' title="bbox 2034 5525 3624 5602; baseline -0.004 -18"><span class='ocrx_word' id='word_1_844' title='bbox 2034 5531 2300 5602; x_wconf 87' lang='lat' dir='ltr'><strong><em>plurimos</em></strong></span> <span class='ocrx_word' id='word_1_845' title='bbox 2339 5546 2460 5586; x_wconf 90' lang='lat' dir='ltr'><strong><em>esse</em></strong></span> <span class='ocrx_word' id='word_1_846' title='bbox 2490 5531 2778 5596; x_wconf 89' lang='lat' dir='ltr'><strong><em>adductos,</em></strong></span> <span class='ocrx_word' id='word_1_847' title='bbox 2806 5531 2900 5600; x_wconf 91' lang='lat' dir='ltr'><strong><em>qui</em></strong></span> <span class='ocrx_word' id='word_1_848' title='bbox 2941 5530 3152 5584; x_wconf 90' lang='lat' dir='ltr'><strong><em>nullum</em></strong></span> <span class='ocrx_word' id='word_1_849' title='bbox 3185 5527 3431 5596; x_wconf 71' lang='lat' dir='ltr'><strong><em>epistola:</em></strong></span> <span class='ocrx_word' id='word_1_850' title='bbox 3463 5525 3624 5580; x_wconf 84' lang='lat' dir='ltr'><strong><em>testi-</em></strong></span> 
     </span>
    </p>
   </div>
   <div class='ocr_carea' id='block_1_117' title="bbox 2037 5617 3628 5694">
    <p class='ocr_par' dir='ltr' id='par_1_117' title="bbox 2037 5617 3628 5694">
     <span class='ocr_line' id='line_1_117' title="bbox 2037 5617 3628 5694; baseline -0.003 -18"><span class='ocrx_word' id='word_1_851' title='bbox 2037 5623 2281 5677; x_wconf 92' lang='lat' dir='ltr'><strong><em>monium</em></strong></span> <span class='ocrx_word' id='word_1_852' title='bbox 2326 5623 2646 5694; x_wconf 82' lang='lat' dir='ltr'><strong><em>perhibent,</em></strong></span> <span class='ocrx_word' id='word_1_853' title='bbox 2683 5624 2872 5694; x_wconf 65' lang='lat' dir='ltr'><strong><em>qiualcs</em></strong></span> <span class='ocrx_word' id='word_1_854' title='bbox 2901 5631 3030 5678; x_wconf 85' lang='lat' dir='ltr'><strong><em>sunt</em></strong></span> <span class='ocrx_word' id='word_1_855' title='bbox 3071 5619 3129 5675; x_wconf 89' lang='lat' dir='ltr'><strong><em>S.</em></strong></span> <span class='ocrx_word' id='word_1_856' title='bbox 3163 5619 3398 5683; x_wconf 85' lang='lat' dir='ltr'><strong><em>Paulus,</em></strong></span> <span class='ocrx_word' id='word_1_857' title='bbox 3428 5617 3628 5688; x_wconf 79' lang='lat' dir='ltr'><strong><em>lgnatii</em></strong></span> 
     </span>
    </p>
   </div>
   <div class='ocr_carea' id='block_1_118' title="bbox 2037 5710 3626 5781">
    <p class='ocr_par' dir='ltr' id='par_1_118' title="bbox 2037 5710 3626 5781">
     <span class='ocr_line' id='line_1_118' title="bbox 2037 5710 3626 5781; baseline -0.006 -6"><span class='ocrx_word' id='word_1_858' title='bbox 2037 5717 2410 5781; x_wconf 75' lang='lat' dir='ltr'><strong><em>interpolator,</em></strong></span> <span class='ocrx_word' id='word_1_859' title='bbox 2440 5715 2692 5781; x_wconf 79' lang='lat' dir='ltr'><strong><em>Ootatus.</em></strong></span> <span class='ocrx_word' id='word_1_860' title='bbox 2716 5716 2983 5776; x_wconf 73' lang='lat' dir='ltr'><strong><em>Bullinus.</em></strong></span> <span class='ocrx_word' id='word_1_861' title='bbox 3011 5713 3374 5781; x_wconf 73' lang='lat' dir='ltr'><strong><em>Auaustinus,</em></strong></span> <span class='ocrx_word' id='word_1_862' title='bbox 3404 5710 3626 5766; x_wconf 68' lang='lat' dir='ltr'><strong><em>Euche-</em></strong></span> 
     </span>
    </p>
   </div>
  </div>
