3864 6204
236 247 308 302 97
1044 245 1094 306 J.
1117 243 1483 308 PEARSONII
1530 240 1859 310 VINDICUE
1899 243 2415 311 IGNATIAN2E.—
2444 255 2626 312 rans
2664 253 2705 312 ι.
3463 260 3535 312 os

232 367 384 432 rius,
419 365 516 423 lvo
545 367 926 434 Carnotensis,
952 366 1216 432 Zonaras,
1242 366 1399 438 Hugo
1421 367 1490 422 de
1518 366 1577 421 S.
1607 365 1846 432 Victore,
1877 369 1924 428 Α
1954 365 2100 433 garis
2143 381 2266 420 air-re
2312 381 2516 422 annum
2564 385 2576 421 :
2616 367 2890 426 stantibus
2938 373 3086 426 enim
3140 369 3534 448 Hierosolymis

228 473 286 515 et
339 460 607 516 Albertus
637 459 958 527 Studensis;
1003 459 1098 529 qui
1135 475 1329 516 omnes
1357 459 1691 516 Clementem
1723 457 1848 528 qui-

225 554 365 608 dem
413 553 625 623 aliquo,
661 555 944 623 epistolam
977 553 1127 607 nullo
1172 553 1336 608 modo
1369 552 1676 608 nominant.
1707 549 1848 605 Sunt

225 653 431 700 autem
472 655 644 702 testes
673 647 870 711 nostri,
901 645 993 717 qui
1023 644 1270 715 epistolis
1301 645 1456 714 ipsis,
1489 659 1628 714 quas
1656 641 1841 698 defen-

223 735 467 802 dimus,
514 738 916 809 suﬂ‘ragantur,
949 739 1150 809 oppido
1195 739 1390 804 multi;
1435 746 1491 792 et
1536 738 1582 792 si
1619 751 1844 806 perpen-

221 829 352 886 dam
375 850 444 888 us
471 849 641 903 quam
671 849 844 904 pauca
876 842 1120 888 veterum
1161 831 1664 888 ecclesiasticorum
1704 829 1844 885 scri-

230 939 321 996 pto
339 941 465 980 rum
500 940 664 996 Opera
694 941 843 980 nunc
871 933 1109 991 exstant,
1133 940 1299 994 quam
1328 924 1502 978 multo
1531 923 1686 992 plura
1717 937 1843 992 per-

231 1041 298 1083 er
318 1025 426 1073 unt
461 1025 559 1072 aut
587 1018 765 1073 adhuc
795 1033 920 1072 cum
952 1017 1136 1073 blattis
1163 1025 1218 1071 et
1247 1015 1408 1070 tineis
1449 1021 1692 1078 certant,
1729 1027 1839 1066 non

236 1131 286 1166 ιο
312 1125 546 1167 ssumus
586 1120 697 1164 non
746 1109 892 1165 hanc
925 1109 1145 1164 testium
1182 1108 1382 1163 nubem
1433 1106 1570 1161 satis
1599 1104 1836 1174 amplam

230 1209 458 1274 putare,
489 1208 546 1256 et
573 1215 642 1255 ex
684 1201 773 1255 his
813 1215 958 1270 quos
1001 1198 1356 1262 adduximus,
1399 1212 1593 1252 eorum
1641 1212 1836 1250 nume-

229 1309 384 1360 rum,
417 1309 561 1365 quos
591 1293 862 1348 adducere
889 1308 995 1346 non
1030 1307 1324 1361 possumus
1355 1301 1444 1345 ant
1473 1289 1835 1360 negleximus,

232 1382 520 1439 inﬁnitum
549 1399 688 1454 pene
719 1384 1015 1438 aestimare.
1044 1377 1110 1437 Et
1141 1383 1256 1436 haec
1283 1381 1508 1435 omnino
1537 1380 1833 1448 premenda

229 1485 394 1530 erant
427 1481 694 1532 adversus
722 1475 1007 1542 Dallatum,
1049 1475 1142 1546 qui
1175 1473 1580 1529 [latntuondum
1612 1489 1674 1528 ne
1699 1490 1836 1544 qua-

231 1575 360 1621 tuor
386 1568 602 1638 quidem
632 1567 823 1622 Patres
851 1583 916 1622 ea:
949 1567 1093 1622 omni
1122 1566 1362 1629 secundi,
1399 1566 1544 1619 tertii
1571 1575 1621 1619 et
1651 1565 1832 1636 quarti

229 1659 420 1715 seculi
447 1661 608 1729 copia
640 1661 918 1717 nominare
963 1661 1198 1730 potuisse
1246 1669 1358 1713 tam
1407 1656 1546 1712 falso
1582 1673 1830 1727 pronun-

228 1753 407 1808 tiavit.

297 1842 586 1906 Secundo,
614 1859 662 1898 st
705 1844 955 1898 animum
995 1844 1062 1898 ad
1096 1843 1297 1898 seriem
1349 1853 1656 1914 temporum
1686 1841 1828 1897 refe-

225 1951 447 1999 ramus,
482 1943 540 1990 et
577 1935 648 1990 ab
683 1935 800 2004 ipsa
844 1944 1001 1989 aetate
1031 1951 1140 2004 qua
1177 1936 1413 2004 primum
1460 1936 1675 2004 scriptae
1707 1950 1830 2004 per-

227 2028 497 2083 hibentur
528 2028 774 2098 epistolae
795 2069 808 2089 ,
839 2028 904 2081 ad
948 2043 1069 2081 eam
1111 2043 1220 2096 qua
1253 2028 1490 2096 primum
1525 2027 1826 2096 impressze,

225 2129 280 2174 et
331 2120 759 2190 erumpentibus
810 2118 1069 2174 Ecclesia.-
1118 2119 1446 2186 discordiis,
1495 2120 1549 2173 in
1599 2119 1826 2174 dubium

223 2220 358 2266 sunt
385 2221 624 2279 vocatae,
656 2219 825 2266 testes
873 2219 1095 2266 nostros
1126 2211 1202 2266 ita
1235 2210 1533 2280 dispositos
1562 2226 1684 2266 esse
1729 2211 1828 2266 eb-

223 2319 542 2368 servemus,
574 2312 636 2358 ut
687 2319 812 2357 cum
865 2302 1077 2372 primus
1131 2302 1235 2373 ipsi
1277 2300 1335 2357 S.
1377 2301 1606 2371 lgnatio,
1646 2304 1827 2372 primo

225 2397 508 2452 secundus
542 2396 830 2450 familiaris
867 2395 1051 2462 fuerit,
1088 2407 1203 2450 tum
1237 2411 1399 2450 nemo
1427 2396 1542 2451 fere
1588 2397 1828 2464 reliquo-

224 2505 346 2542 rum
379 2490 478 2555 sit,
512 2488 607 2558 qui
661 2505 769 2543 non
815 2504 846 2542 a
893 2488 1145 2558 sequenti
1192 2497 1286 2542 aut
1323 2489 1477 2544 nosci
1529 2497 1624 2543 aut
1656 2489 1824 2543 videri

224 2581 494 2650 potuerit,
527 2596 654 2636 cum
692 2582 747 2635 in
783 2596 1120 2651 unoquoque
1148 2579 1261 2637 fere
1306 2582 1508 2636 saeculo
1555 2596 1700 2636 nunc
1745 2581 1826 2636 hia

223 2687 346 2736 nos,
381 2688 538 2727 nunc
567 2673 766 2738 trinos,
801 2688 948 2727 nunc
983 2679 1282 2742 quaternos
1311 2672 1819 2740 numeraverimus,

224 2762 530 2831 plurimum
567 2772 716 2818 certe
751 2761 913 2815 etiam
962 2761 1068 2817 hoc
1102 2763 1169 2816 ad
1209 2762 1536 2816 sententiam
1575 2771 1819 2818 nostram

222 2851 666 2907 conﬁrmandam
720 2852 881 2906 valet.
933 2851 1016 2906 Ab
1062 2851 1164 2906 hac
1214 2851 1359 2905 enim
1411 2851 1628 2906 testium
1681 2853 1823 2908 serie

225 2945 422 2999 nullibi
459 2945 771 3015 interrupta
823 2959 921 3014 pro
955 2954 1107 2999 certo
1158 2944 1346 2998 haberi
1397 2943 1557 2998 debet
1587 2952 1682 2998 aut
1727 2961 1822 3000 ne-

225 3039 431 3093 minem
487 3055 733 3109 unquam
792 3040 895 3092 hoc
942 3038 1121 3108 ipsum
1170 3038 1315 3107 quod
1374 3037 1452 3092 illi
1503 3046 1820 3097 constanter

225 3131 544 3186 docuerunt
597 3147 857 3202 negasse,
908 3131 1184 3186 neminem
1242 3132 1309 3186 de
1371 3133 1698 3188 auctoritate
1752 3130 1810 3186 S.

221 3222 420 3294 lgnatii
454 3223 760 3287 dubitasse,
812 3232 905 3277 aut
955 3222 1002 3278 si
1051 3223 1176 3292 quis
1227 3238 1466 3293 unquam
1517 3223 1571 3278 id
1605 3221 1814 3291 fecerit,

221 3315 344 3385 ejus
367 3315 702 3371 sententiam
733 3315 802 3370 ab
827 3315 950 3371 aliis
985 3328 1201 3384 semper
1225 3328 1323 3384 pro
1354 3314 1524 3367 nihilo
1549 3314 1813 3371 habitam.

221 3405 574 3476 Quocunque
606 3406 755 3460 enim
808 3413 1051 3475 tempore
1093 3404 1329 3475 aliquem
1370 3404 1530 3459 aliter
1577 3405 1818 3460 sensisse

219 3498 349 3568 quis
392 3498 528 3553 velit
578 3496 817 3568 (qualem
867 3506 1049 3552 tamen
1099 3511 1201 3568 ego
1248 3496 1522 3551 neminem
1554 3496 1814 3568 agnosco)

219 3590 345 3660 ejus
381 3591 758 3659 importunam
804 3588 1204 3644 dubitationem
1246 3599 1300 3643 et
1336 3603 1399 3644 ea
1433 3603 1556 3660 qua:
1582 3603 1816 3658 pratces-

219 3691 416 3737 serunt
462 3681 880 3752 improbabilcm
914 3680 1162 3748 reddent,
1193 3690 1246 3735 et
1271 3697 1334 3734 ea
1364 3696 1486 3751 quae
1511 3689 1816 3750 sequuntur

222 3773 562 3839 testimonia,
593 3773 798 3828 nullius
842 3772 985 3842 apud
1032 3773 1171 3826 alios
1210 3773 1468 3843 ponderis
1498 3781 1594 3826 aut
1623 3781 1816 3828 aucto-

218 3867 404 3923 ritatis
435 3866 607 3922 fuisse
634 3867 965 3937 probabunt.
987 3865 1126 3920 Cum
1154 3866 1321 3936 igitur
1341 3866 1515 3922 nostri
1538 3876 1812 3934 asseraut,

218 3960 543 4015 testimonia
589 3975 714 4029 quae
759 3958 1068 4013 aﬂ‘eruntur
1117 3974 1216 4029 pro
1268 3957 1600 4033 lgnatianis,
1659 3962 1811 4030 paria

217 4070 347 4109 esse
375 4053 470 4122 iis,
500 4068 622 4123 quae
649 4066 749 4122 pro
778 4051 1025 4121 epistolis
1067 4049 1364 4106 Clementis
1399 4060 1492 4106 aut
1527 4050 1814 4123 Polycarpi

218 4145 421 4202 adduci
474 4144 648 4198 solent
692 4152 788 4198 aut
833 4150 1090 4213 possunt,
1138 4158 1238 4212 ego
1283 4151 1462 4198 autem
1493 4145 1662 4198 multo
1690 4158 1810 4197 am-

218 4239 396 4308 pliora
453 4235 893 4304 illustrioraque;
949 4233 1220 4300 Dallaeus,
1278 4234 1372 4304 qui
1426 4235 1810 4304 antiquissima

217 4330 429 4384 frustra
480 4335 677 4398 negat,
729 4328 872 4381 hanc
920 4325 1390 4396 comparationem
1442 4326 1592 4382 nullo
1643 4327 1811 4382 modo

1951 467 2073 508 eam
2128 463 2409 510 exaratam
2457 473 2580 512 esse
2627 474 2736 512 non
2780 460 3068 528 dubitant;
3113 465 3203 518 cui
3253 467 3536 522 sententiae

1948 545 2113 598 etiam
2162 545 2342 601 illa-in
2393 548 2554 603 initio
2599 549 2854 620 Epistulae
2897 554 3094 618 verba,
3126 555 3203 608 Δι’
3236 558 3536 626 αἰφνιδίους

1948 637 2041 690 καὶ
2081 637 2413 711 ἐπαλλήλους
2454 641 2752 712 γενομένας
2778 646 2910 714 ἡμῖν
2940 647 3224 716 συμφορὰς
3258 648 3351 700 καὶ
3392 666 3535 721 παρ-

1948 728 2294 800 εμπτώσεις,
2343 742 2401 786 ιιι
2455 734 2786 804 aliquando,
2843 734 2957 792 Deo
3001 737 3249 806 volente,
3291 755 3358 794 ex
3391 743 3534 797 auti-

1946 822 2218 891 quissimo
2251 824 2346 879 illo
2370 841 2476 879 ms.
2511 826 2797 897 legendum
2833 830 3210 896 ostendemus,
3243 832 3534 903 suffragari

1943 916 2254 969 videantur.
2304 916 2424 971 Jam
2463 919 2588 987 quis
2625 920 2864 988 primum
2920 921 3049 976 huic
3089 924 3335 992 epistola:
3377 926 3532 980 testi-

1943 1007 2188 1061 monium
2221 1008 2536 1076 perhibuit?
2579 1009 2698 1065 Non
2750 1012 2827 1066 illi
2860 1029 3001 1083 quos
3042 1015 3274 1084 praefixit
3307 1015 3528 1082 Junius,

1941 1095 2186 1168 lgnatius
2233 1110 2287 1154 et
2332 1099 2604 1168 Justinus,
2651 1115 2844 1159 neuter
2884 1105 3030 1160 enim
3073 1123 3237 1164 verus
3279 1118 3392 1178 est;
3432 1111 3524 1165 sed

1940 1189 2275 1260 Dionysius,
2330 1208 2490 1262 quem
2548 1208 2658 1247 non
2709 1196 3052 1264 nominavit,
3108 1198 3526 1256 Corinthiorum

1941 1282 2234 1351 episcopus
2260 1323 2274 1346 ,
2331 1284 2563 1352 epistola
2598 1285 2665 1339 ad
2717 1285 3020 1352 Romanos,
3064 1288 3241 1344 Soteri
3273 1291 3531 1362 episcopo
3590 1312 3598 1326 ι

1937 1385 2274 1444 nuncupata.
2302 1376 2370 1430 At
2398 1375 2554 1431 Soter
2585 1379 2866 1447 prwfuisse
2900 1381 3104 1436 dicitur
3132 1381 3387 1439 Ecclesite
3423 1385 3530 1440 Ro-

1936 1481 2109 1521 mana
2136 1467 2200 1519 ab
2247 1476 2300 1521 α.
2336 1467 2404 1522 Ι).
2437 1469 2540 1524 178
2561 1471 2629 1523 ad
2666 1471 2789 1538 179,
2816 1472 2995 1542 inquit
3017 1473 3352 1531 Blondellus.
3387 1476 3530 1533 Ante

1935 1554 2102 1627 igitur
2151 1573 2202 1612 a.
2262 1558 2364 1613 178
2416 1561 2676 1631 scriptam
2719 1562 2893 1619 fuisse
2941 1565 3188 1638 Dionysii
3239 1569 3525 1638 epistolam

1936 1664 2048 1703 non
2077 1661 2321 1720 apparet.
2363 1651 2544 1720 Quare
2572 1655 2759 1724 plures
2790 1672 2956 1727 quam
2994 1667 3214 1714 centum
3241 1662 3369 1716 anni
3399 1672 3525 1716 sunt

1862 1729 1905 1785 Β
1931 1741 2126 1812 elapsi,
2154 1753 2447 1814 antequam
2474 1746 2794 1817 quisquam,
2826 1749 2972 1820 quod
3005 1752 3280 1821 novimus,
3314 1752 3371 1810 S.
3405 1754 3525 1811 Cle-

1934 1835 2134 1889 mentis
2182 1833 2436 1905 Epistolze
2482 1840 2856 1896 testimonium
2895 1843 3198 1913 perhibuit.
3248 1843 3292 1898 E
3334 1856 3524 1902 contra

1933 1925 2026 1993 qui
2065 1925 2303 1994 primum
2359 1927 2664 1999 lgnatianis
2719 1935 3097 1990 testimonium
3148 1939 3395 2008 perhibet
3439 1949 3525 1996 est

1935 2014 1993 2069 S.
2019 2015 2378 2088 Polycarpus,
2411 2019 2468 2074 S.
2513 2019 2722 2092 lgnatio
2753 2041 2862 2080 non
2903 2037 3117 2083 tantum
3151 2031 3522 2102 syncbronus,

1932 2106 2027 2161 sed
2061 2116 2115 2161 et
2168 2107 2491 2176 familiaris,
2531 2113 2626 2182 qui
2686 2113 2788 2185 ipsi
2841 2116 3091 2189 Smyrnaa
3140 2121 3350 2186 aderat,
3396 2139 3522 2178 eum

1929 2208 2169 2268 quatuor
2215 2201 2479 2271 epistolas
2533 2203 2662 2260 inde
2709 2208 2982 2276 mitteret,
3017 2212 3110 2280 qui
3151 2229 3313 2267 unam
3348 2215 3415 2269 ad
3465 2228 3523 2271 se

1930 2291 2137 2357 datam,
2171 2294 2237 2348 ad
2283 2295 2596 2367 Smyrnmos
2629 2313 2760 2354 suos
2808 2300 2971 2355 aliam
3017 2302 3235 2359 Troade
3281 2308 3522 2375 recepit,

1926 2384 2024 2454 qui
2053 2384 2195 2440 intra
2232 2402 2438 2456 paucos
2481 2403 2698 2447 menses
2745 2403 2954 2462 septem
2989 2396 3223 2466 collegit,
3253 2399 3442 2464 edidit,
3471 2409 3520 2456 et

1929 2491 2043 2532 suae
2069 2478 2393 2549 subjunctas
2422 2481 2864 2552 Philippensibus
2899 2487 3069 2543 misit.
3107 2488 3392 2547 Secundus
3422 2509 3521 2564 pro

1927 2569 2272 2627 Clementina
2307 2575 2460 2630 testis
2493 2575 2635 2631 forte
2677 2576 2858 2633 alierri
2896 2591 3111 2650 poterat
3137 2581 3518 2657 Hegesippus:

1927 2661 1995 2717 de
2023 2679 2084 2717 ea
2109 2665 2255 2718 enim
2289 2667 2538 2735 quardam
2581 2673 3054 2737 commemoravit,
3087 2675 3181 2729 sed
3212 2692 3335 2746 quae
3363 2679 3523 2749 igno-

1926 2769 2054 2809 rare
2103 2771 2203 2810 nos
2246 2759 2420 2812 voluit
2465 2758 2758 2817 Eusebius.
2805 2762 3134 2823 Anastasius
3173 2768 3395 2838 quidem
3427 2769 3521 2823 Bi-

1925 2843 2320 2902 hliotheearius
2342 2850 2426 2916 (ut
2453 2849 2599 2905 hunc
2622 2851 2770 2907 Junii
2793 2853 3055 2926 Catalogo
3079 2867 3270 2914 testem
3294 2862 3516 2933 addam)

1924 2934 1979 2988 in
2014 2935 2256 2991 Historia
2285 2939 2646 2996 ecclesiastica
2675 2944 2792 2998 hate
2820 2945 2886 3000 de
2911 2945 2968 3000 S.
2997 2948 3277 3007 Clemente
3300 2952 3468 3009 refert
3497 2969 3514 3007 :

1927 3026 2104 3097 Hujus
2154 3031 2377 3098 epistola
2425 3033 2597 3102 fertur
2642 3036 2712 3088 ad
2756 3035 3063 3093 Corinthios
3114 3042 3309 3110 missa,
3358 3063 3516 3116 quam

1931 3126 2041 3172 tota
2074 3123 2282 3191 recipit,
2323 3133 2379 3176 ut
2434 3123 2759 3196 Hegesippus
2810 3139 3056 3195 testatur,
3095 3132 3352 3191 Ecclesia.
3409 3136 3517 3194 Sed

1925 3211 2030 3268 hoc
2059 3211 2346 3285 Hegesippi
2393 3219 2770 3273 testimonium
2814 3222 3008 3277 nullibi
3039 3234 3239 3295 exstat,
3271 3237 3326 3283 et
3365 3231 3516 3286 Ana-

1921 3305 2127 3360 stasius
2177 3305 2472 3379 Georgium
2528 3309 2840 3381 Syneellum
2882 3314 2974 3370 hic
3014 3316 3156 3372 male
3206 3322 3510 3378 transtulit.

1923 3397 2210 3469 Syncellus
2247 3401 2391 3455 enim
2420 3402 2584 3472 (alius
2627 3403 2778 3458 Junii
2809 3406 3074 3481 Catalogo
3118 3413 3274 3468 testis
3315 3415 3516 3472 adden-

1920 3489 2054 3558 dus)
2089 3490 2157 3546 de
2189 3490 2248 3547 S.
2277 3491 2558 3550 Clemente
2585 3495 2656 3549 ita
2683 3496 2928 3567 loquitur
2954 3518 2967 3554 :
2996 3501 3200 3556 Τούτου
3226 3503 3510 3580 ἐπιστολὴ,

1919 3583 1954 3654 ἡ
1989 3582 2087 3652 μία
2107 3583 2326 3654 γνησία,
2362 3585 2672 3658 Κορινθίοις
2716 3589 2941 3661 φέρεται
2984 3592 3060 3656 ὡς
3099 3593 3208 3647 ἀπὸ
3237 3597 3337 3666 τῆς
3379 3598 3514 3654 Ῥω·

1921 3671 2096 3742 μαίων
2133 3673 2459 3746 Ἐκκλησίας
2512 3679 2815 3748 γραφεῖσα,
2867 3681 3108 3746 στάσεως
3154 3685 3213 3736 ὲν
3261 3687 3512 3759 Κορίνθῳ

1920 3764 2206 3836 συμϐάσης
2238 3767 2381 3833 τότε,
2412 3768 2489 3834 ὡς
2530 3774 2801 3842 μαρτυρεῖ
2837 3771 3182 3846 Ἡγήσιππος
3203 3816 3218 3841 ,
3260 3777 3384 3848 ἥτις
3417 3779 3512 3834 καὶ

1916 3855 2358 3926 ἐκκλησιάζεται.
2413 3858 2521 3914 Sed
2560 3870 2614 3914 et
2662 3860 2716 3914 in
2771 3861 2967 3916 horum
3014 3863 3304 3918 verborum
3339 3865 3511 3922 inter-

1915 3949 2225 4017 pretatione
2255 3947 2493 4006 Jacobus
2523 3951 2687 4019 Goar,
2722 3954 2815 4024 qui
2862 3954 3176 4026 Syncellum
3216 3967 3324 4013 tam
3370 3958 3511 4015 inle-

1915 4039 2092 4094 lieiter
2126 4041 2438 4109 transtulit,
2471 4057 2579 4096 non
2628 4045 2812 4099 minus
2860 4060 3026 4115 quam
3057 4048 3389 4105 Anastasius
3419 4066 3509 4106 er-

1915 4153 2076 4206 ravit.
2111 4152 2428 4207 Germanum
2451 4155 2564 4223 ejus
2596 4155 2666 4209 ad
2692 4154 2998 4211 Corinthios
3027 4160 3328 4228 epistolam,
3352 4164 3508 4231 quasi

1919 4261 1952 4296 a
1981 4243 2224 4298 Romana
2275 4244 2558 4308 Ecclesia,
2615 4247 2874 4301 tumultus
2923 4249 3205 4318 cujusdam
3260 4251 3506 4309 Corinthi

1919 4339 2092 4393 exorti
2133 4341 2426 4405 occasione,
2465 4341 2720 4409 scriptam
2754 4341 2818 4394 ab
2857 4341 3098 4396 Ecclesia
3133 4344 3287 4414 vulgo
3321 4349 3503 4416 recipi,

217 4421 484 4486 admittit,
514 4429 570 4474 et
603 4418 770 4474 nimis
796 4418 967 4473 dilute
995 4417 1258 4472 adversus
1299 4433 1418 4473 eam
1451 4418 1674 4489 integris
1704 4434 1808 4474 sae-
1844 4445 1887 4501 Ι)
1916 4442 1964 4486 ει
1999 4449 2180 4486 coram
2223 4431 2431 4501 publica
2480 4432 2616 4502 legi,
2655 4441 2842 4486 auctor
2895 4443 2974 4488 est
3023 4433 3372 4506 Hegesippus,
3424 4437 3494 4494 Ιιε

217 4515 362 4569 culis
390 4521 618 4583 pugnat.
654 4510 956 4567 Videamus
1006 4511 1173 4581 igitur
1220 4525 1290 4565 an
1340 4511 1442 4565 hoc
1490 4512 1559 4566 ab
1595 4527 1662 4566 eo
1689 4515 1814 4582 jure

217 4603 348 4668 ﬁat;
377 4611 432 4656 et
481 4601 745 4673 quoniam
788 4600 855 4656 de
902 4599 1204 4670 Polycarpo
1256 4599 1496 4670 prudens
1549 4601 1692 4665 silet,
1746 4602 1814 4656 de

216 4694 502 4750 Clemente
531 4694 651 4748 solo
683 4693 751 4747 lis
779 4693 897 4747 erit.
933 4691 1273 4748 Testimonia
1297 4693 1351 4746 in
1379 4691 1480 4747 hac
1505 4709 1564 4748 re
1588 4709 1652 4748 ea
1679 4690 1816 4748 sane

218 4787 427 4856 optima
457 4796 606 4852 sunt,
640 4801 766 4856 quae
800 4787 866 4840 ad
895 4786 1068 4856 ipsam
1104 4786 1291 4856 scripti
1327 4794 1540 4841 aetatem
1565 4786 1812 4857 proxime

218 4879 566 4950 pet-tingunt;
617 4886 722 4934 hoc
772 4879 842 4933 ab
890 4891 1127 4948 utroque
1187 4886 1439 4932 nostrum
1485 4879 1808 4934 admittitur.

217 4971 596 5039 Scriptoribus
621 4970 849 5026 secundi
877 4970 1062 5026 saeculi
1099 4984 1209 5024 non
1249 4969 1435 5025 minus
1467 4970 1810 5025 auctoritatis

216 5061 477 5118 tribuunt
515 5059 711 5116 Patres
757 5061 903 5116 tertii
951 5061 1175 5128 saeculi,
1232 5076 1396 5131 quam
1447 5061 1824 5132 scriptoribus

218 5154 388 5226 primi
423 5153 616 5210 Patres
648 5153 900 5210 secundi.
950 5153 1009 5209 lu
1055 5153 1389 5225 assignando
1416 5156 1614 5210 saeculo
1644 5153 1808 5209 fallax

216 5264 343 5303 esse
387 5257 568 5318 potest
614 5255 1038 5319 argumentum;
1077 5262 1187 5302 non
1231 5247 1397 5319 igitur
1449 5247 1676 5319 integris
1708 5263 1810 5303 sae-

216 5340 361 5395 culis
387 5339 626 5404 eminus,
656 5339 751 5394 sed
775 5339 935 5394 annis
964 5337 1216 5394 cominus
1243 5354 1567 5410 pugnemus.
1595 5338 1806 5410 Scripta

215 5443 304 5487 est
325 5433 574 5501 epistola,
600 5448 723 5503 quae
755 5433 860 5488 sub
889 5431 947 5488 S.
978 5432 1275 5488 Clementis
1314 5433 1538 5487 nomine
1569 5433 1808 5489 cireum-

215 5523 416 5591 fertur,
441 5536 566 5582 ante
593 5542 800 5581 annum
831 5525 1044 5581 Domini
1070 5527 1534 5598 septuagesimum
1566 5536 1804 5593 sextum,

214 5617 425 5672 fatente
452 5617 766 5682 Blondello;
805 5627 866 5674 ut
893 5619 986 5673 alii
1014 5619 1353 5684 existimant,
1383 5619 1486 5675 sub
1512 5619 1670 5677 initio
1701 5637 1804 5678 un-

215 5710 353 5772 oerii
399 5709 739 5776 Vespasiani,
771 5710 823 5766 id
853 5719 938 5768 est
979 5711 1127 5768 circa
1177 5719 1637 5784 septuagesimum
1680 5715 1775 5773 vul

1915 4523 2008 4579 ille
2039 4564 2052 4576 .
2081 4530 2142 4577 tu
2184 4532 2367 4576 autem
2418 4532 2610 4577 verte:
2656 4522 2836 4592 Hujus
2881 4525 3136 4593 epistola,
3178 4543 3296 4596 quin
3341 4531 3496 4583 unico

1913 4616 2142 4685 genuina
2171 4623 2280 4681 est,
2319 4614 2388 4668 ad
2435 4612 2737 4668 Corinthios
2779 4615 2970 4682 fertur,
3007 4624 3258 4686 tanquam
3297 4618 3362 4672 ab
3397 4619 3498 4673 Ec-

1914 4707 2077 4762 clesia
2123 4705 2362 4760 Romana
2408 4707 2630 4775 scripta,
2670 4706 2926 4760 seditione
2963 4716 3088 4761 tunc
3132 4711 3403 4778 temporis,
3437 4720 3497 4764 ut
3548 4757 3552 4762 .

1915 4807 2140 4853 testatur
2183 4797 2531 4869 Hegesippus,
2579 4796 2822 4852 Corinthi
2869 4807 3026 4865 orta;
3078 4816 3196 4870 qua:
3238 4801 3402 4856 etiam
3429 4804 3495 4857 ab
3537 4803 3541 4810 ’

1914 4887 2154 4943 Ecclesia
2201 4889 2474 4958 recipitur,
2517 4887 2632 4942 haec
2675 4889 2822 4943 enim
2871 4889 3106 4961 Syncelli
3160 4891 3298 4944 nihil
3346 4891 3494 4946 aliud

1913 4990 2042 5035 sunt
2074 4996 2238 5049 quam
2283 4981 2521 5050 epitome
2565 4979 2760 5050 capitis
2804 4980 2903 5045 16,
2950 4981 3076 5036 libri
3125 4996 3190 5036 ιιι
3237 4981 3494 5038 Historia:

1914 5071 2249 5137 Eusebianos,
2286 5072 2446 5142 cujus
2475 5073 2641 5127 verba
2677 5081 2835 5135 sunt,
2867 5073 2959 5126 καὶ
2979 5074 3062 5127 ὅτι
3093 5073 3237 5127 κατὰ
3268 5079 3358 5129 τὸν
3399 5075 3500 5148 δη-

1909 5161 2168 5234 λούμενον
2190 5161 2258 5216 τὰ
2287 5163 2386 5234 τῆς
2419 5163 2723 5235 Κορινθίων
2760 5165 3015 5237 κεκίνητο
3052 5166 3315 5232 στάσεως,
3345 5167 3496 5235 ἀξιό-

1909 5271 2086 5325 χρεως
2133 5255 2342 5326 μάρτυς
2387 5257 2415 5308 ὁ
2455 5255 2814 5326 Ἡγήσιππος,
2849 5273 3006 5327 porro
3039 5259 3334 5328 supradicti
3367 5258 3494 5316 Cle-

1911 5347 2109 5404 mentis
2169 5357 2398 5418 tempore
2459 5347 2770 5402 seditionem
2826 5351 2963 5404 inter
3018 5349 3317 5405 Corinthios
3378 5368 3491 5408 esse

1908 5448 2264 5505 commotam,
2313 5438 2765 5494 luculentissimus
2822 5441 2969 5495 testis
3020 5450 3097 5496 est
3139 5440 3489 5512 llegesippus.

1907 5531 2248 5586 Auctoritate
2295 5530 2461 5600 igitur
2514 5528 2805 5602 Hegesippi
2855 5533 3028 5588 utitur
3065 5533 3120 5587 in
3171 5534 3317 5590 hunc
3368 5545 3493 5590 tau-

1909 5621 2192 5675 tummodo
2224 5620 2384 5673 finem
2416 5635 2481 5674 eo
2523 5621 2628 5674 loci
2665 5620 2957 5687 Eusebius,
2991 5632 3048 5677 ut
3083 5624 3354 5691 ostendat,
3387 5625 3493 5681 sub

1907 5712 2227 5786 pontiﬁcatu
2277 5711 2583 5787 Clementis
2633 5713 2954 5770 seditionem
3003 5714 3253 5774 Corinthi
3311 5724 3489 5771 ortam
