3864 6204
338 246 406 297 09
1370 248 1426 303 S.
1469 248 1822 308 IGNATIUS.
1861 249 2502 308 —PROLEGOMENA.

3521 255 3626 309 100

336 379 487 431 esse;
522 379 699 435 neque
725 364 874 423 aliud
901 366 1204 438 quidquam
1226 367 1401 423 voluit
1435 367 1745 438 Syneellus.
1791 369 1926 424 'l‘er-

2041 369 2119 423 ἴνα
2153 369 2248 422 καὶ
2281 368 2445 432 αὐτὸς
2476 369 2626 440 ἡμᾶς
2659 368 2906 442 ὑπομένῃ
2931 378 2945 436 ξ
2970 385 3113 442 sape
3143 369 3309 427 etiam
3343 385 3502 427 suam
3525 387 3625 427 ex-

338 460 450 517 tius
479 475 580 531 pro
626 459 969 516 Clementina
1016 462 1173 517 testis
1228 471 1314 517 est
1362 460 1621 528 Irenaus,
1652 462 1840 519 itidem
1873 470 1929 519 et

340 567 442 623 pro
488 551 821 623 lgnatianis;
872 553 965 608 sed
1010 551 1250 608 lrenaus
1302 553 1552 623 pluribus
1603 569 1770 624 quam
1832 555 1932 609 tri-

342 644 513 714 ginta,
538 643 651 698 imo
682 659 818 714 pene
866 644 1230 716 quadraginta
1275 646 1435 701 annis
1482 646 1551 700 ab
1582 646 1729 702 illius
1759 662 1925 718 quam

341 751 371 791 a
402 744 719 792 nostrarum
767 737 1065 807 scriptione
1098 738 1359 792 remotior
1404 737 1528 793 fuit.
1562 738 1802 805 Quartus
1833 755 1930 810 pro

341 828 623 885 Clemente
661 830 913 885 Romano
938 829 1094 885 testis
1112 840 1193 886 est
1221 830 1478 886 Clemens
1500 830 1928 900 Alexandrinus,

342 924 437 994 qui
467 932 591 993 post
622 933 855 979 mortem
890 924 1175 979 Commodi
1215 925 1470 994 scripsit,
1503 934 1725 982 centum
1758 935 1813 981 et
1843 927 1930 981 vi-

344 1015 480 1085 ginti
516 1016 584 1071 ad
630 1016 917 1071 minimum
973 1017 1133 1073 annis
1168 1028 1457 1088 postquam
1494 1019 1641 1073 edita
1689 1019 1932 1075 creditur

298 1184 301 1185 ν
344 1108 577 1180 epistola
623 1108 987 1164 Clementina.
1054 1108 1124 1165 At
1174 1123 1206 1165 a
1268 1110 1540 1181 martyrio
1594 1109 1789 1182 lgnatii
1852 1119 1932 1167 tot

294 1210 302 1221 ‘
346 1202 476 1257 anni
510 1217 621 1257 non
650 1202 1001 1267 ellluxerant,
1026 1206 1167 1258 'cum
1201 1202 1466 1275 Origenes
1496 1203 1793 1259 Clementis
1817 1205 1933 1260 dis-

344 1296 600 1365 cipulus,
652 1295 1151 1352 luculentissimum
1218 1295 1295 1350 illi
1361 1297 1735 1351 testimonium
1792 1312 1933 1366 pra-

344 1387 501 1453 bu‘it,
555 1386 812 1441 Homiliis
850 1388 905 1441 in
941 1386 1183 1454 Lucam,
1229 1404 1369 1457 quas
1420 1390 1642 1458 scripsit
1681 1390 1931 1459 juvenis,

344 1490 481 1537 teste
511 1480 861 1552 Hieronymo,
898 1489 1025 1535 ante
1054 1482 1264 1537 virilem
1296 1490 1531 1545 atatem,
1567 1483 1671 1537 hoc
1700 1492 1785 1539 est
1831 1484 1935 1539 sub

348 1574 549 1630 Severo
596 1574 681 1629 vel
731 1574 1052 1637 Caracalla,
1100 1590 1226 1629 cum
1277 1584 1424 1631 esset
1471 1576 1542 1629 ‘20
1588 1593 1726 1646 pene
1774 1575 1934 1632 annis

344 1667 570 1723 editioni
604 1666 902 1736 Ignatiana
940 1673 1098 1721 atate
1126 1666 1507 1737 propinquior,
1553 1684 1719 1738 quam
1757 1668 1935 1724 fuerat

2031 463 2241 532 primit,
2278 472 2338 517 ut
2384 463 2450 517 ad
2502 461 2848 534 Smyrnaos:
2883 464 3070 518 Πάντα
3103 465 3357 538 ὑπομένω
3382 499 3398 524 ν
3451 465 3625 521 αὐτοῦ

2036 570 2104 625 με
2170 554 2625 626 ὲνδυναμοῦντος,
2690 564 2745 611 et
2808 557 3041 626 gratiam
3106 559 3283 628 ipsam
3344 559 3629 629 patientia;

2034 647 2273 700 maxime
2307 647 2684 717 depradicat:
2749 648 2815 701 Ἠ
2864 648 3138 716 πίστιςὼς
3154 649 3626 722 περικεφαλαία,ὴ

2032 739 2221 809 ἀγάπη
2255 737 2332 802 ὡς
2363 739 2513 810 δόρυ,
2549 741 2583 812 ἡ
2623 741 2869 812 ὑπομονὴ
2901 740 2978 805 ὼς
3031 742 3322 795 πανοπλία.
3370 742 3450 797 Ad
3483 742 3625 797 adi—

2034 830 2345 885 ﬁcationem
2380 830 2619 900 denique
2669 830 2879 887 faciunt
2926 834 3342 889 exhortationes
3395 832 3628 889 commi-

2032 922 2400 991 nationesque
2450 937 2689 991 omnes,
2757 925 2960 994 quibus
3024 935 3135 979 tam
3202 924 3515 995 frequenter
3565 935 3626 982 et.

2034 1013 2230 1068 crebro
2266 1013 2439 1067 utitur
2463 1055 2478 1079 ,
2515 1015 2583 1068 ad
2618 1030 2782 1069 omne
2837 1014 3212 1070 Christianum
3257 1015 3517 1081 ollicium,
3553 1018 3623 1072 ad

2033 1121 2227 1161 omnes
2259 1106 2479 1176 pietatis
2511 1116 2694 1176 partes
2744 1107 2947 1178 ubique
2998 1109 3284 1178 impellens
3319 1118 3380 1163 ut
3429 1108 3627 1165 ﬁerent

2034 1199 2169 1252 λίθοι
2201 1199 2332 1254 ναοῦ
2366 1200 2582 1273 Πατρὸς
2609 1201 3001 1272 ἡτοιμασμένοι
3051 1204 3132 1265 εἰς
3162 1201 3452 1274 οἰκοδομὴν
3483 1201 3625 1256 Θεοῦ

2036 1291 2271 1364 Πατρὸς,
2298 1292 2763 1362 quemadmodum
2798 1292 2914 1363 ipse
2948 1293 3015 1348 ad
3050 1292 3320 1363 Ephesios
3354 1294 3621 1365 loquitur.

2035 1381 2157 1449 Quo
2190 1384 2357 1437 etiam
2393 1384 2671 1454 pertinent
2703 1384 2795 1439 illa
2839 1401 2964 1455 qua
2995 1387 3164 1442 toties
3197 1388 3265 1443 de
3297 1387 3623 1449 concordia,

2038 1477 2264 1543 unitate,
2300 1485 2355 1532 et
2389 1478 2700 1533 obedientia
2733 1480 3009 1550 episcopis
3035 1491 3090 1536 et
3108 1482 3446 1553 presbyterio
3478 1497 3626 1551 pra-

2038 1570 2255 1633 standa,
2290 1585 2466 1640 usque
2500 1570 2567 1624 ad
2604 1570 2868 1626 invidiam
2905 1572 3185 1639 inculcat;
3217 1573 3421 1644 quibus
3455 1573 3624 1628 etiam

2040 1676 2171 1716 suos
2206 1662 2275 1716 ab
2308 1662 2662 1717 heterodoxis
2695 1663 2886 1718 eadem
2921 1679 3088 1734 opera
3121 1672 3366 1732 revocat,
3400 1679 3629 1719 eorum-

345 1760 720 1827 Clementina,
749 1775 874 1815 cum
917 1759 1180 1815 scriberet
1208 1758 1460 1815 Clemens
1494 1758 1922 1817 Alexandrinus.

2041 1767 2135 1823 que
2169 1751 2390 1818 fabulis,
2426 1770 2543 1823 qua:
2575 1755 2895 1824 quastiones
2948 1765 3206 1824 prarstaut
3250 1757 3421 1826 magis
3462 1772 3625 1826 quam

346 1851 414 1906 Et
433 1851 547 1922 jam
571 1852 694 1922 quis
719 1867 827 1906 non
859 1852 1023 1917 videt,
1052 1851 1248 1905 seriem
1275 1852 1497 1906 testium
1529 1853 1598 1907 ab
1626 1854 1746 1923 ipso
1778 1856 1933 1910 initio

348 1961 446 2015 per
478 1954 558 2000 tot
590 1946 788 2001 saeula
816 1945 1105 2001 deductam
1141 1945 1209 2000 ad
1258 1945 1420 2001 ﬁdem
1466 1946 1772 2003 faciendam
1811 1949 1934 2019 plu-

350 2038 550 2093 rimum
582 2039 804 2093 valere?

425 2126 763 2183 Testimonia
789 2128 907 2197 ipsa
934 2129 1080 2200 quod
1107 2128 1322 2194 attinet,
1338 2129 1452 2184 sive
1475 2144 1536 2183 ea
1554 2129 1853 2200 generatim
1882 2138 1937 2184 et

348 2219 604 2275 universe
633 2220 778 2276 dicta
810 2229 959 2285 sunt,
993 2221 1109 2276 sive
1132 2221 1525 2290 particulatim,
1556 2230 1610 2276 et
1642 2221 1932 2289 distincte;

348 2313 535 2370 omnia
585 2324 736 2370 certe
792 2316 1042 2385 epistolis
1101 2315 1295 2379 hisce,
1360 2330 1499 2385 quas
1565 2313 1936 2369 defendendas

348 2409 716 2479 Suscepimus,
750 2408 1006 2479 inprimis
1038 2417 1371 2479 congruunt,
1408 2423 1613 2478 easque
1634 2409 1717 2463 vel
1743 2424 1811 2464 eo
1839 2424 1938 2463 no-

348 2501 498 2556 mine
520 2502 748 2557 minime
764 2509 1048 2572 suspectas
1077 2502 1331 2556 reddunt.
1369 2500 1426 2555 S.
1453 2499 1808 2571 Polyearpus,
1841 2501 1936 2570 qui

348 2594 528 2663 primo
553 2595 696 2648 hanc
722 2594 1078 2663 epistolarum
1114 2593 1442 2664 συναγωγὴν
1477 2593 1665 2658 edidit,
1708 2594 1811 2647 hoc
1841 2609 1937 2648 eas

349 2686 645 2742 admodum
680 2687 987 2742 honoriﬁco
1042 2687 1222 2757 elogio
1279 2687 1585 2757 insignivit,
1642 2694 1698 2740 et
1729 2685 1938 2756 Philip-

348 2783 599 2854 pensiqu
617 2779 874 2835 Ecclesiae
907 2794 1235 2851 magnopere
1251 2778 1689 2834 commendavit:
1728 2779 1817 2845 Ἐξ
1839 2772 1935 2845 ὧν,

350 2875 626 2945 inquiens,
651 2872 861 2944 μεγάλα
876 2871 1221 2943 ὠφεληθῆναι
1257 2870 1576 2942 δυνήσεσθε.
1614 2871 1936 2943 Περιὲχουσι

350 2968 459 3043 γὰρ
479 2967 684 3032 πίστιν,
704 2966 799 3019 καὶ
814 2966 1112 3037 ὑπομονὴν,
1132 2966 1224 3019 καὶ
1242 2966 1418 3019 πᾶσαν
1439 2964 1725 3036 οἰκοδομὴν
1744 2964 1843 3035 τὴν
1859 2965 1939 3027 εἰς

350 3059 444 3115 τὸν
475 3058 679 3130 Κύριον
713 3058 1040 3129 ἀνήκουσαν,
1078 3067 1138 3112 ιιι
1171 3056 1399 3112 habetur
1432 3056 1618 3112 Graec
1651 3057 1794 3126 apud
1830 3055 1937 3109 Eu-

353 3150 588 3216 sebium,
623 3156 678 3203 et
711 3149 768 3202 in
803 3148 971 3203 veteri
1022 3146 1219 3202 Latina
1278 3148 1571 3203 versione:
1609 3146 1695 3201 Ea:
1749 3148 1938 3219 quibus

352 3256 576 3311 magnus
618 3240 759 3295 vobis
790 3240 891 3294 erit
920 3239 1209 3308 profectus.
1244 3237 1527 3293 Conlinent
1569 3240 1709 3291 enim
1758 3238 1938 3307 ﬁdem,

353 3333 692 3403 patientiam,
744 3339 793 3385 et
838 3346 1048 3384 onmem
1076 3329 1489 3399 wdiﬁcationem
1535 3330 1605 3383 ad
1651 3329 1942 3384 Dominum

354 3434 595 3479 nostrum
652 3424 1020 3494 pertinentem.
1076 3422 1202 3476 Tria
1239 3421 1423 3492 itaque
1457 3420 1516 3476 S.
1550 3420 1712 3477 Pater
1746 3423 1939 3492 praci-

353 3532 462 3586 pue
495 3516 727 3583 notavit,
762 3529 885 3585 qua
917 3514 972 3568 in
1008 3513 1256 3584 epistolis
1304 3513 1604 3585 lgnatianis
1638 3528 1777 3583 quas
1808 3511 1941 3566 Plii-

355 3608 696 3678 lippensibus
729 3607 881 3662 misit
914 3605 1152 3661 maxime
1197 3606 1537 3674 eminerent;
1584 3604 1704 3660 hac
1756 3612 1939 3659 autem

358 3701 573 3771 singula
608 3699 662 3754 in
719 3701 809 3764 iis,
862 3715 1001 3769 quas
1048 3714 1196 3754 nunc
1248 3698 1536 3762 habemus,
1589 3698 1938 3768 potissimum

357 3794 597 3850 elucent.
654 3791 793 3848 Nam
849 3792 964 3848 sive
1019 3792 1179 3847 ﬁdem
1217 3792 1271 3845 in
1307 3792 1489 3861 seipsa
1544 3802 1778 3861 spectes,
1819 3807 1938 3846 eam

357 3886 602 3958 lgnatius
636 3885 793 3941 miris
827 3883 983 3939 effert
1028 3883 1317 3950 laudibus;
1373 3884 1439 3938 ad
1477 3883 1831 3954 Smyrnaos:
1869 3885 1942 3938 Τὸ

357 3976 468 4048 γὰρ
500 3975 620 4029 ὅλον
654 3974 836 4038 πίστις
869 3972 963 4028 καὶ
994 3972 1204 4044 ἀγάπη,
1239 3964 1316 4027 ὧν
1348 3971 1500 4025 οὐδὲν
1546 3973 1936 4045 προκέκριται·

359 4068 429 4124 ad
487 4065 755 4138 Ephesios
811 4083 824 4119 :
886 4064 952 4117 'H
1002 4064 1061 4118 δὲ
1136 4063 1325 4127 πίστις
1395 4063 1550 4134 ὑμῶν
1620 4064 1942 4133 ἀναγωγεὺς

360 4158 537 4232 ὑμῶν,
570 4172 708 4214 voce
739 4155 1011 4228 eleganti,
1047 4163 1102 4210 et
1132 4153 1563 4225 Lexicographis
1596 4156 1815 4225 ignota;
1851 4158 1941 4210 ού-

358 4252 471 4316 δεὶς
502 4250 684 4305 πίστιν
728 4246 1200 4318 ἐπαγγελλόμενος
1250 4247 1576 4319 ἁμαρτάνει·
1631 4247 1698 4302 ad
1750 4246 1938 4302 Phila-

359 4344 683 4414 delphenses
710 4360 723 4395 :
760 4341 946 4395 Πάντα
978 4339 1114 4411 ὁμοῦ
1150 4339 1293 4394 καλά
1324 4341 1493 4406 ἐστιν,
1529 4339 1625 4394 ἐὰν
1657 4343 1715 4394 ὲν
1748 4342 1938 4415 ἀγάπῃ

2035 1844 2449 1913 rediﬁcationem
2482 1844 2581 1899 Dei
2612 1862 2731 1917 qua:
2781 1848 2838 1899 in
2890 1847 2994 1916 ﬁde
3039 1859 3137 1902 est.
3196 1846 3324 1903 Hac
3369 1847 3436 1903 de
3469 1852 3628 1904 testi-

2035 1938 2224 1992 monio
2259 1935 2317 1991 S.
2370 1936 2692 2010 Polycarpi,
2741 1954 2809 1994 ex
2861 1955 2973 2010 quo
3004 1948 3175 2011 patet,
3230 1950 3435 2012 quanta
3497 1957 3623 1997 cum

2034 2030 2250 2086 ratione
2282 2046 2623 2099 asseramus,
2660 2032 2809 2088 illius
2842 2042 3003 2089 atate
3054 2035 3321 2105 epistolas
3353 2050 3493 2105 quas
3523 2036 3627 2091 de-

2037 2122 2315 2178 fendimus
2346 2122 2647 2178 exstitisse.
2696 2121 2971 2180 Eusebius
3004 2125 3168 2179 etiam
3202 2126 3345 2181 duos
3397 2141 3627 2197 genera-

2036 2215 2116 2270 les
2161 2215 2521 2285 epistolarum
2570 2215 2922 2272 characteras
2978 2227 3163 2284 notat,
3211 2218 3278 2273 de
3331 2218 3628 2273 traditione

2038 2307 2361 2377 apostolica,
2397 2318 2451 2362 et
2485 2307 2789 2364 baresibus
2823 2310 2923 2363 avi
2958 2307 3248 2380 lgnatiani,
3285 2310 3488 2380 quibus
3520 2326 3626 2364 no-

2039 2409 2167 2457 stra
2198 2399 2407 2471 optime
2438 2400 2803 2469 respondent;
2828 2402 2975 2471 quod
3010 2401 3100 2456 hic
3134 2402 3471 2456 monendum
3504 2410 3628 2455 tan-

2037 2502 2154 2548 tum
2188 2493 2343 2560 duxi,
2367 2508 2469 2548 nec
2502 2492 2736 2548 ulterius
2770 2494 3110 2564 urgendum;
3146 2492 3295 2564 quod
3330 2492 3625 2548 Eusebium

2038 2588 2302 2657 epistolas
2335 2600 2557 2646 nostras
2593 2590 2797 2645 vidisse
2838 2597 3003 2659 atque
3028 2587 3389 2657 descripsisse
3410 2586 3495 2641 vel
3518 2586 3625 2656 ipsi

2039 2680 2339 2735 adversarii
2362 2680 2660 2737 fateantur.

2108 2771 2219 2828 Nec
2255 2782 2470 2830 tantum
2524 2775 2837 2832 testimonia
2889 2790 3013 2845 qua
3059 2774 3341 2846 Ignatiaua
3396 2787 3627 2845 genera-

2038 2870 2136 2926 tim
2170 2879 2225 2925 et
2258 2869 2519 2924 universe
2551 2868 2894 2936 describunt,
2914 2868 3163 2938 epistolis
3196 2867 3348 2923 hisce
3379 2866 3627 2937 apprime

2038 2970 2367 3035 congruunt,
2403 2961 2500 3017 sed
2549 2971 2603 3016 et
2656 2976 2721 3017 ea
2754 2977 2877 3032 qua
2923 2962 3293 3031 particulatim
3329 2978 3359 3016 a
3393 2962 3626 3017 testibus

2039 3054 2324 3125 productis
2356 3068 2424 3108 ex
2457 3051 2668 3122 lguatio
2703 3062 2835 3107 sunt
2882 3061 3139 3123 excerpta
3174 3061 3231 3107 et
3262 3052 3317 3106 in
3375 3052 3622 3121 ipsorum

2043 3148 2215 3203 libros
2249 3147 2353 3203 sub
2383 3146 2504 3217 ejus
2538 3146 2763 3201 nomine
2796 3148 3149 3217 transcripta,
3187 3146 3242 3200 in
3279 3146 3469 3201 codice
3519 3157 3625 3197 no-

2042 3250 2160 3296 stro
2195 3239 2419 3294 totidem
2455 3237 2570 3294 fere
2601 3238 2783 3294 verbis
2836 3239 3224 3309 reperiuntur;
3275 3248 3336 3294 ut
3366 3255 3433 3294 ex
3467 3254 3628 3295 accu-

2039 3343 2160 3388 rata
2186 3333 2478 3387 collatione
2523 3332 2867 3403 singulorum
2903 3332 3349 3388 testimoniorum
3382 3347 3507 3402 qua
3538 3340 3625 3385 at-

2042 3425 2269 3480 tulimus
2312 3440 2438 3480 cum
2473 3423 2716 3479 Medieeo
2742 3425 2931 3479 codice
2966 3424 3287 3494 planissime
3318 3424 3623 3495 apparebit.

2029 3520 2166 3574 Cum
2201 3527 2386 3572 autem
2410 3533 2602 3573 omnes
2638 3519 2924 3573 sententia
2957 3533 2987 3572 a
3023 3518 3294 3572 veteribus
3329 3517 3627 3587 particula-

2042 3610 2138 3665 tim
2175 3610 2541 3679 transcripta,
2578 3619 2872 3680 antequam
2922 3611 3042 3665 alia
3075 3611 3319 3680 epistola
3354 3609 3624 3674 conﬁcta,

2042 3711 2139 3757 aut
2171 3702 2254 3757 ha
2289 3702 2421 3771 ipsa
2483 3702 2825 3769 interpolata
2867 3712 3035 3768 sunt,
3092 3718 3159 3757 ex
3206 3710 3397 3757 nostro
3441 3700 3628 3756 codice

2041 3794 2347 3861 desumpta
2379 3799 2710 3861 appareant;
2734 3807 2970 3861 cumque
3002 3803 3194 3862 postea
3230 3792 3439 3847 nullum
3476 3794 3628 3847 testi-

2042 3883 2289 3938 monium
2323 3882 2411 3937 vel
2444 3898 2509 3937 ex
2546 3880 2709 3950 ﬁctis,
2745 3884 2830 3938 vel
2881 3899 2949 3939 ex
2995 3885 3329 3940 assumentis
3379 3884 3627 3954 catalogo

2041 3985 2234 4033 nostro
2292 3976 2731 4042 adhibuerimus,
2770 3993 2975 4048 eosque
3030 3987 3197 4035 testes
3246 3981 3629 4036 tantummodo

2042 4069 2418 4136 citaverimus,
2453 4069 2548 4140 qui
2584 4070 2850 4139 antiquis,
2887 4070 3056 4136 veris,
3090 4079 3145 4126 et
3195 4073 3350 4141 puris
3381 4071 3627 4142 epistolis

2042 4162 2373 4229 utebantur;
2399 4177 2509 4217 non
2543 4168 2727 4232 potest
2760 4178 2868 4216 non
2904 4162 3020 4217 hac
3055 4163 3276 4218 testium
3311 4163 3629 4219 indeﬁciens

2044 4252 2323 4307 Successio
2374 4267 2651 4307 summam
2698 4253 2949 4325 epistolis
2992 4254 3199 4310 nostris
3248 4253 3432 4320 tidem,
3479 4256 3627 4325 quod

2044 4344 2113 4398 ad
2155 4352 2442 4399 externum
2489 4355 2871 4417 argumentum
2915 4347 3147 4414 attinet,
3195 4348 3510 4403 conciliare.
3546 4346 3628 4403 llli

361 4436 669 4493 πιστεύετε·
711 4437 827 4493 sive
861 4436 985 4491 tidei
1020 4436 1266 4492 habitum
1301 4436 1356 4491 in
1391 4446 1615 4492 auctore
1649 4437 1936 4507 respicias,
1976 4462 2019 4515 ο
2046 4435 2193 4491 enim
2230 4436 2356 4505 ipsi,
2391 4437 2487 4507 qui
2522 4438 2590 4493 de
2624 4437 2983 4508 germanitate
3016 4446 3225 4507 septem
3271 4439 3628 4508 epistolarum

359 4531 500 4586 vivis
553 4530 691 4584 adeo
724 4529 1003 4584 coloribus
1038 4529 1242 4598 ubique
1275 4529 1524 4599 depictus
1556 4538 1660 4596 est,
1696 4538 1757 4585 ut
1787 4528 1945 4584 Owe-

360 4636 468 4677 nus
500 4630 722 4674 nostras
756 4619 811 4673 in
845 4634 911 4675 eo
946 4634 1169 4675 suavem
1206 4619 1331 4676 ﬁdei
1367 4621 1622 4690 spiritum
1656 4629 1940 4693 agnoscat.

363 4710 494 4766 Inde
526 4710 657 4765 illa:
725 4709 867 4779 Ἐγὼ
909 4708 968 4764 δὲ
1018 4708 1157 4782 μετὰ
1188 4710 1294 4782 τὴν
1337 4710 1635 4766 ἀνάστασιν
1679 4713 1740 4766 ὲν
1784 4713 1946 4784 σαρκὶ⁹

365 4801 528 4857 αὑτὸν
560 4797 676 4854 οἶδα
703 4803 801 4857 καὶ
827 4799 1068 4855 πιστεύω
1100 4800 1228 4855 ὄντα
1260 4800 1351 4871 (ad
1376 4800 1616 4877 Smyrn.)
1639 4824 1653 4872 ;
1686 4806 1871 4879 Ὕδωρ
1890 4807 1948 4862 δὲ

366 4895 474 4962 ζῶν
501 4893 790 4964 ἀλλόμενον
811 4896 869 4949 ὲν
898 4894 1021 4965 ἐμοὶ
1048 4892 1250 4948 ἐσωθέν
1283 4911 1372 4964 μοι
1404 4894 1573 4964 λέγει·
1607 4895 1777 4969 Δεῦρο
1810 4900 1950 4972 πρὸς

363 4989 456 5043 τὸν
484 4988 705 5059 Πατέρα
733 4987 826 5059 (ad
865 4986 1069 5058 Rom.).
1104 4986 1232 5043 Sive
1257 4988 1413 5041 tidem
1465 5002 1566 5055 pro
1608 4988 1824 5057 objecto
1855 5005 1951 5046 su-

364 5098 521 5149 mas,
573 5082 732 5137 multi
785 5083 840 5136 in
892 5081 978 5138 his
1022 5080 1267 5152 epistolis
1304 5082 1522 5137 articuli
1561 5082 1686 5138 ﬁdei
1713 5083 1950 5142 breviter

364 5176 727 5246 explicantur,
771 5175 838 5230 de
867 5174 1013 5239 Deo,
1048 5175 1116 5230 de
1159 5175 1374 5230 duabus
1419 5175 1475 5229 in
1515 5174 1734 5232 Christo
1786 5187 1950 5234 natu-

365 5270 462 5336 ris,
495 5270 563 5324 de
601 5268 736 5333 vita,
765 5278 819 5323 et
856 5277 1031 5324 morte
1051 5309 1066 5332 ,
1094 5279 1149 5324 et
1179 5269 1580 5324 resurrectione
1623 5268 1848 5338 Christi,
1881 5274 1947 5327 ad

365 5376 505 5431 quos
542 5361 753 5430 antiqui
799 5360 989 5416 Patres
1021 5363 1182 5417 toties
1218 5362 1583 5431 appellarunt.
1621 5362 1703 5417 Ad
1731 5366 1948 5433 patien-

367 5454 497 5508 tiam
543 5462 598 5509 et
646 5454 995 5508 tolerantiam
1044 5453 1414 5509 Christianam
1456 5454 1758 5524 saepissime
1807 5458 1969 5513 alios

366 5548 614 5618 impellit,
646 5556 707 5601 ut
742 5545 1054 5618 Smyrnaos
1101 5564 1114 5599 :
1160 5547 1385 5620 Ἀμείϐῃ
1432 5549 1559 5619 ὑμῖν
1592 5548 1743 5612 Θεὸς,
1790 5549 1855 5604 δι’
1887 5551 1947 5606 ὃν

364 5639 544 5692 πάντα
571 5638 932 5709 ὑπομένοντες
960 5638 1124 5693 αὐτοῦ
1152 5638 1424 5705 τεύξεσθε
1461 5651 1520 5695 ιιι
1542 5640 1900 5712 Polycarpum
1927 5660 1942 5697 :

364 5732 614 5789 Μάλιστα
655 5733 710 5787 δὲ
740 5732 905 5789 ἕνεκα
942 5732 1080 5788 Θεοῦ
1128 5733 1306 5789 πάντα
1341 5734 1629 5807 ὑπομένειν
1672 5736 1819 5806 ἡμᾶς
1843 5736 1941 5798 δεῖ.

154 6046 405 6148 λιιι,

2047 4529 2117 4585 ab
2144 4527 2382 4584 Eusebio
2415 4538 2846 4584 memoratarum
2904 4530 3250 4596 dubitabant,
3287 4531 3431 4587 bane
3458 4533 3633 4602 potis-

2046 4621 2249 4676 simum
2284 4619 2553 4675 rationem
2589 4620 2912 4690 aﬂ'erebant,
2937 4622 3083 4692 quod
3117 4623 3281 4677 verba
3316 4624 3629 4691 Athanasii,

2047 4711 2377 4768 Theodoreti
2435 4712 2780 4783 aliorumque
2810 4725 3058 4768 veterum
3110 4715 3164 4769 in
3200 4714 3430 4783 iisdem,
3466 4728 3632 4788 prout

2046 4813 2178 4860 tunc
2208 4806 2374 4860 etiam
2407 4804 2617 4872 Graec,
2655 4804 2750 4860 sed
2786 4805 3147 4874 interpolata,
3185 4809 3498 4874 exstabant,
3518 4826 3629 4864 non

2047 4905 2466 4965 comparerent;
2503 4906 2564 4951 ut
2617 4914 2681 4952 ex
2718 4898 2785 4953 iis
2834 4907 3071 4965 constat,
3103 4915 3226 4968 qua
3258 4900 3313 4953 in
3353 4899 3632 4956 Proamio

2047 4988 2213 5042 latius
2235 4987 2607 5044 disseruntur.
2634 4990 2705 5043 At
2740 4989 2835 5059 qui
2866 4988 3187 5059 Catalugum
3218 4990 3441 5045 testium
3475 5005 3506 5045 a
3540 5005 3634 5045 no-

2048 5079 2135 5135 bis
2168 5079 2483 5135 confeetum
2520 5081 2809 5152 inSpiciet,
2846 5085 3031 5138 omnia
3075 5084 3393 5139 testimonia
3422 5098 3454 5138 a
3491 5092 3634 5139 vete-

2048 5172 2202 5228 ribus
2226 5181 2486 5242 excerpta
2520 5173 2577 5225 in
2629 5173 2880 5243 epistolis
2912 5174 3143 5242 neStris,
3172 5175 3241 5229 ab
3276 5175 3429 5229 omni
3467 5190 3631 5230 assu-

2050 5273 2240 5319 mento
2270 5264 2485 5330 liberis,
2514 5264 2710 5320 iisdem
2746 5265 2861 5321 lere
2894 5267 3078 5322 verbis
3125 5267 3329 5321 diserte
3362 5266 3631 5323 contineri

2046 5353 2300 5422 reperiet.
2332 5351 2522 5424 Neque
2576 5370 2709 5410 vero
2752 5356 2927 5411 ullum
2973 5358 3042 5411 de
3094 5357 3369 5412 industria
3410 5366 3635 5427 prater-

2050 5445 2336 5510 misimus,
2398 5455 2597 5516 prater
2644 5447 2875 5503 unicum
2928 5448 3062 5503 illud
3107 5446 3167 5504 S.
3222 5447 3563 5521 Hieronymi,
3592 5449 3629 5503 l.

2051 5554 2136 5604 ιιι,
2173 5537 2433 5593 Adversus
2463 5538 2822 5611 Pelagianos:
2870 5540 3121 5612 Ignatius
3168 5543 3247 5595 vir
3310 5542 3630 5611 apostolicus

2050 5640 2099 5685 et
2127 5641 2335 5703 martyr
2377 5634 2563 5690 scribit
2594 5636 2852 5691 audacter
2882 5651 2897 5690 :
2945 5654 2963 5687 ι
2995 5635 3167 5707 Elegit
3222 5634 3480 5691 Dominus
3504 5651 3637 5698 apo-

2052 5724 2237 5797 stolos,
2273 5726 2364 5798 qui
2386 5743 2543 5797 super
2580 5744 2756 5785 omnes
2816 5729 3050 5785 homines
3103 5740 3405 5798 peccatores
3422 5744 3648 5809 erantJ
