3864 6204
193 284 292 339 101

955 280 1005 337 J.
1047 270 1417 336 PEARSONII
1474 270 1799 334 VINDICIAZ
1844 264 2268 329 IGNATIA'NZE.
2303 299 2373 313 ——
2412 270 2592 327 PARS
2626 269 2666 324 l.
2717 302 2727 313 -

3378 266 3484 322 μη

192 405 431 461 Constat
464 403 617 460 enim
668 416 793 458 eum
844 401 906 455 in
968 402 1070 455 hac
1101 398 1372 455 sententia
1429 399 1645 453 citanda
1680 411 1795 451 me—
1824 401 1871 459 Α
1971 391 2042 445 At
2062 389 2344 461 delgnatii
2372 388 2623 458 epistolis
2675 395 2930 441 neutrum
2961 386 3161 440 horum
3189 382 3296 439 dici
3324 399 3485 453 posse

193 496 438 552 moriam
497 492 761 558 fefelisse,
821 501 878 546 et
930 490 1205 562 lgnatium
1260 505 1362 560 pro
1422 489 1672 544 Barnaba
1701 503 1794 559 po-

193 588 416 653 suisse;
452 587 513 641 in
562 587 725 655 cujus
753 583 985 653 epistola
1015 598 1180 650 quam
1211 597 1359 637 nunc
1403 581 1692 645 habemus,
1727 595 1792 635 ea

194 679 369 736 verba
400 685 659 743 exstant;
716 682 771 729 et
807 690 877 728 ex
909 687 1021 742 quo
1075 669 1342 743 Origenes
1375 680 1502 726 ante
1530 669 1796 743 Hierony-

196 786 354 828 mum
390 770 588 825 eadem
618 768 975 838 produxerat.
1000 764 1395 835 Posuititaque
1430 763 1797 836 Hieronymus

196 869 480 942 lgnatium
530 882 635 938 pro
674 865 952 931 Barnaba,
999 873 1061 919 ut
1111 864 1244 918 alibi
1285 864 1540 918 Clemens
1572 861 1798 916 Alexan-

195 964 408 1020 drinus
431 962 743 1016 Barnabam
778 974 879 1029 pro
900 957 1203 1013 Clemente.
1234 958 1377 1012 Cum
1416 956 1582 1028 igitur
1611 953 1795 1009 omnia

196 1055 533 1112 testimonia
563 1052 816 1123 priorum
866 1050 1219 1114 saeculorum,
1245 1064 1310 1105 ex
1350 1047 1409 1103 S.
1441 1048 1650 1120 Ignatio
1679 1062 1799 1117 par-

194 1148 483 1206 ticulatim
536 1155 814 1215 excerpta,
862 1144 991 1198 inde
1042 1143 1200 1198 libris
1246 1152 1491 1197 veterum
1545 1141 1793 1207 Patrum,

194 1251 474 1312 tanquam
508 1248 589 1295 tot
638 1238 824 1304 ﬂores,
859 1253 1085 1309 sparsa;
1119 1251 1358 1305 cumque
1392 1243 1518 1304 post
1569 1234 1669 1289 has
1692 1234 1800 1303 epi-

200 1335 384 1391 stolas
406 1340 697 1402 corruptas
726 1331 974 1400 aliasque
1006 1328 1293 1392 confictas,
1319 1335 1397 1381 tot
1419 1338 1601 1381 tamen
1632 1326 1797 1380 etiam

201 1440 277 1480 ex
317 1424 477 1495 puris
529 1422 791 1487 adducta,
855 1421 909 1473 in
963 1419 1051 1474 his
1108 1417 1357 1488 epistolis
1414 1416 1638 1471 totidem
1688 1414 1801 1469 fere

203 1517 398 1572 verbis
426 1520 807 1584 compareant,
847 1513 974 1582 jure
1025 1525 1090 1565 ac
1137 1510 1336 1563 merito
1369 1508 1587 1563 easdem
1622 1506 1799 1560 eidem

204 1602 272 1660 S.
304 1601 542 1673 lgnatio,
571 1600 661 1657 cui
691 1599 774 1654 illi
820 1614 1013 1655 omnes
1070 1598 1406 1665 tribuerunt,
1446 1596 1801 1652 ascribendas

202 1695 618 1751 contendimus.

282 1787 534 1856 Denique
564 1785 696 1839 hinc
725 1783 889 1838 etiam
925 1790 1312 1853 argumentum
1359 1782 1424 1836 ad
1475 1781 1801 1836 asserendas

206 1878 271 1934 S.
305 1878 525 1949 lgnatio
576 1878 677 1931 has
708 1875 971 1946 epistolas
1009 1891 1119 1929 non
1169 1875 1288 1930 leve
1340 1875 1613 1940 elicimus,
1655 1875 1802 1943 quod

202 1971 362 2025 nulla
396 1969 759 2025 vetustiorum
791 1977 1095 2036 temporum
1119 1976 1331 2021 aetatem
1353 1982 1466 2036 prae
1488 1981 1548 2021 se
1572 1965 1800 2020 ferentia

199 2060 319 2133 jam
352 2059 558 2130 scripta
601 2068 854 2123 exstent;
902 2061 969 2113 de
1000 2072 1240 2127 quorum
1299 2057 1449 2112 veris
1481 2056 1802 2111 auctoribus

204 2160 308 2207 aut
337 2152 446 2205 hoc
474 2157 570 2204 aut
603 2150 791 2219 priore
841 2147 1043 2203 saeculo
1074 2148 1186 2201 ulla
1229 2163 1355 2202 cum
1398 2149 1613 2201 ratione
1641 2147 1803 2200 dubi-

202 2252 389 2297 tatum
415 2249 523 2307 est,
548 2241 682 2311 quin
711 2248 808 2293 aut
837 2255 869 2292 a
898 2239 1178 2293 veteribus
1205 2255 1312 2293 non
1341 2238 1546 2293 fuerint
1578 2239 1802 2293 omnino

205 2335 424 2406 agnita,
454 2341 552 2387 aut
587 2334 635 2386 si
693 2333 837 2386 forte
893 2333 962 2386 ab
1015 2332 1293 2402 aliquibus
1347 2331 1532 2401 agnita
1563 2332 1693 2396 sint,
1734 2330 1803 2387 de

204 2424 408 2479 iisdem
443 2434 628 2479 tamen
687 2425 743 2477 in
800 2423 1043 2478 Ecclesia
1075 2423 1171 2477 Dei
1204 2422 1274 2477 ab
1308 2422 1432 2476 aliis
1456 2430 1552 2475 aut
1582 2421 1802 2476 dubita-

204 2526 327 2572 tum
357 2528 456 2573 aut
483 2518 822 2588 disputatum
859 2516 1041 2571 fuerit.
1084 2515 1143 2570 S.
1188 2514 1488 2571 Clementis
1509 2514 1799 2584 epistolam

209 2610 516 2664 secundam
549 2624 660 2663 non
688 2608 936 2678 ejusdem
969 2607 1218 2663 auctoris
1263 2621 1389 2662 esse
1446 2622 1571 2661 cum
1622 2607 1801 2676 prima

206 2701 412 2755 volunt
443 2700 551 2754 viri
580 2699 755 2764 docti,
790 2700 921 2754 licet
974 2709 1206 2769 utraque
1249 2698 1302 2752 in
1329 2698 1648 2753 Canonihus
1672 2713 1800 2768 apoo

209 2792 428 2847 stolieis
463 2791 667 2860 pariter
691 2791 974 2860 probetur,
1010 2799 1066 2845 et
1114 2790 1183 2844 ab
1230 2788 1537 2859 Epiphanio
1570 2789 1804 2858 aliisque

210 2894 574 2955 agnoscatur.
609 2885 679 2939 At
711 2885 819 2940 hoc
848 2884 1029 2954 primo
1051 2883 1319 2938 indicavit
1350 2881 1644 2945 Eusebius,
1673 2881 1800 2937 dein

207 2974 589 3046 Hieronymus
621 2985 675 3029 et
699 2975 949 3029 Photius.
980 2974 1226 3043 Dionysii
1257 2973 1599 3044 Areopagitae
1629 2973 1799 3028 libros

206 3069 362 3123 male
396 3077 552 3123 tanto
586 3068 706 3122 viro
760 3069 1052 3137 ascriptos,
1098 3076 1151 3122 et
1195 3068 1298 3122 sub
1343 3067 1464 3136 ejus
1493 3065 1712 3121 nomine
1746 3066 1802 3119 li-

208 3173 335 3218 ctos
382 3163 498 3232 jam
521 3160 747 3231 plurimi
779 3159 1143 3224 contendunt,
1176 3167 1343 3225 atque
1383 3158 1527 3211 inter
1568 3170 1665 3209 eos
1695 3170 1805 3208 ma-

209 3256 364 3311 xime
396 3255 654 3311 Dallaaus.
700 3253 808 3309 Sed
846 3254 948 3309 hos
981 3253 1130 3323 ipsos
1165 3253 1341 3322 prius,
1367 3252 1439 3307 ob
1470 3250 1805 3307 testimonio-

205 3365 337 3404 rum
368 3349 670 3414 defectum,
697 3349 889 3419 rejecit
918 3362 1044 3403 cum
1094 3350 1211 3403 suis
1261 3344 1567 3417 Hypatius;
1600 3353 1653 3399 et
1682 3352 1806 3413 post

206 3457 340 3498 eum
378 3442 563 3507 multi,
600 3441 767 3496 etiam
826 3441 898 3496 ob
940 3441 1253 3507 materiam,
1296 3438 1642 3510 Areopagitze
1683 3451 1805 3492 esse

207 3543 514 3605 negarunt,
572 3544 636 3590 ut
692 3535 990 3589 ostendunt
1042 3533 1316 3589 Maximus
1355 3542 1410 3588 et
1456 3532 1801 3597 Theodorus,

209 3630 307 3698 qui
376 3630 603 3684 eosdem
668 3627 961 3683 infeliciter
1035 3626 1329 3682 defendere
1396 3625 1576 3681 conati
1653 3633 1801 3680 sunt.

208 3719 435 3775 Hermae
461 3719 746 3776 Pastorem
794 3720 1039 3774 universi
1070 3720 1171 3773 hac
1196 3727 1356 3773 :etate
1402 3718 1517 3772 fere
1541 3717 1803 3772 condem~

208 3823 382 3879 nant;
429 3812 576 3868 idem
633 3814 791 3867 multi
840 3812 1094 3883 Origenis
1128 3828 1266 3874 aevo,
1301 3813 1421 3880 ipso
1451 3820 1609 3875 teste,
1661 3807 1805 3863 fece-

211 3910 368 3971 runt,
396 3917 459 3960 ut
510 3916 565 3961 et
617 3905 977 3973 Tertulliani;
1031 3915 1086 3960 et
1132 3906 1178 3960 si
1211 3920 1400 3960 verum
1449 3913 1616 3967 esset,
1655 3901 1803 3973 quod

211 4000 398 4056 Latini
429 4009 622 4070 postea
654 3998 1019 4065 tradiderunt,
1057 3998 1257 4054 librum
1288 4013 1412 4051 eum
1467 4012 1499 4050 a
1549 3994 1630 4049 Pii
1665 4009 1803 4064 pon-

211 4090 385 4146 tilicis
405 4088 578 4144 fratre
604 4089 872 4159 scriptum
899 4088 1093 4153 fuisse,
1113 4096 1260 4143 esset
1285 4088 1404 4142 sine
1431 4083 1802 4141 controversia

212 4181 627 4253 supposititius.
664 4179 935 4236 Procbori
970 4180 1190 4234 libellus
1245 4178 1316 4233 De
1340 4179 1448 4232 vita
1480 4176 1538 4232 S.
1574 4174 1801 4230 Joannis

211 4273 365 4329 haud
389 4272 668 4327 immerito
721 4272 995 4341 rejicitur,
1022 4278 1086 4326 ut
1115 4280 1169 4325 et
1223 4268 1475 4322 Historia
1511 4266 1802 4337 apostolica

212 4366 407 4419 Abdia:
434 4364 744 4435 Babylonii,
774 4378 938 4433 quem
970 4371 1094 4432 post
1121 4361 1484 4432 Hegesippum
1516 4361 1803 4430 scripsisse

213 4460 478 4513 observat
496 4456 775 4511 Gerardus
825 4454 1078 4521 Vossius,
1136 4455 1338 4509 addere
1385 4454 1558 4522 potuit
1586 4462 1641 4507 et
1676 4460 1800 4523 post
1832 4450 1876 4505 D

214 4548 522 4615 Bullinum,
557 4563 682 4601 nam
717 4548 885 4602 verba
938 4546 1225 4617 Hegesippi
1259 4547 1400 4616 apud
1440 4546 1670 4601 Abdiam
1731 4561 1800 4600 ex

215 4642 423 4697 Bullini
458 4642 818 4697 translatione
860 4650 989 4695 sunt
1033 4640 1383 4708 transcripta.
1419 4638 1526 4693 Sed
1559 4637 1628 4693 de
1659 4647 1805 4693 utro-

215 4750 329 4807 que
362 4735 531 4789 altum
566 4733 711 4803 apud
769 4740 979 4787 veteres
1012 4732 1312 4786 silen'ium.
1364 4729 1553 4785 Passio
1587 4728 1644 4787 S.
1699 4730 1805 4783 An-

215 4830 368 4882 dreae
396 4842 426 4881 a
453 4827 788 4897 presbyteris
807 4834 861 4879 et
887 4824 1133 4879 diaconis
1157 4821 1528 4876 Ecclesiarum
1560 4820 1800 4887 Achaiae,

215 4933 278 4979 ut
313 4922 527 4986 volunt,
556 4922 763 4989 scripta
825 4918 1007 4973 adhuc
1041 4917 1488 4979 controvertitur,
1546 4916 1639 4971 sed
1690 4924 1800 4970 tam

214 5010 435 5081 antiqui
460 5009 809 5079 maximeque
863 5007 1164 5063 venerandi
1197 5008 1561 5072 monumenti,
1610 5006 1656 5061 si
1713 5022 1802 5061 ve-

214 5118 345 5158 rum
371 5111 538 5168 esset,
577 5117 743 5158 nemo
792 5109 1035 5156 veterum
1066 5100 1338 5165 meminit,
1383 5113 1559 5168 neque
1594 5107 1720 5153 ante
1746 5097 1804 5152 li-

214 5211 347 5250 nem
374 5195 556 5249 octavi
580 5193 766 5249 saeculi
801 5208 832 5247 a
877 5191 1138 5261 quopiam
1173 5199 1532 5246 memoratur.
1570 5189 1797 5263 Reliqua

213 5287 386 5342 etiam
443 5301 566 5355 qua:
621 5293 949 5339 vetustatem
1009 5298 1282 5339 summam
1348 5297 1461 5351 pra:
1506 5296 1564 5336 se
1616 5279 1799 5335 ferunt

214 5379 452 5448 scripta,
506 5377 711 5443 ethoc,
746 5378 832 5431 vel
886 5376 1227 5448 praecedente
1287 5374 1510 5440 saeculo,
1543 5372 1677 5428 viris
1709 5372 1800 5427 do-

214 5471 323 5525 ctis
361 5470 548 5538 spuria
582 5469 865 5534 videntur;
907 5468 994 5522 vel
1031 5468 1143 5521 alto
1165 5475 1329 5537 atque
1363 5464 1626 5520 diuturno
1658 5473 1799 5518 vete-

214 5579 344 5617 rum
374 5562 595 5617 silentio
619 5562 971 5625 damnantur,
1031 5561 1116 5617 vel
1150 5576 1180 5615 a
1222 5570 1464 5615 veterum
1494 5558 1792 5629 aliquibus,

209 5658 308 5710 diu
338 5664 467 5711 ante
513 5664 699 5710 nostra
754 5665 1017 5726 tempora,
1067 5655 1292 5726 reiecta,
1344 5662 1440 5710 aut
1496 5654 1688 5709 saltem
1740 5653 1794 5708 in

209 5748 445 5803 dubium
479 5757 667 5804 vocata
696 5759 847 5805 sunt.

1900 485 1992 539 illa
2022 500 2146 555 quae
2183 483 2516 538 adduximus
2552 479 2867 535 testimonia
2916 487 2972 534 et
3003 494 3126 548 quae
3175 485 3364 547 postea
3401 477 3488 532 di-

1900 576 2072 632 cenda
2107 586 2234 631 sunt
2260 575 2405 629 clare
2430 572 2720 640 evincunt;
2773 588 2899 627 nam
2940 572 3052 626 alto
3099 571 3319 625 silentio
3349 585 3487 624 eon-

1899 666 2149 722 demnari
2183 682 2293 721 non
2326 673 2579 735 possunt,
2615 681 2739 736 quae
2767 666 2834 720 ab
2856 664 3015 718 initio
3051 671 3289 732 receptae
3322 670 3487 731 atque

1899 768 2252 824 summOpere
2284 756 2521 810 laudatae
2560 765 2720 823 sunt;
2769 768 2822 810 et
2853 771 2921 809 an
2967 753 3025 809 S.
3051 754 3244 826 lgnatii
3297 769 3486 808 revera

1899 846 2149 915 genuina:
2179 856 2403 911 essent,
2470 861 2635 900 nemo
2696 855 2965 909 veterum,
3017 859 3180 900 nemo
3214 843 3489 899 recentio-

1899 955 2025 991 rum
2074 939 2357 994 dubitasse
2405 954 2465 995 se
2516 940 2721 996 diserte
2762 939 2937 995 dixit:
2968 953 3133 992 nemo
3184 937 3404 1008 spurias
3435 945 3492 990 et

1900 1032 2307 1087 commentitias
2333 1031 2502 1087 fuisse
2528 1032 2844 1102 suspicatus
2866 1039 2970 1095 est,
2990 1039 3285 1100 antequam
3310 1031 3490 1100 primo

1899 1124 2097 1192 aliqua:
2138 1121 2331 1177 Latine
2362 1132 2491 1178 sunt
2531 1122 2815 1192 impressae
2832 1121 3107 1178 veteribus
3141 1136 3367 1191 prorsus
3406 1121 3493 1174 in-

1900 1215 2160 1284 cognitae,
2198 1215 2318 1270 alia:
2371 1215 2535 1269 etiam
2585 1213 2779 1269 Latine
2825 1223 3038 1268 tantum
3094 1214 3307 1283 primo,
3363 1212 3488 1269 dein

1900 1301 2112 1363 Grece,
2151 1304 2245 1357 sed
2283 1318 2409 1358 cum
2446 1304 2572 1359 aliis
2618 1305 2863 1376 junctae,
2918 1320 3042 1374 qua:
3092 1298 3492 1377 recentioribus
3545 1315 3554 1325 '

1901 1400 2113 1448 tantum
2148 1394 2357 1450 Graecis
2390 1398 2591 1468 agnitae
2626 1406 2789 1461 sunt,
2826 1395 3044 1467 illzeque
3081 1397 3234 1467 ipsae,
3271 1410 3309 1450 a‘
3334 1404 3490 1450 vete-

1901 1485 2056 1539 ribus
2090 1486 2353 1554 probatte,
2406 1487 2631 1541 nonnisi
2699 1486 2892 1541 multis
2924 1487 3259 1541 assumentis
3291 1494 3488 1542 conta-

1902 1576 2126 1630 minatae
2159 1585 2508 1646 apparerent.
2547 1578 2684 1633 Cum
2750 1578 2917 1649 igitur
2946 1578 3059 1647 jam
3096 1578 3313 1633 tandem
3349 1577 3492 1633 anti-

1902 1666 2184 1737 quissimae
2216 1668 2408 1739 lgnatii
2440 1670 2684 1739 epistolae
2717 1686 2747 1724 a
2783 1670 3133 1740 sequioribus
3166 1669 3278 1726 sint
3300 1667 3493 1726 discri-

1833 1762 1873 1816 B
1904 1759 2125 1814 minata:
2158 1770 2323 1830 atque
2356 1761 2669 1831 disjuncta},
2697 1761 2767 1816 ab
2799 1762 3137 1817 assumentis
3172 1772 3337 1831 atque
3369 1775 3493 1817 cor-

1906 1848 2137 1916 ruptelis
2172 1849 2439 1913 liberatae,
2510 1850 2786 1919 nitorique
2820 1850 3055 1920 pristino
3088 1851 3377 1915 restitutae,
3413 1850 3491 1906 sic

1902 1938 2127 2007 mulquc
2174 1940 2632 1993 cumulatissimis
2687 1939 3134 2010 uniuscujusque
3185 1940 3371 1995 επιξυιί
3419 1947 3494 1995 te-

1903 2031 2183 2085 stimoniis
2232 2032 2607 2095 confirmatae,
2677 2047 2853 2102 neque
2899 2035 3192 2103 quisquam
3244 2042 3490 2086 veterum

1904 2134 2183 2192 appareat,
2236 2123 2332 2193 qui
2388 2124 2455 2178 de
2506 2139 2696 2177 earum
2751 2125 3131 2193 suppositione
3191 2124 3490 2194 quidquam

1903 2212 2205 2267 hariolatus
2252 2213 2361 2280 sit;
2430 2214 2577 2267 nulla
2630 2213 2774 2269 ratio
2827 2215 2912 2268 vel
2946 2214 3250 2284 excogitari
3287 2224 3488 2284 potest,

1903 2306 1975 2360 ob
2008 2321 2171 2375 quam
2207 2321 2397 2359 earum
2422 2308 2734 2361 veneranda
2773 2307 3071 2376 antiquitas
3103 2316 3158 2363 et
3191 2309 3494 2366 auctoritas

1904 2395 2088 2450 debita
2124 2396 2181 2449 in
2216 2398 2443 2449 dubium
2481 2396 2551 2449 sit
2584 2398 2929 2462 revocanda;
2970 2405 3066 2450 aut
3098 2396 3144 2451 si
3195 2396 3304 2450 ulla
3338 2412 3495 2451 exco-

1904 2488 2065 2555 gitari
2099 2488 2296 2557 possit,
2333 2503 2402 2542 ea
2436 2503 2502 2543 ex
2538 2488 2656 2557 ipsa
2691 2488 3048 2557 epistolarum
3106 2489 3333 2544 materia
3368 2488 3495 2544 elici

1903 2577 2086 2641 debet,
2122 2594 2287 2645 quam
2326 2578 2379 2631 in
2445 2578 2696 2648 sequenti
2760 2580 3150 2635 dissertatione
3208 2580 3279 2635 ab
3340 2580 3495 2636 omni

1904 2668 2224 2737 suspicione
2289 2670 2691 2724 liberabimus:
2760 2669 2864 2725 hac
2912 2672 3131 2725 interim
3182 2672 3495 2741 justissima

1906 2761 2337 2829 prtesumptione
2371 2761 2651 2824 contenti,
2689 2769 2768 2814 tot
2801 2762 3212 2818 vetustissimos
3243 2763 3497 2819 doctissi-

1902 2867 2133 2924 mosque
2166 2852 2361 2908 Patres
2395 2870 2522 2908 cum
2560 2854 2900 2924 sequacibus
2935 2856 2989 2909 in
3054 2854 3351 2925 lgnatianis
3384 2872 3493 2912 non

1901 2957 2139 3007 errasse,
2176 2945 2272 3015 qui
2320 2954 2475 2999 tanto
2538 2960 2814 3000 consensu
2852 2947 2907 3000 in
2944 2947 3095 3002 nullo
3144 2948 3254 3002 alio
3288 2949 3489 3003 celebri

1902 3043 1958 3090 et
2002 3038 2230 3108 antiquo
2282 3038 2660 3094 ecclesiastico
2704 3040 2911 3109 scripto
2954 3055 3057 3095 nos
3111 3039 3373 3096 fefellisse
3405 3041 3497 3096 ha-

1907 3138 2098 3186 ctenus
2131 3132 2458 3200 deprehensi
2493 3140 2643 3187 sunt.

2526 3242 2756 3298 CAPUT
2796 3242 2886 3299 IV.

1906 3334 2290 3395 Argumentum
2337 3337 2763 3390 adversariorum
2795 3353 2828 3389 a
2877 3336 3198 3395 testimoniis
3231 3337 3490 3391 adversus

2013 3407 2266 3473 gnatiana
2295 3408 2635 3475 expungitur.
2660 3406 3107 3460 Stichometriam
3138 3423 3239 3459 non
3262 3423 3372 3460 esse
3390 3407 3494 3461 Ni—

1978 3476 2187 3543 cephori
2232 3476 2647 3545 patriarchw.Et
2683 3477 3040 3544 Nicephorum
3064 3487 3113 3530 et
3144 3477 3493 3531 Anastasium

1986 3545 2191 3617 Ignatii
2216 3547 2788 3617 epistolas_admisisse.
2817 3546 3201 3617 Stichontetrite
3226 3558 3492 3600 auctorem

1976 3615 2078 3672 non
2097 3618 2442 3687 condemnare
2465 3615 2665 3687 [gnatii
2694 3617 2969 3683 epistolas.
2997 3616 3246 3685 Defensio
3277 3634 3494 3687 respon-

1976 3690 2142 3744 sionis
2178 3686 2525 3741 ﬂammandi.
2556 3686 2680 3740 Non
2728 3688 2946 3755 probari
2978 3686 3391 3754 suppositionem
3428 3705 3494 3741 ea:

1975 3758 2115 3813 nudo
2145 3756 2303 3810 titulo
2327 3758 2767 3827 apocrypltorum.
2802 3756 2924 3827 Non
2945 3773 3010 3809 ea:
3032 3758 3245 3827 reliquis
3272 3759 3491 3825 quicum

1975 3829 2190 3900 lgttatio
2234 3825 2606 3900 numerantur:
2657 3826 2737 3879 De
2788 3826 3001 3900 Ilerngte
3033 3825 3259 3900 Pastore
3305 3829 3493 3900 pateris

1980 3896 2232 3952 Ecclesia:
2247 3897 2538 3966 judicium.
2565 3897 2865 3951 Consensus
2894 3896 3183 3966 Nicephori
3209 3909 3259 3952 et
3291 3897 3493 3952 Gelasii

1976 3970 2181 4038 frustra
2224 3967 2548 4021 obtenditur.
2584 3968 2861 4021 Decretum
2891 3967 2984 4022 sub
3017 3969 3220 4038 Celasii
3275 3971 3489 4022 nomine

1977 4037 2180 4092 editum
2232 4039 2397 4106 ipsius
2443 4054 2554 4090 esse
2594 4055 2695 4091 non
2734 4038 2961 4090 videtur.
3000 4037 3250 4161 DeAensio
3290 4038 3493 4092 Usscrii

1977 4112 2040 4161 ab
2066 4107 2446 4161 obiectionibus
2490 4107 2687 4161 Dallazi
2714 4110 3035 4161 vindicatur.
3114 4111 3357 4161 esoonsio
3392 4125 3492 4161 no-

1976 4112 2040 4162 ab
2066 4107 2446 4176 objectionibus
2490 4107 2687 4163 Dallwi
2714 4110 3035 4161 vindicatur.
3068 4107 3357 4175 Responsio
3392 4125 3492 4162 no-

1975 4189 2090 4231 stra
2147 4178 2259 4229 illis
2302 4176 2626 4248 llannnogndi
2666 4187 2715 4231 et
2766 4176 2967 4232 Usserii
3019 4179 3388 4248 superaddita.
3423 4176 3492 4231 In

1975 4248 2362 4318 Stichometriaj
2382 4247 2476 4299 sub
2510 4246 2713 4318 lgnatii
2743 4249 2952 4301 nomine
2984 4246 3091 4301 non
3109 4248 3491 4318 epistolas,sed

1974 4318 2204 4388 Διδαχήν
2219 4316 2487 4388 intelligi.
2512 4316 2583 4370 De
2600 4318 2854 4371 indiculis
2876 4332 2894 4370 :
2916 4316 3145 4387 itemque
3167 4319 3230 4371 de
3242 4319 3491 4371 didasca-

1974 4390 2085 4454 liis,
2106 4386 2169 4442 et
2199 4386 2681 4442 Constitutionibus
2723 4388 3029 4457 apostolicis
3058 4386 3246 4443 brevis
3293 4389 3494 4443 disser-

1974 4461 2127 4513 talio.

1976 4549 2047 4605 Ut
2080 4551 2184 4605 hoc
2210 4557 2499 4604 externum
2528 4558 2916 4622 argumentum
2956 4566 2986 4604 a
3019 4549 3355 4606 testimoniis
3392 4566 3489 4620 pe-

1902 4643 2061 4697 titum
2102 4642 2212 4697 vim
2262 4658 2382 4697 eam
2436 4658 2546 4712 qua
2602 4643 2769 4713 pollet
2819 4643 3084 4705 obtineat,
3113 4652 3167 4698 et
3217 4643 3488 4697 illibatum

1902 4745 2281 4800 conservetur,
2318 4734 2461 4788 haud
2509 4735 2723 4788 meliori
2764 4735 3027 4789 methodo
3072 4735 3151 4789 uti
3197 4750 3285 4790 me
3327 4750 3491 4805 posse

1902 4826 2103 4890 sentio,
2133 4841 2299 4896 quam
2346 4827 2393 4879 si
2425 4840 2488 4881 ea
2522 4827 2733 4893 omnia,
2768 4842 2891 4896 qua:
2919 4826 3269 4881 adversarius
3302 4826 3367 4879 ad
3403 4825 3488 4895 ip-
3539 4815 3555 4833 ³

1902 4935 2024 4975 sum
2059 4918 2501 4973 labefactandum
2551 4918 2905 4990 excogitavit,
2937 4934 3103 4988 porro
3124 4917 3487 4975 examinanda

1899 5026 2223 5082 proponam.
2276 5011 2517 5065 Observo
2553 5019 2735 5064 autem
2778 5026 2840 5065 ea
2877 5011 2945 5064 ad
2988 5012 3093 5064 tria
3131 5009 3309 5079 capita
3336 5024 3489 5063 eom-

1899 5105 2061 5159 mode
2098 5102 2308 5170 reduci,
2336 5111 2391 5157 et
2428 5102 2484 5157 in
2525 5102 2673 5158 hunc
2706 5102 2954 5157 ordinem
2983 5098 3287 5156 luculenter
3314 5100 3484 5171 redigi

1898 5208 2085 5263 posse.
2120 5192 2329 5261 Primo,
2356 5192 2446 5248 ille
2476 5192 2640 5248 etiam
2669 5192 2982 5247 testimonia
3005 5191 3250 5255 adducit,
3279 5191 3486 5260 quibus

1900 5300 2059 5341 suam
2094 5287 2162 5341 de
2193 5286 2575 5357 suppositione
2597 5284 2954 5355 epistolarum
2989 5283 3322 5339 sententiain
3350 5296 3485 5337 con-

1900 5377 2101 5434 ﬁrmet.
2151 5378 2443 5446 Secundo,
2494 5386 2662 5433 testes
2712 5384 2967 5443 nostros,
3021 5375 3091 5431 ab
3136 5372 3483 5435 Hammondo

1899 5474 2055 5543 prius
2093 5473 2379 5538 adductos,
2402 5472 2808 5528 vetustissimos
2833 5470 3132 5540 praecipue,
3158 5468 3362 5539 rejicit;
3388 5474 3483 5522 aut

1900 5564 2204 5620 invalidum
2233 5566 2391 5635 plane
2417 5580 2606 5618 eorum
2632 5564 3009 5619 testimonium
3035 5562 3260 5618 reddere
3276 5561 3482 5632 sigilla-

1900 5659 1997 5712 tim
2030 5668 2282 5712 conatur.
2318 5656 2527 5722 Tertio,
2562 5667 2944 5727 argumentum
2982 5671 3012 5709 a
3042 5654 3352 5709 testimonio
3384 5668 3481 5707 ne-

1901 5748 2139 5817 gativum
2183 5746 2484 5803 fabricatus
2511 5755 2617 5807 est.
2652 5761 2758 5816 qua
2792 5745 3023 5816 probare
3064 5745 3276 5807 nititur,
3306 5746 3482 5799 nemi-
