3864 6204
454 245 558 301 M3

1459 251 1516 303 S.
1559 250 1904 307 IGNATIUS.
1940 283 2007 295 ν·-
2041 243 2576 309 PRULEGOMENAt

3621 262 3729 315 HM

435 381 561 419 nem
610 363 970 434 epistularum
1021 371 1161 436 quas
1205 364 1573 434 defendimus,
1607 385 1704 438 per
1740 371 2028 428 ducentos
2056 377 2102 434 Α
2133 389 2293 444 pares
2326 375 2552 430 habeas.
2595 373 2700 430 Sed
2736 391 2852 428 ecce
2880 385 3122 431 auctores
3161 377 3240 445 hi,
3270 386 3545 450 quotquot
3569 393 3725 447 sunt,

435 467 564 527 post
591 457 782 528 Ignatii
815 471 1050 513 mortem
1089 475 1265 514 annos
1291 462 1630 529 meminisse,
1663 472 1721 519 et
1747 463 1874 519 inde
1899 481 2027 520 con-

435 550 627 618 cludit,
656 551 726 606 ab
759 551 970 619 lgnalio
996 567 1105 605 non
1139 550 1699 624 fuisse'conscriptas.

505 642 714 713 Incipio
746 661 775 698 a
806 646 1036 700 testibus
1054 644 1122 699 ab
1145 645 1462 700 adversario
1491 657 1684 703 contra
1707 658 2022 706 nostrorum

431 730 607 784 aciem
641 731 781 786 miro
818 732 982 787 modo
1033 734 1339 802 productis,
1371 735 1456 790 vel
1491 738 1671 807 potius
1715 741 2019 797 subductis.

433 821 556 878 Illos
600 824 770 888 enim,
817 840 920 878 non
960 835 1070 878 tam
1099 825 1168 878 ad
1206 829 1634 883 constituendam
1684 834 2018 900 sententiam,

429 931 588 983 quam
632 916 702 969 ad
741 916 1104 985 depellendam
1152 919 1416 973 invidiam
1446 922 1742 978 adduxisse
1787 939 1846 980 se
1893 924 2024 980 fate-

432 1017 521 1060 tur
545 1026 558 1039 ·
598 1009 652 1062 ἱιι
687 1025 836 1064 eum.
881 1009 1113 1070 scilicet.
1156 1010 1344 1080 ﬁnem,
1376 1021 1435 1066 ut
1461 1016 1655 1083 probet
1687 1015 2018 1073 Salmasium

428 1113 483 1157 et
512 1105 856 1159 Blondellum
887 1121 994 1160 non
1019 1105 1193 1161 fuisse
1227 1108 1462 1177 primos,
1496 1111 1592 1180 qui
1627 1113 1726 1166 has
1753 1114 2018 1182 epistolas

429 1199 694 1254 conlictas
723 1209 997 1268 putarent.
1033 1198 1289 1270 Quisquis
1314 1203 1451 1254 enim
1493 1214 1682 1258 auctor
1719 1206 2018 1260 Stichome-

429 1290 567 1356 triae,
618 1306 785 1359 quam
826 1291 1067 1356 adducit,
1121 1291 1247 1360 fuit,
1289 1293 1385 1345 diu
1439 1304 1562 1348 ante
1609 1294 1939 1350 Salmasium
1969 1307 2018 1351 et

431 1381 769 1436 Blondellum
838 1383 992 1438 vixit.
1065 1381 1308 1453 Opponit
1365 1386 1533 1456 igitur
1583 1387 2018 1443 Stichometriam

428 1473 795 1540 Hammondo,
849 1492 1081 1546 prorsus
1129 1478 1480 1534 inconcinne.
1539 1478 1716 1549 Hujus
1747 1497 1887 1547 vero,
1933 1482 2018 1536 iu-

426 1570 566 1638 quit,
602 1569 992 1642 Στιχομετρίας
1015 1573 1312 1625 auctoritas
1340 1588 1436 1625 cur
1467 1589 1567 1626 non
1601 1575 1736 1628 tanti
1760 1576 1901 1644 apud
1923 1592 2016 1630 nos

424 1676 536 1713 esse
551 1660 756 1727 debeat,
781 1664 970 1732 quanti
993 1679 1149 1718 suam
1177 1665 1279 1718 viri
1311 1664 1610 1719 doctissimi
1636 1683 1748 1722 esse
1768 1669 2012 1738 cupiunt,

427 1753 720 1809 nonrideo.
749 1752 819 1808 At
842 1753 887 1809 si
918 1770 1027 1824 qua
1064 1755 1135 1810 sit
1185 1756 1334 1812 illius
1393 1755 1785 1814 Stichometriaz
1823 1733 2016 1814 aucto?
2048 1733 2092 1788 Β

424 1848 583 1910 ritas,
617 1863 681 1901 ea
709 1863 819 1901 non
850 1846 1218 1916 llammondo,
1251 1850 1349 1906 sed
1400 1849 1657 1907 Pati-ibus
1698 1854 2018 1922 opponenda

426 1938 550 2005 luit,
587 1939 658 1993 ab
690 1938 1038 1995 llammondo
1086 1951 1278 1997 contra
1328 1941 1660 1999 Salmasium
1685 1954 1740 1998 et
1769 1943 2022 1998 Blondel-

426 2031 538 2085 lum
571 2031 876 2100 productis,
909 2031 1238 2104 Polyearpo,
1264 2033 1494 2102 Irenaeo,
1526 2033 1772 2106 Origeni,
1797 2037 1883 2090 vel
1911 2037 2022 2090 sal-

424 2131 534 2175 tem
565 2122 822 2177 Eusebio.
855 2121 1176 2190 Athanasio,
1202 2125 1428 2191 Basilio,
1454 2125 1872 2198 Chrysostomo,
1895 2125 2021 2180 llic-

424 2231 679 2288 ronymo,
724 2214 1094 2286 'Iheodoreto,
1147 2218 1386 2285 Gelasio,
1432 2220 1664 2290 aliisque
1693 2240 1704 2274 :
1733 2235 1841 2274 non
1874 2223 2019 2275 enim

422 2308 722 2378 quaeritur,
761 2325 830 2363 an
883 2309 1275 2366 Stichometriw
1329 2314 1642 2367 auctoritati
1679 2312 2016 2383 praeferenda

423 2401 496 2456 sit
518 2403 822 2458 auctoritas
851 2401 1202 2468 Hammondi,
1224 2405 1316 2459 sed
1349 2405 1457 2458 utri
1477 2405 1659 2475 potius
1687 2405 2019 2460 credendum

424 2491 514 2556 sit,
551 2489 825 2546 Salmasio
857 2493 974 2548 sola
1025 2490 1404 2547 Stichometria
1455 2503 1688 2562 armato,
1735 2510 1803 2550 an
1854 2493 2021 2548 llam-

423 2585 627 2638 mondo
651 2584 751 2638 SS.
780 2583 1027 2650 Patrum,
1061 2595 1116 2640 et
1138 2588 1386 2642 omnium
1421 2588 1748 2644 szeculorum
1778 2589 2017 2643 testimo-

425 2674 536 2728 niis
571 2675 800 2743 stipato.
835 2674 1012 2730 Nimis
1041 2675 1204 2745 igitur
1235 2675 1462 2731 subdole
1493 2677 1598 2733 hoc
1633 2677 2016 2731 testimonium

423 2765 647 2819 adducit
677 2764 933 2826 Dallzeus,
961 2767 1030 2820 ad
1075 2767 1444 2836 depellendam
1486 2767 1739 2821 invidiam
1786 2774 2015 2834 tantum,

423 2873 534 2926 quo
564 2865 756 2927 postea
785 2859 853 2912 ad
883 2859 1319 2914 conﬁrmandam
1367 2860 1701 2914 sententiam
1731 2874 1888 2914 suam
1921 2873 2019 2914 sa:-

425 2949 651 3018 pissime
695 2951 908 3004 utitur:
943 2959 996 3004 et
1030 2965 1197 3020 quam
1251 2950 1532 3005 inﬁrmum
1568 2951 1798 3006 sitcum
1848 2952 2017 3022 probe

2129 470 2308 522 omnia
2333 469 2535 540 Ignatii
2578 469 2781 538 scripta
2811 469 2881 523 ad
2913 471 3218 540 apocrypha
3258 472 3581 543 relegarunt.
3613 473 3727 530 Pro

2127 561 2294 617 unico
2331 562 2618 631 scriptore,
2662 562 2852 617 nescio
2885 578 3016 632 quo,
3053 573 3308 621 auctores
3352 568 3543 621 nescio
3585 577 3728 637 quot

2129 651 2382 719 Syncello
2435 654 2719 724 praeﬁxos;
2752 665 2807 709 et
2863 656 2956 710 ubi
3015 657 3223 712 nudum
3274 657 3468 728 lgnatii
3517 675 3722 714 nomen

2127 748 2394 816 scriptum
2427 756 2533 813 est,
2577 749 2757 802 omnia
2793 749 2914 819 ejus
2943 751 3145 820 scripta
3186 751 3292 822 legi
3334 752 3451 807 vult
3491 753 3576 807 vir
3618 754 3725 808 do-

2125 837 2429 894 ctissimus.

2199 927 2270 984 Ut
2301 939 2486 985 autem
2535 931 2802 1002 majorem
2851 931 3246 990 Stichometriaz
3315 951 3431 991 suae
3483 937 3722 1008 jamjam

2123 1021 2490 1090 producenda:
2523 1023 2909 1077 auctoritatem
2957 1023 3233 1091 conciliet,
3262 1041 3483 1096 gravem
3515 1043 3721 1095 quere-

2124 1112 2232 1166 lam
2262 1115 2414 1182 prius
2437 1115 2698 1180 instituit,
2735 1115 2882 1184 quod
2913 1125 3023 1170 tam
3057 1117 3324 1172 immerito
3349 1119 3450 1171 riri
3470 1119 3615 1172 docti
3651 1121 3723 1175 de

2125 1202 2385 1260 Salmasii
2441 1207 2546 1274 ﬁde
2594 1207 2976 1274 dubitaverint,
3000 1224 3166 1278 quem
3205 1211 3376 1265 editio
3419 1208 3721 1281 Nicepitori

2121 1295 2375 1353 Parisina
2406 1299 2475 1353 ab
2514 1299 2667 1354 omni
2697 1301 3010 1369 suspicione
3040 1300 3314 1356 liberavit.
3347 1300 3586 1368 Quinam
3616 1319 3722 1356 au-

2123 1399 2230 1446 tem
2267 1400 2396 1446 sunt
2423 1407 2488 1446 ex
2522 1393 2728 1447 nostris
2752 1393 3002 1462 partibus
3027 1393 3132 1447 viri
3163 1395 3334 1460 docti,
3367 1395 3462 1466 qui
3495 1397 3562 1450 de
3589 1395 3718 1450 Sal-

2120 1484 2282 1539 masii
2328 1485 2436 1539 ﬁde
2478 1495 2589 1539 tam
2632 1486 2908 1540 immerito
2937 1486 3302 1540 dubitarunt?
3334 1486 3494 1543 Certe
3547 1487 3720 1546 Usse—

2119 1576 2237 1632 rius
2271 1574 2728 1644 Stichometriam,
2759 1593 2927 1648 quam
2951 1576 3166 1649 Georgii
3193 1579 3426 1650 Syncelli
3457 1591 3512 1636 et
3536 1579 3720 1638 Theo-

2119 1668 2319 1738 phanis
2346 1669 2499 1738 operi
2547 1669 2827 1740 praeﬁxam
2877 1669 2934 1724 in
2989 1670 3380 1740 antiquissimo
3410 1673 3718 1744 exemplari

2124 1776 2184 1816 se
2236 1761 2514 1818 invenisse
2557 1771 2747 1818 narrat
2780 1763 2852 1819 cl.
2887 1762 3216 1831 Salmasius,
3270 1782 3380 1822 non
3434 1766 3718 1824 diversam

2122 1869 2247 1910 esse
2275 1856 2345 1909 ah
2371 1871 2460 1922 ea,
2486 1871 2652 1926 quam
2685 1859 2828 1913 inter
2851 1856 2997 1913 Petri
3018 1855 3207 1914 Pithaei
3229 1861 3493 1930 opuscula
3523 1861 3718 1920 Graece

2123 1957 2172 2001 et
2209 1945 2401 2002 Latine
2436 1949 2700 2005 habemus
2732 1951 3306 2015 editam,.existimare
3341 1969 3400 2010 se
3427 1953 3716 2024 professus

2121 2047 2224 2096 est.
2254 2037 2412 2106 Quod
2449 2059 2560 2098 non
2595 2053 2680 2098 est
2725 2045 2966 2100 hominis
3015 2046 3272 2102 Salmasii
3312 2047 3472 2104 ﬁdem
3493 2050 3719 2105 elevan-

2122 2133 2215 2196 tis,
2242 2136 2336 2189 sed
2369 2137 2558 2205 potius
2589 2137 2994 2200 conﬁrmantis,
3021 2147 3075 2194 et
3101 2155 3201 2194 sua
3238 2141 3556 2211 conjectura
3594 2143 3717 2198 suf-

2123 2222 2436 2294 fulcientis;
2466 2243 2631 2297 quam
2673 2245 2783 2283 non
2832 2231 3017 2285 minus
3055 2247 3220 2301 quam
3257 2230 3514 2290 Salmasii
3547 2237 3714 2291 ﬁdem

2121 2319 2306 2374 Editio
2356 2319 2606 2376 Parisina
2660 2331 2859 2392 postea
2912 2324 3277 2381 conﬁrmavit.
3329 2325 3716 2387 Hammondus

2120 2414 2286 2470 etiam
2320 2415 2389 2469 de
2415 2416 2740 2470 auctoritate
2778 2414 3169 2474 Stichometriw
3203 2420 3409 2474 nullam
3443 2423 3548 2476 sibi
3581 2440 3713 2478 cum

2123 2496 2394 2563 Salmasio
2427 2507 2577 2561 litem
2610 2506 2727 2562 fore
2780 2507 3064 2577 professus
3095 2521 3199 2576 est,
3224 2511 3482 2582 illamque
3517 2529 3548 2567 a
3575 2511 3716 2568 Wa-

2122 2600 2245 2654 lone
2279 2599 2557 2653 laudatam
2589 2599 2660 2653 ab
2689 2599 2939 2655 lndiculo
2967 2617 2998 2656 a
3025 2599 3238 2657 Pithaec.
3257 2603 3404 2658 edito
3437 2619 3547 2658 non
3581 2621 3716 2675 pro-

2120 2693 2210 2748 cul
2237 2691 2434 2746 abesse
2467 2699 2614 2744 recte
2647 2690 2857 2761 colligi,
2894 2694 2981 2746 vel
3007 2709 3072 2748 ex
3102 2695 3261 2749 titulo
3289 2694 3508 2768 Georgii
3555 2713 3714 2753 asse-

2119 2783 2251 2838 ruit.
2286 2781 2405 2835 Non
2428 2781 2596 2852 igitur
2617 2782 2684 2837 de
2714 2782 2820 2838 ﬁde
2844 2781 3099 2840 Salmasii
3122 2784 3502 2844 Hammendus
3529 2791 3715 2860 magis

2119 2890 2285 2945 quam
2330 2874 2586 2930 Usserius
2615 2874 2922 2930 dubitavit:
2973 2876 3271 2932 ἀδέσποτον
3321 2881 3714 2954 στιχομετρίαν

2119 2982 2239 3022 eam
2273 2976 2437 3022 vocat
2461 2967 2840 3034 meritissime,
2866 2969 2993 3038 quia
3026 2970 3203 3040 ipsam
3260 2973 3335 3026 ita
3393 2971 3710 3031 Salmasius

423 3042 682 3097 conscius
715 3050 884 3105 esset,
930 3043 1002 3096 ita
1050 3044 1280 3098 omnino
1325 3044 1636 3114 proposuit,
1671 3051 1732 3098 ut
1777 3044 2011 3109 nescias,

2119 3061 2473 3131 produxerat,
2506 3076 2680 3133 neque
2702 3063 2750 3118 ei
2783 3063 2958 3118 ullum
2987 3074 3267 3121 auctorem
3301 3067 3707 3140 assignaret-at.

425 3147 610 3192 utrum
651 3153 750 3210 pro
793 3149 1120 3209 argumento
1159 3139 1352 3193 haberi
1395 3138 1652 3204 voluerit,
1704 3153 1898 3192 necne.
1952 3136 2010 3193 Si

423 3231 642 3284 titulum
676 3230 870 3301 capitis
901 3231 1111 3300 quarti,
1139 3230 1341 3301 quinti,
1366 3239 1423 3285 et
1456 3231 1800 3300 reliquorum
1833 3231 2008 3299 inspi-

421 3322 657 3387 ciamus,
692 3331 1082 3392 argumentum
1114 3330 1199 3376 est
1237 3323 1517 3391 primum;
1563 3321 1607 3376 si
1636 3331 1800 3391 caput
1845 3325 2010 3391 quin-

420 3424 538 3469 tum
559 3423 893 3482 spectemus,
923 3412 1135 3466 nullum
1158 3420 1278 3480 est;
1303 3413 1377 3467 ibi
1400 3413 1548 3468 enim
1576 3415 1814 3484 primum
1839 3414 2008 3479 aliud,

421 3502 696 3559 asilentio
740 3505 1074 3573 scriptorum
1119 3503 1622 3560 ecclesiasticorum
1659 3513 1786 3560 ante
1839 3505 2011 3560 Euse-

423 3595 574 3649 bium
606 3594 848 3650 ducitur.
906 3592 1133 3663 Semper
1160 3603 1342 3650 tamen
1389 3605 1580 3666 postea
1624 3608 2008 3666 argumentum

424 3690 549 3753 hoc,
594 3687 712 3741 sive
747 3687 1012 3757 primum,
1049 3685 1165 3741 sive
1208 3687 1443 3753 nullum,
1492 3689 1718 3742 maximi
1765 3687 1917 3755 facit,
1957 3699 2010 3744 et

421 3776 626 3846 ubique
678 3774 793 3831 fere
828 3775 1090 3830 inculcat.
1122 3779 1200 3831 Ac
1242 3791 1433 3832 revera
1489 3778 1535 3831 si
1572 3777 1677 3833 hoc
1715 3793 2009 3850 argumen-

423 3880 562 3933 tum,
590 3869 705 3924 sive
735 3868 1000 3938 primum,
1029 3869 1146 3924 sive
1169 3869 1406 3935 nullum,
1443 3870 1522 3924 illi
1569 3871 1854 3942 eripiatur,
1879 3873 2010 3927 reli-

422 3979 529 4034 qua
564 3963 746 4031 plane,
781 3976 905 4031 quae
933 3976 1035 4017 nos
1064 3971 1336 4031 Spectant,
1375 3963 1524 4017 nulla
1554 3973 1735 4019 erunt.

493 4051 798 4105 Audiamus
822 4051 990 4121 igitur
1019 4051 1504 4108 adversariitestes
1533 4068 1641 4107 non
1665 4054 1784 4110 sine
1810 4069 2006 4125 pompa

424 4142 744 4214 pro‘ductos.
782 4139 916 4195 Ecce
961 4151 1206 4196 auctores
1254 4141 1527 4210 habemus,
1558 4144 1754 4214 inquit,
1779 4157 1828 4200 et
1865 4147 2005 4200 mul—

423 4238 491 4292 tis
520 4245 645 4289 ante
673 4251 766 4288 nos
793 4233 1000 4289 saeculis
1030 4235 1270 4303 denatos,
1299 4246 1350 4291 et
1397 4238 1461 4290 ab
1488 4240 1631 4291 omni
1660 4249 1845 4292 contra
1869 4241 2008 4294 hier-

422 4329 661 4383 archiam
720 4330 1022 4398 suspicione
1092 4339 1350 4396 semotas,
1396 4332 1487 4400 qui
1562 4334 1741 4386 omnia
1802 4331 2007 4408 Ignatii

2114 3153 2456 3210 Produxerat
2483 3170 2603 3208 eam
2636 3171 2703 3210 ex
2752 3171 2859 3211 ms.
2887 3156 3100 3225 codice,
3137 3166 3400 3229 tanquam
3446 3161 3549 3216 sibi
3599 3162 3708 3216 soli

2115 3247 2252 3312 viso,
2292 3247 2440 3300 nulla
2475 3245 2717 3302 auctoris
2757 3249 3152 3306 Stichometrite
3201 3253 3478 3306 mentione
3523 3253 3705 3320 facta;

2113 3336 2182 3390 de
2228 3337 2469 3391 tenebris
2529 3337 2698 3409 igitur
2729 3341 3091 3410 conqueritur
3140 3340 3524 3397 Hammondus
3556 3345 3707 3399 haud

2114 3428 2426 3495 immerito;
2455 3429 2548 3483 vix
2587 3431 2736 3485 enim
2779 3433 3043 3488 credibile
3085 3431 3211 3501 fuit,
3237 3435 3480 3491 voluisse
3508 3451 3708 3505 quem-

2113 3537 2280 3592 quam
2332 3521 2766 3578 Sticliometriam
2797 3525 2852 3580 in
2889 3541 3025 3581 mss.
3061 3527 3390 3594 latitantem,
3424 3538 3478 3584 et
3509 3529 3706 3585 incerti

2115 3612 2282 3678 tituli,
2330 3623 2524 3669 testem
2563 3615 2915 3684 citare,fcum
2956 3619 3149 3674 eadem
3185 3621 3240 3674 in
3273 3623 3517 3677 maxima
3555 3625 3703 3691 luce,

2112 3713 2167 3758 et
2208 3704 2313 3759 sub
2347 3705 2760 3774 speciosissime
2803 3709 2986 3773 titulo,
3035 3725 3145 3765 non
3183 3721 3394 3767 tantum
3432 3718 3703 3781 auctoris,

2113 3795 2211 3850 sed
2233 3796 2397 3851 etiam
2427 3795 2740 3868 interpretis
2771 3808 3087 3869 poneretur.
3114 3800 3374 3859 Ediderat
3404 3806 3553 3861 enim
3575 3823 3702 3862 eam

2111 3885 2302 3943 Graece
2348 3887 2418 3943 ad
2459 3888 2681 3946 Eusebii
2725 3893 2811 3946 sui
2856 3893 3064 3948 calcem
3111 3891 3384 3965 Jesephus
3431 3895 3700 3969 Scaliger,

2111 3978 2494 4051 Cbronologia:
2524 3979 2818 4053 Nicephori
2857 3984 3187 4054 patriarchae
3226 3987 3705 4061 Constantinopo-

2112 4068 2268 4123 litani
2299 4068 2549 4125 suﬁixam
2581 4089 2594 4125 :
2625 4071 2872 4128 ediderat
2909 4075 3160 4130 eamdem
3185 4079 3290 4132 sub
3329 4079 3506 4148 ipsius
3537 4079 3702 4138 Nice—

2110 4159 2272 4228 phori
2311 4161 2536 4216 nomine
2563 4177 2630 4216 ex
2663 4165 2831 4218 veteri
2863 4165 3054 4221 codice
3084 4165 3352 4238 Carpensi
3381 4170 3576 4226 Petrus
3601 4172 3698 4227 Pi-

2113 4253 2308 4319 thaaus,
2355 4267 2482 4307 cum
2529 4254 2806 4309 Anastasii
2856 4256 3164 4326 Nicephoro
3209 4263 3463 4332 supparis
3499 4261 3699 4320 Latina

2111 4344 2579 4414 interpretatione,
2606 4362 2769 4416 quam
2805 4363 2906 4404 nos
2937 4359 3126 4418 postea
3162 4353 3306 4407 inter
3331 4353 3567 4411 Criticos
3605 4372 3698 4412 sa-

421 4424 626 4491 scripta
658 4421 884 4475 rotunde
921 4437 984 4474 ac
1011 4421 1124 4475 sine
1156 4422 1269 4474 ulla
1305 4421 1637 4478 ltwsitatione
1675 4422 1744 4476 ad
1783 4439 2004 4494 apocry-

2118 4451 2233 4491 cros
2263 4436 2528 4494 edendam
2552 4440 2892 4496 curavimus.
2926 4441 3214 4498 Monuerat
3235 4443 3479 4502 Joannes
3505 4446 3697 4503 Selde-

421 4517 523 4584 plut
565 4512 869 4584 relegarunt
899 4514 956 4566 in
989 4510 1382 4569 Stichometria
1423 4513 1647 4585 Georgio
1680 4513 1924 4585 Syncello
1949 4519 2004 4570 in

420 4610 556 4662 libro
581 4607 954 4677 antiquissimo
978 4607 1224 4675 prwﬁxa.
1248 4608 1446 4672 Quaaso
1468 4617 1540 4674 te,
1557 4609 1640 4662 vir
1661 4607 2000 4675 doctissime,

419 4708 556 4766 quot
584 4707 841 4752 auctores
893 4696 1061 4751 habes
1105 4698 1158 4751 in
1198 4697 1289 4751 illa
1343 4696 1719 4752 Sticltometria
1753 4696 2003 4770 Syncello

421 4788 678 4858 prazﬁxa?
726 4789 988 4843 ostendas
1035 4803 1356 4853 numerum,
1391 4789 1510 4844 edic
1543 4791 1789 4847 nomina.
1814 4792 1896 4844 An
1926 4791 2000 4844 ita

420 4898 701 4948 nolueras,
734 4881 1201 4950 quemadmodum
1235 4882 1327 4936 ille
1360 4883 1503 4952 apud
1533 4883 1826 4938 Plautum?

565 4989 886 5062 Quotierunt
903 4992 928 5043 ?
952 4990 1085 5062 Ego,
1105 5003 1155 5047 et
1187 4991 1561 5058 Menaechmus,
1585 5005 1631 5048 et
1655 4992 1959 5050 Parasitus.

560 5059 596 5112 J
602 5077 688 5112 am
708 5061 800 5113 isti
822 5072 944 5115 sunt
975 5059 1187 5117 decem:
1215 5080 1338 5116 nam
1361 5063 1648 5118 Parasitus

565 5130 698 5186 Octo
726 5132 997 5185 hominum
1029 5134 1194 5204 ofﬁcio
1227 5133 1487 5205 fungitur.

490 5239 889 5308 Stichometria,
942 5258 1108 5312 quam
1145 5245 1229 5300 vis
1263 5243 1517 5317 Syncello
1563 5250 1864 5319 praeﬁxam,
1905 5264 2000 5308 aut

420 5331 633 5384 nullum
666 5339 876 5384 certum
915 5343 1194 5389 auctorem
1232 5335 1414 5403 habet,
1450 5347 1544 5393 aut
1574 5340 1796 5395 unicum
1827 5353 1993 5400 certe.

417 5420 503 5474 An
535 5419 910 5491 Nicephorum
937 5431 1113 5490 tuum,
1139 5425 1185 5480 si
1215 5427 1378 5482 modo
1407 5429 1456 5484 is
1485 5429 1578 5495 sit,
1619 5446 1744 5486 cum
1788 5430 1998 5503 lgnatio

419 5523 515 5567 tuo
543 5512 836 5582 epistolico
869 5513 1242 5586 bicorporem,
1277 5529 1370 5574 aut
1415 5519 1770 5593 tricorporem
1821 5523 1999 5582 lacis?

417 5602 579 5658 Certe
610 5603 663 5657 in
711 5605 884 5660 multo
917 5607 1102 5676 plures
1141 5609 1309 5664 dividi
1345 5623 1558 5682 oportet
1593 5615 1760 5671 istum
1803 5617 1993 5673 incerti

419 5696 551 5752 laris
585 5697 1032 5769 homuncionem,
1081 5711 1144 5757 ut
1191 5706 1600 5777 testes-uostris
1649 5709 1733 5763 vel
1766 5725 1996 5768 numero

2109 4543 2251 4594 nus,
2284 4528 2426 4583 libro
2469 4528 2545 4584 De
2587 4533 2914 4587 successione
2952 4535 3008 4588 in
3036 4537 3405 4606 pontiﬁcatum
3439 4538 3697 4596 Ηεῡηεο-

2108 4637 2246 4686 rum,
2284 4619 2574 4691 Nicephori
2599 4624 3109 4697 Chronographiam
3136 4645 3241 4684 ms.
3271 4641 3492 4688 exstare
3523 4635 3578 4688 in
3603 4634 3694 4690 Bi-

2107 4712 2378 4767 bliotheca
2432 4712 2769 4771 Londinensi
2809 4718 3022 4789 collegii
3071 4719 3379 4790 Sionensis,
3413 4726 3502 4779 cui
3549 4727 3695 4783 hanc

2104 4802 2268 4856 etiam
2301 4801 2730 4860 Stichometriam
2782 4807 3031 4864 suﬁixam
3081 4825 3204 4866 esse
3235 4821 3525 4870 testamur.
3566 4815 3691 4872 Non

2104 4895 2282 4962 potuit
2315 4895 2500 4965 itaque
2527 4913 2635 4950 non
2681 4899 2868 4953 mirari
2914 4899 3317 4970 Hammondus,
3351 4908 3397 4962 si
3427 4909 3542 4964 haec
3574 4923 3690 4966 tam

2103 4985 2321 5054 publice
2369 4997 2497 5043 nota
2526 5005 2593 5042 ex
2636 4993 2809 5044 nescio
2835 5008 2941 5062 qua
2983 4995 3187 5063 oﬁicina
3218 4999 3546 5068 produceret
3569 5000 3689 5076 Sal;

2103 5092 2329 5134 masnus.

2173 5171 2394 5226 Interim
2440 5173 2508 5229 de
2561 5173 2951 5232 Sticltometria:
3008 5183 3338 5242 auctoritate
3377 5186 3529 5242 litem
3572 5199 3686 5245 non

2101 5263 2273 5316 movit
2327 5260 2598 5319 Salmasio
2643 5266 2727 5320 vir
2775 5268 3420 5343 doctus:suspicionem
3467 5287 3685 5337 tantum

2100 5355 2418 5423 parenthesi
2472 5356 2734 5426 inseruit;
2765 5377 2889 5430 quae
2928 5365 3149 5433 quidem
3180 5377 3306 5438 post
3340 5372 3686 5441 splendidam

2102 5445 2248 5498 illam
2283 5447 2581 5504 editionem
2637 5449 2944 5509 Parisinam
3003 5457 3170 5514 haeret
3201 5461 3368 5519 altius
3403 5483 3418 5519 :
3450 5474 3506 5520 et
3550 5481 3678 5522 con-

2101 5535 2299 5591 sultius
2325 5539 2552 5594 omnino
2592 5539 2813 5599 fecisset
2877 5545 3134 5616 Dallteus,
3165 5553 3212 5606 si
3243 5569 3364 5608 eam
3396 5572 3683 5628 nunquam

2100 5628 2460 5697 nominasset,
2493 5642 2588 5686 aut
2614 5636 2807 5691 saltem
2851 5637 2907 5691 in
2937 5654 3002 5694 ea
3039 5641 3387 5714 triumphare
3430 5649 3572 5706 adeo
3603 5653 3684 5706 vi-

2101 5731 2197 5771 sus
2229 5731 2340 5774 non
2372 5716 2588 5778 luisset.
2614 5721 2690 5777 lta
2722 5726 2868 5781 enim
2899 5728 3146 5799 loquitur
3181 5755 3192 5788 :
3235 5734 3346 5791 Viri
3379 5739 3526 5794 docti
3547 5745 3683 5797 Στι-
