3864 6204
195 353 298 408 105

981 353 1032 408 ,1.
1074 346 1443 408 PEARSONII
1477 343 1808 405 VINDICIE
1848 340 2270 402 lGNATlANIE.
2309 372 2380 383 —
2407 343 2592 400 PARS
2620 342 2660 402 Ι.

3353 348 3458 404 106

191 472 520 541 rogerle
540 473 842 529 ἀδέσποτον
861 482 1070 529 uocant.
1089 473 1272 528 Editio
1295 471 1347 526 Ν
1352 469 1594 543 icephoro
1617 469 1776 526 uindi-

1888 466 2011 521 dem
2044 465 2348 536 subiungit,
2392 466 2489 521 sed
2530 462 2828 536 Nioephori
2881 481 3006 522 esse
3052 481 3162 522 non
3195 466 3461 537 afﬁrmat;

189 576 298 630 cat,
342 567 682 637 amplissimo
702 568 838 633 oiro,
860 568 1046 636 prima:
1064 569 1120 620 in
1141 568 1340 620 oriente
1357 565 1497 620 sedis
1526 564 1782 629 antistiti,

188 657 444 724 scriptori
465 657 781 727 gravissimo
800 669 955 727 atque
973 656 1427 728 eloquentissimo,
1449 666 1497 710 et
1515 654 1782 710 liberalis-

187 749 339 802 simis
363 747 553 803 Photii
567 749 820 804 laudibus
842 762 1051 803 ornato.
1074 748 1256 819 Hujus
1276 751 1415 804 enim
1431 749 1601 820 ipsius
1623 746 1784 802 Nice-

187 843 346 902 phori
396 854 479 898 est
520 842 618 897 illa
650 845 1051 913 Στιχομετρία,
1093 860 1197 898 non
1223 843 1441 899 alterius
1465 844 1781 914 cujusquam

189 935 511 989 recentioris
539 949 558 988 :
581 933 736 1005 idque
773 933 941 990 solide
967 945 1016 990 et
1041 936 1159 1005 fuse
1179 935 1507 990 demonstrat
1528 922 1782 1011 eruditis-

187 1027 361 1080 simus
387 1025 572 1092 Goar;
593 1043 744 1098 quem
772 1026 951 1092 adeat,
974 1028 1024 1082 si
1053 1029 1172 1096 quis
1201 1027 1374 1082 adhuc
1405 1026 1628 1082 dubitet.
1657 1025 1779 1080 Non

187 1120 302 1192 iam
317 1120 390 1176 de
403 1117 685 1188 Salmasii,
702 1121 796 1177 sed
820 1120 1010 1176 Dallaei
1023 1121 1132 1176 fide
1143 1120 1431 1192 quaeritur.
1449 1119 1592 1187 Quid
1604 1119 1780 1176 enim?

187 1227 260 1266 an
283 1213 702 1270 eruditissimus
727 1213 872 1269 Goar
901 1213 1008 1269 hoc
1030 1213 1199 1268 solide
1213 1213 1542 1268 demonstrat
1561 1213 1780 1268 Incuti-

184 1321 360 1376 quam
380 1323 395 1358 :
415 1322 485 1361 an
501 1306 615 1376 fuse
631 1309 1018 1378 Pnequaquam
1035 1325 1048 1360 :
1066 1323 1135 1362 an
1149 1307 1376 1363 omnino
1403 1308 1735 1362 demonstrat
1753 1306 1780 1359 2’

185 1399 344 1454 nullo
374 1399 544 1453 modo
567 1417 580 1454 :
602 1415 672 1455 an
704 1401 755 1455 id
781 1400 925 1456 nude
962 1399 1116 1466 dicit,
1138 1409 1234 1455 aut
1261 1397 1529 1454 afﬁrmat?
1555 1399 1781 1474 minime

182 1491 456 1561 gentium.
485 1491 598 1546 lmo
611 1494 806 1548 veroid
835 1493 985 1562 dicit,
1001 1493 1147 1563 quod
1169 1501 1253 1548 est
1277 1492 1462 1547 Dallaai
1482 1491 1779 1547 assertioni

183 1583 354 1653 plane
388 1587 764 1652 contrarium;
797 1587 863 1641 ad
895 1587 1070 1656 prima
1103 1586 1247 1640 enim
1278 1587 1446 1641 verba
1496 1587 1778 1656 Στιχομε-

184 1676 359 1744 φίας
394 1677 513 1731 haec
541 1677 743 1733 diserte
771 1679 1033 1735 adnotat:
1061 1677 1363 1733 Canonicus
1387 1691 1663 1730 sacrorum
1703 1675 1776 1727 li-

185 1768 409 1822 brorum
432 1769 747 1836 laterculus,
767 1771 836 1824 ad
847 1770 1336 1841 Chronographiam
1355 1768 1492 1822 nihil
1511 1778 1774 1838 spectans,

1885 571 2117 628 eamque
2164 557 2276 612 duo
2326 573 2460 614 mss.
2506 557 2869 613 vetustissimi
2909 557 3083 614 Graeci
3129 557 3466 616 Oxoniensis

1883 661 2046 719 atque
2073 648 2438 705 Londinensis
2491 665 2600 704 non
2633 660 2961 720 agnoscunt.
3023 649 3334 705 Indiculum
3384 667 3468 706 re-

1880 755 2006 810 gum
2029 750 2080 793 et
2108 739 2444 793 sacerdotum
2461 738 2788 796 Anastasius
2805 757 2930 797 cum
2963 742 3322 812 sequentibus
3345 751 3471 813 post

1877 831 2175 890 Historiam
2206 846 2364 887 suam
2386 833 2505 888 sine
2527 830 3056 904 nomiueNicephori
3073 833 3279 905 posuit,
3301 849 3465 904 quem

1882 936 1989 977 ms.
2017 919 2345 978 Osciiiénsis
2375 937 2486 978 non
2535 922 2732 990 habet;
2764 921 3197 979 Stichometriam
3227 925 3472 996 denique

1883 1011 2132 1068 Indiculo
2167 1015 2624 1084 patriarcharum,
2656 1016 2808 1072 nulla
2835 1015 3134 1088 Nicephori
3187 1020 3470 1076 mentione

1881 1105 2047 1173 facta,
2087 1105 2406 1178 subiungit;
2437 1121 2671 1178 eamque
2717 1105 3150 1164 Stichometriam
3181 1125 3287 1166 ms.
3320 1109 3486 1166 0x0-

1881 1197 2093 1253 niensis
2106 1212 2216 1252 non
2230 1198 2497 1270 agnoscit.
2512 1197 2573 1254 In
2587 1207 2701 1256 tota
2723 1201 2889 1272 igitur
2904 1203 3006 1257 hac
3037 1202 3313 1275 farragine
3329 1206 3470 1263 nihil

1881 1303 2126 1358 unquam
2155 1305 2186 1344 τι
2210 1290 2469 1361 quopiam
2499 1289 2810 1363 Nicephoro
2836 1294 3098 1350 tributum
3129 1306 3214 1352 est
3232 1337 3247 1360 ,
3270 1308 3469 1368 praeter

1880 1379 2304 1454 Chronologiam
2319 1382 2388 1437 ab
2406 1382 2618 1439 Adamo
2639 1385 2707 1439 ad
2731 1383 3129 1456 Theophilum:
3153 1388 3222 1443 de
3255 1405 3362 1459 qua
3389 1399 3469 1444 ta~

1880 1489 2005 1528 ine
2029 1473 2210 1531 adhuc
2231 1475 2376 1530 haud
2398 1475 2675 1532 immerito
2714 1477 2955 1533 dubitari
2977 1488 3178 1550 potest,
3196 1483 3462 1552 quidquid

1860 1563 2049 1654 .Goar,
2075 1582 2239 1638 quem
2269 1567 2653 1623 doctissimum
2683 1570 2920 1640 appellat
2945 1570 3201 1641 Dallzeus,
3232 1574 3457 1631 dixerit.

1950 1658 2032 1714 Ad
2065 1674 2179 1714 rem
2207 1660 2380 1729 ipsam
2413 1661 2559 1731 quod
2593 1663 2812 1732 attinet,
2835 1665 3139 1722 asserimus
3162 1683 3343 1738 neque
3367 1667 3466 1724 Ni-

1881 1750 2181 1820 cephorum
2224 1753 2612 1822 patriarcham,
2645 1769 2825 1826 neque
2861 1755 3215 1814 Anastasium
3259 1759 3466 1816 Biblio-

185 1858 403 1913 librarii
419 1862 697 1933 πάρεργον
712 1861 1012 1931 judicatur.
1031 1839 1197 1918 Teste
1219 1862 1384 1931 igitur
1403 1860 1776 1916 eruditissimo

1881 1842 2207 1910 thecarium,
2230 1860 2299 1899 ne
2319 1844 2712 1902 Stichometrite
2733 1849 2958 1918 quidem
2977 1860 3284 1919 auctorem,
3307 1854 3464 1924 quis-

182 1949 362 2015 Guar,
399 1949 770 2006 Stichometria
787 1969 817 2007 a
835 1953 1110 2008 Salmasio
1125 1953 1413 2022 producta,
1429 1952 1776 2008 Hammondo

184 2038 474 2107 objecta,a
499 2040 700 2097 Dallzeo
713 2041 1083 2111 defensa,non
1118 2054 1202 2100 est
1227 2044 1516 2113 Nicephori
1545 2044 1774 2115 patriar-

126 2200 128 2203 ,
182 2131 308 2187 εἰιω
349 2148 515 2203 opus,
550 2133 646 2188 sed
693 2134 900 2190 librarii
938 2136 1238 2209 πάρεργον.
1275 2136 1461 2192 Fidem
1516 2137 1684 2206 igitur
1720 2136 1774 2189 in

183 2220 398 2278 Ballan
420 2224 778 2295 requirimus,
816 2224 1072 2283 Salmasii
1098 2244 1206 2283 non
1235 2236 1445 2282 tantum
1473 2228 1633 2282 fidem
1682 2225 1778 2281 sed

183 2324 245 2370 et
263 2316 598 2372 modestiam
623 2318 932 2384 laudamus,
954 2319 1067 2389 qui.
1087 2319 1512 2376 Stichometriam
1544 2318 1776 2373 ἀδέσπο-

184 2426 279 2464 τον
335 2409 589 2477 tradidit,
619 2409 912 2480 Nicephori
953 2426 1154 2466 nomen
1221 2427 1335 2468 non
1394 2413 1672 2482 apposuit,
1709 2411 1775 2466 ad

187 2502 461 2574 Scaligeri
481 2512 538 2558 et
561 2502 751 2558 Pithaei
767 2504 1037 2559 editiones
1057 2519 1161 2559 nos
1180 2519 1288 2559 non
1311 2505 1603 2576 ablegavit,
1622 2505 1778 2576 quod

185 2610 308 2650 eam
334 2593 652 2665 Nicephoro
673 2596 899 2651 minime
926 2597 1273 2651 tribuendam
1309 2605 1546 2666 putaret.

259 2685 370 2742 Sed
407 2696 538 2757 post
577 2688 937 2744 eruditissimi
966 2688 1115 2744 Goar
1140 2686 1330 2743 infelix
1357 2689 1772 2745 testimonium:

188 2776 272 2832 En
325 2779 451 2844 tibi,
495 2779 696 2849 inquit,
738 2780 997 2849 majorem
1031 2781 1176 2834 omni
1219 2782 1520 2849 exceptione
1569 2790 1774 2848 testem,

185 2871 544 2926 Anastasium
577 2871 1072 2938 Bibliothecarium,
1103 2873 1366 2928 hominem
1401 2875 1528 2928 noni
1566 2874 1772 2941 swculi,

186 2965 483 3036 Nicephori
503 2983 804 3037 supparem.
829 2965 888 3022 Is
926 2968 1062 3022 enim
1093 2967 1148 3020 in
1174 2967 1488 3037 praefatione
1519 2966 1777 3023 Historia

181 3060 563 3116 ecclesiastica:
583 3075 601 3112 :
637 3078 657 3112 ι
691 3059 830 3113 Huic
859 3077 1009 3126 sane,
1035 3061 1239 3130 inquit,
1265 3060 1409 3130 operi
1433 3069 1609 3114 ratum
1637 3061 1774 3114 duxi

184 3151 254 3206 Β.
296 3151 592 3222 Nicephori
633 3151 1209 3222 Constantinopolitani
1255 3153 1486 3223 episcopi
1533 3151 1775 3208 Chrono-

1877 1935 2003 2004 quis
2041 1944 2146 2002 est,
2179 1952 2423 2007 unquam
2454 1937 2746 1995 tradidisse
2772 1941 3036 2011 epistolas
3077 1941 3297 2016 lgnatii,
3324 1962 3465 2016 quas

1879 2043 1984 2083 nos
2019 2028 2410 2097 defendimus,
2470 2030 2643 2088 fuisse
2698 2035 3102 2104 supposititias.
3165 2036 3463 2109 Nicephori

1877 2120 2099 2175 eﬂ‘atum
2141 2131 2226 2177 est
2279 2124 2333 2177 in
2374 2125 2606 2194 epistola
2647 2126 2714 2181 ad
2745 2126 2988 2184 Leonem
3019 2145 3218 2201 papam
3251 2130 3462 2188 Roma-

1881 2229 2013 2267 num
2049 2213 2118 2270 de
2147 2217 2378 2286 receptis
2401 2216 2502 2273 SS.
2535 2216 2758 2274 Patrum
2789 2221 3049 2290 operibus
3072 2223 3333 2279 εΠάντων
3353 2227 3465 2280 τῶν

1877 2305 2146 2375 ἐκκρίτων
2176 2308 2270 2360 καὶ
2303 2310 2590 2381 μακαρίων
2611 2311 2874 2385 Πατάρων
2903 2313 2976 2367 τά
2997 2332 3060 2369 τε
3088 2315 3336 2390 δόγματα.
3371 2320 3464 2373 καὶ

1877 2397 2173 2468 πονήματα
2220 2400 2560 2473 ἀσπάζομαι,
2593 2403 2670 2467 ὡς
2711 2404 3061 2462 διδασκαλίαν
3097 2408 3464 2482 ἀνεπίληπτον

1877 2489 1971 2543 καὶ
2001 2493 2277 2564 σωτηρίας
2307 2494 2588 2566 θεμέλιονο
2621 2497 2714 2550 καὶ
2745 2497 2839 2562 οὒς
2869 2501 2904 2570 ἠ
2935 2500 3194 2575 καθολικὴ
3232 2503 3462 2576 Ἐκκλη-

1879 2580 1969 2634 σία
2008 2583 2292 2654 προσίεται
2334 2587 2691 2660 ἀποδέχομαι,
2721 2590 2816 2644 καὶ
2859 2590 2954 2655 οὓς
2996 2593 3366 2667 ἀποτρέπεται
3399 2598 3465 2650 ἀ-

1849 2675 2276 2748 ποστρέφομαι.
2317 2677 2569 2735 Omnium
2613 2681 2900 2738 electorum
2939 2687 3315 2758 beatorumque
3351 2687 3464 2743 Pa-

1879 2775 2021 2820 trum
2048 2768 2301 2840 dogmata
2325 2781 2376 2827 et
2399 2773 2678 2842 opuscula,
2706 2783 2762 2829 ut
2787 2792 2908 2846 qum
2925 2777 2990 2831 ab
3012 2779 3159 2833 omni
3187 2780 3465 2851 reprehen-

1875 2860 2022 2914 sione
2077 2860 2308 2916 alienam
2360 2863 2660 2920 doctrinam
2709 2868 3001 2940 salutisque
3057 2870 3464 2940 fundamentum

1876 2954 2200 3023 contineant,
2236 2956 2558 3027 amplector;
2580 2968 2632 3014 et
2659 2975 2994 3032 quoscunque
3011 2961 3251 3018 Ecclesia
3270 2965 3461 3020 catho-

1881 3043 1988 3099 lica
2035 3047 2246 3116 recipit,
2291 3048 2508 3119 recipio,
2538 3065 2872 3122 quoscunque
2909 3051 3006 3106 illa
3053 3062 3351 3121 aversatur,
3377 3070 3463 3109 re-

1869 3134 2026 3204 jicio.
2081 3137 2154 3192 At
2200 3137 2472 3210 lgnatium
2521 3140 2662 3196 inter
2712 3141 3000 3216 ἐκκρίτους
3030 3144 3124 3198 καὶ
3158 3145 3462 3220 μακαρίους

184 3198 254 3206 ’⁷⁷
296 3198 340 3205 ’⁷
357 3198 589 3222 "'r""'
636 3198 1207 3222 """""""'l'""""'
1255 3198 1484 3223 'I'""l"
1537 3198 1629 3207 """
1646 3198 1741 3208 ""

182 3248 472 3319 graphium
507 3263 833 3317 pra'ponere.
857 3271 878 3300 ο
930 3247 1207 3314 Quaeritur
1251 3249 1319 3303 de
1365 3246 1769 3316 Stichometria,

1881 3198 2129 3300 Πατέρας
2159 3198 2532 3298 nuineratum,
2575 3241 2630 3288 et
2676 3198 2941 3304 epistolas
2993 3198 3171 3305 ejus:
3193 3198 3460 3308 tanquam

183 3341 487 3410 respondet
519 3341 758 3397 Dallaaus
796 3341 863 3396 de
882 3340 1354 3412 Chronographia,
1381 3341 1451 3396 ad
1482 3357 1648 3410 quam
1683 3342 1772 3397 illa

181 3433 342 3489 nullo
391 3432 559 3488 modo
599 3441 830 3505 spectat.
869 3431 1046 3502 Hujus
1097 3443 1273 3487 autem
1319 3430 1774 3504 Chronographia’

179 3543 310 3596 pars
349 3525 549 3581 ultima
574 3537 676 3594 est,
710 3525 912 3597 inquit,
934 3525 1028 3578 illa
1052 3541 1082 3578 ο
1111 3525 1263 3580 nobis
1297 3525 1523 3580 laudata
1556 3525 1776 3582 Sticho-

182 3619 410 3684 etria,
438 3635 656 3689 eamque
678 3619 844 3674 editio
879 3618 1154 3672 Anastasii
1180 3617 1385 3672 exhibet
1416 3619 1472 3672 in
1502 3619 1645 3672 calce
1675 3617 1778 3673 Hi-

182 3715 391 3766 storiae.
430 3711 504 3765 At
544 3712 847 3782 quomodo,
879 3727 1087 3783 quaeso,
1120 3709 1499 3765 Stichometria
1531 3727 1661 3782 pars
1691 3720 1778 3766 est

181 3802 681 3874 Chronographiar,
729 3819 853 3875 quae
897 3805 968 3859 ab
1001 3818 1066 3858 ea
1111 3812 1228 3859 toto
1267 3804 1410 3860 caelo
1437 3804 1644 3861 distat?
1671 3805 1777 3860 As-

185 3905 309 3952 suta
351 3905 438 3951 est
481 3896 561 3950 illi
598 3897 822 3967 quidem
858 3898 912 3952 in
957 3898 1245 3954 codicibus
1271 3895 1498 3964 Grecis,
1533 3899 1628 3954 sed
1665 3915 1777 3954 non

184 3990 369 4061 magis
394 3989 515 4060 ipsa
550 4005 679 4059 pars
707 3997 792 4046 est
823 3989 1310 4062 Chronographiae,
1336 4007 1503 4061 quam
1523 3990 1778 4048 Chrono-

187 4083 419 4154 graphia
476 4099 606 4154 pars
641 4094 726 4138 est
773 4083 1187 4140 Stichametriw.
1213 4083 1371 4156 Apud
1417 4085 1772 4142 Anastasium

186 4188 378 4233 autem
408 4193 478 4232 ne
498 4177 718 4246 quidem
747 4176 1219 4248 Chronographia:
1247 4187 1333 4233 est
1361 4177 1645 4248 adjuncta,
1680 4177 1776 4234 sed

187 4272 242 4325 in
270 4270 425 4326 calce
454 4267 710 4323 Historia:
733 4269 1136 4334 Anastasianas,
1168 4271 1608 4340 patriarcharum
1633 4270 1778 4324 indi-

189 4363 318 4418 culo
354 4362 673 4432 subiuncta.
691 4361 1013 4417 Anastasius
1028 4360 1096 4416 de
1133 4359 1427 4432 Nicephori
1461 4363 1773 4418 Chronolo-

187 4457 277 4526 gia
299 4457 566 4526 loquitur,
597 4471 762 4526 quam
791 4470 941 4522 open
971 4471 1074 4511 suo
1105 4458 1460 4526 proposuisse
1495 4456 1606 4528 (vel
1639 4472 1776 4521 pras-

188 4547 468 4619 posuisse)
485 4563 546 4604 se
573 4549 729 4604 dixit.
761 4546 904 4614 Quid
920 4549 1024 4603 hoc
1049 4548 1115 4602 ad
1137 4547 1587 4616 Stichometriam,
1612 4566 1775 4620 quam
1812 4561 1854 4618 ι)

186 4641 343 4711 aperi
377 4657 482 4696 suo
505 4657 614 4696 non
643 4642 936 4711 praposuit
961 4641 1309 4706 Anastasius,
1341 4657 1507 4713 quam
1537 4643 1593 4696 in
1627 4643 1778 4699 calce

187 4732 366 4787 editio
410 4733 666 4788 exhibet?
695 4730 820 4788 Ideo
850 4731 1365 4804 Chronographiam
1409 4734 1777 4804 praeposuisse

189 4840 253 4882 se
277 4826 422 4881 dixit
455 4825 807 4888 Anastasius.
843 4835 902 4880 ut
931 4824 1175 4880 Joannes
1221 4825 1508 4892 diaconus,
1553 4827 1647 4897 qui
1696 4843 1778 4880 ec-

190 4919 552 4973 clesiasticam
583 4916 878 4971 Historiam
905 4918 1213 4988 scripturus
1259 4929 1396 4982 erat,
1429 4936 1494 4973 ex
1513 4937 1574 4973 ea
1604 4932 1778 4989 posset

187 5011 536 5082 aliquantula
562 5026 813 5079 carpere;
843 5010 975 5079 quid
1009 5022 1191 5065 autem
1234 5011 1449 5067 confert
1480 5011 1776 5066 Stichome-

191 5108 303 5158 tria
336 5104 406 5158 ad
443 5103 858 5158 ecclesiasticam
891 5103 1236 5159 Historiam?
1267 5104 1570 5175 Scripsisse
1611 5107 1777 5175 igitur

188 5197 567 5267 Nicephorum
586 5194 1017 5252 Stichometriam
1030 5197 1356 5252 Anastasius
1373 5198 1528 5254 testis
1542 5213 1654 5252 non
1670 5209 1772 5254 est.

259 5289 365 5345 Rei
396 5290 566 5359 hujus
596 5291 796 5346 veritas
828 5290 962 5346 satis
994 5289 1294 5344 innotescit
1331 5305 1396 5344 ex
1441 5291 1558 5360 ipsa
1601 5289 1779 5345 farra-

187 5386 341 5457 gine,
385 5399 512 5456 quae
565 5382 800 5454 Georgio
848 5383 1100 5456 Syncello
1152 5385 1444 5455 subjuncta
1489 5397 1593 5454 est,
1625 5396 1679 5441 et
1708 5403 1776 5442 ex

187 5477 442 5547 quinque
497 5474 747 5546 partibus
802 5474 1078 5530 distinctis
1134 5484 1370 5544 constat,
1419 5474 1776 5548 Chronologia

187 5568 360 5634 breui,
382 5565 725 5638 Genealogia,
753 5564 998 5621 Indicqu
1021 5583 1200 5637 regum
1224 5576 1274 5621 et
1299 5568 1656 5635 sacerdotum,
1681 5568 1777 5623 In-

188 5660 376 5716 diculo
431 5659 896 5725 patriarcharum,
931 5667 986 5713 et
1031 5654 1424 5714 Stichometria.
1455 5661 1777 5717 Anastasius

188 5763 411 5810 tantum
433 5741 920 5822 Chronographiam
944 5751 1162 5805 brevem
1189 5751 1257 5805 ab
1275 5751 1486 5806 Adamo
1507 5753 1572 5807 ad
1591 5751 1772 5809 Theo-

190 5845 404 5916 philum
448 5841 759 5913 Nicephoro
805 5843 1042 5898 tribuit:
1073 5843 1444 5915 Genealogiam
1495 5843 1623 5901 huic
1658 5845 1772 5916 qui-

528 5942 779 6001 Ρηιιυι.
853 5940 968 6004 Gn.
1002 5937 1078 6002 V.

1875 3321 2142 3390 opuscula
2169 3322 2706 3394 irreprehensibilem
2739 3325 3046 3381 doctrinam
3091 3329 3458 3391 continentia.

1875 3412 1946 3467 ab
1974 3411 2219 3469 Ecclesia
2248 3417 2519 3472 catholica
2549 3433 2648 3488 per
2689 3417 2900 3488 aliquot
2937 3428 3063 3474 ante
3088 3419 3461 3493 Nicephorum

1876 3504 2076 3559 saecula
2128 3515 2376 3577 receptas
2431 3507 2624 3576 fuisse,
2673 3510 2786 3580 jam
2829 3520 2958 3565 ante
3002 3513 3365 3570 ostendimus.
3397 3514 3457 3569 S.

1875 3593 2068 3666 lgnatii
2095 3596 2263 3667 igitur
2283 3601 2546 3670 epistolas
2569 3603 2774 3671 recepit
2795 3611 2850 3658 et
2876 3605 3164 3674 amplexus
3184 3615 3273 3661 est
3294 3605 3458 3663 Nice-

1875 3688 2105 3757 phorus.
2139 3687 2430 3760 Praeterea,
2461 3689 2832 3761 Nicephorum
2885 3696 3094 3752 scimus
3124 3695 3459 3769 Dionysiana

1875 3793 1977 3848 pro
2008 3781 2154 3835 veris
2183 3780 2528 3853 Areopagitas
2551 3783 2812 3853 operibus
2849 3785 3129 3852 habuisse,
3170 3804 3237 3843 ex
3267 3789 3460 3859 dispu-

1877 3869 2084 3925 tatione
2111 3885 2236 3925 cum
2277 3870 2459 3927 Leone
2489 3873 2767 3943 Armeno;
2800 3875 2942 3932 idem
2972 3881 3214 3935 sensisse
3245 3890 3458 3936 certum

1876 3972 1962 4016 est
1997 3961 2353 4018 Anastasium
2383 3979 2449 4019 ex
2500 3966 2673 4035 ipsius
2719 3968 3036 4036 praefatione
3072 3969 3142 4025 ad
3172 3970 3461 4044 Dionysia-

1877 4067 1969 4108 na.
2019 4054 2090 4108 At
2127 4053 2420 4127 Dionysius
2454 4055 2513 4110 S.
2542 4057 2735 4128 lgnalii
2771 4060 3056 4130 epistolam
3113 4074 3222 4118 tam
3257 4064 3462 4120 diserte

1878 4144 2084 4212 laudat,
2112 4157 2172 4201 ut
2196 4149 2288 4218 qui
2314 4164 2503 4204 verum
2531 4149 2851 4223 Dionysium
2882 4152 3053 4209 fuisse
3081 4156 3271 4222 sensit,
3301 4157 3461 4213 aliter

1878 4239 1946 4293 de
1985 4238 2194 4310 lgnatio
2219 4242 2422 4296 sentire
2462 4258 2570 4298 non
2607 4244 2884 4313 potuerit;
2918 4260 3096 4316 neque
3122 4263 3460 4319 quemquam

1880 4333 2138 4388 novimus
2168 4333 2260 4402 qui
2290 4335 2675 4405 Areopagitam
2702 4335 2965 4404 defendit,
2997 4338 3130 4408 quin
3168 4340 3312 4394 idem
3334 4341 3460 4396 licet

1880 4422 1946 4476 ad
1975 4425 2258 4495 angustias
2283 4426 2557 4491 redactus,
2579 4429 2744 4481 etiam
2772 4429 2831 4482 S.
2859 4427 3128 4498 lgnatium
3151 4431 3455 4487 admiserit.

1952 4513 2247 4571 Auctorem
2284 4517 2447 4572 etiam
2486 4516 2892 4582 Stichometriw,
2937 4521 3190 4592 quisquis
3226 4532 3331 4588 est,
3361 4539 3458 4578 nc-

1883 4620 2076 4674 gamus
2104 4605 2162 4660 S.
2209 4606 2400 4677 lgnatii
2447 4609 2710 4678 epistolas
2760 4625 2900 4679 quas
2938 4611 3286 4669 defendimus
3328 4632 3458 4686 sup-

1881 4695 2154 4764 posititias
2214 4699 2620 4767 pronuntiasse.
2667 4698 2799 4769 Ejus
2847 4703 3068 4772 quidem
3121 4705 3289 4761 verba
3344 4707 3459 4763 haec

1883 4797 2032 4850 sunt,
2061 4798 2225 4857 prout
2251 4788 2305 4842 in
2331 4789 2568 4843 editione
2597 4789 2845 4847 Parisiua
2874 4793 3241 4853 exhibentur:

2022 4902 2132 4981 ζςαὶ
2145 4973 2155 4981 ⁸
2167 4901 2283 4981 ὅρα
2309 4903 2423 4981 ἰῆς
2455 4904 2609 4970 Νέας
2624 4907 2814 4981 ¹εἰσὶνΔ
2830 4911 3166 4981 ᾀπόκρυφα·

2023 4973 2274 5047 Εέερξοξος
2307 4975 2514 5047 μέτρου
2551 4975 2746 5045 στίχων
2778 4979 2929 5047 ,βψ-

2024 5043 2275 5120 Ηερίοδος
2316 5043 2562 5120 ξΙωάννου
2598 5043 2804 5120 στίχων
2825 5043 2940 5120 ἠχὴ

2022 5113 2275 5190 [Ιξρίοδος
2307 5113 2496 5183 Θωμᾶ,
2519 5113 2739 5190 ᾔσῖίχών
2763 5113 2866 5190 pii.

2023 5183 2353 5261 Edunt-Sim
2405 5185 2543 5261 usta-it
2575 5183 2794 5261 Θὼμᾶν,
2817 5183 3028 5261 ’στίχων
3061 5209 3161 5261 ρατ.

2023 5253 2220 5324 Διδαχὴ
2253 5255 2584 5318 ἀποστόλων,
2621 5253 2819 5324 σ’ὲίχων
2852 5261 2916 5314 σ’.

2023 5277 2220 5324 ιιιοαχη
2253 5277 2584 5318 αποστοΑων,
2621 5277 2706 5309 στι
2743 5277 2816 5311 ων

2023 5323 2439 5400 ξςλήμεντοςλιῆ
2473 5326 2670 5400 στίχων
2701 5277 2816 5400 ἔχ’.

2035 5394 2313 5462 Ἰγνατίου,
2348 5394 2727 5466 Πολυκάρπουξ
2752 5394 3024 5474 ’Ποιμένος
3071 5405 3163 5458 καὶ
3208 5402 3403 5475 Ἑρμᾶ.

1881 5484 2014 5551 Quae
2037 5486 2104 5541 ad
2137 5487 2342 5542 calcem
2370 5489 2645 5546 Anastasii
2680 5489 2930 5551 Historia:
2977 5496 3049 5550 ita
3100 5495 3286 5551 Latine
3328 5497 3450 5551 red-

1879 5578 2116 5633 duntur:

2207 5669 2300 5754 _Et
2332 5688 2449 5742 quae
2477 5671 2615 5727 Novi
2635 5684 2758 5728 sunt
2795 5677 3116 5746 apocrypha.

1952 5778 2296 5852 itinerarium
2335 5782 2503 5846 Petri.
2535 5801 2725 5842 versus
2747 5787 2804 5852 2,
2829 5787 2953 5842 800.

1949 5848 2296 5908 ltincrarium
2335 5852 2582 5924 Joannis,
2612 5848 2805 5915 versus
2833 5858 2888 5928 2,
2915 5859 3038 5915 500.

3096 5956 3137 6018 δ
