3878 6210
427 347 525 404 107
552 337 560 346 ’

495 454 852 522 Itinerarium
875 459 1120 522 Thomas,
1155 468 1348 510 versus
1372 451 1425 516 1,
1460 448 1585 504 600.

508 517 863 604 Evangelium
895 517 1194 604 secundum
1223 523 1732 604 Thoman‘kversus
1763 519 1816 584 1,
1849 517 1974 572 ⁵500.

507 591 764 663 Doctrina
797 601 1200 672 apostolorum,
1223 607 1417 672 versus
1444 591 1571 647 200.

508 675 807 733 Clementis
833 663 926 743 ’(Ἷ,
962 684 1151 743 versus
1171 667 1227 732 2,
1260 663 1385 718 600.

512 747 709 818 lgnatii
737 757 791 799 et
812 739 1116 813 P‘olycarpi.

511 841 591 894 Ex
628 840 714 893 his
757 851 895 906 nego
931 834 1044 888 ullo
1095 830 1258 884 modo
1294 825 1510 898 probari
1555 838 1718 895 posse
1763 819 2025 891 epistolas

442 931 503 988 S.
539 929 734 1002 lgnatii
771 925 1010 980 Eusebio
1055 923 1205 976 visas
1238 920 1308 974 ab
1362 927 1586 973 auctore
1631 913 2028 970 Stichometriar

439 1035 540 1093 pro
565 1014 930 1089 supposititiis
969 1012 1184 1068 habitas
1233 1009 1423 1064 fuisse.
1473 1005 1692 1060 Nudum
1743 1003 1890 1060 enim
1943 1002 2034 1056 hic

441 1112 863 1185 lgnatii-nomen
899 1105 1146 1177 ponitur,
1177 1117 1357 1172 neque
1395 1101 1481 1156 vel
1529 1101 1598 1155 de
1635 1097 1907 1168 epistolis,
1946 1095 2034 1151 vel

441 1206 511 1260 de
535 1195 1252 1273 suppositione-quidquam
1291 1193 1616 1248 afﬁrmatur.
1657 1188 1730 1245 Ut
1757 1198 1941 1244 autem
1978 1185 2035 1241 id

442 1297 590 1369 quod
623 1291 1082 1362 volunt-probent
1126 1285 1450 1348 adversarii,
1493 1297 1718 1338 necesse
1757 1288 1843 1336 est
1887 1288 1948 1334 ut
1976 1279 2032 1333 in

444 1389 595 1443 hunc
651 1386 874 1441 modum
931 1383 1216 1451 disputent
1269 1375 1624 1446 :~Quidquid
1689 1374 1758 1428 ab
1811 1381 2036 1428 auctore

447 1480 837 1536 Stichometria:
862 1476 931 1531 ad
962 1471 1278 1545 apocrypha
1317 1470 1574 1533 refertur,
1601 1465 1666 1520 id
1695 1465 1867 1535 ipsius
1910 1478 2038 1526 sene

442 1574 615 1630 tentia
672 1579 758 1625 est
799 1563 1233 1637 supposititium.
1274 1558 1532 1630 Epistolas
1578 1555 1772 1628 lgnatii
1819 1555 1890 1610 ab
1936 1569 2041 1608 au-

423 1674 598 1720 actore
631 1656 1022 1716 Stichometriae
1051 1649 1466 1722 adapocryphe
1517 1646 1850 1702 referuntur.
1893 1643 2025 1714 Epi-

445 1756 599 1812 stolas
622 1752 789 1822 igitur
819 1745 1015 1819 lgnatii
1047 1750 1272 1800 suntex
1311 1737 1581 1795 sententia
1627 1735 1870 1790 auctoris
1912 1733 2029 1788 Sti-

1519 325 1578 382 S.
1613 319 1965 380 lGNATl‘US.
2006 349 2077 359 —
2117 312 2656 372 PROLEGOMENA.

3617 315 3727 370 108

2052 449 2097 504 Λ
2125 441 2535 510 aediﬁcationem
2570 436 2828 492 Ecclesia:
2857 437 3205 506 pertinentem
3249 435 3528 506 epistolam
3573 454 3726 492 com-

2126 535 2326 604 posuit,
2369 548 2486 603 qua:
2545 532 2684 584 inter
2736 529 3066 599 apocryphas
3134 527 3439 600 Scripturas
3503 530 3724 602 legitur.

2127 626 2396 680 Barnabae
2447 624 2594 679 enim
2650 620 2941 692 epistolam
3001 619 3176 676 fuisse
3223 622 3419 689 tradit;
3455 639 3564 678 non
3615 623 3728 692 ipsi

2129 716 2499 787 suppositam,
2548 722 2643 767 aut
2697 711 2978 781 spuriam;
3029 710 3097 764 ad
3150 710 3567 765 aedificationem
3620 710 3728 765 Ec-

2129 808 2315 865 clesiae
2349 804 2687 877 pertinuisse
2728 804 2967 870 asserit;
3015 817 3126 856 non
3181 801 3366 872 itaque
3405 802 3728 857 bsereticam

2130 899 2377 971 putavit;
2417 898 2616 952 lectam
2655 903 2835 950 tamen
2871 897 3012 949 inter
3043 893 3387 966 apocrypbas
3419 894 3733 964 scripturas

2133 995 2316 1058 docet,
2346 1007 2447 1048 nec
2477 991 2547 1046 ab
2580 988 2826 1044 Ecclesia
2857 987 3200 1057 repudiatam
3229 987 3429 1042 innuit.
3479 985 3631 1041 Idem
3672 986 3730 1040 in

2135 1084 2367 1156 epistola
2398 1082 2502 1137 110
2544 1099 2557 1136 :
2601 1080 2832 1151 Exigitis
2854 1081 2994 1133 enim
3024 1090 3082 1134 ut
3107 1079 3303 1132 librant
3333 1077 3584 1133 Chaldaeo
3617 1094 3734 1131 ser-

2136 1195 2287 1232 mone
2331 1176 2687 1245 conscriptum
2745 1172 2815 1227 ad
2867 1171 3122 1226 Latinum
3162 1171 3360 1242 stylum
3389 1171 3624 1234 traham,
3658 1169 3734 1223 lia

2138 1270 2290 1323 brum
2313 1269 2494 1338 utique
2529 1266 2730 1334 Tobiae,
2771 1282 2925 1337 quem
2982 1264 3194 1319 Hebrwi
3228 1263 3290 1317 de
3318 1262 3559 1333 catalogo
3591 1261 3736 1314 dici-

2138 1375 2330 1414 narum
2359 1358 2768 1428 Scripturarum
2812 1365 3045 1411 secantes
3078 1355 3157 1408 his
3210 1371 3326 1425 qua:
3366 1354 3736 1425 hagiographa

2141 1452 2281 1523 (lege
2315 1449 2641 1521 apocrypha)
2680 1457 2995 1514 memorant,
3029 1447 3428 1517 manciparunt.
3458 1445 3738 1501 Emenda-

2141 1544 2347 1598 tionem
2377 1542 2520 1596 hanc
2559 1556 2684 1596 cum
2722 1540 2892 1594 multa
2925 1539 3055 1604 alia,
3088 1546 3202 1592 tum
3243 1538 3408 1591 verba
3443 1539 3736 1606 sequentia

2143 1636 2280 1691 satis
2303 1633 2634 1690 confirmant
2657 1651 2670 1686 :
2696 1631 2942 1702 Arguunt
2967 1632 3105 1685 enim
3129 1647 3222 1684 nos
3245 1627 3597 1683 Hebrworum
3616 1637 3737 1681 stu-

2144 1729 2256 1794 dia,
2294 1737 2344 1782 et
2375 1728 2641 1797 imputant
2671 1725 2821 1778 nobis
2846 1734 3035 1778 contra
3057 1739 3212 1777 suum
3235 1738 3487 1780 canonem
3519 1720 3736 1774 Latinis

446 1797 748 1904 chometti'iw
765 1797 1148 1912 supposititiae.
1169 1833 1346 1904 Hujus
1369 1825 2027 1903 syllogismiﬂammondo
2064 1797 2106 1852 Β
2135 1822 2357 1889 auribus
2400 1821 2505 1874 ista
2548 1818 2860 1887 transferre.
2910 1815 2979 1870 Et
3031 1831 3226 1871 rursus
3275 1814 3507 1884 epistola
3552 1814 3650 1866 111
3707 1838 3733 1875 ,ς

446 1947 637 1995 nostro
648 1925 1359 2004 majorem-propositionem
1372 1935 1507 1991 nega
1515 1933 1570 1973 re
1583 1915 1841 1985 ,~Usserio
1854 1915 1920 1969 de
1934 1914 2032 1968 mi-

449 2031 576 2086 nori
593 2030 773 2084 visum
795 2034 878 2081 est
897 2021 1257 2090 distinguere.
1277 2015 1389 2084 Ego
1408 2022 1659 2068 neutram
1680 2009 1788 2064 ulla
1817 2007 2034 2062 ratione

449 2121 678 2195 probari
701 2132 862 2190 posse
877 2112 1182 2179 'contendo,
1215 2120 1270 2164 et
1287 2117 1578 2176 utramque
1591 2104 1802 2174 pariter
1819 2115 2032 2170 negan—

436 2222 575 2276 dam
602 2229 820 2278 censeo,
838 2220 899 2266 ut
920 2225 988 2265 ne
1001 2207 1086 2263 vel
1109 2205 1303 2261 umbra
1319 2197 1646 2276 argumenti
1662 2196 2031 2264 relinquatur.

519 2306 708 2361 Primo
748 2303 906 2358 enim-
934 2297 1243 2355 rectissime
1285 2288 1675 2346 \Hammondus
1702 2295 1889 2341 noster
1920 2284 2037 2338 haec

451 2397 724 2455 Salmasio
758 2393 1006 2463 reposuit
1039 2407 1052 2444 :
1086 2387 1211 2441 Non
1243 2387 1326 2440 ita
1348 2383 1487 2438 vocis
1518 2380 1698 2446 istius,
1720 2377 2035 2448 ἀπόκρυφοι,

450 2489 777 2564 signiﬁcatio
825 2482 1136 2554 accipienda
1179 2488 1279 2546 est,
1329 2485 1388 2530 ut
1421 2475 1604 2529 statim
1656 2471 1898 2542 spurium
1942 2476 2037 2522 aut

450 2563 702 2652 κίϐδηλον
750 2587 843 2631 aut
883 2573 1341 2645 ψευδεπίγραφον,
1386 2567 1652 2637 sequioris
1678 2564 1775 2618 sevi
1822 2563 2041 2632 ﬁgmen-

448 2686 566 2730 tum
601 2675 691 2739 sit,
725 2669 979 2742 quidquid
1013 2667 1181 2720 ubivis
1223 2666 1358 2717 inter
1406 2655 2040 2728 apocrypha-repositum

451 2767 776 2822 inveniatur.
814 2761 960 2815 Nihil
983 2760 1087 2814 hoc
1119 2756 1282 2811 efl‘ato
1315 2753 1499 2808 verius
1527 2759 1630 2805 est.
1666 2748 1891 2802 Fatetur
1911 2745 2042 2800 Dal-

451 2861 610 2924 heus,
634 2873 744 2913 non
775 2869 897 2912 esse
926 2867 1048 2908 eam
1075 2850 1239 2919 hujus
1269 2846 1512 2902 nominis
1539 2859 1607 2898 ex
1634 2840 1800 2912 etymi
1827 2839 2040 2895 suira-

454 2954 606 3008 tione
633 2950 781 3015 vim;
817 2945 935 3001 vult
976 2952 1156 2998 tamen
1201 2957 1266 2994 ea:
1294 2955 1396 2992 usu
1430 2934 1813 2996 ecclesiastico,
1852 2939 1911 2984 ut
1953 2929 2044 3000 qui

453 3045 590 3099 liber
633 3039 961 3110 apocryphus
1007 3036 1206 3089 dicitur
1251 3034 1296 3086 is
1335 3032 1441 3102 fere
1477 3029 1656 3098 aliqua
1697 3027 1928 3079 istorum
1972 3023 2046 3076 vi-

445 3138 653 3191 ‘tiorum
677 3134 900 3188 laboret.
937 3128 1088 3194 Fere,

451 3231 801 3301 plerumque,
841 3222 989 3295 quod
1035 3234 1137 3274 nec
1174 3217 1520 3301 Hammondo
1561 3211 1906 3277 contradicit,
1941 3225 2041 3265 nec

454 3231 801 3301 plerumque,
841 3227 989 3295 quod
1035 3234 1137 3274 nec
1174 3227 1281 3288 ﬂat
1316 3227 1520 3286 mondo
1561 3227 1906 3277 contramcu,
1941 3227 2040 3265 nec

454 3317 753 3390 quidquam
785 3314 996 3384 probat.
1022 3227 1609 3454 Afﬁrmatgbocrypha
1645 3303 1848 3375 opponi
1897 3301 2040 3372 apud

455 3421 648 3454 ηριρηκ
689 3411 970 3454 xcrintores
1016 3404 1167 3454 libris
1207 3411 1257 3454 et
1347 3401 1502 3454 ivinis
1544 3410 1595 3453 et
1642 3395 2036 3454 ecclesiasticis,

455 3421 648 3466 veteres
689 3411 970 3477 scriptores
1016 3404 1167 3458 libris
1207 3411 1257 3456 et
1300 3395 1502 3455 divinis
1544 3410 1595 3453 et
1642 3395 2036 3457 ecclesiasticis,

455 3505 552 3558 hoc
577 3511 676 3570 est,
715 3499 958 3554 omnibus
989 3497 1142 3551 libris
1167 3494 1308 3565 apud
1343 3492 1640 3551 Ecclesium
1663 3491 1803 3543 notis
1826 3497 1877 3543 et
1917 3503 2042 3556 pro-

457 3596 621 3659 batis,
678 3592 821 3662 apud
873 3591 1114 3660 aliquos,
1158 3588 1386 3652 scilicet,
1428 3594 1483 3640 et
1525 3581 1817 3652 aliquando
1841 3579 2041 3651 (nemi-

455 3700 581 3740 nem
615 3683 760 3737 enim
792 3680 1040 3734 nominat
1065 3685 1261 3747 praeter
1295 3673 1691 3728 Tertullianum
1739 3678 1903 3739 atque
1936 3666 2041 3722 Ge-

453 3773 708 3843 lasium),
741 3776 888 3841 quod
926 3769 1158 3825 omnino
1199 3766 1336 3820 nihil
1381 3765 1596 3834 probat.
1647 3759 1923 3828 Qttaaritur
1969 3772 2040 3811 an

446 3878 675 3932 semper
702 3878 770 3916 ex
807 3876 909 3915 usu
952 3856 1331 3914 ecclesiastico
1361 3855 1437 3908 ita
1463 3861 1735 3917 sumatur,
1769 3859 1831 3904 ut
1864 3862 2038 3919 oppo-

455 3967 622 4010 natur
647 3953 904 4008 omnibus
928 3951 1084 4006 libris
1121 3949 1190 4004 ab
1219 3947 1465 4003 Ecclesia
1483 3979 1487 3984 ι
1507 3958 1733 4015 quoquo
1762 3941 1928 3996 modo
1953 3955 2040 3994 τεο

456 4045 670 4116 ceptis?
697 4044 972 4110 Quaeritur
1004 4057 1073 4095 an
1096 4038 1319 4110 .quoties
1362 4034 1585 4104 aliquod
1630 4032 1897 4103 scriptum
1949 4030 2032 4086 di-

449 4141 603 4195 citur
631 4137 844 4193 Veteris
886 4135 971 4190 vel
1013 4131 1152 4187 Novi
1192 4128 1526 4185 Testamenti
1560 4125 1954 4197 apocrypbum,
1986 4125 2042 4180 id

439 4231 643 4288 statim
682 4229 940 4285 omnibus
975 4224 1366 4282 ecclesiasticis
1411 4229 1740 4290 opponatur,
1770 4227 1824 4273 et
1852 4232 1883 4272 a
1929 4225 2042 4272 tota

433 4323 707 4381 "Ecclesia
753 4336 853 4393 pro
885 4319 1073 4391 spurio
1107 4326 1162 4372 et
1205 4316 1470 4394 haeretico.
1492 4311 1809 4383 rejiciatur?
1834 4312 2042 4364 Auctor

441 4416 852 4472 'Stichometria:
899 4414 974 4468 ita
1018 4411 1309 4481 loquitur:
1350 4406 1450 4461 Ha:
1485 4415 1607 4460 sunt
1657 4405 1852 4458 divina:
1895 4401 2042 4457 Scri-

2136 1915 2289 1985 Apud
2343 1911 2596 1966 Hebrwos
2639 1910 2772 1963 liber
2803 1907 2997 1963 Iudith
3029 1909 3167 1962 inter
3188 1905 3552 1978 hagiographa
3591 1905 3737 1974 (lege

2136 2009 2336 2063 iterum
2367 2003 2689 2076 apocrypha)
2719 2003 2934 2072 legitur,
2963 2000 3116 2070 cujus
3139 2000 3435 2053 auctoritas
3465 1997 3532 2051 ad
3572 1997 3738 2050 robo-

2137 2100 2312 2154 randa
2341 2099 2461 2163 illa,
2493 2113 2610 2168 quae
2635 2097 2690 2149 in
2730 2095 3116 2148 contentionem
3143 2092 3357 2147 veniunt
3389 2091 3564 2144 minus
3612 2089 3740 2141 ido-

2139 2209 2236 2247 nea
2271 2190 2574 2261 judicatur.
2617 2186 2871 2257 Chaldaeo
2912 2197 3086 2240 tamen
3119 2199 3357 2237 sermone
3396 2182 3738 2250 conscriptus

2139 2284 2276 2337 inter
2294 2283 2549 2337 historias
2572 2288 2926 2350 computatur.
2955 2277 3139 2344 Quare
3168 2291 3234 2330 ex
3265 2289 3398 2329 voce
3430 2273 3575 2328 nuda
3599 2289 3706 2340 apo
3731 2305 3739 2312 -

2142 2377 2361 2447 ctypha,
2391 2374 2529 2428 nihil
2560 2372 2709 2428 aliud
2741 2379 2888 2426 recte
2924 2369 3180 2435 infertur,
3222 2366 3318 2422 ubi
3352 2366 3421 2422 de
3454 2366 3611 2421 libris
3637 2381 3710 2419 ca

2145 2466 2355 2522 nonicis
2383 2463 2584 2534 agitur,
2616 2477 2782 2533 quam
2818 2461 3084 2530 scriptum
3117 2458 3341 2528 aliquod
3381 2466 3506 2512 eSSe
3551 2471 3583 2510 a
3633 2472 3738 2510 ca-

2144 2573 2287 2612 none
2314 2555 2372 2611 S.
2405 2555 2707 2624 Scriptura
2737 2553 3147 2608 removendum.
3182 2551 3347 2605 Extra
3376 2551 3544 2621 igitur
3564 2566 3741 2605 cano-

2146 2660 2268 2701 nem
2307 2642 2444 2697 Novi
2477 2639 2816 2697 Testamenti
2856 2642 3164 2696 certissime
3199 2641 3422 2712 ponitur
3454 2639 3738 2712 lgnatius‘;

2146 2747 2323 2803 neque
2345 2733 2645 2804 quidquam
2673 2732 2822 2787 aliud
2849 2749 2917 2787 ex
2945 2733 2998 2788 vi
3021 2733 3316 2788 verborum
3342 2729 3739 2786 Stichometria'

2145 2841 2241 2894 per
2276 2827 2642 2880 necessariam
2671 2825 3120 2895 consequentiam
3149 2823 3330 2892 colligi
3363 2832 3563 2893 potest.

2217 2914 2400 2982 Quare
2447 2914 2593 2986 quod
2626 2931 2692 2968 ex
2739 2910 2940 2969 Gelasii
2973 2916 3194 2969 decreto
3242 2915 3435 2984 arripit
3469 2913 3737 2980 Dallrcns,

2148 3009 2307 3079 plane
2332 3008 2888 3093 esbrdrrpoa'dtovuaov.
2915 3007 3014 3062 llle
3045 3009 3190 3062 enim
3220 3008 3506 3077 utriusque
3539 3005 3739 3062 Testa-

1125 3100 1465 3195 inquityhoc
1491 3132 1577 3178 εει
1611 3117 1931 3190 aliquando,
1958 3115 2041 3170 γει
2069 3147 2112 3206 C
2152 3100 2320 3155 menti
2353 3114 2620 3155 canonem
2665 3101 2850 3168 tradit,
2893 3101 3058 3154 nullis
3110 3100 3338 3154 omnino
3395 3100 3739 3169 apucryphis

2146 3195 2377 3263 additis;
2425 3196 2535 3250 imo
2583 3194 2796 3250 Veteris
2839 3191 3174 3250 Testamenti
3221 3194 3550 3265 apocryphis
3585 3209 3736 3246 non-

2144 3288 2310 3343 nullis
2363 3288 2416 3341 in
2469 3303 2737 3343 canonem
2781 3287 3038 3356 receptis,
3078 3286 3200 3341 aliis
3240 3301 3366 3340 cum
3399 3285 3737 3355 apocryphis

2142 3375 2282 3434 Novi
2318 3380 2374 3434 in
2417 3380 2673 3435 ultimum
2720 3388 2884 3449 caput
2930 3379 3170 3448 rejectis,
3214 3387 3268 3433 et
3302 3379 3442 3432 inter
3470 3378 3734 3431 haeretica

2145 3475 2350 3544 scripta
2379 3473 2596 3542 positis.
2629 3467 2788 3526 Unde
2821 3473 2930 3525 duo
2978 3470 3126 3526 facta
3166 3479 3312 3535 sunt,
3359 3469 3623 3540 primum,
3672 3477 3736 3522 u‘t

2143 3566 2456 3638 apocrypha
2507 3565 2750 3620 melioris
2800 3574 2945 3620 notae
2997 3564 3062 3618 ad
3112 3562 3280 3619 Vetus
3308 3562 3732 3618 Testamentum

2144 3659 2493 3729 pertinentia,
2561 3657 2682 3712 sine
2722 3656 2834 3711 ulla
2891 3656 3268 3720 distinctione,
3301 3670 3401 3724 pro
3444 3656 3735 3711 canonicis

2146 3753 2475 3808 haberentur
2505 3751 2650 3821 (qua:
2698 3749 2851 3803 labes
2888 3749 3068 3804 adhuc
3109 3747 3310 3803 canoni
3345 3745 3598 3802 Romano
3628 3750 3732 3803 ad-

2145 3845 2450 3914 harescit);
2494 3840 2818 3907 secundum,
2866 3850 2928 3894 ut
2960 3841 3175 3910 reliqua
3212 3839 3425 3895 Veteris
3448 3849 3502 3894 et
3542 3842 3733 3896 omnia

2143 3935 2279 3993 Novi
2305 3935 2641 3992 Testamenti
2671 3935 2981 4005 apocrypha
3011 3934 3388 4003 cum-scriptis
3429 3933 3732 4000 hatreticis,

2144 4030 2353 4086 fictitiis
2420 4037 2584 4099 atque
2632 4028 2908 4082 damnatis
2952 4035 3145 4080 contra
3195 4024 3454 4080 Veterum
3498 4024 3734 4081 Patrum

2144 4121 2475 4178 sententiam
2512 4118 3002 4189 confunderentur.
3041 4116 3393 4187 Iniquissime
3426 4117 3594 4188 igitur
3627 4134 3734 4188 po-

2144 4215 2402 4280 stulatur,
2454 4220 2513 4266 ut
2558 4226 2626 4265 ex
2680 4209 2785 4265 hoc
2828 4210 3048 4265 decreto
3094 4210 3199 4265 sub
3244 4209 3466 4264 nomine
3520 4209 3730 4267 Gelasii

2143 4309 2290 4365 edito
2313 4304 2743 4361 ‘Stichometriam
2769 4303 3194 4372 interpretemur
3222 4321 3234 4356 :
3269 4318 3394 4357 cum
3425 4302 3482 4356 in
3509 4301 3733 4358 Sticho-

2143 4401 2362 4468 metria,
2397 4397 2534 4452 Novi
2567 4396 2888 4451 Testamenti
2915 4395 3217 4465 apocrypha
3241 4395 3516 4461 dicantur,
3550 4396 3604 4449 in
3628 4397 3730 4451 dc-

459 4518 653 4580 pturae,
690 4523 808 4578 qua:
847 4506 1170 4574 recipiuntur
1229 4501 1292 4554 ab
1338 4498 1578 4554 Ecclesia
1617 4506 1668 4551 et
1715 4496 2040 4550 canonizan—
2071 4493 2115 4548 D
2144 4501 2294 4548 creto
2320 4499 2532 4546 tantum
2561 4488 2878 4560 apocrypha,
2924 4488 3047 4542 sine
3095 4487 3204 4542 Ulla
3244 4487 3625 4555 restrictione;
3670 4488 3728 4542 in

464 4612 570 4655 tur.
605 4601 672 4655 Et
697 4615 815 4670 qua:
835 4609 958 4651 sunt
990 4593 1314 4666 apocrypha,
1356 4591 1556 4646 Veteris
1581 4588 1934 4643 Testamenti.
1971 4585 2040 4639 Et

456 4711 578 4762 qua:
614 4691 751 4745 Novi
787 4699 908 4744 sunt
947 4687 1268 4758 apocrypha.
1315 4683 1416 4739 Hic
1454 4683 1603 4737 nulla
1635 4681 1842 4736 mentio
1872 4679 2042 4732 libro-

463 4798 585 4836 rutn
614 4779 1136 4843 ecclesiasticorum,
1160 4784 1291 4846 puta
1322 4773 1601 4844 Cypriani,
1631 4769 1838 4832 Basilii,
1867 4767 2042 4837 Chry—

464 4873 718 4935 sostomi,
757 4886 785 4924 a
826 4885 1059 4940 quorum
1089 4868 1375 4923 consortio
1411 4863 1654 4936 lgnatius
1696 4872 1751 4917 et
1781 4860 2040 4931 Polycar-

466 4981 569 5037 pus
629 4965 1046 5033 ablegarentur;
1079 4961 1173 5017 sed
1210 4958 1420 5014 Veteris
1452 4966 1662 5012 tantum
1687 4964 1745 5010 et
1774 4952 1907 5008 Novi
1938 4951 2043 5006 Te-

468 5055 840 5112 stamentiuta
877 5052 1175 5124 Scriptura:
1210 5065 1422 5107 canone
1460 5045 1942 5119 rejicerentuert
1979 5044 2036 5099 S.

467 5148 834 5220 Hieronymus
875 5147 1104 5217 epistola
1145 5143 1248 5198 106
1283 5162 1297 5198 :
1345 5141 1449 5195 Hic
1500 5140 1748 5212 prologns
1795 5137 2040 5208 Scriptu-

467 5258 674 5308 rarum,
727 5241 879 5310 quasi
922 5237 1186 5309 galeatum
1225 5235 1544 5305 principium
1580 5232 1819 5286 omnibus
1863 5230 2040 5296 libris,

468 5351 596 5403 quos
633 5333 694 5386 de
727 5330 949 5386 Heber
976 5332 1223 5385 vertimus
1255 5332 1310 5383 in
1343 5328 1616 5392 Latinum,
1643 5325 1915 5378 convenire
1943 5339 2042 5392 po-

473 5436 675 5477 test:ut
702 5425 843 5477 scire
869 5423 1138 5477 valeamus
1171 5421 1427 5492 quidquid
1456 5430 1608 5475 extra
1647 5419 1739 5470 hos
1765 5425 1863 5480 est,
1905 5416 2043 5468 inter

467 5516 764 5586 apocrypha
793 5532 903 5569 esse
938 5517 1255 5585 ponendum.
1290 5513 1394 5580 Qui
1438 5514 1604 5567 etiam
1643 5509 1837 5565 eodem
1880 5506 2044 5561 modo

465 5605 615 5675 loqui
647 5607 953 5661 censendus
986 5606 1039 5659 in
1089 5604 1351 5674 Catalogo
1394 5622 1407 5658 :
1443 5602 1722 5657 Barnabas
1765 5615 1926 5652 unam
1973 5597 2041 5650 ad

538 5720 601 5791 (‘)
628 5719 700 5774 De
744 5719 1144 5790 significatione
1163 5719 1496 5791 litterarum
1517 5716 1587 5791 λῇ
1617 5731 1740 5786 qua:
1771 5715 1824 5791 i_n
1849 5713 2042 5791 ligneo

449 5781 612 5846 textu
640 5781 890 5861 exstant,
921 5791 1047 5848 vide
1093 5789 1252 5846 infra!
1271 5789 1375 5847 col.
1404 5789 1527 5856 109,
1549 5788 1609 5858 C,
1635 5781 1694 5842 et
1711 5786 1817 5841 col.
1843 5781 2036 5851 l29,B.

2144 4586 2234 4640 illa
2270 4593 2402 4654 post
2436 4582 2734 4652 scriptores
2770 4579 3087 4647 canonicos,
3139 4580 3195 4633 in
3229 4579 3335 4635 hoc
3370 4588 3493 4650 post
3532 4595 3731 4634 omnes

2143 4671 2475 4741 eatholicos;
2515 4672 2571 4726 in
2600 4673 2692 4727 illa
2716 4671 3020 4738 canonicis,
3056 4672 3113 4725 in
3153 4671 3258 4727 hoc
3291 4671 3551 4727 omnibus
3581 4673 3732 4727 scri-

2141 4767 2390 4838 ptoribus
2415 4766 2484 4820 ab
2512 4764 2756 4821 Ecclesia
2777 4765 3021 4835 probatis
3043 4773 3411 4833 opponantur.

2207 4859 2370 4927 Quod
2406 4869 2593 4913 autem
2632 4872 2699 4912 ex
2750 4857 2898 4912 nudo
2943 4856 3100 4910 titulo
3133 4855 3338 4910 frustra
3369 4854 3604 4924 probare
3632 4869 3732 4909 co-

2145 4964 2310 5007 natus
2337 4960 2421 5007 est
2437 4949 2773 5016 Salmasius,
2810 4950 2865 5004 id
2902 4964 2968 5004 ex
3003 4957 3200 5002 natura
3237 4947 3503 5000 librorum
3530 4945 3626 5015 qui
3658 4949 3732 5000 si-

2142 5045 2259 5099 mul
2316 5059 2443 5099 cum
2501 5043 2711 5114 lgnatio
2764 5043 2907 5099 inter
2961 5039 3306 5110 apocryphos
3360 5047 3732 5092 numerantur

2141 5145 2402 5209 praestare
2446 5137 2619 5191 voluit
2687 5135 2939 5190 Dallaaus.
2973 5132 3053 5187 lta
3099 5132 3244 5187 enim
3280 5130 3499 5184 videtur
3534 5129 3731 5200 dispu-

2145 5240 2293 5284 tare:
2320 5229 2523 5285 Omnes
2547 5229 2668 5282 libri
2699 5229 2792 5298 qui
2823 5227 2893 5282 ab
2922 5234 3147 5281 auctore
3165 5221 3548 5278 Stichometria:
3579 5222 3730 5275 inter

2144 5323 2485 5394 apocryphos
2521 5329 2901 5387 numerantur,
2949 5320 3019 5374 ab
3063 5333 3130 5372 eo
3175 5325 3440 5385 tanquam
3478 5314 3726 5369 haeretici

2143 5427 2239 5470 aut
2263 5415 2375 5469 ﬁcti
2407 5431 2436 5469 a
2459 5413 2675 5484 publica
2707 5411 2967 5468 Ecclesiae
2997 5411 3122 5465 luce
3155 5415 3514 5463 removentur
3547 5424 3559 5459 :
3590 5419 3728 5476 ergo

2142 5513 2196 5559 et
2236 5504 2480 5574 epistolae
2521 5502 2733 5574 lgnatii.
2767 5500 2883 5555 'Sed
2931 5499 3237 5570 respondeo
3271 5497 3469 5568 primo,
3512 5496 3724 5549 nullam

2143 5613 2266 5653 esse
2329 5597 2710 5652 necessitatem
2761 5593 3189 5664 consequentiae.
3238 5589 3358 5645 Non
3399 5590 3549 5644 enim
3600 5588 3724 5643 lere

2139 5710 2278 5765 Nota
2303 5711 2500 5776 obiter,
2519 5724 2780 5764 numeros
2808 5721 3064 5764 versuum
3115 5707 3168 5761 in
3194 5704 3565 5776 Anastasiana
3587 5698 3722 5758 ver-'-

2144 5784 2298 5838 siOne
2324 5797 2431 5837 non
2449 5774 2868 5851 semperGracco
2892 5778 3401 5836 textuiconsonare.
3417 5776 3518 5831 Ea.
3538 5774 3720 5831 Pan.
