3864 6204
241 359 347 415 109

1022 352 1066 410 ι.
1107 345 1474 410 PEARSONII
1511 347 1835 406 VINDICIE
1873 342 2300 402 ΙΕΝΑΤῙΔΝᾸΞ.
2331 372 2402 384 -—
2435 341 2614 396 PARS
2659 340 2702 395 1.

3406 341 3510 397 HO

237 495 465 549 semper
490 478 792 535 discrimen
829 474 1082 532 habitum
1109 476 1361 532 estinter
1387 489 1484 530 eos
1509 473 1700 539 libros,
1737 472 1830 542 qui
1861 485 1909 538 Α
1939 468 2210 536 amicae,
2255 466 2351 521 καὶ
2403 465 2475 520 τὰ
2525 461 2674 533 ἑξῆς.
2739 459 2865 515 Νοη
2925 469 3134 514 tantum
3180 458 3323 514 nouit
3369 457 3514 530 (Ire-

237 571 545 642 apocryphi
574 571 920 625 dicebantur.
979 567 1046 622 Et
1097 569 1350 638 quamvis
1391 583 1499 620 una
1529 565 1830 634 eademque,

238 679 346 716 uno
367 666 658 733 eodemque
686 663 916 729 nomine,
955 663 1061 716 sive
1107 661 1300 731 elogio,
1337 660 1402 714 de
1437 658 1675 715 omnibus
1718 657 1834 711 lata

235 757 306 809 sit
338 756 627 821 sententia,
658 753 795 809 nihil
824 764 1004 808 tamen
1037 769 1209 808 unum
1234 757 1398 822 atque
1433 752 1577 807 idem
1611 750 1678 806 de
1713 765 1834 804 om-

237 848 410 903 nibus
459 847 750 912 asseritur,
806 845 914 900 nisi
959 845 1107 914 quod
1148 859 1340 899 omnes
1372 858 1402 898 a
1431 857 1591 898 sacro
1621 855 1834 896 canone

236 947 626 994 removentur.
677 936 821 991 Fieri
864 937 1050 1006 itaque
1100 937 1299 1006 potuit,
1343 943 1403 989 ut
1453 950 1600 989 unus
1631 933 1832 1002 aliquis

237 1031 478 1101 reliquis
501 1030 696 1084 melior
735 1027 920 1095 fuerit,
954 1029 1208 1098 quamvis
1255 1029 1395 1082 inter
1441 1025 1832 1089 θεοπνεύστους

237 1132 571 1178 numeratus
617 1139 724 1177 non
785 1123 879 1178 sit.
940 1120 1262 1191 Respondeo
1313 1121 1578 1183 secundo,
1610 1118 1832 1188 probari

238 1216 399 1270 nullo
428 1216 593 1270 modo
635 1217 799 1283 posse
837 1222 1120 1268 auctorem
1167 1210 1557 1267 Stichometria:
1589 1212 1830 1282 reliquos

237 1324 442 1364 omnes
496 1323 598 1379 pro
646 1306 922 1362 haereticis
957 1314 1053 1360 aut
1092 1304 1234 1359 ﬁctis
1272 1303 1555 1367 habuisse,
1583 1311 1638 1358 et
1666 1318 1696 1356 a
1728 1318 1830 1373 puo

234 1402 388 1458 blica
417 1400 678 1457 Ecclesia
709 1400 831 1454 luce
859 1413 1142 1454 removere
1170 1398 1432 1453 voluisse.
1463 1395 1599 1451 Nam
1624 1397 1825 1466 primo,

237 1493 603 1564 Nicephorus,
647 1493 844 1564 inquit,
885 1493 1168 1562 epistolam
1204 1490 1489 1560 Polgcarpi
1533 1491 1673 1544 inter
1698 1507 1827 1561 apo-

235 1587 444 1656 crypha
489 1584 881 1654 nullius'apud
919 1601 974 1638 se
1005 1585 1166 1655 pretii
1191 1592 1384 1638 censet.
1411 1582 1558 1638 Inter
1590 1598 1824 1654 apocry-

235 1679 350 1748 pha
375 1679 600 1745 quidem
631 1687 904 1743 numerat,
939 1677 1035 1732 sed
1061 1676 1222 1747 cujus
1259 1676 1421 1746 pretii
1452 1675 1595 1746 apud
1625 1691 1684 1730 se
1707 1675 1825 1731 lue-

237 1772 334 1835 rit,
367 1771 521 1824 nullo
552 1770 716 1824 modo
741 1769 964 1824 indicat.
988 1769 1057 1823 At
1081 1782 1246 1823 nemo
1271 1783 1512 1838 unquam
1536 1766 1819 1839 Polycarpi

236 1864 533 1933 epistolam
560 1871 656 1918 aut
687 1878 788 1933 pro
818 1863 1072 1918 haretica
1118 1870 1215 1916 aut
1251 1877 1352 1931 pro
1394 1862 1518 1916 ﬁcta
1565 1861 1824 1916 habuisse
1855 1875 1900 1934 Β

235 1954 709 2024 deprehenditur;
748 1949 1092 2022 Nicephorus
1131 1952 1317 2023 itaque
1343 1950 1528 2006 Dallai
1569 1950 1687 2006 sine
1715 1951 1826 2006 ullo

236 2043 604 2099 fundamento
641 2059 744 2114 pro
801 2043 896 2098 tali
932 2044 1192 2099 habuisse
1213 2043 1442 2109 dicitur;
1484 2051 1539 2098 et
1592 2042 1828 2112 iniquis-

237 2139 387 2194 sime
415 2150 727 2206 accusatur,
775 2155 842 2196 ac
869 2140 917 2196 si
944 2139 1179 2195 voluerit
1204 2153 1326 2192 eam
1354 2137 1664 2207 epistolam,
1704 2152 1828 2207 qua

240 2239 354 2286 tam
391 2229 485 2286 diu
516 2232 570 2286 iu
609 2230 756 2286 Asia
793 2238 1068 2286 conventu
1119 2229 1257 2285 lecta
1287 2227 1492 2292 fuerat,
1534 2242 1564 2280 a
1608 2227 1827 2297 publica

237 2323 497 2377 omnium
537 2321 907 2378 Ecclesiarum
947 2322 1068 2378 luce
1097 2335 1400 2377 removere.
1439 2319 1712 2385 Secundo,
1747 2322 1830 2374 Δι-

234 2413 383 2486 δαχὴ
441 2415 787 2480 ἀποστόλων,
843 2430 1102 2469 versuum
1148 2413 1274 2480 200,
1318 2413 1463 2467 inter
1515 2413 1827 2484 apocrypha

239 2517 592 2562 numeratur.
624 2507 710 2562 An
746 2508 912 2579 igitur
957 2523 1079 2562 eam
1117 2515 1378 2577 tanquam
1403 2507 1656 2576 pessima
1683 2515 1828 2562 nota

238 2594 536 2664 scriptum,
572 2594 642 2649 ab
671 2592 918 2649 Ecclesia
941 2595 1157 2664 penitus
1181 2593 1574 2648 eliminandam
1613 2593 1829 2648 censuit

239 2686 638 2742 Stichometriae
668 2688 892 2742 auctor?
927 2686 1215 2754 Quodnam
1247 2686 1414 2755 hujus
1454 2701 1702 2741 censura
1745 2685 1828 2738 in-

238 2783 474 2847 dicium,
503 2797 626 2852 qua
652 2781 795 2835 ratio
817 2779 1114 2850 excogitari
1140 2779 1350 2848 potest?
1368 2779 1452 2833 Ab
1479 2778 1589 2833 illis
1608 2793 1730 2848 qua
1758 2779 1828 2833 ab

241 2875 522 2930 hareticis
550 2876 782 2928 conﬁcta
807 2883 954 2953 sunt,
983 2881 1203 2942 separat
1235 2871 1340 2927 hoc
1365 2886 1504 2941 opus
1531 2869 1822 2926 Eusebius.

238 2966 477 3038 “agnus
500 2967 835 3022 Athanasius
867 2966 922 3020 in
955 2965 1186 3036 epistola
1218 2965 1542 3036 ἑορταστικῇ
1577 2973 1828 3019 numerat

239 3059 389 3115 inter
410 3075 509 3116 eos
540 3060 730 3124 libros,
757 3074 898 3129 quos
930 3056 1030 3113 SS.
1063 3057 1255 3113 Patres
1285 3058 1503 3128 pralegi
1535 3059 1828 3114 voluerunt

239 3152 683 3217 catechumenis,
721 3161 781 3206 ut
810 3151 936 3206 inde
969 3151 1190 3221 pietatis
1229 3151 1496 3206 rationem
1526 3165 1823 3221 cognosce-

240 3256 384 3301 rem.

311 3336 526 3405 Tertio,
559 3352 813 3408 quanam
843 3335 1050 3392 iuerint
1088 3337 1180 3392 illa
1210 3336 1576 3403 Clementina,
1609 3352 1732 3407 qua
1773 3337 1831 3392 in

240 3429 350 3485 hoc
383 3428 635 3484 lndiculo
665 3437 1061 3495 memorantur,
1099 3444 1208 3484 non
1236 3430 1396 3484 docet
1430 3429 1664 3485 Dallaus
1696 3445 1831 3485 :vo-

239 3534 329 3579 cat
358 3523 585 3593 quidem
614 3521 804 3575 Libros
850 3520 1132 3576 Clementis
1172 3521 1262 3576 '52.
1300 3521 1404 3578 Sed
1442 3523 1667 3594 quinam
1711 3521 1831 3578 fue-

239 3618 355 3670 rint
378 3615 508 3670 libri
535 3614 605 3668 52
627 3615 720 3684 qui
743 3612 1034 3678 Clementi,
1058 3622 1255 3683 prater
1273 3629 1367 3669 eos
1386 3615 1482 3684 qui
1508 3615 1564 3668 in
1585 3612 1830 3670 lndiculo

240 3707 506 3776 superius
544 3715 942 3771 memorantur,
996 3705 1223 3760 attribui
1258 3706 1521 3772 solerent,
1568 3721 1637 3760 ne
1664 3706 1829 3761 fando

239 3801 541 3871 quisquam
572 3798 752 3853 adhuc
785 3797 1009 3852 audivit.
1059 3795 1202 3863 Quid
1254 3796 1420 3870 igitur
1475 3801 1522 3853 si
1561 3813 1660 3868 pro
1704 3800 1748 3851 Λ
1787 3797 1829 3851 Β

238 3893 495 3964 legamus
521 3892 568 3944 A
589 3890 631 3943 Β
663 3890 731 3961 (Λ
755 3891 902 3945 enim
929 3898 984 3946 et
1018 3891 1066 3942 A
1093 3905 1236 3960 sape
1279 3891 1336 3944 in
1390 3906 1525 3946 mss.
1595 3889 1829 3946 confun-

241 3985 503 4053 duntur),
537 3994 593 4038 et
625 3983 762 4037 duas
800 3981 1096 4038 Clementis
1133 3982 1394 4053 epistolas
1425 3983 1828 4053 intelligamus?

241 4088 378 4132 tunc
405 4077 554 4131 enim
589 4085 643 4130 et
667 4091 859 4131 versus
888 4075 1055 4143 2,600
1088 4076 1197 4132 illis
1235 4077 1370 4132 satis
1404 4076 1542 4131 bene
1589 4077 1828 4146 quadra-

243 4171 386 4224 bunt
421 4169 575 4240 (nam
608 4178 896 4238 utramque
935 4169 1101 4224 simul
1133 4179 1407 4239 sumptam
1443 4184 1568 4224 cum
1596 4168 1712 4239 jam
1741 4169 1827 4223 in-

243 4275 412 4336 tegra
439 4273 646 4328 essent,
679 4277 928 4332 aquasse
963 4260 1317 4334 Evangelium
1368 4263 1672 4317 secundum
1723 4261 1826 4316 Lu-

243 4375 394 4425 cam,
419 4358 513 4412 cui
552 4358 778 4412 totidem
816 4356 976 4426 plane
1010 4373 1202 4413 versus
1241 4357 1615 4424 ascribuntur,
1644 4357 1824 4428 quivis

243 4452 558 4520 concedet),
587 4460 640 4504 et
665 4450 964 4521 genuinum
1001 4449 1296 4504 Clementis
1351 4464 1488 4518 opus
1531 4449 1824 4520 lgnatianis

243 4546 568 4615 adjunctum
627 4544 972 4609 habebimus,
1025 4543 1169 4614 quod
1209 4559 1274 4598 ea
1319 4545 1578 4612 paritera
1622 4559 1822 4613 suppo-

242 4639 466 4693 sitionis
489 4637 717 4691 crimine
738 4637 1006 4691 liberabit.
1032 4635 1254 4703 Quinto,
1277 4639 1421 4707 quod
1447 4636 1675 4694 Hermas
1698 4654 1823 4694 cum

241 4727 548 4800 lgnatianis
606 4727 941 4793 nominetur,
998 4729 1185 4798 negari
1235 4745 1345 4784 non
1395 4743 1556 4798 posse
1597 4729 1820 4798 volunt,

242 4822 384 4892 quin
415 4819 746 4889 Nicephorus
780 4823 964 4876 eadem
993 4823 1238 4896 habuerit
1265 4841 1360 4894 pro
1384 4825 1560 4894 falsis,
1593 4826 1824 4895 adeoque

243 4913 392 4981 ﬁctis
445 4922 496 4965 et
547 4913 767 4980 spuriis.
813 4913 926 4968 lmo
952 4929 1082 4970 vero
1118 4915 1224 4970 hoc
1269 4918 1455 4986 negari
1498 4917 1661 4986 idque
1701 4916 1826 4987 jure

243 5005 458 5076 Optimo
480 5014 679 5076 potest,
700 5008 747 5062 si
763 5009 1261 5065 vetustissimorum
1279 5011 1826 5080 doctissimorumque

243 5099 302 5153 in
341 5097 588 5154 Ecclesia
619 5101 948 5171 scriptorum
982 5103 1268 5158 sententia
1297 5103 1822 5172 animadvertantur,

241 5208 391 5262 quos
415 5201 668 5246 secutum
695 5191 866 5248 fuisse
891 5201 1174 5249 auctorem
1205 5192 1592 5250 Stichometriae
1621 5212 1720 5266 par
1742 5205 1826 5252 est

211 5266 228 5350 3
241 5287 493 5343 credere.

315 5380 454 5447 Qua
479 5379 646 5435 fuerit
670 5379 728 5436 S.
771 5379 962 5437 lranei
1004 5383 1072 5438 de
1115 5381 1330 5438 Herma
1355 5383 1498 5438 libro
1530 5384 1822 5450 sententia,

241 5477 315 5531 ab
353 5475 595 5530 Eusebio
646 5477 995 5530 observatum
1037 5486 1141 5544 est,
1186 5477 1330 5532 Hist.
1363 5479 1544 5533 eccles.
1613 5480 1651 5534 l.
1685 5495 1739 5546 v,
1771 5494 1822 5533 c.

241 5568 278 5622 8
307 5585 322 5622 :
361 5568 436 5622 Οὐ
476 5569 638 5638 μόνον
667 5569 724 5622 δὲ
757 5565 919 5636 οἶδεν,
955 5569 1087 5624 ἀλλὰ
1123 5571 1215 5624 καὶ
1248 5571 1566 5643 ἀποδέχεται
1601 5571 1696 5642 τὴν
1729 5571 1824 5625 τοῦ

241 5662 542 5730 Παιῶνος
599 5664 838 5736 γραφὴν,
896 5664 1086 5734 λέγων·
1143 5664 1353 5732 Καλῶς
1407 5665 1520 5720 οὖν
1565 5666 1734 5719 εἶπεν
1784 5667 1824 5733 ἡ

241 5757 461 5826 Γραφὴ
511 5758 550 5824 ἡ
602 5757 887 5828 λέγουσα·
934 5757 1174 5828 Πρῶτον
1224 5758 1463 5814 πάντων
1494 5762 1827 5815 πίστευσον

242 5849 338 5904 ὅτι
365 5851 455 5919 εἷς
485 5851 656 5906 ἐστιν
689 5857 720 5908 ὁ
755 5851 898 5920 Θεὸς
931 5855 963 5907 ὀ
995 5853 1068 5908 τὰ
1098 5851 1295 5910 πάντα
1324 5855 1537 5922 κτίσας
1569 5856 1666 5910 καὶ
1690 5873 1826 5910 κατ-

1937 563 2106 627 meus)
2167 557 2256 613 sed
2311 566 2362 611 et
2427 556 2612 626 recipit
2657 552 2904 609 Pastoris
2945 552 3304 621 scripturam,
3333 550 3515 605 dicens

1936 651 2053 720 (lih.
2098 665 2172 715 IV,
2208 664 2259 703 c.
2295 646 2386 713 '57,
2440 645 2739 702 secundum
2808 645 3158 713 interpretem
3201 641 3460 710 veterem)
3500 657 3514 692 :

1951 761 1970 793 ‹
2005 741 2146 796 Bene
2179 755 2302 809 ergo
2340 735 2618 808 Scriptura
2652 737 2785 790 dicit
2829 749 2852 790 :
2880 733 3064 788 Primo
3107 732 3341 787 omnium
3367 731 3519 786 crede

1932 835 2185 905 quoniam
2212 848 2349 886 unus
2375 840 2452 885 est
2482 830 2647 895 Deus,
2675 830 2765 899 qui
2790 827 2970 882 omnia
3008 824 3287 879 constituit
3315 831 3366 877 et
3391 839 3518 876 con-

1933 925 2240 989 summavit,
2270 930 2320 976 et
2365 923 2491 992 fecit
2544 936 2610 975 ea:
2665 934 2728 973 eo
2781 917 2921 989 quod
2957 931 3062 970 non
3091 924 3225 979 erat,
3255 923 3315 967 ut
3345 924 3516 968 essent

1933 1016 2132 1081 omnia,
2167 1014 2402 1068 omnium
2435 1027 2624 1081 capax,
2658 1019 2707 1064 et
2737 1011 2826 1080 qui
2868 1026 2902 1063 a
2944 1008 3148 1062 nemine
3185 1007 3452 1076 capiatur.
3491 1025 3510 1057 ι

1932 1107 2066 1175 Qua
2094 1107 2261 1162 verba
2288 1115 2508 1161 exstant
2531 1104 2745 1160 Herma
2784 1104 2822 1157 ι.
2857 1118 2916 1168 ιι,
2960 1100 3220 1156 mandato
3255 1099 3310 1165 l,
3351 1099 3515 1154 toties

1933 1209 2049 1252 tum
2085 1195 2436 1254 aCatholicis
2469 1203 2585 1249 tum
2613 1193 2682 1248 ab
2734 1191 3003 1248 bareticis
3046 1192 3228 1248 citata.
3263 1189 3516 1244 Clemens

1940 1285 2342 1342 Alexandrinus
2387 1283 2592 1339 lrenao
2636 1281 2949 1353 σύγχρονος,
2995 1277 3207 1333 Hermae
3257 1275 3518 1346 frequen-

1933 1381 2064 1447 tius,
2104 1395 2271 1450 quam
2313 1377 2624 1448 cuiuspiam
2665 1375 2954 1444 scriptoris
3005 1371 3363 1428 ecclesiastici
3413 1385 3514 1424 au-

1929 1471 2186 1526 ctoritate
2211 1469 2408 1534 utitur,
2455 1481 2693 1536 eumque
2730 1465 2930 1535 sapius
2973 1464 3210 1534 explicat
3259 1472 3312 1518 et
3345 1463 3489 1516 inter

1926 1571 2194 1633 pretatur.
2242 1559 2582 1616 Sententiam
2614 1558 2737 1628 ejus
2768 1557 2837 1612 de
2879 1557 3022 1612 libro
3060 1557 3181 1626 ipso
3219 1556 3304 1612 vel
3330 1571 3397 1611 ex
3429 1556 3516 1610 bis

1925 1652 2062 1707 locis
2118 1651 2378 1722 colligere
2426 1664 2747 1719 possumus.
2794 1651 3092 1716 Στρωματ.
3128 1647 3166 1702 l.
3209 1663 3227 1700 ι
3277 1666 3290 1702 :
3343 1646 3517 1710 Θείως

1923 1743 2101 1796 τοίνυν
2133 1745 2167 1814 ἡ
2199 1741 2427 1812 δύναμις
2457 1742 2491 1810 ή
2528 1738 2606 1810 τῷ
2649 1739 2828 1810 Ἑρμᾷ
2860 1738 3002 1792 κατὰ
3048 1737 3389 1808 ἀποκάλυψιν
3419 1736 3515 1790 λα-

1924 1835 2110 1888 λοῦσα·
2152 1834 2230 1888 Τὰ
2261 1833 2546 1902 ὁράματα,
2582 1831 2738 1902 φησὶ,
2774 1830 2871 1885 καὶ
2906 1829 2978 1883 τὰ
3005 1830 3515 1899 ἀποκαλύμματαο

1927 1925 2118 1981 Divine
2146 1941 2270 1996 ergo
2297 1932 2529 1994 potestas
2551 1922 2649 1976 illa
2677 1938 2795 1992 quae
2820 1921 3035 1975 Hermae
3071 1920 3309 1991 loquitur
3335 1923 3390 1974 in
3437 1938 3516 1976 re-

1927 2015 2210 2082 uelatione,
2249 2035 2267 2068 ι
2312 2013 2574 2079 Visiones,
2600 2014 2801 2084 inquit,
2829 2022 2879 2066 et
2918 2011 3280 2081 revelationes,
3314 2033 3333 2064 ι
3374 2023 3516 2079 etc.;

1929 2103 1968 2159 Ι.
2006 2119 2059 2158 v1
2096 2123 2110 2158 :
2143 2105 2254 2158 Καὶ
2289 2103 2470 2167 καλῶς
2518 2103 2734 2175 εἴρηται
2768 2102 2847 2174 τῷ
2881 2103 3128 2174 Ποιμένι,
3163 2101 3518 2172 Κατέόησαν

1927 2197 2039 2251 οὖν
2051 2197 2180 2266 μετ’
2207 2196 2406 2251 αὐτῶν
2427 2197 2524 2266 (ita
2550 2196 2858 2266 legendum)
2878 2199 2966 2262 εις
2993 2195 3058 2249 τὸ
3087 2194 3260 2264 ὕδωρ.
3285 2194 3355 2248 Et
3379 2211 3519 2265 prte-

1929 2290 2072 2344 clare
2126 2291 2332 2345 dictum
2382 2299 2462 2344 est
2514 2307 2548 2343 a
2599 2287 2866 2343 Pastore:
2907 2307 2926 2339 ι
2973 2287 3358 2342 Descenderunt
3393 2305 3517 2360 ergo

1927 2397 2050 2434 cum
2070 2385 2146 2436 eis
2171 2383 2326 2454 (non,
2355 2399 2560 2446 eorum,
2585 2391 2646 2436 ut
2674 2382 2818 2436 male
2841 2381 3129 2452 interpres)
3161 2382 3217 2434 in
3239 2399 3452 2452 aquam.
3489 2401 3511 2435 ι

1927 2472 2219 2543 Origenes,
2247 2473 2546 2530 Clementis
2577 2473 2916 2545 discipulus,
2953 2472 3166 2528 Herma
3205 2474 3519 2531 testimonio

1929 2566 2266 2622 creberrime
2300 2566 2496 2634 utitur,
2530 2574 2587 2621 et
2617 2575 2737 2622 tum
2785 2580 2949 2622 suum
2996 2573 3116 2620 tum
3157 2565 3390 2621 aliorum
3419 2568 3516 2637 ju~

1929 2657 2140 2712 dicium
2193 2657 2261 2713 de
2321 2657 2480 2713 libris
2525 2656 2647 2728 ejus
2695 2673 2838 2726 sape
2879 2655 3160 2725 exprimit.
3218 2656 3516 2711 Auctorem

1929 2749 2182 2820 agnoscit
2218 2748 2478 2805 Hermam
2514 2749 2691 2816 illum,
2715 2749 2876 2819 cujus
2907 2749 2963 2803 in
3007 2747 3252 2819 Epistola
3287 2749 3356 2804 ad
3399 2747 3517 2803 Ro-

1927 2854 2126 2894 manos
2163 2841 2370 2895 mentio
2417 2843 2498 2908 tit,
2526 2850 2580 2896 et
2605 2855 2746 2911 opus
2783 2840 2960 2910 ipsum
3007 2840 3063 2895 in
3091 2839 3517 2896 Commentariis

1928 2930 1994 2986 ad
2030 2946 2156 2986 eum
2191 2931 2371 2986 locum
2401 2947 2732 3004 magnopere
2762 2933 2970 2988 laudat.
3010 2931 3150 2987 Puto
3193 2943 3390 3000 tamen,
3426 2934 3514 2988 in-

1928 3020 2069 3090 quit,
2101 3021 2242 3090 quod
2287 3020 2514 3076 Hermas
2543 3023 2642 3076 iste
2687 3023 2756 3076 sit
2798 3024 3028 3092 scriptor
3055 3021 3221 3077 libelli
3249 3023 3394 3078 illius
3424 3027 3517 3095 qui

1928 3111 2126 3168 Pastor
2153 3113 2474 3183 appellatur.
2530 3115 2663 3180 Qua:
2707 3115 2974 3183 scriptura
3012 3116 3163 3169 valde
3202 3117 3331 3169 mihi
3364 3116 3517 3170 utilis

1935 3205 2161 3272 videtur,
2205 3214 2277 3272 et,
2324 3216 2381 3260 ut
2413 3215 2563 3275 puto,
2602 3205 2857 3260 divinitus
2903 3207 3188 3276 inspirata.
3221 3205 3421 3261 Homil.
3458 3208 3517 3262 in

1936 3293 2167 3358 Lucam,
2189 3295 2258 3350 35
2287 3313 2300 3348 :
2331 3294 2575 3365 Legimus
2601 3296 2670 3367 (si
2701 3307 2872 3349 tamen
2902 3297 2988 3350 cui
3013 3301 3182 3366 placet
3214 3298 3517 3368 Itujusmodi

1933 3386 2256 3454 scripturam
2298 3387 2547 3456 recipere)
2589 3385 2822 3453 justitite
2879 3395 2930 3439 et
2973 3387 3268 3456 iniquitatis
3304 3388 3517 3459 angelos

1932 3491 2089 3545 super
2120 3476 2346 3528 Abrahae
2393 3475 2566 3530 salute
2611 3485 2662 3529 et
2702 3476 2925 3528 interitu
2974 3477 3356 3546 disceptantes;
3386 3480 3517 3534 dum

1932 3575 2168 3636 utraque
2219 3576 2408 3622 turma:
2461 3583 2558 3621 suo
2615 3583 2735 3620 eum
2799 3566 2980 3620 volunt
3025 3571 3182 3622 coetui
3225 3571 3512 3625 vindicare.

1933 3657 2089 3724 Quod
2114 3659 2161 3712 si
2191 3660 2276 3711 cui
2300 3659 2568 3728 displicet,
2603 3668 2840 3714 transeat
2877 3660 2947 3714 ad
2987 3664 3250 3725 volumen,
3283 3666 3421 3731 quod
3449 3665 3516 3716 ti-

1931 3750 2042 3804 tulo
2067 3749 2313 3806 Pastoris
2342 3749 2615 3816 scribitur,
2639 3761 2689 3804 et
2730 3752 2955 3806 inveniet
2989 3753 3191 3806 cunctis
3217 3753 3516 3807 hominibus

1931 3843 2064 3896 duos
2096 3843 2279 3896 adesse
2299 3841 2534 3913 angelos.
2562 3841 2738 3898 Tomo
2762 3860 2879 3910 xlv,
2916 3845 2970 3898 in
2996 3843 3427 3900 Matthauszi
3459 3846 3518 3900 δὲ

1929 3931 2034 4004 χρὴ
2066 3931 2412 4002 τολμήσαντα
2446 3933 2540 3986 καὶ
2573 3933 2681 3986 ἀπό
2716 3951 2861 3998 τινος
2895 3935 3201 4008 φερομένης
3237 3937 3334 4008 μὲν
3366 3940 3424 3990 ὲν
3450 3937 3515 4008 τῇ

1942 4023 2240 4096 Ἐκκλησία
2273 4026 2511 4098 γραφῆς,
2547 4026 2608 4079 οὐ
2644 4027 2794 4099 παρὰ
2827 4030 2960 4081 πᾶσι
2991 4029 3047 4082 δὲ
3079 4028 3517 4100 ὁμολογουμένης

1927 4110 2063 4170 εἶναι
2097 4115 2265 4181 Θείας,
2301 4116 2360 4170 τὸ
2392 4118 2598 4172 τοιοῦτο
2630 4119 3150 4192 παραμυθήσασθαι,
3190 4121 3418 4196 ληφθείη
3450 4122 3516 4176 ἂν

1926 4208 1986 4261 τὸ
2019 4210 2128 4262 ἀπὸ
2160 4209 2254 4263 τοῦ
2288 4211 2595 4280 Ποιμένος.
2633 4210 2731 4266 Sin
2759 4213 3058 4267 audendum
3085 4215 3153 4267 sit
3181 4216 3324 4269 istud
3360 4216 3517 4270 emol-

1926 4299 2025 4353 lire
2044 4315 2110 4354 ea:
2132 4301 2368 4370 quadam
2396 4303 2685 4371 scriptura,
2710 4319 2828 4373 qua:
2850 4305 2902 4356 in
2931 4302 3176 4359 Ecclesia
3199 4307 3516 4376 circumfer-

1927 4403 2034 4459 tur,
2063 4393 2154 4447 sed
2188 4408 2290 4446 non
2316 4391 2380 4446 ab
2403 4393 2643 4446 omnibus
2667 4410 2762 4462 pro
2784 4393 2966 4448 divina
2989 4393 3233 4459 habetur,
3261 4396 3516 4450 adhibea-

1929 4492 2015 4536 tur
2074 4480 2210 4535 illud
2254 4497 2318 4536 ea:
2373 4481 2515 4535 libro
2555 4481 2822 4539 Pastoris.
2858 4485 2998 4556 IIte
3032 4483 3254 4554 ἀρχῶν,
3293 4486 3387 4540 lib.
3425 4502 3510 4540 Iv:

1855 4583 1900 4638 ι)
1925 4573 2023 4628 Διὰ
2054 4573 2214 4627 τοῦτο
2247 4576 2408 4645 ἡμεῖς
2443 4575 2535 4628 κα)⁹
2568 4576 2627 4628 τὸ
2661 4578 2720 4629 ὲν
2753 4576 2830 4647 τῷ
2880 4577 2987 4630 ἀπό
3036 4594 3196 4630 τινων
3249 4594 3514 4650 καταφρο-

1925 4663 2171 4734 νουμένῳ
2207 4663 2418 4735 βιϐλίῳ,
2454 4664 2532 4734 τῷ
2564 4665 2828 4734 Ποιμένι,
2867 4667 2996 4738 περὶ
3048 4667 3142 4720 τοῦ
3178 4669 3514 4739 προστάσσε-

1927 4754 2050 4808 σθαι
2081 4753 2172 4807 τὸν
2222 4755 2428 4826 Ἑρμᾶν
2461 4755 2554 4809 δύο
2574 4756 2784 4826 γράψαι
2813 4757 3018 4828 βιϐλία,
3054 4759 3146 4812 καὶ
3179 4760 3318 4830 μετὰ
3341 4760 3516 4814 ταῦτα

1923 4849 2084 4902 αὐτὸν
2135 4848 2488 4918 ἀναγγέλλειν
2537 4853 2648 4913 τοῖς
2699 4851 3091 4924 πρεσϐυτέροις
3138 4853 3238 4922 τῆς
3285 4853 3512 4924 Ἐκκλη-

1927 4939 2048 5004 σίας
2095 4939 2132 4994 ἃ
2184 4939 2502 5012 μεμάθηκεν
2552 4942 2660 4996 ἀπὸ
2709 4943 2801 4996 τοῦ
2835 4942 3174 5014 Πνεύματος,
3226 4944 3368 4999 οὕτω
3398 4945 3514 5017 διη-

1924 5030 2187 5102 γούμεθα.
2225 5031 2514 5102 Propterea
2553 5052 2647 5089 nos
2683 5035 2818 5088 illud
2857 5036 2912 5088 in
2947 5035 3200 5100 Pastore,
3239 5037 3375 5090 libro
3419 5041 3513 5110 qui

1927 5121 1991 5174 ab
2016 5121 2283 5192 aliquibus
2311 5125 2684 5188 contemnitur,
2711 5123 2775 5177 de
2815 5123 2942 5177 dato
2975 5122 3189 5180 Herma:
3225 5134 3508 5194 pracepto,

1925 5222 1985 5265 ut
2017 5214 2149 5265 duos
2203 5213 2366 5268 libros
2401 5214 2673 5281 scriberet,
2725 5216 2934 5285 ipseque
2989 5225 3169 5286 postea
3215 5216 3509 5271 senioribus

1929 5302 2181 5358 Ecclesia:
2205 5307 2542 5360 annuntiaret
2565 5324 2682 5377 qua:
2713 5325 2746 5361 a
2769 5306 2973 5375 Spiritu
3004 5308 3291 5376 didicerat,
3312 5309 3390 5362 ita
3427 5309 3511 5362 in-

1928 5404 2297 5464 terpretamur.
2335 5395 2568 5452 llomilia
2603 5397 2656 5463 8,
2699 5399 2755 5452 in
2789 5397 3062 5454 Numeros
3095 5416 3108 5451 :
3147 5399 3299 5464 Quod
3331 5409 3508 5454 autem

1926 5490 2037 5542 dies
2075 5491 2276 5558 peccati
2302 5490 2359 5544 in
2389 5508 2585 5545 annum
2616 5509 2780 5562 pana:
2802 5503 3086 5562 reputetur,
3119 5509 3220 5546 non
3259 5493 3430 5546 solum
3452 5495 3510 5546 in

1927 5581 2022 5633 hoc
2051 5580 2207 5646 libro,
2242 5582 2298 5634 in
2325 5599 2426 5653 quo
2453 5584 2586 5637 nihil
2613 5587 2824 5638 ontnino
2851 5596 2927 5640 est
2951 5585 3089 5656 quod
3114 5585 3350 5639 dubitari
3381 5601 3507 5655 pos-

1927 5675 2021 5737 sit,
2068 5673 2384 5741 ostenditur,
2433 5677 2523 5729 sed
2559 5687 2606 5730 et
2640 5678 2693 5730 in
2715 5676 2891 5731 libello
2928 5676 3192 5740 Pastoris,
3223 5678 3270 5730 si
3299 5679 3385 5730 cui
3415 5688 3506 5731 ta-

1929 5783 2044 5819 men
2074 5767 2342 5836 scriptura
2375 5767 2474 5821 illa
2512 5770 2813 5838 recipienda
2859 5770 3083 5837 videtur,
3120 5768 3321 5823 similia
3368 5769 3502 5822 desi-

1930 5869 2177 5926 gnantur.
2205 5857 2494 5926 Eusebius,
2526 5859 2670 5917 Hist.
2707 5862 2834 5918 eccl.
2877 5863 2915 5919 Ι.
2949 5879 3037 5933 ut,
3062 5878 3110 5920 c.
3141 5863 3175 5918 5
3205 5881 3218 5916 :
3270 5861 3422 5916 Ἐπεὶ
3449 5861 3506 5913 δὲ
