3864 6204
385 332 481 385 HI

1443 333 1500 387 S.
1547 332 1896 388 lGNATIUS.
1938 364 2006 374 --
2035 333 2571 391 PROLEGOMENA.

377 460 406 509 ὸ
437 458 597 522 αὐτὸς
655 457 976 521 Ἀπὸστολος
1028 459 1086 510 ἐν
1143 459 1262 522 ταῖς
1314 458 1406 511 ἐπὶ
1439 458 1582 511 τέλει
1635 459 1978 530 προσρήσεσι
2009 465 2053 522 Α
2083 460 2185 533 ὁὴς
2209 457 2302 514 οὖν
2321 460 2542 514 ἃπασαν
2563 457 2661 528 τὴν
2681 456 2957 528 διαγωγὴν
2976 458 3036 510 ὲν
3048 457 3183 527 οῐκῳ
3200 455 3395 518 κακίας
3416 455 3641 526 ἔχειδια.
3673 499 3678 502 .

379 551 476 622 τῆς
509 551 649 623 πρὸς
703 549 1006 622 Ῥωμαίους
1059 552 1278 622 μνήμην
1325 551 1618 623 πεποίηται
1674 552 1812 622 μετὰ
1861 551 1970 604 τῶν

379 643 553 698 ἄλλων
587 645 680 698 καὶ
723 640 920 716 Ἑρμᾶ,
955 638 1017 698 οὗ
1052 659 1215 714 φασιν
1249 643 1514 715 ὑπάρχειν
1547 643 1606 697 τὸ
1637 643 1731 697 τοῦ
1765 643 1972 713 Ποιμέ-

378 754 488 804 νος
523 735 743 808 βιϐλίον·
784 735 957 791 ἰστέον
989 735 1065 802 ὡς
1115 737 1208 791 καὶ
1257 737 1416 791 τοῦτο
1469 735 1607 810 πρὸς
1661 738 1762 808 μέν
1809 754 1972 791 τινων

378 830 773 896 ἀντιλέλεκται,
823 829 890 884 δι’
942 829 1036 894 οὒς
1068 831 1169 884 οὐκ
1201 829 1266 884 ἂν
1299 832 1357 884 ὲν
1406 830 1860 903 ὁμολογουμένοις
1893 848 1973 884 τι-

383 922 524 996 θείη·
563 924 654 993 ὐφ’
694 919 906 997 ἐτέρων
937 922 994 978 δὲ
1033 917 1462 992 ἁναγκαιὸτατον
1511 918 1595 988 οἷς
1629 923 1863 995 μάλιστα
1894 923 1976 976 δεῖ

370 1016 772 1088 -στοιχειώσεως
803 1018 1170 1089 εἰσαγωγικῆς
1202 1017 1470 1090 κέκριται·
1503 1017 1625 1071 ὅθεν
1657 1017 1757 1088 ἠδη
1787 1016 1881 1070 καὶ
1915 1018 1975 1070 ἐν

377 1101 742 1183 ’Ἐκκλησίαις
789 1111 944 1182 ἴσμεν
993 1111 1125 1165 αὐτὸ
1171 1111 1676 1183 δεδημοσιευμένον,
1724 1109 1816 1164 καὶ
1865 1109 1974 1164 τῶν

381 1204 760 1259 παλαιοτάτων
822 1201 878 1258 δὲ
944 1205 1309 1277 συγγραφέων
1390 1204 1762 1276 κεχρημένους
1824 1201 1976 1266 τινὰς

382 1297 532 1370 αὐτῷ
565 1298 889 1369 κατείληφα.
939 1297 1204 1364 Quoniam
1239 1313 1359 1352 vero
1404 1296 1543 1350 idem
1584 1294 1868 1366 Apostolus
1917 1295 1976 1348 in

385 1390 799 1445 salutationibus
831 1389 902 1444 ad
945 1391 1102 1459 ﬁnem
1142 1388 1401 1459 Epistola:
1436 1388 1506 1442 ad
1536 1387 1802 1442 Romanos
1837 1389 1977 1441 inter

383 1484 521 1538 alios
567 1484 882 1538 mentionem
940 1481 1066 1552 fecit
1119 1481 1354 1547 Hermas,
1401 1481 1552 1549 cuius
1589 1496 1700 1535 esse
1727 1481 1877 1534 aiunt
1908 1478 1977 1532 li-

386 1583 537 1630 brum
579 1574 858 1641 Pastoris;
905 1573 1177 1627 sciendum
1209 1581 1308 1639 est,
1341 1573 1501 1626 etiam
1529 1573 1652 1626 huic
1687 1589 1719 1626 a
1759 1571 1975 1642 quibus-

381 1668 510 1721 dam
545 1667 861 1730 contradici,
899 1675 1113 1736 propter
1145 1681 1274 1735 quos
1312 1666 1449 1719 inter
1483 1674 1704 1735 recepta
1736 1665 1974 1718 auctori-

387 1760 517 1814 tatis
552 1759 716 1813 libros
748 1758 874 1827 poni
917 1773 1021 1812 non
1063 1765 1254 1827 potest.
1289 1756 1368 1809 Ab
1418 1755 1542 1810 aliis
1584 1771 1703 1810 vero
1743 1755 1976 1809 maxime

2073 553 2384 626 λελυμένος,
2406 553 2549 605 κατὰ
2563 550 2691 614 τοὺς
2712 549 2817 616 ἔξω
2844 551 2945 622 τῆς
2967 548 3258 620 οἰκοδομῆς
3276 547 3474 612 λίθους,
3491 548 3541 602 οἶ
3564 549 3674 618 οὐχ

2075 646 2372 722 ἁρμόζουσι
2406 649 2471 717 τῇ
2508 645 2765 716 οἰκοδομῇ
2818 642 2916 697 τοῦ
2967 641 3179 714 πύργου
3223 640 3364 695 κατὰ
3410 640 3502 693 τὸν
3531 641 3672 692 Ποι-

2077 742 2232 813 μένα.
2268 739 2403 793 Tota
2432 739 2620 808 igitur
2646 736 2797 806 impii
2837 736 3166 790 conversatio
3204 735 3259 788 in
3290 734 3446 787 domo
3483 734 3673 803 pravi-

2077 835 2202 887 tatis
2232 842 2332 896 est,
2367 847 2485 885 cum
2511 831 2580 884 sit
2609 829 2902 890 dissolutus
2934 845 3040 882 non
3067 827 3224 881 aliter
3252 843 3411 896 quam
3453 824 3672 894 lapides

2074 935 2228 980 extra
2264 923 2575 993 (edi/icium,
2615 921 2704 991 qui
2741 920 3073 990 aediﬁcanda:
3123 920 3260 973 turri
3309 918 3465 988 plane
3497 916 3671 984 inepti

2075 1028 2221 1080 sunt,
2252 1015 2414 1085 juxta
2455 1013 2754 1068 Pastorem.
2787 1010 3055 1074 Bullinus,
3091 1009 3304 1082 Didymi
3335 1009 3673 1078 discipulus,

2075 1111 2170 1180 qui
2203 1111 2255 1162 in
2284 1107 2528 1162 Ecclesia
2574 1106 2763 1160 Graeca
2799 1103 3093 1174 plurimum
3126 1114 3376 1158 versatus
3417 1109 3522 1165 est,
3549 1099 3671 1154 Ex—

2075 1199 2347 1270 positione
2383 1197 2436 1250 in
2458 1194 2777 1266 Symbolum
2811 1193 3208 1262 apostolorum,
3241 1206 3364 1246 cum
3395 1204 3670 1246 canonem

2079 1289 2136 1346 S.
2184 1289 2483 1359 Scriptura:
2530 1287 2685 1356 prius
2737 1283 3095 1349 tradidisset,
3143 1283 3343 1338 addit:
3379 1279 3671 1336 Sciendum

2079 1393 2253 1437 tamen
2283 1390 2360 1436 est
2391 1379 2530 1451 quod
2553 1389 2602 1432 et
2655 1377 2752 1431 alii
2777 1375 2898 1430 libri
2943 1384 3087 1440 sunt,
3112 1376 3203 1446 qui
3251 1392 3354 1428 non
3399 1374 3672 1439 canonici,

2077 1475 2167 1529 sed
2198 1471 2545 1528 ecclesiastici
2591 1486 2625 1522 a
2681 1468 2972 1537 majoribus
3016 1466 3268 1536 appellati
3305 1477 3446 1533 sunt,
3479 1471 3673 1520 utest

2080 1566 2356 1636 Sapientia
2388 1563 2711 1629 Salomonis,
2757 1570 2806 1615 et
2847 1563 2958 1615 alia
2996 1561 3272 1630 Sapiemia
3309 1577 3426 1630 qua:
3466 1559 3674 1613 dicitur

2078 1661 2179 1730 filii
2213 1657 2421 1713 Sirach.
2443 1655 2696 1726 Ejusdem
2721 1654 2925 1708 ordinis
2951 1663 3027 1708 est
3051 1652 3261 1707 libellus
3294 1653 3470 1707 Tobia:
3496 1665 3542 1706 e.’
3563 1651 3674 1706 Ju-

2079 1751 2214 1810 dith.
2243 1758 2294 1805 et
2343 1747 2773 1804 Machabazorum
2825 1745 2972 1798 libri.
3021 1744 3087 1798 In
3144 1743 3295 1798 Novo
3331 1760 3447 1798 vero
3478 1743 3673 1796 Testa-

386 1850 711 1905 necessarius
738 1848 1043 1918 judicatur,
1083 1847 1150 1900 iis
1186 1847 1480 1916 praesertim
1509 1846 1599 1916 qui
1631 1845 1972 1898 elementaria
2007 1846 2047 1900 Β
2076 1854 2252 1899 mento
2283 1841 2490 1896 libellus
2528 1842 2619 1910 qui
2647 1839 2849 1894 dicitur
2896 1837 3182 1903 Pastoris,
3218 1837 3326 1891 sive
3369 1835 3672 1901 Hermatis,

377 1942 719 1996 institutione
771 1940 1026 2010 indigent.
1073 1937 1220 1992 Unde
1256 1939 1418 1992 etiam
1470 1938 1525 1990 in
1557 1935 1806 1991 Ecclesiis
1858 1952 1976 1991 eum

377 2034 716 2106 publicatum
749 2033 978 2097 scimus;
1010 2040 1059 2086 et
1089 2031 1198 2101 ipse
1219 2029 1474 2101 quosdam
1509 2045 1574 2084 ea:
1603 2029 1977 2084 vetustissimis

380 2128 734 2200 scriptoribus
767 2127 936 2197 ipsius
969 2125 1269 2179 testimonio
1303 2141 1425 2180 usos
1453 2141 1567 2180 esse
1601 2124 1938 2196 deprehendi.

462 2219 522 2275 S.
561 2216 921 2283 Athanasius,
966 2215 1207 2270 Eusebio
1243 2216 1616 2287 synchronus,
1655 2217 1709 2270 in
1749 2217 1978 2287 epistola

389 2312 738 2382 ὲορταστικῇ,
765 2325 888 2365 οιιιη
925 2309 1096 2364 libros
1138 2307 1195 2364 S.
1243 2306 1541 2378 Scriptum
1571 2310 1868 2365 canonicos
1896 2325 1982 2366 re-

389 2405 637 2471 citasset,
670 2402 882 2458 monuit
912 2417 1035 2457 esse
1062 2402 1155 2456 καὶ
1188 2402 1354 2474 ἔτερα
1391 2401 1573 2473 βιϐλία
1607 2402 1812 2457 τούτων
1846 2403 1980 2470 ἐξω-

391 2499 502 2563 θεν,
527 2499 587 2551 οὐ
617 2495 1010 2567 κανονιζόμενα
1047 2495 1166 2566 μὲν,
1203 2495 1564 2567 τετυπωμένα
1596 2494 1653 2548 δὲ
1688 2497 1840 2568 παρὰ
1873 2496 1982 2550 τῶν

391 2591 652 2663 Πατέρων
685 2585 1151 2656 ἀναγινώσκεσθαι
1185 2581 1296 2650 τοῖς
1346 2586 1472 2660 ἄρτι
1525 2585 1983 2659 προσερχομένοις

391 2683 487 2738 καὶ
523 2680 865 2753 βουλομένοις
898 2677 1254 2750 κατηχεῖσθαι
1287 2677 1378 2732 τὸν
1429 2678 1531 2750 τῆς
1581 2678 1862 2743 εὐσεϐείας
1893 2679 1983 2733 λό-

393 2793 507 2844 γον·
576 2775 746 2844 Σοφία
810 2774 1182 2845 Σολομῶντος,
1237 2770 1331 2824 καὶ
1385 2771 1574 2839 Σοφία
1600 2769 1826 2838 Σιρὰχ,
1892 2769 1985 2824 καὶ

423 2867 652 2936 Εσθὶιρ,
677 2869 768 2922 καὶ
792 2861 1026 2929 Ἵουδὶθ,
1057 2863 1149 2917 καὶ
1177 2862 1400 2927 Τοόίας,
1423 2862 1515 2914 καὶ
1537 2859 1759 2929 Διδαχὴ
1795 2861 1987 2914 καλου-

395 2959 536 3032 μένη
570 2959 690 3012 τῶν
727 2957 1115 3021 ἀποστόλων,
1151 2953 1245 3008 καὶ
1279 2955 1312 3008 ὁ
1333 2951 1584 3022 Ποιμήν.
1623 2950 1807 3006 Etiam
1852 2951 1986 3006 alios

397 3055 561 3110 libros
590 3057 743 3108 extra
777 3051 890 3118 hos,
920 3067 1024 3104 non
1066 3064 1265 3104 canone
1304 3048 1516 3118 quidem
1565 3045 1834 3117 probatos,
1895 3045 1984 3100 sed

2079 1935 2170 2004 qui
2192 1932 2497 2004 appellatur
2522 1930 2655 1984 Dua:
2680 1931 2799 1996 via’,
2832 1930 2909 1983 vel
2941 1929 3210 1999 judicium
3239 1927 3525 1980 secundum
3566 1923 3674 1978 Pe-

2082 2035 2224 2077 trum
2253 2038 2270 2075 :
2297 2039 2415 2094 qua
2443 2021 2621 2075 omnia
2638 2020 2740 2091 legi
2772 2021 2982 2090 quidem
3008 2020 3065 2072 in
3094 2017 3345 2071 Ecclesiis
3368 2017 3673 2080 voluerunt,

2081 2133 2184 2171 non
2209 2127 2386 2170 tamen
2425 2115 2656 2185 proferri
2690 2113 2759 2166 ad
2787 2113 3160 2166 auctoritatem
3181 2126 3246 2164 ex
3275 2111 3355 2163 his
3383 2108 3508 2178 ﬁdei
3536 2124 3674 2160 con—

2081 2211 2418 2280 ﬁrmandam.
2454 2208 2514 2263 S.
2543 2207 2930 2279 Hieronymus,
2951 2207 3046 2276 qui
3080 2206 3222 2259 inter
3251 2201 3474 2257 Graecos
3529 2217 3669 2256 con-

2083 2303 2296 2369 senuit,
2357 2303 2410 2357 in
2471 2301 2735 2372 Catalogo
2799 2300 2916 2355 bazc
2972 2298 3174 2353 habet:
3213 2295 3462 2350 llermam
3518 2295 3674 2363 cujus

2084 2396 2354 2465 apostolus
2391 2394 2587 2449 Paulus
2633 2395 2700 2448 ad
2729 2392 2996 2447 Romanos
3029 2389 3260 2444 scribens
3292 2387 3554 2450 meminit,
3582 2403 3673 2438 as-

2084 2499 2265 2544 serunt
2298 2501 2568 2542 auctorem
2599 2502 2710 2541 esse
2752 2485 2876 2538 libri
2901 2485 2992 2554 qui
3043 2481 3344 2552 appellatur
3365 2478 3583 2540 Pastor,
3619 2487 3674 2531 et

2085 2580 2225 2650 apud
2253 2581 2511 2650 quasdam
2561 2576 2784 2632 Graecia:
2817 2575 3082 2628 Ecclesias
3124 2574 3283 2626 etiam
3321 2571 3526 2642 publice
3547 2570 3673 2639 legi-

2088 2685 2192 2729 tur.
2231 2673 2428 2728 Revera
2461 2671 2610 2725 utilis
2651 2670 2803 2736 liber,
2839 2668 3094 2736 multique
3125 2665 3190 2720 de
3233 2680 3293 2718 eo
3347 2664 3672 2731 scriptorum

2086 2777 2318 2822 veterum
2346 2773 2737 2835 usurpaverunt
2777 2759 3117 2823 testimonia;
3153 2757 3242 2810 sed
3274 2756 3416 2827 apud
3446 2755 3674 2808 Latinos

2087 2874 2214 2929 pene
2259 2859 2466 2927 ignotus
2518 2863 2617 2909 est.
2663 2852 2809 2908 Idem
2843 2852 3071 2922 epistola
3107 2849 3233 2915 106,
3277 2847 3392 2902 sive
3435 2844 3676 2916 Prologo

2089 2951 2299 3021 galeato
2355 2967 2368 3002 :
2429 2945 2606 3019 Igitur
2674 2945 2953 3016 Sapientia
3016 2957 3136 3013 qua:
3194 2938 3349 3008 vulgo
3414 2933 3664 2987 Salomo-

2089 3042 2177 3097 nis
2213 3039 2554 3107 inscribitur,
2603 3048 2655 3093 et
2696 3037 2826 3094 Jesn
2879 3037 2974 3092 lilii
3017 3033 3209 3090 Sirach
3256 3031 3421 3092 liber,
3472 3035 3521 3080 et
3572 3023 3674 3079 Ju-

398 3147 631 3204 Patrum
662 3116 981 3200 auctoritate
1027 3141 1140 3198 illis
1189 3141 1280 3212 qui
1315 3116 1530 3211 pietatis
1567 3116 1848 3194 elementis
1892 3139 1989 3192 im-
2014 3151 2057 3210 ο
2091 3133 2207 3189 dith
2236 3143 2284 3189 et
2322 3131 2525 3188 Tobias
2555 3142 2604 3187 et
2634 3130 2828 3186 Pastor
2872 3147 2975 3184 non
3009 3135 3129 3182 sunt
3161 3126 3218 3178 in
3247 3134 3476 3212 canone...
3503 3116 3678 3209 Joan-

400 3241 592 3297 buendi
643 3247 812 3295 essent
859 3237 1193 3309 propositos,
1235 3234 1430 3305 quales
1479 3240 1607 3289 sunt
1651 3249 1664 3286 :
1713 3230 1989 3301 Sapientia

399 3329 725 3398 Solomonis,
751 3327 1025 3398 Sapientia
1054 3323 1267 3392 Sirach,
1294 3321 1504 3388 Esther,
1530 3321 1743 3387 Iudith,
1775 3319 1987 3392 Tobias,

400 3423 660 3479 Doctrina
684 3418 1065 3491 apostolorum,
1087 3425 1138 3471 et
1176 3413 1391 3470 Pastor.
1451 3412 1576 3468 Haec
1605 3413 1826 3484 quidem
1861 3422 1992 3468 tunc

402 3513 661 3570 Ecclesiae
694 3512 1000 3577 sententia;
1035 3509 1168 3580 quid
1196 3517 1380 3564 autem
1413 3507 1481 3562 de
1516 3508 1743 3560 Pastore
1781 3504 1991 3575 judica-

395 3611 564 3675 verit,
596 3607 817 3663 aliunde
866 3613 1035 3676 patet.
1076 3601 1214 3658 Nam
1268 3610 1322 3657 et
1375 3599 1606 3670 epistola
1648 3599 1716 3654 de
1769 3595 1990 3652 Nicaana

402 3701 615 3773 synodo
644 3699 826 3754 verbis
857 3695 1074 3752 Hermae
1094 3694 1266 3765 ipsius
1288 3693 1482 3758 utitur,
1507 3700 1559 3746 et
1585 3691 1680 3746 lib.
1701 3688 1776 3744 De
1800 3687 1992 3742 Incar-

402 3794 620 3850 natione
654 3790 803 3846 Verbi
824 3789 1020 3861 probat
1049 3787 1235 3842 omnia
1254 3801 1321 3840 ex
1351 3785 1525 3840 nihilo
1550 3783 1695 3839 facta
1725 3797 1823 3854 per
1854 3779 1991 3836 Ver-

404 3886 538 3942 bum
575 3903 588 3939 .
619 3877 697 3955 ’ῌ
730 3898 864 3956 φησι
896 3880 984 3934 διὰ
1021 3880 1118 3951 μὲν
1150 3877 1414 3941 Μωσέως·
1465 3877 1568 3932 Ἐν
1599 3874 1758 3946 ἀρχῇ
1790 3874 1992 3941 ἐποίη-

392 3995 521 4033 ισεν
553 3979 586 4031 ὁ
620 3964 764 4042 Θεὸς
794 3973 901 4028 τὸν
931 3971 1193 4042 οὐρανὸν
1225 3971 1323 4024 καὶ
1357 3967 1472 4038 τὴν
1503 3967 1638 4040 γῆν·
1675 3968 1764 4022 διὰ
1803 3966 1860 4020 δὲ
1892 3965 1992 4037 τῆς

405 4066 837 4140 ὠφελιμωτάτης
873 4062 1058 4135 βίϐλου
1092 4061 1186 4116 τοῦ
1220 4059 1531 4131 Ποιμένος·
1570 4057 1812 4130 Πρῶτον
1844 4058 1993 4113 πάν-

403 4176 528 4218 των
558 4160 896 4213 πίστευσον
927 4154 1016 4208 ὅτι
1048 4153 1135 4220 εἷς
1165 4153 1339 4207 ἐστιν
1384 4155 1416 4206 ό
1451 4150 1596 4217 Θεὸς
1629 4154 1662 4205 ό
1694 4150 1766 4204 τὰ
1797 4149 1995 4205 πάντα

408 4254 624 4318 κτίσας
669 4250 769 4304 καὶ
819 4245 1184 4316 καταρτίσας
1234 4243 1332 4298 καὶ
1367 4241 1630 4309 ποιήσας
1659 4241 1729 4294 ἐκ
1761 4241 1868 4295 τοῦ
1905 4239 1990 4310 μὴ

401 4346 586 4410 ιόντος
617 4345 704 4408 είς
735 4340 801 4395 τὸ
846 4339 1019 4393 εἶναι.
1071 4336 1342 4402 Quatenus
1386 4335 1622 4405 loquitur
1667 4349 1760 4403 per
1812 4331 1992 4386 Mosen

408 4439 624 4510 quidem
647 4451 665 4489 :
695 4452 715 4486 ι
737 4431 805 4487 1η
831 4431 1091 4502 principio
1116 4429 1241 4499 fecit
1263 4427 1403 4482 Deus
1429 4426 1616 4481 coelum
1639 4433 1690 4480 et
1715 4434 1938 4480 terram:
1967 4445 1986 4478 ι

2093 3231 2191 3273 nes
2282 3215 2585 3271 Cassianus
2616 3253 2632 3280 ,
2697 3211 2875 3267 sancti
2951 3203 3330 3278 Chrysostomi
3425 3199 3677 3268 discipu-

2093 3313 2201 3378 lus,
2249 3309 2433 3366 collat.
2486 3322 2622 3372 vm,
2666 3305 2834 3375 capit.
2879 3302 2943 3357 17
2974 3323 2986 3355 :
3014 3299 3140 3354 Jam
3188 3296 3327 3368 quod
3394 3293 3682 3361 unicuique

2091 3409 2334 3457 nostrum
2362 3399 2467 3452 duo
2517 3397 2815 3452 cohcereant
2868 3391 3062 3463 angeli;
3095 3390 3149 3443 id
3173 3398 3250 3443 est
3283 3387 3446 3439 bonus
3477 3393 3526 3437 et
3557 3398 3679 3434 ma-

2091 3495 2199 3560 lus,
2235 3491 2518 3563 Scriptura
2548 3497 2794 3544 testatur.
2844 3484 2922 3538 De
2979 3483 3128 3537 bonis
3166 3479 3376 3552 quidem
3406 3474 3679 3538 Salvator,

2091 3595 2224 3652 etc.,
2279 3583 2344 3637 de
2417 3582 2654 3651 utrisque
2724 3593 2844 3632 vero
2894 3575 3027 3630 liber
3073 3571 3320 3628 Pastoris
3376 3567 3684 3640 plenissime

2091 3679 2263 3733 docet.
2297 3674 2364 3729 Et
2391 3673 2576 3729 collat.
2617 3686 2741 3739 xm,
2772 3683 2896 3738 cap.
2931 3668 2999 3722 12
3027 3685 3041 3722 :
3072 3665 3332 3734 Adjacere
3365 3672 3543 3715 autem
3589 3658 3684 3710 ho-

2092 3770 2225 3824 mini
2253 3769 2312 3821 in
2351 3765 2638 3838 quamlibet
2673 3773 2878 3833 partem
2909 3759 3122 3814 arbitrii
3163 3757 3483 3820 libertatem,
3517 3753 3684 3806 etiam

2093 3862 2225 3916 liber
2246 3859 2336 3913 ille
2359 3859 2449 3930 qui
2477 3857 2677 3911 dicitur
2714 3852 2959 3909 Pastoris
2989 3848 3324 3922 apertissime
3353 3845 3522 3901 docet.
3569 3843 3684 3899 Ma-

2094 3955 2277 4011 ximus
2304 3953 2358 4005 in
2383 3949 2622 4005 Scholiis
2653 3946 2721 4001 ad
2750 3943 2994 4016 Dionysii
3032 3942 3229 3996 librum
3259 3939 3338 3994 De
3364 3938 3559 3993 divinis
3589 3953 3685 3989 uo-

2094 4046 2324 4102 minibus
2349 4085 2364 4110 ,
2398 4057 2520 4113 cap.
2549 4041 2620 4095 Δις
2654 4035 3072 4108 Τελεσιουργίαν
3120 4033 3177 4087 δὲ
3224 4031 3470 4101 ἀγγέλων
3532 4029 3686 4099 λέγει

2093 4138 2168 4203 ὡς
2201 4137 2292 4190 ἐπὶ
2314 4133 2407 4187 τοῦ
2437 4131 2634 4202 Δανιὴλ
2665 4129 2756 4182 καὶ
2780 4126 2875 4181 τοῦ
2909 4124 3140 4195 ἀγγέλου
3179 4122 3274 4176 τοῦ
3322 4119 3689 4194 ἑρμηνεύσαν-

2094 4247 2186 4293 τος
2219 4225 2386 4297 αὐτῷ,
2433 4224 2527 4279 καὶ
2574 4218 2833 4294 περὶτοῦ
2881 4217 3147 4288 Ποιμένος
3195 4215 3287 4268 τὸν
3353 4213 3561 4284 Ἑρμᾶν
3598 4229 3689 4264 τε-

2096 4320 2436 4382 λειώσαντος,
2455 4316 2530 4380 ὡς
2551 4316 2665 4369 ἐκεῖ
2687 4312 2998 4381 ἀνέγνωμεν
3028 4311 3084 4361 έν
3113 4306 3192 4378 τῷ
3217 4304 3482 4374 Ποιμένι.
3511 4302 3686 4356 Porro

2096 4411 2431 4486 perfectionis
2458 4408 2786 4479 eﬂ'icientiam
2817 4401 3121 4473 angelorum
3161 4407 3309 4453 vocat
3333 4436 3349 4461 ,
3382 4409 3440 4450 ut
3481 4396 3546 4449 de
3573 4394 3687 4450 Da-

407 4486 503 4602 ;er
540 4528 887 4584 utilissimum
918 4533 1095 4578 autem
1125 4520 1371 4576 Pastoris
1404 4519 1602 4573 librum
1625 4533 1644 4571 :
1687 4536 1706 4570 ι
1747 4517 1996 4571 Primum
2029 4506 2073 4562 D
2101 4505 2237 4562 niele
2260 4513 2309 4558 et
2339 4501 2524 4573 angelo
2550 4500 2652 4570 ipsi
2676 4499 3074 4565 interpretante,
3100 4502 3148 4545 et
3190 4491 3254 4544 de
3282 4488 3508 4542 Pastore
3541 4486 3685 4541 Her-

397 4623 650 4678 -omnium
674 4618 826 4673 crede
861 4631 1024 4670 unum
1055 4629 1166 4668 esse
1208 4612 1398 4679 Deum,
1437 4612 1526 4680 qui
1558 4609 1795 4663 condidit
1824 4609 2003 4662 omnia

411 4726 463 4772 et
502 4712 750 4779 absolvit,
791 4710 1017 4780 fecitque
1047 4717 1106 4761 ut
1150 4721 1215 4760 ea:
1250 4720 1356 4759 non
1389 4713 1506 4758 ente
1528 4711 1721 4758 essent.
1757 4719 1776 4753 ι
1829 4700 2002 4766 Quem

405 4806 632 4863 Hermae
653 4805 838 4859 locum
881 4808 1029 4868 ante,
1062 4799 1130 4854 ad
1167 4795 1418 4851 eamdem
1454 4809 1572 4849 rem
1617 4793 2004 4848 demonstran-

401 4900 560 4961 dam,
594 4895 931 4968 produxerat
962 4889 1226 4960 Origenes
1259 4898 1408 4943 tomo
1451 4901 1469 4942 ι
1512 4885 1566 4940 in
1600 4883 1890 4939 Joannem.
1940 4881 2008 4936 Et

415 5005 545 5047 cum
580 4987 833 5045 eumdem
868 4985 1036 5041 etiam
1077 4982 1449 5054 producerent
1495 4976 1708 5040 Ariani,
1763 4976 2006 5030 Athana-

405 5084 534 5140 sius
566 5079 795 5152 epistola
832 5091 932 5148 pro
977 5072 1196 5129 Nicaana
1230 5070 1439 5142 synodo
1478 5086 1490 5122 :
1549 5066 1638 5120 Ἐν
1669 5065 1726 5118 δὲ
1757 5064 1836 5136 τῷ
1869 5065 2004 5117 Ποι-

407 5176 551 5247 μένι
582 5172 891 5245 γέγραπται
944 5166 1184 5240 (ἐπειδὰν
1236 5163 1330 5218 καὶ
1381 5160 1558 5223 τοῦτο,
1611 5158 1788 5211 καίτοι
1842 5155 1914 5227 μὴ
1946 5155 2006 5208 ὃν

420 5246 486 5321 ἐκ
532 5265 627 5318 τοῦ
671 5262 916 5325 κανόνος,
963 5253 1340 5330 προφέρουσι)·
1404 5270 1423 5304 ι
1478 5249 1721 5319 Πρῶτον
1767 5246 2008 5300 πάντων

419 5359 777 5412 πίστευσον.
823 5370 843 5403 ι
884 5350 950 5404 In
973 5349 1203 5404 Pastore
1248 5361 1450 5416 quoque
1491 5342 1749 5411 scriptum
1784 5339 2007 5393 habetur

422 5449 698 5521 (quoniam
741 5455 791 5498 et
837 5443 953 5509 hoc,
1000 5440 1240 5512 quamvis
1277 5455 1342 5491 ex
1380 5451 1578 5489 canone
1607 5449 1711 5487 non
1739 5433 1830 5499 sit,
1876 5429 2007 5484 alle-

410 5540 615 5610 gant):
650 5557 669 5590 ι
711 5535 956 5590 Primum
987 5534 1219 5586 omnium
1251 5529 1422 5596 crede,
1456 5546 1475 5579 ι
1509 5535 1614 5580 etc.

497 5632 638 5699 Quid
686 5628 946 5700 Didymus
979 5623 1283 5680 Athanasio
1319 5621 1665 5692 synchronus
1707 5617 1775 5671 de
1804 5614 2006 5670 Herma

428 5726 677 5790 senserit,
705 5720 954 5794 quamvis
983 5719 1102 5789 ejus
1141 5716 1326 5770 omnia
1365 5714 1478 5768 fere
1521 5725 1688 5782 opera
1717 5708 2002 5779 perierint,

430 5819 676 5892 colligere
706 5815 832 5872 licet
859 5829 925 5872 ex
960 5811 1166 5870 Catena
1191 5810 1244 5862 in
1271 5806 1493 5871 Jobum,
1524 5803 1616 5858 ubi
1643 5804 1716 5857 ait
1743 5818 1758 5858 ;
1799 5801 1855 5857 Ὀ
1885 5801 2004 5855 diae-

2105 4615 2248 4654 mam
2270 4596 2590 4668 perﬁciente,
2620 4601 2678 4646 ut
2708 4592 2778 4645 ibi
2811 4589 3033 4660 legimus
3062 4588 3119 4642 in
3148 4585 3399 4640 Pastore.
3432 4583 3500 4637 Et
3522 4583 3687 4654 paulo

2106 4700 2267 4760 post:
2299 4689 2408 4742 Καὶ
2439 4687 2519 4740 ὃτι
2551 4685 2640 4738 διὰ
2689 4683 2798 4735 τῶν
2843 4678 3086 4750 ἀγγέλων
3119 4677 3176 4730 αἱ
3215 4675 3382 4746 ψυχαὶ
3414 4691 3686 4746 χειραγωρ

2106 4781 2326 4851 γοῦνται
2359 4781 2414 4832 αἱ
2447 4775 2590 4848 ζωὴν
2635 4773 2932 4844 ἀγγελικὴν
2956 4768 3367 4841 ἐπιτηδεύουσαι
3395 4809 3410 4833 ,
3452 4767 3595 4821 οὕτω
3627 4767 3686 4819 ὲν

2107 4873 2186 4944 τῷ
2218 4870 2463 4942 Ποιμένι
2494 4868 2827 4938 ἀνέγνωμεν.
2868 4864 2936 4919 Ει
2966 4862 3103 4935 quod
3149 4863 3341 4915 anima:
3377 4862 3543 4914 vitam
3591 4875 3687 4913 an-

2109 4967 2333 5038 gelicam
2361 4964 2694 5017 instituentes
2727 4958 2790 5012 ab
2816 4957 3017 5028 angelis
3039 4955 3495 5021 manuducuntur,
3520 4954 3603 5008 ita
3631 4954 3686 5006 in

2108 5059 2337 5114 Pastore
2378 5055 2618 5126 legimus.

2178 5151 2313 5208 Cum
2341 5149 2457 5203 haec
2502 5145 2660 5201 fuerit
2696 5154 2806 5199 tam
2839 5144 3096 5211 antiqua,
3139 5148 3250 5193 tam
3289 5146 3550 5193 constans
3602 5151 3688 5190 θοι

2109 5261 2232 5300 rum
2268 5244 2361 5313 qui
2392 5243 2447 5296 in
2483 5240 2672 5295 Grazca
2709 5237 2956 5292 Ecclesia
2982 5234 3286 5290 ﬂoruerunt
3313 5233 3379 5287 de
3404 5232 3548 5286 libro
3586 5230 3695 5285 Pa~

2109 5337 2268 5392 storis
2306 5333 2609 5399 sententia;
2645 5339 3078 5385 cum-auctorem
3115 5325 3349 5397 prodant
3373 5322 3630 5379 Hermam
3669 5341 3696 5376 ει

2112 5429 2172 5483 S.
2217 5427 2390 5482 Paulo
2434 5424 2802 5488 nominatum,
2857 5434 2983 5474 cum
3031 5417 3234 5471 librum
3287 5415 3470 5484 ipsum
3500 5413 3556 5466 in
3588 5414 3689 5468 ali-

2111 5525 2314 5597 quibus
2338 5521 2587 5578 ccclesiis
2601 5518 2815 5590 publice
2838 5516 3064 5579 lectum,
3081 5513 3146 5567 ad
3165 5510 3566 5566 institutionem
3596 5522 3689 5562 ca-

2113 5617 2564 5670 techumenorum
2614 5627 2644 5665 a
2694 5607 2950 5662 Patribus
2997 5603 3447 5661 commendatum
3485 5613 3691 5654 memo-

2113 5716 2255 5772 rent,
2294 5720 2420 5760 cum
2462 5705 2564 5774 ipsi
2615 5711 2710 5756 aut
2742 5713 2962 5755 sacrum
2994 5705 3050 5751 et
3093 5695 3375 5757 divinum,
3412 5700 3507 5746 aut
3544 5698 3689 5745 certe

2115 5795 2468 5852 utilissimum
2501 5791 2701 5848 librum
2733 5787 3110 5862 pronuntient,
3153 5789 3205 5840 et
3232 5783 3358 5839 ideo
3394 5790 3603 5838 tantum
3633 5781 3682 5838 iu
