3864 6204
207 283 301 334 HS

975 283 1028 339 J.
1076 280 1441 338 PEARSON“
1481 276 1802 336 VlNDlCI/E
1841 271 2257 332 lGNATIANxE.
2297 303 2364 312 —
2405 267 2664 326 PARSI.

3380 261 3483 315 ιιι

202 421 408 460 ratione
467 421 588 461 non
636 405 972 477 ponendum,
998 407 1146 478 quod
1171 407 1238 462 de
1274 421 1340 462 eo
1365 404 1536 474 aliqui
1566 402 1787 458 dubita-
1818 419 1864 476 Α
1889 398 1975 453 nis
2006 395 2393 468 Apocalypsin,
2423 408 2565 464 quos
2594 388 3053 460 tamenagnoscit
3095 387 3271 444 libros
3313 400 3344 440 a
3377 386 3487 454 ple-

202 509 340 563 runt,
367 513 438 552 an
469 497 740 554 credibile
766 507 851 555 est
878 497 1248 569 Nicephorum
1271 507 1367 553 aut
1395 498 1563 552 alium
1596 510 1788 564 quem-

201 592 279 645 vis
311 590 580 646 Ecclesia
610 591 812 647 Graca
855 593 1161 659 alumnum,
1190 591 1442 646 eumdem
1480 601 1542 644 ut
1588 587 1788 642 falsum

197 691 250 734 et
269 681 485 748 fictum,
517 694 584 737 ut
616 683 866 752 pessima
909 692 1054 738 nota
1097 682 1466 753 apocryphum
1513 680 1785 750 jugulare.

198 773 344 828 etab
380 774 538 828 omni
590 775 850 830 Ecclesia
897 775 1020 830 luce
1067 789 1351 829 removere
1403 771 1676 828 voluisse?
1725 769 1790 824 Et

199 873 375 919 tamen
405 864 656 921 Dallaus
680 882 779 936 pro
810 875 961 922 certo
1001 867 1166 921 habet
1189 865 1555 936 Nicephorum
1600 880 1784 930 suum,

200 953 285 1008 his
315 955 583 1011 omnibus
618 958 1003 1027 pratermissis
1064 959 1182 1013 sive
1222 957 1521 1018 damnatis.
1570 966 1789 1012 senten-

199 1048 326 1101 tiam
363 1046 696 1104 Tertulliani
728 1058 899 1120 atque
929 1049 1132 1105 Gelasii
1165 1057 1413 1104 secutum
1443 1063 1586 1103 esse.

267 1139 653 1197 Tertullianus
677 1142 976 1213 aliquando
1004 1143 1330 1209 catholicus,
1357 1140 1788 1211 aliquanda.ha-

201 1231 421 1298 reticus,
457 1241 514 1286 et
551 1232 661 1288 alia
703 1234 998 1300 catholici,
1034 1234 1143 1288 alia
1186 1233 1428 1288 haeretici
1458 1233 1525 1287 de
1568 1231 1808 1288 Pastore.

201 1325 462 1379 sententia
480 1324 610 1382 fuit.
643 1325 870 1380 Librum
895 1326 971 1380 De
997 1328 1239 1381 oratione
1274 1327 1454 1381 adhuc
1484 1325 1789 1390 catholicus

202 1415 438 1483 scripsit,
465 1415 522 1469 in
554 1431 672 1485 quo
727 1417 858 1470 dum
911 1417 1051 1472 ritus
1106 1417 1375 1486 quosdam
1430 1416 1484 1470 in
1539 1417 1790 1471 oratione

201 1514 518 1576 usurpatos,
549 1517 816 1577 tanquam
875 1508 1158 1564 affectatos
1203 1517 1259 1564 et
1307 1520 1553 1574 coactos,
1584 1517 1640 1564 et
1687 1525 1787 1563 cu-

203 1599 330 1654 riosi
375 1601 564 1668 potius
593 1618 764 1672 quam
792 1603 1076 1658 rationalis
1107 1603 1274 1660 officii
1303 1603 1640 1674 perstringit,
1675 1604 1790 1660 hac

202 1693 394 1748 habet:
424 1692 580 1748 Idem
615 1697 760 1765 quod
781 1697 1056 1768 assignata
1089 1699 1330 1752 oratione
1376 1697 1646 1754 assidendi
1677 1715 1788 1753 mos

1890 489 2486 559 risqueeeclesiasticis
2511 486 2750 556 agnitos,
2779 483 2874 553 qui
2909 481 3250 552 apocryphos
3307 478 3488 548 pessi-

1889 598 1992 636 ma
2013 591 2156 637 nata
2179 581 2300 635 οὐδὲ
2324 583 2380 634 ὲν
2406 579 2579 643 νόθοις
2602 576 2888 648 ponendas
2921 574 3115 641 voluit,
3153 573 3296 630 Hist.
3329 571 3368 625 ι.
3398 587 3482 632 m,

1889 690 1939 728 c.
1974 674 2066 728 25.
2102 673 2167 729 Et
2195 674 2310 744 ipse
2336 671 2710 728 Tertullianus
2741 669 2816 725 ita
2863 668 3077 723 videtur
3106 667 3350 737 seipsum
3388 679 3479 718 ex-

1887 769 2120 838 plicare;
2163 784 2290 822 nam
2336 767 2520 823 statim
2581 764 2731 821 addit
2766 782 2779 817 :
2813 763 2883 816 At
2923 777 3017 833 ego
3054 760 3172 830 ejus
3226 757 3481 814 Pastoris

1888 862 2177 930 scripturas
2228 861 2438 923 haurio,
2469 859 2560 930 qui
2612 874 2717 912 non
2763 863 2934 925 potest
2982 853 3183 924 frangi,
3234 853 3339 908 hoc
3397 857 3480 904 est

1888 968 2015 1007 vere
2037 952 2333 1008 cananicas
2358 992 2372 1006 .
2404 950 2516 1006 Nec
2572 965 2682 1004 non
2744 948 2936 1004 eodem
2962 946 3105 1000 libro
3132 963 3146 998 :
3174 943 3247 998 Et
3293 943 3472 1013 utique

1888 1046 2145 1115 receptior
2167 1045 2306 1114 apud
2334 1043 2600 1098 Ecclesias
2618 1040 2860 1112 Epistola
2885 1039 3150 1094 Barnabas
3174 1038 3472 1108 apocrypha

1889 1137 2117 1193 Pastore
2155 1139 2507 1200 mae/torum;
2557 1135 2784 1206 epistola
2822 1139 3005 1188 autem
3039 1131 3302 1187 Barnaba
3333 1129 3472 1185 Ter-

1889 1229 2120 1283 tulliano
2139 1229 2249 1282 alia
2274 1243 2384 1281 non
2407 1235 2491 1282 est
2515 1240 2678 1296 quam
2708 1225 2796 1278 illa
2821 1221 2882 1278 S.
2913 1221 3072 1277 Pauli
3094 1219 3164 1275 ad
3191 1219 3469 1278 Hebraeos.

1889 1319 2048 1386 Quod
2076 1319 2124 1374 si
2167 1318 2392 1391 aliquid,
2432 1317 2580 1372 aliud
2633 1314 2922 1380 intellexit,
2968 1318 3022 1367 et
3068 1327 3164 1382 per
3196 1310 3394 1366 falsam
3419 1318 3473 1366 et

1889 1413 2198 1468 adulteram
2260 1411 2635 1480 scripturam,
2683 1409 2900 1462 Herma
2955 1405 3156 1459 librum
3208 1410 3471 1473 tanquam

1890 1503 2143 1572 pessima
2167 1510 2310 1557 nota
2347 1499 2724 1572 apocryphum
2771 1499 2841 1553 ab
2892 1496 3150 1552 omnibus
3208 1493 3473 1550 Ecclesiis

1891 1593 2064 1648 fuisse
2090 1592 2432 1652 eliminatum
2465 1589 2720 1654 voluerit,
2745 1602 2856 1644 non
2884 1585 3058 1657 magis
3093 1584 3148 1642 id
3170 1599 3360 1640 verum
3389 1591 3473 1638 est

1890 1701 2055 1755 quam
2083 1699 2207 1739 cum
2237 1698 2358 1738 eam
2387 1683 2562 1738 solam
2591 1681 2837 1737 machos
2880 1693 3067 1734 amare
3092 1678 3171 1733 ait
3199 1695 3213 1732 :
3243 1687 3300 1732 et
3331 1691 3469 1731 con-

201 1795 270 1841 m
307 1786 655 1854 quibusdam,
698 1803 803 1841 non
827 1767 1088 1860 ράερίείο
1119 1791 1377 1845 ταείοηεη,
1398 1806 1417 1856 ;
1441 1790 1548 1844 nisi
1571 1790 1616 1844 εί
1647 1789 1783 1843 "pr.
1816 1784 1856 1839 Β
1888 1779 2114 1834 trarium
2135 1778 2295 1848 plane
2319 1776 2694 1836 demonstrant
2714 1772 2931 1840 lrenai,
2954 1771 3247 1829 Clementis
3271 1779 3326 1825 et
3351 1767 3472 1823 Ori-

207 1890 314 1928 ηεαδ
352 1875 465 1943 ille,
515 1878 677 1947 cujus
726 1880 994 1950 scriptura
1041 1882 1150 1951 fere
1194 1880 1390 1937 Pastor
1450 1883 1783 1948 inscribitur,

206 1975 468 2022 transacta
499 1971 748 2024 oratione
765 1987 865 2024 non
886 1987 1042 2041 super
1060 1974 1255 2026 lectum
1279 1972 1582 2038 assedisset,
1608 1989 1786 2026 verum

203 2058 342 2115 aliud
369 2063 499 2132 quid
531 2064 771 2134 fecisset,
802 2066 858 2120 id
891 2083 1095 2137 quoque
1117 2067 1187 2120 ad
1217 2065 1634 2120 obseruationem
1667 2067 1784 2121 viu-

201 2154 512 2210 dicaremus.
574 2155 771 2227 Utique
813 2173 938 2212 non.
985 2156 1314 2228 Simpliciter
1351 2159 1493 2213 enim
1543 2168 1593 2213 et
1649 2176 1787 2213 nunc

202 2249 420 2315 positum
453 2261 534 2304 est
577 2267 596 2304 :
629 2269 650 2302 ‹
689 2249 825 2306 Cum
848 2250 1176 2316 adarassem,
1205 2261 1255 2307 et
1280 2253 1596 2309 assedissem
1629 2270 1786 2323 super

206 2341 404 2410 tectum,
449 2362 470 2395 ι
507 2345 580 2398 ad
612 2343 852 2398 ordinem
881 2346 1228 2412 narrationis,
1259 2362 1363 2402 non
1393 2345 1464 2400 ad
1498 2348 1670 2401 instar
1700 2349 1786 2402 di-

205 2434 449 2502 sciplina.
479 2437 735 2508 Alioquin
765 2453 1026 2508 nusquam
1060 2439 1157 2492 erit
1187 2439 1518 2494 adorandum
1546 2441 1654 2496 nisi
1695 2443 1785 2496 ubi

209 2527 352 2595 fuerit
380 2528 572 2584 fectus.
622 2527 736 2583 Ima
767 2540 956 2584 contra
991 2528 1326 2600 Scripturam
1353 2534 1556 2602 fecerit,
1587 2535 1636 2590 si
1667 2537 1784 2604 quis

207 2619 255 2672 in
275 2619 520 2674 cathedra
547 2632 646 2676 aut
679 2621 929 2676 subsellio
956 2623 1177 2678 sederet.
1229 2622 1436 2695 Nempe
1476 2625 1616 2682 ritus
1658 2627 1785 2696 qui-

211 2711 318 2765 dam
350 2727 379 2765 a
403 2712 748 2770 Christianis
785 2715 1118 2784 quibusdam
1150 2713 1511 2773 Tertullianei
1549 2717 1648 2774 avi
1681 2719 1780 2772 oh-

209 2816 463 2874 servatus,
500 2808 694 2862 statim
719 2809 872 2863 [inita
903 2809 1154 2864 oratione
1203 2810 1461 2878 sedendi;
1489 2827 1651 2882 quem
1695 2812 1785 2866 ille

208 2904 447 2967 tanquam
509 2899 959 2969 superstitiosum
981 2940 996 2966 ,
1029 2899 1400 2969 irreligiosum
1427 2943 1443 2968 ,
1480 2909 1535 2956 et
1595 2903 1780 2972 gentili

207 2989 562 3044 rituialiinem
601 2991 975 3060 reprehendit.
1026 2990 1212 3045 Ritum
1258 3002 1440 3047 autem
1493 2994 1674 3064 ipsum
1714 3011 1778 3050 ex

207 3079 314 3136 loco
340 3083 580 3151 quodam
620 3079 870 3137 Pastoris
917 3083 1060 3138 male
1106 3083 1384 3139 intellecto
1434 3094 1617 3140 ortum
1659 3103 1782 3143 esse

209 3180 363 3242 putat.
410 3171 572 3240 Quod
624 3174 776 3230 clare
807 3175 1068 3242 ostendit,
1101 3183 1310 3245 quanto
1339 3183 1454 3231 tum
1497 3177 1552 3230 in
1604 3178 1780 3248 pretio

209 3264 333 3321 liber
373 3267 464 3324 ille
498 3266 720 3323 Herma
763 3267 890 3334 fuit,
924 3278 985 3323 ut
1024 3283 1094 3323 ex
1128 3284 1196 3323 eo
1251 3269 1390 3325 ritus
1451 3269 1506 3322 in
1525 3268 1785 3326 Ecclesia

212 3357 538 3428 disciplinam
597 3358 1038 3414 transfundetur.
1085 3357 1207 3429 lpse
1250 3369 1455 3427 autem,
1525 3371 1587 3417 ut
1622 3362 1781 3429 solet,

209 3459 349 3507 acute
394 3453 760 3528 respondens,
811 3468 921 3507 non
968 3453 1148 3523 rejicit
1191 3453 1319 3508 libri
1372 3456 1780 3520 auctoritatem,

210 3545 290 3597 sed
337 3545 598 3612 admittit,
629 3555 686 3600 et
743 3545 906 3600 verba
947 3545 1068 3615 ejus
1118 3546 1193 3600 ita
1242 3546 1672 3618 interpretatur,
1723 3559 1784 3603 ut

213 3635 443 3691 ostendat
473 3645 687 3691 tantum
736 3636 983 3692 ordinem
1012 3639 1347 3696 narrationis
1377 3641 1780 3696 observandum

212 3741 335 3792 esse,
361 3742 456 3783 nec
475 3729 645 3783 ullam
673 3729 796 3784 inde
819 3729 1125 3800 disciplina
1147 3731 1418 3788 rationem
1445 3734 1564 3787 erui
1595 3748 1777 3802 posse.

214 3810 280 3868 ita
305 3812 676 3874 Tertullianus
707 3818 888 3874 adhuc
938 3821 1270 3888 catholicus,
1300 3831 1358 3877 ut
1381 3823 1692 3878 observavit
1719 3823 1776 3880 S.

214 3901 432 3963 Hilarius
454 3909 510 3963 in
523 3908 868 3979 Matthaum,
899 3925 1109 3968 canone
1131 3913 1165 3968 5
1190 3930 1203 3965 :
1235 3911 1552 3985 Quanquam
1575 3925 1624 3971 et
1651 3915 1778 3971 Ter-

215 3999 448 4055 tullianus
492 4003 618 4057 hinc
662 4003 781 4074 (De
830 4006 1104 4078 oratione)
1142 4007 1383 4062 volumen
1439 4010 1778 4078 aptissimum

214 4093 478 4163 scripserit,
495 4097 588 4150 sed
618 4113 938 4168 consequens
962 4114 1115 4153 error
1139 4099 1367 4154 hominis
1391 4099 1625 4156 detraxit
1651 4104 1780 4156 scri-

214 4187 302 4253 ptis
328 4188 688 4255 probabilibus
725 4191 1120 4246 auctoritatem.
1155 4190 1261 4246 Sed
1290 4193 1347 4246 in
1386 4192 1527 4247 libro
1569 4192 1646 4247 De
1674 4211 1774 4264 pu-

216 4279 381 4333 dicitia
406 4322 420 4346 ,
453 4281 544 4336 ubi
577 4297 752 4351 purus
777 4291 942 4351 putus
967 4281 1300 4338 Montanista
1327 4293 1412 4338 cst
1431 4323 1445 4348 ,
1474 4294 1776 4355 contraque

216 4368 489 4424 catholicos
520 4377 784 4439 tanquam
810 4371 1103 4442 psychicos
1138 4371 1418 4442 disputat,
1450 4382 1504 4427 et
1533 4373 1622 4427 illa
1652 4390 1776 4444 qua

1889 1867 2407 1937 genisstcstimonia.
2437 1864 2600 1920 Nulla
2626 1865 2791 1935 igitur
2823 1863 2990 1919 modo
3019 1862 3352 1918 credendum
3386 1869 3473 1915 est

1890 1968 2168 2015 auctorem
2196 1959 2585 2017 Stichometriae
2613 1974 2644 2013 a
2673 1969 2894 2028 recepta
2917 1955 3229 2012 Graecorum
3244 1953 3474 2010 Patrum

1889 2053 2156 2108 sententia
2192 2053 2513 2119 recessisse,
2540 2061 2596 2107 et
2645 2050 2973 2106 auctoritate
2995 2046 3316 2103 Tertulliani
3361 2047 3474 2102 ha-

1888 2145 2041 2198 retici
2095 2153 2443 2215 permotum,
2496 2141 2711 2198 Hermae
2761 2141 3039 2196 Pastorem
3068 2156 3167 2211 pro
3221 2139 3475 2210 pessima

1887 2245 2032 2292 nata
2053 2237 2366 2308 apocrypha
2392 2234 2582 2290 haberi
2611 2233 2874 2293 voluisse.

1958 2349 2040 2406 Ad
2064 2349 2342 2407 Gelasium
2379 2359 2558 2406 autem
2598 2349 2746 2421 quod
2798 2348 3032 2413 attinet,
3059 2361 3186 2403 cum
3234 2344 3474 2401 Dallaus

1885 2445 2159 2515 utriusque
2201 2446 2432 2499 censoris
2489 2442 2717 2498 Romani
2760 2451 2829 2500 et.
2863 2438 3468 2510 Constantinopolitani,

1885 2545 1935 2591 et
1964 2536 2176 2606 quidem
2219 2538 2492 2607 utriusque
2529 2550 2796 2591 summam
2847 2534 2902 2588 in
2957 2532 3198 2588 Ecclesia
3231 2531 3471 2602 dignita-

1888 2635 1990 2682 tem
2020 2643 2116 2681 suo
2141 2628 2335 2684 sarculo
2362 2628 2607 2699 gerentis,
2627 2626 2933 2681 concordem
2959 2624 3216 2696 planeque
3240 2623 3473 2693 ejusdem

1885 2721 2087 2792 generis
2123 2737 2400 2774 censuram
2441 2719 2615 2777 fuisse
2643 2719 2843 2785 tradat,
2875 2733 3044 2773 suave
3066 2717 3296 2772 omnino
3324 2732 3473 2772 som-

1884 2813 2037 2866 nium
2065 2822 2168 2866 est.
2201 2811 2337 2880 Quis
2363 2812 2513 2866 enim
2540 2811 2730 2868 credat
2762 2819 3044 2866 auctorem
3079 2808 3468 2865 Stichometriaz

1884 2901 2114 2960 Gracas
2133 2903 2326 2959 Patres
2356 2902 2640 2974 injudicio
2676 2902 2744 2958 de
2785 2901 2989 2958 Herma
3025 2901 3369 2968 deseruisse,
3407 2909 3469 2954 ut

1883 2994 2100 3051 Gelasio
2141 2996 2513 3061 consentiret;
2560 2993 2990 3064 earumdemque
3029 2992 3353 3048 sententiam
3403 2991 3472 3044 de

1883 3086 2092 3159 lgnatio
2122 3089 2518 3158 postposuisse,
2545 3097 2605 3142 ut
2635 3085 3270 3156 Gelasiocontradiceret
3294 3085 3318 3137 ?
3347 3082 3473 3139 Vult

1885 3181 2032 3235 enim
2063 3181 2411 3235 adversarius
2436 3178 2805 3249 Nicephorum
2837 3193 2998 3233 suum
3028 3176 3287 3246 epistolas
3315 3173 3472 3246 lgna-

1889 3273 1946 3328 tii
1977 3281 2238 3344 tanquam
2261 3273 2416 3328 [ictas
2442 3272 2583 3327 inter
2608 3271 2923 3342 apocrypha
2957 3285 3300 3336 numerasse,
3328 3285 3472 3338 quas

1885 3365 2135 3422 Gelasius
2169 3365 2304 3435 ipse,
2343 3363 2549 3434 scripto
2596 3364 2758 3434 plane
2799 3364 3038 3434 genuino
3086 3360 3188 3432 ipsi
3242 3359 3470 3432 martyri

1883 3459 2157 3530 ascripsit,
2192 3468 2252 3513 ut
2300 3473 2369 3512 ex
2405 3457 2733 3512 testimoniis
2760 3457 2968 3511 nostris
3004 3464 3172 3525 patet.
3200 3455 3315 3511 lmo
3345 3457 3471 3526 quis

1881 3550 2252 3622 Nicephorum
2286 3549 2487 3605 Gelasii
2517 3551 2848 3605 sententiam
2880 3548 2933 3602 in
2968 3548 3186 3603 decreto
3217 3556 3468 3602 secutum

1883 3660 2008 3700 esse
2039 3643 2353 3710 aliirmabit,
2389 3643 2482 3712 qui
2510 3641 2644 3696 illud
2678 3642 2858 3712 ipsum
2886 3641 3167 3695 decretum
3196 3640 3411 3694 noverit
3439 3655 3470 3692 a

1884 3738 2100 3793 nemine
2128 3750 2370 3806 unquam
2417 3737 2503 3790 vel
2545 3735 2689 3789 inter
2723 3732 2952 3791 Latinas
3001 3732 3174 3788 fuisse
3220 3734 3468 3805 agnitum

1881 3835 2008 3882 ante
2035 3826 2246 3896 aliquot
2292 3840 2470 3880 annos
2510 3833 2636 3895 post
2680 3823 2970 3894 Nicephari
3002 3826 3273 3901 mortem?
3305 3822 3467 3877 Nice-

1880 3920 2087 3989 phorus
2140 3919 2454 3988 patriarcha
2506 3933 2536 3973 e
2591 3917 2731 3972 vivis
2759 3917 2996 3972 excessit
3049 3915 3197 3971 eirea
3259 3931 3465 3970 annum

1879 4011 2083 4067 Christi
2111 4011 2216 4066 828
2245 4027 2258 4064 :
2289 4011 2451 4081 primi
2475 4023 2680 4076 autem,
2707 4011 2925 4080 opinor,
2955 4009 3050 4079 qui
3080 4008 3282 4064 decreti
3308 4007 3468 4064 Gela:-

1878 4105 2021 4160 siani
2050 4104 2375 4159 meminisse
2399 4101 2907 4172 deprehenduntur,
2936 4109 3066 4156 sunt
3107 4099 3299 4170 Lupus
3331 4099 3466 4156 Fer-

1877 4195 2160 4263 rariensis,
2188 4195 2516 4250 Hincmarus
2558 4203 2613 4249 et
2642 4193 2900 4250 Nicolaus
2924 4209 3061 4263 Papa
3098 4194 3333 4264 primus,
3357 4209 3466 4248 crr-

1878 4305 1942 4344 ca
1976 4290 2116 4345 idem
2155 4289 2377 4359 quidem
2422 4298 2640 4357 tempus
2681 4301 2911 4353 omnes;
2954 4287 3051 4340 sed
3077 4293 3133 4341 et
3171 4300 3235 4340 ex
3269 4285 3338 4339 iis
3371 4284 3465 4353 qui

1876 4381 2055 4451 prima
2102 4381 2224 4436 loco
2268 4379 2474 4435 decreti
2520 4380 2850 4435 mentionem
2896 4375 3062 4444 fecit,
3090 4385 3216 4448 post
3256 4391 3462 4430 annum

219 4457 385 4527 ipsein
421 4462 560 4518 libro
585 4463 664 4518 De
691 4464 1003 4534 paenitentia
1034 4472 1162 4519 ante
1203 4464 1487 4534 docuerat,
1518 4465 1768 4534 damnat,
1804 4495 1848 4550 ι)
1877 4470 1984 4526 840
2034 4471 2277 4541 scripsit.
2333 4469 2538 4526 Mentio
2595 4469 2818 4540 quidem
2874 4468 3043 4538 hujus
3101 4467 3352 4537 opusculi
3406 4466 3464 4522 in

217 4551 351 4608 aliter
383 4556 600 4625 quidem
632 4557 899 4626 loquitur.
930 4555 1035 4611 Sed
1066 4556 1298 4612 cederem
1322 4556 1438 4622 tibi,
1467 4559 1514 4611 si
1536 4559 1770 4628 scriptu-

219 4660 270 4697 ra
294 4645 539 4718 Pastoris,
559 4666 679 4721 qua:
705 4651 822 4704 sala
860 4651 1087 4704 moechos
1133 4659 1310 4716 amat,
1351 4651 1531 4704 diuino
1559 4648 1776 4707 Instru-

221 4749 368 4793 menta
400 4744 671 4798 meruisset
698 4739 1061 4798 incidi:sin0n
1076 4742 1297 4799 abamni
1327 4743 1552 4798 concilio
1584 4743 1771 4797 Eccle-

220 4830 601 4900 siarum,etiam
644 4843 962 4899 uestrarum,
1006 4835 1147 4890 inter
1187 4835 1489 4904 apocrypha
1541 4846 1590 4890 et
1631 4835 1772 4905 falsa

218 4921 539 4995 judicaretur,
560 4925 812 4984 adultera
852 4935 902 4981 et
933 4927 1072 4997 ipsa,
1112 4934 1162 4982 et
1189 4925 1311 4980 inde
1340 4936 1565 4995 patrona
1603 4930 1774 4981 socio-

223 5030 387 5083 tum,a
412 5035 513 5090 qua
533 5029 582 5074 et
613 5019 754 5073 alias
787 5019 1050 5074 initiaris.
1092 5017 1152 5073 In
1183 5019 1271 5074 his
1295 5017 1618 5074 Tertulliani
1654 5037 1772 5074 am-

221 5099 361 5180 pullis
401 5112 509 5182 jam
557 5113 959 5168 catholicorum
1013 5113 1263 5167 omnium
1307 5091 1688 5175 hostis'facti,
1719 5123 1773 5167 et

224 5195 453 5260 Hennam
470 5220 567 5276 pro
594 5204 846 5262 doctrina
869 5204 1141 5260 catholica
1171 5205 1509 5271 accusantis,
1535 5205 1772 5261 fortasse

224 5292 338 5348 nihil
361 5296 498 5352 aliud
520 5298 792 5354 contineri
828 5297 1134 5369 putandum
1165 5307 1268 5364 est,
1292 5313 1459 5368 quam
1491 5298 1770 5357 Pastorem

224 5378 410 5442 llerma
446 5404 553 5445 non
587 5388 758 5446 fuisse
793 5405 861 5445 ex
894 5390 1113 5462 judicio
1144 5389 1404 5446 Ecclesia
1433 5390 1635 5446 librum
1676 5407 1770 5447 ca-

227 5478 469 5549 nonicum,
506 5483 600 5539 sed
657 5485 842 5555 potius
891 5485 1032 5538 inter
1053 5485 1420 5554 apacryphas,
1456 5484 1511 5539 id
1541 5493 1626 5540 est
1658 5501 1766 5540 non

229 5573 482 5630 muanicas
536 5586 923 5643 numeratum;
970 5586 1030 5630 ut
1088 5575 1358 5631 Eusebius
1409 5579 1468 5629 ὲν
1522 5579 1640 5640 τοῖς
1683 5579 1768 5631 νό-

232 5655 324 5724 θοις
361 5667 530 5734 posuit
559 5668 839 5724 Pastorem
867 5711 882 5736 ,
929 5684 1092 5738 quem
1149 5669 1265 5737 ipse
1295 5668 1648 5723 utilissimum
1704 5671 1768 5724 li-

237 5747 368 5810 brum
393 5761 771 5833 pronuntiavit,
790 5771 856 5818 'et
886 5761 1148 5819 Barnaba
1181 5761 1503 5838 Epistulam,
1527 5774 1580 5820 et
1603 5761 1762 5822 Joan-

1884 4561 2143 4618 Chronico
2167 4559 2468 4618 Centuleusi
2510 4577 2541 4618 a
2567 4561 2832 4622 Dacherio
2857 4563 3025 4629 edita,
3045 4561 3138 4616 ubi
3162 4561 3304 4615 inter
3326 4560 3463 4616 alios

1875 4655 2220 4710 bibliotheca
2266 4655 2414 4712 illius
2465 4655 2700 4710 abbatia
2747 4656 2920 4710 libros
2979 4655 3224 4725 legitur:
3263 4653 3461 4708 Gelasii

1873 4762 2025 4816 papa
2054 4745 2118 4800 de
2146 4746 2296 4801 libris
2328 4747 2635 4816 recipiendis
2654 4756 2703 4800 et
2729 4764 2830 4801 non
2863 4745 3200 4814 recipiendis,
3233 4745 3328 4799 lib.
3375 4761 3458 4810 tu,

1875 4855 1925 4895 c.
1959 4840 2012 4894 5.
2045 4839 2152 4894 Iste
2181 4848 2366 4894 autem
2412 4838 2698 4908 catalogus
2757 4838 3044 4894 confectus
3093 4853 3215 4894 esse
3259 4837 3461 4892 dicitur

1875 4944 2021 4984 anno
2045 4929 2170 4994 851,
2207 4929 2447 4984 triennio
2475 4937 2767 4998 Postquam
2796 4925 3140 4997 Nicephorus
3165 4925 3461 4984 defunctus

1873 5030 1976 5077 est.
2025 5019 2104 5076 Ne
2166 5033 2348 5077 autem
2396 5021 2631 5075 duorum
2683 5021 3120 5090 patriarcharum
3183 5033 3461 5073 coriwnsu

1873 5113 2105 5171 nimium
2147 5113 2250 5167 viri
2296 5111 2602 5168 doctissimi
2628 5112 2926 5184 triumphet
2967 5111 3164 5177 oratio,
3191 5111 3458 5180 quemad-

1874 5204 2096 5260 modum
2127 5205 2223 5259 uni
2254 5205 2508 5275 superius
2534 5205 2745 5260 larvam
2778 5203 3139 5268 detraximus,
3177 5203 3254 5257 ita
3293 5211 3348 5257 et
3377 5203 3458 5256 al-

1875 5297 1973 5352 teri
2001 5296 2112 5366 jam
2137 5295 2520 5352 detrahamus.

1942 5387 2230 5446 Decretum
2267 5389 2485 5459 quidem
2513 5397 2691 5445 exstat
2716 5389 2779 5443 de
2808 5388 2960 5443 libris
2994 5387 3264 5442 canonicis
3296 5385 3455 5441 eccle-

1871 5483 2109 5537 siasticis
2143 5490 2192 5536 et
2227 5484 2541 5553 apocryphis
2568 5524 2585 5550 ,
2623 5483 2768 5554 quod
2813 5498 3011 5553 magna
3057 5481 3303 5537 virorum
3347 5481 3454 5534 hu-

1866 5578 1957 5647 jus
1984 5578 2085 5633 avi
2132 5577 2422 5631 doctorum
2463 5577 2869 5646 conspiratione
2911 5575 3128 5632 Gelasio
3159 5574 3178 5628 Ι
3206 5574 3451 5645 pontifici

1873 5672 2120 5737 ljomana
2150 5668 2430 5724 tribuitur.
2463 5667 2568 5724 Sed
2601 5684 2737 5724 mss.
2770 5668 2986 5724 codices
3019 5669 3314 5723 multorum
3349 5681 3450 5720 sa-

1871 5765 2119 5821 culorum
2151 5763 2204 5818 in
2247 5761 2577 5833 assignando
2625 5770 2847 5818 auctore
2885 5758 3180 5831 plurimum
3211 5757 3445 5815 variant.
