  <div class='ocr_page' id='page_1' title='image "/cluster/home/n/w/nwhite01/storage/ocr_20150623/5/nnc1.0046978607/065.png"; bbox 0 0 3864 6204; ppageno 0'>
   <div class='ocr_carea' id='block_1_1' title="bbox 387 280 493 335">
    <p class='ocr_par' dir='ltr' id='par_1_1' title="bbox 387 280 493 335">
     <span class='ocr_line' id='line_1_1' title="bbox 387 280 493 335; baseline 0 0"><span class='ocrx_word' id='word_1_1' title='bbox 387 280 493 335; x_wconf 76' lang='grc'><strong>115</strong></span> 
     </span>
    </p>
   </div>
   <div class='ocr_carea' id='block_1_2' title="bbox 1437 272 2564 333">
    <p class='ocr_par' dir='ltr' id='par_1_2' title="bbox 1437 272 2564 333">
     <span class='ocr_line' id='line_1_2' title="bbox 1437 272 2564 333; baseline 0 -2"><span class='ocrx_word' id='word_1_2' title='bbox 1437 274 1495 331; x_wconf 87' lang='lat' dir='ltr'><strong>S.</strong></span> <span class='ocrx_word' id='word_1_3' title='bbox 1543 272 2003 332; x_wconf 61' lang='lat' dir='ltr'><strong>IGNATIUST;</strong></span> <span class='ocrx_word' id='word_1_4' title='bbox 2032 275 2564 333; x_wconf 80' lang='lat' dir='ltr'><strong>PROLEGOMENA.</strong></span> 
     </span>
    </p>
   </div>
   <div class='ocr_carea' id='block_1_3' title="bbox 3552 242 3661 296">
    <p class='ocr_par' dir='ltr' id='par_1_3' title="bbox 3552 242 3661 296">
     <span class='ocr_line' id='line_1_3' title="bbox 3552 242 3661 296; baseline 0 0"><span class='ocrx_word' id='word_1_5' title='bbox 3552 242 3661 296; x_wconf 69' lang='lat' dir='ltr'><strong>HO</strong></span> 
     </span>
    </p>
   </div>
   <div class='ocr_carea' id='block_1_4' title="bbox 392 399 3658 475">
    <p class='ocr_par' dir='ltr' id='par_1_4' title="bbox 392 399 3658 475">
     <span class='ocr_line' id='line_1_4' title="bbox 392 399 3658 475; baseline 0.002 -20"><span class='ocrx_word' id='word_1_6' title='bbox 392 399 808 457; x_wconf 64' lang='lat' dir='ltr'><strong>Vetustissimos</strong></span> <span class='ocrx_word' id='word_1_7' title='bbox 831 399 1002 456; x_wconf 78' lang='lat' dir='ltr'><strong>codex</strong></span> <span class='ocrx_word' id='word_1_8' title='bbox 1030 399 1368 455; x_wconf 86' lang='lat' dir='ltr'><strong>collectionis</strong></span> <span class='ocrx_word' id='word_1_9' title='bbox 1405 399 1772 470; x_wconf 65' lang='lat' dir='ltr'><strong>Dionysianaa,</strong></span> <span class='ocrx_word' id='word_1_10' title='bbox 1799 415 1962 468; x_wconf 88' lang='lat' dir='ltr'><strong>quem</strong></span> <span class='ocrx_word' id='word_1_11' title='bbox 1997 405 2042 460; x_wconf 79' lang='grc' dir='ltr'>Α</span> <span class='ocrx_word' id='word_1_12' title='bbox 2070 400 2337 453; x_wconf 75' lang='lat' dir='ltr'><strong>codicibus</strong></span> <span class='ocrx_word' id='word_1_13' title='bbox 2367 417 2494 454; x_wconf 85' lang='lat' dir='ltr'><strong>mss.</strong></span> <span class='ocrx_word' id='word_1_14' title='bbox 2534 401 2713 454; x_wconf 83' lang='lat' dir='ltr'><strong>omnia</strong></span> <span class='ocrx_word' id='word_1_15' title='bbox 2734 401 3168 456; x_wconf 82' lang='lat' dir='ltr'><strong>illustrabuntur.</strong></span> <span class='ocrx_word' id='word_1_16' title='bbox 3213 402 3390 475; x_wconf 84' lang='lat' dir='ltr'><strong>Atque</strong></span> <span class='ocrx_word' id='word_1_17' title='bbox 3416 404 3492 460; x_wconf 77' lang='lat' dir='ltr'><strong>ita</strong></span> <span class='ocrx_word' id='word_1_18' title='bbox 3521 416 3658 462; x_wconf 76' lang='lat' dir='ltr'><strong>tan-</strong></span> 
     </span>
    </p>
   </div>
   <div class='ocr_carea' id='block_1_5' title="bbox 390 491 1960 558">
    <p class='ocr_par' dir='ltr' id='par_1_5' title="bbox 390 491 1960 558">
     <span class='ocr_line' id='line_1_5' title="bbox 390 491 1960 558; baseline -0.002 -7"><span class='ocrx_word' id='word_1_19' title='bbox 390 492 656 552; x_wconf 83' lang='lat' dir='ltr'><strong>beneﬁcio</strong></span> <span class='ocrx_word' id='word_1_20' title='bbox 708 492 956 548; x_wconf 89' lang='lat' dir='ltr'><strong>Dacherii</strong></span> <span class='ocrx_word' id='word_1_21' title='bbox 1007 493 1142 547; x_wconf 94' lang='lat' dir='ltr'><strong>vidit</strong></span> <span class='ocrx_word' id='word_1_22' title='bbox 1192 491 1486 558; x_wconf 82' lang='lat' dir='ltr'><strong>Baluzius,</strong></span> <span class='ocrx_word' id='word_1_23' title='bbox 1534 494 1810 548; x_wconf 88' lang='lat' dir='ltr'><strong>decretum</strong></span> <span class='ocrx_word' id='word_1_24' title='bbox 1855 493 1960 548; x_wconf 92' lang='lat' dir='ltr'><strong>hoc</strong></span> 
     </span>
    </p>
   </div>
   <div class='ocr_carea' id='block_1_6' title="bbox 390 583 1963 655">
    <p class='ocr_par' dir='ltr' id='par_1_6' title="bbox 390 583 1963 655">
     <span class='ocr_line' id='line_1_6' title="bbox 390 583 1963 655; baseline -0.001 -16"><span class='ocrx_word' id='word_1_25' title='bbox 390 585 624 640; x_wconf 89' lang='lat' dir='ltr'><strong>Damaso</strong></span> <span class='ocrx_word' id='word_1_26' title='bbox 644 599 798 655; x_wconf 76' lang='lat' dir='ltr'><strong>papae</strong></span> <span class='ocrx_word' id='word_1_27' title='bbox 828 585 1072 649; x_wconf 76' lang='lat' dir='ltr'><strong>ascribit,</strong></span> <span class='ocrx_word' id='word_1_28' title='bbox 1098 594 1153 640; x_wconf 92' lang='lat' dir='ltr'><strong>et</strong></span> <span class='ocrx_word' id='word_1_29' title='bbox 1173 584 1441 640; x_wconf 87' lang='lat' dir='ltr'><strong>Baronius</strong></span> <span class='ocrx_word' id='word_1_30' title='bbox 1479 586 1547 639; x_wconf 89' lang='lat' dir='ltr'><strong>ad</strong></span> <span class='ocrx_word' id='word_1_31' title='bbox 1575 600 1779 639; x_wconf 86' lang='lat' dir='ltr'><strong>annum</strong></span> <span class='ocrx_word' id='word_1_32' title='bbox 1807 583 1963 639; x_wconf 86' lang='lat' dir='ltr'><strong>Chri-</strong></span> 
     </span>
    </p>
   </div>
   <div class='ocr_carea' id='block_1_7' title="bbox 388 675 1962 746">
    <p class='ocr_par' dir='ltr' id='par_1_7' title="bbox 388 675 1962 746">
     <span class='ocr_line' id='line_1_7' title="bbox 388 675 1962 746; baseline -0.002 -14"><span class='ocrx_word' id='word_1_33' title='bbox 388 679 462 732; x_wconf 88' lang='lat' dir='ltr'><strong>sti</strong></span> <span class='ocrx_word' id='word_1_34' title='bbox 487 676 578 742; x_wconf 89' lang='lat'><strong>69,</strong></span> <span class='ocrx_word' id='word_1_35' title='bbox 602 691 671 730; x_wconf 76' lang='lat' dir='ltr'><strong>ex</strong></span> <span class='ocrx_word' id='word_1_36' title='bbox 697 675 929 731; x_wconf 84' lang='lat' dir='ltr'><strong>concilio</strong></span> <span class='ocrx_word' id='word_1_37' title='bbox 963 675 1211 730; x_wconf 87' lang='lat' dir='ltr'><strong>Romano</strong></span> <span class='ocrx_word' id='word_1_38' title='bbox 1241 677 1344 731; x_wconf 86' lang='lat' dir='ltr'><strong>sub</strong></span> <span class='ocrx_word' id='word_1_39' title='bbox 1371 676 1626 740; x_wconf 88' lang='lat' dir='ltr'><strong>Damaso,</strong></span> <span class='ocrx_word' id='word_1_40' title='bbox 1644 675 1790 746; x_wconf 89' lang='lat' dir='ltr'><strong>quod</strong></span> <span class='ocrx_word' id='word_1_41' title='bbox 1824 691 1962 732; x_wconf 86' lang='lat' dir='ltr'><strong>con-</strong></span> 
     </span>
    </p>
   </div>
   <div class='ocr_carea' id='block_1_8' title="bbox 388 768 1962 839">
    <p class='ocr_par' dir='ltr' id='par_1_8' title="bbox 388 768 1962 839">
     <span class='ocr_line' id='line_1_8' title="bbox 388 768 1962 839; baseline -0.001 -15"><span class='ocrx_word' id='word_1_42' title='bbox 388 772 526 825; x_wconf 85' lang='lat' dir='ltr'><strong>tinet</strong></span> <span class='ocrx_word' id='word_1_43' title='bbox 549 769 917 824; x_wconf 87' lang='lat' dir='ltr'><strong>Cresconiana</strong></span> <span class='ocrx_word' id='word_1_44' title='bbox 965 769 1214 824; x_wconf 86' lang='lat' dir='ltr'><strong>collectio</strong></span> <span class='ocrx_word' id='word_1_45' title='bbox 1241 809 1257 835; x_wconf 93' lang='lat'><strong>,</strong></span> <span class='ocrx_word' id='word_1_46' title='bbox 1290 777 1498 839; x_wconf 86' lang='lat' dir='ltr'><strong>partem</strong></span> <span class='ocrx_word' id='word_1_47' title='bbox 1549 768 1716 838; x_wconf 83' lang='lat' dir='ltr'><strong>hujus</strong></span> <span class='ocrx_word' id='word_1_48' title='bbox 1761 768 1962 823; x_wconf 86' lang='lat' dir='ltr'><strong>decreti</strong></span> 
     </span>
    </p>
   </div>
   <div class='ocr_carea' id='block_1_9' title="bbox 388 859 1963 932">
    <p class='ocr_par' dir='ltr' id='par_1_9' title="bbox 388 859 1963 932">
     <span class='ocr_line' id='line_1_9' title="bbox 388 859 1963 932; baseline -0.002 -15"><span class='ocrx_word' id='word_1_49' title='bbox 388 863 544 917; x_wconf 87' lang='lat' dir='ltr'><strong>citat.</strong></span> <span class='ocrx_word' id='word_1_50' title='bbox 576 861 657 917; x_wconf 79' lang='lat' dir='ltr'><strong>Ex</strong></span> <span class='ocrx_word' id='word_1_51' title='bbox 683 877 791 932; x_wconf 82' lang='lat' dir='ltr'><strong>qua</strong></span> <span class='ocrx_word' id='word_1_52' title='bbox 813 862 990 916; x_wconf 84' lang='lat' dir='ltr'><strong>obiter</strong></span> <span class='ocrx_word' id='word_1_53' title='bbox 1017 862 1251 916; x_wconf 89' lang='lat' dir='ltr'><strong>observo</strong></span> <span class='ocrx_word' id='word_1_54' title='bbox 1279 861 1444 916; x_wconf 90' lang='lat' dir='ltr'><strong>verba</strong></span> <span class='ocrx_word' id='word_1_55' title='bbox 1483 861 1572 916; x_wconf 88' lang='lat' dir='ltr'><strong>illa</strong></span> <span class='ocrx_word' id='word_1_56' title='bbox 1604 876 1617 913; x_wconf 92' lang='lat'><strong>:</strong></span> <span class='ocrx_word' id='word_1_57' title='bbox 1650 859 1846 916; x_wconf 81' lang='lat' dir='ltr'><strong>Sancta</strong></span> <span class='ocrx_word' id='word_1_58' title='bbox 1885 872 1963 914; x_wconf 84' lang='lat' dir='ltr'><strong>ta-</strong></span> 
     </span>
    </p>
   </div>
   <div class='ocr_carea' id='block_1_10' title="bbox 386 952 1963 1022">
    <p class='ocr_par' dir='ltr' id='par_1_10' title="bbox 386 952 1963 1022">
     <span class='ocr_line' id='line_1_10' title="bbox 386 952 1963 1022; baseline -0.001 -16"><span class='ocrx_word' id='word_1_59' title='bbox 386 970 504 1007; x_wconf 86' lang='lat' dir='ltr'><strong>men</strong></span> <span class='ocrx_word' id='word_1_60' title='bbox 532 952 772 1007; x_wconf 82' lang='lat' dir='ltr'><strong>Romana</strong></span> <span class='ocrx_word' id='word_1_61' title='bbox 801 952 1037 1006; x_wconf 77' lang='lat' dir='ltr'><strong>Ecclesia</strong></span> <span class='ocrx_word' id='word_1_62' title='bbox 1069 953 1338 1007; x_wconf 75' lang='lat' dir='ltr'><strong>nonnullis</strong></span> <span class='ocrx_word' id='word_1_63' title='bbox 1368 952 1633 1022; x_wconf 77' lang='lat' dir='ltr'><strong>sgnodicis</strong></span> <span class='ocrx_word' id='word_1_64' title='bbox 1663 953 1963 1005; x_wconf 76' lang='lat' dir='ltr'><strong>constitutis</strong></span> 
     </span>
    </p>
   </div>
   <div class='ocr_carea' id='block_1_11' title="bbox 387 1042 1964 1113">
    <p class='ocr_par' dir='ltr' id='par_1_11' title="bbox 387 1042 1964 1113">
     <span class='ocr_line' id='line_1_11' title="bbox 387 1042 1964 1113; baseline -0.001 -14"><span class='ocrx_word' id='word_1_65' title='bbox 387 1045 595 1099; x_wconf 62' lang='lat' dir='ltr'><strong>ceteris</strong></span> <span class='ocrx_word' id='word_1_66' title='bbox 623 1042 876 1098; x_wconf 85' lang='lat' dir='ltr'><strong>Ecclesiis</strong></span> <span class='ocrx_word' id='word_1_67' title='bbox 905 1043 1128 1108; x_wconf 74' lang='lat' dir='ltr'><strong>prazlata</strong></span> <span class='ocrx_word' id='word_1_68' title='bbox 1149 1055 1249 1111; x_wconf 83' lang='lat' dir='ltr'><strong>est,</strong></span> <span class='ocrx_word' id='word_1_69' title='bbox 1284 1046 1375 1098; x_wconf 87' lang='lat' dir='ltr'><strong>sed</strong></span> <span class='ocrx_word' id='word_1_70' title='bbox 1423 1053 1474 1096; x_wconf 88' lang='lat' dir='ltr'><strong>et</strong></span> <span class='ocrx_word' id='word_1_71' title='bbox 1522 1043 1817 1113; x_wconf 85' lang='lat' dir='ltr'><strong>evangelica</strong></span> <span class='ocrx_word' id='word_1_72' title='bbox 1845 1059 1964 1097; x_wconf 85' lang='lat' dir='ltr'><strong>voce</strong></span> 
     </span>
    </p>
   </div>
   <div class='ocr_carea' id='block_1_12' title="bbox 386 1131 1966 1203">
    <p class='ocr_par' dir='ltr' id='par_1_12' title="bbox 386 1131 1966 1203">
     <span class='ocr_line' id='line_1_12' title="bbox 386 1131 1966 1203; baseline 0 -17"><span class='ocrx_word' id='word_1_73' title='bbox 386 1132 457 1187; x_wconf 94' lang='lat' dir='ltr'><strong>D.</strong></span> <span class='ocrx_word' id='word_1_74' title='bbox 501 1131 797 1188; x_wconf 79' lang='lat' dir='ltr'><strong>Saluatoris</strong></span> <span class='ocrx_word' id='word_1_75' title='bbox 828 1136 994 1188; x_wconf 77' lang='lat' dir='ltr'><strong>nostri</strong></span> <span class='ocrx_word' id='word_1_76' title='bbox 1023 1135 1314 1203; x_wconf 81' lang='lat' dir='ltr'><strong>primatum</strong></span> <span class='ocrx_word' id='word_1_77' title='bbox 1342 1135 1601 1202; x_wconf 87' lang='lat' dir='ltr'><strong>obtinuit,</strong></span> <span class='ocrx_word' id='word_1_78' title='bbox 1627 1134 1728 1188; x_wconf 88' lang='lat' dir='ltr'><strong>levi</strong></span> <span class='ocrx_word' id='word_1_79' title='bbox 1788 1143 1966 1188; x_wconf 89' lang='lat' dir='ltr'><strong>muta-</strong></span> 
     </span>
    </p>
   </div>
   <div class='ocr_carea' id='block_1_13' title="bbox 384 1224 1961 1296">
    <p class='ocr_par' dir='ltr' id='par_1_13' title="bbox 384 1224 1961 1296">
     <span class='ocr_line' id='line_1_13' title="bbox 384 1224 1961 1296; baseline -0.001 -16"><span class='ocrx_word' id='word_1_80' title='bbox 384 1227 575 1294; x_wconf 83' lang='lat' dir='ltr'><strong>tione,</strong></span> <span class='ocrx_word' id='word_1_81' title='bbox 603 1225 699 1280; x_wconf 91' lang='lat' dir='ltr'><strong>sed</strong></span> <span class='ocrx_word' id='word_1_82' title='bbox 743 1227 893 1296; x_wconf 72' lang='lat' dir='ltr'><strong>gravi</strong></span> <span class='ocrx_word' id='word_1_83' title='bbox 924 1241 1110 1280; x_wconf 90' lang='lat' dir='ltr'><strong>errore</strong></span> <span class='ocrx_word' id='word_1_84' title='bbox 1149 1226 1204 1280; x_wconf 91' lang='lat' dir='ltr'><strong>in</strong></span> <span class='ocrx_word' id='word_1_85' title='bbox 1254 1225 1372 1280; x_wconf 63' lang='lat' dir='ltr'><strong>haec</strong></span> <span class='ocrx_word' id='word_1_86' title='bbox 1413 1224 1526 1294; x_wconf 86' lang='lat' dir='ltr'><strong>jam</strong></span> <span class='ocrx_word' id='word_1_87' title='bbox 1556 1241 1677 1280; x_wconf 88' lang='lat' dir='ltr'><strong>esse</strong></span> <span class='ocrx_word' id='word_1_88' title='bbox 1716 1235 1961 1279; x_wconf 88' lang='lat' dir='ltr'><strong>mutata:</strong></span> 
     </span>
    </p>
   </div>
   <div class='ocr_carea' id='block_1_14' title="bbox 388 1315 1968 1386">
    <p class='ocr_par' dir='ltr' id='par_1_14' title="bbox 388 1315 1968 1386">
     <span class='ocr_line' id='line_1_14' title="bbox 388 1315 1968 1386; baseline -0.001 -14"><span class='ocrx_word' id='word_1_89' title='bbox 388 1318 590 1372; x_wconf 89' lang='lat' dir='ltr'><strong>Sancta</strong></span> <span class='ocrx_word' id='word_1_90' title='bbox 622 1327 795 1371; x_wconf 87' lang='lat' dir='ltr'><strong>tamen</strong></span> <span class='ocrx_word' id='word_1_91' title='bbox 824 1317 1065 1370; x_wconf 86' lang='lat' dir='ltr'><strong>Romana</strong></span> <span class='ocrx_word' id='word_1_92' title='bbox 1096 1315 1337 1370; x_wconf 80' lang='lat' dir='ltr'><strong>Ecclesia</strong></span> <span class='ocrx_word' id='word_1_93' title='bbox 1385 1316 1547 1370; x_wconf 86' lang='lat' dir='ltr'><strong>nullis</strong></span> <span class='ocrx_word' id='word_1_94' title='bbox 1588 1319 1804 1386; x_wconf 86' lang='lat' dir='ltr'><strong>synodis</strong></span> <span class='ocrx_word' id='word_1_95' title='bbox 1843 1334 1968 1371; x_wconf 79' lang='lat' dir='ltr'><strong>con-</strong></span> 
     </span>
    </p>
   </div>
   <div class='ocr_carea' id='block_1_15' title="bbox 387 1409 1965 1480">
    <p class='ocr_par' dir='ltr' id='par_1_15' title="bbox 387 1409 1965 1480">
     <span class='ocr_line' id='line_1_15' title="bbox 387 1409 1965 1480; baseline -0.001 -16"><span class='ocrx_word' id='word_1_96' title='bbox 387 1411 592 1464; x_wconf 86' lang='lat' dir='ltr'><strong>stitutis</strong></span> <span class='ocrx_word' id='word_1_97' title='bbox 632 1410 836 1464; x_wconf 73' lang='lat' dir='ltr'><strong>caeteris</strong></span> <span class='ocrx_word' id='word_1_98' title='bbox 867 1409 1118 1462; x_wconf 85' lang='lat' dir='ltr'><strong>Ecclesiis</strong></span> <span class='ocrx_word' id='word_1_99' title='bbox 1162 1409 1388 1478; x_wconf 72' lang='lat' dir='ltr'><strong>praelata</strong></span> <span class='ocrx_word' id='word_1_100' title='bbox 1413 1419 1509 1469; x_wconf 80' lang='lat' dir='ltr'><strong>est.</strong></span> <span class='ocrx_word' id='word_1_101' title='bbox 1549 1411 1640 1463; x_wconf 90' lang='lat' dir='ltr'><strong>sed</strong></span> <span class='ocrx_word' id='word_1_102' title='bbox 1668 1410 1965 1480; x_wconf 75' lang='lat' dir='ltr'><strong>evangelicd</strong></span> 
     </span>
    </p>
   </div>
   <div class='ocr_carea' id='block_1_16' title="bbox 387 1501 1965 1571">
    <p class='ocr_par' dir='ltr' id='par_1_16' title="bbox 387 1501 1965 1571">
     <span class='ocr_line' id='line_1_16' title="bbox 387 1501 1965 1571; baseline 0 -16"><span class='ocrx_word' id='word_1_103' title='bbox 387 1508 511 1556; x_wconf 80' lang='lat' dir='ltr'><strong>vace</strong></span> <span class='ocrx_word' id='word_1_104' title='bbox 535 1501 751 1555; x_wconf 86' lang='lat' dir='ltr'><strong>Domini</strong></span> <span class='ocrx_word' id='word_1_105' title='bbox 770 1511 819 1555; x_wconf 88' lang='lat' dir='ltr'><strong>et</strong></span> <span class='ocrx_word' id='word_1_106' title='bbox 848 1501 1148 1556; x_wconf 80' lang='lat' dir='ltr'><strong>Saluatoris</strong></span> <span class='ocrx_word' id='word_1_107' title='bbox 1182 1503 1352 1555; x_wconf 88' lang='lat' dir='ltr'><strong>nostri</strong></span> <span class='ocrx_word' id='word_1_108' title='bbox 1381 1503 1670 1571; x_wconf 81' lang='lat' dir='ltr'><strong>primatum</strong></span> <span class='ocrx_word' id='word_1_109' title='bbox 1719 1503 1965 1555; x_wconf 86' lang='lat' dir='ltr'><strong>obtinuit.</strong></span> 
     </span>
    </p>
   </div>
   <div class='ocr_carea' id='block_1_17' title="bbox 386 1593 1971 1664">
    <p class='ocr_par' dir='ltr' id='par_1_17' title="bbox 386 1593 1971 1664">
     <span class='ocr_line' id='line_1_17' title="bbox 386 1593 1971 1664; baseline -0.001 -13"><span class='ocrx_word' id='word_1_110' title='bbox 386 1593 570 1651; x_wconf 82' lang='lat' dir='ltr'><strong>Codex</strong></span> <span class='ocrx_word' id='word_1_111' title='bbox 601 1594 858 1650; x_wconf 75' lang='lat' dir='ltr'><strong>Ecclesia:</strong></span> <span class='ocrx_word' id='word_1_112' title='bbox 881 1593 1237 1664; x_wconf 89' lang='lat' dir='ltr'><strong>Urgellensis,</strong></span> <span class='ocrx_word' id='word_1_113' title='bbox 1266 1603 1402 1650; x_wconf 88' lang='lat' dir='ltr'><strong>teste</strong></span> <span class='ocrx_word' id='word_1_114' title='bbox 1429 1594 1680 1662; x_wconf 82' lang='lat' dir='ltr'><strong>Baluzio,</strong></span> <span class='ocrx_word' id='word_1_115' title='bbox 1707 1604 1762 1650; x_wconf 91' lang='lat' dir='ltr'><strong>et</strong></span> <span class='ocrx_word' id='word_1_116' title='bbox 1780 1595 1971 1650; x_wconf 81' lang='lat' dir='ltr'><strong>Juren-</strong></span> 
     </span>
    </p>
   </div>
   <div class='ocr_carea' id='block_1_18' title="bbox 389 1686 1968 1758">
    <p class='ocr_par' dir='ltr' id='par_1_18' title="bbox 389 1686 1968 1758">
     <span class='ocr_line' id='line_1_18' title="bbox 389 1686 1968 1758; baseline -0.001 -16"><span class='ocrx_word' id='word_1_117' title='bbox 389 1686 467 1743; x_wconf 87' lang='lat' dir='ltr'><strong>sis</strong></span> <span class='ocrx_word' id='word_1_118' title='bbox 495 1697 863 1758; x_wconf 80' lang='lat' dir='ltr'><strong>pet-vetustus,</strong></span> <span class='ocrx_word' id='word_1_119' title='bbox 895 1697 1030 1743; x_wconf 86' lang='lat' dir='ltr'><strong>teste</strong></span> <span class='ocrx_word' id='word_1_120' title='bbox 1061 1686 1333 1753; x_wconf 85' lang='lat' dir='ltr'><strong>Chiﬁetio,</strong></span> <span class='ocrx_word' id='word_1_121' title='bbox 1365 1688 1505 1744; x_wconf 89' lang='lat' dir='ltr'><strong>idem</strong></span> <span class='ocrx_word' id='word_1_122' title='bbox 1553 1689 1800 1743; x_wconf 90' lang='lat' dir='ltr'><strong>tribuunt</strong></span> <span class='ocrx_word' id='word_1_123' title='bbox 1828 1686 1968 1743; x_wconf 79' lang='lat' dir='ltr'><strong>Hor-</strong></span> 
     </span>
    </p>
   </div>
   <div class='ocr_carea' id='block_1_19' title="bbox 390 1779 1970 1849">
    <p class='ocr_par' dir='ltr' id='par_1_19' title="bbox 390 1779 1970 1849">
     <span class='ocr_line' id='line_1_19' title="bbox 390 1779 1970 1849; baseline -0.001 -15"><span class='ocrx_word' id='word_1_124' title='bbox 390 1780 606 1835; x_wconf 67' lang='lat' dir='ltr'><strong>misdae.</strong></span> <span class='ocrx_word' id='word_1_125' title='bbox 658 1779 768 1834; x_wconf 92' lang='lat' dir='ltr'><strong>Alii</strong></span> <span class='ocrx_word' id='word_1_126' title='bbox 805 1780 1083 1835; x_wconf 88' lang='lat' dir='ltr'><strong>Gelasium</strong></span> <span class='ocrx_word' id='word_1_127' title='bbox 1130 1789 1409 1835; x_wconf 80' lang='lat' dir='ltr'><strong>auctorem</strong></span> <span class='ocrx_word' id='word_1_128' title='bbox 1456 1789 1780 1849; x_wconf 86' lang='lat' dir='ltr'><strong>agnoscunt,</strong></span> <span class='ocrx_word' id='word_1_129' title='bbox 1814 1788 1873 1832; x_wconf 93' lang='lat' dir='ltr'><strong>ut</strong></span> <span class='ocrx_word' id='word_1_130' title='bbox 1917 1789 1970 1833; x_wconf 89' lang='lat' dir='ltr'><strong>et</strong></span> 
     </span>
    </p>
   </div>
   <div class='ocr_carea' id='block_1_20' title="bbox 385 1867 1972 1941">
    <p class='ocr_par' dir='ltr' id='par_1_20' title="bbox 385 1867 1972 1941">
     <span class='ocr_line' id='line_1_20' title="bbox 385 1867 1972 1941; baseline -0.002 -14"><span class='ocrx_word' id='word_1_131' title='bbox 385 1881 619 1938; x_wconf 84' lang='lat' dir='ltr'><strong>noster,</strong></span> <span class='ocrx_word' id='word_1_132' title='bbox 677 1872 771 1941; x_wconf 89' lang='lat' dir='ltr'><strong>qui</strong></span> <span class='ocrx_word' id='word_1_133' title='bbox 817 1874 872 1925; x_wconf 90' lang='lat' dir='ltr'><strong>in</strong></span> <span class='ocrx_word' id='word_1_134' title='bbox 925 1871 1254 1926; x_wconf 85' lang='lat' dir='ltr'><strong>bibliotheca</strong></span> <span class='ocrx_word' id='word_1_135' title='bbox 1288 1870 1501 1940; x_wconf 79' lang='lat' dir='ltr'><strong>collegii</strong></span> <span class='ocrx_word' id='word_1_136' title='bbox 1553 1867 1654 1924; x_wconf 92' lang='lat' dir='ltr'><strong>SS.</strong></span> <span class='ocrx_word' id='word_1_137' title='bbox 1688 1869 1972 1924; x_wconf 86' lang='lat' dir='ltr'><strong>Trinitatis</strong></span> 
     </span>
    </p>
   </div>
   <div class='ocr_carea' id='block_1_21' title="bbox 386 1961 1972 2033">
    <p class='ocr_par' dir='ltr' id='par_1_21' title="bbox 386 1961 1972 2033">
     <span class='ocr_line' id='line_1_21' title="bbox 386 1961 1972 2033; baseline -0.002 -16"><span class='ocrx_word' id='word_1_138' title='bbox 386 1963 751 2033; x_wconf 74' lang='lat' dir='ltr'><strong>Cantabrigia:</strong></span> <span class='ocrx_word' id='word_1_139' title='bbox 781 1972 1117 2028; x_wconf 85' lang='lat' dir='ltr'><strong>asservatur,</strong></span> <span class='ocrx_word' id='word_1_140' title='bbox 1152 1977 1317 2031; x_wconf 89' lang='lat' dir='ltr'><strong>quem</strong></span> <span class='ocrx_word' id='word_1_141' title='bbox 1349 1962 1480 2017; x_wconf 91' lang='lat' dir='ltr'><strong>olim</strong></span> <span class='ocrx_word' id='word_1_142' title='bbox 1511 1961 1848 2032; x_wconf 82' lang='lat' dir='ltr'><strong>Lanfrancus</strong></span> <span class='ocrx_word' id='word_1_143' title='bbox 1883 1979 1972 2015; x_wconf 88' lang='lat' dir='ltr'><strong>ar-</strong></span> 
     </span>
    </p>
   </div>
   <div class='ocr_carea' id='block_1_22' title="bbox 387 2054 1969 2126">
    <p class='ocr_par' dir='ltr' id='par_1_22' title="bbox 387 2054 1969 2126">
     <span class='ocr_line' id='line_1_22' title="bbox 387 2054 1969 2126; baseline -0.001 -16"><span class='ocrx_word' id='word_1_144' title='bbox 387 2056 747 2126; x_wconf 79' lang='lat' dir='ltr'><strong>chiepiscopus</strong></span> <span class='ocrx_word' id='word_1_145' title='bbox 799 2055 1218 2111; x_wconf 86' lang='lat' dir='ltr'><strong>Cantuariensis</strong></span> <span class='ocrx_word' id='word_1_146' title='bbox 1267 2054 1333 2110; x_wconf 86' lang='lat' dir='ltr'><strong>de</strong></span> <span class='ocrx_word' id='word_1_147' title='bbox 1382 2055 1628 2109; x_wconf 88' lang='lat' dir='ltr'><strong>Beccensi</strong></span> <span class='ocrx_word' id='word_1_148' title='bbox 1657 2056 1884 2110; x_wconf 73' lang='lat' dir='ltr'><strong>contobio</strong></span> <span class='ocrx_word' id='word_1_149' title='bbox 1916 2057 1969 2109; x_wconf 89' lang='lat' dir='ltr'><strong>iu</strong></span> 
     </span>
    </p>
   </div>
   <div class='ocr_carea' id='block_1_23' title="bbox 384 2146 1970 2218">
    <p class='ocr_par' dir='ltr' id='par_1_23' title="bbox 384 2146 1970 2218">
     <span class='ocr_line' id='line_1_23' title="bbox 384 2146 1970 2218; baseline 0 -18"><span class='ocrx_word' id='word_1_150' title='bbox 384 2147 669 2218; x_wconf 72' lang='lat' dir='ltr'><strong>Anglicam</strong></span> <span class='ocrx_word' id='word_1_151' title='bbox 702 2157 897 2202; x_wconf 88' lang='lat' dir='ltr'><strong>terram</strong></span> <span class='ocrx_word' id='word_1_152' title='bbox 921 2147 1116 2217; x_wconf 82' lang='lat' dir='ltr'><strong>deferri</strong></span> <span class='ocrx_word' id='word_1_153' title='bbox 1143 2147 1290 2217; x_wconf 77' lang='lat' dir='ltr'><strong>fecit,</strong></span> <span class='ocrx_word' id='word_1_154' title='bbox 1315 2156 1375 2202; x_wconf 89' lang='lat' dir='ltr'><strong>ut</strong></span> <span class='ocrx_word' id='word_1_155' title='bbox 1410 2147 1524 2216; x_wconf 89' lang='lat' dir='ltr'><strong>ipse</strong></span> <span class='ocrx_word' id='word_1_156' title='bbox 1552 2147 1813 2217; x_wconf 87' lang='lat' dir='ltr'><strong>loquitur.</strong></span> <span class='ocrx_word' id='word_1_157' title='bbox 1840 2146 1970 2200; x_wconf 87' lang='lat' dir='ltr'><strong>Inde</strong></span> 
     </span>
    </p>
   </div>
   <div class='ocr_carea' id='block_1_24' title="bbox 387 2238 1969 2311">
    <p class='ocr_par' dir='ltr' id='par_1_24' title="bbox 387 2238 1969 2311">
     <span class='ocr_line' id='line_1_24' title="bbox 387 2238 1969 2311; baseline -0.001 -15"><span class='ocrx_word' id='word_1_158' title='bbox 387 2241 656 2311; x_wconf 85' lang='lat' dir='ltr'><strong>colligunt</strong></span> <span class='ocrx_word' id='word_1_159' title='bbox 708 2240 810 2295; x_wconf 87' lang='lat' dir='ltr'><strong>viri</strong></span> <span class='ocrx_word' id='word_1_160' title='bbox 864 2240 1010 2295; x_wconf 85' lang='lat' dir='ltr'><strong>docti</strong></span> <span class='ocrx_word' id='word_1_161' title='bbox 1061 2241 1244 2310; x_wconf 87' lang='lat' dir='ltr'><strong>primo</strong></span> <span class='ocrx_word' id='word_1_162' title='bbox 1292 2238 1596 2306; x_wconf 84' lang='lat' dir='ltr'><strong>Gelasium,</strong></span> <span class='ocrx_word' id='word_1_163' title='bbox 1656 2239 1781 2294; x_wconf 84' lang='lat' dir='ltr'><strong>dein</strong></span> <span class='ocrx_word' id='word_1_164' title='bbox 1838 2255 1969 2295; x_wconf 85' lang='lat' dir='ltr'><strong>vero</strong></span> 
     </span>
    </p>
   </div>
   <div class='ocr_carea' id='block_1_25' title="bbox 385 2331 1967 2390">
    <p class='ocr_par' dir='ltr' id='par_1_25' title="bbox 385 2331 1967 2390">
     <span class='ocr_line' id='line_1_25' title="bbox 385 2331 1967 2390; baseline -0.003 0"><span class='ocrx_word' id='word_1_165' title='bbox 385 2333 738 2390; x_wconf 83' lang='lat' dir='ltr'><strong>Hormisdam</strong></span> <span class='ocrx_word' id='word_1_166' title='bbox 773 2332 917 2387; x_wconf 90' lang='lat' dir='ltr'><strong>idem</strong></span> <span class='ocrx_word' id='word_1_167' title='bbox 942 2332 1219 2389; x_wconf 91' lang='lat' dir='ltr'><strong>decretum</strong></span> <span class='ocrx_word' id='word_1_168' title='bbox 1255 2331 1513 2388; x_wconf 90' lang='lat' dir='ltr'><strong>edidisse.</strong></span> <span class='ocrx_word' id='word_1_169' title='bbox 1547 2331 1627 2386; x_wconf 89' lang='lat' dir='ltr'><strong>Ad</strong></span> <span class='ocrx_word' id='word_1_170' title='bbox 1671 2331 1967 2388; x_wconf 84' lang='lat' dir='ltr'><strong>Damasum</strong></span> 
     </span>
    </p>
   </div>
   <div class='ocr_carea' id='block_1_26' title="bbox 387 2423 1970 2496">
    <p class='ocr_par' dir='ltr' id='par_1_26' title="bbox 387 2423 1970 2496">
     <span class='ocr_line' id='line_1_26' title="bbox 387 2423 1970 2496; baseline -0.001 -16"><span class='ocrx_word' id='word_1_171' title='bbox 387 2427 533 2481; x_wconf 85' lang='lat' dir='ltr'><strong>enim</strong></span> <span class='ocrx_word' id='word_1_172' title='bbox 566 2426 756 2482; x_wconf 88' lang='lat' dir='ltr'><strong>referri</strong></span> <span class='ocrx_word' id='word_1_173' title='bbox 781 2427 930 2481; x_wconf 89' lang='lat' dir='ltr'><strong>nullo</strong></span> <span class='ocrx_word' id='word_1_174' title='bbox 965 2426 1127 2481; x_wconf 87' lang='lat' dir='ltr'><strong>modo</strong></span> <span class='ocrx_word' id='word_1_175' title='bbox 1172 2433 1369 2496; x_wconf 85' lang='lat' dir='ltr'><strong>potest.</strong></span> <span class='ocrx_word' id='word_1_176' title='bbox 1401 2423 1663 2491; x_wconf 83' lang='lat' dir='ltr'><strong>Quamvis</strong></span> <span class='ocrx_word' id='word_1_177' title='bbox 1714 2424 1970 2479; x_wconf 82' lang='lat' dir='ltr'><strong>Baluzius</strong></span> 
     </span>
    </p>
   </div>
   <div class='ocr_carea' id='block_1_27' title="bbox 387 2516 1969 2586">
    <p class='ocr_par' dir='ltr' id='par_1_27' title="bbox 387 2516 1969 2586">
     <span class='ocr_line' id='line_1_27' title="bbox 387 2516 1969 2586; baseline -0.002 -15"><span class='ocrx_word' id='word_1_178' title='bbox 387 2517 682 2573; x_wconf 84' lang='lat' dir='ltr'><strong>Damasum</strong></span> <span class='ocrx_word' id='word_1_179' title='bbox 730 2520 958 2586; x_wconf 89' lang='lat' dir='ltr'><strong>primum</strong></span> <span class='ocrx_word' id='word_1_180' title='bbox 987 2517 1051 2571; x_wconf 90' lang='lat' dir='ltr'><strong>de</strong></span> <span class='ocrx_word' id='word_1_181' title='bbox 1106 2517 1411 2586; x_wconf 85' lang='lat' dir='ltr'><strong>hujusmodi</strong></span> <span class='ocrx_word' id='word_1_182' title='bbox 1452 2516 1602 2571; x_wconf 86' lang='lat' dir='ltr'><strong>libris</strong></span> <span class='ocrx_word' id='word_1_183' title='bbox 1631 2517 1833 2586; x_wconf 78' lang='lat' dir='ltr'><strong>publice</strong></span> <span class='ocrx_word' id='word_1_184' title='bbox 1864 2531 1969 2570; x_wconf 76' lang='lat' dir='ltr'><strong>sta-</strong></span> 
     </span>
    </p>
   </div>
   <div class='ocr_carea' id='block_1_28' title="bbox 390 2606 1966 2665">
    <p class='ocr_par' dir='ltr' id='par_1_28' title="bbox 390 2606 1966 2665">
     <span class='ocr_line' id='line_1_28' title="bbox 390 2606 1966 2665; baseline -0.001 -2"><span class='ocrx_word' id='word_1_185' title='bbox 390 2610 552 2663; x_wconf 80' lang='lat' dir='ltr'><strong>tuisse</strong></span> <span class='ocrx_word' id='word_1_186' title='bbox 581 2627 602 2665; x_wconf 92' lang='lat'><strong><em>:</em></strong></span> <span class='ocrx_word' id='word_1_187' title='bbox 640 2609 759 2664; x_wconf 88' lang='lat' dir='ltr'><strong>dein</strong></span> <span class='ocrx_word' id='word_1_188' title='bbox 788 2626 906 2663; x_wconf 88' lang='lat' dir='ltr'><strong>vero</strong></span> <span class='ocrx_word' id='word_1_189' title='bbox 936 2606 1205 2664; x_wconf 85' lang='lat' dir='ltr'><strong>Gelasium</strong></span> <span class='ocrx_word' id='word_1_190' title='bbox 1239 2609 1465 2663; x_wconf 86' lang='lat' dir='ltr'><strong>Damasi</strong></span> <span class='ocrx_word' id='word_1_191' title='bbox 1508 2609 1772 2662; x_wconf 88' lang='lat' dir='ltr'><strong>decretum</strong></span> <span class='ocrx_word' id='word_1_192' title='bbox 1811 2625 1966 2662; x_wconf 89' lang='lat' dir='ltr'><strong>reuo-</strong></span> 
     </span>
    </p>
   </div>
   <div class='ocr_carea' id='block_1_29' title="bbox 388 2701 1966 2770">
    <p class='ocr_par' dir='ltr' id='par_1_29' title="bbox 388 2701 1966 2770">
     <span class='ocr_line' id='line_1_29' title="bbox 388 2701 1966 2770; baseline -0.001 -14"><span class='ocrx_word' id='word_1_193' title='bbox 388 2717 560 2769; x_wconf 85' lang='lat' dir='ltr'><strong>vasse,</strong></span> <span class='ocrx_word' id='word_1_194' title='bbox 586 2701 824 2770; x_wconf 82' lang='lat' dir='ltr'><strong>illudque</strong></span> <span class='ocrx_word' id='word_1_195' title='bbox 874 2703 1088 2756; x_wconf 75' lang='lat' dir='ltr'><strong>auxisse</strong></span> <span class='ocrx_word' id='word_1_196' title='bbox 1124 2719 1304 2756; x_wconf 89' lang='lat' dir='ltr'><strong>eorum</strong></span> <span class='ocrx_word' id='word_1_197' title='bbox 1355 2711 1629 2756; x_wconf 89' lang='lat' dir='ltr'><strong>auctorum</strong></span> <span class='ocrx_word' id='word_1_198' title='bbox 1667 2701 1966 2756; x_wconf 83' lang='lat' dir='ltr'><strong>nominibus</strong></span> 
     </span>
    </p>
   </div>
   <div class='ocr_carea' id='block_1_30' title="bbox 387 2791 1967 2865">
    <p class='ocr_par' dir='ltr' id='par_1_30' title="bbox 387 2791 1967 2865">
     <span class='ocr_line' id='line_1_30' title="bbox 387 2791 1967 2865; baseline -0.001 -18"><span class='ocrx_word' id='word_1_199' title='bbox 387 2795 480 2865; x_wconf 80' lang='lat' dir='ltr'><strong>qui</strong></span> <span class='ocrx_word' id='word_1_200' title='bbox 510 2804 625 2864; x_wconf 87' lang='lat' dir='ltr'><strong>post</strong></span> <span class='ocrx_word' id='word_1_201' title='bbox 653 2794 944 2848; x_wconf 90' lang='lat' dir='ltr'><strong>Damasum</strong></span> <span class='ocrx_word' id='word_1_202' title='bbox 983 2795 1190 2861; x_wconf 76' lang='lat' dir='ltr'><strong>vixere,</strong></span> <span class='ocrx_word' id='word_1_203' title='bbox 1234 2803 1281 2848; x_wconf 91' lang='lat' dir='ltr'><strong>et</strong></span> <span class='ocrx_word' id='word_1_204' title='bbox 1305 2795 1442 2848; x_wconf 83' lang='lat' dir='ltr'><strong>idem</strong></span> <span class='ocrx_word' id='word_1_205' title='bbox 1467 2810 1667 2864; x_wconf 88' lang='lat' dir='ltr'><strong>quoque</strong></span> <span class='ocrx_word' id='word_1_206' title='bbox 1712 2792 1777 2846; x_wconf 90' lang='lat' dir='ltr'><strong>de</strong></span> <span class='ocrx_word' id='word_1_207' title='bbox 1825 2791 1967 2845; x_wconf 85' lang='lat' dir='ltr'><strong>Hor-</strong></span> 
     </span>
    </p>
   </div>
   <div class='ocr_carea' id='block_1_31' title="bbox 389 2884 1968 2956">
    <p class='ocr_par' dir='ltr' id='par_1_31' title="bbox 389 2884 1968 2956">
     <span class='ocr_line' id='line_1_31' title="bbox 389 2884 1968 2956; baseline 0.001 -18"><span class='ocrx_word' id='word_1_208' title='bbox 389 2884 565 2938; x_wconf 78' lang='lat' dir='ltr'><strong>misda</strong></span> <span class='ocrx_word' id='word_1_209' title='bbox 587 2885 695 2939; x_wconf 88' lang='lat' dir='ltr'><strong>dici</strong></span> <span class='ocrx_word' id='word_1_210' title='bbox 727 2902 897 2955; x_wconf 83' lang='lat' dir='ltr'><strong>posse,</strong></span> <span class='ocrx_word' id='word_1_211' title='bbox 923 2893 1087 2956; x_wconf 91' lang='lat' dir='ltr'><strong>atque</strong></span> <span class='ocrx_word' id='word_1_212' title='bbox 1115 2886 1231 2940; x_wconf 66' lang='lat' dir='ltr'><strong>haac</strong></span> <span class='ocrx_word' id='word_1_213' title='bbox 1271 2886 1454 2939; x_wconf 85' lang='lat' dir='ltr'><strong>omnia</strong></span> <span class='ocrx_word' id='word_1_214' title='bbox 1488 2901 1554 2940; x_wconf 81' lang='lat' dir='ltr'><strong>ex</strong></span> <span class='ocrx_word' id='word_1_215' title='bbox 1596 2885 1768 2940; x_wconf 81' lang='lat' dir='ltr'><strong>titulis</strong></span> <span class='ocrx_word' id='word_1_216' title='bbox 1800 2884 1968 2939; x_wconf 88' lang='lat' dir='ltr'><strong>libro-</strong></span> 
     </span>
    </p>
   </div>
   <div class='ocr_carea' id='block_1_32' title="bbox 389 2974 1968 3045">
    <p class='ocr_par' dir='ltr' id='par_1_32' title="bbox 389 2974 1968 3045">
     <span class='ocr_line' id='line_1_32' title="bbox 389 2974 1968 3045; baseline 0.001 -17"><span class='ocrx_word' id='word_1_217' title='bbox 389 2989 510 3028; x_wconf 90' lang='lat' dir='ltr'><strong>rum</strong></span> <span class='ocrx_word' id='word_1_218' title='bbox 541 2990 673 3030; x_wconf 90' lang='lat' dir='ltr'><strong>mss.</strong></span> <span class='ocrx_word' id='word_1_219' title='bbox 713 2975 836 3030; x_wconf 90' lang='lat' dir='ltr'><strong>elici</strong></span> <span class='ocrx_word' id='word_1_220' title='bbox 867 2990 1029 3045; x_wconf 89' lang='lat' dir='ltr'><strong>posse</strong></span> <span class='ocrx_word' id='word_1_221' title='bbox 1064 2975 1391 3030; x_wconf 86' lang='lat' dir='ltr'><strong>hariolatur.</strong></span> <span class='ocrx_word' id='word_1_222' title='bbox 1441 2974 1580 3030; x_wconf 88' lang='lat' dir='ltr'><strong>Cum</strong></span> <span class='ocrx_word' id='word_1_223' title='bbox 1637 2983 1817 3029; x_wconf 85' lang='lat' dir='ltr'><strong>autem</strong></span> <span class='ocrx_word' id='word_1_224' title='bbox 1862 2975 1968 3029; x_wconf 86' lang='lat' dir='ltr'><strong>tale</strong></span> 
     </span>
    </p>
   </div>
   <div class='ocr_carea' id='block_1_33' title="bbox 2067 492 3651 565">
    <p class='ocr_par' dir='ltr' id='par_1_33' title="bbox 2067 492 3651 565">
     <span class='ocr_line' id='line_1_33' title="bbox 2067 492 3651 565; baseline 0.001 -19"><span class='ocrx_word' id='word_1_225' title='bbox 2067 492 2192 546; x_wconf 90' lang='lat' dir='ltr'><strong>dem</strong></span> <span class='ocrx_word' id='word_1_226' title='bbox 2223 493 2490 548; x_wconf 86' lang='lat' dir='ltr'><strong>habemus</strong></span> <span class='ocrx_word' id='word_1_227' title='bbox 2540 494 2836 548; x_wconf 90' lang='lat' dir='ltr'><strong>concilium</strong></span> <span class='ocrx_word' id='word_1_228' title='bbox 2883 494 2986 549; x_wconf 90' lang='lat' dir='ltr'><strong>sub</strong></span> <span class='ocrx_word' id='word_1_229' title='bbox 3031 494 3247 551; x_wconf 81' lang='lat' dir='ltr'><strong>Gelasio</strong></span> <span class='ocrx_word' id='word_1_230' title='bbox 3295 497 3558 565; x_wconf 90' lang='lat' dir='ltr'><strong>primum,</strong></span> <span class='ocrx_word' id='word_1_231' title='bbox 3595 511 3651 554; x_wconf 78' lang='lat' dir='ltr'><strong>et</strong></span> 
     </span>
    </p>
   </div>
   <div class='ocr_carea' id='block_1_34' title="bbox 2063 584 3023 654">
    <p class='ocr_par' dir='ltr' id='par_1_34' title="bbox 2063 584 3023 654">
     <span class='ocr_line' id='line_1_34' title="bbox 2063 584 3023 654; baseline 0.004 -16"><span class='ocrx_word' id='word_1_232' title='bbox 2063 599 2164 654; x_wconf 85' lang='lat' dir='ltr'><strong>pro</strong></span> <span class='ocrx_word' id='word_1_233' title='bbox 2191 584 2340 640; x_wconf 83' lang='lat' dir='ltr'><strong>Actis</strong></span> <span class='ocrx_word' id='word_1_234' title='bbox 2360 585 2575 640; x_wconf 92' lang='lat' dir='ltr'><strong>concilii</strong></span> <span class='ocrx_word' id='word_1_235' title='bbox 2603 585 2706 640; x_wconf 90' lang='lat' dir='ltr'><strong>hoc</strong></span> <span class='ocrx_word' id='word_1_236' title='bbox 2727 589 3023 642; x_wconf 90' lang='lat' dir='ltr'><strong>decretum.</strong></span> 
     </span>
    </p>
   </div>
   <div class='ocr_carea' id='block_1_35' title="bbox 2141 675 3650 745">
    <p class='ocr_par' dir='ltr' id='par_1_35' title="bbox 2141 675 3650 745">
     <span class='ocr_line' id='line_1_35' title="bbox 2141 675 3650 745; baseline 0.006 -15"><span class='ocrx_word' id='word_1_237' title='bbox 2141 675 2246 730; x_wconf 90' lang='lat' dir='ltr'><strong>Sed</strong></span> <span class='ocrx_word' id='word_1_238' title='bbox 2276 692 2343 732; x_wconf 89' lang='lat' dir='ltr'><strong>eo</strong></span> <span class='ocrx_word' id='word_1_239' title='bbox 2393 692 2560 745; x_wconf 91' lang='lat' dir='ltr'><strong>anno,</strong></span> <span class='ocrx_word' id='word_1_240' title='bbox 2589 687 2686 732; x_wconf 88' lang='lat' dir='ltr'><strong>aut</strong></span> <span class='ocrx_word' id='word_1_241' title='bbox 2737 679 2840 734; x_wconf 90' lang='lat' dir='ltr'><strong>sub</strong></span> <span class='ocrx_word' id='word_1_242' title='bbox 2881 680 2988 734; x_wconf 90' lang='lat' dir='ltr'><strong>illis</strong></span> <span class='ocrx_word' id='word_1_243' title='bbox 3013 681 3332 738; x_wconf 88' lang='lat' dir='ltr'><strong>consulibus</strong></span> <span class='ocrx_word' id='word_1_244' title='bbox 3361 683 3650 738; x_wconf 85' lang='lat' dir='ltr'><strong>conditum</strong></span> 
     </span>
    </p>
   </div>
   <div class='ocr_carea' id='block_1_36' title="bbox 2067 767 3652 845">
    <p class='ocr_par' dir='ltr' id='par_1_36' title="bbox 2067 767 3652 845">
     <span class='ocr_line' id='line_1_36' title="bbox 2067 767 3652 845; baseline 0.005 -23"><span class='ocrx_word' id='word_1_245' title='bbox 2067 767 2238 822; x_wconf 87' lang='lat' dir='ltr'><strong>fuisse</strong></span> <span class='ocrx_word' id='word_1_246' title='bbox 2269 769 2375 824; x_wconf 92' lang='lat' dir='ltr'><strong>hoc</strong></span> <span class='ocrx_word' id='word_1_247' title='bbox 2417 769 2694 825; x_wconf 90' lang='lat' dir='ltr'><strong>decretum</strong></span> <span class='ocrx_word' id='word_1_248' title='bbox 2747 771 2906 840; x_wconf 85' lang='lat' dir='ltr'><strong>plane</strong></span> <span class='ocrx_word' id='word_1_249' title='bbox 2955 773 3275 828; x_wconf 89' lang='lat' dir='ltr'><strong>incredibile</strong></span> <span class='ocrx_word' id='word_1_250' title='bbox 3305 783 3408 828; x_wconf 89' lang='lat' dir='ltr'><strong>est.</strong></span> <span class='ocrx_word' id='word_1_251' title='bbox 3459 773 3652 845; x_wconf 86' lang='lat' dir='ltr'><strong>Neque</strong></span> 
     </span>
    </p>
   </div>
   <div class='ocr_carea' id='block_1_37' title="bbox 2065 859 3651 934">
    <p class='ocr_par' dir='ltr' id='par_1_37' title="bbox 2065 859 3651 934">
     <span class='ocr_line' id='line_1_37' title="bbox 2065 859 3651 934; baseline 0.004 -20"><span class='ocrx_word' id='word_1_252' title='bbox 2065 860 2214 914; x_wconf 90' lang='lat' dir='ltr'><strong>enim</strong></span> <span class='ocrx_word' id='word_1_253' title='bbox 2239 859 2332 914; x_wconf 89' lang='lat' dir='ltr'><strong>diu</strong></span> <span class='ocrx_word' id='word_1_254' title='bbox 2355 871 2478 930; x_wconf 90' lang='lat' dir='ltr'><strong>post</strong></span> <span class='ocrx_word' id='word_1_255' title='bbox 2503 860 2894 917; x_wconf 88' lang='lat' dir='ltr'><strong>Collectionem</strong></span> <span class='ocrx_word' id='word_1_256' title='bbox 2927 863 3281 918; x_wconf 88' lang='lat' dir='ltr'><strong>decretorum</strong></span> <span class='ocrx_word' id='word_1_257' title='bbox 3323 867 3651 934; x_wconf 89' lang='lat' dir='ltr'><strong>pontiﬁcum</strong></span> 
     </span>
    </p>
   </div>
   <div class='ocr_carea' id='block_1_38' title="bbox 2067 953 3653 1027">
    <p class='ocr_par' dir='ltr' id='par_1_38' title="bbox 2067 953 3653 1027">
     <span class='ocr_line' id='line_1_38' title="bbox 2067 953 3653 1027; baseline 0.004 -19"><span class='ocrx_word' id='word_1_258' title='bbox 2067 953 2285 1023; x_wconf 79' lang='lat' dir='ltr'><strong>collegit</strong></span> <span class='ocrx_word' id='word_1_259' title='bbox 2311 964 2366 1008; x_wconf 90' lang='lat' dir='ltr'><strong>et</strong></span> <span class='ocrx_word' id='word_1_260' title='bbox 2398 954 2568 1008; x_wconf 90' lang='lat' dir='ltr'><strong>edidit</strong></span> <span class='ocrx_word' id='word_1_261' title='bbox 2599 953 2894 1026; x_wconf 84' lang='lat' dir='ltr'><strong>Dionysius</strong></span> <span class='ocrx_word' id='word_1_262' title='bbox 2922 955 3166 1027; x_wconf 77' lang='lat' dir='ltr'><strong>Exiguus</strong></span> <span class='ocrx_word' id='word_1_263' title='bbox 3185 997 3204 1023; x_wconf 96' lang='lat'><strong>,</strong></span> <span class='ocrx_word' id='word_1_264' title='bbox 3223 967 3278 1012; x_wconf 92' lang='lat' dir='ltr'><strong>et</strong></span> <span class='ocrx_word' id='word_1_265' title='bbox 3303 957 3518 1014; x_wconf 87' lang='lat' dir='ltr'><strong>decreta</strong></span> <span class='ocrx_word' id='word_1_266' title='bbox 3547 959 3653 1014; x_wconf 86' lang='lat' dir='ltr'><strong>Ge-</strong></span> 
     </span>
    </p>
   </div>
   <div class='ocr_carea' id='block_1_39' title="bbox 2067 1044 3654 1120">
    <p class='ocr_par' dir='ltr' id='par_1_39' title="bbox 2067 1044 3654 1120">
     <span class='ocr_line' id='line_1_39' title="bbox 2067 1044 3654 1120; baseline 0.004 -22"><span class='ocrx_word' id='word_1_267' title='bbox 2067 1044 2188 1100; x_wconf 91' lang='lat' dir='ltr'><strong>lasii</strong></span> <span class='ocrx_word' id='word_1_268' title='bbox 2215 1061 2364 1115; x_wconf 76' lang='lat' dir='ltr'><strong>papa.-</strong></span> <span class='ocrx_word' id='word_1_269' title='bbox 2392 1047 2550 1101; x_wconf 89' lang='lat' dir='ltr'><strong>nobis</strong></span> <span class='ocrx_word' id='word_1_270' title='bbox 2583 1047 2820 1113; x_wconf 78' lang='lat' dir='ltr'><strong>exhibet,</strong></span> <span class='ocrx_word' id='word_1_271' title='bbox 2851 1048 2991 1101; x_wconf 85' lang='lat' dir='ltr'><strong>inter</strong></span> <span class='ocrx_word' id='word_1_272' title='bbox 3009 1064 3132 1118; x_wconf 64' lang='lat' dir='ltr'><strong>quae</strong></span> <span class='ocrx_word' id='word_1_273' title='bbox 3159 1049 3291 1103; x_wconf 91' lang='lat' dir='ltr'><strong>illud</strong></span> <span class='ocrx_word' id='word_1_274' title='bbox 3313 1049 3380 1104; x_wconf 91' lang='lat' dir='ltr'><strong>de</strong></span> <span class='ocrx_word' id='word_1_275' title='bbox 3401 1065 3511 1120; x_wconf 78' lang='lat' dir='ltr'><strong>quo</strong></span> <span class='ocrx_word' id='word_1_276' title='bbox 3533 1050 3654 1104; x_wconf 84' lang='lat' dir='ltr'><strong>dis-</strong></span> 
     </span>
    </p>
   </div>
   <div class='ocr_carea' id='block_1_40' title="bbox 2068 1141 3655 1210">
    <p class='ocr_par' dir='ltr' id='par_1_40' title="bbox 2068 1141 3655 1210">
     <span class='ocr_line' id='line_1_40' title="bbox 2068 1141 3655 1210; baseline 0.004 -19"><span class='ocrx_word' id='word_1_277' title='bbox 2068 1147 2312 1208; x_wconf 83' lang='lat' dir='ltr'><strong>putatur,</strong></span> <span class='ocrx_word' id='word_1_278' title='bbox 2337 1141 2562 1194; x_wconf 88' lang='lat' dir='ltr'><strong>minime</strong></span> <span class='ocrx_word' id='word_1_279' title='bbox 2590 1150 2888 1210; x_wconf 83' lang='lat' dir='ltr'><strong>comparet.</strong></span> <span class='ocrx_word' id='word_1_280' title='bbox 2931 1142 3026 1195; x_wconf 90' lang='lat' dir='ltr'><strong>llla</strong></span> <span class='ocrx_word' id='word_1_281' title='bbox 3061 1152 3240 1196; x_wconf 90' lang='lat' dir='ltr'><strong>tamen</strong></span> <span class='ocrx_word' id='word_1_282' title='bbox 3283 1143 3502 1198; x_wconf 85' lang='lat' dir='ltr'><strong>decreta</strong></span> <span class='ocrx_word' id='word_1_283' title='bbox 3528 1159 3655 1198; x_wconf 90' lang='lat' dir='ltr'><strong>mo-</strong></span> 
     </span>
    </p>
   </div>
   <div class='ocr_carea' id='block_1_41' title="bbox 2069 1231 3654 1303">
    <p class='ocr_par' dir='ltr' id='par_1_41' title="bbox 2069 1231 3654 1303">
     <span class='ocr_line' id='line_1_41' title="bbox 2069 1231 3654 1303; baseline 0.004 -18"><span class='ocrx_word' id='word_1_284' title='bbox 2069 1242 2160 1286; x_wconf 89' lang='lat' dir='ltr'><strong>net</strong></span> <span class='ocrx_word' id='word_1_285' title='bbox 2182 1231 2473 1303; x_wconf 86' lang='lat' dir='ltr'><strong>Dionysius</strong></span> <span class='ocrx_word' id='word_1_286' title='bbox 2499 1234 2601 1288; x_wconf 92' lang='lat' dir='ltr'><strong>sub</strong></span> <span class='ocrx_word' id='word_1_287' title='bbox 2627 1234 2822 1288; x_wconf 85' lang='lat' dir='ltr'><strong>iisdem</strong></span> <span class='ocrx_word' id='word_1_288' title='bbox 2847 1237 3169 1292; x_wconf 89' lang='lat' dir='ltr'><strong>consulibus</strong></span> <span class='ocrx_word' id='word_1_289' title='bbox 3191 1237 3411 1292; x_wconf 88' lang='lat' dir='ltr'><strong>condita</strong></span> <span class='ocrx_word' id='word_1_290' title='bbox 3452 1236 3654 1292; x_wconf 80' lang='lat' dir='ltr'><strong>fuisse.</strong></span> 
     </span>
    </p>
   </div>
   <div class='ocr_carea' id='block_1_42' title="bbox 2069 1323 3646 1400">
    <p class='ocr_par' dir='ltr' id='par_1_42' title="bbox 2069 1323 3646 1400">
     <span class='ocr_line' id='line_1_42' title="bbox 2069 1323 3646 1400; baseline 0.005 -24"><span class='ocrx_word' id='word_1_291' title='bbox 2069 1323 2193 1377; x_wconf 70' lang='lat' dir='ltr'><strong>Haec</strong></span> <span class='ocrx_word' id='word_1_292' title='bbox 2225 1326 2368 1378; x_wconf 92' lang='lat' dir='ltr'><strong>enim</strong></span> <span class='ocrx_word' id='word_1_293' title='bbox 2407 1327 2474 1380; x_wconf 89' lang='lat' dir='ltr'><strong>ad</strong></span> <span class='ocrx_word' id='word_1_294' title='bbox 2509 1342 2698 1380; x_wconf 90' lang='lat' dir='ltr'><strong>eorum</strong></span> <span class='ocrx_word' id='word_1_295' title='bbox 2747 1326 3092 1382; x_wconf 85' lang='lat' dir='ltr'><strong>decretorum</strong></span> <span class='ocrx_word' id='word_1_296' title='bbox 3147 1329 3310 1384; x_wconf 89' lang='lat' dir='ltr'><strong>ﬁnem</strong></span> <span class='ocrx_word' id='word_1_297' title='bbox 3354 1330 3590 1400; x_wconf 78' lang='lat' dir='ltr'><strong>legimus</strong></span> <span class='ocrx_word' id='word_1_298' title='bbox 3629 1348 3646 1384; x_wconf 89' lang='lat'><strong>:</strong></span> 
     </span>
    </p>
   </div>
   <div class='ocr_carea' id='block_1_43' title="bbox 2070 1416 3652 1484">
    <p class='ocr_par' dir='ltr' id='par_1_43' title="bbox 2070 1416 3652 1484">
     <span class='ocr_line' id='line_1_43' title="bbox 2070 1416 3652 1484; baseline 0.005 -15"><span class='ocrx_word' id='word_1_299' title='bbox 2070 1416 2268 1470; x_wconf 87' lang='lat' dir='ltr'><strong>Datum</strong></span> <span class='ocrx_word' id='word_1_300' title='bbox 2298 1433 2332 1470; x_wconf 91' lang='lat' dir='ltr'><strong>v</strong></span> <span class='ocrx_word' id='word_1_301' title='bbox 2373 1416 2505 1471; x_wconf 89' lang='lat' dir='ltr'><strong>ldus</strong></span> <span class='ocrx_word' id='word_1_302' title='bbox 2537 1417 2878 1484; x_wconf 80' lang='lat' dir='ltr'><strong>Martiarum,</strong></span> <span class='ocrx_word' id='word_1_303' title='bbox 2909 1420 3117 1474; x_wconf 82' lang='lat' dir='ltr'><strong>Asteria</strong></span> <span class='ocrx_word' id='word_1_304' title='bbox 3146 1431 3195 1474; x_wconf 90' lang='lat' dir='ltr'><strong>et</strong></span> <span class='ocrx_word' id='word_1_305' title='bbox 3220 1420 3482 1476; x_wconf 63' lang='lat' dir='ltr'><strong>Praesidio</strong></span> <span class='ocrx_word' id='word_1_306' title='bbox 3525 1419 3652 1477; x_wconf 81' lang='lat' dir='ltr'><strong>VV.</strong></span> 
     </span>
    </p>
   </div>
   <div class='ocr_carea' id='block_1_44' title="bbox 2072 1507 3658 1586">
    <p class='ocr_par' dir='ltr' id='par_1_44' title="bbox 2072 1507 3658 1586">
     <span class='ocr_line' id='line_1_44' title="bbox 2072 1507 3658 1586; baseline 0.005 -24"><span class='ocrx_word' id='word_1_307' title='bbox 2072 1507 2180 1564; x_wconf 88' lang='lat' dir='ltr'><strong>CC.</strong></span> <span class='ocrx_word' id='word_1_308' title='bbox 2215 1508 2747 1580; x_wconf 84' lang='lat' dir='ltr'><strong>coss..Quisquamue</strong></span> <span class='ocrx_word' id='word_1_309' title='bbox 2764 1523 2943 1566; x_wconf 84' lang='lat' dir='ltr'><strong>autem</strong></span> <span class='ocrx_word' id='word_1_310' title='bbox 2973 1515 3156 1568; x_wconf 84' lang='lat' dir='ltr'><strong>credet</strong></span> <span class='ocrx_word' id='word_1_311' title='bbox 3189 1514 3528 1586; x_wconf 85' lang='lat' dir='ltr'><strong>Dionysium,</strong></span> <span class='ocrx_word' id='word_1_312' title='bbox 3553 1530 3658 1570; x_wconf 83' lang='lat' dir='ltr'><strong>no-</strong></span> 
     </span>
    </p>
   </div>
   <div class='ocr_carea' id='block_1_45' title="bbox 2073 1600 3654 1671">
    <p class='ocr_par' dir='ltr' id='par_1_45' title="bbox 2073 1600 3654 1671">
     <span class='ocr_line' id='line_1_45' title="bbox 2073 1600 3654 1671; baseline 0.006 -19"><span class='ocrx_word' id='word_1_313' title='bbox 2073 1600 2237 1656; x_wconf 91' lang='lat' dir='ltr'><strong>minis</strong></span> <span class='ocrx_word' id='word_1_314' title='bbox 2264 1601 2538 1656; x_wconf 86' lang='lat' dir='ltr'><strong>Gelasiani</strong></span> <span class='ocrx_word' id='word_1_315' title='bbox 2597 1603 2733 1658; x_wconf 88' lang='lat' dir='ltr'><strong>adeo</strong></span> <span class='ocrx_word' id='word_1_316' title='bbox 2775 1605 3105 1671; x_wconf 82' lang='lat' dir='ltr'><strong>studiosum,</strong></span> <span class='ocrx_word' id='word_1_317' title='bbox 3131 1607 3274 1660; x_wconf 90' lang='lat' dir='ltr'><strong>inter</strong></span> <span class='ocrx_word' id='word_1_318' title='bbox 3310 1606 3526 1660; x_wconf 87' lang='lat' dir='ltr'><strong>decreta</strong></span> <span class='ocrx_word' id='word_1_319' title='bbox 3576 1607 3654 1663; x_wconf 89' lang='lat' dir='ltr'><strong>iis</strong></span> 
     </span>
    </p>
   </div>
   <div class='ocr_carea' id='block_1_46' title="bbox 2073 1691 3651 1764">
    <p class='ocr_par' dir='ltr' id='par_1_46' title="bbox 2073 1691 3651 1764">
     <span class='ocr_line' id='line_1_46' title="bbox 2073 1691 3651 1764; baseline 0.004 -18"><span class='ocrx_word' id='word_1_320' title='bbox 2073 1691 2391 1746; x_wconf 88' lang='lat' dir='ltr'><strong>consulibus</strong></span> <span class='ocrx_word' id='word_1_321' title='bbox 2412 1693 2577 1757; x_wconf 88' lang='lat' dir='ltr'><strong>edita,</strong></span> <span class='ocrx_word' id='word_1_322' title='bbox 2595 1694 2700 1749; x_wconf 92' lang='lat' dir='ltr'><strong>hoc</strong></span> <span class='ocrx_word' id='word_1_323' title='bbox 2727 1704 2839 1749; x_wconf 90' lang='lat' dir='ltr'><strong>tam</strong></span> <span class='ocrx_word' id='word_1_324' title='bbox 2861 1696 3074 1750; x_wconf 87' lang='lat' dir='ltr'><strong>celebre</strong></span> <span class='ocrx_word' id='word_1_325' title='bbox 3099 1697 3356 1752; x_wconf 89' lang='lat' dir='ltr'><strong>omittere</strong></span> <span class='ocrx_word' id='word_1_326' title='bbox 3379 1698 3651 1764; x_wconf 89' lang='lat' dir='ltr'><strong>voluisse,</strong></span> 
     </span>
    </p>
   </div>
   <div class='ocr_carea' id='block_1_47' title="bbox 2071 1781 3656 1857">
    <p class='ocr_par' dir='ltr' id='par_1_47' title="bbox 2071 1781 3656 1857">
     <span class='ocr_line' id='line_1_47' title="bbox 2071 1781 3656 1857; baseline 0.003 -22"><span class='ocrx_word' id='word_1_327' title='bbox 2071 1797 2180 1850; x_wconf 91' lang='lat' dir='ltr'><strong>quo</strong></span> <span class='ocrx_word' id='word_1_328' title='bbox 2227 1781 2478 1838; x_wconf 87' lang='lat' dir='ltr'><strong>Gelasius</strong></span> <span class='ocrx_word' id='word_1_329' title='bbox 2503 1784 2812 1853; x_wconf 78' lang='lat' dir='ltr'><strong>depingitur</strong></span> <span class='ocrx_word' id='word_1_330' title='bbox 2836 1826 2850 1848; x_wconf 90' lang='lat'><strong>,</strong></span> <span class='ocrx_word' id='word_1_331' title='bbox 2884 1786 3215 1856; x_wconf 84' lang='lat' dir='ltr'><strong>distinguens</strong></span> <span class='ocrx_word' id='word_1_332' title='bbox 3270 1803 3656 1857; x_wconf 75' lang='lat' dir='ltr'><strong>separansque,</strong></span> 
     </span>
    </p>
   </div>
   <div class='ocr_carea' id='block_1_48' title="bbox 2068 1873 3654 1944">
    <p class='ocr_par' dir='ltr' id='par_1_48' title="bbox 2068 1873 3654 1944">
     <span class='ocr_line' id='line_1_48' title="bbox 2068 1873 3654 1944; baseline 0.003 -19"><span class='ocrx_word' id='word_1_333' title='bbox 2068 1873 2220 1942; x_wconf 86' lang='lat' dir='ltr'><strong>quasi</strong></span> <span class='ocrx_word' id='word_1_334' title='bbox 2245 1889 2302 1927; x_wconf 88' lang='lat' dir='ltr'><strong>os</strong></span> <span class='ocrx_word' id='word_1_335' title='bbox 2347 1873 2582 1937; x_wconf 90' lang='lat' dir='ltr'><strong>Domini,</strong></span> <span class='ocrx_word' id='word_1_336' title='bbox 2623 1875 2878 1929; x_wconf 90' lang='lat' dir='ltr'><strong>mundum</strong></span> <span class='ocrx_word' id='word_1_337' title='bbox 2925 1875 2991 1928; x_wconf 93' lang='lat' dir='ltr'><strong>ab</strong></span> <span class='ocrx_word' id='word_1_338' title='bbox 3037 1876 3344 1944; x_wconf 84' lang='lat' dir='ltr'><strong>immundo,</strong></span> <span class='ocrx_word' id='word_1_339' title='bbox 3387 1887 3437 1931; x_wconf 91' lang='lat' dir='ltr'><strong>et</strong></span> <span class='ocrx_word' id='word_1_340' title='bbox 3475 1894 3654 1932; x_wconf 61' lang='lat' dir='ltr'><strong>secere</strong></span> 
     </span>
    </p>
   </div>
   <div class='ocr_carea' id='block_1_49' title="bbox 2071 1967 3654 2038">
    <p class='ocr_par' dir='ltr' id='par_1_49' title="bbox 2071 1967 3654 2038">
     <span class='ocr_line' id='line_1_49' title="bbox 2071 1967 3654 2038; baseline 0.005 -21"><span class='ocrx_word' id='word_1_341' title='bbox 2071 1982 2196 2018; x_wconf 86' lang='lat' dir='ltr'><strong>nens</strong></span> <span class='ocrx_word' id='word_1_342' title='bbox 2227 1968 2514 2034; x_wconf 86' lang='lat' dir='ltr'><strong>pretiosum</strong></span> <span class='ocrx_word' id='word_1_343' title='bbox 2545 1984 2576 2020; x_wconf 95' lang='lat' dir='ltr'><strong>a</strong></span> <span class='ocrx_word' id='word_1_344' title='bbox 2615 1967 2728 2032; x_wconf 87' lang='lat' dir='ltr'><strong>vili,</strong></span> <span class='ocrx_word' id='word_1_345' title='bbox 2763 1978 2822 2021; x_wconf 89' lang='lat' dir='ltr'><strong>ut</strong></span> <span class='ocrx_word' id='word_1_346' title='bbox 2867 1967 3108 2038; x_wconf 89' lang='lat' dir='ltr'><strong>loquitur</strong></span> <span class='ocrx_word' id='word_1_347' title='bbox 3137 1969 3408 2025; x_wconf 84' lang='lat' dir='ltr'><strong>Baronius</strong></span> <span class='ocrx_word' id='word_1_348' title='bbox 3437 1973 3459 2024; x_wconf 89' lang='lat'><strong>?</strong></span> <span class='ocrx_word' id='word_1_349' title='bbox 3501 1969 3654 2025; x_wconf 66' lang='lat' dir='ltr'><strong>Pras-</strong></span> 
     </span>
    </p>
   </div>
   <div class='ocr_carea' id='block_1_50' title="bbox 2070 2057 3654 2126">
    <p class='ocr_par' dir='ltr' id='par_1_50' title="bbox 2070 2057 3654 2126">
     <span class='ocr_line' id='line_1_50' title="bbox 2070 2057 3654 2126; baseline 0.004 -16"><span class='ocrx_word' id='word_1_350' title='bbox 2070 2067 2214 2110; x_wconf 86' lang='lat' dir='ltr'><strong>terea</strong></span> <span class='ocrx_word' id='word_1_351' title='bbox 2237 2073 2326 2111; x_wconf 91' lang='lat' dir='ltr'><strong>res</strong></span> <span class='ocrx_word' id='word_1_352' title='bbox 2357 2057 2470 2126; x_wconf 90' lang='lat' dir='ltr'><strong>ipsa</strong></span> <span class='ocrx_word' id='word_1_353' title='bbox 2501 2058 2744 2112; x_wconf 86' lang='lat' dir='ltr'><strong>clamitat</strong></span> <span class='ocrx_word' id='word_1_354' title='bbox 2785 2075 2910 2113; x_wconf 92' lang='lat' dir='ltr'><strong>eum</strong></span> <span class='ocrx_word' id='word_1_355' title='bbox 2946 2060 3164 2114; x_wconf 91' lang='lat' dir='ltr'><strong>titulum</strong></span> <span class='ocrx_word' id='word_1_356' title='bbox 3210 2077 3278 2115; x_wconf 82' lang='lat' dir='ltr'><strong>ex</strong></span> <span class='ocrx_word' id='word_1_357' title='bbox 3323 2062 3654 2118; x_wconf 79' lang='lat' dir='ltr'><strong>collectione</strong></span> 
     </span>
    </p>
   </div>
   <div class='ocr_carea' id='block_1_51' title="bbox 2068 2148 3653 2222">
    <p class='ocr_par' dir='ltr' id='par_1_51' title="bbox 2068 2148 3653 2222">
     <span class='ocr_line' id='line_1_51' title="bbox 2068 2148 3653 2222; baseline 0.005 -21"><span class='ocrx_word' id='word_1_358' title='bbox 2068 2148 2314 2220; x_wconf 80' lang='lat' dir='ltr'><strong>Dionysii</strong></span> <span class='ocrx_word' id='word_1_359' title='bbox 2350 2148 2522 2205; x_wconf 83' lang='lat' dir='ltr'><strong>fuisse</strong></span> <span class='ocrx_word' id='word_1_360' title='bbox 2561 2151 2690 2206; x_wconf 90' lang='lat' dir='ltr'><strong>huic</strong></span> <span class='ocrx_word' id='word_1_361' title='bbox 2711 2151 2934 2206; x_wconf 88' lang='lat' dir='ltr'><strong>decreto</strong></span> <span class='ocrx_word' id='word_1_362' title='bbox 2965 2151 3106 2207; x_wconf 86' lang='lat' dir='ltr'><strong>falso</strong></span> <span class='ocrx_word' id='word_1_363' title='bbox 3149 2152 3456 2222; x_wconf 65' lang='lat' dir='ltr'><strong>praeﬁxum.</strong></span> <span class='ocrx_word' id='word_1_364' title='bbox 3489 2152 3545 2207; x_wconf 91' lang='lat' dir='ltr'><strong>In</strong></span> <span class='ocrx_word' id='word_1_365' title='bbox 3575 2169 3653 2209; x_wconf 82' lang='lat' dir='ltr'><strong>eo</strong></span> 
     </span>
    </p>
   </div>
   <div class='ocr_carea' id='block_1_52' title="bbox 2067 2241 3650 2312">
    <p class='ocr_par' dir='ltr' id='par_1_52' title="bbox 2067 2241 3650 2312">
     <span class='ocr_line' id='line_1_52' title="bbox 2067 2241 3650 2312; baseline 0.003 -16"><span class='ocrx_word' id='word_1_366' title='bbox 2067 2241 2214 2296; x_wconf 90' lang='lat' dir='ltr'><strong>enim</strong></span> <span class='ocrx_word' id='word_1_367' title='bbox 2264 2241 2536 2312; x_wconf 86' lang='lat' dir='ltr'><strong>legimus:</strong></span> <span class='ocrx_word' id='word_1_368' title='bbox 2571 2241 2708 2297; x_wconf 84' lang='lat' dir='ltr'><strong>Item</strong></span> <span class='ocrx_word' id='word_1_369' title='bbox 2751 2244 3063 2300; x_wconf 82' lang='lat' dir='ltr'><strong>venerabilis</strong></span> <span class='ocrx_word' id='word_1_370' title='bbox 3110 2245 3215 2299; x_wconf 87' lang='lat' dir='ltr'><strong>viri</strong></span> <span class='ocrx_word' id='word_1_371' title='bbox 3254 2243 3463 2300; x_wconf 82' lang='lat' dir='ltr'><strong>Sedulii</strong></span> <span class='ocrx_word' id='word_1_372' title='bbox 3525 2242 3650 2300; x_wconf 77' lang='lat' dir='ltr'><strong>Pa-</strong></span> 
     </span>
    </p>
   </div>
   <div class='ocr_carea' id='block_1_53' title="bbox 2051 2331 3654 2409">
    <p class='ocr_par' dir='ltr' id='par_1_53' title="bbox 2051 2331 3654 2409">
     <span class='ocr_line' id='line_1_53' title="bbox 2051 2331 3654 2409; baseline 0.004 -21"><span class='ocrx_word' id='word_1_373' title='bbox 2051 2331 2227 2388; x_wconf 85' lang='lat' dir='ltr'><strong>schale</strong></span> <span class='ocrx_word' id='word_1_374' title='bbox 2245 2350 2397 2402; x_wconf 89' lang='lat' dir='ltr'><strong>opus,</strong></span> <span class='ocrx_word' id='word_1_375' title='bbox 2435 2337 2573 2404; x_wconf 89' lang='lat' dir='ltr'><strong>quod</strong></span> <span class='ocrx_word' id='word_1_376' title='bbox 2602 2335 2824 2390; x_wconf 85' lang='lat' dir='ltr'><strong>heroicis</strong></span> <span class='ocrx_word' id='word_1_377' title='bbox 2855 2335 3132 2406; x_wconf 85' lang='lat' dir='ltr'><strong>descripsit</strong></span> <span class='ocrx_word' id='word_1_378' title='bbox 3160 2337 3417 2399; x_wconf 86' lang='lat' dir='ltr'><strong>versibus,</strong></span> <span class='ocrx_word' id='word_1_379' title='bbox 3449 2339 3654 2409; x_wconf 81' lang='lat' dir='ltr'><strong>insigni</strong></span> 
     </span>
    </p>
   </div>
   <div class='ocr_carea' id='block_1_54' title="bbox 2067 2426 3656 2496">
    <p class='ocr_par' dir='ltr' id='par_1_54' title="bbox 2067 2426 3656 2496">
     <span class='ocr_line' id='line_1_54' title="bbox 2067 2426 3656 2496; baseline 0.003 -16"><span class='ocrx_word' id='word_1_380' title='bbox 2067 2427 2223 2480; x_wconf 86' lang='lat' dir='ltr'><strong>laude</strong></span> <span class='ocrx_word' id='word_1_381' title='bbox 2253 2427 2607 2496; x_wconf 73' lang='lat' dir='ltr'><strong>prwferimus.</strong></span> <span class='ocrx_word' id='word_1_382' title='bbox 2644 2426 2856 2494; x_wconf 86' lang='lat' dir='ltr'><strong>Quibus</strong></span> <span class='ocrx_word' id='word_1_383' title='bbox 2892 2429 3070 2484; x_wconf 87' lang='lat' dir='ltr'><strong>verbis</strong></span> <span class='ocrx_word' id='word_1_384' title='bbox 3099 2439 3295 2483; x_wconf 89' lang='lat' dir='ltr'><strong>auctor</strong></span> <span class='ocrx_word' id='word_1_385' title='bbox 3329 2430 3532 2484; x_wconf 86' lang='lat' dir='ltr'><strong>decreti</strong></span> <span class='ocrx_word' id='word_1_386' title='bbox 3563 2445 3656 2484; x_wconf 85' lang='lat' dir='ltr'><strong>ce-</strong></span> 
     </span>
    </p>
   </div>
   <div class='ocr_carea' id='block_1_55' title="bbox 2067 2515 3652 2587">
    <p class='ocr_par' dir='ltr' id='par_1_55' title="bbox 2067 2515 3652 2587">
     <span class='ocr_line' id='line_1_55' title="bbox 2067 2515 3652 2587; baseline 0.003 -19"><span class='ocrx_word' id='word_1_387' title='bbox 2067 2515 2217 2570; x_wconf 89' lang='lat' dir='ltr'><strong>lebre</strong></span> <span class='ocrx_word' id='word_1_388' title='bbox 2262 2522 2317 2569; x_wconf 91' lang='lat' dir='ltr'><strong>et</strong></span> <span class='ocrx_word' id='word_1_389' title='bbox 2350 2515 2696 2570; x_wconf 88' lang='lat' dir='ltr'><strong>notissimum</strong></span> <span class='ocrx_word' id='word_1_390' title='bbox 2744 2531 2938 2586; x_wconf 89' lang='lat' dir='ltr'><strong>poema</strong></span> <span class='ocrx_word' id='word_1_391' title='bbox 2963 2557 2979 2583; x_wconf 96' lang='lat'><strong>,</strong></span> <span class='ocrx_word' id='word_1_392' title='bbox 3018 2526 3276 2587; x_wconf 89' lang='lat' dir='ltr'><strong>tanquam</strong></span> <span class='ocrx_word' id='word_1_393' title='bbox 3313 2519 3652 2574; x_wconf 86' lang='lat' dir='ltr'><strong>catholicum</strong></span> 
     </span>
    </p>
   </div>
   <div class='ocr_carea' id='block_1_56' title="bbox 2069 2605 3654 2680">
    <p class='ocr_par' dir='ltr' id='par_1_56' title="bbox 2069 2605 3654 2680">
     <span class='ocr_line' id='line_1_56' title="bbox 2069 2605 3654 2680; baseline 0.004 -20"><span class='ocrx_word' id='word_1_394' title='bbox 2069 2607 2185 2661; x_wconf 90' lang='lat' dir='ltr'><strong>suis</strong></span> <span class='ocrx_word' id='word_1_395' title='bbox 2214 2605 2476 2661; x_wconf 77' lang='lat' dir='ltr'><strong>Romanis</strong></span> <span class='ocrx_word' id='word_1_396' title='bbox 2499 2608 2884 2663; x_wconf 89' lang='lat' dir='ltr'><strong>commendare</strong></span> <span class='ocrx_word' id='word_1_397' title='bbox 2907 2609 3098 2664; x_wconf 90' lang='lat' dir='ltr'><strong>voluit.</strong></span> <span class='ocrx_word' id='word_1_398' title='bbox 3126 2610 3196 2664; x_wconf 84' lang='lat' dir='ltr'><strong>At</strong></span> <span class='ocrx_word' id='word_1_399' title='bbox 3216 2626 3356 2680; x_wconf 92' lang='lat' dir='ltr'><strong>opus</strong></span> <span class='ocrx_word' id='word_1_400' title='bbox 3382 2609 3654 2678; x_wconf 77' lang='lat' dir='ltr'><strong>Paschale</strong></span> 
     </span>
    </p>
   </div>
   <div class='ocr_carea' id='block_1_57' title="bbox 2072 2695 3654 2764">
    <p class='ocr_par' dir='ltr' id='par_1_57' title="bbox 2072 2695 3654 2764">
     <span class='ocr_line' id='line_1_57' title="bbox 2072 2695 3654 2764; baseline 0.003 -14"><span class='ocrx_word' id='word_1_401' title='bbox 2072 2695 2282 2752; x_wconf 90' lang='lat' dir='ltr'><strong>Sedulii</strong></span> <span class='ocrx_word' id='word_1_402' title='bbox 2311 2699 2378 2753; x_wconf 89' lang='lat' dir='ltr'><strong>iis</strong></span> <span class='ocrx_word' id='word_1_403' title='bbox 2408 2698 2729 2752; x_wconf 89' lang='lat' dir='ltr'><strong>consulibus</strong></span> <span class='ocrx_word' id='word_1_404' title='bbox 2757 2708 2945 2754; x_wconf 89' lang='lat' dir='ltr'><strong>notum</strong></span> <span class='ocrx_word' id='word_1_405' title='bbox 2969 2715 3079 2755; x_wconf 90' lang='lat' dir='ltr'><strong>non</strong></span> <span class='ocrx_word' id='word_1_406' title='bbox 3111 2700 3247 2764; x_wconf 88' lang='lat' dir='ltr'><strong>fuit;</strong></span> <span class='ocrx_word' id='word_1_407' title='bbox 3279 2717 3404 2756; x_wconf 89' lang='lat' dir='ltr'><strong>nam</strong></span> <span class='ocrx_word' id='word_1_408' title='bbox 3429 2701 3654 2755; x_wconf 88' lang='lat' dir='ltr'><strong>Asterio</strong></span> 
     </span>
    </p>
   </div>
   <div class='ocr_carea' id='block_1_58' title="bbox 2068 2789 3652 2861">
    <p class='ocr_par' dir='ltr' id='par_1_58' title="bbox 2068 2789 3652 2861">
     <span class='ocr_line' id='line_1_58' title="bbox 2068 2789 3652 2861; baseline 0.003 -17"><span class='ocrx_word' id='word_1_409' title='bbox 2068 2789 2288 2845; x_wconf 90' lang='lat' dir='ltr'><strong>demum</strong></span> <span class='ocrx_word' id='word_1_410' title='bbox 2332 2789 2630 2845; x_wconf 81' lang='lat' dir='ltr'><strong>exconsule</strong></span> <span class='ocrx_word' id='word_1_411' title='bbox 2677 2790 3014 2861; x_wconf 86' lang='lat' dir='ltr'><strong>divulgatum</strong></span> <span class='ocrx_word' id='word_1_412' title='bbox 3064 2801 3170 2848; x_wconf 90' lang='lat' dir='ltr'><strong>est.</strong></span> <span class='ocrx_word' id='word_1_413' title='bbox 3217 2791 3374 2847; x_wconf 90' lang='lat' dir='ltr'><strong>Unde</strong></span> <span class='ocrx_word' id='word_1_414' title='bbox 3440 2794 3652 2848; x_wconf 89' lang='lat' dir='ltr'><strong>factum</strong></span> 
     </span>
    </p>
   </div>
   <div class='ocr_carea' id='block_1_59' title="bbox 2067 2881 3654 2955">
    <p class='ocr_par' dir='ltr' id='par_1_59' title="bbox 2067 2881 3654 2955">
     <span class='ocr_line' id='line_1_59' title="bbox 2067 2881 3654 2955; baseline 0.003 -19"><span class='ocrx_word' id='word_1_415' title='bbox 2067 2893 2152 2937; x_wconf 92' lang='lat' dir='ltr'><strong>est</strong></span> <span class='ocrx_word' id='word_1_416' title='bbox 2177 2892 2237 2939; x_wconf 91' lang='lat' dir='ltr'><strong>ut</strong></span> <span class='ocrx_word' id='word_1_417' title='bbox 2257 2881 2574 2938; x_wconf 80' lang='lat' dir='ltr'><strong>Gennadius</strong></span> <span class='ocrx_word' id='word_1_418' title='bbox 2604 2881 2810 2938; x_wconf 88' lang='lat' dir='ltr'><strong>Sedulii</strong></span> <span class='ocrx_word' id='word_1_419' title='bbox 2841 2898 2950 2938; x_wconf 89' lang='lat' dir='ltr'><strong>non</strong></span> <span class='ocrx_word' id='word_1_420' title='bbox 2980 2884 3291 2938; x_wconf 85' lang='lat' dir='ltr'><strong>meminerit</strong></span> <span class='ocrx_word' id='word_1_421' title='bbox 3319 2902 3333 2937; x_wconf 89' lang='lat'>:</span> <span class='ocrx_word' id='word_1_422' title='bbox 3365 2886 3510 2955; x_wconf 88' lang='lat' dir='ltr'><strong>quod</strong></span> <span class='ocrx_word' id='word_1_423' title='bbox 3545 2886 3654 2940; x_wconf 82' lang='lat' dir='ltr'><strong>mi-</strong></span> 
     </span>
    </p>
   </div>
   <div class='ocr_carea' id='block_1_60' title="bbox 2068 2974 3655 3045">
    <p class='ocr_par' dir='ltr' id='par_1_60' title="bbox 2068 2974 3655 3045">
     <span class='ocr_line' id='line_1_60' title="bbox 2068 2974 3655 3045; baseline 0.001 -17"><span class='ocrx_word' id='word_1_424' title='bbox 2068 2983 2260 3028; x_wconf 88' lang='lat' dir='ltr'><strong>rantur</strong></span> <span class='ocrx_word' id='word_1_425' title='bbox 2289 2974 2368 3028; x_wconf 93' lang='lat' dir='ltr'><strong>illi</strong></span> <span class='ocrx_word' id='word_1_426' title='bbox 2403 2975 2492 3044; x_wconf 92' lang='lat' dir='ltr'><strong>qui</strong></span> <span class='ocrx_word' id='word_1_427' title='bbox 2517 2976 2678 3028; x_wconf 84' lang='lat' dir='ltr'><strong>linem</strong></span> <span class='ocrx_word' id='word_1_428' title='bbox 2707 2974 2851 3028; x_wconf 90' lang='lat' dir='ltr'><strong>libro</strong></span> <span class='ocrx_word' id='word_1_429' title='bbox 2898 2974 2976 3029; x_wconf 92' lang='lat' dir='ltr'><strong>De</strong></span> <span class='ocrx_word' id='word_1_430' title='bbox 3005 2976 3350 3045; x_wconf 88' lang='lat' dir='ltr'><strong>scriptoribus</strong></span> <span class='ocrx_word' id='word_1_431' title='bbox 3397 2976 3655 3030; x_wconf 87' lang='lat' dir='ltr'><strong>ecclesia-</strong></span> 
     </span>
    </p>
   </div>
   <div class='ocr_carea' id='block_1_61' title="bbox 388 3063 3655 3158">
    <p class='ocr_par' dir='ltr' id='par_1_61' title="bbox 388 3063 3655 3158">
     <span class='ocr_line' id='line_1_61' title="bbox 388 3063 3655 3158; baseline 0.001 -41"><span class='ocrx_word' id='word_1_432' title='bbox 388 3063 673 3134; x_wconf 89' lang='lat' dir='ltr'><strong>quidpiam</strong></span> <span class='ocrx_word' id='word_1_433' title='bbox 700 3081 876 3136; x_wconf 89' lang='lat' dir='ltr'><strong>neque</strong></span> <span class='ocrx_word' id='word_1_434' title='bbox 898 3067 965 3121; x_wconf 92' lang='lat' dir='ltr'><strong>de</strong></span> <span class='ocrx_word' id='word_1_435' title='bbox 1000 3065 1257 3132; x_wconf 88' lang='lat' dir='ltr'><strong>Damaso,</strong></span> <span class='ocrx_word' id='word_1_436' title='bbox 1285 3082 1459 3136; x_wconf 92' lang='lat' dir='ltr'><strong>neque</strong></span> <span class='ocrx_word' id='word_1_437' title='bbox 1497 3066 1564 3120; x_wconf 91' lang='lat' dir='ltr'><strong>de</strong></span> <span class='ocrx_word' id='word_1_438' title='bbox 1601 3065 1839 3132; x_wconf 88' lang='lat' dir='ltr'><strong>Gelasio,</strong></span> <span class='ocrx_word' id='word_1_439' title='bbox 1865 3081 1963 3120; x_wconf 85' lang='lat' dir='ltr'><strong>ne-</strong></span> <span class='ocrx_word' id='word_1_440' title='bbox 1993 3097 2039 3158; x_wconf 79' lang='lat' dir='ltr'>c</span> <span class='ocrx_word' id='word_1_441' title='bbox 2069 3067 2215 3121; x_wconf 88' lang='lat' dir='ltr'><strong>sticis</strong></span> <span class='ocrx_word' id='word_1_442' title='bbox 2247 3066 2439 3121; x_wconf 87' lang='lat' dir='ltr'><strong>eodem</strong></span> <span class='ocrx_word' id='word_1_443' title='bbox 2485 3081 2631 3120; x_wconf 92' lang='lat' dir='ltr'><strong>anno</strong></span> <span class='ocrx_word' id='word_1_444' title='bbox 2677 3066 2995 3137; x_wconf 90' lang='lat' dir='ltr'><strong>impositum</strong></span> <span class='ocrx_word' id='word_1_445' title='bbox 3026 3083 3056 3122; x_wconf 90' lang='lat' dir='ltr'><strong>a</strong></span> <span class='ocrx_word' id='word_1_446' title='bbox 3085 3067 3368 3122; x_wconf 89' lang='lat' dir='ltr'><strong>Gennadio</strong></span> <span class='ocrx_word' id='word_1_447' title='bbox 3417 3083 3528 3121; x_wconf 89' lang='lat' dir='ltr'><strong>non</strong></span> <span class='ocrx_word' id='word_1_448' title='bbox 3556 3067 3655 3122; x_wconf 83' lang='lat' dir='ltr'><strong>ob-</strong></span> 
     </span>
    </p>
   </div>
   <div class='ocr_carea' id='block_1_62' title="bbox 388 3157 1963 3226">
    <p class='ocr_par' dir='ltr' id='par_1_62' title="bbox 388 3157 1963 3226">
     <span class='ocr_line' id='line_1_62' title="bbox 388 3157 1963 3226; baseline 0.001 -15"><span class='ocrx_word' id='word_1_449' title='bbox 388 3174 497 3226; x_wconf 92' lang='lat' dir='ltr'><strong>que</strong></span> <span class='ocrx_word' id='word_1_450' title='bbox 527 3158 595 3212; x_wconf 92' lang='lat' dir='ltr'><strong>de</strong></span> <span class='ocrx_word' id='word_1_451' title='bbox 640 3157 927 3214; x_wconf 86' lang='lat' dir='ltr'><strong>Hormisda</strong></span> <span class='ocrx_word' id='word_1_452' title='bbox 973 3169 1129 3214; x_wconf 89' lang='lat' dir='ltr'><strong>vetus</strong></span> <span class='ocrx_word' id='word_1_453' title='bbox 1183 3157 1438 3214; x_wconf 69' lang='lat' dir='ltr'><strong>Ecclesiae</strong></span> <span class='ocrx_word' id='word_1_454' title='bbox 1475 3159 1703 3213; x_wconf 88' lang='lat' dir='ltr'><strong>historia</strong></span> <span class='ocrx_word' id='word_1_455' title='bbox 1747 3158 1963 3224; x_wconf 90' lang='lat' dir='ltr'><strong>doceat,</strong></span> 
     </span>
    </p>
   </div>
   <div class='ocr_carea' id='block_1_63' title="bbox 389 3249 1966 3322">
    <p class='ocr_par' dir='ltr' id='par_1_63' title="bbox 389 3249 1966 3322">
     <span class='ocr_line' id='line_1_63' title="bbox 389 3249 1966 3322; baseline -0.001 -16"><span class='ocrx_word' id='word_1_456' title='bbox 389 3249 522 3306; x_wconf 87' lang='lat' dir='ltr'><strong>illud</strong></span> <span class='ocrx_word' id='word_1_457' title='bbox 555 3253 738 3320; x_wconf 87' lang='lat' dir='ltr'><strong>potius</strong></span> <span class='ocrx_word' id='word_1_458' title='bbox 762 3268 830 3306; x_wconf 79' lang='lat' dir='ltr'><strong>ex</strong></span> <span class='ocrx_word' id='word_1_459' title='bbox 855 3268 994 3307; x_wconf 80' lang='lat' dir='ltr'><strong>mss.</strong></span> <span class='ocrx_word' id='word_1_460' title='bbox 1021 3252 1345 3307; x_wconf 90' lang='lat' dir='ltr'><strong>eliciendum</strong></span> <span class='ocrx_word' id='word_1_461' title='bbox 1370 3261 1522 3322; x_wconf 89' lang='lat' dir='ltr'><strong>puto,</strong></span> <span class='ocrx_word' id='word_1_462' title='bbox 1554 3251 1818 3306; x_wconf 90' lang='lat' dir='ltr'><strong>incertum</strong></span> <span class='ocrx_word' id='word_1_463' title='bbox 1848 3251 1966 3322; x_wconf 82' lang='lat' dir='ltr'><strong>pla-</strong></span> 
     </span>
    </p>
   </div>
   <div class='ocr_carea' id='block_1_64' title="bbox 390 3339 1966 3412">
    <p class='ocr_par' dir='ltr' id='par_1_64' title="bbox 390 3339 1966 3412">
     <span class='ocr_line' id='line_1_64' title="bbox 390 3339 1966 3412; baseline 0.001 -17"><span class='ocrx_word' id='word_1_464' title='bbox 390 3356 462 3396; x_wconf 82' lang='lat' dir='ltr'><strong>ne</strong></span> <span class='ocrx_word' id='word_1_465' title='bbox 489 3339 661 3396; x_wconf 80' lang='lat' dir='ltr'><strong>fuisse</strong></span> <span class='ocrx_word' id='word_1_466' title='bbox 691 3358 720 3396; x_wconf 90' lang='lat' dir='ltr'><strong>a</strong></span> <span class='ocrx_word' id='word_1_467' title='bbox 763 3358 873 3412; x_wconf 90' lang='lat' dir='ltr'><strong>quo</strong></span> <span class='ocrx_word' id='word_1_468' title='bbox 906 3343 1163 3412; x_wconf 87' lang='lat' dir='ltr'><strong>pontiﬁce</strong></span> <span class='ocrx_word' id='word_1_469' title='bbox 1186 3383 1201 3409; x_wconf 93' lang='lat'><strong>,</strong></span> <span class='ocrx_word' id='word_1_470' title='bbox 1233 3341 1345 3395; x_wconf 86' lang='lat' dir='ltr'><strong>imo</strong></span> <span class='ocrx_word' id='word_1_471' title='bbox 1385 3357 1415 3396; x_wconf 89' lang='lat' dir='ltr'><strong>a</strong></span> <span class='ocrx_word' id='word_1_472' title='bbox 1447 3359 1558 3412; x_wconf 91' lang='lat' dir='ltr'><strong>quo</strong></span> <span class='ocrx_word' id='word_1_473' title='bbox 1603 3351 1825 3397; x_wconf 88' lang='lat' dir='ltr'><strong>auctore</strong></span> <span class='ocrx_word' id='word_1_474' title='bbox 1863 3343 1966 3397; x_wconf 89' lang='lat' dir='ltr'><strong>hoc</strong></span> 
     </span>
    </p>
   </div>
   <div class='ocr_carea' id='block_1_65' title="bbox 389 3433 1117 3490">
    <p class='ocr_par' dir='ltr' id='par_1_65' title="bbox 389 3433 1117 3490">
     <span class='ocr_line' id='line_1_65' title="bbox 389 3433 1117 3490; baseline -0.001 -2"><span class='ocrx_word' id='word_1_475' title='bbox 389 3434 670 3489; x_wconf 86' lang='lat' dir='ltr'><strong>decretum</strong></span> <span class='ocrx_word' id='word_1_476' title='bbox 714 3433 996 3490; x_wconf 83' lang='lat' dir='ltr'><strong>conditum</strong></span> <span class='ocrx_word' id='word_1_477' title='bbox 1027 3434 1117 3488; x_wconf 88' lang='lat' dir='ltr'><strong>sit.</strong></span> 
     </span>
    </p>
   </div>
   <div class='ocr_carea' id='block_1_66' title="bbox 466 3519 1964 3595">
    <p class='ocr_par' dir='ltr' id='par_1_66' title="bbox 466 3519 1964 3595">
     <span class='ocr_line' id='line_1_66' title="bbox 466 3519 1964 3595; baseline 0 -17"><span class='ocrx_word' id='word_1_478' title='bbox 466 3524 654 3580; x_wconf 89' lang='lat' dir='ltr'><strong>Refert</strong></span> <span class='ocrx_word' id='word_1_479' title='bbox 681 3519 901 3595; x_wconf 84' lang='lat' dir='ltr'><strong>quidem</strong></span> <span class='ocrx_word' id='word_1_480' title='bbox 926 3525 1223 3581; x_wconf 90' lang='lat' dir='ltr'><strong>Gratianus</strong></span> <span class='ocrx_word' id='word_1_481' title='bbox 1253 3524 1530 3581; x_wconf 85' lang='lat' dir='ltr'><strong>decretum</strong></span> <span class='ocrx_word' id='word_1_482' title='bbox 1553 3526 1658 3579; x_wconf 93' lang='lat' dir='ltr'><strong>hoc</strong></span> <span class='ocrx_word' id='word_1_483' title='bbox 1701 3525 1964 3595; x_wconf 89' lang='lat' dir='ltr'><strong>scriptum</strong></span> 
     </span>
    </p>
   </div>
   <div class='ocr_carea' id='block_1_67' title="bbox 390 3616 1970 3689">
    <p class='ocr_par' dir='ltr' id='par_1_67' title="bbox 390 3616 1970 3689">
     <span class='ocr_line' id='line_1_67' title="bbox 390 3616 1970 3689; baseline -0.001 -17"><span class='ocrx_word' id='word_1_484' title='bbox 390 3616 567 3672; x_wconf 82' lang='lat' dir='ltr'><strong>fuisse</strong></span> <span class='ocrx_word' id='word_1_485' title='bbox 605 3632 633 3671; x_wconf 86' lang='lat' dir='ltr'><strong>a</strong></span> <span class='ocrx_word' id='word_1_486' title='bbox 669 3616 884 3672; x_wconf 90' lang='lat' dir='ltr'><strong>Gelasio</strong></span> <span class='ocrx_word' id='word_1_487' title='bbox 930 3618 984 3672; x_wconf 91' lang='lat' dir='ltr'><strong>in</strong></span> <span class='ocrx_word' id='word_1_488' title='bbox 1022 3618 1258 3673; x_wconf 92' lang='lat' dir='ltr'><strong>concilio</strong></span> <span class='ocrx_word' id='word_1_489' title='bbox 1295 3635 1402 3674; x_wconf 73' lang='grc' dir='ltr'><strong>ιιι</strong></span> <span class='ocrx_word' id='word_1_490' title='bbox 1451 3620 1857 3689; x_wconf 82' lang='lat' dir='ltr'><strong>episcoporum,</strong></span> <span class='ocrx_word' id='word_1_491' title='bbox 1910 3625 1970 3671; x_wconf 93' lang='lat' dir='ltr'><strong>ut</strong></span> 
     </span>
    </p>
   </div>
   <div class='ocr_carea' id='block_1_68' title="bbox 391 3708 1969 3766">
    <p class='ocr_par' dir='ltr' id='par_1_68' title="bbox 391 3708 1969 3766">
     <span class='ocr_line' id='line_1_68' title="bbox 391 3708 1969 3766; baseline 0 -4"><span class='ocrx_word' id='word_1_492' title='bbox 391 3724 543 3763; x_wconf 83' lang='lat' dir='ltr'><strong>nunc</strong></span> <span class='ocrx_word' id='word_1_493' title='bbox 601 3708 895 3764; x_wconf 83' lang='lat' dir='ltr'><strong>Gratianus</strong></span> <span class='ocrx_word' id='word_1_494' title='bbox 965 3709 1147 3764; x_wconf 87' lang='lat' dir='ltr'><strong>editur</strong></span> <span class='ocrx_word' id='word_1_495' title='bbox 1202 3729 1216 3766; x_wconf 90' lang='lat'>:</span> <span class='ocrx_word' id='word_1_496' title='bbox 1266 3725 1393 3766; x_wconf 89' lang='lat' dir='ltr'><strong>nam</strong></span> <span class='ocrx_word' id='word_1_497' title='bbox 1457 3711 1512 3765; x_wconf 87' lang='lat' dir='ltr'><strong>in</strong></span> <span class='ocrx_word' id='word_1_498' title='bbox 1577 3709 1969 3765; x_wconf 83' lang='lat' dir='ltr'><strong>vetustissimis</strong></span> 
     </span>
    </p>
   </div>
   <div class='ocr_carea' id='block_1_69' title="bbox 392 3801 1968 3859">
    <p class='ocr_par' dir='ltr' id='par_1_69' title="bbox 392 3801 1968 3859">
     <span class='ocr_line' id='line_1_69' title="bbox 392 3801 1968 3859; baseline 0 -5"><span class='ocrx_word' id='word_1_499' title='bbox 392 3815 535 3855; x_wconf 87' lang='lat' dir='ltr'><strong>mss.</strong></span> <span class='ocrx_word' id='word_1_500' title='bbox 565 3801 658 3854; x_wconf 91' lang='lat' dir='ltr'><strong>illa</strong></span> <span class='ocrx_word' id='word_1_501' title='bbox 689 3802 756 3856; x_wconf 87' lang='lat' dir='ltr'><strong>de</strong></span> <span class='ocrx_word' id='word_1_502' title='bbox 787 3801 1024 3856; x_wconf 92' lang='lat' dir='ltr'><strong>concilio</strong></span> <span class='ocrx_word' id='word_1_503' title='bbox 1050 3803 1450 3859; x_wconf 87' lang='lat' dir='ltr'><strong>desiderantur.</strong></span> <span class='ocrx_word' id='word_1_504' title='bbox 1486 3801 1590 3856; x_wconf 91' lang='lat' dir='ltr'><strong>Sed</strong></span> <span class='ocrx_word' id='word_1_505' title='bbox 1638 3818 1743 3858; x_wconf 91' lang='lat' dir='ltr'><strong>ms.</strong></span> <span class='ocrx_word' id='word_1_506' title='bbox 1782 3810 1968 3857; x_wconf 87' lang='lat' dir='ltr'><strong>noster</strong></span> 
     </span>
    </p>
   </div>
   <div class='ocr_carea' id='block_1_70' title="bbox 394 3891 1966 3964">
    <p class='ocr_par' dir='ltr' id='par_1_70' title="bbox 394 3891 1966 3964">
     <span class='ocr_line' id='line_1_70' title="bbox 394 3891 1966 3964; baseline 0 -18"><span class='ocrx_word' id='word_1_507' title='bbox 394 3891 660 3946; x_wconf 89' lang='lat' dir='ltr'><strong>Gratiano</strong></span> <span class='ocrx_word' id='word_1_508' title='bbox 692 3902 747 3947; x_wconf 89' lang='lat' dir='ltr'><strong>et</strong></span> <span class='ocrx_word' id='word_1_509' title='bbox 779 3893 940 3949; x_wconf 90' lang='lat' dir='ltr'><strong>lvone</strong></span> <span class='ocrx_word' id='word_1_510' title='bbox 965 3895 1266 3964; x_wconf 81' lang='lat' dir='ltr'><strong>antiquior,</strong></span> <span class='ocrx_word' id='word_1_511' title='bbox 1292 3894 1442 3948; x_wconf 91' lang='lat' dir='ltr'><strong>hunc</strong></span> <span class='ocrx_word' id='word_1_512' title='bbox 1465 3894 1681 3948; x_wconf 89' lang='lat' dir='ltr'><strong>titulum</strong></span> <span class='ocrx_word' id='word_1_513' title='bbox 1715 3893 1966 3963; x_wconf 54' lang='lat' dir='ltr'><strong>praefert:</strong></span> 
     </span>
    </p>
   </div>
   <div class='ocr_carea' id='block_1_71' title="bbox 395 3985 1969 4057">
    <p class='ocr_par' dir='ltr' id='par_1_71' title="bbox 395 3985 1969 4057">
     <span class='ocr_line' id='line_1_71' title="bbox 395 3985 1969 4057; baseline 0.003 -19"><span class='ocrx_word' id='word_1_514' title='bbox 395 3985 622 4039; x_wconf 88' lang='lat' dir='ltr'><strong>Decreta</strong></span> <span class='ocrx_word' id='word_1_515' title='bbox 649 3986 847 4040; x_wconf 90' lang='lat' dir='ltr'><strong>Gelasii</strong></span> <span class='ocrx_word' id='word_1_516' title='bbox 871 4003 1020 4056; x_wconf 66' lang='lat' dir='ltr'><strong>papae</strong></span> <span class='ocrx_word' id='word_1_517' title='bbox 1049 3987 1112 4042; x_wconf 86' lang='lat' dir='ltr'><strong>de</strong></span> <span class='ocrx_word' id='word_1_518' title='bbox 1146 3987 1453 4057; x_wconf 86' lang='lat' dir='ltr'><strong>recipiendis</strong></span> <span class='ocrx_word' id='word_1_519' title='bbox 1473 3999 1524 4043; x_wconf 89' lang='lat' dir='ltr'><strong>et</strong></span> <span class='ocrx_word' id='word_1_520' title='bbox 1547 4005 1647 4042; x_wconf 90' lang='lat' dir='ltr'><strong>non</strong></span> <span class='ocrx_word' id='word_1_521' title='bbox 1662 3988 1969 4057; x_wconf 85' lang='lat' dir='ltr'><strong>recipiendis</strong></span> 
     </span>
    </p>
   </div>
   <div class='ocr_carea' id='block_1_72' title="bbox 397 4077 1974 4149">
    <p class='ocr_par' dir='ltr' id='par_1_72' title="bbox 397 4077 1974 4149">
     <span class='ocr_line' id='line_1_72' title="bbox 397 4077 1974 4149; baseline 0 -17"><span class='ocrx_word' id='word_1_522' title='bbox 397 4077 575 4133; x_wconf 85' lang='lat' dir='ltr'><strong>libris.</strong></span> <span class='ocrx_word' id='word_1_523' title='bbox 613 4077 744 4144; x_wconf 66' lang='lat' dir='ltr'><strong>Qua:</strong></span> <span class='ocrx_word' id='word_1_524' title='bbox 775 4080 974 4149; x_wconf 88' lang='lat' dir='ltr'><strong>scripta</strong></span> <span class='ocrx_word' id='word_1_525' title='bbox 1018 4091 1140 4134; x_wconf 86' lang='lat' dir='ltr'><strong>sunt</strong></span> <span class='ocrx_word' id='word_1_526' title='bbox 1179 4081 1244 4134; x_wconf 95' lang='lat' dir='ltr'><strong>ab</strong></span> <span class='ocrx_word' id='word_1_527' title='bbox 1283 4096 1344 4134; x_wconf 89' lang='lat' dir='ltr'><strong>eo</strong></span> <span class='ocrx_word' id='word_1_528' title='bbox 1380 4097 1499 4134; x_wconf 90' lang='lat' dir='ltr'><strong>cum</strong></span> <span class='ocrx_word' id='word_1_529' title='bbox 1543 4096 1649 4136; x_wconf 77' lang='lat' dir='ltr'><strong>Lxx</strong></span> <span class='ocrx_word' id='word_1_530' title='bbox 1685 4080 1974 4133; x_wconf 91' lang='lat' dir='ltr'><strong>eruditissi-</strong></span> 
     </span>
    </p>
   </div>
   <div class='ocr_carea' id='block_1_73' title="bbox 398 4170 1972 4243">
    <p class='ocr_par' dir='ltr' id='par_1_73' title="bbox 398 4170 1972 4243">
     <span class='ocr_line' id='line_1_73' title="bbox 398 4170 1972 4243; baseline -0.002 -16"><span class='ocrx_word' id='word_1_531' title='bbox 398 4172 502 4227; x_wconf 86' lang='lat' dir='ltr'><strong>mis</strong></span> <span class='ocrx_word' id='word_1_532' title='bbox 533 4171 813 4240; x_wconf 86' lang='lat' dir='ltr'><strong>episcopis.</strong></span> <span class='ocrx_word' id='word_1_533' title='bbox 838 4170 1174 4243; x_wconf 79' lang='lat' dir='ltr'><strong>Videturque</strong></span> <span class='ocrx_word' id='word_1_534' title='bbox 1191 4172 1279 4226; x_wconf 89' lang='lat' dir='ltr'><strong>hic</strong></span> <span class='ocrx_word' id='word_1_535' title='bbox 1299 4172 1488 4227; x_wconf 89' lang='lat' dir='ltr'><strong>titulus</strong></span> <span class='ocrx_word' id='word_1_536' title='bbox 1509 4171 1680 4226; x_wconf 82' lang='lat' dir='ltr'><strong>fuisse</strong></span> <span class='ocrx_word' id='word_1_537' title='bbox 1705 4171 1972 4241; x_wconf 88' lang='lat' dir='ltr'><strong>antiquis-</strong></span> 
     </span>
    </p>
   </div>
   <div class='ocr_carea' id='block_1_74' title="bbox 405 4262 1968 4332">
    <p class='ocr_par' dir='ltr' id='par_1_74' title="bbox 405 4262 1968 4332">
     <span class='ocr_line' id='line_1_74' title="bbox 405 4262 1968 4332; baseline -0.003 -14"><span class='ocrx_word' id='word_1_538' title='bbox 405 4263 606 4328; x_wconf 87' lang='lat' dir='ltr'><strong>simus,</strong></span> <span class='ocrx_word' id='word_1_539' title='bbox 638 4271 754 4316; x_wconf 90' lang='lat' dir='ltr'><strong>tum</strong></span> <span class='ocrx_word' id='word_1_540' title='bbox 787 4262 935 4332; x_wconf 90' lang='lat' dir='ltr'><strong>quod</strong></span> <span class='ocrx_word' id='word_1_541' title='bbox 959 4264 1101 4332; x_wconf 91' lang='lat' dir='ltr'><strong>apud</strong></span> <span class='ocrx_word' id='word_1_542' title='bbox 1138 4263 1518 4319; x_wconf 89' lang='lat' dir='ltr'><strong>Burchardum</strong></span> <span class='ocrx_word' id='word_1_543' title='bbox 1545 4263 1618 4318; x_wconf 90' lang='lat' dir='ltr'><strong>ita</strong></span> <span class='ocrx_word' id='word_1_544' title='bbox 1643 4262 1968 4331; x_wconf 88' lang='lat' dir='ltr'><strong>concipitur,</strong></span> 
     </span>
    </p>
   </div>
   <div class='ocr_carea' id='block_1_75' title="bbox 396 4355 1970 4427">
    <p class='ocr_par' dir='ltr' id='par_1_75' title="bbox 396 4355 1970 4427">
     <span class='ocr_line' id='line_1_75' title="bbox 396 4355 1970 4427; baseline -0.004 -15"><span class='ocrx_word' id='word_1_545' title='bbox 396 4367 513 4412; x_wconf 90' lang='lat' dir='ltr'><strong>tum</strong></span> <span class='ocrx_word' id='word_1_546' title='bbox 541 4355 686 4426; x_wconf 89' lang='lat' dir='ltr'><strong>quod</strong></span> <span class='ocrx_word' id='word_1_547' title='bbox 721 4357 956 4411; x_wconf 79' lang='lat' dir='ltr'><strong>maxime</strong></span> <span class='ocrx_word' id='word_1_548' title='bbox 999 4357 1110 4413; x_wconf 90' lang='lat' dir='ltr'><strong>illis</strong></span> <span class='ocrx_word' id='word_1_549' title='bbox 1138 4358 1395 4414; x_wconf 85' lang='lat' dir='ltr'><strong>convenit</strong></span> <span class='ocrx_word' id='word_1_550' title='bbox 1418 4373 1542 4427; x_wconf 69' lang='lat' dir='ltr'><strong>quae</strong></span> <span class='ocrx_word' id='word_1_551' title='bbox 1570 4356 1712 4427; x_wconf 79' lang='lat' dir='ltr'><strong>apud</strong></span> <span class='ocrx_word' id='word_1_552' title='bbox 1759 4356 1970 4425; x_wconf 90' lang='lat' dir='ltr'><strong>Lupum</strong></span> 
     </span>
    </p>
   </div>
   <div class='ocr_carea' id='block_1_76' title="bbox 398 4440 2053 4520">
    <p class='ocr_par' dir='ltr' id='par_1_76' title="bbox 398 4440 2053 4520">
     <span class='ocr_line' id='line_1_76' title="bbox 398 4440 2053 4520; baseline 0 -19"><span class='ocrx_word' id='word_1_553' title='bbox 398 4446 833 4512; x_wconf 84' lang='lat' dir='ltr'><strong>Ferrariensem,</strong></span> <span class='ocrx_word' id='word_1_554' title='bbox 862 4448 1020 4518; x_wconf 85' lang='lat' dir='ltr'><strong>epist.</strong></span> <span class='ocrx_word' id='word_1_555' title='bbox 1052 4449 1177 4516; x_wconf 75' lang='grc'><strong>128,</strong></span> <span class='ocrx_word' id='word_1_556' title='bbox 1213 4449 1446 4520; x_wconf 87' lang='lat' dir='ltr'><strong>legimus</strong></span> <span class='ocrx_word' id='word_1_557' title='bbox 1472 4468 1485 4504; x_wconf 90' lang='lat'><strong>:</strong></span> <span class='ocrx_word' id='word_1_558' title='bbox 1511 4449 1777 4516; x_wconf 86' lang='lat' dir='ltr'><strong>Quoniam</strong></span> <span class='ocrx_word' id='word_1_559' title='bbox 1825 4450 1973 4503; x_wconf 89' lang='lat' dir='ltr'><strong>docet</strong></span> <span class='ocrx_word' id='word_1_560' title='bbox 2005 4440 2053 4500; x_wconf 87' lang='lat' dir='ltr'><strong>D</strong></span> 
     </span>
    </p>
   </div>
   <div class='ocr_carea' id='block_1_77' title="bbox 398 4537 1970 4610">
    <p class='ocr_par' dir='ltr' id='par_1_77' title="bbox 398 4537 1970 4610">
     <span class='ocr_line' id='line_1_77' title="bbox 398 4537 1970 4610; baseline 0.001 -18"><span class='ocrx_word' id='word_1_561' title='bbox 398 4537 641 4593; x_wconf 82' lang='lat' dir='ltr'><strong>Gelasius</strong></span> <span class='ocrx_word' id='word_1_562' title='bbox 710 4555 830 4593; x_wconf 90' lang='lat' dir='ltr'><strong>cum</strong></span> <span class='ocrx_word' id='word_1_563' title='bbox 879 4555 986 4594; x_wconf 69' lang='grc' dir='ltr'><strong>ιιι</strong></span> <span class='ocrx_word' id='word_1_564' title='bbox 1039 4541 1326 4610; x_wconf 87' lang='lat' dir='ltr'><strong>episcopis,</strong></span> <span class='ocrx_word' id='word_1_565' title='bbox 1381 4540 1509 4595; x_wconf 88' lang='lat' dir='ltr'><strong>viris</strong></span> <span class='ocrx_word' id='word_1_566' title='bbox 1562 4541 1970 4608; x_wconf 88' lang='lat' dir='ltr'><strong>eruditissimis,</strong></span> 
     </span>
    </p>
   </div>
   <div class='ocr_carea' id='block_1_78' title="bbox 397 4631 1972 4702">
    <p class='ocr_par' dir='ltr' id='par_1_78' title="bbox 397 4631 1972 4702">
     <span class='ocr_line' id='line_1_78' title="bbox 397 4631 1972 4702; baseline 0.002 -17"><span class='ocrx_word' id='word_1_567' title='bbox 397 4632 492 4702; x_wconf 89' lang='lat' dir='ltr'><strong>qui</strong></span> <span class='ocrx_word' id='word_1_568' title='bbox 516 4631 795 4701; x_wconf 89' lang='lat' dir='ltr'><strong>scriptores</strong></span> <span class='ocrx_word' id='word_1_569' title='bbox 834 4639 1005 4687; x_wconf 88' lang='lat' dir='ltr'><strong>essent</strong></span> <span class='ocrx_word' id='word_1_570' title='bbox 1037 4632 1115 4686; x_wconf 88' lang='lat' dir='ltr'><strong>vel</strong></span> <span class='ocrx_word' id='word_1_571' title='bbox 1139 4648 1240 4686; x_wconf 85' lang='lat' dir='ltr'><strong>non</strong></span> <span class='ocrx_word' id='word_1_572' title='bbox 1262 4642 1430 4686; x_wconf 86' lang='lat' dir='ltr'><strong>essent</strong></span> <span class='ocrx_word' id='word_1_573' title='bbox 1457 4633 1758 4702; x_wconf 89' lang='lat' dir='ltr'><strong>recipiendi.</strong></span> <span class='ocrx_word' id='word_1_574' title='bbox 1793 4633 1972 4702; x_wconf 84' lang='lat' dir='ltr'><strong>Aliqui</strong></span> 
     </span>
    </p>
   </div>
   <div class='ocr_carea' id='block_1_79' title="bbox 399 4723 1971 4779">
    <p class='ocr_par' dir='ltr' id='par_1_79' title="bbox 399 4723 1971 4779">
     <span class='ocr_line' id='line_1_79' title="bbox 399 4723 1971 4779; baseline 0 -3"><span class='ocrx_word' id='word_1_575' title='bbox 399 4731 584 4777; x_wconf 86' lang='lat' dir='ltr'><strong>autem</strong></span> <span class='ocrx_word' id='word_1_576' title='bbox 617 4738 750 4779; x_wconf 90' lang='lat' dir='ltr'><strong>mss.</strong></span> <span class='ocrx_word' id='word_1_577' title='bbox 780 4723 999 4778; x_wconf 88' lang='lat' dir='ltr'><strong>codices</strong></span> <span class='ocrx_word' id='word_1_578' title='bbox 1029 4723 1353 4778; x_wconf 89' lang='lat' dir='ltr'><strong>addiderunt</strong></span> <span class='ocrx_word' id='word_1_579' title='bbox 1389 4723 1623 4778; x_wconf 91' lang='lat' dir='ltr'><strong>concilio</strong></span> <span class='ocrx_word' id='word_1_580' title='bbox 1651 4724 1780 4779; x_wconf 88' lang='lat' dir='ltr'><strong>huic</strong></span> <span class='ocrx_word' id='word_1_581' title='bbox 1810 4725 1971 4777; x_wconf 86' lang='lat' dir='ltr'><strong>etiam</strong></span> 
     </span>
    </p>
   </div>
   <div class='ocr_carea' id='block_1_80' title="bbox 400 4814 1974 4885">
    <p class='ocr_par' dir='ltr' id='par_1_80' title="bbox 400 4814 1974 4885">
     <span class='ocr_line' id='line_1_80' title="bbox 400 4814 1974 4885; baseline -0.001 -17"><span class='ocrx_word' id='word_1_582' title='bbox 400 4827 536 4868; x_wconf 88' lang='lat' dir='ltr'><strong>suos</strong></span> <span class='ocrx_word' id='word_1_583' title='bbox 565 4814 855 4880; x_wconf 89' lang='lat' dir='ltr'><strong>consules,</strong></span> <span class='ocrx_word' id='word_1_584' title='bbox 902 4814 1349 4885; x_wconf 89' lang='lat' dir='ltr'><strong>celebratumque</strong></span> <span class='ocrx_word' id='word_1_585' title='bbox 1395 4815 1735 4871; x_wconf 88' lang='lat' dir='ltr'><strong>tradiderunt</strong></span> <span class='ocrx_word' id='word_1_586' title='bbox 1767 4815 1974 4869; x_wconf 81' lang='lat' dir='ltr'><strong>Asteria</strong></span> 
     </span>
    </p>
   </div>
   <div class='ocr_carea' id='block_1_81' title="bbox 399 4902 1975 4960">
    <p class='ocr_par' dir='ltr' id='par_1_81' title="bbox 399 4902 1975 4960">
     <span class='ocr_line' id='line_1_81' title="bbox 399 4902 1975 4960; baseline 0.001 -1"><span class='ocrx_word' id='word_1_587' title='bbox 399 4903 745 4959; x_wconf 77' lang='lat' dir='ltr'><strong>et&#39;Pmsidio</strong></span> <span class='ocrx_word' id='word_1_588' title='bbox 767 4921 902 4958; x_wconf 90' lang='lat' dir='ltr'><strong>coss.</strong></span> <span class='ocrx_word' id='word_1_589' title='bbox 936 4903 1066 4958; x_wconf 91' lang='lat' dir='ltr'><strong>lnde</strong></span> <span class='ocrx_word' id='word_1_590' title='bbox 1098 4902 1366 4960; x_wconf 90' lang='lat' dir='ltr'><strong>Baronius</strong></span> <span class='ocrx_word' id='word_1_591' title='bbox 1406 4907 1460 4960; x_wconf 88' lang='lat' dir='ltr'><strong>in</strong></span> <span class='ocrx_word' id='word_1_592' title='bbox 1487 4905 1783 4960; x_wconf 77' lang='lat' dir='ltr'><strong>Annalibus</strong></span> <span class='ocrx_word' id='word_1_593' title='bbox 1810 4904 1975 4960; x_wconf 86' lang='lat' dir='ltr'><strong>refert</strong></span> 
     </span>
    </p>
   </div>
   <div class='ocr_carea' id='block_1_82' title="bbox 396 4995 1971 5068">
    <p class='ocr_par' dir='ltr' id='par_1_82' title="bbox 396 4995 1971 5068">
     <span class='ocr_line' id='line_1_82' title="bbox 396 4995 1971 5068; baseline -0.002 -16"><span class='ocrx_word' id='word_1_594' title='bbox 396 5008 790 5067; x_wconf 87' lang='lat' dir='ltr'><strong>congregatum</strong></span> <span class='ocrx_word' id='word_1_595' title='bbox 845 4995 1035 5051; x_wconf 71' lang='lat' dir='ltr'><strong>Romae</strong></span> <span class='ocrx_word' id='word_1_596' title='bbox 1088 4996 1378 5051; x_wconf 91' lang='lat' dir='ltr'><strong>concilium</strong></span> <span class='ocrx_word' id='word_1_597' title='bbox 1437 5014 1542 5052; x_wconf 67' lang='grc' dir='ltr'><strong>ιιι</strong></span> <span class='ocrx_word' id='word_1_598' title='bbox 1593 4998 1971 5068; x_wconf 89' lang='lat' dir='ltr'><strong>episcoporum</strong></span> 
     </span>
    </p>
   </div>
   <div class='ocr_carea' id='block_1_83' title="bbox 397 5089 1970 5160">
    <p class='ocr_par' dir='ltr' id='par_1_83' title="bbox 397 5089 1970 5160">
     <span class='ocr_line' id='line_1_83' title="bbox 397 5089 1970 5160; baseline -0.003 -14"><span class='ocrx_word' id='word_1_599' title='bbox 397 5091 562 5146; x_wconf 88' lang='lat' dir='ltr'><strong>tertio</strong></span> <span class='ocrx_word' id='word_1_600' title='bbox 575 5090 848 5146; x_wconf 86' lang='lat' dir='ltr'><strong>Gelasiani</strong></span> <span class='ocrx_word' id='word_1_601' title='bbox 872 5089 1222 5160; x_wconf 87' lang='lat' dir='ltr'><strong>pontiﬁcatus</strong></span> <span class='ocrx_word' id='word_1_602' title='bbox 1249 5105 1415 5157; x_wconf 90' lang='lat' dir='ltr'><strong>anno,</strong></span> <span class='ocrx_word' id='word_1_603' title='bbox 1439 5089 1653 5145; x_wconf 89' lang='lat' dir='ltr'><strong>Domini</strong></span> <span class='ocrx_word' id='word_1_604' title='bbox 1681 5104 1810 5146; x_wconf 89' lang='lat' dir='ltr'><strong>vero</strong></span> <span class='ocrx_word' id='word_1_605' title='bbox 1833 5090 1970 5155; x_wconf 71' lang='lat'><strong>494;</strong></span> 
     </span>
    </p>
   </div>
   <div class='ocr_carea' id='block_1_84' title="bbox 398 5180 1974 5251">
    <p class='ocr_par' dir='ltr' id='par_1_84' title="bbox 398 5180 1974 5251">
     <span class='ocr_line' id='line_1_84' title="bbox 398 5180 1974 5251; baseline -0.001 -14"><span class='ocrx_word' id='word_1_606' title='bbox 398 5199 522 5237; x_wconf 92' lang='lat' dir='ltr'><strong>cum</strong></span> <span class='ocrx_word' id='word_1_607' title='bbox 560 5191 741 5237; x_wconf 90' lang='lat' dir='ltr'><strong>tamen</strong></span> <span class='ocrx_word' id='word_1_608' title='bbox 766 5182 976 5237; x_wconf 89' lang='lat' dir='ltr'><strong>nullum</strong></span> <span class='ocrx_word' id='word_1_609' title='bbox 994 5181 1114 5251; x_wconf 89' lang='lat' dir='ltr'><strong>ejus</strong></span> <span class='ocrx_word' id='word_1_610' title='bbox 1145 5182 1199 5236; x_wconf 89' lang='lat' dir='ltr'><strong>in</strong></span> <span class='ocrx_word' id='word_1_611' title='bbox 1227 5180 1465 5237; x_wconf 81' lang='lat' dir='ltr'><strong>Historia</strong></span> <span class='ocrx_word' id='word_1_612' title='bbox 1489 5183 1857 5239; x_wconf 82' lang='lat' dir='ltr'><strong>ecclesiastica</strong></span> <span class='ocrx_word' id='word_1_613' title='bbox 1882 5199 1974 5236; x_wconf 77' lang='lat' dir='ltr'><strong>ex-</strong></span> 
     </span>
    </p>
   </div>
   <div class='ocr_carea' id='block_1_85' title="bbox 398 5273 1977 5346">
    <p class='ocr_par' dir='ltr' id='par_1_85' title="bbox 398 5273 1977 5346">
     <span class='ocr_line' id='line_1_85' title="bbox 398 5273 1977 5346; baseline 0.002 -18"><span class='ocrx_word' id='word_1_614' title='bbox 398 5282 507 5328; x_wconf 88' lang='lat' dir='ltr'><strong>stet</strong></span> <span class='ocrx_word' id='word_1_615' title='bbox 534 5283 949 5329; x_wconf 89' lang='lat' dir='ltr'><strong>monumentum</strong></span> <span class='ocrx_word' id='word_1_616' title='bbox 996 5285 1090 5331; x_wconf 89' lang='lat' dir='ltr'><strong>aut</strong></span> <span class='ocrx_word' id='word_1_617' title='bbox 1126 5276 1440 5346; x_wconf 86' lang='lat' dir='ltr'><strong>vestigium.</strong></span> <span class='ocrx_word' id='word_1_618' title='bbox 1485 5273 1778 5329; x_wconf 83' lang='lat' dir='ltr'><strong>Raronium</strong></span> <span class='ocrx_word' id='word_1_619' title='bbox 1827 5290 1977 5331; x_wconf 86' lang='lat' dir='ltr'><strong>secu-</strong></span> 
     </span>
    </p>
   </div>
   <div class='ocr_carea' id='block_1_86' title="bbox 398 5365 1975 5435">
    <p class='ocr_par' dir='ltr' id='par_1_86' title="bbox 398 5365 1975 5435">
     <span class='ocr_line' id='line_1_86' title="bbox 398 5365 1975 5435; baseline 0.001 -16"><span class='ocrx_word' id='word_1_620' title='bbox 398 5376 490 5420; x_wconf 88' lang='lat' dir='ltr'><strong>tus</strong></span> <span class='ocrx_word' id='word_1_621' title='bbox 516 5375 600 5420; x_wconf 91' lang='lat' dir='ltr'><strong>est</strong></span> <span class='ocrx_word' id='word_1_622' title='bbox 623 5365 679 5420; x_wconf 92' lang='lat' dir='ltr'><strong>in</strong></span> <span class='ocrx_word' id='word_1_623' title='bbox 708 5365 949 5422; x_wconf 90' lang='lat' dir='ltr'><strong>editione</strong></span> <span class='ocrx_word' id='word_1_624' title='bbox 975 5367 1338 5423; x_wconf 82' lang='lat' dir='ltr'><strong>conciliorum</strong></span> <span class='ocrx_word' id='word_1_625' title='bbox 1371 5366 1584 5432; x_wconf 91' lang='lat' dir='ltr'><strong>Binius,</strong></span> <span class='ocrx_word' id='word_1_626' title='bbox 1613 5375 1668 5420; x_wconf 90' lang='lat' dir='ltr'><strong>et</strong></span> <span class='ocrx_word' id='word_1_627' title='bbox 1691 5366 1975 5435; x_wconf 78' lang='lat' dir='ltr'><strong>Philippus</strong></span> 
     </span>
    </p>
   </div>
   <div class='ocr_carea' id='block_1_87' title="bbox 400 5455 1972 5530">
    <p class='ocr_par' dir='ltr' id='par_1_87' title="bbox 400 5455 1972 5530">
     <span class='ocr_line' id='line_1_87' title="bbox 400 5455 1972 5530; baseline 0.001 -18"><span class='ocrx_word' id='word_1_628' title='bbox 400 5455 676 5523; x_wconf 89' lang='lat' dir='ltr'><strong>Labbeus,</strong></span> <span class='ocrx_word' id='word_1_629' title='bbox 705 5459 764 5512; x_wconf 91' lang='lat' dir='ltr'><strong>in</strong></span> <span class='ocrx_word' id='word_1_630' title='bbox 791 5457 1030 5514; x_wconf 83' lang='lat' dir='ltr'><strong>Historia</strong></span> <span class='ocrx_word' id='word_1_631' title='bbox 1056 5460 1301 5514; x_wconf 92' lang='lat' dir='ltr'><strong>omnium</strong></span> <span class='ocrx_word' id='word_1_632' title='bbox 1326 5460 1696 5514; x_wconf 88' lang='lat' dir='ltr'><strong>Conciliorum</strong></span> <span class='ocrx_word' id='word_1_633' title='bbox 1727 5460 1972 5530; x_wconf 91' lang='lat' dir='ltr'><strong>synopsi.</strong></span> 
     </span>
    </p>
   </div>
   <div class='ocr_carea' id='block_1_88' title="bbox 402 5550 1976 5623">
    <p class='ocr_par' dir='ltr' id='par_1_88' title="bbox 402 5550 1976 5623">
     <span class='ocr_line' id='line_1_88' title="bbox 402 5550 1976 5623; baseline 0.003 -20"><span class='ocrx_word' id='word_1_634' title='bbox 402 5551 552 5615; x_wconf 67' lang='grc'><strong>494,</strong></span> <span class='ocrx_word' id='word_1_635' title='bbox 581 5550 877 5605; x_wconf 73' lang='lat' dir='ltr'><strong>Humanum</strong></span> <span class='ocrx_word' id='word_1_636' title='bbox 937 5569 954 5606; x_wconf 89' lang='grc' dir='ltr'><strong>ι</strong></span> <span class='ocrx_word' id='word_1_637' title='bbox 1003 5553 1284 5606; x_wconf 90' lang='lat' dir='ltr'><strong>concilium</strong></span> <span class='ocrx_word' id='word_1_638' title='bbox 1343 5553 1438 5609; x_wconf 89' lang='lat' dir='ltr'><strong>sub</strong></span> <span class='ocrx_word' id='word_1_639' title='bbox 1503 5552 1746 5616; x_wconf 86' lang='lat' dir='ltr'><strong>Gelasio,</strong></span> <span class='ocrx_word' id='word_1_640' title='bbox 1793 5569 1895 5623; x_wconf 82' lang='lat' dir='ltr'><strong>quo</strong></span> <span class='ocrx_word' id='word_1_641' title='bbox 1943 5571 1976 5607; x_wconf 92' lang='lat' dir='ltr'><strong>a</strong></span> 
     </span>
    </p>
   </div>
   <div class='ocr_carea' id='block_1_89' title="bbox 405 5643 1976 5714">
    <p class='ocr_par' dir='ltr' id='par_1_89' title="bbox 405 5643 1976 5714">
     <span class='ocr_line' id='line_1_89' title="bbox 405 5643 1976 5714; baseline -0.001 -16"><span class='ocrx_word' id='word_1_642' title='bbox 405 5659 518 5698; x_wconf 70' lang='grc' dir='ltr'><strong>ιιι</strong></span> <span class='ocrx_word' id='word_1_643' title='bbox 555 5645 810 5714; x_wconf 84' lang='lat' dir='ltr'><strong>episcopis</strong></span> <span class='ocrx_word' id='word_1_644' title='bbox 841 5644 967 5698; x_wconf 89' lang='lat' dir='ltr'><strong>libri</strong></span> <span class='ocrx_word' id='word_1_645' title='bbox 1001 5645 1142 5698; x_wconf 85' lang='lat' dir='ltr'><strong>sacri</strong></span> <span class='ocrx_word' id='word_1_646' title='bbox 1169 5655 1218 5698; x_wconf 91' lang='lat' dir='ltr'><strong>et</strong></span> <span class='ocrx_word' id='word_1_647' title='bbox 1247 5645 1540 5698; x_wconf 86' lang='lat' dir='ltr'><strong>authentici</strong></span> <span class='ocrx_word' id='word_1_648' title='bbox 1567 5645 1630 5697; x_wconf 92' lang='lat' dir='ltr'><strong>ab</strong></span> <span class='ocrx_word' id='word_1_649' title='bbox 1663 5643 1976 5714; x_wconf 79' lang='lat' dir='ltr'><strong>apocrgpltis</strong></span> 
     </span>
    </p>
   </div>
   <div class='ocr_carea' id='block_1_90' title="bbox 409 5734 1977 5806">
    <p class='ocr_par' dir='ltr' id='par_1_90' title="bbox 409 5734 1977 5806">
     <span class='ocr_line' id='line_1_90' title="bbox 409 5734 1977 5806; baseline 0.001 -16"><span class='ocrx_word' id='word_1_650' title='bbox 409 5745 531 5790; x_wconf 85' lang='lat' dir='ltr'><strong>sunt</strong></span> <span class='ocrx_word' id='word_1_651' title='bbox 559 5737 796 5804; x_wconf 81' lang='lat' dir='ltr'><strong>discreti,</strong></span> <span class='ocrx_word' id='word_1_652' title='bbox 830 5737 1034 5792; x_wconf 80' lang='lat' dir='ltr'><strong>Asteria</strong></span> <span class='ocrx_word' id='word_1_653' title='bbox 1073 5747 1225 5806; x_wconf 87' lang='lat' dir='ltr'><strong>atque</strong></span> <span class='ocrx_word' id='word_1_654' title='bbox 1248 5734 1510 5790; x_wconf 73' lang='lat' dir='ltr'><strong>Pra’sidio</strong></span> <span class='ocrx_word' id='word_1_655' title='bbox 1540 5737 1861 5790; x_wconf 77' lang='lat' dir='ltr'><strong>consulibus.</strong></span> <span class='ocrx_word' id='word_1_656' title='bbox 1895 5736 1977 5792; x_wconf 64' lang='lat' dir='ltr'><strong>lia:</strong></span> 
     </span>
    </p>
   </div>
   <div class='ocr_carea' id='block_1_91' title="bbox 2068 3155 3657 3226">
    <p class='ocr_par' dir='ltr' id='par_1_91' title="bbox 2068 3155 3657 3226">
     <span class='ocr_line' id='line_1_91' title="bbox 2068 3155 3657 3226; baseline -0.001 -14"><span class='ocrx_word' id='word_1_657' title='bbox 2068 3165 2305 3212; x_wconf 90' lang='lat' dir='ltr'><strong>servant.</strong></span> <span class='ocrx_word' id='word_1_658' title='bbox 2342 3155 2638 3210; x_wconf 88' lang='lat' dir='ltr'><strong>Adnotatio</strong></span> <span class='ocrx_word' id='word_1_659' title='bbox 2665 3155 2779 3221; x_wconf 90' lang='lat' dir='ltr'><strong>illa,</strong></span> <span class='ocrx_word' id='word_1_660' title='bbox 2809 3171 2933 3226; x_wconf 63' lang='lat' dir='ltr'><strong>quae</strong></span> <span class='ocrx_word' id='word_1_661' title='bbox 2962 3156 3017 3210; x_wconf 94' lang='lat' dir='ltr'><strong>in</strong></span> <span class='ocrx_word' id='word_1_662' title='bbox 3063 3157 3234 3212; x_wconf 88' lang='lat' dir='ltr'><strong>veteri</strong></span> <span class='ocrx_word' id='word_1_663' title='bbox 3265 3156 3389 3210; x_wconf 90' lang='lat' dir='ltr'><strong>Aldi</strong></span> <span class='ocrx_word' id='word_1_664' title='bbox 3417 3155 3657 3216; x_wconf 79' lang='lat' dir='ltr'><strong>Manutii</strong></span> 
     </span>
    </p>
   </div>
   <div class='ocr_carea' id='block_1_92' title="bbox 2065 3246 3652 3312">
    <p class='ocr_par' dir='ltr' id='par_1_92' title="bbox 2065 3246 3652 3312">
     <span class='ocr_line' id='line_1_92' title="bbox 2065 3246 3652 3312; baseline -0.001 -9"><span class='ocrx_word' id='word_1_665' title='bbox 2065 3248 2303 3303; x_wconf 90' lang='lat' dir='ltr'><strong>editione</strong></span> <span class='ocrx_word' id='word_1_666' title='bbox 2327 3246 2578 3302; x_wconf 83' lang='lat' dir='ltr'><strong>Paschali</strong></span> <span class='ocrx_word' id='word_1_667' title='bbox 2609 3247 2841 3302; x_wconf 89' lang='lat' dir='ltr'><strong>carmini</strong></span> <span class='ocrx_word' id='word_1_668' title='bbox 2875 3247 3086 3303; x_wconf 85' lang='lat' dir='ltr'><strong>adnexa</strong></span> <span class='ocrx_word' id='word_1_669' title='bbox 3123 3257 3228 3312; x_wconf 86' lang='lat' dir='ltr'><strong>est,</strong></span> <span class='ocrx_word' id='word_1_670' title='bbox 3250 3248 3356 3303; x_wconf 88' lang='lat' dir='ltr'><strong>hoc</strong></span> <span class='ocrx_word' id='word_1_671' title='bbox 3395 3249 3530 3304; x_wconf 90' lang='lat' dir='ltr'><strong>satis</strong></span> <span class='ocrx_word' id='word_1_672' title='bbox 3559 3249 3652 3302; x_wconf 87' lang='lat' dir='ltr'><strong>in—</strong></span> 
     </span>
    </p>
   </div>
   <div class='ocr_carea' id='block_1_93' title="bbox 2065 3338 3656 3408">
    <p class='ocr_par' dir='ltr' id='par_1_93' title="bbox 2065 3338 3656 3408">
     <span class='ocr_line' id='line_1_93' title="bbox 2065 3338 3656 3408; baseline 0 -14"><span class='ocrx_word' id='word_1_673' title='bbox 2065 3340 2252 3395; x_wconf 86' lang='lat' dir='ltr'><strong>dicat:</strong></span> <span class='ocrx_word' id='word_1_674' title='bbox 2288 3338 2404 3394; x_wconf 85' lang='lat' dir='ltr'><strong>Hoc</strong></span> <span class='ocrx_word' id='word_1_675' title='bbox 2422 3340 2737 3408; x_wconf 87' lang='lat' dir='ltr'><strong>opusculum</strong></span> <span class='ocrx_word' id='word_1_676' title='bbox 2788 3356 2892 3394; x_wconf 90' lang='lat' dir='ltr'><strong>non</strong></span> <span class='ocrx_word' id='word_1_677' title='bbox 2952 3357 2984 3393; x_wconf 94' lang='lat' dir='ltr'><strong>a</strong></span> <span class='ocrx_word' id='word_1_678' title='bbox 3015 3339 3233 3394; x_wconf 87' lang='lat' dir='ltr'><strong>Sedulio</strong></span> <span class='ocrx_word' id='word_1_679' title='bbox 3282 3351 3499 3394; x_wconf 88' lang='lat' dir='ltr'><strong>auctore</strong></span> <span class='ocrx_word' id='word_1_680' title='bbox 3539 3342 3656 3394; x_wconf 88' lang='lat' dir='ltr'><strong>edi-</strong></span> 
     </span>
    </p>
   </div>
   <div class='ocr_carea' id='block_1_94' title="bbox 2068 3431 3653 3503">
    <p class='ocr_par' dir='ltr' id='par_1_94' title="bbox 2068 3431 3653 3503">
     <span class='ocr_line' id='line_1_94' title="bbox 2068 3431 3653 3503; baseline 0.003 -17"><span class='ocrx_word' id='word_1_681' title='bbox 2068 3443 2178 3486; x_wconf 89' lang='lat' dir='ltr'><strong>tum</strong></span> <span class='ocrx_word' id='word_1_682' title='bbox 2203 3443 2301 3497; x_wconf 89' lang='lat' dir='ltr'><strong>est,</strong></span> <span class='ocrx_word' id='word_1_683' title='bbox 2334 3433 2424 3486; x_wconf 91' lang='lat' dir='ltr'><strong>sed</strong></span> <span class='ocrx_word' id='word_1_684' title='bbox 2454 3450 2486 3486; x_wconf 92' lang='lat' dir='ltr'><strong>a</strong></span> <span class='ocrx_word' id='word_1_685' title='bbox 2523 3431 2714 3486; x_wconf 88' lang='lat' dir='ltr'><strong>Turcio</strong></span> <span class='ocrx_word' id='word_1_686' title='bbox 2754 3432 2894 3503; x_wconf 84' lang='lat' dir='ltr'><strong>Rufo</strong></span> <span class='ocrx_word' id='word_1_687' title='bbox 2937 3434 3147 3488; x_wconf 81' lang='lat' dir='ltr'><strong>Asteria</strong></span> <span class='ocrx_word' id='word_1_688' title='bbox 3183 3432 3244 3487; x_wconf 84' lang='lat' dir='ltr'><strong>V.</strong></span> <span class='ocrx_word' id='word_1_689' title='bbox 3271 3433 3334 3488; x_wconf 79' lang='grc' dir='ltr'><strong>ϐ.</strong></span> <span class='ocrx_word' id='word_1_690' title='bbox 3367 3431 3653 3490; x_wconf 74' lang='lat' dir='ltr'><strong>exconsule</strong></span> 
     </span>
    </p>
   </div>
   <div class='ocr_carea' id='block_1_95' title="bbox 2067 3522 3653 3595">
    <p class='ocr_par' dir='ltr' id='par_1_95' title="bbox 2067 3522 3653 3595">
     <span class='ocr_line' id='line_1_95' title="bbox 2067 3522 3653 3595; baseline -0.003 -15"><span class='ocrx_word' id='word_1_691' title='bbox 2067 3525 2338 3581; x_wconf 87' lang='lat' dir='ltr'><strong>ordinario</strong></span> <span class='ocrx_word' id='word_1_692' title='bbox 2364 3536 2520 3595; x_wconf 87' lang='lat' dir='ltr'><strong>atque</strong></span> <span class='ocrx_word' id='word_1_693' title='bbox 2555 3525 2805 3594; x_wconf 90' lang='lat' dir='ltr'><strong>patricio,</strong></span> <span class='ocrx_word' id='word_1_694' title='bbox 2837 3525 2926 3594; x_wconf 77' lang='lat' dir='ltr'><strong>qui</strong></span> <span class='ocrx_word' id='word_1_695' title='bbox 2956 3525 3014 3577; x_wconf 91' lang='lat' dir='ltr'><strong>id</strong></span> <span class='ocrx_word' id='word_1_696' title='bbox 3039 3525 3178 3579; x_wconf 85' lang='lat' dir='ltr'><strong>inter</strong></span> <span class='ocrx_word' id='word_1_697' title='bbox 3207 3529 3407 3594; x_wconf 85' lang='lat' dir='ltr'><strong>scripta</strong></span> <span class='ocrx_word' id='word_1_698' title='bbox 3439 3522 3653 3579; x_wconf 87' lang='lat' dir='ltr'><strong>Sedulii</strong></span> 
     </span>
    </p>
   </div>
   <div class='ocr_carea' id='block_1_96' title="bbox 2066 3618 3654 3689">
    <p class='ocr_par' dir='ltr' id='par_1_96' title="bbox 2066 3618 3654 3689">
     <span class='ocr_line' id='line_1_96' title="bbox 2066 3618 3654 3689; baseline -0.002 -16"><span class='ocrx_word' id='word_1_699' title='bbox 2066 3621 2285 3673; x_wconf 76' lang='lat' dir='ltr'><strong>invenit.</strong></span> <span class='ocrx_word' id='word_1_700' title='bbox 2320 3619 2575 3689; x_wconf 87' lang='lat' dir='ltr'><strong>Idemque</strong></span> <span class='ocrx_word' id='word_1_701' title='bbox 2605 3619 2894 3673; x_wconf 88' lang='lat' dir='ltr'><strong>conﬁrmat</strong></span> <span class='ocrx_word' id='word_1_702' title='bbox 2938 3618 3114 3687; x_wconf 89' lang='lat' dir='ltr'><strong>ipsius</strong></span> <span class='ocrx_word' id='word_1_703' title='bbox 3135 3619 3336 3674; x_wconf 87' lang='lat' dir='ltr'><strong>Asterii</strong></span> <span class='ocrx_word' id='word_1_704' title='bbox 3374 3632 3654 3673; x_wconf 75' lang='lat' dir='ltr'><strong>escensu-</strong></span> 
     </span>
    </p>
   </div>
   <div class='ocr_carea' id='block_1_97' title="bbox 2067 3708 3651 3781">
    <p class='ocr_par' dir='ltr' id='par_1_97' title="bbox 2067 3708 3651 3781">
     <span class='ocr_line' id='line_1_97' title="bbox 2067 3708 3651 3781; baseline -0.004 -13"><span class='ocrx_word' id='word_1_705' title='bbox 2067 3714 2136 3769; x_wconf 92' lang='lat' dir='ltr'><strong>lis</strong></span> <span class='ocrx_word' id='word_1_706' title='bbox 2170 3713 2236 3767; x_wconf 92' lang='lat' dir='ltr'><strong>ad</strong></span> <span class='ocrx_word' id='word_1_707' title='bbox 2260 3711 2637 3766; x_wconf 87' lang='lat' dir='ltr'><strong>Macedonium</strong></span> <span class='ocrx_word' id='word_1_708' title='bbox 2667 3712 3026 3781; x_wconf 87' lang='lat' dir='ltr'><strong>epigramma,</strong></span> <span class='ocrx_word' id='word_1_709' title='bbox 3051 3709 3227 3765; x_wconf 88' lang='lat' dir='ltr'><strong>eidem</strong></span> <span class='ocrx_word' id='word_1_710' title='bbox 3251 3708 3404 3779; x_wconf 90' lang='lat' dir='ltr'><strong>operi</strong></span> <span class='ocrx_word' id='word_1_711' title='bbox 3426 3709 3481 3763; x_wconf 90' lang='lat' dir='ltr'><strong>in</strong></span> <span class='ocrx_word' id='word_1_712' title='bbox 3505 3710 3651 3762; x_wconf 88' lang='lat' dir='ltr'><strong>duo-</strong></span> 
     </span>
    </p>
   </div>
   <div class='ocr_carea' id='block_1_98' title="bbox 2068 3800 3657 3871">
    <p class='ocr_par' dir='ltr' id='par_1_98' title="bbox 2068 3800 3657 3871">
     <span class='ocr_line' id='line_1_98' title="bbox 2068 3800 3657 3871; baseline -0.003 -11"><span class='ocrx_word' id='word_1_713' title='bbox 2068 3805 2172 3860; x_wconf 87' lang='lat' dir='ltr'><strong>bus</strong></span> <span class='ocrx_word' id='word_1_714' title='bbox 2201 3803 2434 3858; x_wconf 89' lang='lat' dir='ltr'><strong>vetustis</strong></span> <span class='ocrx_word' id='word_1_715' title='bbox 2477 3818 2613 3857; x_wconf 88' lang='lat' dir='ltr'><strong>mss.</strong></span> <span class='ocrx_word' id='word_1_716' title='bbox 2639 3803 2873 3857; x_wconf 89' lang='lat' dir='ltr'><strong>testibus</strong></span> <span class='ocrx_word' id='word_1_717' title='bbox 2901 3802 3202 3858; x_wconf 90' lang='lat' dir='ltr'><strong>Sirmundo</strong></span> <span class='ocrx_word' id='word_1_718' title='bbox 3230 3811 3398 3871; x_wconf 91' lang='lat' dir='ltr'><strong>atque</strong></span> <span class='ocrx_word' id='word_1_719' title='bbox 3423 3800 3657 3858; x_wconf 68' lang='lat' dir='ltr'><strong>Usseriu</strong></span> 
     </span>
    </p>
   </div>
   <div class='ocr_carea' id='block_1_99' title="bbox 2069 3898 2375 3968">
    <p class='ocr_par' dir='ltr' id='par_1_99' title="bbox 2069 3898 2375 3968">
     <span class='ocr_line' id='line_1_99' title="bbox 2069 3898 2375 3968; baseline 0 -19"><span class='ocrx_word' id='word_1_720' title='bbox 2069 3898 2375 3968; x_wconf 67' lang='lat' dir='ltr'><strong>praeﬁxum.</strong></span> 
     </span>
    </p>
   </div>
   <div class='ocr_carea' id='block_1_100' title="bbox 2143 3985 3399 4055">
    <p class='ocr_par' dir='ltr' id='par_1_100' title="bbox 2143 3985 3399 4055">
     <span class='ocr_line' id='line_1_100' title="bbox 2143 3985 3399 4055; baseline -0.002 -13"><span class='ocrx_word' id='word_1_721' title='bbox 2143 3985 2325 4054; x_wconf 82' lang='lat' dir='ltr'><strong>Sume,</strong></span> <span class='ocrx_word' id='word_1_722' title='bbox 2356 4004 2502 4042; x_wconf 88' lang='lat' dir='ltr'><strong>sacer</strong></span> <span class='ocrx_word' id='word_1_723' title='bbox 2530 3989 2752 4051; x_wconf 88' lang='lat' dir='ltr'><strong>meritis,</strong></span> <span class='ocrx_word' id='word_1_724' title='bbox 2785 3987 2992 4040; x_wconf 81' lang='lat' dir='ltr'><strong>veracia</strong></span> <span class='ocrx_word' id='word_1_725' title='bbox 3019 3986 3163 4041; x_wconf 89' lang='lat' dir='ltr'><strong>dicta</strong></span> <span class='ocrx_word' id='word_1_726' title='bbox 3192 3996 3360 4055; x_wconf 68' lang='lat' dir='ltr'><strong>poetae</strong></span> <span class='ocrx_word' id='word_1_727' title='bbox 3379 4025 3399 4055; x_wconf 84' lang='lat'><strong>,</strong></span> 
     </span>
    </p>
   </div>
   <div class='ocr_carea' id='block_1_101' title="bbox 2215 4079 3337 4149">
    <p class='ocr_par' dir='ltr' id='par_1_101' title="bbox 2215 4079 3337 4149">
     <span class='ocr_line' id='line_1_101' title="bbox 2215 4079 3337 4149; baseline -0.001 -17"><span class='ocrx_word' id='word_1_728' title='bbox 2215 4079 2346 4145; x_wconf 64' lang='lat' dir='ltr'><strong>Quae</strong></span> <span class='ocrx_word' id='word_1_729' title='bbox 2379 4081 2490 4134; x_wconf 87' lang='lat' dir='ltr'><strong>sine</strong></span> <span class='ocrx_word' id='word_1_730' title='bbox 2520 4080 2756 4149; x_wconf 79' lang='lat' dir='ltr'><strong>ﬁgmenti</strong></span> <span class='ocrx_word' id='word_1_731' title='bbox 2785 4081 3001 4133; x_wconf 88' lang='lat' dir='ltr'><strong>condita</strong></span> <span class='ocrx_word' id='word_1_732' title='bbox 3025 4089 3150 4132; x_wconf 86' lang='lat' dir='ltr'><strong>sunt</strong></span> <span class='ocrx_word' id='word_1_733' title='bbox 3170 4079 3337 4143; x_wconf 86' lang='lat' dir='ltr'><strong>vitio;</strong></span> 
     </span>
    </p>
   </div>
   <div class='ocr_carea' id='block_1_102' title="bbox 2143 4170 3612 4242">
    <p class='ocr_par' dir='ltr' id='par_1_102' title="bbox 2143 4170 3612 4242">
     <span class='ocr_line' id='line_1_102' title="bbox 2143 4170 3612 4242; baseline -0.002 -16"><span class='ocrx_word' id='word_1_734' title='bbox 2143 4172 2260 4238; x_wconf 82' lang='lat' dir='ltr'><strong>Quo</strong></span> <span class='ocrx_word' id='word_1_735' title='bbox 2292 4184 2431 4226; x_wconf 87' lang='lat' dir='ltr'><strong>caret</strong></span> <span class='ocrx_word' id='word_1_736' title='bbox 2462 4173 2604 4226; x_wconf 90' lang='lat' dir='ltr'><strong>alma</strong></span> <span class='ocrx_word' id='word_1_737' title='bbox 2627 4173 2778 4241; x_wconf 77' lang='lat' dir='ltr'><strong>ﬁdes,</strong></span> <span class='ocrx_word' id='word_1_738' title='bbox 2816 4187 2916 4242; x_wconf 88' lang='lat' dir='ltr'><strong>quo</strong></span> <span class='ocrx_word' id='word_1_739' title='bbox 2955 4173 3125 4226; x_wconf 87' lang='lat' dir='ltr'><strong>sancti</strong></span> <span class='ocrx_word' id='word_1_740' title='bbox 3159 4172 3334 4242; x_wconf 81' lang='lat' dir='ltr'><strong>gratia</strong></span> <span class='ocrx_word' id='word_1_741' title='bbox 3363 4170 3612 4238; x_wconf 72' lang='lat' dir='ltr'><strong>Christi,</strong></span> 
     </span>
    </p>
   </div>
   <div class='ocr_carea' id='block_1_103' title="bbox 2213 4261 3288 4333">
    <p class='ocr_par' dir='ltr' id='par_1_103' title="bbox 2213 4261 3288 4333">
     <span class='ocr_line' id='line_1_103' title="bbox 2213 4261 3288 4333; baseline -0.002 -16"><span class='ocrx_word' id='word_1_742' title='bbox 2213 4262 2320 4317; x_wconf 85' lang='lat' dir='ltr'><strong>Per</strong></span> <span class='ocrx_word' id='word_1_743' title='bbox 2351 4280 2508 4333; x_wconf 87' lang='lat' dir='ltr'><strong>quam</strong></span> <span class='ocrx_word' id='word_1_744' title='bbox 2530 4264 2710 4332; x_wconf 87' lang='lat' dir='ltr'><strong>justus</strong></span> <span class='ocrx_word' id='word_1_745' title='bbox 2749 4263 2826 4316; x_wconf 88' lang='lat' dir='ltr'><strong>ait</strong></span> <span class='ocrx_word' id='word_1_746' title='bbox 2853 4263 2984 4316; x_wconf 90' lang='lat' dir='ltr'><strong>talia</strong></span> <span class='ocrx_word' id='word_1_747' title='bbox 3018 4261 3288 4319; x_wconf 83' lang='lat' dir='ltr'><strong>Sedulius.</strong></span> 
     </span>
    </p>
   </div>
   <div class='ocr_carea' id='block_1_104' title="bbox 2144 4354 3324 4425">
    <p class='ocr_par' dir='ltr' id='par_1_104' title="bbox 2144 4354 3324 4425">
     <span class='ocr_line' id='line_1_104' title="bbox 2144 4354 3324 4425; baseline -0.003 -16"><span class='ocrx_word' id='word_1_748' title='bbox 2144 4355 2443 4425; x_wconf 85' lang='lat' dir='ltr'><strong>Asteriique</strong></span> <span class='ocrx_word' id='word_1_749' title='bbox 2475 4356 2551 4408; x_wconf 88' lang='lat' dir='ltr'><strong>tui</strong></span> <span class='ocrx_word' id='word_1_750' title='bbox 2575 4371 2774 4423; x_wconf 89' lang='lat' dir='ltr'><strong>semper</strong></span> <span class='ocrx_word' id='word_1_751' title='bbox 2799 4355 3099 4408; x_wconf 89' lang='lat' dir='ltr'><strong>meminisse</strong></span> <span class='ocrx_word' id='word_1_752' title='bbox 3118 4354 3324 4424; x_wconf 84' lang='lat' dir='ltr'><strong>jubeto,</strong></span> 
     </span>
    </p>
   </div>
   <div class='ocr_carea' id='block_1_105' title="bbox 2219 4444 3346 4514">
    <p class='ocr_par' dir='ltr' id='par_1_105' title="bbox 2219 4444 3346 4514">
     <span class='ocr_line' id='line_1_105' title="bbox 2219 4444 3346 4514; baseline -0.001 -15"><span class='ocrx_word' id='word_1_753' title='bbox 2219 4445 2385 4514; x_wconf 89' lang='lat' dir='ltr'><strong>Cujus</strong></span> <span class='ocrx_word' id='word_1_754' title='bbox 2422 4461 2517 4514; x_wconf 89' lang='lat' dir='ltr'><strong>ope</strong></span> <span class='ocrx_word' id='word_1_755' title='bbox 2537 4455 2584 4498; x_wconf 90' lang='lat' dir='ltr'><strong>et</strong></span> <span class='ocrx_word' id='word_1_756' title='bbox 2630 4461 2761 4500; x_wconf 81' lang='lat' dir='ltr'><strong>cura</strong></span> <span class='ocrx_word' id='word_1_757' title='bbox 2787 4445 2931 4498; x_wconf 87' lang='lat' dir='ltr'><strong>edita</strong></span> <span class='ocrx_word' id='word_1_758' title='bbox 2965 4454 3091 4498; x_wconf 87' lang='lat' dir='ltr'><strong>sunt</strong></span> <span class='ocrx_word' id='word_1_759' title='bbox 3116 4444 3346 4514; x_wconf 87' lang='lat' dir='ltr'><strong>populis.</strong></span> 
     </span>
    </p>
   </div>
   <div class='ocr_carea' id='block_1_106' title="bbox 2147 4534 3657 4605">
    <p class='ocr_par' dir='ltr' id='par_1_106' title="bbox 2147 4534 3657 4605">
     <span class='ocr_line' id='line_1_106' title="bbox 2147 4534 3657 4605; baseline 0 -15"><span class='ocrx_word' id='word_1_760' title='bbox 2147 4535 2316 4602; x_wconf 84' lang='lat' dir='ltr'><strong>Quem</strong></span> <span class='ocrx_word' id='word_1_761' title='bbox 2344 4536 2583 4605; x_wconf 86' lang='lat' dir='ltr'><strong>quamvis</strong></span> <span class='ocrx_word' id='word_1_762' title='bbox 2615 4536 2804 4587; x_wconf 87' lang='lat' dir='ltr'><strong>summi</strong></span> <span class='ocrx_word' id='word_1_763' title='bbox 2838 4535 3092 4591; x_wconf 84' lang='lat' dir='ltr'><strong>celebrent</strong></span> <span class='ocrx_word' id='word_1_764' title='bbox 3120 4551 3214 4603; x_wconf 86' lang='lat' dir='ltr'><strong>per</strong></span> <span class='ocrx_word' id='word_1_765' title='bbox 3239 4535 3439 4589; x_wconf 64' lang='lat' dir='ltr'><strong>sarcula</strong></span> <span class='ocrx_word' id='word_1_766' title='bbox 3477 4534 3657 4604; x_wconf 78' lang='lat' dir='ltr'><strong>fasti,</strong></span> 
     </span>
    </p>
   </div>
   <div class='ocr_carea' id='block_1_107' title="bbox 2216 4625 3540 4696">
    <p class='ocr_par' dir='ltr' id='par_1_107' title="bbox 2216 4625 3540 4696">
     <span class='ocr_line' id='line_1_107' title="bbox 2216 4625 3540 4696; baseline 0 -15"><span class='ocrx_word' id='word_1_767' title='bbox 2216 4627 2347 4682; x_wconf 86' lang='lat' dir='ltr'><strong>Plus</strong></span> <span class='ocrx_word' id='word_1_768' title='bbox 2373 4638 2547 4681; x_wconf 87' lang='lat' dir='ltr'><strong>tamen</strong></span> <span class='ocrx_word' id='word_1_769' title='bbox 2571 4625 2640 4678; x_wconf 85' lang='lat' dir='ltr'><strong>ad</strong></span> <span class='ocrx_word' id='word_1_770' title='bbox 2667 4628 2913 4680; x_wconf 85' lang='lat' dir='ltr'><strong>meritum</strong></span> <span class='ocrx_word' id='word_1_771' title='bbox 2937 4636 3038 4692; x_wconf 88' lang='lat' dir='ltr'><strong>est,</strong></span> <span class='ocrx_word' id='word_1_772' title='bbox 3077 4628 3124 4680; x_wconf 92' lang='lat' dir='ltr'><strong>si</strong></span> <span class='ocrx_word' id='word_1_773' title='bbox 3149 4628 3284 4696; x_wconf 87' lang='lat' dir='ltr'><strong>viget</strong></span> <span class='ocrx_word' id='word_1_774' title='bbox 3307 4642 3396 4680; x_wconf 91' lang='lat' dir='ltr'><strong>ore</strong></span> <span class='ocrx_word' id='word_1_775' title='bbox 3427 4636 3540 4681; x_wconf 87' lang='lat' dir='ltr'><strong>tuo.</strong></span> 
     </span>
    </p>
   </div>
   <div class='ocr_carea' id='block_1_108' title="bbox 2143 4717 3652 4790">
    <p class='ocr_par' dir='ltr' id='par_1_108' title="bbox 2143 4717 3652 4790">
     <span class='ocr_line' id='line_1_108' title="bbox 2143 4717 3652 4790; baseline -0.001 -16"><span class='ocrx_word' id='word_1_776' title='bbox 2143 4719 2282 4774; x_wconf 88' lang='lat' dir='ltr'><strong>Cum</strong></span> <span class='ocrx_word' id='word_1_777' title='bbox 2311 4719 2474 4790; x_wconf 88' lang='lat' dir='ltr'><strong>igitur</strong></span> <span class='ocrx_word' id='word_1_778' title='bbox 2511 4717 2760 4774; x_wconf 87' lang='lat' dir='ltr'><strong>Asterius</strong></span> <span class='ocrx_word' id='word_1_779' title='bbox 2807 4718 3006 4776; x_wconf 88' lang='lat' dir='ltr'><strong>consul</strong></span> <span class='ocrx_word' id='word_1_780' title='bbox 3029 4717 3258 4783; x_wconf 86' lang='lat' dir='ltr'><strong>fuisset,</strong></span> <span class='ocrx_word' id='word_1_781' title='bbox 3291 4732 3417 4771; x_wconf 92' lang='lat' dir='ltr'><strong>cum</strong></span> <span class='ocrx_word' id='word_1_782' title='bbox 3445 4732 3652 4772; x_wconf 89' lang='lat' dir='ltr'><strong>nomen</strong></span> 
     </span>
    </p>
   </div>
   <div class='ocr_carea' id='block_1_109' title="bbox 2074 4806 3656 4879">
    <p class='ocr_par' dir='ltr' id='par_1_109' title="bbox 2074 4806 3656 4879">
     <span class='ocr_line' id='line_1_109' title="bbox 2074 4806 3656 4879; baseline -0.001 -15"><span class='ocrx_word' id='word_1_783' title='bbox 2074 4809 2195 4879; x_wconf 86' lang='lat' dir='ltr'><strong>ejus</strong></span> <span class='ocrx_word' id='word_1_784' title='bbox 2227 4809 2282 4862; x_wconf 86' lang='lat' dir='ltr'><strong>in</strong></span> <span class='ocrx_word' id='word_1_785' title='bbox 2317 4806 2496 4862; x_wconf 88' lang='lat' dir='ltr'><strong>Fastis</strong></span> <span class='ocrx_word' id='word_1_786' title='bbox 2519 4817 2705 4872; x_wconf 81' lang='lat' dir='ltr'><strong>esset,</strong></span> <span class='ocrx_word' id='word_1_787' title='bbox 2737 4816 2866 4861; x_wconf 90' lang='lat' dir='ltr'><strong>tunc</strong></span> <span class='ocrx_word' id='word_1_788' title='bbox 2897 4807 3132 4877; x_wconf 91' lang='lat' dir='ltr'><strong>primum</strong></span> <span class='ocrx_word' id='word_1_789' title='bbox 3170 4807 3340 4861; x_wconf 89' lang='lat' dir='ltr'><strong>edidit</strong></span> <span class='ocrx_word' id='word_1_790' title='bbox 3382 4806 3656 4862; x_wconf 84' lang='lat' dir='ltr'><strong>Paschale</strong></span> 
     </span>
    </p>
   </div>
   <div class='ocr_carea' id='block_1_110' title="bbox 2075 4899 3656 4972">
    <p class='ocr_par' dir='ltr' id='par_1_110' title="bbox 2075 4899 3656 4972">
     <span class='ocr_line' id='line_1_110' title="bbox 2075 4899 3656 4972; baseline 0.001 -16"><span class='ocrx_word' id='word_1_791' title='bbox 2075 4917 2213 4972; x_wconf 80' lang='lat' dir='ltr'><strong>Opus</strong></span> <span class='ocrx_word' id='word_1_792' title='bbox 2229 4901 2468 4966; x_wconf 90' lang='lat' dir='ltr'><strong>Sedulii;</strong></span> <span class='ocrx_word' id='word_1_793' title='bbox 2486 4915 2593 4954; x_wconf 88' lang='lat' dir='ltr'><strong>non</strong></span> <span class='ocrx_word' id='word_1_794' title='bbox 2616 4900 2793 4970; x_wconf 87' lang='lat' dir='ltr'><strong>potuit</strong></span> <span class='ocrx_word' id='word_1_795' title='bbox 2807 4899 2972 4970; x_wconf 85' lang='lat' dir='ltr'><strong>igitur</strong></span> <span class='ocrx_word' id='word_1_796' title='bbox 2987 4917 3016 4956; x_wconf 88' lang='lat' dir='ltr'><strong>a</strong></span> <span class='ocrx_word' id='word_1_797' title='bbox 3032 4900 3251 4956; x_wconf 87' lang='lat' dir='ltr'><strong>Gelasio</strong></span> <span class='ocrx_word' id='word_1_798' title='bbox 3275 4915 3422 4955; x_wconf 89' lang='lat' dir='ltr'><strong>anno</strong></span> <span class='ocrx_word' id='word_1_799' title='bbox 3443 4899 3656 4962; x_wconf 82' lang='lat' dir='ltr'><strong>Christi</strong></span> 
     </span>
    </p>
   </div>
   <div class='ocr_carea' id='block_1_111' title="bbox 2073 4991 3646 5062">
    <p class='ocr_par' dir='ltr' id='par_1_111' title="bbox 2073 4991 3646 5062">
     <span class='ocr_line' id='line_1_111' title="bbox 2073 4991 3646 5062; baseline 0.001 -16"><span class='ocrx_word' id='word_1_800' title='bbox 2073 4993 2201 5057; x_wconf 72' lang='grc'><strong>494,</strong></span> <span class='ocrx_word' id='word_1_801' title='bbox 2231 4991 2447 5046; x_wconf 85' lang='lat' dir='ltr'><strong>Asterie</strong></span> <span class='ocrx_word' id='word_1_802' title='bbox 2480 4999 2536 5046; x_wconf 87' lang='lat' dir='ltr'><strong>et</strong></span> <span class='ocrx_word' id='word_1_803' title='bbox 2556 4991 2820 5048; x_wconf 61' lang='lat' dir='ltr'><strong>Praesidio</strong></span> <span class='ocrx_word' id='word_1_804' title='bbox 2850 5008 2994 5047; x_wconf 90' lang='lat' dir='ltr'><strong>coss.</strong></span> <span class='ocrx_word' id='word_1_805' title='bbox 3029 5003 3316 5062; x_wconf 90' lang='lat' dir='ltr'><strong>tantopere</strong></span> <span class='ocrx_word' id='word_1_806' title='bbox 3348 4993 3646 5048; x_wconf 89' lang='lat' dir='ltr'><strong>celebrari.</strong></span> 
     </span>
    </p>
   </div>
   <div class='ocr_carea' id='block_1_112' title="bbox 2075 5081 3656 5156">
    <p class='ocr_par' dir='ltr' id='par_1_112' title="bbox 2075 5081 3656 5156">
     <span class='ocr_line' id='line_1_112' title="bbox 2075 5081 3656 5156; baseline 0.003 -21"><span class='ocrx_word' id='word_1_807' title='bbox 2075 5081 2224 5138; x_wconf 82' lang='lat' dir='ltr'><strong>Vidit</strong></span> <span class='ocrx_word' id='word_1_808' title='bbox 2251 5086 2364 5138; x_wconf 49' lang='lat' dir='ltr'><strong>haec</strong></span> <span class='ocrx_word' id='word_1_809' title='bbox 2379 5085 2732 5140; x_wconf 88' lang='lat' dir='ltr'><strong>acutissimus</strong></span> <span class='ocrx_word' id='word_1_810' title='bbox 2759 5084 3036 5149; x_wconf 85' lang='lat' dir='ltr'><strong>Usserius,</strong></span> <span class='ocrx_word' id='word_1_811' title='bbox 3062 5094 3115 5140; x_wconf 89' lang='lat' dir='ltr'><strong>et</strong></span> <span class='ocrx_word' id='word_1_812' title='bbox 3142 5085 3360 5142; x_wconf 91' lang='lat' dir='ltr'><strong>Binium</strong></span> <span class='ocrx_word' id='word_1_813' title='bbox 3383 5087 3656 5156; x_wconf 84' lang='lat' dir='ltr'><strong>perstrin-</strong></span> 
     </span>
    </p>
   </div>
   <div class='ocr_carea' id='block_1_113' title="bbox 2075 5177 3650 5253">
    <p class='ocr_par' dir='ltr' id='par_1_113' title="bbox 2075 5177 3650 5253">
     <span class='ocr_line' id='line_1_113' title="bbox 2075 5177 3650 5253; baseline 0.005 -21"><span class='ocrx_word' id='word_1_814' title='bbox 2075 5195 2208 5249; x_wconf 88' lang='lat' dir='ltr'><strong>gens</strong></span> <span class='ocrx_word' id='word_1_815' title='bbox 2260 5179 2408 5248; x_wconf 90' lang='lat' dir='ltr'><strong>quod</strong></span> <span class='ocrx_word' id='word_1_816' title='bbox 2458 5177 2761 5234; x_wconf 85' lang='lat' dir='ltr'><strong>Romanam</strong></span> <span class='ocrx_word' id='word_1_817' title='bbox 2807 5194 2912 5232; x_wconf 65' lang='grc' dir='ltr'>ιη</span> <span class='ocrx_word' id='word_1_818' title='bbox 2955 5180 3341 5248; x_wconf 86' lang='lat' dir='ltr'><strong>episcoporum</strong></span> <span class='ocrx_word' id='word_1_819' title='bbox 3377 5183 3650 5253; x_wconf 85' lang='lat' dir='ltr'><strong>synodum</strong></span> 
     </span>
    </p>
   </div>
   <div class='ocr_carea' id='block_1_114' title="bbox 2074 5271 3652 5340">
    <p class='ocr_par' dir='ltr' id='par_1_114' title="bbox 2074 5271 3652 5340">
     <span class='ocr_line' id='line_1_114' title="bbox 2074 5271 3652 5340; baseline 0.003 -15"><span class='ocrx_word' id='word_1_820' title='bbox 2074 5271 2142 5326; x_wconf 92' lang='lat' dir='ltr'><strong>ad</strong></span> <span class='ocrx_word' id='word_1_821' title='bbox 2191 5287 2320 5326; x_wconf 89' lang='lat' dir='ltr'><strong>eum</strong></span> <span class='ocrx_word' id='word_1_822' title='bbox 2369 5286 2571 5325; x_wconf 89' lang='lat' dir='ltr'><strong>annum</strong></span> <span class='ocrx_word' id='word_1_823' title='bbox 2605 5272 2814 5340; x_wconf 90' lang='lat' dir='ltr'><strong>absque</strong></span> <span class='ocrx_word' id='word_1_824' title='bbox 2855 5271 2967 5325; x_wconf 90' lang='lat' dir='ltr'><strong>ullo</strong></span> <span class='ocrx_word' id='word_1_825' title='bbox 2995 5280 3238 5326; x_wconf 88' lang='lat' dir='ltr'><strong>veterum</strong></span> <span class='ocrx_word' id='word_1_826' title='bbox 3272 5273 3359 5327; x_wconf 88' lang='lat' dir='ltr'><strong>vel</strong></span> <span class='ocrx_word' id='word_1_827' title='bbox 3397 5275 3652 5330; x_wconf 84' lang='lat' dir='ltr'><strong>codicum</strong></span> 
     </span>
    </p>
   </div>
   <div class='ocr_carea' id='block_1_115' title="bbox 2075 5365 3656 5435">
    <p class='ocr_par' dir='ltr' id='par_1_115' title="bbox 2075 5365 3656 5435">
     <span class='ocr_line' id='line_1_115' title="bbox 2075 5365 3656 5435; baseline 0.003 -17"><span class='ocrx_word' id='word_1_828' title='bbox 2075 5365 2158 5419; x_wconf 87' lang='lat' dir='ltr'><strong>vel</strong></span> <span class='ocrx_word' id='word_1_829' title='bbox 2212 5373 2499 5418; x_wconf 90' lang='lat' dir='ltr'><strong>auctorum</strong></span> <span class='ocrx_word' id='word_1_830' title='bbox 2533 5365 2848 5419; x_wconf 88' lang='lat' dir='ltr'><strong>testimonio</strong></span> <span class='ocrx_word' id='word_1_831' title='bbox 2902 5365 3218 5432; x_wconf 68' lang='lat' dir='ltr'><strong>retulisset,</strong></span> <span class='ocrx_word' id='word_1_832' title='bbox 3253 5366 3372 5435; x_wconf 91' lang='lat' dir='ltr'><strong>ipse</strong></span> <span class='ocrx_word' id='word_1_833' title='bbox 3403 5367 3468 5420; x_wconf 91' lang='lat' dir='ltr'><strong>ad</strong></span> <span class='ocrx_word' id='word_1_834' title='bbox 3498 5368 3656 5422; x_wconf 80' lang='lat' dir='ltr'><strong>bien-</strong></span> 
     </span>
    </p>
   </div>
   <div class='ocr_carea' id='block_1_116' title="bbox 2076 5458 3653 5529">
    <p class='ocr_par' dir='ltr' id='par_1_116' title="bbox 2076 5458 3653 5529">
     <span class='ocr_line' id='line_1_116' title="bbox 2076 5458 3653 5529; baseline 0.002 -16"><span class='ocrx_word' id='word_1_835' title='bbox 2076 5459 2227 5514; x_wconf 88' lang='lat' dir='ltr'><strong>nium</strong></span> <span class='ocrx_word' id='word_1_836' title='bbox 2262 5458 2611 5527; x_wconf 83' lang='lat' dir='ltr'><strong>pontiﬁcatus</strong></span> <span class='ocrx_word' id='word_1_837' title='bbox 2637 5458 2910 5512; x_wconf 88' lang='lat' dir='ltr'><strong>Gelasiani</strong></span> <span class='ocrx_word' id='word_1_838' title='bbox 2936 5459 3117 5512; x_wconf 86' lang='lat' dir='ltr'><strong>adhuc</strong></span> <span class='ocrx_word' id='word_1_839' title='bbox 3143 5459 3418 5529; x_wconf 90' lang='lat' dir='ltr'><strong>reliquum</strong></span> <span class='ocrx_word' id='word_1_840' title='bbox 3452 5460 3653 5516; x_wconf 85' lang='lat' dir='ltr'><strong>confu-</strong></span> 
     </span>
    </p>
   </div>
   <div class='ocr_carea' id='block_1_117' title="bbox 2077 5549 3659 5622">
    <p class='ocr_par' dir='ltr' id='par_1_117' title="bbox 2077 5549 3659 5622">
     <span class='ocr_line' id='line_1_117' title="bbox 2077 5549 3659 5622; baseline 0.003 -19"><span class='ocrx_word' id='word_1_841' title='bbox 2077 5551 2172 5620; x_wconf 85' lang='lat' dir='ltr'><strong>git.</strong></span> <span class='ocrx_word' id='word_1_842' title='bbox 2199 5549 2354 5616; x_wconf 90' lang='lat' dir='ltr'><strong>Cum,</strong></span> <span class='ocrx_word' id='word_1_843' title='bbox 2388 5550 2584 5619; x_wconf 91' lang='lat' dir='ltr'><strong>inquit,</strong></span> <span class='ocrx_word' id='word_1_844' title='bbox 2613 5561 2728 5618; x_wconf 89' lang='lat' dir='ltr'><strong>post</strong></span> <span class='ocrx_word' id='word_1_845' title='bbox 2754 5549 3020 5604; x_wconf 78' lang='lat' dir='ltr'><strong>biennium</strong></span> <span class='ocrx_word' id='word_1_846' title='bbox 3042 5567 3068 5602; x_wconf 88' lang='lat' dir='ltr'><strong>e</strong></span> <span class='ocrx_word' id='word_1_847' title='bbox 3091 5551 3200 5604; x_wconf 89' lang='lat' dir='ltr'><strong>vita</strong></span> <span class='ocrx_word' id='word_1_848' title='bbox 3230 5553 3512 5606; x_wconf 72' lang='lat' dir='ltr'><strong>excesserit</strong></span> <span class='ocrx_word' id='word_1_849' title='bbox 3530 5570 3659 5622; x_wconf 90' lang='lat' dir='ltr'><strong>pon-</strong></span> 
     </span>
    </p>
   </div>
   <div class='ocr_carea' id='block_1_118' title="bbox 2081 5640 3656 5714">
    <p class='ocr_par' dir='ltr' id='par_1_118' title="bbox 2081 5640 3656 5714">
     <span class='ocr_line' id='line_1_118' title="bbox 2081 5640 3656 5714; baseline 0.003 -20"><span class='ocrx_word' id='word_1_850' title='bbox 2081 5643 2211 5711; x_wconf 70' lang='lat' dir='ltr'><strong>tifex</strong></span> <span class='ocrx_word' id='word_1_851' title='bbox 2239 5640 2502 5706; x_wconf 84' lang='lat' dir='ltr'><strong>Gelasius,</strong></span> <span class='ocrx_word' id='word_1_852' title='bbox 2553 5643 2698 5695; x_wconf 82' lang='lat' dir='ltr'><strong>intra</strong></span> <span class='ocrx_word' id='word_1_853' title='bbox 2737 5641 2873 5695; x_wconf 84' lang='lat' dir='ltr'><strong>illud</strong></span> <span class='ocrx_word' id='word_1_854' title='bbox 2905 5644 3151 5711; x_wconf 87' lang='lat' dir='ltr'><strong>temporis</strong></span> <span class='ocrx_word' id='word_1_855' title='bbox 3193 5644 3428 5712; x_wconf 88' lang='lat' dir='ltr'><strong>spatium</strong></span> <span class='ocrx_word' id='word_1_856' title='bbox 3457 5656 3656 5714; x_wconf 84' lang='lat' dir='ltr'><strong>putau-</strong></span> 
     </span>
    </p>
   </div>
   <div class='ocr_carea' id='block_1_119' title="bbox 2081 5734 3654 5806">
    <p class='ocr_par' dir='ltr' id='par_1_119' title="bbox 2081 5734 3654 5806">
     <span class='ocr_line' id='line_1_119' title="bbox 2081 5734 3654 5806; baseline 0.003 -16"><span class='ocrx_word' id='word_1_857' title='bbox 2081 5737 2203 5790; x_wconf 86' lang='lat' dir='ltr'><strong>dum</strong></span> <span class='ocrx_word' id='word_1_858' title='bbox 2238 5745 2312 5789; x_wconf 85' lang='lat' dir='ltr'><strong>est</strong></span> <span class='ocrx_word' id='word_1_859' title='bbox 2347 5747 2393 5790; x_wconf 85' lang='lat' dir='ltr'><strong>et</strong></span> <span class='ocrx_word' id='word_1_860' title='bbox 2437 5734 2641 5790; x_wconf 79' lang='lat' dir='ltr'><strong>Sedulii</strong></span> <span class='ocrx_word' id='word_1_861' title='bbox 2673 5751 2835 5806; x_wconf 87' lang='lat' dir='ltr'><strong>nuper</strong></span> <span class='ocrx_word' id='word_1_862' title='bbox 2868 5736 3101 5805; x_wconf 77' lang='lat' dir='ltr'><strong>defuncti</strong></span> <span class='ocrx_word' id='word_1_863' title='bbox 3133 5734 3396 5792; x_wconf 77' lang='lat' dir='ltr'><strong>Paschalc</strong></span> <span class='ocrx_word' id='word_1_864' title='bbox 3438 5754 3654 5794; x_wconf 77' lang='lat' dir='ltr'><strong>carmen</strong></span> 
     </span>
    </p>
   </div>
  </div>
