3864 6204
225 249 335 302 ΗἺ

1014 257 1064 311 J.
1108 227 1472 314 PEABSONH
1509 257 1832 314 VINDICUE
1873 257 2293 314 lGNATlKN/E.
2333 289 2402 302 —
2436 257 2618 315 PARS
2658 259 2699 313 ι.

3404 261 3509 318 118

223 379 299 424 ab
325 375 541 429 Asteria
582 378 900 432 recensitum
921 388 1076 450 atque
1099 371 1412 436 Macedonio
1441 382 1613 435 adhuc
1644 398 1827 450 super-
1857 396 1907 454 Α
1931 380 2088 435 cibus
2109 380 2433 452 simpliciter
2468 379 2678 450 legatur
2706 399 2719 435 :
2750 377 2877 434 Post
2902 381 3235 451 propheticus
3267 390 3317 436 et
3351 397 3512 437 eratt-

222 466 353 518 stiti
382 467 568 520 denuo'
588 468 860 532 oblatum,
893 480 947 524 et
982 471 1282 527 Romanum
1320 473 1456 527 illud
1486 491 1592 528 ιιι
1620 475 1822 543 episco-

223 575 428 624 porum
463 560 559 613 sub
593 559 805 616 Gelasio
824 563 1064 618 habitum
1088 565 1254 633 fuisse
1273 567 1581 630 concilium,
1604 567 1696 638 qui
1724 583 1824 620 nu-

223 653 464 717 perrime
512 653 787 724 divulgato
843 656 988 724 operi
1018 657 1338 726 praclarum
1378 658 1635 712 dederunt
1677 659 1824 711 testi;

223 745 499 809 monium.
535 745 600 800 Et
631 755 778 802 certe
809 746 884 801 ita
905 747 1200 815 putandum
1222 758 1398 818 esset,
1428 750 1475 804 si
1514 757 1665 804 certo
1689 764 1824 805 con-

227 841 417 889 staret
457 850 486 889 a
520 833 739 890 Gelasio
771 844 828 890 et
859 837 1071 907 synodo
1105 838 1227 908 ejus
1260 840 1366 894 hoc
1400 841 1676 894 decretum
1703 839 1812 895 edi-

227 934 351 981 tum
399 925 610 993 fuisse;
660 934 718 982 at
767 927 873 983 hoc
921 944 1033 984 non
1070 931 1247 1001 magis
1294 932 1612 1000 posteriori,
1654 948 1820 1002 quam

227 1016 414 1090 priori
461 1019 684 1075 biennio
716 1022 1007 1091 competit;
1042 1038 1170 1076 nam
1206 1038 1357 1089 ecce,
1389 1039 1535 1080 anno
1570 1026 1822 1095 proximo

230 1111 354 1164 sive
395 1111 561 1181 hujus
583 1111 792 1167 biennii
823 1113 1004 1183 primo
1023 1157 1039 1181 ,
1064 1115 1169 1170 sub
1198 1113 1426 1171 Viatore
1463 1117 1688 1172 consule
1714 1117 1820 1174 alia

227 1201 482 1270 synodus
516 1217 548 1257 a
575 1201 794 1258 Gelasio
828 1203 1018 1260 Romae
1055 1214 1388 1277 congregata
1417 1219 1503 1264 est
1535 1208 1822 1278 episcopo-

225 1306 357 1345 rum
395 1307 505 1347 non
541 1307 646 1346 tu
679 1294 896 1364 quidem
923 1335 939 1361 ,
980 1296 1075 1351 sed
1122 1311 1209 1351 ιν.
1245 1295 1419 1367 Hujus
1457 1299 1650 1370 synodi
1685 1299 1820 1355 Acta

225 1391 492 1448 exstant;
523 1398 624 1437 nec
654 1384 710 1437 in
743 1384 812 1440 iis
836 1385 1006 1440 ullum
1036 1386 1268 1456 hujusce
1291 1387 1493 1442 decreti
1528 1389 1817 1460 vestigium

225 1483 481 1543 apparet.
533 1474 826 1532 Postremo
879 1476 1082 1534 Gelasii
1132 1491 1280 1534 anno
1333 1481 1578 1549 synodus
1630 1481 1815 1546 nulla,

226 1575 504 1636 quantum
537 1569 796 1624 novimus
819 1608 836 1635 ,
870 1578 1061 1625 coacta
1087 1579 1171 1626 est
1196 1589 1211 1638 ;
1240 1579 1302 1625 ut
1336 1587 1366 1625 a
1402 1571 1610 1643 synodo
1635 1572 1818 1642 aliqua

227 1657 526 1714 Gelasiana
559 1659 767 1714 editum
798 1659 970 1716 fuisse
1001 1661 1110 1717 hoc
1137 1661 1415 1717 decretum
1442 1663 1605 1733 plane
1641 1663 1818 1718 incre-

1926 472 2128 542 gelicas
2178 482 2334 543 atque
2386 471 2708 542 apostolicus
2757 471 3091 542 Scripturas.
3122 470 3300 528 Verba
3342 474 3508 544 igitur

1925 564 2040 632 illa,
2060 564 2155 620 has
2171 581 2371 630 omnes,
2396 574 2485 632 et,
2517 580 2650 634 quas
2673 566 2916 634 superius
2934 565 3379 634 deprompsimus,
3410 580 3508 635 pa-

1922 654 2033 710 lam
2064 657 2273 712 inserta
2307 664 2467 724 sunt,
2493 664 2554 712 ut
2584 657 2826 710 ordinem
2857 671 2985 712 cum
3021 656 3247 712 decreto
3273 657 3508 727 conjun-

1924 757 2132 818 gerent.
2182 747 2339 815 Quod
2385 758 2440 804 et
2485 756 2674 818 postea
2715 763 2911 804 rursus
2964 746 3171 802 factum
3216 757 3340 803 est:
3377 763 3506 803 nam

1930 856 2030 910 pro
2060 841 2190 907 illis,
2227 840 2545 912 regulariter
2566 841 2914 909 suscepimus,
2948 841 3266 904 substituit,
3291 847 3508 911 regula-

1924 936 2057 990 riter
2082 936 2324 1005 superius
2346 934 2786 989 enumeravimus.
2824 932 2936 990 Nec
2972 935 3138 1005 igitur
3168 934 3224 989 in
3256 932 3466 1005 synodo
3488 973 3504 999 ,

1923 1043 2026 1082 nec
2055 1043 2300 1099 unquam
2320 1026 2599 1083 Gelasium
2624 1041 2819 1096 papam
2838 1026 2943 1082 hoc
2964 1027 3245 1082 decretum
3264 1024 3505 1082 edidisse

1923 1120 2224 1175 verisimile
2247 1129 2350 1175 est.
2431 1134 2436 1138 ‘

1993 1211 2130 1268 Nam
2154 1213 2333 1284 primo
2360 1221 2552 1269 auctor
2567 1213 2772 1269 decreti
2796 1213 2939 1268 male
2961 1211 3029 1266 de
3046 1211 3283 1268 Eusebio
3306 1211 3500 1276 sensit,

1921 1305 2068 1360 unde
2089 1304 2181 1359 illa
2217 1323 2230 1359 :
2267 1303 2520 1360 Historia
2572 1303 2793 1359 Eusebii
2845 1302 3116 1374 Pamphili
3161 1303 3500 1373 apocrypha;

1921 1397 2162 1453 ostendit
2190 1403 2372 1452 autem
2401 1405 2456 1452 et
2480 1396 2616 1467 ipse,
2648 1411 2822 1468 quare
2846 1395 3217 1466 apocrypham
3249 1395 3502 1450 nomina-

1921 1489 2018 1555 vit,
2052 1504 2246 1559 nempe
2271 1491 2399 1560 quia
2437 1490 2492 1543 in
2535 1491 2706 1559 primo
2745 1488 3074 1542 narrationis
3109 1504 3221 1542 sua:
3261 1487 3398 1542 libro
3422 1498 3500 1542 te-

1919 1581 2055 1651 puit,
2081 1581 2133 1635 id
2163 1582 2413 1636 estimate
2435 1581 2503 1636 de
2541 1591 2734 1636 natura
2773 1579 2978 1636 Christi
3010 1579 3270 1650 scripsit:
3307 1594 3501 1634 nume-

1921 1673 2064 1727 ravit
2091 1673 2276 1743 itaque
2307 1672 2605 1728 Eusebium
2641 1674 2784 1727 inter
2806 1671 3065 1727 Arianos.
3090 1671 3161 1726 At
3199 1686 3364 1726 verus
3387 1669 3497 1727 Ge-

226 1750 404 1806 dibile
435 1753 530 1807 sit.
567 1749 830 1808 Nicolaus
880 1753 1102 1824 quidem
1148 1753 1216 1810 de
1237 1753 1383 1809 Cusa
1423 1753 1498 1810 De
1533 1755 1818 1809 concordia
1852 1744 1892 1802 Β
1921 1763 2092 1818 lasius
2113 1764 2273 1818 aliter
2299 1763 2367 1818 de
2395 1762 2634 1818 Eusebio
2654 1763 2826 1817 sensit
2848 1781 2862 1825 ;
2888 1763 3066 1832 ipsum
3101 1761 3156 1816 in
3186 1760 3491 1817 catholico-

225 1845 522 1910 catltolica,
548 1847 643 1901 lib.
671 1863 736 1914 tt,
767 1862 818 1902 c.
845 1847 933 1914 11,
962 1847 1078 1901 haec
1118 1861 1182 1901 ex
1226 1847 1463 1902 concilio
1511 1846 1774 1902 Toletano
1797 1891 1812 1915 ,

225 1949 481 2010 tempore
513 1940 820 2012 Sysevandi
854 1941 996 2012 regis
1027 1941 1321 2008 celebrato,
1350 1957 1451 2010 cap
1506 1943 1596 2006 17,
1636 1943 1767 1997 citat
1797 1961 1810 1996 :

223 2031 823 2103 Apocalypsis'librum
866 2032 1158 2087 multorum
1203 2033 1550 2087 conciliorum
1588 2035 1817 2088 auctori-

225 2135 336 2190 tas,
374 2133 426 2178 et
451 2124 707 2194 synodica
739 2122 844 2180 SS.
875 2123 1237 2178 Romanorum
1274 2124 1563 2195 prwsulum
1607 2132 1815 2181 decreta

221 2216 458 2271 Joannis
498 2216 837 2286 evangelista
899 2232 1010 2270 esse
1047 2215 1351 2271 describunt
1381 2259 1396 2284 ,
1432 2227 1480 2272 et
1515 2218 1652 2272 inter
1686 2219 1817 2273 divi-

225 2327 322 2363 nos
355 2309 525 2362 libros
553 2309 976 2363 constituendum
999 2309 1424 2382 decrevergtnt,et
1440 2310 1567 2366 inde
1582 2311 1810 2383 colligit,

227 2401 688 2471 approbationem
741 2401 1035 2470 librorum,
1081 2417 1203 2472 quae
1228 2401 1448 2458 Gelasio
1471 2419 1624 2474 papae
1643 2404 1814 2460 ascri—

228 2491 402 2556 bitur,
457 2489 629 2545 fuisse
682 2490 1025 2561 synodicam.
1068 2491 1176 2546 Sed
1209 2491 1316 2547 hoc
1352 2492 1398 2547 si
1442 2493 1662 2549 aliunde
1701 2509 1811 2549 non

230 2591 470 2648 constet,
525 2590 672 2637 certe
730 2583 863 2637 hinc
915 2592 1172 2638 constare
1222 2599 1331 2638 non
1366 2594 1566 2654 potest.
1611 2585 1812 2642 Gelasii

230 2675 380 2728 enim
406 2689 519 2728 non
553 2670 914 2740 meminit,'et
935 2674 1027 2728 alii
1057 2675 1343 2744 pontiﬁces
1377 2675 1612 2731 Romani
1641 2691 1814 2732 cano-

231 2783 356 2821 nem
389 2767 697 2844 ediderant,
726 2781 839 2836 quo
854 2766 994 2821 liber
1020 2766 1427 2838 Apocalypseos
1443 2768 1810 2838 reciperetur:

228 2870 283 2914 et
309 2860 596 2915 decretum
627 2860 736 2915 hoc
769 2859 920 2914 illius
957 2860 1174 2915 concilii
1205 2869 1450 2931 tempore
1476 2869 1692 2917 exstare
1716 2877 1814 2932 po—

231 2954 359 3018 tuit,
391 2953 478 3006 vcl
509 2952 614 3007 sub
647 2951 852 3007 Gelasii
885 2953 971 3007 vel
998 2953 1100 3008 sub
1128 2953 1358 3009 alterius
1398 2953 1674 3024 pontiﬁcis
1713 2949 1814 3011 lto-

229 3045 402 3108 mine,
435 3060 564 3098 nam
589 3042 888 3098 concilium
917 3045 1050 3099 illud
1090 3046 1425 3101 celebratum
1448 3056 1535 3104 est
1559 3047 1812 3118 pluribus

228 3151 394 3212 quam
422 3137 527 3190 HO
561 3137 724 3192 annis
753 3145 878 3207 post
905 3146 1137 3194 mortem
1163 3138 1385 3206 Gelasii,
1412 3155 1491 3195 sc.
1525 3154 1582 3196 a.
1608 3139 1676 3196 D.
1709 3141 1816 3197 633

229 3246 343 3284 non
367 3231 501 3298 582,
529 3241 590 3286 ut
624 3233 799 3288 voluit
826 3232 1102 3289 Cosanus.
1147 3231 1247 3287 Illo
1286 3245 1468 3290 autem
1500 3251 1619 3291 aevo
1647 3253 1816 3298 cano-

227 3339 355 3379 nem
391 3324 810 3394 Scripturarum
844 3325 949 3382 sub
972 3325 1197 3380 nomine
1224 3325 1428 3381 Gelasii
1466 3343 1620 3398 papae
1648 3330 1817 3385 exsti;

227 3417 362 3472 tisse
393 3431 504 3471 non
545 3426 631 3470 est
668 3417 990 3473 verisimile.
1041 3415 1299 3474 Nicolaus
1353 3419 1498 3473 enim
1549 3435 1710 3490 papa,
1759 3413 1813 3476 in

226 3509 465 3579 epistola
497 3508 566 3563 ad
595 3509 1043 3580 archiepiscopos
1074 3521 1128 3564 et
1158 3511 1450 3581 episcopos
1486 3527 1584 3582 per
1609 3513 1816 3569 Gallias

225 3599 562 3654 constitutos
588 3640 603 3665 ,
656 3600 886 3654 canonis
931 3597 1235 3655 Innocentii
1285 3608 1498 3654 tantum
1531 3601 1812 3668 meminit,

225 3707 340 3746 non
373 3700 560 3747 autem
587 3691 791 3747 Gelasii
811 3733 826 3758 ,
879 3692 1136 3761 quamvis
1167 3692 1220 3746 in
1249 3692 1439 3747 eadem
1467 3693 1694 3762 epistola
1721 3693 1816 3748 de-

225 3782 362 3835 creti
390 3781 672 3837 Gelasiani
699 3780 1034 3835 meminerit.
1070 3779 1174 3836 Sed
1202 3783 1508 3851 responsuri
1533 3783 1782 3837 sunt-isti
1798 3823 1812 3848 ,

225 3875 431 3944 inquit,
463 3875 555 3944 qui
595 3890 699 3926 non
730 3873 799 3926 ad
841 3873 1187 3927 obediendum
1235 3875 1412 3944 potius
1441 3891 1598 3948 quam
1635 3875 1704 3928 ad
1735 3891 1818 3928 re-

224 3966 530 4020 sistendum
576 3973 699 4018 sunt
730 3965 936 4032 parati,
985 3965 1186 4018 aientes
1213 4006 1226 4032 ,
1261 3965 1400 4035 quod
1424 3965 1562 4019 inter
1589 3982 1813 4021 canones

224 4058 534 4114 inveniatur
567 4057 861 4125 capitulum
897 4055 956 4112 S;
989 4075 1143 4129 papte
1183 4057 1519 4123 Innocentii;
1542 4059 1691 4129 cujus
1720 4077 1816 4114 au-

223 4151 479 4206 ctoritate
526 4151 781 4204 doceatur
811 4167 844 4203 a
891 4150 1040 4204 nobis
1093 4159 1373 4220 utrumque
1421 4150 1815 4206 Testamentum

224 4259 339 4297 esse
378 4242 758 4310 recipiendum,
791 4258 1093 4312 quanquam
1133 4242 1188 4296 ia
1232 4243 1363 4311 ipsis
1393 4244 1630 4312 paternis
1655 4261 1816 4298 cano-

225 4335 382 4388 nibus
432 4333 640 4388 nullum
693 4349 877 4386 eorum
903 4349 969 4387 ea:
1004 4343 1113 4387 toto
1153 4335 1495 4388 contineatur
1530 4336 1811 4390 insertum.

1919 1869 2040 1907 rum
2070 1853 2296 1909 Patrum
2351 1869 2581 1909 numero
2626 1854 2847 1924 posuit;
2882 1853 3030 1908 illius
3075 1852 3387 1908 testimonia
3428 1851 3496 1906 ad

1917 1947 2346 2003 conﬁrmandam
2401 1946 2662 2002 Ecclesia:
2699 1947 2767 2002 de
2812 1946 3028 2000 duabus
3055 1944 3268 1999 naturis
3288 1943 3490 1998 Christi

1916 2037 2221 2092 doctrinam
2265 2037 2507 2092 adhibet.
2538 2038 2744 2092 Auctor
2777 2035 2939 2103 igitur
2962 2035 3167 2090 decreti
3198 2049 3360 2089 verus
3389 2033 3502 2090 Ge-‘

1917 2128 2088 2183 lasius
2121 2142 2246 2182 esse
2295 2142 2404 2181 non
2431 2126 2669 2182 videtur.
2704 2124 2890 2196 Neque
2923 2125 3014 2179 illa
3043 2123 3279 2179 Chiﬂetii
3307 2124 3494 2178 conci-

1913 2221 2067 2275 liatio
2107 2219 2444 2275 admittenda
2487 2230 2591 2286 est,
2639 2219 2786 2290 quod
2833 2215 3086 2272 Historia:
3119 2206 3493 2266 ecclesiastij

1916 2313 2077 2369 libros
2120 2321 2329 2369 tantum
2369 2315 2516 2368 dicat
2552 2314 2606 2367 in
2639 2314 2858 2368 decreto
2891 2327 2994 2364 non
3033 2326 3145 2364 esse
3200 2323 3495 2379 usquequa-

1915 2421 2013 2476 que
2037 2405 2362 2470 renuendos;
2393 2406 2508 2476 ipse
2527 2405 2673 2459 enim
2717 2403 2920 2474 pariter
2938 2417 2995 2456 se
3006 2400 3261 2470 explicat,
3282 2407 3496 2468 propter

1916 2510 2094 2548 rerum
2122 2504 2296 2550 tamen
2322 2494 2678 2564 singularium
2719 2493 3018 2556 scientiam,
3040 2506 3157 2561 qua:
3191 2489 3258 2543 ad
3291 2491 3496 2542 instru—

1916 2587 2142 2640 ctionem
2198 2588 2483 2656 pertinent,
2541 2586 2786 2651 scilicet,
2839 2583 3151 2638 renuendos
3213 2597 3322 2636 non
3373 2596 3496 2636 esse

1916 2693 2344 2750 usquequaque;
2397 2679 2464 2733 ad
2492 2677 2968 2734 conﬁrmationem
3012 2684 3194 2731 autem
3230 2675 3496 2731 doctrina:

1916 2769 2224 2836 catholicae,
2254 2768 2560 2839 praesertim
2591 2767 2657 2822 de
2680 2774 2877 2821 natura
2901 2764 3126 2830 Christi,
3150 2779 3274 2819 cum
3302 2772 3356 2818 et
3379 2762 3496 2831 ipse
3531 2788 3540 2796 ~

1915 2859 2182 2916 erraverit
2213 2861 2268 2916 in
2300 2860 2405 2915 hac
2430 2860 2547 2930 ipsa
2579 2873 2660 2926 re,
2685 2866 2739 2913 et
2759 2856 3049 2928 Origenem
3075 2864 3355 2926 tantopere
3376 2855 3498 2908 tau-

1916 2952 2147 3020 daverit,
2193 2949 2560 3007 adhibendam
2605 2965 2727 3006 esse
2753 2950 3132 3004 auctoritatem
3180 2947 3497 3003 Eusebii-ex

1917 3059 2253 3114 quocunque
2302 3043 2446 3099 libro
2507 3041 2884 3112 depromptam
2942 3055 3226 3110 nunquam
3284 3039 3497 3109 putavit

1919 3149 2112 3192 auctor
2137 3137 2362 3192 decreti.

1987 3229 2252 3284 Praeterea
2285 3229 2340 3282 in
2364 3229 2471 3284 hoc
2494 3227 2714 3284 decreto
2742 3227 2888 3282 hanc
2917 3240 3208 3281 censuram
3239 3225 3493 3296 legimus,

1918 3320 2078 3374 Liber
2099 3319 2190 3390 qui
2229 3319 2534 3389 appellatur
2586 3317 2827 3374 Canones
2864 3317 3227 3388 apostolorum
3268 3332 3481 3387 apocry-

1917 3411 2071 3481 plms,
2100 3426 2266 3481 quam
2287 3410 2508 3466 Gelasio
2540 3425 2692 3480 papae
2715 3409 3059 3464 tribuendam
3103 3408 3328 3463 minime
3372 3422 3493 3464 esse

1917 3504 2088 3559 multa
2122 3505 2376 3558 suadent.
2402 3501 2538 3557 Nam
2564 3502 2858 3574 Dionysius
2882 3500 3150 3572 Exiguus,
3183 3500 3277 3571 qui
3313 3509 3493 3555 tanto-

1917 3611 2046 3668 pere
2068 3595 2346 3652 Gelasium
2377 3595 2681 3651 admiratus
2711 3604 2816 3662 est,
2840 3603 2966 3665 post
2990 3605 3099 3649 tam
3129 3609 3347 3664 gravem
3376 3592 3493 3662 ejus

1917 3701 2239 3752 censuram,
2274 3700 2554 3756 nunquam
2599 3685 2854 3740 Canones
2903 3685 3274 3755 apostolorum
3328 3684 3488 3738 inter~

1916 3777 2142 3850 pretari,
2176 3787 2230 3833 et
2272 3778 2503 3848 reliquis
2537 3777 2853 3834 canonibus
2887 3776 3170 3848 praeﬁgere
3195 3777 3490 3831 voluisset:

1917 3886 2196 3940 nunquam
2231 3870 2286 3925 in
2326 3869 2646 3941 praefatione
2685 3870 2871 3940 operis
2894 3870 3004 3937 sui,
3034 3869 3123 3925 his
3152 3870 3334 3924 verbis
3360 3883 3493 3925 usus

1916 3961 2153 4018 fuisset:
2189 3961 2255 4016 In
2293 3963 2556 4032 principio
2611 3963 2789 4033 itaque
2836 3961 3076 4017 Canones
3101 4002 3116 4026 ,
3171 3963 3264 4033 qui
3305 3961 3490 4016 dicun-

1918 4062 2005 4108 tur
2031 4054 2411 4123 apostolorum,
2440 4056 2502 4110 de
2528 4054 3132 4119 Greecotranstulimus;
3155 4053 3343 4122 quibus
3367 4054 3492 4125 quia

1915 4151 2134 4220 plurimi
2173 4167 2481 4206 consensum
2510 4168 2613 4205 non
2631 4153 2902 4221 prtebuere
2927 4150 3163 4222 facilem,
3192 4151 3289 4204 hoc
3319 4151 3492 4219 ipsum

1916 4252 2144 4298 vestram
2204 4242 2473 4298 noluimus
2521 4245 2766 4314 ignorare
2818 4245 3196 4308 sanctitatem;
3253 4244 3492 4313 quamvis

1915 4344 2098 4406 postea
2137 4334 2383 4404 quaedam
2416 4335 2708 4388 constituta
2749 4336 3058 4404 pontiﬁcum
3090 4351 3155 4390 ea:
3179 4335 3310 4405 ipsis
3333 4350 3481 4388 cano-

224 4426 445 4494 Quibus
473 4426 658 4481 verbis
691 4427 768 4480 uti
795 4436 944 4497 patet
973 4425 1171 4480 canoni
1208 4426 1427 4481 concilii
1473 4427 1766 4483 Laodiceni
1794 4470 1809 4491 ,
1844 4440 1887 4495 ι)
1915 4428 2068 4482 nibus
2113 4435 2388 4496 assumpta
2437 4443 2547 4481 esse
2595 4427 2899 4481 uideantur.
2943 4427 3025 4480 An
3081 4435 3194 4480 tam
3223 4425 3333 4481 leni
3363 4439 3499 4481 cen-

223 4532 285 4578 ut
310 4521 454 4591 apud
481 4521 711 4575 Latinos
740 4521 1064 4586 habebatur,
1085 4521 1256 4576 libros
1288 4521 1344 4576 S.‘
1374 4520 1672 4592 Scriptum
1698 4537 1806 4576 non

224 4612 406 4668 fuisse
438 4612 678 4679 additos,
708 4621 804 4667 aut
835 4611 1204 4684 Apocalypsin
1243 4613 1385 4666 inter
1412 4627 1508 4667 eos
1552 4629 1811 4668 numera-

223 4716 338 4760 tam
372 4721 481 4760 non
515 4703 689 4760 fuisse
724 4722 741 4760 :
773 4704 849 4759 ita
901 4706 1068 4760 etiam
1102 4706 1321 4760 eosdem
1371 4704 1425 4760 in
1449 4705 1668 4762 decreto
1705 4707 1811 4761 hoc

222 4797 433 4854 Gelasii
457 4813 566 4852 non
593 4796 767 4853 fuisse
782 4806 1102 4852 numeratos
1119 4809 1372 4852 constare
1397 4797 1629 4852 videtur.
1654 4797 1812 4854 Certe

221 4891 318 4952 tvo
332 4890 692 4946 Camotensis
706 4891 760 4945 in
775 4891 996 4946 decreto
1009 4889 1257 4946 ordinem
1286 4890 1552 4944 librorum
1580 4889 1638 4944 S.
1664 4891 1812 4945 Scri-

221 4989 426 5056 pturae,
453 4981 571 5035 sine
624 4982 847 5036 nomine
874 4980 1077 5037 Gelasii
1106 5022 1122 5048 ,
1156 4981 1359 5050 posuit,
1391 4991 1546 5050 parte
1570 4991 1768 5052 quarta
1794 4992 1810 5050 ‘,

221 5080 408 5150 capite
453 5079 545 5142 61,
585 5079 815 5151 aliisque
869 5080 1232 5154 interpositis,
1286 5097 1408 5152 cap.
1466 5082 1558 5148 65,
1589 5083 1810 5138 demum

222 5171 430 5228 Gelasii
468 5172 750 5227 decretum
785 5173 982 5228 recitat
1011 5189 1132 5245 cap.
1167 5173 1258 5238 64,
1299 5184 1354 5229 et
1397 5174 1570 5230 codex
1609 5173 1810 5236 iuren-

222 5281 328 5324 s.s.
359 5279 527 5334 quem
560 5264 726 5320 edidit
789 5265 1097 5332 Chilietius,
1124 5266 1179 5322 in
1213 5264 1520 5322 l’iormisdae
1553 5267 1811 5321 decretali

223 5359 478 5413 ordinem
502 5358 772 5414 librorum
802 5357 862 5413 S.
897 5358 1197 5429 Scriptum
1219 5360 1536 5430 praemittit;
1581 5359 1676 5414 sed
1713 5359 1812 5413 de»

221 5451 359 5504 creti
392 5450 564 5505 verba
617 5452 894 5517 immutat,
942 5460 1004 5505 ut
1030 5452 1097 5506 ad
1127 5452 1386 5507 ordinem.
1417 5451 1698 5522 respiciat;
1733 5449 1809 5504 lta

221 5540 371 5594 enim
400 5556 465 5594 ex
501 5541 596 5595 illo
628 5541 819 5597 codice
847 5542 1083 5612 legimus
1111 5562 1124 5597 :
1152 5542 1287 5598 Post
1329 5544 1429 5598 has
1456 5557 1648 5597 omnes
1690 5557 1814 5612 pro-

221 5633 466 5702 phetica:
488 5644 539 5690 et
577 5634 904 5705 evangelicas
929 5645 1086 5706 atque
1117 5636 1464 5706 apostolicus,
1488 5652 1627 5706 quas
1657 5652 1815 5706 supe-

225 5727 343 5781 rius
375 5725 845 5798 deprompsimus,
879 5725 1211 5799 Scripiuras.
1244 5729 1381 5786 Cum
1414 5728 1468 5785 in
1505 5729 1626 5786 aliis
1658 5729 1812 5786 codi-

1920 4536 2050 4576 sura
2087 4521 2204 4590 ipse
2235 4519 2684 4589 perstrinxisset,
2714 4536 2780 4574 an
2825 4519 3207 4575 tantummodo
3235 4518 3490 4589 plurimos

1915 4628 2225 4667 consensum
2278 4629 2384 4666 non
2445 4612 2732 4683 prwbuisse
2783 4612 3030 4680 facilem,
3061 4611 3115 4665 id
3161 4621 3266 4675 est,
3308 4609 3490 4679 aliqua

1915 4706 2078 4761 modo
2118 4705 2189 4760 de
2213 4719 2404 4760 eorum
2462 4703 2788 4758 auctoritate
2824 4703 3103 4758 dubitasse
3141 4701 3413 4766 dixisset,
3444 4703 3488 4756 si

1914 4814 2041 4855 ante
2069 4815 2274 4870 paucos
2314 4812 2491 4853 annos
2523 4796 2832 4866 pontiﬁcem
2891 4794 3198 4849 Romanum
3258 4795 3312 4850 in
3359 4810 3476 4848 con-

1914 4894 2042 4949 cilio
2062 4909 2156 4949 eas
2186 4907 2508 4948 numerasse
2534 4891 2674 4946 inter
2693 4890 2784 4945 illa
2809 4888 3033 4958 scripta,
3062 4904 3186 4957 qua:
3214 4887 3490 4941 cat/colicis

1913 4987 2133 5042 uitanda
2163 4995 2306 5050 sunt,
2351 4994 2400 5040 et
2431 5001 2547 5056 quae
2579 4983 2881 5038 nullatenus
2915 4982 3099 5050 recipit
3143 4981 3402 5034 catholica
3444 4991 3490 5034 et

1917 5078 2208 5148 apostolica
2263 5076 2505 5131 Romana
2532 5104 2534 5106 τ
2564 5074 2802 5129 Ecclesia
2841 5072 3129 5128 novisset?
3160 5071 3243 5125 An
3277 5072 3346 5126 de
3392 5072 3490 5127 hac

1915 5171 2255 5226 dubitatione
2326 5169 2664 5240 Stephanum
2724 5166 3106 5221 Salonitanum
3171 5167 3492 5236 episcopum

1917 5264 2249 5319 monendum
2295 5263 2563 5330 duxisset,
2595 5278 2680 5327 ne,
2710 5260 2943 5326 scilicet,
2971 5259 3068 5313 hoc
3106 5260 3279 5329 ipsum
3324 5260 3491 5329 igno-

1917 5357 2083 5419 raret,
2119 5353 2372 5423 quiquid
2401 5367 2430 5406 a
2456 5351 2675 5407 Gelasio
2711 5349 2768 5403 in
2796 5348 3033 5404 concilio
3060 5348 3340 5402 decretum
3366 5346 3490 5414 fuit,

1918 5450 2170 5519 ignorare
2195 5461 2306 5502 non
2344 5445 2561 5516 potuit?
2587 5445 2669 5499 An
2692 5443 2928 5514 denique
2976 5451 3156 5512 postea
3203 5442 3491 5496 constituta

1915 5540 2225 5610 pontiﬁcum
2257 5554 2322 5592 ea:
2343 5537 2454 5592 illis
2482 5536 2769 5591 canonibus
2809 5546 3083 5604 assumpta
3114 5533 3282 5590 fuisse
3307 5544 3473 5589 notas

1918 5644 2027 5696 set,
2082 5633 2126 5688 si
2155 5647 2250 5688 cos
2298 5641 2406 5686 tam
2435 5632 2636 5686 recenti
2663 5629 2935 5700 pontiﬁcis
2979 5629 3280 5684 constituto
3316 5637 3484 5683 trans-

1916 5728 2059 5786 ﬁsos
2105 5737 2266 5799 atque
2287 5712 2565 5800 jugulatos
2595 5723 2976 5798 cognovisset?
3003 5724 3164 5780 Certe
3201 5722 3492 5807 »ξοην-ειυς
