3864 6204
393 219 498 278 “9

1441 224 1501 280 S.
1541 221 1892 282 lGNATlUS.
1930 255 2001 268 -—
2030 224 2563 285 PROLEGOMENA.

3545 235 3676 292 120

392 343 754 400 translatione
804 359 903 402 sua
943 345 1154 402 efficere
1193 361 1474 422 nunquam
1503 348 1802 418 potuisset,
1831 357 1891 403 ut
1919 349 1972 403 hi
2005 357 2051 412 Α
2080 350 2552 415 Petro.Gelasius,
2584 351 2813 421 epistola
2833 352 2898 407 ad
2913 353 3206 424 episcopos
3229 368 3325 424 per
3348 352 3672 410 Lucaniam

391 450 635 492 canones
691 435 761 492 ab
811 435 1057 494 Ecclesia
1088 437 1337 495 Romana
1381 443 1780 512 reciperentur,
1820 445 1865 499 si
1904 445 1973 499 ab

391 528 514 599 ipso
544 528 764 586 Gelasio
800 527 1367 603 fuissentnuperrimc
1389 535 1598 604 rejecti.
1627 535 1697 590 At
1724 546 1971 606 receptos

393 622 578 676 statim
607 623 778 680 fuisse
809 625 1049 682 ostendit
1072 624 1435 684 Cassiodorus
1472 629 1646 684 Divin.
1673 629 1820 697 lect.,
1847 646 1967 700 cap.

390 711 482 778 ΞΤ),
515 713 610 784 qui
635 713 704 769 de
733 713 994 788 Dionysio
1064 727 1120 772 et
1159 719 1484 775 collectione
1525 722 1646 792 ejus
1689 723 1763 778 ita
1789 725 1971 794 loqui-

391 813 512 859 tur:
533 803 740 861 Petitus
773 824 806 860 a
831 807 1100 880 Stephano
1123 811 1368 882 episcopo
1397 810 1718 869 Salonitano
1735 833 1800 870 ea:
1823 816 1972 872 Crte-

392 897 470 950 cis
501 898 889 968 exemplaribus
919 916 1144 956 canones
1164 903 1549 961 ecclesiasticos
1575 907 1810 961 moribus
1835 910 1969 974 suis,

393 999 454 1041 ut
503 999 617 1044 erat
663 989 858 1062 planus
908 1001 958 1046 et
994 993 1226 1048 disertus
1251 1036 1267 1062 ,
1295 1011 1489 1067 magna
1515 997 1829 1069 eloquentia:
1856 1000 1972 1056 luce

393 1084 710 1152 composuit,
742 1100 872 1154 quos
924 1084 1078 1139 hodie
1103 1103 1205 1140 usu
1234 1087 1571 1143 celeberrimo
1601 1088 1843 1145 Ecclesia
1868 1091 1974 1146 Ro-

393 1191 554 1229 mana
585 1176 972 1246 complectitur.
1007 1176 1210 1234 Verum
1236 1189 1416 1236 autem
1439 1185 1726 1253 esse'quod
1747 1183 1972 1240 Cassio-

391 1267 564 1324 dorus
599 1270 858 1335 asseruit,
888 1278 1036 1340 patet
1071 1286 1138 1326 ex
1164 1272 1396 1342 epistola
1419 1272 1649 1332 Joannis
1679 1275 1724 1331 ll
1754 1278 1974 1348 pontiﬁ-

391 1359 474 1416 cis
502 1359 738 1418 Romani
780 1363 944 1432 paulo
989 1371 1115 1420 ante
1145 1365 1211 1420 ad
1249 1365 1550 1422 Caesarium
1593 1368 1971 1426 Arelatensem

391 1452 540 1522 data,
568 1454 623 1508 in
647 1469 755 1525 qua
783 1455 1253 1512 Contumeliosum
1285 1455 1592 1529 Regensem
1614 1461 1933 1532 episcopum
1955 1506 1972 1531 ,

392 1546 721 1601 auctoritate
750 1562 1024 1603 canonum
1051 1565 1119 1604 ex
1151 1550 1472 1608 collectione
1498 1551 1738 1626 Dionysii
1777 1553 1973 1628 Exigui

391 1648 801 1709 excerptorum,
834 1641 905 1696 ab
933 1642 1249 1712 episcopatu
1287 1645 1597 1715 suspendit,
1637 1657 1693 1703 et
1731 1663 1974 1706 canones

2079 446 2410 501 constitutos
2435 488 2449 511 ,
2477 461 2596 517 cap.
2629 445 2691 500 ‘21
2721 489 2736 513 ,
2765 455 2828 500 ut
2867 447 2918 500 in
2955 456 3144 502 nostro
3182 463 3288 503 ms.
3337 451 3618 518 reperitur
3649 467 3668 502 :

2078 535 2222 600 Quos
2254 554 2372 590 vero
2404 539 2700 592 constiterit
2750 539 3002 610 indignos
3034 541 3236 594 meritis
3276 557 3485 594 sacram
3511 559 3676 596 mer-

2076 639 2222 683 catos
2277 647 2389 685 esse
2417 633 2587 701 pretio
2632 632 2973 704 dignitatem,
3032 634 3294 688 convictos
3334 643 3536 704 oportet
3569 653 3678 689 ar-

2075 723 2201 787 ceri,
2239 739 2344 776 non
2367 724 2479 777 sine
2499 725 2732 792 periculo
2767 725 2976 793 facinus
3017 725 3123 780 tale
3166 727 3515 795 perpetrantis
3546 727 3677 796 (ita

2075 827 2180 867 ms.
2213 828 2321 866 non
2353 815 2764 884 perpetrantes),
2785 815 2909 885 quia
2933 815 3146 868 dantem
3175 816 3376 884 pariter
3395 816 3676 885 accipien-

2077 910 2282 972 temque
2308 902 2583 957 damnatio
2625 902 2882 970 Simonis,
2915 921 3075 974 quam
3104 922 3260 958 sacra
3289 905 3441 959 lectio
3491 915 3674 959 testa-

2077 1001 2198 1057 tur,
2237 992 2476 1047 involvit.
2508 991 2824 1065 Rcspondet
2865 994 3098 1051 Dallazus
3143 996 3221 1051 De
3261 996 3672 1066 pseudapostol.

2075 1085 2113 1138 1.
2151 1102 2233 1153 In,
2263 1102 2313 1142 c.
2350 1087 2384 1141 4
2415 1106 2428 1141 :
2464 1086 2666 1141 Gelasii
2694 1088 2841 1143 locus
2884 1089 3098 1143 nullum
3149 1091 3362 1143 omnino
3404 1104 3674 1143 canonem

2075 1177 2303 1246 laudat,
2374 1195 2539 1248 neque
2601 1181 2954 1249 apostolicum
3001 1198 3166 1252 neque
3221 1181 3668 1236 ecclesiasticum.

2080 1268 2310 1323 Tantum
2370 1271 2614 1328 Simonis
2683 1273 3094 1329 damnationem
3155 1285 3438 1340 memorat,
3496 1292 3671 1346 quam

2077 1374 2256 1425 sacra,
2283 1361 2475 1432 inquit,
2502 1362 2682 1428 lectio,
2711 1363 2947 1416 Actuum
2987 1364 3188 1418 scilicet
3225 1365 3670 1434 apostolicorum,

2075 1461 2134 1504 ut
2163 1463 2344 1507 notum
2367 1464 2466 1520 est,
2502 1463 2755 1510 testatur.
2789 1455 3059 1512 Cononem
3083 1457 3301 1526 quidem
3338 1475 3441 1512 non
3469 1459 3672 1512 laudat

2076 1542 2327 1601 Gelasius
2351 1589 2364 1610 ,
2398 1547 2450 1602 id
2507 1559 2611 1611 est,
2650 1563 2759 1604 non
2789 1564 3048 1618 expresse
3076 1549 3247 1614 dicit,
3279 1565 3342 1604 ea
3369 1566 3492 1621 quae
3519 1567 3672 1620 pra:-

2080 1637 2214 1706 cipit
2246 1637 2299 1691 in
2329 1639 2513 1709 aliquo
2542 1655 2754 1696 canone
2787 1642 3094 1697 contineri:
3128 1659 3226 1698 nec
3252 1642 3303 1697 id
3331 1645 3503 1698 voluit
3531 1643 3674 1700 Dio-

393 1732 721 1801 apostolicos
754 1733 822 1788 ad
875 1748 998 1789 eam
1031 1751 1147 1791 rem
1186 1737 1389 1793 diserte
1418 1739 1661 1795 adhibet.
1701 1738 1974 1796 EaCano-

2082 1729 2309 1799 nysius,
2339 1746 2464 1784 cum
2507 1731 2730 1786 doceret
2765 1733 2948 1804 aliqua
2992 1736 3311 1805 pontificum
3359 1737 3668 1792 constituta

391 1825 547 1878 nibus
561 1825 922 1894 apostolorum
946 1827 1180 1898 capitulo
1207 1845 1313 1884 xxv
1336 1849 1350 1884 :
1381 1849 1400 1882 ‹
1422 1829 1737 1901 Episcopus,
1755 1832 1975 1904 presby-

394 1924 495 1982 ter,
525 1926 618 1970 aut
653 1916 914 1972 diaconus
961 1919 1053 1989 qui
1104 1920 1158 1974 in
1211 1921 1566 1990 fornicatione
1599 1934 1692 1978 aut
1738 1925 1975 1995 perjurio

392 2015 580 2077 captus
608 2016 708 2072 est,
738 2008 1055 2078 deponatur,
1089 2027 1196 2066 non
1241 2022 1415 2076 tamen
1455 2016 1824 2072 communione
1864 2019 1977 2088 pri-

393 2108 574 2164 vetur;
598 2101 728 2154 dicit
756 2103 897 2156 enim
922 2101 1205 2173 Scriptura
1235 2121 1253 2159 .'
1283 2124 1301 2158 ι
1338 2104 1460 2160 Νοη
1485 2108 1976 2164 tindicabitDomi-

392 2207 493 2246 uus
527 2192 607 2246 bis
640 2192 698 2247 in
727 2193 783 2247 id
811 2194 1006 2257 ipsum.
1041 2213 1060 2245 ι
1090 2193 1175 2251 Εκ
1219 2198 1512 2251 canonibus
1551 2215 1714 2268 supra
1759 2201 1973 2270 scriptis

392 2274 631 2353 capitulo
660 2299 817 2352 nix,
846 2286 988 2355 quod
1015 2286 1241 2357 o/ﬁcium
1281 2289 1569 2357 pristinum
1605 2289 1849 2344 damnati
1879 2307 1976 2359 pro

392 2377 705 2432 criminibus
723 2394 982 2448 usurpare
994 2395 1100 2433 non
1119 2378 1339 2434 debeant
1359 2397 1377 2436 :
1396 2399 1414 2431 ι
1450 2378 1510 2436 Si
1538 2381 1655 2452 quis
1677 2383 1975 2454 episcopus,

389 2466 698 2537 presbyter,
731 2477 822 2523 aut
847 2468 1125 2537 diaconus,
1158 2469 1427 2539 depositus
1447 2471 1594 2540 juste
1634 2488 1790 2541 super
1814 2476 1974 2528 certis

393 2560 728 2628 criminibus,
763 2578 928 2616 ausus
949 2561 1111 2632 fuerit
1159 2572 1451 2617 attrectare
1487 2565 1842 2618 ministerium
1873 2565 1975 2618 du-

393 2651 521 2706 dum
544 2652 644 2708 sibi
674 2653 1034 2720 commissum,
1063 2653 1148 2708 hic
1173 2653 1238 2708 ab
1270 2653 1509 2709 Ecclesia
1528 2658 1737 2725 penitus
1759 2657 1974 2711 abscin-

391 2742 576 2798 datur.
620 2762 638 2796 ι
668 2743 915 2800 Fuerunt
948 2744 1113 2816 igitur
1140 2753 1385 2816 tempore
1410 2745 1639 2803 Joannis
1667 2747 1709 2801 ll
1755 2748 1975 2818 pontiﬁ-

393 2835 478 2892 cis
523 2845 574 2891 et
618 2836 959 2903 Cassiodori,
1009 2853 1251 2894 canones
1287 2840 1578 2909 apostolici
1625 2840 1678 2894 in
1724 2840 1974 2898 Romana

393 2927 637 2986 Ecclesia
698 2931 1094 3002 receptissimi,
1147 2933 1294 3002 quod
1344 2933 1464 2987 ﬁeri
1517 2934 1762 3004 potuisse
1814 2949 1975 2990 nemo

393 3023 679 3090 concedet,
737 3024 783 3080 si
826 3024 966 3079 vela
1013 3024 1254 3092 Gelasio,
1287 3026 1372 3084 vel
1407 3024 1699 3082 Hormisda
1739 3025 1976 3084 fuissent

392 3125 506 3170 tam
531 3114 748 3184 publice
777 3115 987 3185 rejecti.

467 3205 653 3262 Mirari
681 3208 827 3262 enim
878 3209 1014 3264 satis
1045 3224 1151 3264 non
1183 3223 1410 3279 possum
1436 3249 1452 3276 ,
1489 3225 1598 3280 qua
1634 3212 1842 3266 ratione
1876 3212 1979 3268 du-

395 3307 520 3355 ctus
549 3299 783 3354 Dallaeus
819 3299 1062 3370 seipsum
1093 3300 1351 3372 Dionysio
1377 3301 1584 3357 directe
1605 3311 1659 3358 et
1677 3318 1743 3358 ex
1759 3303 1968 3359 diame-

395 3402 484 3448 tro
507 3401 822 3462 opponeret.
841 3391 935 3449 Ille
963 3394 1017 3449 in
1045 3392 1292 3450 Ecclesia
1321 3394 1511 3451 Graeca
1539 3397 1814 3452 enutritus
1843 3437 1859 3464 ,
1884 3398 1978 3452 ubi

394 3483 633 3540 maxime
659 3484 1177 3547 valebantCanones
1205 3486 1515 3556 apostolici,
1539 3486 1594 3541 in
1624 3485 1868 3542 Romana
1885 3486 1979 3542 diu

394 3583 669 3642 versatus,
697 3577 786 3631 ubi
819 3585 934 3633 tum
960 3593 1070 3632 non
1105 3586 1262 3633 erant
1287 3577 1425 3633 adeo
1453 3579 1677 3649 recepti,
1712 3579 1764 3633 in
1791 3578 1980 3635 decre-

397 3666 471 3722 tis
493 3666 812 3736 poutiﬁcum
841 3668 1159 3726 evolvendis
1191 3669 1424 3723 multum
1458 3669 1757 3737 desudans,
1783 3671 1979 3726 obser-

396 3758 570 3823 vavit,
601 3774 669 3814 ex
699 3760 1132 3816 canonibusillis
1154 3761 1335 3831 aliqua
1367 3760 1687 3830 poutiticum
1712 3762 1980 3816 constitu-

398 3860 476 3916 ta,
511 3850 884 3908 Romanorum
916 3853 1158 3919 scilicet,
1193 3863 1477 3924 assumpta
1521 3853 1713 3910 fuisse.
1747 3853 1980 3910 Dallzeus

397 3953 625 3999 econtra
663 3943 740 3998 De
789 3945 1256 4014 pseudepigraphis
1285 3955 1456 4015 apost.
1475 3988 1490 4012 ,
1521 3947 1616 4001 lib.
1645 3963 1727 4011 Ill,
1757 3963 1878 4016 cap.
1904 3949 1936 4000 ’ὀ
1963 3965 1976 4001 :

400 4035 517 4108 Ego
551 4053 669 4091 vero
691 4037 985 4107 putaverim
1016 4055 1117 4091 non
1145 4053 1210 4092 ea:
1253 4055 1516 4093 canonum
1541 4039 1847 4094 collectione
1881 4056 1979 4092 sua

399 4132 611 4190 decreta
630 4132 926 4201 pontiﬁces,
955 4133 1045 4186 sed
1080 4148 1144 4186 ea:
1176 4133 1491 4202 pontificum
1529 4134 1834 4187 constitutis
1857 4149 1979 4187 suos

399 4240 630 4279 canones
687 4225 1036 4294 assumpsisse
1092 4225 1323 4293 primum
1391 4241 1575 4279 eorum
1624 4224 1977 4280 collectorem.

399 4313 665 4384 Respexit
697 4315 818 4370 sine
849 4315 1018 4371 dubio
1064 4315 1358 4388 Dionysius
1403 4315 1704 4371 lnnocentii
1727 4357 1742 4382 ,
1780 4316 1982 4372 Leonis

2077 1834 2144 1874 ex
2182 1822 2491 1878 canonibus
2522 1823 2616 1894 qui
2654 1824 2912 1880 dicuntur
2947 1828 3319 1897 apostolorum
3363 1827 3535 1884 fuisse
3571 1845 3671 1884 as-

2080 1923 2328 1985 sumpta;
2362 1930 2542 1986 neque
2571 1917 2717 1973 enim
2765 1917 2966 1992 aliquis
3012 1919 3330 1991 pontiﬁcum
3379 1920 3673 1976 Romano-

2078 2019 2200 2058 rum
2228 2013 2354 2061 ante
2384 2003 2631 2078 Dionysii
2659 2016 2871 2065 aetatem
2902 2009 2955 2064 in
2997 2010 3114 2066 suis
3140 2013 3456 2068 constitutis
3491 2027 3672 2067 cano-

2079 2111 2176 2152 nes
2207 2099 2586 2167 apostolorum
2625 2099 2943 2157 nominasse
2982 2103 3428 2172 deprehenditur.
3471 2104 3577 2160 Sed
3608 2105 3669 2161 id

2079 2197 2290 2244 tantum
2341 2205 2446 2246 nos
2483 2206 2610 2248 cum
2655 2191 2920 2266 Dionysio
2975 2196 3253 2263 volumus,
3308 2196 3414 2252 hoc
3457 2197 3671 2253 Gelasii

2077 2280 2438 2338 constitutum
2468 2297 2536 2339 ex
2569 2283 2663 2339 illo
2690 2299 2901 2340 canone
2927 2297 3274 2358 assumptum
3306 2303 3448 2343 esse.
3473 2286 3670 2358 Neque

2077 2367 2283 2426 mentio
2315 2387 2487 2428 sacrae
2509 2373 2762 2431 lectionis
2787 2375 3016 2445 impedit
3045 2380 3343 2447 quominus
3373 2377 3486 2434 haec
3515 2394 3672 2434 asse—

2077 2477 2301 2530 ramus;
2336 2463 2404 2519 ad
2425 2464 2595 2520 Actus
2619 2465 2766 2520 enim
2799 2465 3132 2536 apostolicos
3159 2482 3261 2522 nos
3292 2475 3502 2522 tantum
3537 2467 3668 2522 ideo

2077 2553 2262 2622 refert,
2296 2565 2356 2609 ut
2387 2556 2632 2613 sciamus
2666 2573 2922 2627 quasnam
2968 2557 3133 2614 fuerit
3163 2559 3445 2614 damnatio
3479 2557 3671 2614 Simo.

2078 2648 2209 2715 nis;
2250 2650 2398 2720 quod
2436 2660 2620 2706 autem
2673 2652 2766 2707 illa
2801 2651 3085 2708 damnatio
3133 2655 3405 2724 pertineat
3441 2662 3556 2708 tum
3590 2655 3668 2710 ad

2082 2742 2398 2799 Simoniace
2428 2755 2768 2815 promotum,
2807 2755 2922 2800 tum
2974 2747 3040 2800 ad
3069 2756 3500 2816 promoventem,
3539 2762 3669 2800 om-

2079 2835 2210 2890 nino
2229 2834 2296 2890 ad
2330 2835 2480 2890 illum
2512 2837 2872 2907 apostolicum
2894 2853 3156 2893 canouem
3182 2839 3437 2908 pertinet,
3459 2837 3666 2893 καθαι-

2080 2926 2278 2998 ρείσθω
2300 2929 2394 2981 καὶ
2428 2929 2589 2993 αὐτὸς
2617 2929 2709 2984 καὶ
2735 2932 2764 2984 ὁ
2791 2932 3198 3003 χειροτονήσας,
3221 2931 3327 2986 hoc
3352 2943 3456 2997 est,
3479 2947 3668 2986 arcea-

2082 3027 2172 3072 tur
2209 3019 2344 3073 dans
2371 3020 2579 3090 pariter
2601 3021 2990 3092 accipiensque,
3022 3031 3081 3076 ut
3111 3022 3352 3092 loquitur
3384 3021 3663 3078 Gelasius.

2035 3111 2049 3131 ⁸
2079 3112 2267 3169 Canon
2297 3115 2633 3185 apostolicus
2664 3114 2736 3168 22
2761 3126 2845 3171 est
2873 3132 2885 3167 ε
2921 3115 2984 3172 Si
3010 3118 3125 3187 quis
3153 3117 3377 3171 abscidit
3407 3119 3662 3187 seipsum,

2079 3205 2136 3258 id
2165 3215 2264 3271 est,
2294 3207 2473 3276 siquis
2502 3209 2798 3276 amputavit
2825 3208 2925 3262 sibi
2949 3209 3269 3273 virilia,non
3295 3209 3392 3278 ﬁat
3412 3209 3661 3276 clericus,

2080 3299 2204 3368 quia
2230 3315 2358 3352 suus
2392 3298 2664 3352 homicida
2693 3309 2794 3369 est,
2825 3309 2876 3354 et
2898 3301 2996 3355 Dei
3034 3301 3356 3356 conditionis
3385 3301 3659 3369 inimicus,

2080 3398 2212 3456 etc.;
2252 3388 2509 3447 Gelasius
2539 3401 2720 3448 autem
2768 3393 2998 3463 epistola
3027 3395 3250 3457 eadem,
3281 3409 3404 3463 cap.
3437 3395 3504 3448 14
3533 3410 3546 3446 :
3581 3392 3662 3448 De

2080 3482 2148 3535 iis
2174 3493 2354 3536 autem
2383 3485 2476 3554 qui
2495 3486 2693 3556 seipsos
2716 3485 3058 3550 abscindunt,
3077 3486 3286 3554 paterni
3309 3502 3532 3540 canones
3551 3486 3631 3538 evi
3646 3515 3661 3525 -

2084 3573 2267 3628 denter
2300 3577 2560 3645 sequenda
2597 3585 2930 3646 posuerunt;
2974 3593 3199 3647 quorum
3249 3586 3475 3631 tenorem
3516 3577 3660 3647 suﬁ-

2085 3667 2192 3720 ciat
2225 3667 2484 3722 indidisse
2511 3683 2529 3721 :
2557 3671 2741 3722 dicunt
2770 3671 2932 3734 enim,
2971 3669 3106 3722 talia
3132 3679 3510 3739 perpetrantes,
3538 3688 3661 3726 mox

2081 3769 2142 3811 ut
2164 3760 2332 3828 agniti
2359 3759 2581 3828 fuerint,
2605 3779 2637 3814 a
2666 3779 2879 3815 munere
2900 3761 3136 3815 clericali
3161 3762 3345 3815 debere
3367 3780 3453 3817 eos
3482 3764 3654 3817 seclu-

2082 3851 2158 3904 di.
2189 3850 2342 3914 Quod
2375 3852 2544 3904 modis
2575 3852 2816 3905 omnibus
2841 3854 3106 3906 custodire
3134 3870 3226 3905 nos
3253 3855 3512 3916 convenit,
3532 3856 3657 3925 quia

2083 3943 2168 4013 fas
2193 3959 2306 3996 esse
2331 3943 2470 3998 nulli
2509 3945 2809 4014 suppeditat
2833 3987 2848 4010 ,
2872 3957 3066 4014 praeter
3097 3945 3193 3999 illa
3224 3947 3509 4017 quidquam
3541 3965 3656 4018 qua

2083 4036 2446 4090 memorabilis
2480 4037 2705 4090 decrevit
2733 4037 2907 4106 forma
2930 4053 3155 4092 censere.
3183 4037 3496 4107 Respondet
3535 4038 3657 4092 Dal-

2083 4128 2237 4193 lzeus,
2266 4129 2383 4181 haec
2411 4127 2466 4180 in
2497 4126 2718 4181 Nica‘no
2746 4143 2958 4182 canone
2994 4131 3287 4194 contineri,
3322 4131 3467 4199 quod
3498 4146 3656 4186 nemo

2083 4231 2246 4291 negat
2274 4263 2289 4283 ,
2313 4231 2368 4275 et
2393 4232 2640 4291 paternos
2669 4237 2900 4274 canones
2928 4260 2943 4286 ,
2972 4222 3154 4291 potius
3185 4221 3251 4276 ad
3284 4221 3535 4277 Nica‘nos
3555 4221 3658 4278 Pa-

2083 4321 2192 4367 tres
2251 4329 2415 4382 quam
2468 4314 2748 4383 apostolos
2813 4312 3002 4367 referri
3074 4314 3292 4368 debere.
3342 4315 3412 4368 At
3451 4331 3548 4369 nos
3590 4315 3655 4369 ad

394 4416 455 4464 et
477 4407 682 4463 Gelasii
710 4407 989 4477 epistolas,
1021 4408 1223 4478 quibus
1265 4409 1526 4463 nonnulla
1559 4425 1624 4464 ex
1657 4408 1724 4464 50
1753 4410 1982 4464 cauoui-
2012 4420 2057 4474 ι)
2085 4406 2361 4475 apostolos
2391 4421 2497 4460 non
2528 4406 2838 4470 referimus,
2863 4406 2954 4460 sed
2982 4407 3047 4460 ad
3071 4404 3321 4461 Νἰριειιοε
3343 4416 3396 4461 et
3427 4406 3658 4463 Niceenis

397 4500 503 4558 bus
523 4501 840 4572 apostolicis
862 4509 1350 4570 repraesentantur;
1371 4509 1427 4555 at
1452 4501 1496 4556 si
1512 4500 1742 4556 Dallaeus
1759 4511 1983 4572 putave-

397 4595 494 4662 rit,
519 4605 613 4651 aut
644 4596 747 4651 hos
771 4594 841 4650 50
873 4609 1113 4649 canones
1137 4634 1151 4660 ,
1185 4603 1281 4648 aut
1302 4608 1493 4648 eorum
1521 4595 1736 4664 aliquos
1765 4610 1831 4648 ex
1873 4593 1982 4648 illis

399 4687 671 4760 epistolis,
704 4695 799 4741 aut
829 4684 1076 4755 cujusvis
1099 4681 1332 4738 Romani
1359 4683 1633 4754 pontiﬁcis
1656 4684 1876 4740 decreto
1891 4699 1982 4738 ass

400 4789 651 4850 sumptos
669 4778 858 4844 fuisse,
886 4777 1026 4849 fugit
1059 4792 1183 4832 eum
1205 4775 1431 4831 omnino
1460 4776 1621 4843 ratio,
1640 4784 1695 4830 et
1726 4775 1984 4848 Dionysio

400 4872 690 4928 verissima
720 4870 954 4926 tradenti
986 4884 1253 4940 perquam
1295 4869 1610 4943 importune
1637 4867 1773 4924 illud
1809 4884 1979 4940 oppo-

402 4965 536 5029 suit,
561 4963 708 5035 quod
742 4972 928 5034 aperte
957 4961 1156 5018 falsum
1192 4969 1298 5016 est.

473 5056 741 5115 Praeterea
773 5071 882 5110 non
913 5069 1087 5125 pauca
1112 5062 1260 5120 sunt,
1283 5069 1407 5124 quae
1424 5068 1510 5108 me
1533 5061 1752 5108 movent
1775 5061 1835 5108 ut
1863 5069 1982 5109 cre—

402 5148 532 5204 dam
567 5149 748 5217 ipsum
796 5145 1074 5201 Gelasium
1117 5158 1356 5199 canones
1377 5183 1390 5207 ,
1425 5143 1520 5213 qui
1555 5145 1816 5200 dicuntur
1846 5158 1982 5213 apo-

399 5239 694 5304 stolorum,
722 5247 777 5292 et
814 5237 1126 5301 admisisse,
1179 5242 1236 5289 et
1261 5233 1316 5290 in
1341 5233 1459 5290 suis
1475 5235 1720 5305 epistolis
1740 5235 1983 5290 decreta-

403 5330 552 5386 libus
581 5345 743 5386 usum
775 5331 912 5400 ipsis
942 5328 1136 5384 fuisse.
1162 5327 1502 5384 Tricesimus
1546 5329 1689 5384 inter
1735 5329 1858 5384 illos
1891 5343 1982 5386 ca-

400 5439 514 5480 non
543 5432 626 5479 est
660 5441 672 5477 :
707 5421 766 5478 Si
798 5424 915 5491 quis
939 5424 1245 5493 episcopus,
1281 5433 1375 5478 aut
1400 5423 1692 5494 presbyter,
1733 5432 1826 5476 aut
1863 5421 1983 5475 dia-

400 5531 565 5570 conus
593 5531 684 5584 per
718 5530 970 5584 pecunias
1013 5516 1148 5570 hanc
1177 5517 1461 5572 obtinuerit
1483 5514 1815 5585 dignitatem,
1845 5514 1998 5594 dejij

403 5609 584 5664 tiatur
612 5617 663 5663 et
713 5608 822 5678 ipse
867 5617 916 5662 et
948 5610 1225 5664 ordinator
1269 5611 1382 5682 ejus
1407 5653 1422 5677 ,
1457 5618 1509 5665 et
1546 5627 1579 5662 a
1618 5609 1982 5663 communione

403 5701 575 5764 modis
623 5700 861 5758 omnibus
893 5701 1258 5772 abscindatur,
1315 5705 1452 5758 sicut
1506 5701 1689 5764 Simon
1733 5700 1920 5774 Magus
1952 5718 1983 5756 a

2088 4499 2247 4568 longe
2279 4499 2619 4566 antiquiores
2653 4497 2864 4552 Patres.
2909 4495 2976 4550 Ut
3007 4497 3299 4568 Dionysius
3327 4497 3567 4568 Exiguus
3602 4515 3661 4554 se

2087 4589 2210 4643 ideo
2241 4597 2354 4641 tum
2407 4588 2796 4651 conciliorum,
2839 4597 2953 4641 tum
2982 4603 3113 4654 cos,
3162 4590 3256 4658 qui
3288 4590 3655 4658 apostolorum

2083 4680 2212 4734 dicti
2250 4687 2378 4734 sunt
2403 4694 2664 4746 canones,
2694 4681 2748 4734 in
2779 4679 3032 4734 Latinum
3078 4696 3387 4735 sermonem
3428 4690 3658 4735 transtu-

2083 4773 2215 4829 lisse
2243 4774 2546 4843 proﬁtctur,
2580 4783 2638 4828 ut
2671 4775 2845 4829 sancti
2874 4773 3138 4844 prwsules
3161 4775 3397 4844 paternis
3429 4779 3659 4829 munian-

2085 4871 2173 4916 tur
2203 4863 2420 4935 regulis.
2466 4863 2529 4917 Et
2561 4864 2835 4920 Cwsarius
2878 4875 3005 4935 post
3047 4874 3329 4935 acceptam
3374 4866 3655 4936 epistolam

2082 4953 2313 5011 Joannis
2340 4971 2493 5027 papae
2513 4954 2584 5024 ll,
2611 4972 2719 5026 qua
2759 4971 3001 5013 canones
3039 4957 3326 5028 apostolici
3361 4956 3470 5011 duo
3491 4957 3658 5012 conti-

2085 5049 2378 5114 nebantur,
2413 5049 2696 5120 subjungit
2731 5069 2743 5104 :
2776 5049 2912 5104 Ecce
2957 5050 3395 5120 manifestissime
3422 5061 3656 5119 constat,

2083 5143 2211 5210 quia
2251 5141 2538 5197 secundum
2567 5142 2707 5212 quod
2735 5153 2784 5196 et
2819 5141 2962 5196 tituli
2997 5143 3339 5212 antiquorum
3380 5141 3599 5197 Patrum
3627 5163 3657 5197 a

2092 5229 2153 5288 S.
2178 5232 2386 5288 Joanne
2412 5250 2550 5304 papa
2581 5234 2909 5299 transmissi,
2935 5244 2985 5287 et
3023 5233 3129 5287 518
3158 5235 3520 5304 episcoporum
3557 5251 3658 5288 seno

2088 5327 2277 5393 tentia,
2294 5326 2385 5380 sed
2400 5334 2451 5380 et
2466 5342 2690 5379 canones
2708 5323 2979 5379 Gallicani
2993 5326 3260 5379 continere
3283 5325 3544 5388 videntur,
3558 5334 3653 5378 etc.

2156 5416 2428 5473 Praeterea
2459 5425 2514 5471 et
2543 5417 2658 5470 haec
2688 5423 2743 5470 et
2773 5415 2882 5468 alia
2924 5430 3047 5484 qua:
3096 5415 3259 5468 habet
3286 5414 3558 5476 Gclasius,
3589 5415 3653 5467 ita

2088 5513 2141 5567 in
2167 5510 2402 5566 Nicmnis
2433 5509 2739 5565 cauonibus
2772 5509 3147 5574 continentur,
3173 5516 3228 5560 ut
3256 5507 3417 5560 iidem
3458 5506 3654 5561 Nicazni

2089 5619 2331 5659 canones
2372 5613 2676 5672 agnoscant
2712 5603 2900 5658 eadem
2954 5601 3007 5655 in
3049 5599 3326 5672 prioribus
3360 5599 3653 5655 cauonibus

2093 5708 2360 5777 praecepta
2417 5696 2609 5766 fuisse,
2651 5712 2790 5778 quos
2847 5694 3053 5752 scimus
3101 5694 3241 5753 inter
3269 5708 3525 5759 canones,
3565 5694 3651 5773 qui
