3864 6204
218 283 327 341 Iit

1006 285 1059 342 «Ι.
1099 284 1467 342 PEABSONII
1501 283 1827 342 VINDICUE
1868 282 2284 341 ΙΟΝΛΤΙΑΝΑΞ.
2324 317 2394 328 -
2425 285 2604 341 PARS
2640 286 2683 343 Ι.

3385 293 3487 347 122

216 410 492 466 dicuntur
538 409 918 480 apostolorum
980 419 1303 467 numeratos
1355 411 1546 468 fuisse.
1594 409 1814 465 Primus
1842 411 1886 468 A
1916 407 2082 464 refert
2110 407 2485 464 Theodoretus
2514 407 2662 464 Hist.
2705 409 2832 464 εδει.
2865 410 2898 464 Ι.
2935 427 2972 477 ι,
3005 426 3055 466 c.
3089 413 3142 467 5.
3178 409 3275 467 Hic
3303 422 3482 469 autem

215 500 453 571 quidem
487 500 698 557 Nicazni
720 502 941 558 concilii
966 518 1141 560 canon
1168 505 1360 559 eadem
1396 505 1659 569 continet,
1690 519 1813 572 quae

216 607 330 647 nos
371 607 440 648 ex
469 591 694 649 Gelasio
728 594 1154 664 descripsimus;
1180 596 1273 651 sed
1303 605 1365 652 ett
1392 596 1533 650 idem
1576 595 1813 650 ostendit

214 699 499 738 canonetn
544 694 672 740 ante
703 687 757 740 in
794 685 1041 744 Ecclesia
1113 689 1286 743 latum
1333 687 1506 742 fuisse
1534 704 1546 738 :
1576 687 1644 741 Et
1667 703 1810 748 τινες

218 775 334 828 ὑπὸ
369 775 668 848 βαρϐάρων
709 779 740 849 ἢ
770 778 1048 833 δεσποτῶν
1075 780 1524 851 εὐνουχίσθησαν,
1553 779 1690 851 [καὶ]
1717 781 1810 831 εὑ-

217 865 507 936 ρίσκοιντο
527 867 700 932 ἄλλως
720 867 878 934 ἄξιοι,
900 871 1026 933 τοὺς
1043 871 1316 934 τοιούτους
1330 873 1410 933 εἰς
1429 871 1628 942 κλῆρον
1650 887 1810 942 προσ-

221 960 372 1014 ίεται
403 964 433 1019 ὁ
462 963 667 1017 κανών.
709 963 864 1030 Quod
928 967 1066 1020 nihil
1130 968 1280 1022 aliud
1320 978 1438 1034 est,
1463 985 1630 1038 quam
1661 970 1807 1039 quod

217 1068 410 1108 canon
466 1055 804 1124 apostolicus
828 1055 894 1109 21
929 1058 1175 1128 praecipit
1206 1077 1219 1112 :
1252 1057 1540 1114 Eunuchus
1561 1101 1578 1125 ,
1626 1063 1674 1115 si
1713 1078 1808 1132 per

215 1143 457 1198 insidias
499 1146 768 1204 hominum
803 1151 979 1220 factus
1025 1164 1136 1218 est,
1175 1157 1254 1210 vel
1280 1158 1326 1210 si
1358 1159 1410 1211 in
1455 1161 1814 1227 persecutione

213 1230 341 1299 ejus
377 1232 558 1288 virilia
587 1248 864 1308 amputata
905 1250 1063 1309 sunt,
1097 1243 1176 1298 uel
1222 1248 1269 1299 si
1308 1247 1387 1300 ita
1435 1259 1589 1302 natus
1622 1259 1721 1316 est,
1765 1265 1812 1305 et

211 1330 300 1376 est
327 1323 558 1395 dignus,
587 1330 845 1400 efﬁciatur
889 1334 1185 1404 episcopus.
1223 1337 1445 1393 Fatetur
1482 1339 1716 1398 Dallteus
1753 1344 1816 1398 li-

211 1417 305 1470 bri
331 1433 504 1486 supra
526 1419 793 1474 nominati
822 1435 944 1492 cap.
974 1423 1024 1486 4,
1056 1441 1075 1474 ι
1100 1422 1271 1479 fuisse
1290 1424 1407 1488 jam
1431 1435 1557 1480 ante
1572 1425 1804 1484 Nicena:

211 1509 420 1578 synodi
459 1518 702 1579 tempora
750 1511 991 1582 aliquam
1026 1513 1079 1568 in
1127 1512 1372 1570 Ecclesia
1417 1517 1696 1587 regulam,
1733 1533 1800 1574 ex

209 1617 328 1671 qua
361 1603 479 1659 haec
527 1605 601 1658 ita
652 1605 1192 1676 administrarentur,
1236 1624 1357 1664 eam
1418 1611 1662 1680 regulam
1729 1612 1799 1667 ab

209 1691 357 1762 ipsis
422 1696 687 1764 apostolis
760 1696 835 1752 ita
895 1699 1099 1754 diserte
1169 1701 1575 1767 constitutam‘,
1632 1705 1794 1758 vela

209 1762 503 1841 Clemente
570 1787 769 1843 litteris
839 1790 1192 1858 mandatam,
1246 1794 1398 1848 etin
1453 1762 1615 1850 istam
1679 1762 1870 1869 syl-B

205 1875 413 1946 logeu,
454 1894 620 1948 quam
667 1879 972 1938 Turrianns
999 1885 1272 1952 defendit,
1313 1887 1538 1942 relatam
1570 1899 1748 1960 negat.
1770 1909 1792 1943 ι

205 1968 368 2042 Nego
407 1985 463 2028 et
502 1990 604 2046 ego
648 1976 720 2031 ab
761 1979 1023 2048 apostolis
1057 1980 1432 2048 constitutam,
1463 1996 1494 2034 a
1521 1980 1798 2038 Clemente

205 2065 527 2135 scriptam;
573 2071 821 2140 accipio,
874 2072 1023 2141 quod
1075 2072 1326 2142 largitur,
1355 2081 1483 2128 ante
1520 2071 1794 2129 Nicanam

202 2159 488 2230 synodum
514 2163 814 2226 exstitisse,
838 2180 1137 2234 asseroque
1175 2181 1296 2220 eam
1336 2166 1390 2220 in
1442 2165 1588 2220 illam
1629 2166 1796 2238 syllo-

202 2266 311 2322 gen
339 2266 648 2321 canonum,
678 2256 772 2326 qui
800 2256 1128 2312 dicebantur
1157 2259 1530 2327 apostolorum
1563 2259 1791 2315 relatam

201 2343 407 2401 fuisse.
435 2346 696 2404 Eamdem
728 2347 844 2404 fere
867 2351 1136 2405 rationem
1161 2366 1282 2406 esse
1304 2360 1646 2419 exterarum,
1669 2369 1796 2425 qua:

201 2453 268 2494 ex
306 2437 534 2495 Nicaeua
558 2441 771 2512 synodo
799 2441 1008 2514 colligit
1033 2442 1363 2508 Turrianus,
1397 2443 1598 2500 fatetur
1621 2447 1789 2502 etiam

205 2529 472 2587 Dallaus.
511 2533 605 2589 Sic
633 2534 802 2604 igitur
827 2549 953 2590 cum
985 2537 1174 2591 citavit
1201 2537 1332 2593 illud
1361 2539 1507 2609 quod
1538 2540 1592 2596 in
1623 2555 1792 2596 cano-

203 2625 372 2680 nibus
400 2626 496 2694 l5,
529 2625 619 2691 16,
651 2627 684 2682 9
709 2637 765 2683 et
797 2628 864 2683 10
889 2629 1108 2685 concilii
1143 2628 1346 2686 Nicaeni
1373 2632 1709 2700 continetur,
1735 2642 1792 2689 et

204 2717 276 2772 ab
297 2717 498 2774 iisdem
523 2720 593 2774 ad
614 2728 828 2776 veteres
857 2737 953 2777 seu
987 2724 1392 2780 ecclesiasticos
1417 2739 1656 2782 canones
1679 2725 1787 2780 ibi.

202 2813 331 2868 dem
370 2813 634 2882 refertur,
662 2817 857 2871 eodem
894 2833 1059 2888 opere
1090 2819 1343 2875 laudasse
1376 2819 1576 2874 librum
1620 2833 1789 2874 cano-

201 2921 364 2970 num,
391 2907 492 2976 qui
529 2910 816 2978 apostolici
855 2911 1200 2979 dicebantur,
1247 2913 1475 2967 omnino
1511 2913 1786 2982 putandus

199 3008 306 3063 est,
337 3000 472 3069 quia
512 3016 580 3056 eo
620 3002 764 3058 libro
787 3004 879 3058 isti
917 3014 1127 3059 veteres
1147 3019 1389 3060 canones
1429 3004 1787 3060 contineban-

1916 503 1970 556 in
2000 504 2186 558 codice
2211 503 2411 558 Gelasii
2444 503 2547 557 fuit
2578 502 2664 557 15.
2695 502 2830 557 Cum
2865 504 3032 574 igitur
3057 503 3288 560 Dallaeus
3317 507 3483 576 quin-

1913 595 2175 664 quaginta
2209 603 2422 648 tantum
2453 610 2693 650 canones
2726 597 2828 650 sub
2854 596 3226 666 apostolorum
3262 599 3484 653 nomine

1913 704 2030 744 aevo
2073 687 2365 742 Gelasiano
2405 687 2681 742 exstitisse
2725 689 2888 754 velit,
2934 704 3057 742 eum
3101 705 3166 743 ex
3202 690 3308 745 illis
3342 699 3481 745 tota

1919 777 2192 846 Patribus,
2213 797 2241 834 a
2260 780 2526 843 conciliis,
2558 796 2588 834 a
2615 779 2880 834 Romanis
2904 781 3252 850 pontiﬁcibus
3281 782 3484 836 fuerint

1908 875 2112 929 diserte
2137 872 2364 939 laudati,
2397 873 2564 942 aliqui
2591 873 2752 926 etiam
2792 873 2860 926 ab
2900 873 3017 942 ipso
3053 874 3270 929 Gelasio
3307 875 3480 942 agniti

1910 973 2074 1036 atque
2114 965 2350 1036 probati,
2389 981 2514 1019 cum
2550 965 2745 1034 reliqui
2780 965 3022 1035 ejusdem
3068 968 3228 1037 plane
3264 968 3479 1038 generis

1909 1059 2019 1113 sint
2047 1066 2101 1113 et
2131 1058 2184 1112 in
2213 1057 2402 1112 eodem
2437 1073 2560 1111 cum
2604 1057 2689 1111 his
2727 1059 2862 1113 adeo
2898 1060 3128 1128 receptis
3155 1068 3317 1129 atque
3347 1076 3476 1130 pro-

1907 1151 2048 1206 batis
2077 1149 2264 1205 codice
2287 1149 2678 1219 repraasentati,
2704 1167 2803 1204 cur
2825 1149 3043 1204 Librum
3065 1154 3152 1220 qui
3177 1152 3477 1221 appellatur

1910 1244 2161 1298 Canones
2194 1244 2566 1312 apostolorum
2595 1243 2949 1312 apocryphum
2977 1243 3048 1296 ita
3075 1243 3387 1312 appellaret,
3416 1255 3476 1300 ut

1904 1336 2047 1390 inter
2077 1336 2166 1390 illa
2192 1353 2310 1407 qua:
2341 1335 2404 1389 ab
2444 1335 2704 1390 ha’reticis
2739 1337 2844 1387 sive
2871 1335 3222 1389 schismaticis
3250 1339 3484 1390 conseri?

1899 1440 1994 1498 pta
2036 1438 2180 1494 sunt,
2212 1435 2546 1492 numeraret,
2577 1436 2637 1480 ut
2687 1426 2989 1480 nullatenus
3031 1444 3063 1480 a
3114 1427 3377 1484 catholica
3423 1437 3476 1482 et

1899 1518 2193 1589 apostolica
2222 1519 2459 1572 Romana
2485 1517 2724 1571 Ecclesia
2753 1527 3014 1586 receptum
3050 1517 3335 1582 indicaret,
3359 1526 3414 1572 et
3441 1535 3472 1573 a

1898 1612 2171 1665 catholicis
2203 1611 2474 1664 vitandum
2509 1610 2904 1681 pronuntiaret,
2937 1609 3073 1663 ratio
3096 1609 3245 1664 nulla
3267 1611 3351 1664 vel
3373 1625 3473 1666 ex-

1897 1706 2123 1777 cogitari
2149 1714 2347 1776 potest.

1971 1799 2124 1867 Haec,
2152 1799 2369 1868 opinor,
2404 1798 2542 1852 adeo
2575 1813 2606 1852 a
2642 1807 2823 1852 mente
2849 1796 3049 1852 Gelasii
3068 1798 3364 1854 abhorrere
3385 1799 3469 1854 vi-

1897 1891 2188 1956 debantur,
2217 1898 2276 1944 ut
2305 1890 2420 1943 haec
2452 1889 2570 1958 ipsa
2604 1887 2770 1942 verba
2813 1902 2845 1942 e
2872 1888 3091 1943 decreto
3114 1891 3384 1944 eradenda
3407 1906 3472 1946 ac

1897 1982 2116 2052 penitus
2148 1979 2384 2035 tollenda
2405 1978 2776 2050 judicaverint
2804 1977 3075 2032 nonnulli.
3104 1977 3239 2033 Nam
3275 1980 3328 2033 in
3359 1995 3466 2034 ms.

1897 2081 2088 2127 ηοεῑνο
2116 2078 2244 2124 ante
2277 2078 2567 2124 sexcentos
2596 2067 2708 2122 fere
2735 2083 2910 2123 annos
2933 2077 3158 2124 exarata
3180 2083 3288 2122 non
3319 2085 3470 2123 com-

1895 2173 2119 2236 parent:
2148 2172 2202 2219 et
2223 2163 2554 2219 Hincmarus
2575 2162 2826 2218 ducentis
2855 2161 3034 2217 adhuc
3066 2162 3249 2216 senior
3280 2163 3334 2216 in
3366 2177 3468 2217 suo

1894 2257 2081 2313 codice
2109 2257 2228 2311 sine
2258 2255 2425 2310 dubio
2447 2271 2557 2309 non
2587 2255 2814 2309 invenit.
2847 2254 2922 2308 Ita
2945 2254 3090 2308 enim
3124 2254 3240 2323 ipse
3260 2252 3466 2324 Opusc.

1893 2363 1946 2404 c.
1967 2347 2074 2402 εις
2102 2345 2207 2402 Sed
2228 2357 2277 2402 et
2309 2348 2489 2402 beatus
2513 2345 2754 2400 Gelasius
2771 2348 2828 2400 in
2848 2345 3111 2416 catalogo,
3137 2347 3228 2416 qui
3250 2345 3373 2400 libri
3398 2346 3463 2401 ab

1894 2439 2134 2494 Ecclesia
2168 2439 2491 2509 recipiantur
2511 2479 2528 2505 ,
2569 2439 2634 2492 de
2677 2439 2758 2492 his
2794 2437 3154 2510 apostolorum
3178 2439 3464 2493 canonibus

1891 2532 2098 2602 penitus
2143 2531 2332 2596 tacuit,
2378 2529 2471 2585 sed
2513 2546 2609 2584 nec
2659 2530 2800 2584 inter
2845 2529 3147 2599 apocrypha
3177 2545 3264 2584 eos
3293 2531 3460 2585 misit.

1890 2623 1983 2678 Illa
2015 2623 2182 2693 igitur
2210 2621 2372 2676 verba
2397 2641 2410 2676 :
2438 2620 2594 2675 Liber
2612 2622 2704 2691 qui
2734 2619 3036 2690 appellatur
3057 2617 3310 2671 Cauones
3336 2631 3468 2690 apo-

1887 2717 2149 2772 stolorum
2177 2713 2526 2783 apocryphus,
2559 2712 2614 2766 in
2642 2712 2863 2767 decreto
2893 2709 3094 2766 Gelasii
3132 2707 3461 2770 Hincmarus

1889 2819 2000 2861 non
2023 2805 2256 2876 legebat.
2283 2803 2388 2861 Sed
2419 2805 2510 2861 hic
2539 2821 2599 2862 se
2628 2805 2881 2860 criticum
2915 2803 3156 2859 ostendit
3189 2801 3460 2864 Datianus;

1889 2899 2078 2952 ultima
2107 2897 2197 2953 illa
2220 2899 2387 2954 verba
2415 2898 2679 2954 mendosa
2708 2913 2830 2954 esse
2851 2896 3194 2967 pronuntiat,
3217 2903 3271 2950 et
3297 2894 3460 2950 resti-

1890 2999 2005 3046 tuto
2032 2991 2201 3046 verbo
2235 2992 2435 3058 omisit,
2472 3008 2571 3061 pro
2596 3006 2661 3048 eo
2685 2992 2831 3062 quod
2870 2992 2922 3045 in
2957 2989 3238 3045 codicibus
3265 2989 3455 3059 vulga-

200 3100 310 3147 ιιπ,
337 3092 612 3150 Praeterea
638 3096 772 3166 quid
803 3097 1126 3166 scripserim
1153 3095 1506 3152 Innocentius
1547 3107 1602 3152 et
1646 3095 1778 3163 Leo,
1807 3112 1850 3169 α
1887 3085 1955 3140 tis
1979 3085 2178 3156 legitur
2199 3086 2367 3151 misit,
2390 3084 2736 3154 corrigenda,
2769 3092 2830 3138 ut
2856 3083 2929 3138 ita
2961 3082 3244 3151 scripserit
3293 3080 3458 3134 Hinc-

199 3194 586 3242 antecessores
624 3188 745 3255 sui,
778 3189 994 3244 nescire
1024 3189 1276 3245 Gelasius
1307 3204 1416 3244 non
1454 3189 1652 3260 potuit,
1689 3189 1784 3259 qui

197 3280 610 3349 quamplurima
638 3297 705 3335 ex
745 3281 1057 3336 canonibus
1102 3281 1211 3336 illis
1251 3281 1306 3334 in
1351 3295 1450 3335 sua
1486 3281 1783 3336 constituta

197 3369 622 3425 transtulerant.
678 3369 748 3425 Et
795 3371 850 3424 bi
881 3370 1102 3440 quidem
1165 3379 1379 3426 veteres
1421 3385 1680 3436 canones,
1729 3380 1784 3426 et

196 3459 568 3516 ecclesiastici
615 3461 672 3515 in
727 3463 977 3518 conciliis
1023 3463 1178 3529 dicti,
1230 3463 1300 3518 ab
1349 3461 1472 3517 aliis
1509 3462 1605 3517 diu
1657 3471 1783 3518 ante

195 3550 481 3607 Gelasium
511 3553 713 3608 diserte
747 3555 1034 3624 apostolici
1069 3555 1410 3610 dicebantur.
1448 3553 1520 3610 Ut
1557 3555 1611 3610 in
1649 3570 1783 3610 con-

195 3643 328 3698 cilio
355 3643 639 3714 Ephesino
661 3644 781 3700 Act.
811 3644 1190 3700 Antiochenus
1219 3647 1511 3716 episcopus
1535 3654 1777 3711 notatur,

196 3736 344 3806 quod
381 3737 537 3809 παρὰ
583 3738 1071 3809 ἐκκλησιαστικοὺς
1112 3739 1350 3811 Θεσμοὺς
1384 3740 1477 3794 καὶ
1519 3741 1646 3804 τοὺς
1682 3759 1781 3795 κα-

195 3828 355 3890 νόνας
388 3827 503 3880 τῶν
531 3829 702 3897 ἁγίων
729 3829 1062 3895 ἀποστόλων,
1095 3840 1279 3885 contra
1301 3831 1436 3902 leges
1457 3831 1779 3887 ecclesiasti-

194 3937 310 3982 cas,
335 3929 386 3972 et
417 3936 643 3973 canones
667 3927 974 3973 sanctorum
1000 3921 1382 3989 apostolorum,
1405 3922 1778 3978 ordinationes

197 4013 497 4082 provinciae
521 4011 689 4083 Cypri
727 4013 796 4067 ad
826 4028 886 4068 se
914 4016 1132 4092 trahere
1161 4023 1486 4070 conaretur:
1521 4016 1614 4085 qui
1646 4015 1775 4086 qui-

193 4105 317 4160 dem
341 4115 504 4160 erant
533 4105 601 4159 34
623 4113 680 4159 et
712 4105 782 4159 55
802 4120 1046 4160 canones
1089 4105 1209 4175 ejus
1235 4107 1363 4161 libri
1389 4123 1550 4178 quem
1582 4109 1778 4163 habuit

195 4193 468 4252 Gelasius.
519 4194 658 4251 Cum
716 4195 985 4252 Eusebius
1046 4196 1405 4255 Caesariensis
1465 4209 1776 4255 recusasset

195 4289 575 4357 episcopatum
617 4287 959 4356 Antiochiae,
995 4289 1051 4344 in
1099 4289 1246 4344 hunc
1289 4291 1512 4345 modum
1559 4305 1588 4346 a
1627 4292 1774 4346 Con-

195 4381 442 4434 stantino
486 4379 818 4449 imperatore
860 4381 1114 4437 laudatus
1155 4391 1238 4438 est
1277 4401 1291 4437 :
1336 4383 1401 4436 Ἠ
1441 4385 1508 4456 σὴ
1558 4383 1772 4449 σύνεσις

191 4469 360 4539 {now
381 4469 482 4532 τάς
510 4486 570 4522 τε
610 4470 827 4534 ἐντολὰς
856 4470 950 4524 τοῦ
983 4471 1140 4536 Θεοῦ,
1168 4473 1260 4526 καὶ
1293 4473 1386 4527 τὸν
1416 4475 1770 4528 ἁποστολικὸν

192 4561 394 4615 κανόνα
425 4563 520 4615 καὶ
554 4563 654 4634 τῆς
694 4565 1019 4636 Ἐκκλησίας
1061 4566 1347 4635 φυλὲττειν
1375 4567 1580 4636 ἔγνωκε
1600 4585 1613 4598 ·
1654 4567 1769 4623 Tua

191 4656 477 4724 prudentia
506 4662 557 4707 et
587 4657 840 4710 mandata
871 4657 992 4722 Dei,
1023 4669 1073 4712 et
1109 4659 1458 4728 apostolicum
1493 4675 1765 4728 canonem,

193 4757 349 4816 atque
380 4747 798 4802 ecclesiasticum
818 4749 1080 4804 custodire
1103 4752 1329 4804 statuit:
1361 4760 1421 4806 ut
1457 4751 1574 4822 ipse
1603 4751 1767 4808 refert

192 4835 259 4890 de
311 4836 431 4892 Vita
475 4835 816 4895 Constantini
845 4839 943 4894 lib.
979 4857 1062 4907 ιιι,
1093 4857 1143 4897 c.
1186 4841 1275 4897 61.
1311 4841 1407 4898 Est
1448 4853 1630 4899 autem
1677 4844 1767 4900 hic

192 4942 372 4982 canon
398 4929 541 4982 inter
567 4945 685 4995 eos,
714 4933 808 5000 qui
833 4934 1118 5002 apostolici
1145 4935 1485 5004 dicebantur,
1517 4939 1765 4995 decimus

188 5028 444 5088 quartus.
511 5020 822 5076 Alexander
874 5022 1167 5094 episcopus
1230 5027 1575 5083 Alexandriae
1637 5039 1764 5085 ante

187 5111 480 5166 concilium
527 5111 841 5182 Nicaeuum,
885 5130 1012 5170 cum
1062 5117 1252 5170 Arium
1309 5119 1539 5189 ejusque
1579 5121 1762 5177 socios

186 5203 755 5273 excommunicasset,
793 5207 1022 5276 epistola
1071 5209 1138 5263 ad
1189 5210 1556 5268 Alexandrum
1616 5213 1764 5270 Con-

186 5296 738 5365 stantinopolitanum
766 5299 1082 5370 episc0pum
1106 5301 1231 5356 data
1256 5304 1494 5372 graviter
1518 5321 1762 5378 conque-

184 5387 344 5454 ritur,
387 5388 536 5458 quod
586 5389 656 5444 ab
698 5389 974 5459 aliquibus
1009 5392 1063 5446 in
1106 5393 1403 5450 Ecclesiam
1449 5397 1760 5467 reciperen-

185 5487 292 5543 tur,
317 5479 400 5551 τῷ
443 5481 581 5552 μήτε
622 5480 716 5533 τὸν
767 5483 1124 5538 ἀποστολικὺν
1165 5486 1366 5540 κανόνα
1419 5487 1580 5542 τοῦτο
1627 5507 1759 5560 συγ-

181 5572 397 5643 χωρεῖν,
423 5571 564 5642 quod
589 5575 908 5643 apostolicus
943 5594 1112 5635 canon
1149 5580 1206 5635 id
1242 5597 1346 5637 non
1369 5583 1662 5654 permittat,
1697 5595 1755 5644 ιιι

250 5723 266 5756 ⁸
301 5719 326 5782 ι
359 5719 552 5784 Thess.
594 5741 649 5796 v,
679 5724 768 5784 2t.

1884 3193 2095 3245 marus,
2128 3175 2232 3232 Sed
2269 3193 2362 3231 nec
2401 3177 2538 3232 inter
2563 3176 2864 3248 apocrypha
2891 3191 2978 3230 eos
3027 3175 3226 3230 omisit.
3279 3172 3454 3240 Quam

1885 3271 2257 3340 importunam
2290 3269 2684 3324 correctionem
2714 3284 2777 3323 ea
2805 3284 2928 3338 qua:
2961 3276 3268 3335 sequuntur
3295 3267 3456 3336 plane

1884 3361 2164 3431 rejiciunt.
2199 3359 2532 3430 Quapropter
2573 3361 2629 3413 in
2679 3359 2898 3413 lectione
2936 3360 3156 3412 illorum
3193 3359 3455 3428 sequenda

1881 3464 1959 3508 est
1983 3454 2192 3508 cautela
2215 3453 2279 3508 ab
2299 3455 2480 3508 eodem
2512 3452 2571 3509 S.
2597 3453 2808 3508 Gelasio
2857 3452 3210 3524 prtemonita:
3270 3471 3290 3503 ι
3318 3450 3455 3507 Cum

1882 3542 2015 3610 lucc,
2046 3543 2241 3614 inquit,
2270 3544 2340 3597 ad
2351 3543 2754 3599 Catholicorum
2776 3559 2993 3596 manum
3017 3543 3343 3607 advenerim,
3381 3541 3452 3597 Β.

1881 3633 2044 3688 Pauli
2068 3635 2294 3703 apostoli
2314 3635 2581 3704 prtecedat
2610 3638 2870 3690 sententia
2898 3652 3017 3706 quae
3058 3636 3220 3691 dicit:
3259 3634 3454 3690 Omnia

1879 3727 2115 3797 probate,
2137 3728 2276 3797 quod
2311 3727 2502 3781 bonum
2522 3737 2598 3781 est
2623 3737 2790 3782 tenete
2815 3729 2854 3782 ί.
2883 3747 2902 3779 ι
2928 3726 3044 3783 Hoc
3065 3737 3166 3794 est,
3191 3728 3452 3797 quoniam

1879 3819 2131 3874 Gelasius
2151 3819 2297 3874 hunc
2322 3819 2521 3873 librum
2551 3834 2825 3874 canonum
2851 3835 2953 3875 nec
2980 3821 3124 3875 inter
3145 3835 3241 3876 eos
3262 3820 3357 3890 qui
3383 3821 3453 3874 ab

1879 3911 2123 3967 Ecclesia
2145 3912 2568 3982 recipiebantur,
2593 3927 2696 3967 nec
2725 3912 2864 3966 inter
2881 3915 3222 3983 apocryphos
3253 3927 3451 3967 nume-

1880 4003 2042 4068 ravit,
2062 4011 2117 4056 et
2140 4011 2323 4056 tamen
2344 4002 2508 4071 vulgo
2530 4002 2832 4072 legeretur;
2862 4001 2914 4056 id
2941 4002 3156 4056 tandem
3179 4002 3449 4072 sequitur,

1879 4095 2022 4150 inter
2043 4111 2138 4150 eos
2155 4110 2277 4151 esse
2308 4096 2730 4162 numerandum,
2781 4111 2922 4165 quos
2950 4096 3040 4150 ille
3067 4111 3168 4150 nec
3222 4095 3448 4164 recepit,

1876 4203 1980 4243 nec
2010 4189 2228 4258 penitus
2280 4188 2506 4257 rejecit,
2541 4187 2734 4258 quales
2777 4195 2934 4242 erant
2965 4187 3129 4241 Actus
3184 4186 3445 4251 Silvestri,

1876 4280 2153 4349 scriptura
2185 4279 2264 4334 De
2299 4281 2600 4335 inventione
2635 4279 2932 4338 Dominicis
2958 4281 3151 4344 crucis,
3176 4288 3230 4334 et
3259 4278 3337 4333 De
3364 4281 3450 4333 in-

1873 4372 2115 4426 ventione
2145 4373 2333 4440 capitis
2362 4369 2430 4424 Β.
2457 4369 2685 4425 Joannis
2723 4369 3003 4439 Baptism,
3034 4370 3101 4425 de
3130 4370 3332 4440 quibus
3361 4386 3450 4425 re-

1800 4459 1846 4514 D
1874 4463 2055 4533 gulam
2092 4463 2162 4517 ab
2187 4461 2482 4518 Hincmaro
2517 4462 2868 4517 observatam
2900 4462 3086 4516 tradit.
3122 4460 3202 4517 Ne
3231 4459 3447 4516 Gratia-

1872 4571 1978 4611 nus
2000 4556 2218 4626 quidem
2247 4557 2362 4612 haec
2390 4556 2445 4610 in
2475 4556 2677 4612 Gelasii
2711 4557 2934 4613 decreto
2960 4556 3158 4626 legisse
3205 4553 3441 4622 videtur;

1868 4664 1994 4703 nam
2030 4649 2174 4703 inter
2203 4663 2299 4704 eos
2321 4648 2416 4719 qui
2444 4649 2702 4704 Canones
2734 4649 3109 4719 apostolorum
3145 4648 3284 4702 inter
3312 4661 3446 4715 apo-

1867 4741 2070 4811 crypha
2095 4741 2480 4804 numerabant,
2509 4740 2709 4795 Gelasii
2742 4756 2850 4794 non
2874 4739 3155 4804 meminit,
3189 4739 3317 4794 dist.
3348 4736 3439 4792 16.

1873 4830 2026 4898 Quod
2055 4841 2236 4887 autem
2270 4832 2399 4886 dist.
2444 4831 2512 4887 15
2558 4847 2706 4886 nunc
2733 4847 2797 4886 ea
2826 4831 3116 4896 habentur,
3146 4831 3301 4885 nihili
3324 4845 3436 4904 est;

1867 4937 1994 4999 nam
2015 4922 2261 4978 Gratiani
2293 4919 2471 4977 codici
2504 4921 2688 4976 omnia
2711 4921 2780 4975 de
2806 4921 2963 4977 libris
2991 4921 3320 4993 apocrypliis
3345 4940 3442 4992 po-

1866 5021 1982 5070 stea
2023 5023 2152 5070 sunt
2180 5014 2409 5078 inserta,
2444 5029 2545 5068 nec
2589 5013 2658 5067 ad
2695 5028 2819 5068 eum
2837 5029 2947 5083 quo
2975 5015 3230 5084 leguntur
3258 5015 3437 5070 locum

1864 5105 2159 5174 pertinent,
2181 5120 2291 5175 quo
2318 5105 2430 5175 agit
2454 5104 2520 5159 de
2545 5103 2818 5169 conciliis,
2848 5113 2907 5158 ut
2933 5104 3109 5173 ipsius
3131 5106 3322 5161 titulus
3347 5105 3437 5160 in-

1863 5196 2046 5264 dicat;
2071 5204 2125 5251 et
2145 5195 2343 5252 Glossa
2374 5211 2647 5251 summam
2697 5195 2892 5265 capitis
2917 5197 3286 5266 complectens
3319 5197 3436 5253 haec

1865 5296 2078 5342 tantum
2112 5287 2302 5342 habet:
2330 5286 2474 5341 Dicit
2495 5287 2636 5340 enim
2665 5285 2931 5354 Gelasius,
2961 5287 3101 5357 quod
3123 5289 3434 5358 supradicta

1861 5389 2093 5450 quatuor
2121 5379 2352 5433 concilia
2379 5378 2489 5434 vult
2519 5379 2776 5444 venerari,
2804 5388 2853 5433 et
2877 5379 2925 5432 si
2945 5395 3049 5449 qua
3075 5378 3187 5433 alia
3216 5379 3433 5449 [uerunt

1862 5489 1895 5525 a
1928 5470 2031 5528 SS.
2061 5471 2316 5526 Patribus
2352 5471 2622 5538 instituta,
2658 5481 2709 5525 et
2751 5473 2980 5526 ostendit
3009 5487 3128 5541 qua:
3177 5472 3431 5541 opuscula

1863 5562 1966 5630 SS.
2001 5562 2227 5619 Patrum
2259 5564 2314 5620 in
2344 5561 2585 5619 Ecclesia
2614 5563 2958 5637 recipiantur.
2997 5561 3238 5626 Ulterius
3266 5565 3430 5635 igitur
