3864 6204
441 352 458 403 1
471 353 540 406 εδ

1498 349 1556 406 S.
1587 348 1935 407 lGN‘ATIUS.
1975 381 2044 392 -—
2082 345 2619 406 PROLEGOMENA.

3625 345 3731 401 ιρι

439 489 546 526 non
587 474 861 545 processit
891 471 1213 528 Gratianus.
1264 470 1321 526 l‘n
1355 472 1608 543 plurimis
1665 474 1830 528 etiam
1885 487 2020 527 mss.
2056 476 2100 533 Α
2126 486 2249 524 rttm
2283 470 2419 526 tales
2444 470 2770 540 scripturas,
2800 467 2916 524 sive
2952 469 3142 537 libros,
3169 469 3368 528 Gelasii
3395 487 3512 527 aevo
3551 474 3727 524 exsti-

435 566 728 623 codicihus
755 566 958 622 decreti
985 564 1263 621 Gratianci
1298 567 1507 636 reliqua
1539 581 1648 620 non
1681 575 2020 636 comparent.

434 658 752 725 Quinetiam
787 659 842 715 in
876 658 1090 714 duobus
1113 658 1385 712 veteribus
1411 674 1543 714 mss.
1581 657 1888 714 Panormita
1905 659 2027 714 Ivo-

435 751 523 807 nis
577 753 642 808 ad
675 753 949 823 publicam
1002 752 1299 806 academim
1358 759 1566 806 nostra:
1627 751 2022 806 Bibliothecam

443 845 888 915 pertinentibus,
943 844 1132 898 eadem
1187 842 1354 897 verba
1405 842 1808 898 desiderantur.
1838 843 2024 913 Neque

445 935 671 1002 mirum,
700 951 825 989 cum
861 936 951 989 illa
987 950 1116 1002 pars
1147 944 1423 1005 postrema
1463 934 1668 990 decreti
1723 935 2020 1001 Gelasiani,

444 1036 560 1082 tum
589 1027 641 1081 in
670 1024 962 1082 Panormia
995 1037 1107 1082 tum
1154 1029 1208 1082 in
1263 1028 1484 1084 decreto
1539 1026 1862 1095 Burchardi,
1917 1028 2022 1083 hoc

443 1117 606 1172 titulo
635 1118 900 1186 gaudeat:
948 1115 1027 1170 De
1053 1118 1244 1171 notitia
1269 1117 1526 1171 librorum
1573 1115 2017 1186 apocryphoru‘m,

441 1210 533 1280 qui
563 1227 594 1262 a
618 1208 718 1264 SS.
740 1209 991 1262 Patribus
1021 1220 1224 1264 (eterna
1245 1210 1588 1263 damnatione
1610 1208 1855 1262 damnati
1872 1219 2015 1263 sunt.

441 1300 576 1367 Quis
609 1302 754 1356 enim
792 1300 935 1356 ferre
967 1311 1082 1357 tum
1117 1303 1383 1372 temporis
1411 1302 1843 1372 potuitcanones
1883 1317 2018 1372 apo-

439 1395 708 1453 stolorum
736 1396 789 1450 in
814 1396 1034 1451 decreto
1056 1394 1157 1450 sub
1179 1395 1272 1450 tali
1300 1395 1459 1450 titulo
1487 1394 1936 1465 comprehensos,
1969 1393 2016 1448 si

440 1491 605 1547 simul
635 1491 921 1563 cogitaret,
956 1490 1150 1546 iisdem
1171 1489 1477 1544 canonibus
1505 1487 1809 1545 Romanam
1831 1486 2017 1542 Eccle-

439 1584 576 1640 siam
607 1584 962 1653 gubernatam
994 1581 1156 1637 esse?
1177 1581 1315 1636 Cum
1352 1580 1520 1651 igitur
1541 1580 1853 1650 aliquorum
1891 1589 2016 1634 ante

439 1674 716 1729 Gelasium
737 1675 1080 1744 pontilicum,
1097 1682 1154 1728 et
1178 1673 1353 1743 ipsius
1398 1673 1562 1727 etiam
1579 1672 1779 1728 Gelasii
1795 1673 2012 1728 decreta

437 1782 504 1822 ex
521 1767 830 1822 canonibus
853 1767 1171 1837 apostolicis
1200 1765 1485 1834 desumpta
1523 1764 1634 1819 sint
1658 1804 1674 1830 ,
1703 1779 1827 1819 cum
1847 1765 2012 1834 paulo

2133 563 2263 619 tisse
2299 580 2406 618 non
2445 574 2688 634 apparet.
2714 562 2811 619 Est
2838 563 3056 634 quidem
3085 565 3320 630 libellus,
3352 568 3494 624 inter
3539 560 3719 632 Opera

2131 654 2490 728 S.Cypriano
2524 655 2664 711 falso
2707 656 2965 725 ascripta,
3016 655 3096 711 De
3141 658 3454 714 reuelatione
3501 679 3601 731 cap
3619 661 3718 712 itis

2125 748 2354 803 Joannis
2385 749 2667 820 Baptistae,
2689 758 2742 804 et
2773 749 2819 803 si
2855 749 3090 805 Baronio
3139 752 3468 808 credendum
3501 756 3592 822 sit,
3654 752 3712 807 in

2124 841 2584 897 Adnotationibus
2610 842 2676 896 ad
2711 841 3178 914 Martyrologium,
3220 853 3416 913 quarto
3448 845 3568 902 Kal.
3602 846 3726 903 Se--

2125 936 2388 1006 ptembris
2411 979 2424 1002 ,
2459 935 2610 1006 cujus
2637 936 2762 1005 fidei
2787 936 2856 990 sit
2895 947 3156 990 tractatus
3181 937 3294 1004 ille,
3318 938 3553 992 declarat
3577 957 3707 994 ceu-

2123 1045 2251 1082 sura
2279 1026 2499 1095 Gelasii,
2541 1029 2632 1099 qui
2665 1031 2740 1082 sic
2773 1046 2834 1083 ea
2871 1045 2990 1100 qua:
3017 1031 3092 1084 ibi
3118 1042 3240 1084 sunt
3289 1032 3501 1102 reliquit
3535 1033 3707 1088 lecto—

2123 1123 2198 1175 ris
2225 1121 2549 1185 arbitrio,ut
2584 1138 2702 1192 qua?
2743 1139 2865 1176 vera
2897 1124 2975 1177 vel
3007 1122 3146 1192 falsa
3172 1125 3301 1190 sint,
3334 1135 3454 1179 ante
3490 1129 3705 1181 exami-

2123 1221 2206 1266 net
2228 1229 2384 1283 quam
2413 1211 2616 1282 probet.
2651 1211 2757 1267 Sed
2775 1211 2978 1267 Gelasii
3003 1228 3236 1268 censura
3261 1213 3422 1283 cujus
3453 1213 3575 1268 ﬁdei
3602 1215 3700 1281 sit,

2123 1313 2388 1360 tractatus
2420 1305 2510 1360 ille
2542 1305 2825 1360 declarare
2855 1321 2963 1360 non
3008 1305 3212 1375 potuit;
3263 1306 3503 1377 scriptus
3547 1306 3701 1361 enim

2119 1407 2203 1453 est
2232 1407 2498 1453 tractatus
2523 1397 2638 1466 ipse
2665 1406 2788 1467 post
2821 1396 3197 1453 Marcellinum
3223 1399 3502 1462 comitem,
3537 1398 3704 1468 cujus

2117 1487 2432 1544 Chronicon
2482 1485 2992 1542 citat:Chronicon
3022 1497 3202 1542 autem
3264 1487 3560 1544 Marcellini
3602 1491 3722 1545 diu.

2117 1593 2241 1652 post
2277 1581 2480 1636 Gelasii
2512 1589 2744 1634 mortem
2783 1580 3047 1651 scriptum
3072 1591 3175 1636 est.
3242 1581 3438 1637 Fertur
3474 1583 3699 1653 quidem

2118 1676 2412 1746 Dionysius
2441 1672 2685 1745 Exiguus
2709 1674 2957 1728 eamdem
2994 1674 3381 1729 revelationem
3415 1691 3478 1730 es
3504 1675 3702 1730 Graeca

2118 1767 2362 1821 Marcelli
2389 1763 2832 1821 archimandritze
2857 1765 3128 1820 relatione
3154 1765 3206 1818 in
3258 1767 3500 1836 linguam
3538 1766 3702 1821 Lati-

436 1869 558 1929 post
582 1859 783 1915 Gelasii
836 1833 1090 1926 mortem,
1145 1833 1499 1913 canonesiilli
1535 1871 1564 1910 a
1609 1864 1721 1911 tota
1765 1833 2014 1911 Romana
2047 1833 2087 1888 Β
2117 1874 2243 1912 nam
2264 1857 2634 1921 transtulisse,
2671 1864 2731 1912 ut
2763 1871 2885 1911 eam
2916 1853 3164 1912 Romani
3188 1833 3468 1928 legerent;
3523 1861 3620 1916 sed
3645 1870 3701 1915 et

437 1949 685 2009 Ecclesia
732 1951 936 2020 recepti
956 1950 1094 2017 sint;
1128 1951 1411 2006 decretum
1433 1948 1588 2014 illud,
1617 1965 1727 2018 quo
1763 1947 1818 2001 hi
1843 1962 2014 2002 cano-

435 2057 534 2097 nes
561 2049 764 2096 aeterna
797 2040 1152 2096 damnatione
1183 2039 1428 2094 damnati
1454 2050 1602 2107 sunt,
1621 2039 1840 2094 Gelasio
1863 2054 2016 2110 papas

434 2135 601 2194 tribui
641 2151 750 2191 non
781 2143 982 2205 potest.

506 2250 776 2306 Praeterea
817 2251 934 2305 haec
989 2250 1158 2305 verba
1214 2258 1497 2305 auctorem
1552 2249 1758 2304 decreti
1795 2248 2013 2304 Gelasio

428 2344 704 2414 juniorem
744 2343 968 2396 omnino
991 2342 1400 2398 demonstrant:
1432 2339 1534 2396 Sed
1565 2351 1615 2396 et
1647 2341 1694 2394 si
1737 2359 1842 2412 qua
1889 2351 2012 2396 sunt

431 2437 658 2492 concilia
685 2454 718 2490 a
741 2435 844 2491 SS.
870 2435 1123 2490 Patribus
1159 2435 1413 2489 hactenus
1445 2436 1713 2500 instituta,
1745 2443 1862 2504 post
1891 2433 2013 2488 illo-

431 2547 549 2585 rum
569 2539 800 2601 quatuor
815 2529 1189 2585 auctoritatem
1206 2538 1254 2581 et
1271 2527 1617 2582 custodienda
1639 2537 1688 2581 et
1711 2528 2010 2597 recipienda

429 2623 778 2678 decrevimus.
806 2621 886 2676 De
913 2630 1152 2691 quatuor
1192 2619 1540 2692 generalibus
1587 2620 1837 2676 conciliis
1886 2630 2012 2674 ante

427 2717 672 2782 locutus,
701 2715 767 2771 de
803 2715 1030 2786 reliquis
1061 2724 1187 2785 post
1217 2731 1284 2769 ea
1325 2714 1615 2768 celebratis
1643 2715 1788 2783 agit,
1828 2713 2011 2768 mino-

428 2823 657 2880 remque
685 2809 755 2864 iis
789 2809 1177 2864 auctoritatem
1213 2807 1446 2874 tribuit;
1479 2805 1626 2876 quod
1674 2807 1902 2860 omnino
1926 2806 2011 2860 in-

428 2903 601 2972 telligi
621 2902 784 2958 debet
820 2903 888 2958 de
910 2901 1161 2958 conciliis
1181 2915 1305 2970 quas
1334 2899 1662 2954 videbantur
1694 2914 1819 2954 esse
1846 2915 2011 2969 gene-

421 2995 604 3049 ralia:
635 2995 793 3049 aliter
818 2995 951 3048 nihil
979 2995 1206 3049 diceret.
1247 2992 1317 3049 At
1341 3000 1501 3047 astate
1540 2991 1744 3046 Gelasii
1798 2993 2006 3047 nullum

427 3095 551 3157 post
583 3086 1028 3142 Chalcedonense
1054 3085 1347 3141 concilium
1370 3085 1704 3140 celebratum
1729 3094 1833 3150 est,
1861 3083 2008 3154 (illud

2117 1947 2413 2020 Dionysius
2455 1949 2545 2004 ille
2569 1957 2693 2019 post
2723 1948 2937 2003 obitum
2971 1947 3444 2020 Gelasii'scripsit.

2188 2064 2472 2119 Decretum
2504 2063 2663 2119 docet
2686 2063 2930 2119 Marcum
2969 2065 3358 2136 evangelistam
3390 2065 3720 2134 gloriosum.

2116 2171 2532 2211 consummasse
2565 2157 2888 2228 martyrium
2915 2175 2928 2223 ;
2955 2165 3012 2210 at
3049 2157 3153 2212 hoc
3190 2173 3366 2227 neque
3400 2157 3697 2223 Eusebius,

2118 2266 2294 2321 neque
2320 2249 2689 2320 Hieronymus
2736 2259 2863 2304 ante
2895 2248 3174 2303 Gelasium
3203 2248 3465 2314 tradidit,
3518 2264 3702 2318 neque

2114 2352 2240 2414 post
2262 2359 2386 2398 eum
2414 2340 2657 2397 Isidorus
2695 2340 3070 2413 Hispalensis:
3101 2352 3160 2397 ut
3182 2340 3300 2395 Vita
3334 2341 3392 2396 S.
3417 2341 3606 2407 Marci,
3643 2342 3697 2396 in

2113 2451 2223 2506 qua
2257 2435 2379 2506 ejus
2410 2435 2732 2506 martyrium
2756 2433 3112 2496 describitur,
3144 2442 3269 2503 post
3321 2432 3536 2498 lsidori,
3561 2441 3696 2488 ante

2114 2525 2270 2579 Beda:
2302 2533 2356 2579 et
2389 2524 2643 2578 auctoris.
2668 2522 2872 2578 decreti
2933 2531 3178 2592 tempora
3213 2522 3415 2592 scripta
3456 2538 3578 2578 esse
3614 2524 3702 2576 vi-

2113 2615 2328 2670 deatur.

2190 2726 2448 2797 Denique,
2487 2727 2632 2796 qnod
2675 2742 2918 2796 praesens
2960 2727 3236 2799 negotium
3289 2728 3524 2781 maxime
3568 2742 3704 2795 spc-

2115 2828 2246 2886 ctat,
2262 2827 2455 2873 auctor
2482 2818 2550 2872 de
2587 2817 2800 2873 Ruilino
2831 2835 2999 2889 agens
3027 2820 3136 2874 ait:
3168 2817 3274 2872 Illa
3295 2820 3545 2872 sentimus
3574 2835 3705 2888 qua:

2115 2915 2322 2969 beatum
2348 2911 2728 2982 Hieronymum
2756 2913 2949 2966 sentire
2980 2913 3373 2983 cognoscimus:
3397 2920 3442 2964 et
3473 2928 3573 2964 non
3607 2928 3701 2965 so-

2114 3006 2225 3059 lum
2253 3006 2318 3059 de
2345 3005 2545 3075 lia/Iino
2565 3045 2581 3071 ,
2611 3005 2702 3059 sed
2731 3005 2889 3059 etiam
2914 3006 2978 3058 de
3007 3005 3283 3069 universis,
3315 3021 3443 3075 quos
3482 3004 3564 3057 vir
3586 3021 3718 3058 διες

2112 3099 2231 3167 pius
2263 3106 2586 3150 memoratus
2617 3098 2728 3150 zelo
2761 3096 2858 3150 Dei
2886 3105 2935 3150 et
2967 3097 3094 3166 ﬁdei
3123 3096 3376 3167 religione
3418 3096 3700 3162 reprehen-

427 3179 482 3233 in
521 3195 754 3234 numero
777 3179 1112 3249 generalium
1169 3178 1299 3248 poni
1333 3177 1530 3248 potuit.
1582 3176 1789 3231 Auctor
1841 3177 2008 3246 igitur

2115 3194 2210 3246 dit.
2239 3191 2371 3258 Quae
2389 3192 2552 3246 verba
2591 3206 2692 3246 nec
2723 3190 2992 3255 concilio,
3037 3205 3137 3245 nec
3167 3191 3408 3260 pontiiici
3441 3189 3699 3246 Romano

426 3271 594 3339 hujus
624 3271 827 3326 decreti
851 3270 1079 3325 omnino
1112 3278 1236 3336 post
1263 3268 1558 3325 concilium
1585 3269 1858 3337 quintum,
1891 3267 2006 3321 sive

426 3362 1101 3434 Constantinopolitanum
1134 3363 1438 3419 secundum
1499 3361 1738 3432 scripsit.
1794 3359 1867 3415 De
1913 3359 2006 3414 illo

409 3453 573 3507 enim
623 3453 718 3508 diu
764 3454 1080 3509 dubitanter
1125 3455 1292 3510 locuti
1325 3463 1454 3510 sunt
1483 3453 1688 3516 Latini,
1728 3468 1830 3507 nec
1860 3452 2005 3522 paris

426 3561 554 3601 cum
585 3555 824 3618 quatuor
853 3547 1202 3603 auctoritatis
1253 3562 1377 3602 esse
1432 3547 1748 3601 voluerunt.
1799 3545 2004 3615 Grego-

427 3641 547 3696 rius
582 3641 638 3694 lz'
661 3639 740 3695 De
766 3639 864 3694 illa
902 3649 1075 3695 tamen
1106 3640 1328 3711 synodo,
1378 3655 1498 3710 qua:
1544 3637 2005 3708 Constantinopoli

425 3734 763 3804 postmodum
792 3735 938 3804 facta
963 3743 1061 3798 est,
1091 3750 1210 3806 quw
1239 3751 1271 3787 a
1302 3734 1483 3787 multis
1536 3733 1724 3803 quinta
1771 3732 2007 3786 nomina-

429 3833 539 3887 tur,
569 3825 707 3878 scire
733 3840 822 3878 vos
852 3826 991 3878 volo.
1035 3825 1080 3876 A
1117 3824 1306 3878 multis
1350 3824 1516 3892 igitur
1566 3838 1682 3877 aevo
1735 3822 2003 3893 Gregorii,

427 3931 535 3969 non
561 3916 628 3970 ab
651 3916 909 3971 omnibus
925 3916 1117 3985 quinta
1145 3915 1450 3980 dicebatur,
1469 3923 1671 3970 etcum
1705 3914 1846 3968 idem
1871 3915 2006 3969 Gre-

428 4006 618 4075 gorius
650 4007 717 4061 de
736 4008 932 4079 synodi
967 4007 1437 4062 Chalcedonensis
1469 4007 1794 4061 auctoritate
1833 4007 2007 4062 dixis-

428 4106 533 4164 set,
562 4095 629 4151 de
649 4098 838 4167 quinta
865 4099 977 4152 haec
1003 4099 1187 4154 statim
1209 4097 1450 4153 addidit:
1471 4096 1614 4151 Nam
1641 4099 1872 4167 synodus
1888 4113 2006 4168 quae

426 4198 548 4258 post
582 4205 700 4242 eam
732 4189 1050 4260 generaliter
1083 4190 1230 4259 facta
1259 4201 1358 4253 est,
1390 4190 1588 4244 idcirco
1625 4207 1656 4246 α
1679 4191 1827 4244 nobis
1872 4191 2007 4248 rcci-

426 4280 594 4349 pitur,
626 4281 750 4350 quia
778 4280 1010 4348 ejusdem
1044 4283 1233 4350 synodi
1258 4282 1314 4334 in
1333 4281 1577 4336 onmibus
1601 4297 1818 4352 sequens
1859 4291 2006 4336 teno—

426 4388 536 4425 rem
557 4371 703 4425 illius
733 4374 1110 4425 auctoritatem
1143 4373 1398 4429 custodit.
1437 4374 1682 4429 lsidorus
1719 4375 1755 4430 l.
1790 4391 1841 4429 vt
1878 4375 2004 4447 Ety-

425 4465 578 4530 mol.,
606 4465 782 4519 c.16:
824 4463 925 4521 Ha:
971 4476 1094 4520 sunt
1139 4476 1371 4532 quatuor
1418 4467 1608 4538 synodi
1661 4469 2006 4538 principales,

426 4558 550 4627 ﬁdei
580 4559 881 4613 doctrinam
905 4559 1210 4630 plenissime
1232 4563 1602 4630 praedicantes.
1627 4561 1728 4618 Sed
1753 4575 1803 4618 et
1825 4565 1872 4618 si
1897 4582 2000 4636 qua
2033 4545 2077 4600 D

426 4657 549 4701 sunt
579 4649 812 4703 concilia
839 4667 956 4721 qua:
995 4649 1095 4706 SS.
1121 4649 1307 4705 Patres
1333 4651 1539 4721 Spiritu
1570 4653 1669 4708 Dei
1696 4656 1836 4726 pleni
1879 4673 2004 4712 san-

424 4747 616 4792 xerunt
648 4739 996 4809 postillorum
1018 4750 1249 4811 quatuor
1265 4743 1636 4796 auctoritatem
1659 4783 1675 4809 ,
1712 4745 1854 4796 omni
1885 4761 2003 4796 ma-

427 4840 551 4884 nent
579 4831 824 4886 stabilita
863 4835 1056 4903 uigore.
1095 4831 1232 4899 Quis
1275 4849 1383 4889 non
1437 4833 1582 4888 videt
1639 4834 1756 4889 haec
1809 4835 2000 4891 eadem

427 4922 588 4992 quasi
631 4933 810 4979 mente
838 4924 1024 4992 scribi,
1055 4941 1164 4996 qua
1212 4925 1304 4980 illa
1358 4925 1411 4978 in
1443 4926 1662 4981 decreto
1712 4925 2003 4983 Gelasiano

429 5013 978 5072 scribebantur?Nec
1011 5017 1126 5072 haec
1166 5017 1354 5088 igitur,
1388 5032 1490 5072 nec
1528 5018 1618 5072 illa
1658 5028 1784 5074 ante
1836 5021 2000 5088 quin-

427 5115 538 5162 tam
573 5110 843 5180 synodum
887 5110 1090 5179 scripta
1123 5108 1294 5164 fuisse
1325 5109 1622 5180 putaminum
1644 5118 1746 5166 est.
1781 5109 2004 5166 Cassio-

428 5205 598 5260 dorus
621 5205 715 5274 qui
763 5215 883 5274 post
922 5205 1200 5260 Gelasium
1227 5246 1246 5272 ,
1274 5213 1401 5258 ante
1432 5205 1510 5260 vel
1536 5205 1682 5260 circa
1731 5206 1998 5276 synodum

429 5297 676 5366 quintam
711 5298 951 5367 scripsit,
973 5308 1209 5368 quatuor
1245 5307 1454 5352 tantum
1483 5299 1804 5365 nominavit,
1829 5297 1895 5353 de
1912 5313 2003 5369 po-

429 5387 751 5442 sterioribus
788 5388 923 5442 nihil
948 5389 1174 5443 omnino
1204 5389 1432 5444 addidit.

502 5505 748 5576 Denique
787 5507 1021 5578 legimus
1051 5507 1104 5562 in
1133 5507 1353 5564 decreto
1402 5523 1415 5559 :
1460 5505 1599 5561 Item
1645 5507 1913 5577 scriptura
1943 5511 2002 5565 de

429 5599 725 5654 lnventione
751 5597 1041 5653 Dominicw
1079 5601 1273 5668 crucis,
1303 5608 1355 5653 et
1375 5598 1486 5652 alia
1513 5600 1783 5668 scriptura
1809 5598 1873 5652 de
1915 5599 2002 5652 in-

429 5689 667 5744 ventione
691 5690 883 5760 capitis
904 5690 969 5744 Β.
992 5689 1028 5743 .1
1033 5693 1220 5745 oannis
1246 5692 1507 5762 Baptistae
1537 5690 1754 5745 novella:
1791 5691 2003 5760 quidem

424 5781 708 5836 relationes
739 5791 882 5850 sunt,
929 5791 978 5837 et
1000 5783 1242 5838 nonnulli
1261 5799 1349 5837 eas
1365 5780 1627 5838 Catholici
1670 5780 1869 5851 legunt.
1900 5780 2002 5836 Vc-

2109 3285 2245 3341 satis
2277 3284 2648 3350 conveniunt;
2675 3293 2730 3339 et
2752 3299 2840 3337 res
2871 3283 3030 3337 aliter
3061 3284 3287 3337 omnino
3322 3299 3382 3337 se
3413 3284 3594 3339 habet.
3652 3285 3701 3337 A-

2107 3374 2324 3429 nemine
2343 3375 2488 3429 enim
2529 3375 2710 3444 magis
2751 3373 3006 3427 dissentit
3040 3388 3206 3442 quam
3235 3372 3303 3426 ab
3335 3371 3692 3444 Hieronymo.

2109 3465 2300 3521 Libros
2334 3480 2527 3520 omnes
2565 3465 2772 3520 Veteris
2798 3465 3158 3532 Testamenti,
3181 3465 3276 3535 qui
3322 3480 3431 3519 non
3485 3465 3539 3518 in
3586 3463 3698 3519 He-

2106 3559 2377 3614 braeorum
2397 3573 2608 3614 canone
2631 3558 2993 3620 habebantur,
3015 3559 3080 3612 ad
3107 3557 3418 3628 apocrypha
3455 3557 3695 3611 rotunde

2108 3652 2368 3723 relegavit
2397 3650 2792 3724 Hieronymus;
2825 3651 3048 3706 eosdem
3113 3650 3167 3704 in
3217 3651 3435 3704 decreto
3485 3651 3695 3719 pariter

2107 3763 2232 3802 cum
2261 3747 2542 3803 canonicis
2580 3757 2763 3800 sancta
2786 3756 2836 3800 et
2889 3745 3155 3800 catholica
3177 3747 3398 3814 suscipit
3429 3755 3477 3800 et
3519 3747 3693 3800 hono-

2108 3847 2190 3892 rat
2233 3837 2496 3892 Ecclesia.
2529 3835 2896 3910 Hieronymus
2949 3838 3122 3894 libros
3152 3857 3290 3912 quos
3344 3839 3706 3910 apocryphos.

2106 3944 2286 3999 vocat,
2310 3937 2411 4005 legi
2445 3937 2498 3990 in
2524 3936 2764 3990 Ecclesia
2802 3937 2936 3999 vult,
2959 3937 3121 4006 epist.
3148 3939 3250 3992 115
3277 3956 3289 3990 :
3320 3937 3468 3993 Sicut
3493 3940 3692 3993 Iudith

2107 4039 2153 4083 et
2182 4026 2380 4095 Tobiae,
2399 4041 2447 4083 et
2479 4029 2904 4083 Macltabozorum
2930 4029 3090 4083 libros
3115 4029 3238 4099 legit
3265 4032 3472 4100 quidem
3501 4030 3692 4086 Eccle-

2107 4120 2212 4181 sia,
2243 4120 2332 4172 sed
2363 4137 2474 4185 eas,
2507 4121 2645 4174 inter
2675 4121 2958 4173 canonicas
2990 4116 3296 4188 Scripturas
3326 4137 3426 4173 non
3457 4123 3691 4191 recipiti:

2106 4209 2185 4265 sic
2217 4220 2266 4263 et
2295 4211 2406 4265 ha'c
2435 4211 2540 4264 duo
2570 4210 3170 4285 rolumiua(mvapazov
3192 4210 3318 4265 Jcsu
3349 4211 3440 4265 lilii
3469 4211 3691 4271 Sirach.

2105 4310 2160 4354 ct
2203 4300 2540 4370 Sapientiam
2587 4302 2922 4371 Salomonis)
2968 4302 3108 4373 legat
3149 4303 3219 4360 ad
3275 4301 3690 4370 azdiﬁcalionem

2104 4392 2292 4462 plebis,
2311 4409 2414 4447 non
2442 4392 2515 4446 ad
2539 4395 2914 4448 auctoritatem
2953 4394 3431 4449 ecclesiasticorum
3458 4393 3688 4462 dogma-

2108 4495 2217 4540 tum
2245 4487 2692 4555 confirmandam.
2727 4486 2783 4542 In
2817 4489 3035 4544 decreto
3073 4489 3259 4543 omnia
3297 4504 3420 4558 quae.
3453 4504 3682 4560 apocry-

2105 4579 2210 4648 pha
2241 4578 2604 4650 appellantur,
2637 4581 3298 4660 tanquamiaGatholicis
3338 4580 3582 4645 vitanda,
3635 4589 3693 4634 et

2108 4670 2178 4726 ab
2201 4668 2442 4725 Ecclesia
2474 4671 2807 4727 eliminanda
2830 4674 3182 4728 damnantur.
3207 4671 3321 4727 Hoc
3351 4688 3515 4728 sensu
3542 4672 3692 4727 inter

2106 4761 2418 4831 apocrypha
2453 4773 2817 4817 numerantur
2854 4762 3129 4832 Opuscula
3168 4761 3522 4830 Tertulliani,
3576 4760 3691 4818 Νο-

2106 4855 2236 4920 vati,
2257 4855 2510 4920 Arnobii,
2536 4856 2882 4926 Apollinatii.
2915 4857 3088 4912 Aliter
3110 4859 3270 4926 plane
3293 4855 3688 4928 Hieronymus,

2104 4949 2262 5019 epist.
2300 4949 2400 5004 76:
2438 4949 2550 5020 Ego
2585 4948 2864 5020 Origenem
2886 4960 3100 5019 propter
3114 4950 3463 5002 eruditionem
3491 4951 3567 5002 sic
3599 4952 3691 5004 in-

2107 5042 2312 5097 terdum
2341 5041 2637 5113 legendum,
2662 5043 2923 5113 quomodo
2943 5041 3353 5104 Tertullianum,
3389 5040 3687 5106 Novatum,

2107 5136 2423 5200 Arnobium,
2452 5136 2872 5205 Apollinarium,
2895 5147 2944 5197 et
2969 5137 3258 5193 nonnullos.
3293 5127 3687 5190 ecclesiasticos

2106 5223 2390 5293 scriptores
2415 5221 2625 5278 Graecos
2656 5226 2857 5295 pariter
2882 5236 2931 5279 et
2952 5225 3198 5292 Latinos,
3233 5235 3292 5279 ut
3321 5225 3459 5278 bona
3499 5242 3686 5278 eorum

2106 5316 2783 5389 colligamus,vitemusque
2815 5321 3108 5387 contraria,
3156 5317 3318 5388 juxta
3369 5318 3688 5389 Apostolum

2105 5408 2399 5462 dicentem:
2422 5427 2441 5460 ‹
2476 5407 2670 5464 Omnia
2693 5410 2929 5480 probate,
2959 5411 3099 5480 quod
3122 5411 3313 5464 bonum
3343 5420 3422 5464 est
3458 5419 3682 5463 teneten

2104 5501 2238 5568 Quae
2265 5501 2430 5557 verba
2447 5500 2694 5571 Apostoli
2720 5503 2787 5557 ad
2832 5503 2995 5556 aliam
3027 5503 3186 5572 plane
3215 5504 3448 5558 classem
3482 5503 3540 5556 in
3588 5501 3690 5558 de-

2077 5606 2255 5660 _creto
2275 5595 2589 5659 trahuntur,
2619 5605 2680 5654 ut
2718 5606 2844 5652 ante
2895 5596 3245 5651 observatum
3287 5607 3394 5651 est.
3432 5594 3688 5650 Pessimo

2107 5703 2270 5744 sensu
2305 5688 2358 5742 in
2384 5687 2604 5743 decreto
2627 5689 2896 5761 legimus:
2930 5689 3090 5744 Liber
3113 5691 3206 5748 aui
3237 5688 3540 5760 appellatur
3577 5685 3688 5742 Pa-

2107 5785 2291 5851 storis,
2342 5787 2705 5858 apocryphus;
2736 5805 2902 5859 quam
2946 5791 3086 5862 apud
3134 5789 3404 5862 quasdam
3461 5789 3692 5845 Graeciae
