3864 6204
139 305 273 364 ,125

945 307 999 366 J.
1035 307 1409 395 PEARSQNII
1440 310 1766 371 VlNDlClE
1803 311 2222 372 IGNATIANAE.
2257 346 2328 361 -.-
2369 315 2550 373 PARS
2587 315 2629 370 l.

3335 321 3436 376 1.26

163 425 448 480 Ecclesias
478 427 645 482 etiam
675 427 894 498 publice
924 430 1030 501 legi
1068 440 1299 489 testatus
1327 445 1434 499 est,
1482 443 1538 490 et
1567 451 1750 492 revera
1783 441 1827 498 Î‘
1855 454 1978 508 qua:
2007 439 2378 495 adversarium
2420 439 2693 510 absolvit,
2745 453 3072 513 argumento
3113 445 3289 500 cedit!
3324 445 3424 513 Qui

159 519 358 574 utilem
412 520 622 575 librum
675 523 1056 592 pronuntiavit
1108 523 1498 598 Hieronymus.
1544 529 1753 583 Auctor

157 611 393 701 decreti,
421 611 696 680 Opuscula
721 611 1007 669 Clementis
1041 616 1394 672 Alexandrini
1431 620 1750 701 apocrypha.

156 698 538 773 Hieronymus
561 704 616 756 in
640 703 936 774 Catalogo:
965 704 1239 760 Feruntur
1268 707 1382 775 ejus
1409 698 1639 778 insignia
1659 726 1753 778 vo-

157 794 391 859 lumina,
417 795 677 866 plenaque
705 798 1018 853 eruditionis
1057 807 1107 852 et
1135 798 1468 870 eloquentiae,
1527 809 1636 853 tam
1691 802 1754 856 de

159 885 468 958 Scripturis
493 890 710 954 diuinis,
736 907 896 960 quam
923 891 986 946 de
1013 891 1291 946 stecularis
1315 893 1632 946 litteratura:
1671 895 1756 948 in-

157 988 482 1035 strumento.
518 981 671 1037 Adeo
695 982 898 1039 decreti
924 999 1150 1054 scopus,
1173 992 1226 1038 et
1257 985 1417 1055 quasi
1460 985 1753 1055 peculiaris

159 1073 450 1139 tractatio,
476 1074 546 1127 ab
577 1073 898 1148 Hieronymi
919 1077 1172 1133 doctrina
1194 1079 1414 1148 penitus
1431 1080 1748 1134 abhorrent.

157 1162 323 1217 Liber
352 1163 790 1236 Prouerbiorum,
819 1170 910 1239 qui
934 1169 1000 1223 ab
1029 1171 1294 1224 htereticis
1321 1174 1670 1242 conscriptus,
1703 1183 1753 1228 et

159 1255 222 1310 S.
254 1255 406 1312 Sixti
425 1261 638 1314 nomine
663 1271 996 1330 prwnotatus
1023 1272 1126 1330 est,
1155 1265 1488 1334 apocryphus
1510 1307 1528 1332 ,
1573 1267 1754 1336 inquit

155 1349 254 1402 ille
270 1364 438 1418 quem
470 1347 752 1406 Gelasium
777 1366 900 1406 esse
915 1352 1123 1407 volunt.
1154 1353 1225 1406 At
1247 1351 1612 1425 Hieronymus
1626 1370 1750 1409 eum

155 1437 368 1494 librum
400 1441 594 1496 docuit
619 1459 728 1498 non
751 1443 821 1498 ab
851 1443 1126 1500 haereticis
1157 1444 1327 1500 fuisse
1349 1447 1752 1515 conscriptum,

153 1530 258 1584 sed
290 1546 324 1584 a
386 1533 720 1603 philosopho
765 1533 1131 1605 Pythagoreo,
1173 1538 1334 1606 epist.
1370 1538 1474 1593 66:
1532 1538 1753 1592 Librum

156 1618 308 1674 Sizti
335 1621 683 1693 Pythagorei,
712 1624 940 1678 hominis
963 1627 1156 1695 absque
1182 1625 1416 1692 Christo,
1448 1640 1604 1699 atque
1635 1631 1752 1682 eth-

153 1717 291 1781 nici,
321 1715 609 1769 immutato
634 1718 845 1771 nomine
869 1759 885 1784 ,
926 1717 1086 1788 Xysti
1138 1721 1393 1790 martyris
1427 1731 1475 1776 et
1499 1720 1751 1777 Romam?

155 1809 424 1864 Ecclesia:
445 1809 678 1878 episcopi
710 1812 1045 1878 prtenotavit.

228 1901 375 1958 Cum
409 1901 574 1972 igitur
596 1917 698 1956 nec
732 1901 1113 1957 Stichometria
1128 1905 1452 1973 patriarchae
1476 1903 1750 1960 Constan-

153 1995 534 2066 tinOpolitano
564 1992 856 2048 tribuenda
891 1995 998 2061 sit,
1038 2010 1139 2050 nec
1168 1995 1454 2051 Decretum
1499 1997 1752 2054 Romano

152 2085 329 2140 tribui
361 2100 524 2154 posse
553 2083 825 2149 videatur,
856 2100 965 2138 non
1015 2097 1099 2139 est
1121 2101 1184 2140 ea
1216 2102 1464 2143 censura:
1510 2090 1752 2143 auctori-

154 2184 265 2240 tas,
290 2191 467 2246 quam
498 2177 674 2232 voluit
701 2177 970 2232 Dallaaus:
1004 2193 1243 2248 cumque
1273 2187 1422 2233 tanta
1449 2180 1520 2234 sit
1540 2179 1751 2235 Sticho-

153 2272 369 2324 metria:
395 2281 560 2340 atque
590 2269 821 2326 Decreto
852 2271 906 2325 in
931 2271 1261 2342 apocrypbis
1281 2273 1610 2329 denotandis
1636 2275 1750 2330 dis-

156 2361 473 2430 crepantia,
534 2376 645 2416 non
698 2370 786 2417 est
826 2376 890 2416 ea
945 2376 1196 2416 censuras
1236 2363 1554 2428 concordia,
1583 2379 1748 2433 quam

154 2452 330 2505 tradit
354 2452 443 2504 vir
459 2451 811 2508 doctissimus
835 2471 848 2506 :
875 2467 1000 2506 cum
1028 2452 1268 2523 denique
1301 2453 1354 2506 in
1381 2453 1499 2524 ipsa
1532 2453 1748 2510 Sticho-

158 2544 358 2595 metria
380 2542 507 2596 libri
535 2543 611 2596 illi
645 2544 1026 2598 tantummodo
1075 2543 1216 2599 Novi
1246 2543 1570 2601 Testamenti
1621 2565 1749 2618 apo-

160 2636 349 2705 cryphi
369 2636 651 2702 dicantur,
683 2639 819 2692 satis
853 2639 1104 2708 apposite
1126 2637 1526 2707 Hammondus,
1563 2639 1610 2696 si
1634 2641 1750 2710 epi-

159 2729 338 2782 stolas
393 2727 592 2798 lgnatii
652 2728 708 2783 in
774 2728 1020 2784 lndiculo
1083 2731 1335 2787 denotari
1394 2733 1744 2796 concedatur,

159 2819 441 2875 Salmasio
471 2820 689 2876 videtur
717 2823 1072 2892 respondisse
1097 2843 1112 2878 :
1147 2823 1303 2878 Nihil
1329 2825 1395 2878 ab
1427 2828 1748 2882 auctoritate

157 2914 402 2982 epistolis
437 2914 582 2970 hisce
610 2933 642 2968 a
671 2917 819 2970 nobis
863 2917 1066 2971 tributa
1117 2932 1182 2970 ea:
1207 2933 1266 2970 eo
1297 2921 1595 2972 detractum
1652 2929 1746 2973 aut

160 3009 432 3060 minutum
483 3025 614 3075 esse,
669 3009 816 3079 quod
865 3009 1028 3064 sicin
1061 3012 1478 3080 apocryphorum
1529 3027 1746 3066 numero

1857 533 1938 588 sic
1960 533 2138 586 virum
2173 548 2451 587 summum
2480 532 2691 600 laudat,
2725 536 3002 603 quomodo
3026 536 3337 606 vituperat?

1925 623 2223 678 Videamus
2260 624 2426 694 igitur
2446 624 2624 692 primo
2650 624 2780 694 quid
2814 625 3031 680 tandem
3067 627 3158 692 sit,
3191 628 3263 682 ob
3288 629 3431 698 quod

1855 713 1998 768 hanc
2037 714 2412 769 defensionem
2465 723 2618 769 tanto
2673 716 2950 785 praeconio
2989 716 3177 782 ctl'ert;
3239 733 3433 787 nempe

1854 807 2001 878 quod
2035 808 2165 862 hinc
2202 817 2464 878 appareat
2494 823 2591 864 eos
2643 809 2921 862 immerito
2956 819 3246 864 accusatos
3281 811 3429 867 esse,

1855 899 1949 968 qui
1970 897 2253 967 Ignatiana
2276 901 2632 964 damnarunt,
2691 909 2981 968 antequam
3038 898 3227 967 purior
3265 901 3434 954 editio

1854 998 2147 1060 procurata
2173 998 2276 1045 est.
2297 991 2366 1046 At
2400 995 2572 1048 nostri
2631 1006 2726 1046 eos
2773 1006 2881 1044 non
2927 997 3278 1055 accusarunt,
3337 987 3427 1058 qui

1853 1079 2116 1149 epistolas
2140 1078 2378 1136 Eusebio
2410 1082 2635 1136 minimc
2662 1090 2994 1135 memoratas
3026 1090 3283 1148 tanquam
3302 1095 3421 1148 spu-

1855 1175 1968 1228 rias
2005 1171 2349 1241 reiecerunt,
2407 1181 2502 1226 aut
2550 1171 2715 1226 etiam
2781 1171 3024 1240 reliquas
3074 1170 3429 1239 interpolatas

1854 1278 1976 1319 esse
2010 1263 2478 1332 pronuntiabant;
2510 1261 2605 1315 sed
2655 1277 2750 1315 eos
2782 1268 3016 1326 tantum,
3039 1260 3132 1330 qui
3169 1260 3432 1328 epistolas

1855 1355 1978 1410 illas
2004 1371 2124 1426 quae
2158 1354 2500 1424 interpolata:
2533 1362 2685 1415 sunt,
2708 1361 3000 1422 antequam
3032 1351 3426 1421 interpolaren-

1855 1457 1985 1512 tur,
2043 1448 2198 1501 fictas
2240 1445 2412 1500 fuisse
2447 1446 2883 1509 contendebant;
2921 1454 3016 1498 aut
3072 1445 3428 1514 interpolatas

1854 1537 2074 1606 penitus
2101 1536 2443 1606 rejiciebant,
2505 1547 2768 1605 tanquam
2825 1536 2962 1589 nihil
3010 1550 3074 1589 ex
3114 1535 3180 1589 iis
3212 1535 3432 1603 probari

1855 1638 2060 1700 posset.
2097 1628 2251 1696 Quod
2295 1639 2481 1683 autem
2533 1629 2795 1697 epistolas
2845 1626 3034 1697 lgnatii
3071 1643 3274 1680 onmem
3315 1643 3429 1680 eam

1855 1732 2250 1789 auctoritatem,
2279 1739 2434 1792 quam
2463 1721 2587 1774 olim
2623 1720 2958 1773 obtinuerant
2986 1719 3141 1788 plane
3169 1720 3431 1791 amisisse,

1853 1816 2153 1886 nulliusque
2178 1815 2518 1869 auctoritatis
2553 1813 2723 1868 fuiSse
2746 1821 2870 1866 ante
2923 1809 3313 1880 Nicephorum,
3359 1827 3425 1868 ex

1853 1903 2076 1960 Usserio
2095 1905 2289 1959 doceat
2319 1904 2583 1970 Dallazus;
2621 1905 2854 1958 observo
2874 1918 2992 1956 eam
3013 1918 3199 1956 vocem
3226 1918 3431 1957 omnem

1851 2015 1962 2054 non
1992 2014 2115 2054 esse
2144 1999 2213 2053 ab
2244 1998 2599 2052 Armachano
2636 2006 2979 2067 usurpatam,
3035 1997 3128 2051 sed
3161 2013 3191 2050 a
3231 1996 3430 2056 Dalhno

1851 2090 2144 2159 adjectam;
2176 2096 2236 2142 ut
2258 2097 2312 2142 et
2346 2087 2460 2150 illa,
2502 2088 2700 2140 nullius
2727 2088 3091 2153 auctoritatis,
3121 2101 3242 2156 quae
3295 2085 3426 2148 inde

1851 2181 2055 2252 pariter
2077 2179 2318 2234 deducit.
2348 2178 2462 2250 Ego
2504 2180 2661 2232 aliter
2715 2175 2998 2232 Usserium
3049 2177 3324 2248 intelligo;
3374 2183 3426 2230 et

1850 2275 1944 2344 qui
1979 2275 2060 2329 sic
2111 2273 2583 2345 interpretantur,
2638 2271 2892 2324 fruantur
2940 2271 3016 2324 illi
3075 2272 3432 2328 excusatione

1850 2382 2013 2436 quam
2039 2366 2288 2435 cupiunt,
2336 2366 2428 2420 sed
2461 2364 2680 2418 interim
2714 2364 2892 2418 sciant
2941 2364 3272 2418 sententiam
3307 2379 3428 2419 eam

1849 2475 1956 2528 qua
1983 2458 2236 2512 excusari
2269 2457 2461 2511 volunt
2481 2471 2602 2511 esse
2642 2455 2986 2524 apertissime
3019 2454 3232 2510 falsam.

1921 2549 2072 2605 Hanc
2099 2558 2282 2604 tamen
2318 2549 2692 2604 defensionem
2745 2548 2814 2602 ab
2853 2547 3080 2602 Usserio
3123 2549 3429 2618 ingeniosis-

1848 2643 1980 2696 sime
2011 2652 2059 2696 et
2090 2643 2163 2695 ad
2183 2658 2400 2696 causam
2431 2657 2589 2711 quam
2612 2643 2722 2711 agit
2749 2642 3142 2709 appositissime
3161 2652 3428 2696 inventam

1849 2734 2028 2804 rejicit
2049 2735 2134 2788 vir
2160 2734 2536 2795 doctissimus,
2572 2733 2720 2803 quod
2745 2749 2849 2786 non
2880 2733 3125 2787 videatur
3159 2738 3293 2790 satis
3316 2754 3426 2790 cer-

1850 2835 1923 2880 ta.
1951 2825 2016 2880 Et
2049 2828 2180 2880 satis
2229 2826 2448 2894 quidem
2482 2834 2684 2879 certum
2731 2841 2841 2880 non
2883 2834 3008 2892 est,
3060 2828 3203 2883 ullas
3237 2828 3428 2900 lgnatii

1848 2919 2114 2988 epistolas
2180 2917 2570 2972 Stichometriw
2615 2927 2892 2972 auctorem
2933 2918 3074 2973 inter
3117 2922 3428 2992 apocrypha

1847 3026 2192 3071 numerasse.
2225 3020 2284 3065 ut
2310 3011 2485 3064 voluit
2511 3009 2855 3072 Salmasius;
2885 3012 3059 3067 multo
3088 3013 3273 3067 minus
3316 3031 3428 3067 cer-

160 3099 409 3166 reposita:
433 3101 796 3154 inveniantur.
818 3097 930 3166 Sic,
959 3101 1208 3172 inquam,
1236 3102 1290 3156 id
1316 3110 1401 3157 est
1421 3103 1475 3157 in
1501 3101 1744 3158 lndiculo
1772 3118 1815 3175 (Ï‚
1853 3113 1961 3156 tum
1985 3111 2069 3158 est
2092 3145 2106 3168 ,
2137 3104 2282 3156 inter
2309 3103 2563 3172 pessima:
2589 3111 2732 3157 notae
2757 3106 3072 3175 apocrypha
3098 3106 3428 3174 reposuisse,

158 3194 463 3260 librorum,
491 3195 586 3265 qui
611 3195 666 3249 in
693 3211 959 3250 canonem
985 3195 1350 3266 recipiuntur,
1375 3206 1428 3251 et
1457 3199 1550 3268 qui
1586 3213 1616 3251 a
1650 3213 1748 3253 ca-

159 3302 309 3342 none
339 3296 721 3343 removentur.
753 3285 910 3354 Quod
937 3287 1084 3341 enim
1108 3289 1184 3342 sic
1233 3288 1288 3342 in
1311 3289 1746 3360 apocryphorum

159 3396 399 3436 numero
433 3382 739 3451 reponitur,
762 3381 1047 3437 canonicis
1071 3381 1227 3437 libris
1251 3382 1383 3437 solis
1427 3383 1744 3452 opponitur.

159 3471 229 3528 Ut
263 3472 325 3528 S.
360 3473 707 3545 AuguStinus
739 3473 815 3527 De
851 3475 1081 3533 Civitate
1138 3473 1259 3542 Dei,
1303 3475 1342 3530 l.
1397 3491 1488 3544 xv,
1539 3491 1590 3531 c.
1639 3476 1744 3532 23:

161 3565 339 3620 Ilulta
367 3565 466 3619 sub
491 3566 792 3621 nominibus
824 3575 875 3621 et
895 3566 1126 3620 aliorum
1153 3568 1528 3638 prophetarum
1578 3578 1627 3623 et
1660 3586 1745 3624 re-

158 3659 402 3711 centiora
459 3659 556 3711 sub
596 3658 896 3712 nominibus
957 3659 1322 3728 apostolorum
1367 3659 1432 3712 ab
1482 3659 1745 3714 hwreticis

158 3751 513 3821 proferuntur
543 3789 561 3813 ,
611 3767 728 3821 qua:
753 3751 932 3804 omnia
962 3751 1057 3806 sub
1082 3753 1382 3807 nominibus
1421 3755 1745 3825 apocrypha-

159 3863 278 3899 rnm
296 3844 365 3898 ab
392 3847 719 3899 auctoritate
753 3846 1133 3899 canonicorum
1177 3846 1422 3917 diligenti
1468 3849 1745 3902 examina-

160 3941 307 3993 tione
329 3947 538 3993 remota
569 3946 712 3992 sunt.
741 3936 951 3992 Nomen
980 3940 1146 4008 igitur
1192 3940 1489 4010 apocryphi
1531 3950 1744 3996 tantum

158 4034 223 4086 ab
251 4033 582 4086 auctoritate
627 4032 1000 4086 canonicorum
1027 4033 1293 4104 scriptum
1319 4034 1540 4105 aliquod
1565 4049 1745 4090 remo-

156 4129 342 4181 vehat.

229 4220 340 4274 Sed
367 4221 538 4274 multo
569 4220 758 4275 melius
808 4237 870 4274 ac
900 4221 1185 4275 modestius
1205 4262 1222 4288 ,
1269 4230 1426 4291 atque
1454 4223 1743 4292 sapientius

146 4313 393 4380 â€™tptimus
437 4328 500 4364 ac
538 4311 879 4366 doctissimus
915 4311 1161 4365 Usserius
1205 4309 1495 4382 Ignatiana
1535 4329 1634 4365 sua
1677 4311 1742 4364 ab

156 4407 252 4458 hoc
311 4403 607 4473 Nicephori
661 4403 763 4457 telo
799 4404 1059 4473 defendit,
1093 4404 1272 4474 inquit
1322 4402 1572 4459 Dallteus.
1621 4403 1740 4458 Non

1853 3204 1913 3249 ut
1942 3195 2058 3250 vult
2098 3193 2370 3260 Dallaaus;
2417 3195 2510 3248 sed
2560 3194 2606 3248 si
2643 3194 2771 3264 quis
2800 3195 2916 3250 haec
2956 3195 3254 3261 concedat,
3294 3199 3428 3253 satis

1850 3287 2100 3358 profecto
2140 3296 2349 3342 certum
2393 3296 2511 3352 est,
2548 3302 2642 3342 eas
2680 3297 2902 3357 propter
2940 3288 3173 3341 aliarum
3225 3304 3426 3358 suppoo

1851 3381 2078 3434 sitiones
2106 3390 2160 3434 et
2193 3381 2435 3450 ipsarum
2486 3379 2973 3448 interpolationes,
3025 3389 3233 3435 tantam
3273 3383 3427 3450 ignoo

1849 3473 2076 3526 miniam
2109 3487 2301 3542 passas
2331 3487 2475 3526 esse.
2511 3470 2743 3526 Constat
2765 3472 2910 3526 enim
2950 3473 3210 3543 epistolas
3256 3471 3426 3530 Euse-

1849 3565 1940 3619 bio
1956 3565 2104 3618 visas
2127 3580 2224 3634 per
2246 3564 2418 3618 multa
2455 3565 2654 3619 saecula
2701 3580 2917 3619 summa
2963 3566 3287 3620 auctoritate
3328 3565 3427 3621 flo-

1848 3657 2058 3714 ruisse:
2105 3665 2320 3711 constat
2365 3666 2492 3710 ante
2540 3672 2746 3710 nonum
2792 3657 3052 3712 saeculum
3103 3658 3322 3714 easdem
3373 3666 3428 3714 et

1849 3750 2370 3821 interpolationihus
2406 3750 2638 3804 fmdatas
2660 3791 2674 3816 ,
2706 3759 2758 3804 et
2797 3750 3195 3820 adjectionibus
3238 3759 3427 3808 auctas

1847 3842 2056 3909 fuisse;
2112 3850 2330 3898 constat
2382 3843 2522 3898 alios
2571 3843 2743 3898 libros
2792 3844 2974 3913 primo
3014 3845 3257 3914 integros
3300 3844 3426 3900 dein

1848 3943 2139 4006 corruptos
2169 3935 2311 3990 inter
2346 3936 2657 4006 apocrypha
2694 3936 2849 4004 rejici
2891 3937 3083 3991 solitos
3118 3953 3132 3990 :
3166 3938 3211 3993 si
3260 3939 3428 4008 igitur

1847 4027 1932 4081 hat
1953 4026 2196 4096 epistolae
2225 4042 2372 4081 nono
2400 4028 2492 4080 illo
2523 4028 2726 4082 saeculo
2763 4037 3023 4098 tanquam
3061 4029 3428 4085 omnibusCa-

1848 4120 2066 4176 tholicis
2110 4120 2346 4174 vitandae
2377 4126 2838 4189 proponerentur,
2874 4136 2996 4190 quae
3041 4121 3306 4176 hactenus
3357 4121 3427 4176 ab

1847 4213 2111 4267 omnibus
2145 4222 2258 4267 tum
2287 4212 2573 4268 catholicis
2608 4221 2721 4266 tum
2766 4213 3041 4269 haereticis
3081 4213 3302 4268 fuerant
3339 4228 3428 4268 reâ€”

1847 4314 2037 4375 ceptae,
2092 4305 2146 4359 id
2201 4305 2272 4359 ob
2323 4305 2485 4358 aliam
2540 4319 2788 4372 causam,
2837 4320 3003 4375 quam
3049 4307 3120 4360 ob
3163 4305 3426 4375 adjectio-

1850 4415 1947 4452 nes
2006 4398 2458 4468 eorruptelasque
2510 4398 2629 4452 ï¬eri
2687 4414 2796 4452 non
2849 4399 3094 4468 potuisse
3142 4399 3267 4469 quis
3314 4414 3424 4455 non

156 4485 305 4552 male
333 4495 648 4552 defendisse
671 4482 1445 4551 ostendimus-Hammondum
1463 4515 1478 4563 ;
1498 4497 1545 4551 si
1576 4495 1741 4550 multo
1773 4490 1818 4545 D
1845 4489 2028 4544 videt?

157 4590 352 4643 melius
383 4587 668 4655 Usserius,
704 4597 855 4643 certe
885 4589 1090 4658 Optime
1117 4587 1378 4644 defendit.
1407 4587 1614 4657 Nempe
1637 4589 1744 4641 Ar-

157 4681 472 4734 machanus
497 4680 687 4735 docuit
711 4695 819 4734 non
851 4681 1049 4734 mirum
1068 4695 1211 4747 esse,
1243 4680 1289 4736 si
1312 4679 1556 4749 epistolae
1589 4677 1745 4749 Igna-

156 4773 244 4834 tii,
295 4773 610 4842 adiectione
657 4773 992 4842 spuriarum,
1047 4781 1101 4827 et
1159 4772 1674 4841 interpolationihus
1712 4787 1742 4826 a

155 4864 399 4933 pristina
429 4862 605 4917 forma
635 4864 938 4918 immutata:
961 4865 1013 4918 in
1034 4864 1474 4936 apocryphorum
1509 4879 1742 4920 numero

159 4966 604 5028 reponerentur:
636 4957 1098 5026 quemadmodum
1131 4956 1376 5012 Estherie
1402 4958 1557 5021 liber,
1614 4958 1744 5013 licet

157 5049 228 5104 ab
257 5047 507 5103 Hebraeis
559 5057 828 5118 receptus,
885 5057 1066 5104 tamen
1098 5058 1321 5119 propter
1349 5051 1738 5117 additamenta,

157 5157 186 5196 a
212 5140 478 5196 Melitone
506 5140 790 5207 Sardensi,
815 5150 872 5196 et
902 5141 1165 5212 Gregorio
1198 5141 1564 5210 Nazianzeno,
1599 5145 1743 5198 inter

156 5251 351 5290 sacros
420 5234 591 5289 libros
646 5236 959 5290 nominatus
1013 5251 1123 5290 non
1180 5244 1286 5300 est,
1338 5235 1407 5290 ab
1437 5235 1740 5292 Athanasio

155 5329 322 5384 etiam
358 5327 505 5381 inter
530 5326 730 5382 nothos
758 5326 1084 5381 nominatim
1129 5328 1397 5396 abjectus.
1441 5326 1739 5384 Verumta-

153 5435 283 5474 men
315 5419 364 5472 si
391 5416 650 5471 Dallaeum
675 5418 813 5472 bene
836 5419 984 5484 novi,
1021 5432 1126 5471 non
1145 5429 1228 5472 est
1254 5419 1433 5487 nihili,
1461 5419 1606 5490 quod
1637 5419 1740 5472 Ar-

156 5510 418 5565 machani
453 5508 827 5564 defensionem
855 5517 1141 5579 tantopere
1172 5512 1384 5580 probat.
1436 5511 1557 5567 Non
1590 5499 1738 5566 enim

157 5603 281 5657 sine
310 5602 444 5656 dolo
493 5600 700 5667 laudat,
729 5617 893 5671 quam
945 5603 1063 5658 sine
1094 5603 1310 5659 ratione
1361 5604 1559 5674 rejicit.
1595 5605 1739 5661 Lau-

158 5694 274 5760 dat,
307 5704 371 5749 ut
403 5710 538 5750 suos
566 5707 826 5764 excuset;
851 5696 1052 5767 reiicit,
1101 5706 1162 5752 ut
1191 5708 1572 5769 argumentum
1625 5699 1735 5755 vim

162 5803 323 5844 suam
347 5788 621 5867 â€œretineat.
663 5787 709 5845 ÎŸ
737 5790 1051 5861 praeclaram
1093 5790 1304 5849 Usserii
1337 5791 1732 5864 defensionem,

1917 4586 2044 4643 Haec
2071 4596 2274 4655 tamen,
2303 4596 2593 4658 postquam
2633 4595 2918 4656 tantopere
2951 4585 3292 4648 laudaverat,
3322 4601 3422 4640 ne-

1846 4689 1938 4751 gat
1974 4679 2229 4746 Dallaaus,
2269 4681 2469 4750 primo,
2515 4679 2646 4748 quia
2679 4678 2856 4732 nullus
2908 4687 2984 4732 est
3031 4694 3208 4731 eorum
3250 4677 3419 4731 libro-

1846 4791 2000 4841 rum,
2035 4790 2164 4844 quos
2197 4773 2418 4826 damnat
2451 4771 2792 4843 Nicephorus
2814 4811 2828 4834 ,
2865 4771 2928 4824 de
2959 4787 3062 4840 quo
3097 4771 3298 4840 aliquid
3344 4772 3421 4825 si-

1846 4868 1969 4922 mile
2001 4848 2107 4922 dici
2139 4869 2326 4936 possit.
2364 4864 2420 4920 Si
2454 4866 2561 4922 hoc
2592 4881 2781 4920 verum
2832 4874 3010 4929 esset,
3056 4864 3192 4918 nihil
3237 4874 3420 4918 tamen

1843 4961 2098 5027 elliceret',
2131 4960 2262 5030 quia
2288 4975 2397 5013 non
2427 4967 2514 5014 est
2547 4957 2738 5012 eadem
2771 4957 3019 5012 omnium
3068 4955 3419 5027 apocrypho-

1842 5069 1964 5108 rum
2005 5054 2166 5119 ratio,
2208 5061 2267 5107 ut
2296 5061 2423 5106 ante
2451 5049 2796 5106 ostendimus
2825 5067 2838 5104 :
2869 5049 2961 5104 sed
2992 5057 3078 5103 est
3107 5057 3292 5118 aperte
3316 5047 3418 5100 fal-

1845 5160 1989 5198 sum.
2021 5144 2160 5199 Ecce
2189 5143 2336 5198 enim
2387 5143 2440 5197 in
2493 5139 2869 5195 Stichometria
2900 5140 3131 5209 legimus
3161 5137 3416 5209 Î ÎµÏá½·Î¿Î´Î¿Ï‚

1842 5236 2072 5308 Î á½³Ï„ÏÎ¿Ï…,
2101 5236 2299 5306 ÏƒÏ„á½·Ï‡Ï‰Î½
2319 5234 2442 5306 Î²Ïˆ.
2465 5232 2806 5288 ltinerarium
2827 5231 2998 5296 Petri,
3028 5245 3204 5284 versus
3225 5228 3414 5296 2,700.

1841 5327 1957 5382 lloc
1982 5327 2326 5382 ltinerarium
2359 5343 2390 5381 a
2414 5325 2692 5380 Clemente
2714 5322 2964 5378 Romano
2986 5322 3248 5390 scriptum
3277 5320 3418 5376 fuis-

1841 5436 1901 5477 se
1933 5420 2234 5474 credebant
2256 5427 2492 5484 veteres,
2527 5417 2670 5472 unde
2695 5416 2934 5485 primum
2958 5415 3108 5468 inter
3135 5411 3413 5482 á¼€Î½Ï„Î¹Î»ÎµÎ³á½¹-

1843 5529 1980 5584 Î¼ÎµÎ½Î±
2010 5513 2249 5582 positum
2274 5518 2378 5576 est,
2409 5510 2532 5565 dein
2566 5510 2708 5563 inter
2747 5507 3076 5578 apocrypha.
3123 5504 3411 5559 Rationem

1839 5605 1944 5675 ipsi
1976 5602 2353 5668 reddiderunt,
2404 5602 2546 5672 quod
2587 5617 2707 5671 epis
2757 5599 2878 5655 libri
2927 5599 3181 5652 doctrina
3220 5597 3411 5651 aban

1838 5713 1963 5768 qua:
2007 5713 2037 5751 a
2082 5696 2362 5752 Clemente
2394 5694 2592 5749 tradita
2627 5702 2732 5760 est,
2763 5693 2996 5746 multum
3044 5691 3260 5749 tandem
3292 5690 3408 5743 dis-

1842 5790 2121 5862 crepabat.
2152 5788 2270 5846 Non
2301 5789 2445 5862 quod
2474 5772 2807 5844 Clementem
2840 5801 2966 5842 eum
3009 5785 3209 5841 librum
3241 5783 3402 5838 iniui-
