3864 6204
491 346 595 400 η’]

1507 358 1564 411 8.
1605 356 1948 416 IGNATIUS.
1989 391 2056 400 -—
2094 355 2625 414 PBOLEGOMENA.

3653 363 3770 415 128

493 484 579 523 me
603 469 893 538 scripsisse
918 472 1226 539 crederent,
1273 478 1365 531 sed
1403 478 1549 547 quod
1581 480 1649 533 ab
1690 480 1962 534 hmreticis
1995 480 2070 533 in-

2174 475 2316 532 ὀκτὼ
2338 477 2562 548 βιϐλίοις
2589 478 3166 551 προσπεφωνημέναι),
3183 495 3320 550 quos
3343 488 3522 536 tamen
3543 483 3768 551 pariter

491 561 828 630 terpolatum
859 564 1105 635 adeoque
1135 580 1454 638 corruptum
1505 581 1778 640 putarent.
1827 571 1902 626 Ita
1943 571 2070 642 Epi-

491 651 728 720 phanius
773 654 840 708 de
874 655 1146 712 Ebionteis
1192 677 1204 712 :
1237 659 1491 731 Χρῶνται
1524 661 1579 714 δὲ
1614 663 1707 716 καὶ
1741 661 1928 726 ἄλλαις
1959 680 2068 716 τισι

491 741 696 811 βίϐλοις
720 785 735 810 ,
770 747 927 818 δῆθεν
961 752 1078 813 ταῖς
1110 754 1412 825 Περιόδοις
1445 753 1804 824 καλουμέναις
1845 757 2071 824 Πέτρον

489 835 610 898 ταῖς
641 837 728 890 διὰ
761 838 1077 910 Κλήμεντος
1111 845 1456 914 γραφείσαις,
1484 846 1836 910 νοΟεύσαντες
1872 847 1970 916 μὲν
2001 847 2071 900 τὰ

489 927 550 978 ἐν
584 931 794 994 αὑταῖς,
831 932 984 998 ὀλίγα
1015 935 1070 987 δὲ
1105 936 1332 1007 ἀληθινὰ
1369 937 1649 1002 ἐάσαντες.
1705 938 1839 994 Sunt
1889 950 1938 994 et
1971 940 2068 994 alii

490 1017 617 1071 libri
649 1022 836 1089 quibus
879 1034 1123 1094 utuntur,
1160 1037 1216 1079 ut
1256 1030 1528 1086 Circuitus
1551 1029 1697 1104 Petri
1737 1050 1769 1084 a
1803 1031 2070 1086 Clemente

493 1112 679 1180 scripti
707 1153 720 1177 ,
755 1129 858 1183 quo
892 1115 947 1167 in
980 1115 1115 1169 libro
1145 1157 1158 1182 ,
1208 1119 1392 1186 paucis
1447 1120 1582 1173 veris
1635 1121 1833 1176 relictis
1879 1132 2070 1176 cetera

492 1216 896 1273 supposuerunt.
934 1206 1091 1273 Quod
1140 1209 1307 1279 igitur
1348 1213 1654 1278 asseritur,
1705 1214 1912 1267 nullum
1959 1232 2070 1268 esse

491 1311 669 1348 eorum
702 1297 982 1363 librorum,
1017 1317 1146 1369 quos
1181 1300 1398 1355 damnat
1429 1301 1830 1359 Stichomctrize
1855 1316 2068 1372 auctor,

491 1388 553 1440 de
584 1405 686 1457 quo
720 1390 926 1462 aliquid
961 1393 1137 1447 simile
1168 1393 1276 1448 dici
1308 1397 1518 1465 possit;
1567 1413 1677 1452 non
1725 1407 1809 1454 est
1853 1401 2068 1456 veritati

490 1490 944 1538 Consentaneum.

563 1575 819 1628 Secundo
844 1574 1222 1631 defensionem
1257 1576 1467 1634 Usserii
1499 1580 1674 1650 rejicit
1695 1623 1710 1649 ,
1739 1582 1883 1652 quod
1920 1597 2072 1654 putet

491 1661 885 1734 Nicephorum.
917 1667 960 1722 si
990 1667 1267 1738 lgnatiana
1290 1711 1305 1737 ,
1339 1687 1446 1725 non
1474 1687 1570 1741 per
1596 1688 1655 1728 se
1683 1675 1902 1744 proprie
1923 1718 1938 1742 ,
1977 1677 2069 1731 sed

491 1764 706 1811 tantum
759 1759 830 1813 ob
863 1760 1116 1815 a-ldititia
1161 1771 1215 1816 et
1261 1763 1584 1832 interpolata
1624 1765 1981 1833 damnasset,
2016 1769 2068 1822 id

490 1851 669 1920 ipsum
715 1853 940 1918 testari,
983 1869 1257 1924 suumque
1282 1855 1349 1910 de
1387 1856 1528 1911 libro
1555 1856 1684 1911 olim
1719 1859 1946 1929 probato
1973 1861 2069 1930 ju-
2106 1834 2120 1885 Ι

489 1941 694 1997 dicium
740 1943 1026 2012 diligenter
1055 1961 1292 2016 purgare
1326 1948 1566 2004 voluisse
1604 1967 1618 2003 :
1650 1949 1794 2005 idem
1829 1952 1975 2006 enim
2014 1953 2071 2007 in

489 2035 986 2092 Constitutiouibus
1031 2038 1351 2106 apostolicis
1389 2039 1638 2096 fecerunt
1679 2041 1928 2098 Trullani
1963 2043 2071 2099 Pa-

491 2137 622 2184 tres.
655 2129 839 2183 Mirari
877 2130 1011 2184 satis
1041 2145 1149 2184 non
1179 2147 1403 2202 possum
1439 2133 1582 2188 hanc
1613 2134 1715 2189 viri
1765 2136 2072 2194 doctissimi

489 2219 896 2289 iniquissimam
927 2222 1353 2291 postulationem
1381 2263 1395 2289 ,
1439 2233 1530 2291 ut,
1576 2227 1815 2295 scilicet,
1861 2227 2075 2284 Sticho-

490 2309 694 2364 metrite
729 2319 922 2364 auctor
944 2326 1169 2366 causam
1202 2313 1554 2382 exprimeret,
1593 2331 1762 2386 seque
1784 2316 2074 2386 diligenter

490 2413 782 2479 purgaret,
841 2404 886 2460 si
931 2405 1002 2459 ob
1031 2421 1151 2460 eam
1181 2421 1406 2462 causam
1446 2407 1724 2479 lgnatiana
1760 2411 1901 2465 inter
1941 2425 2074 2481 apo-

495 2496 700 2566 crypha
745 2496 1043 2568 relegaret,
1095 2515 1261 2570 quam
1296 2501 1473 2556 voluit
1517 2499 1796 2559 Usserius.
1831 2503 1890 2558 Si
1925 2505 2073 2558 enim

499 2595 610 2641 tam
633 2589 818 2645 nobile
847 2591 1144 2662 scriptum,
1171 2603 1227 2648 et
1250 2594 1317 2650 ab
1341 2596 1597 2652 omnibus
1638 2606 1913 2667 receptum
1935 2613 2069 2652 con-

491 2678 754 2736 demnare
786 2682 978 2747 voluit,
1004 2700 1105 2738 cur
1143 2685 1282 2741 hanc
1321 2702 1430 2740 non
1469 2688 1686 2755 minus,
1713 2706 1878 2759 quam
1910 2691 2072 2744 aliam

495 2787 886 2845 quamcunque
910 2791 1157 2842 causam,
1188 2794 1354 2848 quam
1385 2780 1646 2836 habuisse
1686 2783 1953 2847 videatur,
1988 2799 2076 2838 re-

491 2864 659 2919 licere
689 2866 905 2936 potuit?
933 2867 1311 2924 Certissimum
1332 2880 1417 2925 est
1437 2912 1451 2937 ,
1482 2869 1954 2942 lgnatiiepistolas
1980 2889 2076 2943 per

491 2960 703 3031 aliquot
731 2961 927 3016 saecula
971 2971 1096 3016 ante
1123 2977 1326 3017 nonum
1347 3004 1364 3030 ,
1397 2977 1508 3033 quo
1543 2963 1833 3034 scripsisse
1877 2980 2077 3020 censor

488 3050 578 3107 ille
616 3053 972 3122 perhibetur,
1030 3061 1143 3107 tum
1193 3054 1261 3108 ab
1309 3054 1569 3111 omnibus
1598 3057 1924 3122 Catholicis,
1958 3067 2074 3112 tum

486 3145 650 3198 etiam
683 3145 959 3222 haereticis
985 3147 1393 3216 receptissimas
1411 3145 1605 3212 fuisse,
1630 3157 1685 3202 et
1703 3148 1845 3203 inter
1867 3149 2070 3221 scripta
2099 3177 2145 3239 ς

487 3237 757 3292 catholica
789 3238 968 3308 primo
997 3239 1119 3294 loco
1159 3249 1500 3295 numeratas.
1538 3238 1596 3294 Si
1629 3240 1795 3313 igitur
1819 3243 1918 3298 bas
1941 3258 2072 3298 con-

485 3327 769 3395 demnare,
805 3329 1082 3400 simulque
1128 3329 1360 3385 debitam
1396 3332 1688 3402 majoribus
1724 3336 2071 3388 reverentiam

487 3427 768 3489 fraestare,
815 3431 871 3477 et
913 3422 1155 3492 seipsum
1200 3423 1481 3493 diligenter
1513 3440 1740 3494 purgare
1784 3427 2069 3493 voluisset,

486 3524 555 3566 eo
587 3515 760 3584 magis
801 3513 885 3568 sui
917 3513 1115 3584 judicii
1147 3530 1372 3570 causam
1407 3515 1631 3570 reddere
1673 3518 1992 3585 tenebatur,
2025 3520 2068 3573 si

489 3611 551 3658 ut
581 3619 806 3672 prorsus
827 3606 1206 3675 supposititias
1236 3617 1290 3661 et
1316 3607 1470 3662 fictas
1502 3608 1838 3678 ahjiciendas
1867 3610 2069 3679 p0tius,

488 3709 652 3764 quam
678 3696 1034 3768 interpolalas
1070 3708 1124 3754 et
1165 3711 1356 3755 auctas
1401 3702 1736 3770 respuendas
1764 3702 2067 3772 iudicaret;

489 3789 844 3857 Interpolatas
877 3791 1021 3845 enim
1047 3799 1102 3846 ct
1129 3792 1349 3861 spurias
1376 3794 1536 3862 pauci
1575 3803 1704 3849 tunc
1737 3810 1802 3849 ac
1843 3795 2070 3850 moder—

491 3877 586 3941 ni,
616 3893 712 3932 cas
737 3891 918 3933 autem
949 3897 1088 3950 quas
1121 3882 1387 3950 genuinas
1427 3891 1709 3952 putamus,
1746 3895 1801 3938 et
1850 3885 2071 3955 plurimi

491 3977 543 4022 et
577 3970 933 4025 vetustissimi
967 3981 1303 4041 receperant.
1335 3970 1439 4026 Sed
1476 3988 1660 4027 revera
1684 3982 1744 4028 ut
1778 3975 2069 4044 quisquam

491 4059 584 4128 qui
617 4058 917 4113 indiculum
945 4069 1157 4114 tantum
1199 4061 1313 4116 sive
1357 4062 1738 4135 ἀπαρίθμησιν
1759 4106 1775 4132 ,
1809 4049 2070 4122 ιη’(ἶηεοί

492 4149 813 4220 loquuntur,
857 4149 1093 4206 confecit
1135 4151 1398 4206 librorum
1429 4155 1824 4209 canonicorum
1857 4164 1912 4210 et
1939 4171 2071 4226 apo-

492 4245 857 4315 cryphorum,
901 4244 969 4299 de
1002 4254 1200 4300 natura
1233 4245 1498 4300 librorum
1530 4262 1672 4318 quos
1708 4258 1918 4302 tantum
1970 4267 2072 4304 nu-

492 4345 685 4401 merat,
711 4334 1052 4406 disputaret,
1082 4348 1179 4394 aut
1207 4340 1274 4394 de
1309 4341 1494 4412 aliquo
1539 4342 1806 4412 peculiari
1843 4345 2069 4414 scripto,

490 4437 591 4479 cur
621 4441 686 4478 eo
711 4425 832 4480 loco
854 4438 1169 4496 poneretur,
1189 4430 1456 4486 rationem
1484 4431 1733 4487 redderet
1759 4474 1774 4500 ,
1806 4433 2071 4490 hactenus

2172 569 2515 640 recipiendos
2546 569 2772 623 minime
2801 571 3084 638 putabant.
3117 568 3350 626 Necesse
3395 572 3581 642 itaque
3633 585 3770 628 erat

2172 668 2232 712 ut
2259 660 2620 713 admonerent
2645 659 3064 713 constitutiones
3096 659 3217 714 illas
3246 676 3365 715 esse
3391 662 3765 730 rejiciendas;

2171 751 2328 804 aliter
2363 750 2552 804 eadem
2591 764 2756 819 opera
2780 765 2904 803 cum
2933 750 3236 806 canonihus
3264 753 3579 820 apostolicis
3611 771 3768 807 con-

2171 842 2402 896 ﬁrmata:
2433 841 2685 897 fuissent.
2727 842 2796 896 At
2825 843 3248 899 constitutiones
3277 861 3369 900 eas
3394 855 3454 900 ut
3479 848 3661 916 primo
3693 847 3771 900 ﬁ—

2171 944 2289 990 ctas
2326 944 2380 988 et
2412 935 2792 1004 supposititias
2830 935 3057 1004 rejicere
3100 951 3208 988 non
3250 945 3578 1003 potuerunt,
3643 940 3767 992 nisi

2171 1028 2334 1083 simul
2379 1044 2616 1082 canones
2655 1028 2944 1097 rejicerent
2983 1029 3100 1098 (qui
3136 1045 3326 1083 earum
3366 1041 3474 1084 tam
3521 1031 3771 1085 honori-

2172 1123 2326 1174 licam
2346 1121 2672 1174 mentionem
2699 1121 2983 1186 fecerant),
3002 1137 3141 1190 quos
3167 1122 3414 1176 stabilire
3439 1123 3767 1178 voluerant.

2174 1212 2243 1266 Ut
2275 1214 2438 1282 igitur
2487 1229 2728 1268 canones
2761 1214 3076 1278 retinerent,
3116 1221 3170 1266 et
3209 1215 3636 1270 constitutiones
3667 1232 3773 1270 re-

2172 1306 2494 1373 probarent,
2528 1305 2687 1375 quasi
2731 1305 2800 1359 ab
2849 1303 3111 1374 apostolis
3155 1306 3334 1374 primo
3367 1307 3599 1362 dictatas
3642 1315 3699 1361 et
3731 1324 3781 1361 ει

2171 1395 2452 1450 Clemente
2477 1397 2715 1465 scriptas
2748 1395 2831 1467 (ut
2859 1412 3102 1451 canones
3125 1395 3516 1466 afﬁrmabant),
3549 1399 3647 1453 sed
3685 1400 3772 1453 ab

2174 1487 2443 1541 lizereticis
2471 1497 2657 1557 postea
2691 1498 2980 1558 corruptas
3007 1504 3103 1544 eas
3136 1489 3486 1543 damnarunt.
3517 1489 3773 1561 Haecque

2172 1580 2355 1633 omnia
2388 1596 2514 1634 vera
2537 1596 2658 1635 esse
2681 1581 2921 1636 ostendit
2954 1581 3130 1650 ipsum
3168 1580 3539 1635 damnationis
3568 1599 3772 1652 procn-

2172 1671 2365 1726 mium.
2403 1671 2616 1742 Ἐπειδὴ
2648 1671 2692 1723 δ’
2732 1674 2790 1724 ὲν
2819 1671 3028 1734 τούτοις
3052 1675 3164 1736 τοῖς
3188 1672 3408 1725 κανόσιν
3441 1673 3770 1726 ἐντέταλται

2171 1759 2418 1830 δέχεσθαι
2453 1762 2600 1831 ἡμᾶς
2633 1760 2730 1824 τὰς
2762 1761 2868 1814 τῶν
2901 1761 3079 1815 αὐτῶν
3114 1763 3284 1832 ἁγίων
3320 1763 3636 1816 ἀποστόλων
3669 1763 3772 1816 διὰ

2173 1851 2488 1922 Κλήμεντος
2519 1851 2807 1918 διατάξεις.
2847 1852 3112 1918 Quoniam
3138 1864 3313 1920 autem
3348 1856 3404 1907 in
3435 1855 3514 1907 his
3542 1857 3775 1907 canoni-

2173 1943 2268 1998 bus
2296 1955 2613 2016 praeceptum
2656 1946 2805 2000 nobis
2850 1955 2948 2010 est,
2997 1956 3054 2000 ut
3100 1948 3401 2001 earumdem
3445 1958 3772 2002 sanctorum

2173 2037 2530 2106 apostolorum
2563 2053 2655 2106 per
2689 2036 3004 2092 Clementem
3038 2038 3443 2092 constitutiones
3469 2040 3774 2107 suscipere-

2173 2145 2313 2196 mus,
2346 2138 2452 2183 etc.
2487 2126 2605 2182 Non
2638 2127 2804 2199 igitur
2831 2137 2948 2182 erat
2985 2146 3085 2183 cur
3125 2129 3196 2184 ab
3223 2131 3476 2199 exemplo
3522 2131 3772 2184 canonis

2173 2219 2390 2275 concilii
2420 2217 2690 2285 Trullani,
2741 2234 2865 2274 cum
2916 2217 3162 2274 lndiculo
3208 2236 3491 2290 perperam
3543 2220 3765 2282 collati,

2173 2311 2547 2367 defensionem
2577 2309 2823 2378 Usserii,
2849 2318 3132 2383 tantopere
3171 2327 3201 2366 a
3231 2328 3291 2367 se
3322 2313 3634 2379 laudatam,
3670 2329 3769 2367 νει-ο

2169 2405 2364 2475 jiceret
2401 2403 2656 2460 Dallazus.

2246 2495 2349 2551 Sed
2377 2497 2641 2567 quidquid
2673 2497 2766 2562 sit,
2791 2512 2893 2551 nec
2923 2497 3164 2552 auctoris
3205 2495 3630 2565 Stichometriaz,
3662 2516 3776 2555 nec

2175 2588 2490 2659 interpretis
2534 2588 2814 2644 Anastasii
2859 2589 3170 2643 testimonia
3211 2591 3598 2646 auctoritatem
3643 2592 3776 2662 epi-

2175 2682 2440 2736 stolarum
2488 2681 2548 2736 8.
2602 2681 2795 2752 lgnatii
2841 2682 2925 2737 vel
2972 2682 3242 2737 tantillum
3285 2683 3560 2739 minuunt.
3607 2683 3784 2756 Nego

2175 2772 2320 2826 enim
2357 2771 2506 2826 illius
2532 2772 2794 2842 epistolas
2823 2772 2875 2826 in
2927 2771 3031 2827 hoc
3069 2771 3316 2829 lndiculo
3345 2775 3428 2829 vel
3459 2777 3767 2842 nominari,

2174 2866 2258 2920 vel
2290 2866 2466 2932 innui,
2496 2867 2581 2920 vel
2610 2867 2808 2936 quovis
2831 2866 2991 2921 modo
3017 2865 3304 2921 contineri.
3329 2865 3522 2936 lgnatii
3557 2884 3767 2922 nomen

2176 2956 2340 3013 audio
2361 2999 2376 3022 ,
2409 2958 2670 3028 epistolas
2703 2974 2810 3012 non
2847 2959 2968 3028 lego
2997 2977 3010 3011 :
3041 2959 3197 3013 video
3229 2959 3284 3013 in
3333 2958 3541 3014 Graecis
3582 2959 3768 3030 Ἰγνα-

2175 3048 2313 3110 τίου,
2338 3049 2389 3101 in
2421 3046 2634 3101 Latinis
2661 3047 2888 3118 lgnatii,
2920 3063 3099 3118 neque
3136 3049 3376 3119 amplius
3407 3050 3713 3120 quidquam
3751 3072 3764 3105 :

2176 3139 2367 3194 volunt
2390 3137 2698 3195 Salmasius
2729 3147 2782 3194 et
2821 3139 3055 3194 Dallaaus
3081 3138 3280 3211 lgnatii
3306 3143 3494 3194 omnia
3532 3143 3768 3213 intelligi

2173 3232 2391 3287 debere.
2429 3231 2484 3286 Id
2515 3247 2646 3285 vero
2690 3231 2824 3285 mihi
2863 3247 2985 3285 esse
3019 3231 3232 3285 videtur
3261 3231 3331 3286 ab
3359 3233 3510 3286 omni
3547 3234 3772 3288 ratione

2173 3324 2591 3378 alienissimum.
2650 3322 2865 3377 Rccitat
2920 3331 3113 3377 auctor
3156 3323 3329 3377 libros
3371 3320 3508 3377 Novi
3563 3321 3768 3378 Testa-

2173 3413 2341 3468 menti
2373 3413 2700 3479 canonicos,
2730 3411 2927 3465 dubios
2971 3420 3025 3466 et
3066 3413 3412 3484 apocryphos
3443 3432 3456 3467 :
3499 3415 3769 3484 epistolas

2173 3519 2204 3556 a
2257 3502 2316 3557 S.
2365 3500 2596 3572 lgnalio,
2629 3500 2867 3556 instante
2915 3503 3204 3571 martyrio,
3251 3502 3527 3571 scriptas,
3569 3506 3653 3557 vel
3694 3505 3767 3559 ad

2175 3594 2496 3665 martyrium
2531 3593 2812 3650 festinanti
2845 3593 3195 3663 suppositas,
3229 3610 3331 3649 nec
3362 3596 3504 3650 inter
3533 3599 3766 3650 canoni-

2173 3709 2287 3757 cas,
2327 3708 2428 3746 nec
2451 3690 2671 3758 dubias,
2716 3704 2817 3745 nec
2850 3690 3198 3761 apocryphas
3227 3691 3538 3761 scripturas
3566 3708 3767 3747 nume-

2174 3785 2283 3838 rari
2335 3793 2482 3839 recte
2532 3782 2778 3853 potuisse
2825 3783 3120 3838 contendo.
3159 3782 3382 3839 Scimus
3421 3799 3454 3838 a
3501 3784 3767 3854 qualibus

2172 3878 2308 3931 viris
2338 3875 2578 3946 profecta
2605 3876 2970 3946 suntscripta,
3001 3891 3124 3945 qua:
3147 3875 3200 3928 in
3241 3890 3462 3930 sacrum
3491 3890 3763 3930 canonem

2175 3969 2596 4038 recipiebantur,
2619 3968 2849 4034 scilicet,
2878 3969 2961 4022 vel
2987 3968 3056 4022 ab
3081 3968 3368 4037 apostolis,
3397 3966 3454 4022 8.
3481 3967 3764 4033 Matthaeo,

2175 4057 2233 4112 8.
2266 4057 2497 4123 Joanne,
2530 4054 2590 4110 S.
2625 4055 2817 4122 Paulo,
2853 4055 2911 4111 S.
2949 4054 3135 4120 Petro,
3166 4065 3220 4108 et
3249 4053 3485 4109 fortasse
3513 4053 3571 4108 S.
3600 4051 3765 4107 Jaco-

2173 4149 2243 4203 bo
2291 4157 2453 4222 atque
2485 4147 2544 4204 8.
2573 4146 2747 4215 Juda,
2792 4149 2878 4204 vel
2935 4148 3002 4202 ab
3046 4147 3426 4218 apostolorum
3473 4145 3766 4215 discipulis

2173 4255 2335 4315 atque
2357 4243 2650 4300 comitibus
2673 4285 2689 4311 ,
2721 4244 2910 4299 eodem
2959 4242 3156 4312 spiritu
3187 4240 3416 4305 amatis,
3475 4238 3536 4294 S.
3575 4239 3765 4295 Marco

2172 4347 2336 4406 atque
2367 4335 2426 4390 8.
2455 4335 2626 4392 Luca.
2661 4335 2733 4390 De
2757 4335 2825 4390 iis
2848 4351 2970 4406 qua:
2994 4335 3100 4390 sub
3122 4333 3349 4388 nomine
3385 4335 3764 4404 apostolorum

2175 4430 2379 4498 scripta
2412 4437 2560 4496 sunt,
2595 4429 2892 4499 aliquando
2921 4427 3268 4494 dubitabant,
3315 4435 3371 4481 et
3415 4443 3563 4481 nunc
3598 4427 3768 4482 haesi--

493 4516 650 4593 plane
695 4517 1002 4573 inauditum
1057 4531 1158 4575 est.
1207 4520 1401 4591 Dispar
1428 4523 1595 4594 igitur
1618 4524 1778 4594 plane
1821 4526 1963 4580 ratio
1989 4537 2070 4582 est

2175 4527 2378 4586 tanter,
2422 4533 2569 4574 nunc
2599 4528 2786 4588 aperte
2819 4526 2874 4572 et
2919 4517 3247 4587 simpliciter
3289 4516 3632 4587 rejiciebant.
3685 4515 3766 4572 De

493 4605 721 4659 canonis
768 4604 1052 4673 Trullani,
1098 4619 1153 4664 et
1198 4611 1450 4680 lndiculi,
1507 4614 1624 4668 sive
1654 4612 2066 4671 Stichometriw.

495 4692 585 4760 Ut,
634 4696 678 4750 si
716 4694 903 4753 Patres
942 4699 1087 4754 illitis
1135 4702 1350 4756 concilii
1400 4720 1633 4775 purgare
1676 4722 1737 4762 se
1773 4707 2069 4772 voluerint,

493 4785 633 4839 idem
662 4788 823 4842 etiam
859 4790 928 4844 ab
954 4801 1182 4846 auctore
1214 4793 1379 4864 hujus
1409 4793 1640 4852 lndiculi
1685 4799 1844 4854 nobis
1878 4816 2073 4871 exspe-

494 4878 750 4933 ctandum
783 4897 892 4936 non
919 4883 1015 4937 sit.
1050 4883 1156 4940 Sed
1189 4901 1289 4942 nec
1319 4888 1450 4942 illud
1479 4905 1668 4944 verum
1703 4901 1786 4945 est
1815 4893 1959 4960 quod
1983 4909 2073 4948 as-

494 4968 628 5022 serit
661 4967 919 5038 Dallaeus,
966 4973 1160 5032 Patres
1208 4976 1533 5046 Trullanos,
1588 4981 1712 5036 ideo
1755 4983 2072 5053 rejectionis

495 5059 961 5120 Cunstitutionum
1015 5067 1280 5123 rationem
1323 5071 1660 5139 reddidisse,
1705 5083 1768 5128 ut
1797 5074 2068 5145 judicium

496 5166 655 5204 suum
687 5164 1012 5223 purgarent,
1040 5157 1198 5215 aliter
1225 5159 1370 5214 enim
1394 5161 1619 5215 omnino
1649 5178 1707 5218 se
1740 5180 1826 5219 res
1857 5165 2069 5232 habuit,

497 5242 643 5311 quod
695 5244 946 5314 ignorare
988 5245 1223 5306 Dallzeus
1271 5265 1377 5305 non
1431 5253 1625 5322 potuit.
1677 5252 1901 5325 Recepit
1939 5256 2070 5311 illud

497 5334 790 5391 concilium
818 5337 887 5392 85
913 5354 1153 5397 canones
1183 5344 1536 5412 apostolicos,
1561 5352 1824 5416 tanquam
1849 5348 1916 5402 ab
1939 5349 2071 5418 ipsis

497 5426 760 5492 apostolis
784 5428 1018 5486 dictatos
1051 5451 1064 5488 :
1100 5433 1360 5490 videbant
1400 5435 1455 5490 i-n
1507 5437 1700 5491 ultimo
1737 5454 1928 5494 eorum
1976 5456 2068 5496 ca-

498 5531 703 5570 nonum
741 5528 864 5574 octo
887 5521 1057 5579 libros
1079 5523 1545 5582 Constitutionum
1583 5529 1896 5585 confirmari
1946 5532 2074 5600 (nu-

499 5619 781 5666 merantur
812 5615 954 5668 enim
982 5616 1122 5672 inter
1152 5618 1331 5689 βιὸλία
1365 5620 1634 5692 σεδάσμια
1667 5621 1760 5675 καὶ
1791 5623 1942 5691 ἅγια,
1974 5625 2072 5678 ad-

498 5700 703 5757 duntur
742 5706 967 5775 scriptis
1011 5711 1362 5779 apostolicis,
1411 5710 1547 5765 Novi
1601 5712 1974 5778 Testamenti,
2019 5716 2072 5766 αἱ

497 5793 749 5866 διαταγαὶ
781 5799 908 5868 ὑμῖν
942 5803 1050 5864 τοῖς
1085 5803 1402 5866 ἐπισκόποις
1424 5802 1488 5855 δι’
1526 5805 1658 5873 ἐμοῦ
1687 5803 1998 5874 Κλήμεντος
2018 5808 2072 5858 ἐν

2174 4610 2243 4665 iis
2269 4626 2392 4680 qua:
2417 4626 2446 4664 a
2469 4611 2753 4681 discipulis
2781 4619 2876 4664 aut
2906 4610 3202 4665 comitibus
3231 4609 3634 4680 apostolorum,
3666 4610 3764 4680 qui

2172 4703 2310 4757 vivis
2364 4703 2629 4772 apostolis
2673 4702 2915 4758 defuncti
2960 4711 3125 4767 sunt,
3177 4702 3324 4757 edita
3377 4702 3550 4758 fuisse
3581 4703 3768 4772 primo

2173 4792 2528 4862 putabantur,
2567 4793 2893 4847 dubitabant
2917 4808 2985 4847 an
3013 4794 3083 4848 ab
3121 4793 3317 4848 eodem
3349 4795 3548 4862 spiritu
3579 4793 3764 4863 profe-

2173 4894 2260 4938 cta
2285 4884 2337 4936 in
2369 4884 2621 4939 eumdem
2661 4899 2929 4938 canonem
2960 4899 3086 4938 cum
3128 4885 3241 4939 illis
3288 4883 3348 4939 S.
3383 4884 3544 4940 Luca:
3595 4896 3763 4954 atque

2177 4974 2234 5030 S.
2267 4975 2432 5031 Marci
2464 4976 2628 5044 recipi
2653 4975 2932 5042 deberent,
2965 4985 3025 5030 ut
3069 4977 3137 5031 de
3159 4976 3462 5043 Clemente,
3505 4977 3762 5036 Barnaba

2173 5074 2228 5120 et
2256 5064 2456 5120 Herma
2485 5065 2661 5135 primo
2685 5066 2976 5134 qua-situm
3007 5075 3110 5120 est.
3144 5064 3342 5121 Postea
3373 5067 3537 5122 etiam
3571 5068 3758 5138 aliqua

2173 5159 2495 5213 dicebantur
2518 5157 2588 5212 ab
2619 5157 2752 5228 ipsis
2780 5159 3045 5228 apostolis
3073 5159 3301 5224 dictata,
3329 5169 3385 5213 et
3408 5175 3437 5214 a
3467 5161 3758 5230 discipulis

2174 5252 2290 5308 suis
2312 5265 2380 5306 ex
2415 5251 2783 5320 apostolorum
2831 5262 3103 5320 praecepto
3151 5251 3379 5320 scripta,
3425 5261 3480 5306 et
3519 5263 3642 5322 post
3671 5270 3758 5307 eo-

2171 5359 2295 5399 rum
2331 5353 2561 5397 mortem
2590 5341 2731 5397 forte
2759 5342 3034 5411 divulgata
3064 5382 3079 5406 ,
3113 5343 3181 5397 de
3210 5343 3416 5413 quibus
3443 5359 3665 5399 rursum
3700 5347 3762 5401 in

2176 5435 2416 5490 Ecclesia
2439 5434 2747 5490 dubitatum
2772 5442 2855 5488 est
2881 5452 2896 5500 ;
2927 5444 2982 5488 et
3011 5450 3079 5488 ex
3106 5434 3215 5488 illis
3250 5434 3362 5488 τῶν
3401 5435 3754 5507 ἀντιλεγομέο

2173 5545 2280 5580 νων
2319 5536 2370 5581 et
2415 5527 2523 5579 τῶν
2557 5525 2890 5597 ἀποκρύφων
2924 5524 3152 5580 lndiculi
3197 5526 3434 5583 confecti
3480 5539 3630 5583 sunt.
3661 5527 3755 5583 llla

2175 5618 2342 5687 igitur
2370 5619 2573 5688 scripta
2599 5662 2613 5686 ,
2659 5634 2781 5687 quae
2824 5633 2948 5672 cum
2992 5619 3172 5687 primo
3215 5620 3593 5688 apparebant,
3638 5629 3755 5675 tan-

2175 5726 2337 5780 quam
2371 5711 2428 5764 S.
2461 5709 2758 5780 Scriptura:
2785 5720 2967 5779 partes
2997 5711 3430 5780 accipiebantur,
3460 5713 3530 5767 ab
3560 5713 3753 5782 aliqui-

2178 5803 2280 5864 bus
2319 5813 2505 5874 postca
2548 5815 2743 5875 negata
2769 5846 2781 5863 .
2833 5803 2974 5857 inter
3014 5802 3408 5873 ἀντιλεγόμενα
3452 5804 3749 5869 haeserunt,
